4018 6210
290 402 393 459 169

1691 382 2130 440 ANCORATUS.

3427 379 3530 456 ne

289 518 472 590 potius
521 521 694 570 totum
737 514 916 586 ipsum
957 507 1300 579 ineorruptio
1337 513 1442 564 est.
1499 504 1644 562 Deus
1711 504 1801 560 ille
1867 502 2131 558 Dominus
2178 500 2246 556 ad
2297 502 2577 558 dexteram
2627 500 2805 556 Patris
2857 497 3156 556 considens
3211 512 3380 555 carne
3427 500 3533 554 mi-

289 614 436 668 nime
481 611 761 676 derelicta,
819 609 912 665 sed
956 614 1068 663 toto
1111 607 1166 662 in
1205 619 1374 660 unum
1423 602 1678 673 idemque
1710 608 1766 656 et
1798 600 1854 655 in
1891 615 2054 656 unam
2113 598 2453 654 divinitatem
2513 599 2857 665 coadunato,
2904 597 2969 654 ad
3025 597 3306 653 dexteram
3350 591 3535 653 Patris

289 705 464 760 sedet.

529 789 696 859 Οὗτος
735 789 829 850 οῦν
871 797 900 849 6
939 794 1269 865 Μονογενὴς,
1311 795 1340 848 6
1385 756 1608 857 τέλειος,
1639 794 1667 846 6
1712 790 1865 845 ἄκτι-

2043 779 2286 837 LXXXI.
2331 781 2542 838 Unicus
2572 781 2850 853 igiturille
2880 781 2974 838 Dei
3009 779 3207 845 Filius,
3232 780 3534 852 perfectus,

290 904 434 950 στος,
469 887 498 938 6
528 885 813 956 ἄτρεπτος,
859 885 888 936 6
923 883 1298 947 ἀναλλοίωτος,
1338 884 1366 936 ὀ
1413 881 1788 953 ἀπερινόητος,
1830 880 1858 932 6

289 977 536 1047 ἀόρατος,
561 974 982 1046 ὲνανθρωπήσας
1011 975 1069 1025 ὲν
1112 975 1262 1044 ἡμῖν,
1293 975 1386 1026 καὶ
1416 970 1651 1034 ἀναστὰς
1690 987 1856 1023 πνευ-

292 1065 554 1136 ματικῶς,
580 1065 674 1118 καὶ
703 1063 1291 1135 μηκέτιάποθνήσκων,
1311 1063 1506 1134 μηκέτι
1537 1060 1851 1132 πτωχεὺων,

290 1163 322 1218 ’δ
355 1159 430 1213 δι’
462 1157 619 1228 ἡμᾶς
668 1158 1020 1226 πτωχεύσας
1077 1156 1373 1222 πλούσιος
1420 1153 1524 1222 ὢν,
1571 1155 1600 1207 6
1643 1155 1860 1225 πνεῦμα

287 1252 362 1305 ὢν
396 1252 592 1314 ὃλοςςό
615 1250 677 1303 1b
717 1249 977 1320 σαρκικὺν
1021 1249 1115 1301 καὶ
1157 1248 1216 1301 τὸ
1251 1247 1428 1302 Θεῖκὸν
1473 1247 1627 1311 ἑνῶν,
1657 1245 1862 1318 Κύριος

291 1337 392 1404 εἷς,
425 1339 694 1411 βασιλεὺς,
743 1337 996 1410 Χριστὸς,
1024 1341 1052 1392 6
1079 1339 1206 1402 Tib;
1250 1336 1341 1390 τοῦ
1373 1337 1528 1401 Θεοῦ,
1565 1339 1622 1390 ἐν
1648 1336 1860 1408 οὐρανῷ

292 1429 576 1492 καθεσθεὶς
607 1432 664 1482 ἐν
684 1428 831 1500 δεξιᾷ
859 1427 952 1481 τοῦ
984 1428 1195 1493 Πατρὸς
1219 1427 1418 1481 ἐπάνω
1440 1427 1643 1496 πάσης
1669 1427 1863 1497 ἀρχῆς

289 1521 389 1573 καὶ
436 1520 743 1585 ἐξουσίας,
799 1517 1106 1588 δυνάμεως
1151 1518 1248 1572 καὶ
1296 1517 1520 1584 παντὸς
1573 1519 1862 1586 ὀνόματος

290 1607 742 1678 ὀνομαζομένου,
785 1606 950 1676 φησὶν
986 1608 1041 1658 ὲν
1077 1605 1421 1675 Εὑαγγελίῳο
1472 1605 1863 1668 Ἀπελθόντες

284 1701 626 1764 ,βαπτίσατε
655 1697 850 1751 πάντα
894 1697 966 1750 τὰ
997 1697 1141 1763 ἔθνη
1170 1699 1252 1761 εὶς
1285 1696 1470 1766 ὄνομα
1505 1695 1734 1764 Πατρός
1762 1696 1860 1750 καὶ

291 1792 431 1846 Υῑοῦ
470 1792 569 1846 καὶ
602 1791 772 1861 ἁγίου
824 1790 1184 1857 Πνεύμιιτος.
1227 1787 1394 1841 Τοῦτο
1439 1787 1514 1852 δὲ,
1565 1787 1683 1852 καὶ,
1735 1789 1863 1842 ἁνα-

294 1883 454 1954 μέσον
483 1883 561 1949 ὃν,
592 1884 651 1935 οὑ
688 1881 977 1951 συναλοιφῇ
1010 1880 1246 1950 ἐσήμανε
1273 1880 1364 1933 τὸν
1392 1879 1522 1932 Υἰὸν
1553 1879 1631 1950 τῷ
1665 1879 1859 1949 Πατρὶ,

291 1975 427 2028 ἀλλά
464 1974 678 2044 Πατέρα
702 1969 808 2026 οἶδε
845 1971 1064 2042 Πατέρα
1087 1970 1359 2041 ἀληθινὸν,
1388 1970 1480 2023 καὶ
1511 1970 1702 2023 ἑαυτὸν
1732 1969 1864 2041 ἀλη-

290 2066 436 2119 Θινὸν
487 2065 765 2132 ἀπέδειξεν
815 2065 1173 2118 ὲνυπόστατον
1228 2062 1419 2129 Λόγον,
1461 2061 1554 2114 καὶ
1609 2061 1667 2114 1b
1711 2061 1864 2128 ἆγιον

1966 874 2282 934 incrcatus,
2327 877 2655 934 ~constans,
2719 870 3115 934 immutabilis.
3191 873 3285 942 qui
3359 888 3538 943 neque

1965 963 2149 1019 animo
2202 961 2441 1032 concipi,
2502 977 2680 1034 neque
2732 961 2905 1017 videri
2961 970 3162 1034 potest,
3229 963 3375 1018 inter
3433 979 3537 1018 nos

1966 1055 2131 1109 homo
2160 1055 2358 1120 factus,
2398 1069 2461 1108 ac
2494 1053 2813 1125 spiritaliter
2855 1069 3166 1124 resurgens,
3200 1069 3377 1126 neque
3417 1069 3536 1108 mo-

1967 1149 2116 1204 riens
2145 1147 2402 1219 amplius,
2460 1163 2636 1219 neque
2681 1146 3036 1202 mendicans:
3091 1145 3292 1200 Nostra
3337 1147 3538 1217 quippe

1968 1257 2131 1294 causa
2184 1240 2326 1295 dives
2373 1257 2491 1295 cum
2535 1249 2691 1306 esset,
2733 1240 3030 1295 mendicare
3063 1241 3224 1294 voluit
3253 1240 3268 1270 ¹
3293 1262 3304 1295 :
3333 1240 3421 1294 ille
3444 1243 3536 1310 qui

1969 1338 2120 1384 totus
2167 1331 2397 1401 spiritus
2444 1339 2546 1395 est,
2591 1331 2684 1401 qui
2720 1346 2938 1386 carnem
2978 1345 3099 1386 cum
3131 1329 3416 1387 divinitate
3447 1346 3541 1386 co-

1970 1422 2193 1491 pulavit,
2242 1423 2352 1493 87
2392 1438 2535 1478 unus
2583 1422 2868 1486 Dominus,
2933 1436 3049 1485 rex,
3105 1421 3376 1486 Christus,
3445 1421 3540 1478 Dei

1969 1511 2174 1578 Filius,
2231 1513 2285 1567 in
2343 1515 2483 1568 coelo
2540 1515 2833 1570 considens
2893 1513 2959 1568 ad
3022 1511 3200 1568 Patris
3257 1513 3538 1568 dexteram

1969 1620 2133 1673 supra
2175 1605 2527 1674 principatum
2571 1621 2796 1670 omnem,
2845 1613 3157 1674 potestatem
3185 1621 3247 1657 ac
3273 1604 3540 1668 virtutem,

1968 1704 2015 1750 et
2045 1713 2229 1750 nomen
2258 1713 2408 1750 omne
2430 1695 2567 1766 quod
2595 1696 2859 1750 nominari
2893 1707 3060 1763 potest
3088 1698 3107 1726 ²
3130 1736 3145 1759 ,
3183 1696 3257 1750 ita
3289 1693 3342 1749 in
3372 1692 3544 1748 Evan-

1970 1788 2110 1858 gelio
2141 1787 2395 1856 prtecepit
2425 1805 2438 1841 :
2470 1785 2668 1840 I'Iuntes
2723 1787 2986 1856 baptizata
3029 1803 3206 1842 omnes
3257 1795 3432 1856 gentes
3487 1786 3540 1838 in

1970 1877 2178 1930 nomine
2229 1875 2444 1941 Patris,
2492 1887 2540 1929 et
2590 1875 2745 1941 Filii,
2795 1885 2845 1930 et
2887 1875 3118 1944 Spiritus
3147 1877 3382 1930 samti'.
3417 1875 3543 1930 Haec

1969 1981 2101 2021 vero
2141 1967 2432 2036 copulandi
2483 1967 2768 2036 interjecta
2821 1968 3114 2037 particula,
3157 1977 3228 2034 et,
3261 1983 3368 2022 non
3410 1983 3544 2023 con-

1972 2056 2156 2112 [usum
2206 2072 2330 2112 cum
2379 2057 2539 2112 Patre
2575 2057 2772 2112 Filium
2805 2074 2927 2114 esse
2959 2059 3258 2130 signiﬁcat;
3301 2059 3392 2115 sed
3441 2058 3543 2112 Pa-

294 2155 458 2211 αὑτοῦ
512 2157 731 2226 Πνεῦμα
777 2156 1140 2210 ὲνὺπὸστατον
1189 2153 1446 2224 Πνεῦμα,
1499 2152 1604 2206 καὶ·
1641 2153 1864 2223 Πνεῦμα

1973 2160 2104 2205 trem
2133 2165 2318 2205 verum
2350 2165 2473 2205 esse
2518 2149 2758 2216 Patrem,
2808 2166 2872 2206 ac
2915 2151 3156 2221 scipsum
3195 2166 3386 2206 verum
3419 2166 3545 2207 esse

289 2247 568 2318 ἀληθείας,
597 2247 869 2312 ἄκτιστον,
893 2248 1178 2318 ἄτρεπτον,
1227 2246 1581 2322 ἀναλλοίωτον
1603 2263 1614 2276 ·
1643 2247 1740 2316 οὑχ
1790 2245 1864 2310 ὡς

292 2339 381 2391 ἵνα
406 2353 486 2401 τις
520 2339 794 2410 ὑπονοήσῃ
831 2338 1018 2402 δολίως
1051 2337 1347 2410 φερόμενος
1373 2337 1509 2410 πρὸς
1535 2336 1632 2408 τὴν
1661 2337 1862 2402 πίστιν,

293 2431 385 2484 καὶ
413 2429 536 2494 τοὺς
569 2431 734 2493 πόδας
766 2429 929 2484 αὑτοῦ
956 2429 1346 2500 ἀποκρύπτων,
1379 2429 1474 2483 καὶ
1499 2421 1866 2500 δολιευόμενος

292 2523 430 2594 πρδς
473 2523 570 2593 τὴν
621 2523 910 2592 ἀλήθειαν·
958 2520 1175 2582 Ἐτάζει
1218 2521 1324 2592 γὰρ
1355 2519 1603 2588 καρδίας
1640 2519 1741 2572 καὶ
1767 2534 1866 2572 νε-

289 2613 474 2681 φροὺς
530 2615 562 2666 ό
614 2612 772 2677 Θεός.
832 2610 934 2665 Καὶ
980 2610 1127 2680 λέγει
1175 2612 1203 2664 6
1252 2609 1558 2680 αἱρετικός·
1615 2607 1866 2679 Δηλονότι

292 2703 534 2756 πιστεύω
565 2705 646 2756 ὃτι
686 2705 714 2756 6
750 2703 939 2774 Πατὴρ
983 2701 1191 2773 Πατὴρ,
1235 2702 1328 2754 καὶ
1360 2702 1386 2753 6
1419 2699 1546 2764 Tib;
1583 2699 1731 2764 Υἱὸς,
1772 2699 1868 2752 καὶ

291 2797 356 2850 τὸ
387 2797 539 2865 ἅγιον
580 2794 801 2865 Πνεῦμα
845 2794 998 2864 ἅγιον
1031 2793 1254 2864 Πνεῦμα
1275 2809 1290 2823 ⁸
1323 2793 1416 2847 καὶ
1444 2791 1688 2863 ὁμολογῶ
1719 2794 1868 2863 τρεῖς

293 2889 622 2951 ὑποστάσεις
670 2889 729 2941 ὲν
773 2888 873 2958 μιᾷ
908 2887 1099 2959 οὑσίᾳο
1145 2887 1244 2956 οὑχ
1284 2886 1474 2957 ἑτέραν
1505 2886 1562 2939 δὲ
1605 2886 1748 2956 λέγω
1774 2887 1866 2940 οὑ-

295 2979 417 3032 σίαν
466 2978 617 3050 παρὰ
642 2978 743 3048 τὴν
777 2977 1029 3048 Θεότητα,
1071 2977 1170 3047 οὑχ
1215 2976 1407 3049 ἑτέραν
1450 2975 1678 3048 θεότητα
1717 2975 1868 3047 παρά

291 3071 394 3140 τὴν
438 3071 660 3124 οὐσίαν·
705 3069 839 3123 ἀλλὰ
891 3069 979 3123 διά
1022 3069 1082 3122 1b
1130 3068 1302 3132 οὑτως
1361 3068 1622 3140 ἀκριϐοῦν
1679 3068 1868 3122 οὑσίαν

293 3161 591 3233 καλοῦμεν,
622 3162 710 3216 ἵνα
750 3161 825 3233 μὴ
858 3160 986 3216 ἄλλο
1025 3161 1118 3216 καὶ
1159 3160 1287 3216 ἄλλο
1327 3155 1464 3224 εἶδος
1497 3160 1739 3231 εἴπωμεν
1770 3161 1869 3228 τῆς

297 3253 552 3325 θεότητος
597 3253 694 3324 τῆς
723 3253 969 3323 Τριάδος.
1001 3251 1460 3322 Κρυπταξόμενος
1500 3252 1606 3323 γὰρ
1636 3254 1663 3304 ὁ
1697 3251 1872 3304 τοιοῦ-

295 3354 392 3401 τος,
441 3339 519 3402 ὡς
548 3335 718 3405 εἶπον,
749 3340 1100 3412 ρᾳδιούργως,
1144 3341 1237 3394 καὶ
1277 3340 1437 3394 πάλιν
1469 3341 1657 3404 δολίως
1687 3341 1866 3408 λέγει·

298 3429 546 3482 Πιστεύω
567 3432 648 3484 ὅτι
677 3433 866 3504 Πατὴρ
890 3433 1099 3505 Πατὴρ,
1127 3433 1254 3496 Υἱὸς
1281 3431 1427 3496 Υἱὸς,
1460 3432 1685 3504 Πνεῦμα
1717 3433 1870 3500 ἆγιον

1969 2243 2365 2300 demonstravit
2393 2242 2706 2299 subsistens
2738 2242 2997 2308 Verbum,
3033 2260 3098 2300 ac
3128 2243 3388 2314 Spiritum
3413 2259 3542 2299 san-

1969 2346 2115 2392 ctum
2173 2335 2567 2392 subsistentem
2590 2335 2875 2405 Spiritum,
2907 2343 2960 2391 et
2990 2337 3230 2392 veritatis
3253 2336 3540 2407 Spiritum.

1971 2429 2302 2492 increatum,
2359 2427 2755 2482 immutabilem
2804 2441 2869 2482 ac
2915 2435 3258 2484 constantem
3296 2443 3450 2484 :non
3476 2430 3547 2485 ad

1970 2533 2095 2573 eum
2137 2517 2382 2582 modum,
2411 2533 2522 2588 quo
2551 2516 2885 2588 persuadere
2917 2517 3018 2572 sibi
3041 2516 3314 2588 quispiam
3341 2523 3540 2587 potest.

1971 2611 2064 2681 qui
2118 2610 2303 2666 fucum
2353 2609 2476 2665 ﬁdei
2521 2609 2701 2664 facere
2751 2611 2907 2676 velit,
2947 2624 3011 2665 ac
3039 2610 3267 2680 pedibus
3298 2608 3414 2666 suis
3439 2607 3547 2664 dis-

1972 2703 2296 2760 simulanter
2325 2703 2556 2774 ingredi,
2584 2710 2638 2757 et
2673 2702 2954 2758 veritatem
2990 2701 3186 2757 callide
3233 2716 3297 2756 ac
3323 2700 3547 2756 fraudu’

1971 2797 2146 2852 lenter
2179 2795 2475 2867 obtegere:
2501 2794 2642 2850 Deus
2687 2795 2887 2864 quippe
2933 2811 3081 2849 renes
3107 2802 3155 2849 et
3187 2794 3351 2849 corda
3396 2810 3546 2850 scru-

1979 2895 2127 2941 tatur
2145 2887 2185 2942 δ.
2215 2886 2315 2942 Hic
2348 2887 2480 2943 mihi
2515 2887 2804 2943 haereticus
2835 2887 3026 2957 objicit
3052 2905 3064 2942 :
3092 2885 3356 2958 Equidem
3383 2887 3546 2943 credo

1979 2974 2198 3031 Patrem
2254 2991 2380 3032 esse
2427 2975 2668 3042 Patrem,
2716 2985 2768 3030 et
2815 2975 3011 3030 Filium
3061 2992 3183 3032 esse
3235 2974 3452 3041 Filium,
3493 2986 3546 3030 ct

1973 3064 2235 3136 Spiritum
2279 3075 2530 3121 sanctum
2572 3081 2692 3122 esse
2730 3063 2992 3136 Spiritum
3031 3073 3304 3132 sanetum,
3342 3081 3405 3121 ac
3433 3073 3545 3120 tres

1973 3158 2299 3230 hypostases
2357 3159 2412 3214 in
2470 3174 2576 3214 una
2627 3159 2936 3214 substantia
2990 3157 3268 3228 proﬁteor.
3328 3163 3397 3212 At
3444 3173 3546 3228 ego

1973 3247 2133 3302 aliam
2187 3263 2307 3304 esse
2350 3259 2543 3320 praeter
2569 3249 2904 3304 divinitatem
2960 3264 3100 3320 nego
3156 3247 3542 3308 substantiam,

1973 3347 2066 3393 aut
2111 3349 2306 3410 praeter
2351 3341 2714 3398 substantiam
2751 3341 3089 3396 divinitatem
3137 3341 3320 3405 aliam,
3355 3340 3448 3395 sed
3483 3350 3542 3394 ut

1977 3432 2290 3489 accuratius
2352 3433 2662 3504 loquamur,
2705 3447 2768 3487 ac
2797 3448 2866 3487 ne
2897 3433 3001 3486 alia
3030 3440 3083 3487 et
3111 3431 3216 3485 alia
3247 3429 3546 3486 divinitatis

297 3520 523 3591 Πνεῦμα
562 3521 750 3590 ἅγιονο
803 3525 1056 3582 ὑπόνοιαν
1083 3525 1140 3577 δὲ
1172 3524 1283 3596 ἔχει
1324 3524 1580 3594 τοιαύτην
1627 3541 1867 3595 κεκρυμ-

1977 3522 2030 3574 in
2073 3520 2342 3579 Trinitate
2395 3525 2568 3578 forma
2617 3525 2854 3592 dicatur,
2897 3525 3259 3580 substantiam
3308 3527 3546 3596 appella—

300 3612 492 3684 μένην,
536 3615 611 3676 ὡς
661 3615 756 3684 ἀφ’
787 3616 942 3686 ήμῶν
986 3616 1047 3669 1b
1070 3617 1222 3670 Θεῖον
1271 3617 1578 3680 ἀπεικάσας
1625 3615 1771 3685 λέγει
1814 3618 1871 3669 ἐν

296 3705 500 3776 ἀαυτῷ,
547 3709 628 3762 ὅτι
675 3709 762 3772 Ὠς
805 3708 914 3780 ἔχω
965 3709 1124 3780 σῶμα
1169 3708 1261 3763 καὶ
1289 3709 1464 3780 ψυχὴν
1517 3711 1608 3762 καὶ
1655 3709 1872 3780 πνεῦμα

294 3793 655 3864 ἀνθρώπειον,
685 3795 828 3850 οὕτω
871 3799 964 3852 καὶ
995 3801 1026 3870 ἡ
1057 3798 1278 3869 Θεότης.
1313 3799 1503 3869 Πατὴρ
1535 3800 1654 3869 μὲν,
1690 3800 1765 3864 ὡς
1795 3802 1872 3852 εἰ·

300 3889 441 3949 πεῖν,
475 3887 535 3940 τὸ
579 3883 748 3952 εἶδος·
789 3889 917 3954 Υἱὸς
959 3890 1014 3944 δὲ
1053 3890 1128 3954 ὡς
1167 3891 1224 3943 ὲν
1261 3890 1340 3961 τῷ
1377 3891 1648 3963 ἀνθρώπῳ
1688 3891 1870 3963 ψυχή·

297 3979 526 4050 Πνεῦμα
572 3980 630 4033 δὲ
677 3979 864 4053 ὥσπερ
906 3983 967 4036 1b
1015 3984 1248 4054 ὲμπνέον
1289 3984 1378 4040 διά
1417 3983 1508 4038 τοῦ
1557 3983 1867 4056 ἀνθρώπου.

297 4069 458 4134 Τινὲς
502 4070 612 4142 γὰρ
667 4071 1030 4137 δολιεὺονται,
1083 4073 1178 4128 καὶ
1229 4073 1404 4138 οὕτως
1453 4073 1730 4145 νομίζουσι
1774 4074 1872 4146 τὴν

295 4161 563 4234 Θεότητα.
607 4163 794 4234 Ἡμεῖς
845 4165 900 4218 δὲ
929 4166 1025 4235 οὑχ
1071 4164 1241 4229 οὕτως
1275 4166 1568 4237 ἐμάθομεν,
1601 4165 1715 4220 ἀλλ’
1761 4165 1870 4219 ἰδοὺ

297 4255 326 4306 6
374 4254 565 4324 Πατὴρ
612 4255 670 4306 ὲν
717 4255 930 4326 οὐρανῷ
975 4256 1062 4309 διά
1111 4257 1294 4325 φωνῆς
1341 4259 1640 4330 μαρτυρεῖ’
1691 4256 1800 4310 ἰδοὺ
1846 4257 1874 4309 6

299 4344 430 4407 Tib;
474 4346 532 4414 ἐν
572 4343 805 4417 Ἰορδάνῃ
826 4363 839 4377 ·
876 4347 984 4400 ἰδοὺ
1019 4348 1079 4400 1b
1108 4346 1331 4417 Πνεῦμα
1375 4349 1436 4402 τὸ
1474 4348 1628 4416 ἅγιον
1660 4348 1719 4400 ὲν
1744 4347 1873 4401 εἴδει

299 4437 633 4508 περιστερᾶς
676 4438 1074 4510 κατερχόμενον
1118 4439 1533 4511 ἐσχηματίζετο,
1571 4439 1707 4493 ἀλλὰ
1751 4439 1872 4493 καθ’

293 4527 464 4582 ἑαυτὸ
510 4530 923 4600 ὲσχηματίζετο,
971 4531 1091 4584 καθ’
1131 4533 1291 4586 ἑαυτὸ
1323 4532 1616 4596 ὑπόστασις
1644 4531 1724 4595 ὃν,
1773 4532 1875 4585 οὑκ

299 4619 521 4682 ἀλλοίας
554 4620 706 4690 παρὰ
750 4622 850 4692 τὴν
897 4622 990 4675 τοῦ
1035 4623 1246 4693 Πατρὸς
1291 4625 1384 4679 καὶ
1413 4622 1563 4687 Υἱοῦ,
1610 4623 1748 4676 ἀλλά
1773 4623 1873 4692 τῆς

298 4709 471 4780 αὐτῆς
501 4711 706 4774 οὐσίας.
737 4711 902 4765 Πάλιν
925 4713 1124 4785 ἑτέρως
1142 4730 1155 4742 ·
1199 4713 1324 4766 Ἰδοὺ
1347 4716 1534 4784 Πατὴρ
1561 4713 1792 4784 κάθηται
1818 4714 1874 4765 ἐν

298 4802 514 4873 οὐρανῷ
541 4820 553 4833 ο
601 4802 662 4856 τὸ
699 4804 756 4856 δὲ
797 4804 1042 4872 κάθηται
1084 4805 1158 4875 μὴ
1191 4805 1349 4859 πάλιν
1394 4805 1743 4876 ὑπολάμϐανε
1777 4805 1873 4856 ἁν-

298 4895 608 4964 θρωπενως,
637 4894 748 4947 ἀλλ’
783 4895 1188 4966 ἀνεκδιηγήτως
1215 4898 1308 4950 καὶ
1336 4898 1728 4968 ἀκαταλήπτως
1758 4898 1869 4967 ἔχε.

297 4983 406 5039 Καὶ
448 4988 550 5039 οὑκ
594 4982 769 5048 εἶπεν,
834 4987 1083 5055 Ἀνῆλοεν
1128 4991 1156 5041 6
1191 4989 1315 5052 Tib;
1361 4992 1442 5052 εἰς
1492 4990 1584 5042 τὸν
1631 4991 1870 5059 Πατέρα,

299 5079 439 5139 ἀλλ’,
488 5077 804 5132 Ἐκάθισεν
841 5079 910 5132 ἐν
940 5077 1106 5145 δεξιᾷ
1140 5079 1244 5132 τοῦ
1286 5082 1533 5148 Πατρός.
1572 5081 1681 5134 Kal.
1713 5082 1873 5135 πάλιν

299 5168 430 5239 περὶ
467 5167 562 5220 τοῦ
613 5167 930 5238 Πνεὺματος
962 5168 1052 5222 τοῦ
1091 5170 1248 5237 ἁγίου
1301 5169 1471 5238 λέγων
1503 5171 1530 5222 ὁ
1571 5169 1876 5241 Μονογενὴς

299 5260 614 5313 ἐδίδασκεν·
683 5259 1060 5328 Ἁπέρχομαι,
1102 5261 1374 5326 κάκεῖνος
1414 5263 1761 5326 ἐλεύσεται,
1811 5262 1874 5316 τὸ

299 5353 544 5421 Πνεῦμα
575 5352 642 5405 τὸ
677 5351 873 5422 ἅγιον,
905 5351 971 5405 τὸ
1007 5353 1244 5422 Πνεῦμα
1270 5354 1380 5423 τῆς
1415 5355 1719 5422 ἀληθείας.
1769 5359 1877 5410 Ἂν

299 5445 381 5513 μὴ
427 5445 543 5514 ἐγὼ
589 5445 859 5510 ἀπέλθω,
917 5445 1194 5510 κάκεῖνος
1244 5449 1353 5499 οὐκ
1397 5449 1648 5516 ἔρχεται,
1707 5449 1768 5501 Εἰ
1817 5449 1876 5502 δὲ

297 5530 370 5605 ἦν
400 5537 462 5591 τὸ
504 5537 731 5606 Πνεῦμα
762 5536 1054 5607 συναλοιφὴ
1089 5536 1235 5606 αὑτῷ
1266 5536 1341 5607 τῷ
1373 5537 1506 5607 Υἱῷ,
1540 5538 1638 5591 οὑκ
1666 5538 1730 5591 ἂν
1761 5539 1875 5590 ἕλε-

299 5644 432 5698 γεν,
506 5628 887 5697 Ἀπέρχομαι,
943 5627 1220 5690 κάκεῖνος
1281 5626 1547 5697 ὲξρχεται·
1607 5629 1723 5682 ἀλλ’
1789 5630 1874 5684 ἵνα

373 5787 391 5822 ⁸
428 5786 473 5844 ll
503 5790 627 5847 Cor.
662 5803 779 5852 vm,
813 5787 866 5842 9.
941 5790 960 5820 ¹
987 5788 1182 5859 Ephcs.
1217 5806 1252 5852 ι,
1283 5789 1371 5842 2|.

627 5884 894 5946 ΡΑι-ιιυε.
930 5885 1048 5947 Gn.
1109 5887 1325 5947 XLlll.

1976 3630 2120 3670 mus.
2151 3615 2285 3669 Nam
2326 3617 2417 3687 qui
2457 3617 2570 3673 hate
2597 3618 2749 3683 dicit,
2805 3619 2999 3673 callide
3045 3619 3440 3688 tergiversatur
3479 3634 3544 3672 ac

1973 3709 2304 3776 dissimulat,
2343 3719 2396 3766 et
2428 3711 2553 3768 dolo
2602 3712 2744 3767 maio
2795 3713 2874 3768 sic
2919 3712 3161 3782 loquitur
3189 3730 3202 3766 :
3229 3711 3406 3769 Credo
3440 3711 3547 3766 Pa-

1976 3803 2112 3850 trem
2145 3812 2267 3852 esse
2293 3797 2531 3862 Patrem,
2566 3808 2620 3854 et
2651 3800 2849 3856 Filium
2881 3816 3004 3857 esse
3032 3799 3251 3867 Filium,
3285 3811 3338 3858 et
3374 3799 3547 3873 Spiri-

1976 3897 2090 3943 tum
2117 3896 2365 3944 sanctum
2397 3906 2520 3948 esse
2551 3890 2812 3962 Spiritum
2843 3900 3094 3947 sanctum
3127 3911 3142 3946 :
3174 3907 3298 3948 cum
3329 3892 3544 3947 interim

1975 3981 2248 4036 occultam
2291 3983 2582 4052 quamdam
2617 3984 2999 4054 cogitationem
3034 3985 3088 4038 in
3118 3984 3300 4039 animo
3342 3983 3542 4046 foveat,

1976 4079 2140 4142 atque
2187 4072 2253 4127 ad
2295 4049 2602 4144 exemplum
2637 4049 2844 4129 natura;
2882 4083 3084 4130 nostrae
3111 4075 3217 4131 tale
3247 4075 3350 4130 sibi
3381 4049 3566 4146 quid)

1975 4161 2099 4216 dam
2130 4162 2197 4216 de
2231 4163 2521 4218 Divinitate
2570 4164 2734 4234 ﬁngat
2762 4183 2776 4220 :
2805 4162 2894 4218 Uti
2927 4179 3027 4234 ego
3075 4178 3320 4233 corpore,
3365 4165 3545 4218 anima

1975 4262 2030 4310 et
2063 4255 2305 4310 humano
2333 4272 2454 4311 sum
2491 4257 2682 4326 spiritu
2710 4255 2992 4327 praeditus,
3019 4256 3092 4310 ita
3120 4256 3380 4312 Divinitas
3405 4257 3543 4327 ipsa.

1975 4345 2156 4413 Quare
2181 4346 2342 4402 Pater
2382 4349 2528 4403 velut
2567 4347 2744 4402 forma
2787 4348 3031 4418 quaedam
3063 4356 3166 4413 est,
3203 4357 3262 4404 ut
3288 4349 3363 4404 ita
3397 4350 3547 4406 dixe-

1975 4440 2099 4507 rim,
2131 4455 2195 4494 ac
2222 4441 2472 4510 species;
2504 4441 2676 4498 Filius
2715 4442 2938 4513 perinde
2978 4450 3063 4498 est
3105 4450 3268 4514 atque
3311 4443 3546 4498 hominis

1977 4532 2154 4586 anima
2183 4549 2197 4597 ;
2251 4530 2490 4602 Spiritus
2534 4533 2706 4590 instar
2740 4534 2860 4603 ejus
2901 4543 2985 4589 est
3017 4535 3110 4604 qui
3143 4550 3240 4606 per
3270 4535 3542 4591 hominem

1977 4626 2169 4696 Spirat.
2217 4625 2327 4681 Nec
2372 4627 2514 4682 enim
2564 4627 2906 4682 cavillatores
2939 4628 3158 4697 quidam
3199 4627 3415 4694 desunt,
3451 4629 3544 4700 qui

1978 4717 2044 4771 de
2070 4715 2358 4772 Divinitate
2387 4716 2752 4787 sicjudicent.
2792 4717 2903 4774 Nos
2950 4727 3128 4774 autem
3173 4720 3332 4791 longe
3386 4720 3544 4776 aliter

1977 4807 2292 4863 didicimus.
2320 4809 2457 4865 Ecce
2494 4809 2589 4864 tibi
2619 4809 2781 4865 Pater
2807 4827 2836 4865 e
2865 4811 3006 4866 caelo
3034 4812 3179 4865 clara
3209 4826 3343 4867 voce
3377 4820 3544 4868 testa-

1979 4904 2097 4962 tur;
2139 4913 2207 4952 en
2251 4897 2424 4954 Filius
2455 4897 2520 4952 ad
2548 4897 2839 4954 Jordanem
2868 4917 2882 4967 ;
2915 4916 2980 4956 en
3021 4900 3256 4970 Spiritus
3282 4901 3546 4958 columba:

1979 4989 2161 5057 specie
2217 5005 2490 5059 apparens
2533 4991 2675 5045 hanc
2711 5007 2808 5060 per
2841 5007 2962 5048 sese
3017 4992 3242 5063 ﬁguram
3294 4992 3472 5048 induit
3500 4996 3543 5058 ³⁵,

1977 5093 2211 5146 persona
2247 5094 2341 5148 per
2364 5094 2482 5134 sese
2520 5095 2617 5134 sua
2648 5087 2931 5147 constans,
2979 5097 3091 5137 non
3123 5099 3152 5136 a
3179 5080 3344 5138 Patre
3377 5081 3546 5138 Filio-

1979 5186 2085 5239 que
2141 5171 2388 5235 diversaz,
2438 5175 2532 5228 sed
2583 5173 2822 5244 ejusdem
2865 5191 2988 5230 cum
3038 5176 3145 5232 illis
3201 5178 3540 5234 substantiae.

1982 5259 2168 5314 Potest
2210 5270 2263 5315 et
2300 5261 2430 5315 illud
2464 5263 2570 5317 alio
2601 5266 2759 5330 modo
2790 5264 3062 5320 declarari
3091 5285 3105 5321 :
3135 5266 3294 5322 Pater
3327 5269 3380 5324 in
3407 5273 3546 5326 C(Biu

1981 5354 2229 5410 considet
2257 5375 2269 5410 :
2304 5357 2588 5413 considere
2617 5373 2746 5413 vero
2768 5373 2890 5412 cum
2921 5359 3140 5425 dicitur,
3167 5378 3278 5417 non
3305 5363 3543 5417 humano

1988 5461 2158 5509 more,
2200 5447 2295 5502 Sed
2329 5449 2703 5518 alia,quadam
2731 5453 2964 5518 ratione,
2994 5469 3115 5523 quae
3140 5468 3239 5507 nec
3261 5454 3541 5522 explicari,

1982 5554 2161 5607 neque
2203 5541 2588 5609 comprehendi
2629 5553 2830 5613 potest,
2869 5545 3126 5614 intelligo.
3157 5543 3340 5612 Neque
3365 5543 3536 5596 dixit:

1981 5631 2094 5700 88
2120 5630 2376 5688 Ascendit
2403 5631 2470 5686 ad
2501 5632 2716 5690 Patrem
2753 5634 2941 5702 Filius,
2984 5635 3100 5699 sed,
3136 5632 3288 5689 Sedet
3325 5633 3393 5687 ad
3419 5631 3540 5685 rica?-

1454 5790 1472 5820 ³
1506 5789 1690 5844 Matth.
1725 5808 1880 5856 χχιιι,
1917 5792 2000 5847 i9.
2083 5791 2100 5824 "
2133 5791 2275 5849 Psal.
2313 5811 2404 5860 vn,
2446 5797 2523 5851 l0.
2604 5799 2623 5830 ⁵
2661 5797 2848 5853 Matth.
2885 5811 2966 5860 ιιι,
2997 5797 3086 5860 26,
3119 5793 3204 5847 ‘27.

3274 5889 3313 5945 6
