  <div class='ocr_page' id='page_1' title='image "/cluster/home/n/w/nwhite01/storage/ocr_20150623/43/mdp.39015013284818/116.png"; bbox 0 0 4018 6210; ppageno 0'>
   <div class='ocr_carea' id='block_1_1' title="bbox 332 431 435 488">
    <p class='ocr_par' dir='ltr' id='par_1_1' title="bbox 332 431 435 488">
     <span class='ocr_line' id='line_1_1' title="bbox 332 431 435 488; baseline 0.019 -3"><span class='ocrx_word' id='word_1_1' title='bbox 332 431 435 488; x_wconf 76' lang='grc'><strong>175</strong></span> 
     </span>
    </p>
   </div>
   <div class='ocr_carea' id='block_1_2' title="bbox 1743 424 2188 484">
    <p class='ocr_par' dir='ltr' id='par_1_2' title="bbox 1743 424 2188 484">
     <span class='ocr_line' id='line_1_2' title="bbox 1743 424 2188 484; baseline 0.007 -4"><span class='ocrx_word' id='word_1_2' title='bbox 1743 424 2068 484; x_wconf 79' lang='lat' dir='ltr'><strong>ANCORAT</strong></span> <span class='ocrx_word' id='word_1_3' title='bbox 2078 427 2118 484; x_wconf 89' lang='lat' dir='ltr'><strong>U</strong></span> <span class='ocrx_word' id='word_1_4' title='bbox 2130 425 2188 483; x_wconf 87' lang='lat' dir='ltr'><strong>S.</strong></span> 
     </span>
    </p>
   </div>
   <div class='ocr_carea' id='block_1_3' title="bbox 3503 436 3601 491">
    <p class='ocr_par' dir='ltr' id='par_1_3' title="bbox 3503 436 3601 491">
     <span class='ocr_line' id='line_1_3' title="bbox 3503 436 3601 491; baseline 0.01 -1"><span class='ocrx_word' id='word_1_5' title='bbox 3503 436 3601 491; x_wconf 75' lang='grc' dir='ltr'><strong>ΓΗ</strong></span> 
     </span>
    </p>
   </div>
   <div class='ocr_carea' id='block_1_4' title="bbox 332 547 1911 622">
    <p class='ocr_par' dir='ltr' id='par_1_4' title="bbox 332 547 1911 622">
     <span class='ocr_line' id='line_1_4' title="bbox 332 547 1911 622; baseline -0.001 -20"><span class='ocrx_word' id='word_1_6' title='bbox 332 565 486 622; x_wconf 85' lang='grc' dir='ltr'>ρεται</span> <span class='ocrx_word' id='word_1_7' title='bbox 509 590 524 616; x_wconf 91' lang='grc'><strong>,</strong></span> <span class='ocrx_word' id='word_1_8' title='bbox 564 547 661 603; x_wconf 68' lang='grc' dir='ltr'><strong>καὶ</strong></span> <span class='ocrx_word' id='word_1_9' title='bbox 698 548 916 622; x_wconf 85' lang='grc' dir='ltr'>πρῶτον</span> <span class='ocrx_word' id='word_1_10' title='bbox 959 548 1312 620; x_wconf 75' lang='grc' dir='ltr'><strong>ἀποθνήσκει,</strong></span> <span class='ocrx_word' id='word_1_11' title='bbox 1357 549 1546 603; x_wconf 78' lang='grc' dir='ltr'>ἔπειτα</span> <span class='ocrx_word' id='word_1_12' title='bbox 1580 547 1911 619; x_wconf 86' lang='grc' dir='ltr'>τελεσφορεῖ-</span> 
     </span>
    </p>
   </div>
   <div class='ocr_carea' id='block_1_5' title="bbox 2019 547 3599 622">
    <p class='ocr_par' dir='ltr' id='par_1_5' title="bbox 2026 547 3599 616">
     <span class='ocr_line' id='line_1_5' title="bbox 2026 547 3599 616; baseline 0.006 -15"><span class='ocrx_word' id='word_1_13' title='bbox 2026 547 2244 602; x_wconf 83' lang='lat' dir='ltr'><strong>succisa</strong></span> <span class='ocrx_word' id='word_1_14' title='bbox 2281 553 2408 601; x_wconf 93' lang='lat' dir='ltr'><strong>sunt</strong></span> <span class='ocrx_word' id='word_1_15' title='bbox 2461 557 2586 616; x_wconf 86' lang='lat' dir='ltr'><strong>post</strong></span> <span class='ocrx_word' id='word_1_16' title='bbox 2632 548 2968 606; x_wconf 81' lang='lat' dir='ltr'><strong>excisionem</strong></span> <span class='ocrx_word' id='word_1_17' title='bbox 3024 566 3219 609; x_wconf 85' lang='lat' dir='ltr'><strong>rursus</strong></span> <span class='ocrx_word' id='word_1_18' title='bbox 3265 551 3599 610; x_wconf 71' lang='lat' dir='ltr'><strong>excitantur.</strong></span> 
     </span>
    </p>
   </div>
   <div class='ocr_carea' id='block_1_6' title="bbox 327 643 1915 719">
    <p class='ocr_par' dir='ltr' id='par_1_6' title="bbox 327 643 1915 719">
     <span class='ocr_line' id='line_1_6' title="bbox 327 643 1915 719; baseline -0.002 -21"><span class='ocrx_word' id='word_1_19' title='bbox 327 661 452 699; x_wconf 82' lang='grc' dir='ltr'>ται·</span> <span class='ocrx_word' id='word_1_20' title='bbox 492 644 587 699; x_wconf 83' lang='grc' dir='ltr'>ἐὰν</span> <span class='ocrx_word' id='word_1_21' title='bbox 616 644 725 717; x_wconf 80' lang='grc' dir='ltr'><strong>γάρ</strong></span> <span class='ocrx_word' id='word_1_22' title='bbox 759 645 834 718; x_wconf 83' lang='grc' dir='ltr'>μὴ</span> <span class='ocrx_word' id='word_1_23' title='bbox 867 645 1138 719; x_wconf 83' lang='grc' dir='ltr'>ἀποθάνῃ,</span> <span class='ocrx_word' id='word_1_24' title='bbox 1175 646 1236 698; x_wconf 86' lang='grc' dir='ltr'><strong>ού</strong></span> <span class='ocrx_word' id='word_1_25' title='bbox 1273 645 1638 713; x_wconf 81' lang='grc' dir='ltr'><strong>ζωογονεῖται.</strong></span> <span class='ocrx_word' id='word_1_26' title='bbox 1676 643 1915 714; x_wconf 73' lang='grc' dir='ltr'>Σφραγῖ-</span> 
     </span>
    </p>
   </div>
   <div class='ocr_carea' id='block_1_7' title="bbox 330 731 1916 806">
    <p class='ocr_par' dir='ltr' id='par_1_7' title="bbox 330 731 1916 806">
     <span class='ocr_line' id='line_1_7' title="bbox 330 731 1916 806; baseline -0.001 -20"><span class='ocrx_word' id='word_1_27' title='bbox 330 731 428 798; x_wconf 89' lang='grc' dir='ltr'><strong>δας</strong></span> <span class='ocrx_word' id='word_1_28' title='bbox 458 735 518 786; x_wconf 84' lang='grc' dir='ltr'><strong>ἐν</strong></span> <span class='ocrx_word' id='word_1_29' title='bbox 551 734 682 805; x_wconf 77' lang='grc' dir='ltr'>ἡμῖν</span> <span class='ocrx_word' id='word_1_30' title='bbox 712 735 739 787; x_wconf 84' lang='grc' dir='ltr'><strong>ὀ</strong></span> <span class='ocrx_word' id='word_1_31' title='bbox 763 733 896 799; x_wconf 84' lang='grc' dir='ltr'>Θεὸς</span> <span class='ocrx_word' id='word_1_32' title='bbox 922 734 1143 806; x_wconf 82' lang='grc' dir='ltr'>ἐποίησε</span> <span class='ocrx_word' id='word_1_33' title='bbox 1172 733 1260 788; x_wconf 83' lang='grc' dir='ltr'>διὰ</span> <span class='ocrx_word' id='word_1_34' title='bbox 1285 733 1394 788; x_wconf 86' lang='grc' dir='ltr'><strong>τῶν</strong></span> <span class='ocrx_word' id='word_1_35' title='bbox 1437 733 1644 804; x_wconf 79' lang='grc' dir='ltr'>ὀνύχων</span> <span class='ocrx_word' id='word_1_36' title='bbox 1666 733 1802 787; x_wconf 88' lang='grc' dir='ltr'>δέκα</span> <span class='ocrx_word' id='word_1_37' title='bbox 1821 732 1916 787; x_wconf 76' lang='grc' dir='ltr'><strong>καὶ</strong></span> 
     </span>
    </p>
   </div>
   <div class='ocr_carea' id='block_1_8' title="bbox 329 823 1910 900">
    <p class='ocr_par' dir='ltr' id='par_1_8' title="bbox 329 823 1910 900">
     <span class='ocr_line' id='line_1_8' title="bbox 329 823 1910 900; baseline -0.001 -22"><span class='ocrx_word' id='word_1_38' title='bbox 329 823 485 889; x_wconf 86' lang='grc' dir='ltr'>δέκα,</span> <span class='ocrx_word' id='word_1_39' title='bbox 518 825 889 893; x_wconf 80' lang='grc' dir='ltr'><strong>ἀναστάσεως,</strong></span> <span class='ocrx_word' id='word_1_40' title='bbox 927 827 1054 900; x_wconf 83' lang='grc' dir='ltr'><strong>περί</strong></span> <span class='ocrx_word' id='word_1_41' title='bbox 1082 825 1192 879; x_wconf 89' lang='grc' dir='ltr'><strong>τῶν</strong></span> <span class='ocrx_word' id='word_1_42' title='bbox 1226 825 1386 898; x_wconf 82' lang='grc' dir='ltr'>ἡμῶν</span> <span class='ocrx_word' id='word_1_43' title='bbox 1425 825 1654 879; x_wconf 90' lang='grc' dir='ltr'>ἐλπίδων</span> <span class='ocrx_word' id='word_1_44' title='bbox 1697 841 1910 896; x_wconf 81' lang='grc' dir='ltr'>μαρτυ-</span> 
     </span>
    </p>
   </div>
   <div class='ocr_carea' id='block_1_9' title="bbox 331 915 1918 990">
    <p class='ocr_par' dir='ltr' id='par_1_9' title="bbox 331 915 1918 990">
     <span class='ocr_line' id='line_1_9' title="bbox 331 915 1918 990; baseline -0.001 -20"><span class='ocrx_word' id='word_1_45' title='bbox 331 915 554 989; x_wconf 86' lang='grc' dir='ltr'>ρούσας.</span> <span class='ocrx_word' id='word_1_46' title='bbox 601 917 762 973; x_wconf 84' lang='grc' dir='ltr'>Ἀλλά</span> <span class='ocrx_word' id='word_1_47' title='bbox 805 921 900 975; x_wconf 79' lang='grc' dir='ltr'><strong>καὶ</strong></span> <span class='ocrx_word' id='word_1_48' title='bbox 925 919 1001 984; x_wconf 84' lang='grc' dir='ltr'>ὼς</span> <span class='ocrx_word' id='word_1_49' title='bbox 1035 918 1123 974; x_wconf 81' lang='grc' dir='ltr'><strong>διὰ</strong></span> <span class='ocrx_word' id='word_1_50' title='bbox 1149 920 1414 990; x_wconf 89' lang='grc' dir='ltr'>στεφάνου</span> <span class='ocrx_word' id='word_1_51' title='bbox 1449 920 1550 990; x_wconf 75' lang='grc' dir='ltr'>τῆς</span> <span class='ocrx_word' id='word_1_52' title='bbox 1589 919 1774 990; x_wconf 68' lang='grc' dir='ltr'>τριχὸς</span> <span class='ocrx_word' id='word_1_53' title='bbox 1818 916 1918 988; x_wconf 78' lang='grc' dir='ltr'><strong>τὴν</strong></span> 
     </span>
    </p>
   </div>
   <div class='ocr_carea' id='block_1_10' title="bbox 329 1009 1916 1083">
    <p class='ocr_par' dir='ltr' id='par_1_10' title="bbox 329 1009 1916 1083">
     <span class='ocr_line' id='line_1_10' title="bbox 329 1009 1916 1083; baseline 0 -21"><span class='ocrx_word' id='word_1_54' title='bbox 329 1009 494 1080; x_wconf 81' lang='grc' dir='ltr'>ἡμῶν</span> <span class='ocrx_word' id='word_1_55' title='bbox 543 1010 840 1065; x_wconf 82' lang='grc' dir='ltr'>ἀνάστασιν</span> <span class='ocrx_word' id='word_1_56' title='bbox 887 1011 1152 1083; x_wconf 82' lang='grc' dir='ltr'>ἐκήρυξε·</span> <span class='ocrx_word' id='word_1_57' title='bbox 1188 1012 1250 1065; x_wconf 86' lang='grc' dir='ltr'><strong>τὸ</strong></span> <span class='ocrx_word' id='word_1_58' title='bbox 1296 1012 1405 1083; x_wconf 83' lang='grc' dir='ltr'><strong>γάρ</strong></span> <span class='ocrx_word' id='word_1_59' title='bbox 1449 1011 1641 1066; x_wconf 75' lang='grc' dir='ltr'>δοκοῦν</span> <span class='ocrx_word' id='word_1_60' title='bbox 1679 1012 1740 1064; x_wconf 88' lang='grc' dir='ltr'><strong>ἐν</strong></span> <span class='ocrx_word' id='word_1_61' title='bbox 1784 1011 1916 1082; x_wconf 81' lang='grc' dir='ltr'>ἡμῖν</span> 
     </span>
    </p>
   </div>
   <div class='ocr_carea' id='block_1_11' title="bbox 331 1097 1912 1175">
    <p class='ocr_par' dir='ltr' id='par_1_11' title="bbox 331 1097 1912 1175">
     <span class='ocr_line' id='line_1_11' title="bbox 331 1097 1912 1175; baseline 0.001 -23"><span class='ocrx_word' id='word_1_62' title='bbox 331 1097 524 1170; x_wconf 78' lang='grc' dir='ltr'>νεκρὸν</span> <span class='ocrx_word' id='word_1_63' title='bbox 548 1100 727 1172; x_wconf 90' lang='grc' dir='ltr'>σῶμα,</span> <span class='ocrx_word' id='word_1_64' title='bbox 755 1103 1032 1155; x_wconf 79' lang='grc' dir='ltr'>τουτέστιν</span> <span class='ocrx_word' id='word_1_65' title='bbox 1056 1104 1113 1156; x_wconf 84' lang='grc' dir='ltr'><strong>αἰ</strong></span> <span class='ocrx_word' id='word_1_66' title='bbox 1138 1102 1344 1175; x_wconf 77' lang='grc' dir='ltr'><strong>τρίχες,</strong></span> <span class='ocrx_word' id='word_1_67' title='bbox 1387 1103 1508 1157; x_wconf 86' lang='grc' dir='ltr'>καθ’</span> <span class='ocrx_word' id='word_1_68' title='bbox 1556 1103 1794 1174; x_wconf 79' lang='grc' dir='ltr'>ἑκάστην</span> <span class='ocrx_word' id='word_1_69' title='bbox 1823 1117 1912 1154; x_wconf 86' lang='grc' dir='ltr'>τε-</span> 
     </span>
    </p>
   </div>
   <div class='ocr_carea' id='block_1_12' title="bbox 335 1187 1909 1265">
    <p class='ocr_par' dir='ltr' id='par_1_12' title="bbox 335 1187 1909 1265">
     <span class='ocr_line' id='line_1_12' title="bbox 335 1187 1909 1265; baseline 0.001 -22"><span class='ocrx_word' id='word_1_70' title='bbox 335 1190 598 1262; x_wconf 83' lang='grc' dir='ltr'>μνόμεναι</span> <span class='ocrx_word' id='word_1_71' title='bbox 647 1187 803 1258; x_wconf 79' lang='grc' dir='ltr'>αὖθις</span> <span class='ocrx_word' id='word_1_72' title='bbox 847 1192 1158 1262; x_wconf 88' lang='grc' dir='ltr'>θάλλουσαι,</span> <span class='ocrx_word' id='word_1_73' title='bbox 1189 1193 1290 1265; x_wconf 82' lang='grc' dir='ltr'>τῆς</span> <span class='ocrx_word' id='word_1_74' title='bbox 1318 1194 1668 1257; x_wconf 78' lang='grc' dir='ltr'>ἀναστάσεως</span> <span class='ocrx_word' id='word_1_75' title='bbox 1699 1193 1798 1264; x_wconf 79' lang='grc' dir='ltr'>τὴν</span> <span class='ocrx_word' id='word_1_76' title='bbox 1822 1190 1909 1245; x_wconf 71' lang='grc' dir='ltr'>ἐλαι</span> 
     </span>
    </p>
   </div>
   <div class='ocr_carea' id='block_1_13' title="bbox 331 1282 531 1339">
    <p class='ocr_par' dir='ltr' id='par_1_13' title="bbox 331 1282 531 1339">
     <span class='ocr_line' id='line_1_13' title="bbox 331 1282 531 1339; baseline 0.025 -5"><span class='ocrx_word' id='word_1_77' title='bbox 331 1282 460 1337; x_wconf 85' lang='grc' dir='ltr'>πίδα</span> <span class='ocrx_word' id='word_1_78' title='bbox 493 1285 531 1339; x_wconf 75' lang='grc' dir='ltr'><strong>ί.</strong></span> 
     </span>
    </p>
   </div>
   <div class='ocr_carea' id='block_1_14' title="bbox 2022 636 3600 716">
    <p class='ocr_par' dir='ltr' id='par_1_14' title="bbox 2022 636 3600 716">
     <span class='ocr_line' id='line_1_14' title="bbox 2022 636 3600 716; baseline 0.006 -26"><span class='ocrx_word' id='word_1_79' title='bbox 2022 636 2260 694; x_wconf 76' lang='lat' dir='ltr'><strong>Locusta</strong></span> <span class='ocrx_word' id='word_1_80' title='bbox 2308 637 2564 702; x_wconf 89' lang='lat' dir='ltr'><strong>moritur,</strong></span> <span class='ocrx_word' id='word_1_81' title='bbox 2607 649 2896 712; x_wconf 82' lang='lat' dir='ltr'><strong>postquam</strong></span> <span class='ocrx_word' id='word_1_82' title='bbox 2929 641 3099 699; x_wconf 77' lang='lat' dir='ltr'><strong>fetum</strong></span> <span class='ocrx_word' id='word_1_83' title='bbox 3131 643 3425 716; x_wconf 86' lang='lat' dir='ltr'><strong>quemdam</strong></span> <span class='ocrx_word' id='word_1_84' title='bbox 3460 647 3600 700; x_wconf 90' lang='lat' dir='ltr'><strong>emi-</strong></span> 
     </span>
    </p>
   </div>
   <div class='ocr_carea' id='block_1_15' title="bbox 2024 729 3601 807">
    <p class='ocr_par' dir='ltr' id='par_1_15' title="bbox 2024 729 3601 807">
     <span class='ocr_line' id='line_1_15' title="bbox 2024 729 3601 807; baseline 0.002 -19"><span class='ocrx_word' id='word_1_85' title='bbox 2024 731 2124 794; x_wconf 89' lang='lat' dir='ltr'><strong>sit,</strong></span> <span class='ocrx_word' id='word_1_86' title='bbox 2160 739 2216 787; x_wconf 88' lang='lat' dir='ltr'><strong>et</strong></span> <span class='ocrx_word' id='word_1_87' title='bbox 2241 731 2296 786; x_wconf 93' lang='lat' dir='ltr'><strong>in</strong></span> <span class='ocrx_word' id='word_1_88' title='bbox 2327 737 2530 786; x_wconf 88' lang='lat' dir='ltr'><strong>terram</strong></span> <span class='ocrx_word' id='word_1_89' title='bbox 2559 729 2810 801; x_wconf 74' lang='lat' dir='ltr'><strong>deposuit</strong></span> <span class='ocrx_word' id='word_1_90' title='bbox 2835 751 2849 801; x_wconf 90' lang='lat'><strong>;</strong></span> <span class='ocrx_word' id='word_1_91' title='bbox 2900 745 2956 790; x_wconf 87' lang='lat' dir='ltr'><strong>et</strong></span> <span class='ocrx_word' id='word_1_92' title='bbox 2999 735 3280 806; x_wconf 88' lang='lat' dir='ltr'><strong>aliquanto</strong></span> <span class='ocrx_word' id='word_1_93' title='bbox 3310 744 3435 807; x_wconf 85' lang='lat' dir='ltr'><strong>post</strong></span> <span class='ocrx_word' id='word_1_94' title='bbox 3465 743 3601 791; x_wconf 85' lang='lat' dir='ltr'><strong>tem-</strong></span> 
     </span>
    </p>
   </div>
   <div class='ocr_carea' id='block_1_16' title="bbox 2023 819 3597 896">
    <p class='ocr_par' dir='ltr' id='par_1_16' title="bbox 2023 819 3597 896">
     <span class='ocr_line' id='line_1_16' title="bbox 2023 819 3597 896; baseline 0.003 -19"><span class='ocrx_word' id='word_1_95' title='bbox 2023 837 2154 893; x_wconf 88' lang='lat' dir='ltr'><strong>pore</strong></span> <span class='ocrx_word' id='word_1_96' title='bbox 2213 829 2359 877; x_wconf 90' lang='lat' dir='ltr'><strong>terra</strong></span> <span class='ocrx_word' id='word_1_97' title='bbox 2409 819 2668 875; x_wconf 87' lang='lat' dir='ltr'><strong>mandata</strong></span> <span class='ocrx_word' id='word_1_98' title='bbox 2724 823 2830 878; x_wconf 84' lang='lat' dir='ltr'><strong>sibi</strong></span> <span class='ocrx_word' id='word_1_99' title='bbox 2873 838 2936 878; x_wconf 85' lang='lat' dir='ltr'><strong>ac</strong></span> <span class='ocrx_word' id='word_1_100' title='bbox 2975 825 3294 896; x_wconf 83' lang='lat' dir='ltr'><strong>consepulta</strong></span> <span class='ocrx_word' id='word_1_101' title='bbox 3339 825 3597 882; x_wconf 89' lang='lat' dir='ltr'><strong>restituit.</strong></span> 
     </span>
    </p>
   </div>
   <div class='ocr_carea' id='block_1_17' title="bbox 2023 911 3599 984">
    <p class='ocr_par' dir='ltr' id='par_1_17' title="bbox 2023 911 3599 984">
     <span class='ocr_line' id='line_1_17' title="bbox 2023 911 3599 984; baseline 0.004 -18"><span class='ocrx_word' id='word_1_102' title='bbox 2023 911 2330 969; x_wconf 86' lang='lat' dir='ltr'><strong>Herbarum</strong></span> <span class='ocrx_word' id='word_1_103' title='bbox 2389 913 2752 984; x_wconf 87' lang='lat' dir='ltr'><strong>stirpiumque</strong></span> <span class='ocrx_word' id='word_1_104' title='bbox 2813 916 3021 972; x_wconf 83' lang='lat' dir='ltr'><strong>semina</strong></span> <span class='ocrx_word' id='word_1_105' title='bbox 3074 924 3474 978; x_wconf 81' lang='lat' dir='ltr'><strong>conseruntur,</strong></span> <span class='ocrx_word' id='word_1_106' title='bbox 3536 932 3599 972; x_wconf 79' lang='lat' dir='ltr'><strong>ac</strong></span> 
     </span>
    </p>
   </div>
   <div class='ocr_carea' id='block_1_18' title="bbox 2021 1006 3597 1078">
    <p class='ocr_par' dir='ltr' id='par_1_18' title="bbox 2021 1006 3597 1078">
     <span class='ocr_line' id='line_1_18' title="bbox 2021 1006 3597 1078; baseline 0.003 -20"><span class='ocrx_word' id='word_1_107' title='bbox 2021 1006 2259 1077; x_wconf 88' lang='lat' dir='ltr'><strong>primum</strong></span> <span class='ocrx_word' id='word_1_108' title='bbox 2309 1013 2558 1061; x_wconf 87' lang='lat' dir='ltr'><strong>emortua</strong></span> <span class='ocrx_word' id='word_1_109' title='bbox 2619 1006 2686 1061; x_wconf 89' lang='lat' dir='ltr'><strong>ad</strong></span> <span class='ocrx_word' id='word_1_110' title='bbox 2744 1006 2983 1076; x_wconf 83' lang='lat' dir='ltr'><strong>perfecta</strong></span> <span class='ocrx_word' id='word_1_111' title='bbox 3031 1008 3381 1078; x_wconf 81' lang='lat' dir='ltr'><strong>postmodum</strong></span> <span class='ocrx_word' id='word_1_112' title='bbox 3423 1008 3597 1064; x_wconf 86' lang='lat' dir='ltr'><strong>incre-</strong></span> 
     </span>
    </p>
   </div>
   <div class='ocr_carea' id='block_1_19' title="bbox 2021 1098 3670 1168">
    <p class='ocr_par' dir='ltr' id='par_1_19' title="bbox 2021 1098 3670 1168">
     <span class='ocr_line' id='line_1_19' title="bbox 2021 1098 3670 1168; baseline 0.001 -16"><span class='ocrx_word' id='word_1_113' title='bbox 2021 1104 2204 1152; x_wconf 86' lang='lat' dir='ltr'><strong>menta</strong></span> <span class='ocrx_word' id='word_1_114' title='bbox 2231 1098 2598 1168; x_wconf 90' lang='lat' dir='ltr'><strong>perveniunt;</strong></span> <span class='ocrx_word' id='word_1_115' title='bbox 2636 1098 2745 1155; x_wconf 84' lang='lat' dir='ltr'><strong>nisi</strong></span> <span class='ocrx_word' id='word_1_116' title='bbox 2780 1099 2929 1154; x_wconf 88' lang='lat' dir='ltr'><strong>enim</strong></span> <span class='ocrx_word' id='word_1_117' title='bbox 2971 1107 3187 1154; x_wconf 88' lang='lat' dir='ltr'><strong>mortua</strong></span> <span class='ocrx_word' id='word_1_118' title='bbox 3223 1100 3445 1164; x_wconf 79' lang='lat' dir='ltr'><strong>fuerint,</strong></span> <span class='ocrx_word' id='word_1_119' title='bbox 3503 1115 3600 1154; x_wconf 89' lang='lat' dir='ltr'><strong>ne-</strong></span> <span class='ocrx_word' id='word_1_120' title='bbox 3661 1104 3670 1122; x_wconf 82' lang='lat'><strong><em>‘</em></strong></span> 
     </span>
    </p>
   </div>
   <div class='ocr_carea' id='block_1_20' title="bbox 2022 1187 3602 1260">
    <p class='ocr_par' dir='ltr' id='par_1_20' title="bbox 2022 1187 3602 1260">
     <span class='ocr_line' id='line_1_20' title="bbox 2022 1187 3602 1260; baseline 0.001 -20"><span class='ocrx_word' id='word_1_121' title='bbox 2022 1201 2298 1258; x_wconf 86' lang='lat' dir='ltr'><strong>quaquam</strong></span> <span class='ocrx_word' id='word_1_122' title='bbox 2349 1188 2645 1245; x_wconf 86' lang='lat' dir='ltr'><strong>viviseunt.</strong></span> <span class='ocrx_word' id='word_1_123' title='bbox 2700 1187 2842 1254; x_wconf 83' lang='lat' dir='ltr'><strong>Quid</strong></span> <span class='ocrx_word' id='word_1_124' title='bbox 2880 1189 3028 1260; x_wconf 87' lang='lat' dir='ltr'><strong>quod</strong></span> <span class='ocrx_word' id='word_1_125' title='bbox 3071 1189 3203 1244; x_wconf 86' lang='lat' dir='ltr'><strong>etin</strong></span> <span class='ocrx_word' id='word_1_126' title='bbox 3245 1190 3436 1245; x_wconf 84' lang='lat' dir='ltr'><strong>decem</strong></span> <span class='ocrx_word' id='word_1_127' title='bbox 3485 1203 3602 1242; x_wconf 78' lang='lat' dir='ltr'><strong>nia--</strong></span> 
     </span>
    </p>
   </div>
   <div class='ocr_carea' id='block_1_21' title="bbox 2023 1279 3600 1352">
    <p class='ocr_par' dir='ltr' id='par_1_21' title="bbox 2023 1279 3600 1352">
     <span class='ocr_line' id='line_1_21' title="bbox 2023 1279 3600 1352; baseline -0.003 -16"><span class='ocrx_word' id='word_1_128' title='bbox 2023 1295 2193 1336; x_wconf 87' lang='lat' dir='ltr'><strong>nuum</strong></span> <span class='ocrx_word' id='word_1_129' title='bbox 2247 1293 2309 1334; x_wconf 90' lang='lat' dir='ltr'><strong>ac</strong></span> <span class='ocrx_word' id='word_1_130' title='bbox 2363 1280 2560 1350; x_wconf 88' lang='lat' dir='ltr'><strong>pedum</strong></span> <span class='ocrx_word' id='word_1_131' title='bbox 2604 1281 2880 1352; x_wconf 89' lang='lat' dir='ltr'><strong>unguibus</strong></span> <span class='ocrx_word' id='word_1_132' title='bbox 2937 1281 3396 1336; x_wconf 86' lang='lat' dir='ltr'><strong>resurrectionem</strong></span> <span class='ocrx_word' id='word_1_133' title='bbox 3442 1279 3600 1334; x_wconf 89' lang='lat' dir='ltr'><strong>nobis</strong></span> 
     </span>
    </p>
   </div>
   <div class='ocr_carea' id='block_1_22' title="bbox 329 1374 3600 1452">
    <p class='ocr_par' dir='ltr' id='par_1_22' title="bbox 329 1374 3600 1452">
     <span class='ocr_line' id='line_1_22' title="bbox 329 1374 3600 1452; baseline -0.001 -21"><span class='ocrx_word' id='word_1_134' title='bbox 329 1379 734 1448; x_wconf 88' lang='lat' dir='ltr'><strong>quodammodo</strong></span> <span class='ocrx_word' id='word_1_135' title='bbox 771 1378 916 1437; x_wconf 89' lang='lat' dir='ltr'><strong>Deus</strong></span> <span class='ocrx_word' id='word_1_136' title='bbox 954 1381 1234 1452; x_wconf 82' lang='lat' dir='ltr'><strong>obsignat,</strong></span> <span class='ocrx_word' id='word_1_137' title='bbox 1280 1396 1344 1437; x_wconf 91' lang='lat' dir='ltr'><strong>ac</strong></span> <span class='ocrx_word' id='word_1_138' title='bbox 1391 1380 1508 1452; x_wconf 88' lang='lat' dir='ltr'><strong>spei</strong></span> <span class='ocrx_word' id='word_1_139' title='bbox 1569 1387 1773 1436; x_wconf 71' lang='lat' dir='ltr'><strong>nostra:</strong></span> <span class='ocrx_word' id='word_1_140' title='bbox 1831 1375 2069 1434; x_wconf 82' lang='lat' dir='ltr'><strong>evidenti</strong></span> <span class='ocrx_word' id='word_1_141' title='bbox 2124 1376 2442 1431; x_wconf 81' lang='lat' dir='ltr'><strong>testimonio</strong></span> <span class='ocrx_word' id='word_1_142' title='bbox 2491 1375 2842 1447; x_wconf 73' lang='lat' dir='ltr'><strong>suﬂ‘ragatur.</strong></span> <span class='ocrx_word' id='word_1_143' title='bbox 2911 1375 3054 1442; x_wconf 87' lang='lat' dir='ltr'><strong>Quin</strong></span> <span class='ocrx_word' id='word_1_144' title='bbox 3105 1383 3159 1430; x_wconf 90' lang='lat' dir='ltr'><strong>et</strong></span> <span class='ocrx_word' id='word_1_145' title='bbox 3206 1375 3348 1449; x_wconf 54' lang='lat' dir='ltr'><strong>ipsa.</strong></span> <span class='ocrx_word' id='word_1_146' title='bbox 3370 1374 3600 1444; x_wconf 89' lang='lat' dir='ltr'><strong>capillo-</strong></span> 
     </span>
    </p>
   </div>
   <div class='ocr_carea' id='block_1_23' title="bbox 328 1466 3600 1544">
    <p class='ocr_par' dir='ltr' id='par_1_23' title="bbox 328 1466 3600 1544">
     <span class='ocr_line' id='line_1_23' title="bbox 328 1466 3600 1544; baseline -0.002 -18"><span class='ocrx_word' id='word_1_147' title='bbox 328 1487 452 1526; x_wconf 91' lang='lat' dir='ltr'><strong>rum</strong></span> <span class='ocrx_word' id='word_1_148' title='bbox 507 1488 709 1528; x_wconf 82' lang='lat' dir='ltr'><strong>corona</strong></span> <span class='ocrx_word' id='word_1_149' title='bbox 761 1473 1006 1529; x_wconf 85' lang='lat' dir='ltr'><strong>eamdem</strong></span> <span class='ocrx_word' id='word_1_150' title='bbox 1071 1475 1530 1530; x_wconf 89' lang='lat' dir='ltr'><strong>resurrectionem</strong></span> <span class='ocrx_word' id='word_1_151' title='bbox 1597 1473 1899 1544; x_wconf 82' lang='lat' dir='ltr'><strong>praedicat:</strong></span> <span class='ocrx_word' id='word_1_152' title='bbox 1940 1469 2142 1524; x_wconf 86' lang='lat' dir='ltr'><strong>etenim</strong></span> <span class='ocrx_word' id='word_1_153' title='bbox 2205 1482 2327 1538; x_wconf 74' lang='lat' dir='ltr'><strong>quae</strong></span> <span class='ocrx_word' id='word_1_154' title='bbox 2403 1467 2652 1538; x_wconf 88' lang='lat' dir='ltr'><strong>corporis</strong></span> <span class='ocrx_word' id='word_1_155' title='bbox 2699 1483 2829 1538; x_wconf 91' lang='lat' dir='ltr'><strong>pars</strong></span> <span class='ocrx_word' id='word_1_156' title='bbox 2871 1468 2926 1522; x_wconf 91' lang='lat' dir='ltr'><strong>in</strong></span> <span class='ocrx_word' id='word_1_157' title='bbox 2977 1467 3139 1522; x_wconf 82' lang='lat' dir='ltr'><strong>nobis</strong></span> <span class='ocrx_word' id='word_1_158' title='bbox 3185 1475 3399 1522; x_wconf 88' lang='lat' dir='ltr'><strong>mortua</strong></span> <span class='ocrx_word' id='word_1_159' title='bbox 3447 1466 3600 1520; x_wconf 85' lang='lat' dir='ltr'><strong>vide-</strong></span> 
     </span>
    </p>
   </div>
   <div class='ocr_carea' id='block_1_24' title="bbox 327 1558 3591 1636">
    <p class='ocr_par' dir='ltr' id='par_1_24' title="bbox 327 1558 3591 1636">
     <span class='ocr_line' id='line_1_24' title="bbox 327 1558 3591 1636; baseline -0.002 -18"><span class='ocrx_word' id='word_1_160' title='bbox 327 1573 438 1627; x_wconf 87' lang='lat' dir='ltr'><strong>tur,</strong></span> <span class='ocrx_word' id='word_1_161' title='bbox 480 1564 583 1618; x_wconf 91' lang='lat' dir='ltr'><strong>hoc</strong></span> <span class='ocrx_word' id='word_1_162' title='bbox 625 1574 728 1629; x_wconf 90' lang='lat' dir='ltr'><strong>est,</strong></span> <span class='ocrx_word' id='word_1_163' title='bbox 775 1565 868 1636; x_wconf 87' lang='lat' dir='ltr'><strong>pili</strong></span> <span class='ocrx_word' id='word_1_164' title='bbox 911 1566 1156 1636; x_wconf 91' lang='lat' dir='ltr'><strong>quotidie</strong></span> <span class='ocrx_word' id='word_1_165' title='bbox 1199 1566 1414 1622; x_wconf 89' lang='lat' dir='ltr'><strong>detonsi</strong></span> <span class='ocrx_word' id='word_1_166' title='bbox 1473 1574 1638 1636; x_wconf 91' lang='lat' dir='ltr'><strong>atque</strong></span> <span class='ocrx_word' id='word_1_167' title='bbox 1706 1565 1902 1620; x_wconf 89' lang='lat' dir='ltr'><strong>iterum</strong></span> <span class='ocrx_word' id='word_1_168' title='bbox 1969 1561 2329 1632; x_wconf 87' lang='lat' dir='ltr'><strong>pullulantes,</strong></span> <span class='ocrx_word' id='word_1_169' title='bbox 2396 1573 2548 1630; x_wconf 85' lang='lat' dir='ltr'><strong>Spem</strong></span> <span class='ocrx_word' id='word_1_170' title='bbox 2585 1560 2743 1616; x_wconf 89' lang='lat' dir='ltr'><strong>nobis</strong></span> <span class='ocrx_word' id='word_1_171' title='bbox 2788 1560 3214 1615; x_wconf 87' lang='lat' dir='ltr'><strong>resurrectionis</strong></span> <span class='ocrx_word' id='word_1_172' title='bbox 3261 1558 3591 1614; x_wconf 85' lang='lat' dir='ltr'><strong>ostendunt.</strong></span> 
     </span>
    </p>
   </div>
   <div class='ocr_carea' id='block_1_25' title="bbox 401 1653 1910 1738">
    <p class='ocr_par' dir='ltr' id='par_1_25' title="bbox 401 1653 1910 1738">
     <span class='ocr_line' id='line_1_25' title="bbox 401 1653 1910 1738; baseline 0.001 -27"><span class='ocrx_word' id='word_1_173' title='bbox 401 1657 526 1711; x_wconf 87' lang='grc' dir='ltr'><strong>ΠΔ’.</strong></span> <span class='ocrx_word' id='word_1_174' title='bbox 567 1658 679 1711; x_wconf 61' lang='grc' dir='ltr'><strong>Καὶ¹</strong></span> <span class='ocrx_word' id='word_1_175' title='bbox 722 1653 977 1731; x_wconf 83' lang='grc' dir='ltr'>ἀμύθητα</span> <span class='ocrx_word' id='word_1_176' title='bbox 1020 1659 1166 1715; x_wconf 77' lang='grc' dir='ltr'>ἐστιν</span> <span class='ocrx_word' id='word_1_177' title='bbox 1205 1663 1380 1716; x_wconf 78' lang='grc' dir='ltr'>εἰπεῖν</span> <span class='ocrx_word' id='word_1_178' title='bbox 1415 1664 1494 1726; x_wconf 88' lang='grc' dir='ltr'><strong>είς</strong></span> <span class='ocrx_word' id='word_1_179' title='bbox 1533 1660 1910 1738; x_wconf 69' lang='grc' dir='ltr'>πληροφορίαν</span> 
     </span>
    </p>
   </div>
   <div class='ocr_carea' id='block_1_26' title="bbox 330 1747 1909 1821">
    <p class='ocr_par' dir='ltr' id='par_1_26' title="bbox 330 1747 1909 1821">
     <span class='ocr_line' id='line_1_26' title="bbox 330 1747 1909 1821; baseline 0.001 -20"><span class='ocrx_word' id='word_1_180' title='bbox 330 1747 440 1801; x_wconf 90' lang='grc' dir='ltr'><strong>τῶν</strong></span> <span class='ocrx_word' id='word_1_181' title='bbox 468 1747 712 1801; x_wconf 84' lang='grc' dir='ltr'>ἀπίστων</span> <span class='ocrx_word' id='word_1_182' title='bbox 733 1747 792 1813; x_wconf 80' lang='grc' dir='ltr'><strong>ἐξ</strong></span> <span class='ocrx_word' id='word_1_183' title='bbox 820 1747 1253 1821; x_wconf 82' lang='grc' dir='ltr'>ὑποδειγμάτων.</span> <span class='ocrx_word' id='word_1_184' title='bbox 1291 1750 1429 1804; x_wconf 84' lang='grc' dir='ltr'>Ἀλλ’</span> <span class='ocrx_word' id='word_1_185' title='bbox 1452 1752 1550 1804; x_wconf 84' lang='grc' dir='ltr'><strong>οὐκ</strong></span> <span class='ocrx_word' id='word_1_186' title='bbox 1575 1750 1760 1804; x_wconf 79' lang='grc' dir='ltr'>ἔπεισε</span> <span class='ocrx_word' id='word_1_187' title='bbox 1787 1749 1909 1803; x_wconf 85' lang='grc' dir='ltr'>τού-</span> 
     </span>
    </p>
   </div>
   <div class='ocr_carea' id='block_1_27' title="bbox 2091 1654 3599 1728">
    <p class='ocr_par' dir='ltr' id='par_1_27' title="bbox 2091 1654 3599 1728">
     <span class='ocr_line' id='line_1_27' title="bbox 2091 1654 3599 1728; baseline -0.001 -19"><span class='ocrx_word' id='word_1_188' title='bbox 2091 1654 2374 1710; x_wconf 81' lang='lat' dir='ltr'><strong>LXXXIV.</strong></span> <span class='ocrx_word' id='word_1_189' title='bbox 2416 1654 2648 1711; x_wconf 89' lang='lat' dir='ltr'><strong>Possum</strong></span> <span class='ocrx_word' id='word_1_190' title='bbox 2691 1656 2795 1710; x_wconf 88' lang='lat' dir='ltr'><strong>alia</strong></span> <span class='ocrx_word' id='word_1_191' title='bbox 2832 1663 2886 1711; x_wconf 88' lang='lat' dir='ltr'><strong>et</strong></span> <span class='ocrx_word' id='word_1_192' title='bbox 2937 1656 3153 1728; x_wconf 86' lang='lat' dir='ltr'><strong>quidem</strong></span> <span class='ocrx_word' id='word_1_193' title='bbox 3208 1655 3420 1710; x_wconf 87' lang='lat' dir='ltr'><strong>inﬁnita</strong></span> <span class='ocrx_word' id='word_1_194' title='bbox 3472 1669 3599 1725; x_wconf 87' lang='lat' dir='ltr'><strong>per-</strong></span> 
     </span>
    </p>
   </div>
   <div class='ocr_carea' id='block_1_28' title="bbox 2018 1747 3598 1818">
    <p class='ocr_par' dir='ltr' id='par_1_28' title="bbox 2018 1747 3598 1818">
     <span class='ocr_line' id='line_1_28' title="bbox 2018 1747 3598 1818; baseline 0.001 -17"><span class='ocrx_word' id='word_1_195' title='bbox 2018 1761 2264 1806; x_wconf 81' lang='lat' dir='ltr'><strong>censere.</strong></span> <span class='ocrx_word' id='word_1_196' title='bbox 2306 1762 2542 1817; x_wconf 89' lang='lat' dir='ltr'><strong>quorum</strong></span> <span class='ocrx_word' id='word_1_197' title='bbox 2589 1747 2856 1818; x_wconf 80' lang='lat' dir='ltr'><strong>exemplis</strong></span> <span class='ocrx_word' id='word_1_198' title='bbox 2899 1747 3234 1818; x_wconf 83' lang='lat' dir='ltr'><strong>persuadere</strong></span> <span class='ocrx_word' id='word_1_199' title='bbox 3280 1747 3598 1802; x_wconf 84' lang='lat' dir='ltr'><strong>inﬁdelibus</strong></span> 
     </span>
    </p>
   </div>
   <div class='ocr_carea' id='block_1_29' title="bbox 327 1837 1911 1932">
    <p class='ocr_par' dir='ltr' id='par_1_29' title="bbox 327 1839 1910 1914">
     <span class='ocr_line' id='line_1_29' title="bbox 327 1839 1910 1914; baseline 0 -20"><span class='ocrx_word' id='word_1_200' title='bbox 327 1857 455 1904; x_wconf 90' lang='grc' dir='ltr'>τους</span> <span class='ocrx_word' id='word_1_201' title='bbox 484 1841 516 1911; x_wconf 87' lang='grc' dir='ltr'><strong>ή</strong></span> <span class='ocrx_word' id='word_1_202' title='bbox 541 1840 719 1910; x_wconf 88' lang='grc' dir='ltr'>φάττα</span> <span class='ocrx_word' id='word_1_203' title='bbox 746 1841 808 1893; x_wconf 83' lang='grc' dir='ltr'><strong>τὸ</strong></span> <span class='ocrx_word' id='word_1_204' title='bbox 833 1840 1038 1912; x_wconf 78' lang='grc' dir='ltr'>ὄρνεον,</span> <span class='ocrx_word' id='word_1_205' title='bbox 1066 1841 1186 1895; x_wconf 83' lang='grc' dir='ltr'><strong>οὐδέ</strong></span> <span class='ocrx_word' id='word_1_206' title='bbox 1209 1843 1237 1894; x_wconf 90' lang='grc' dir='ltr'><strong>ὀ</strong></span> <span class='ocrx_word' id='word_1_207' title='bbox 1281 1843 1491 1914; x_wconf 82' lang='grc' dir='ltr'>μυωξὸς</span> <span class='ocrx_word' id='word_1_208' title='bbox 1515 1842 1626 1914; x_wconf 70' lang='grc'><strong>(42)</strong></span> <span class='ocrx_word' id='word_1_209' title='bbox 1650 1841 1711 1894; x_wconf 83' lang='grc' dir='ltr'><strong>τὸ</strong></span> <span class='ocrx_word' id='word_1_210' title='bbox 1734 1839 1873 1905; x_wconf 75' lang='grc' dir='ltr'>ζῶον</span> <span class='ocrx_word' id='word_1_211' title='bbox 1894 1854 1910 1870; x_wconf 77' lang='grc'><strong><em>⁸</em></strong></span> 
     </span>
    </p>
   </div>
   <div class='ocr_carea' id='block_1_30' title="bbox 2019 1837 3600 1932">
    <p class='ocr_par' dir='ltr' id='par_1_30' title="bbox 2019 1837 3600 1910">
     <span class='ocr_line' id='line_1_30' title="bbox 2019 1837 3600 1910; baseline -0.001 -17"><span class='ocrx_word' id='word_1_212' title='bbox 2019 1839 2124 1894; x_wconf 89' lang='lat' dir='ltr'><strong>ista</strong></span> <span class='ocrx_word' id='word_1_213' title='bbox 2155 1839 2389 1909; x_wconf 87' lang='lat' dir='ltr'><strong>possint.</strong></span> <span class='ocrx_word' id='word_1_214' title='bbox 2435 1837 2637 1894; x_wconf 77' lang='lat' dir='ltr'><strong>Verum</strong></span> <span class='ocrx_word' id='word_1_215' title='bbox 2690 1854 2792 1894; x_wconf 88' lang='lat' dir='ltr'><strong>nec</strong></span> <span class='ocrx_word' id='word_1_216' title='bbox 2843 1839 2951 1894; x_wconf 92' lang='lat' dir='ltr'><strong>illis</strong></span> <span class='ocrx_word' id='word_1_217' title='bbox 2993 1838 3278 1910; x_wconf 87' lang='lat' dir='ltr'><strong>palumbes</strong></span> <span class='ocrx_word' id='word_1_218' title='bbox 3308 1837 3425 1892; x_wconf 89' lang='lat' dir='ltr'><strong>avis</strong></span> <span class='ocrx_word' id='word_1_219' title='bbox 3452 1850 3600 1908; x_wconf 65' lang='grc' dir='ltr'>ιιυωο</span> 
     </span>
    </p>
   </div>
   <div class='ocr_carea' id='block_1_31' title="bbox 325 1929 1910 2004">
    <p class='ocr_par' dir='ltr' id='par_1_31' title="bbox 325 1929 1910 2004">
     <span class='ocr_line' id='line_1_31' title="bbox 325 1929 1910 2004; baseline -0.001 -19"><span class='ocrx_word' id='word_1_220' title='bbox 325 1930 662 2002; x_wconf 83' lang='grc' dir='ltr'>ἀποθνήσκει</span> <span class='ocrx_word' id='word_1_221' title='bbox 703 1929 812 2002; x_wconf 83' lang='grc' dir='ltr'><strong>γὰρ</strong></span> <span class='ocrx_word' id='word_1_222' title='bbox 842 1931 903 1984; x_wconf 76' lang='grc' dir='ltr'><strong>τὸ</strong></span> <span class='ocrx_word' id='word_1_223' title='bbox 934 1931 1175 1985; x_wconf 82' lang='grc' dir='ltr'>τοιοῦτον</span> <span class='ocrx_word' id='word_1_224' title='bbox 1210 1931 1507 2004; x_wconf 79' lang='grc' dir='ltr'>ἑξάμηνον,</span> <span class='ocrx_word' id='word_1_225' title='bbox 1536 1931 1630 1985; x_wconf 74' lang='grc' dir='ltr'>καὶ</span> <span class='ocrx_word' id='word_1_226' title='bbox 1669 1934 1704 2003; x_wconf 81' lang='grc' dir='ltr'><strong>ἡ</strong></span> <span class='ocrx_word' id='word_1_227' title='bbox 1733 1931 1910 2001; x_wconf 83' lang='grc' dir='ltr'>φάττα</span> 
     </span>
    </p>
   </div>
   <div class='ocr_carea' id='block_1_32' title="bbox 323 2019 1912 2096">
    <p class='ocr_par' dir='ltr' id='par_1_32' title="bbox 323 2019 1912 2096">
     <span class='ocr_line' id='line_1_32' title="bbox 323 2019 1912 2096; baseline -0.001 -20"><span class='ocrx_word' id='word_1_228' title='bbox 323 2023 539 2096; x_wconf 74' lang='grc' dir='ltr'>ἡμέρας</span> <span class='ocrx_word' id='word_1_229' title='bbox 568 2024 993 2095; x_wconf 87' lang='grc' dir='ltr'>τεσσαράκοντα,</span> <span class='ocrx_word' id='word_1_230' title='bbox 1023 2025 1118 2078; x_wconf 77' lang='grc' dir='ltr'><strong>καὶ</strong></span> <span class='ocrx_word' id='word_1_231' title='bbox 1164 2019 1322 2089; x_wconf 81' lang='grc' dir='ltr'>αὖθις</span> <span class='ocrx_word' id='word_1_232' title='bbox 1357 2025 1496 2096; x_wconf 82' lang='grc' dir='ltr'>μετὰ</span> <span class='ocrx_word' id='word_1_233' title='bbox 1531 2025 1656 2088; x_wconf 79' lang='grc' dir='ltr'>τοὺς</span> <span class='ocrx_word' id='word_1_234' title='bbox 1687 2023 1912 2096; x_wconf 71' lang='grc' dir='ltr'>καιροὺς</span> 
     </span>
    </p>
   </div>
   <div class='ocr_carea' id='block_1_33' title="bbox 319 2115 1912 2187">
    <p class='ocr_par' dir='ltr' id='par_1_33' title="bbox 319 2115 1912 2187">
     <span class='ocr_line' id='line_1_33' title="bbox 319 2115 1912 2187; baseline -0.003 -15"><span class='ocrx_word' id='word_1_235' title='bbox 319 2117 509 2172; x_wconf 77' lang='grc' dir='ltr'>αὐτῶν</span> <span class='ocrx_word' id='word_1_236' title='bbox 558 2115 861 2170; x_wconf 78' lang='grc' dir='ltr'>ἀναὸιοῦσι.</span> <span class='ocrx_word' id='word_1_237' title='bbox 911 2116 1189 2187; x_wconf 86' lang='grc' dir='ltr'>Κάνθαροι</span> <span class='ocrx_word' id='word_1_238' title='bbox 1220 2116 1279 2170; x_wconf 77' lang='grc' dir='ltr'>δὲ</span> <span class='ocrx_word' id='word_1_239' title='bbox 1331 2115 1617 2187; x_wconf 81' lang='grc' dir='ltr'>μέλλοντες</span> <span class='ocrx_word' id='word_1_240' title='bbox 1656 2115 1912 2187; x_wconf 82' lang='grc' dir='ltr'>τελευτᾷν</span> 
     </span>
    </p>
   </div>
   <div class='ocr_carea' id='block_1_34' title="bbox 323 2205 1914 2281">
    <p class='ocr_par' dir='ltr' id='par_1_34' title="bbox 323 2205 1914 2281">
     <span class='ocr_line' id='line_1_34' title="bbox 323 2205 1914 2281; baseline -0.002 -19"><span class='ocrx_word' id='word_1_241' title='bbox 323 2209 420 2262; x_wconf 76' lang='grc' dir='ltr'>ἐπὶ</span> <span class='ocrx_word' id='word_1_242' title='bbox 449 2211 685 2281; x_wconf 76' lang='grc' dir='ltr'>σφαῖραν</span> <span class='ocrx_word' id='word_1_243' title='bbox 719 2209 820 2280; x_wconf 81' lang='grc' dir='ltr'>τῆς</span> <span class='ocrx_word' id='word_1_244' title='bbox 851 2208 1059 2279; x_wconf 88' lang='grc' dir='ltr'>κόπρου</span> <span class='ocrx_word' id='word_1_245' title='bbox 1089 2208 1316 2271; x_wconf 68' lang='grc' dir='ltr'>ἑαυτοὺς</span> <span class='ocrx_word' id='word_1_246' title='bbox 1348 2207 1671 2278; x_wconf 82' lang='grc' dir='ltr'>κρύπτουσι,</span> <span class='ocrx_word' id='word_1_247' title='bbox 1711 2205 1914 2276; x_wconf 80' lang='grc' dir='ltr'>θάψαν-</span> 
     </span>
    </p>
   </div>
   <div class='ocr_carea' id='block_1_35' title="bbox 323 2297 1909 2371">
    <p class='ocr_par' dir='ltr' id='par_1_35' title="bbox 323 2297 1909 2371">
     <span class='ocr_line' id='line_1_35' title="bbox 323 2297 1909 2371; baseline -0.001 -19"><span class='ocrx_word' id='word_1_248' title='bbox 323 2316 416 2362; x_wconf 88' lang='grc' dir='ltr'><strong>τες</strong></span> <span class='ocrx_word' id='word_1_249' title='bbox 452 2299 553 2371; x_wconf 82' lang='grc' dir='ltr'><strong>τὴν</strong></span> <span class='ocrx_word' id='word_1_250' title='bbox 589 2297 847 2370; x_wconf 78' lang='grc' dir='ltr'>τοιαύτην</span> <span class='ocrx_word' id='word_1_251' title='bbox 877 2301 1115 2370; x_wconf 83' lang='grc' dir='ltr'>σφαῖραν</span> <span class='ocrx_word' id='word_1_252' title='bbox 1149 2299 1206 2352; x_wconf 90' lang='grc' dir='ltr'><strong>ἐν</strong></span> <span class='ocrx_word' id='word_1_253' title='bbox 1235 2300 1306 2369; x_wconf 79' lang='grc' dir='ltr'>γῇ</span> <span class='ocrx_word' id='word_1_254' title='bbox 1334 2298 1428 2352; x_wconf 75' lang='grc' dir='ltr'>καὶ</span> <span class='ocrx_word' id='word_1_255' title='bbox 1468 2297 1909 2370; x_wconf 82' lang='grc' dir='ltr'>καταχώσαντες,</span> 
     </span>
    </p>
   </div>
   <div class='ocr_carea' id='block_1_36' title="bbox 324 2387 1912 2464">
    <p class='ocr_par' dir='ltr' id='par_1_36' title="bbox 324 2387 1912 2464">
     <span class='ocr_line' id='line_1_36' title="bbox 324 2387 1912 2464; baseline 0.001 -19"><span class='ocrx_word' id='word_1_256' title='bbox 324 2392 418 2445; x_wconf 78' lang='grc' dir='ltr'>καὶ</span> <span class='ocrx_word' id='word_1_257' title='bbox 447 2390 621 2456; x_wconf 77' lang='grc' dir='ltr'>οὕτως</span> <span class='ocrx_word' id='word_1_258' title='bbox 649 2393 715 2445; x_wconf 84' lang='grc' dir='ltr'><strong>ἐκ</strong></span> <span class='ocrx_word' id='word_1_259' title='bbox 743 2391 842 2463; x_wconf 82' lang='grc' dir='ltr'>τῆς</span> <span class='ocrx_word' id='word_1_260' title='bbox 880 2392 1060 2446; x_wconf 77' lang='grc' dir='ltr'>αὐτῶν</span> <span class='ocrx_word' id='word_1_261' title='bbox 1108 2391 1332 2463; x_wconf 80' lang='grc' dir='ltr'>ἰκμάδος</span> <span class='ocrx_word' id='word_1_262' title='bbox 1370 2387 1528 2455; x_wconf 82' lang='grc' dir='ltr'>αὖθις</span> <span class='ocrx_word' id='word_1_263' title='bbox 1566 2391 1912 2464; x_wconf 83' lang='grc' dir='ltr'>εὑρίσκονται</span> 
     </span>
    </p>
   </div>
   <div class='ocr_carea' id='block_1_37' title="bbox 320 2481 1911 2555">
    <p class='ocr_par' dir='ltr' id='par_1_37' title="bbox 320 2481 1911 2555">
     <span class='ocr_line' id='line_1_37' title="bbox 320 2481 1911 2555; baseline 0 -19"><span class='ocrx_word' id='word_1_264' title='bbox 320 2481 674 2547; x_wconf 54' lang='lat' dir='ltr'><strong>amomum;</strong></span> <span class='ocrx_word' id='word_1_265' title='bbox 730 2482 792 2548; x_wconf 80' lang='grc' dir='ltr'><strong>ἐξ</strong></span> <span class='ocrx_word' id='word_1_266' title='bbox 842 2483 1044 2539; x_wconf 78' lang='grc' dir='ltr'>αὐτῶν.</span> <span class='ocrx_word' id='word_1_267' title='bbox 1088 2483 1222 2555; x_wconf 86' lang='grc' dir='ltr'>Περί</span> <span class='ocrx_word' id='word_1_268' title='bbox 1265 2482 1320 2536; x_wconf 76' lang='grc' dir='ltr'><strong>δὲ</strong></span> <span class='ocrx_word' id='word_1_269' title='bbox 1385 2481 1471 2536; x_wconf 77' lang='grc' dir='ltr'>τοῦ</span> <span class='ocrx_word' id='word_1_270' title='bbox 1520 2483 1759 2553; x_wconf 78' lang='grc' dir='ltr'>φοίνικος</span> <span class='ocrx_word' id='word_1_271' title='bbox 1815 2481 1911 2540; x_wconf 85' lang='grc' dir='ltr'>τοῦ</span> 
     </span>
    </p>
   </div>
   <div class='ocr_carea' id='block_1_38' title="bbox 337 2573 1912 2647">
    <p class='ocr_par' dir='ltr' id='par_1_38' title="bbox 337 2573 1912 2647">
     <span class='ocr_line' id='line_1_38' title="bbox 337 2573 1912 2647; baseline 0 -19"><span class='ocrx_word' id='word_1_272' title='bbox 337 2573 630 2646; x_wconf 80' lang='grc' dir='ltr'>’Δρασικοῢ</span> <span class='ocrx_word' id='word_1_273' title='bbox 665 2575 852 2646; x_wconf 78' lang='grc' dir='ltr'>ὀρνέου</span> <span class='ocrx_word' id='word_1_274' title='bbox 887 2575 1146 2646; x_wconf 89' lang='grc' dir='ltr'>περισσόν</span> <span class='ocrx_word' id='word_1_275' title='bbox 1191 2593 1278 2646; x_wconf 86' lang='grc' dir='ltr'><strong>μοι</strong></span> <span class='ocrx_word' id='word_1_276' title='bbox 1311 2574 1373 2628; x_wconf 79' lang='grc' dir='ltr'><strong>τὸ</strong></span> <span class='ocrx_word' id='word_1_277' title='bbox 1413 2575 1622 2645; x_wconf 83' lang='grc' dir='ltr'>λέγειν·</span> <span class='ocrx_word' id='word_1_278' title='bbox 1653 2575 1754 2647; x_wconf 74' lang='grc' dir='ltr'><strong>ήδη</strong></span> <span class='ocrx_word' id='word_1_279' title='bbox 1803 2575 1912 2647; x_wconf 81' lang='grc' dir='ltr'>γὰρ</span> 
     </span>
    </p>
   </div>
   <div class='ocr_carea' id='block_1_39' title="bbox 325 2665 1908 2738">
    <p class='ocr_par' dir='ltr' id='par_1_39' title="bbox 325 2665 1908 2738">
     <span class='ocr_line' id='line_1_39' title="bbox 325 2665 1908 2738; baseline 0.003 -20"><span class='ocrx_word' id='word_1_280' title='bbox 325 2669 405 2729; x_wconf 86' lang='grc' dir='ltr'><strong>εἰς</strong></span> <span class='ocrx_word' id='word_1_281' title='bbox 444 2667 615 2738; x_wconf 80' lang='grc' dir='ltr'>ἀκοήν</span> <span class='ocrx_word' id='word_1_282' title='bbox 657 2667 885 2736; x_wconf 78' lang='grc' dir='ltr'>ἀφῖκται</span> <span class='ocrx_word' id='word_1_283' title='bbox 920 2665 1130 2720; x_wconf 85' lang='grc' dir='ltr'>πολλῶν</span> <span class='ocrx_word' id='word_1_284' title='bbox 1171 2665 1381 2721; x_wconf 83' lang='grc' dir='ltr'>πιστῶν</span> <span class='ocrx_word' id='word_1_285' title='bbox 1410 2683 1470 2720; x_wconf 90' lang='grc' dir='ltr'><strong>τε</strong></span> <span class='ocrx_word' id='word_1_286' title='bbox 1510 2667 1606 2721; x_wconf 71' lang='grc' dir='ltr'><strong>καὶ</strong></span> <span class='ocrx_word' id='word_1_287' title='bbox 1645 2667 1908 2722; x_wconf 88' lang='grc' dir='ltr'>ἀπίστων.</span> 
     </span>
    </p>
   </div>
   <div class='ocr_carea' id='block_1_40' title="bbox 333 2757 1913 2828">
    <p class='ocr_par' dir='ltr' id='par_1_40' title="bbox 333 2757 1913 2828">
     <span class='ocr_line' id='line_1_40' title="bbox 333 2757 1913 2828; baseline -0.001 -16"><span class='ocrx_word' id='word_1_288' title='bbox 333 2757 402 2812; x_wconf 84' lang='grc' dir='ltr'><strong>Ἦ</strong></span> <span class='ocrx_word' id='word_1_289' title='bbox 433 2757 490 2811; x_wconf 83' lang='grc' dir='ltr'>δὲ</span> <span class='ocrx_word' id='word_1_290' title='bbox 522 2759 642 2812; x_wconf 86' lang='grc' dir='ltr'>κατ’</span> <span class='ocrx_word' id='word_1_291' title='bbox 679 2757 844 2812; x_wconf 81' lang='grc' dir='ltr'>αὑτὸν</span> <span class='ocrx_word' id='word_1_292' title='bbox 873 2757 1133 2822; x_wconf 74' lang='grc' dir='ltr'>ὑπόθεσις</span> <span class='ocrx_word' id='word_1_293' title='bbox 1171 2757 1351 2812; x_wconf 86' lang='grc' dir='ltr'>τοιάδε</span> <span class='ocrx_word' id='word_1_294' title='bbox 1381 2757 1634 2828; x_wconf 86' lang='grc' dir='ltr'>φαίνεται</span> <span class='ocrx_word' id='word_1_295' title='bbox 1657 2774 1668 2786; x_wconf 90' lang='grc'><strong>·</strong></span> <span class='ocrx_word' id='word_1_296' title='bbox 1703 2759 1913 2812; x_wconf 85' lang='grc' dir='ltr'>Πεντα-</span> 
     </span>
    </p>
   </div>
   <div class='ocr_carea' id='block_1_41' title="bbox 319 2848 1914 2921">
    <p class='ocr_par' dir='ltr' id='par_1_41' title="bbox 319 2848 1914 2921">
     <span class='ocr_line' id='line_1_41' title="bbox 319 2848 1914 2921; baseline -0.001 -19"><span class='ocrx_word' id='word_1_297' title='bbox 319 2848 606 2903; x_wconf 72' lang='grc' dir='ltr'>κοσιοστδν</span> <span class='ocrx_word' id='word_1_298' title='bbox 646 2849 764 2913; x_wconf 74' lang='grc' dir='ltr'>ἔτος</span> <span class='ocrx_word' id='word_1_299' title='bbox 802 2848 1084 2915; x_wconf 82' lang='grc' dir='ltr'>διατελῶν,</span> <span class='ocrx_word' id='word_1_300' title='bbox 1116 2849 1257 2903; x_wconf 83' lang='grc' dir='ltr'>ἐπὰν</span> <span class='ocrx_word' id='word_1_301' title='bbox 1287 2849 1445 2921; x_wconf 87' lang='grc' dir='ltr'>γνοίη</span> <span class='ocrx_word' id='word_1_302' title='bbox 1483 2848 1575 2905; x_wconf 77' lang='grc' dir='ltr'><strong>τὸν</strong></span> <span class='ocrx_word' id='word_1_303' title='bbox 1598 2849 1787 2921; x_wconf 81' lang='grc' dir='ltr'>καιρὸν</span> <span class='ocrx_word' id='word_1_304' title='bbox 1811 2848 1914 2919; x_wconf 87' lang='grc' dir='ltr'>τῆς</span> 
     </span>
    </p>
   </div>
   <div class='ocr_carea' id='block_1_42' title="bbox 321 2939 1914 3014">
    <p class='ocr_par' dir='ltr' id='par_1_42' title="bbox 321 2939 1914 3014">
     <span class='ocr_line' id='line_1_42' title="bbox 321 2939 1914 3014; baseline 0.001 -21"><span class='ocrx_word' id='word_1_305' title='bbox 321 2939 488 2994; x_wconf 80' lang='grc' dir='ltr'>αὐτοῦ</span> <span class='ocrx_word' id='word_1_306' title='bbox 527 2939 784 3012; x_wconf 83' lang='grc' dir='ltr'>τελευτῆς</span> <span class='ocrx_word' id='word_1_307' title='bbox 810 2941 1094 3006; x_wconf 85' lang='grc' dir='ltr'>ἐνστάντα,</span> <span class='ocrx_word' id='word_1_308' title='bbox 1129 2941 1294 3014; x_wconf 69' lang='grc' dir='ltr'>σηκὸν</span> <span class='ocrx_word' id='word_1_309' title='bbox 1323 2941 1422 3012; x_wconf 83' lang='grc' dir='ltr'><strong>μὲν</strong></span> <span class='ocrx_word' id='word_1_310' title='bbox 1452 2941 1745 3012; x_wconf 81' lang='grc' dir='ltr'>ἐργάζεται</span> <span class='ocrx_word' id='word_1_311' title='bbox 1773 2942 1914 3011; x_wconf 77' lang='grc' dir='ltr'>ἀρω-</span> 
     </span>
    </p>
   </div>
   <div class='ocr_carea' id='block_1_43' title="bbox 322 3032 1912 3105">
    <p class='ocr_par' dir='ltr' id='par_1_43' title="bbox 322 3032 1912 3105">
     <span class='ocr_line' id='line_1_43' title="bbox 322 3032 1912 3105; baseline 0 -18"><span class='ocrx_word' id='word_1_312' title='bbox 322 3033 538 3105; x_wconf 80' lang='grc' dir='ltr'>μάτων,</span> <span class='ocrx_word' id='word_1_313' title='bbox 571 3035 666 3087; x_wconf 74' lang='grc' dir='ltr'><strong>καὶ</strong></span> <span class='ocrx_word' id='word_1_314' title='bbox 689 3034 870 3105; x_wconf 87' lang='grc' dir='ltr'>φέρων</span> <span class='ocrx_word' id='word_1_315' title='bbox 900 3032 1120 3105; x_wconf 75' lang='grc' dir='ltr'>ἔρχεται</span> <span class='ocrx_word' id='word_1_316' title='bbox 1148 3037 1226 3098; x_wconf 82' lang='grc' dir='ltr'><strong>εἰς</strong></span> <span class='ocrx_word' id='word_1_317' title='bbox 1262 3034 1417 3087; x_wconf 85' lang='grc' dir='ltr'>πόλιν</span> <span class='ocrx_word' id='word_1_318' title='bbox 1446 3033 1554 3087; x_wconf 92' lang='grc' dir='ltr'><strong>τῶν</strong></span> <span class='ocrx_word' id='word_1_319' title='bbox 1598 3033 1912 3102; x_wconf 79' lang='grc' dir='ltr'>Αἰγυπτίων</span> 
     </span>
    </p>
   </div>
   <div class='ocr_carea' id='block_1_44' title="bbox 335 3125 1910 3198">
    <p class='ocr_par' dir='ltr' id='par_1_44' title="bbox 335 3125 1910 3198">
     <span class='ocr_line' id='line_1_44' title="bbox 335 3125 1910 3198; baseline -0.001 -18"><span class='ocrx_word' id='word_1_320' title='bbox 335 3125 678 3180; x_wconf 84' lang='grc' dir='ltr'>Ἡλιούπολιν</span> <span class='ocrx_word' id='word_1_321' title='bbox 706 3125 847 3179; x_wconf 75' lang='grc' dir='ltr'>οὓτω</span> <span class='ocrx_word' id='word_1_322' title='bbox 879 3126 1242 3198; x_wconf 79' lang='grc' dir='ltr'>καλουμένην,</span> <span class='ocrx_word' id='word_1_323' title='bbox 1275 3127 1368 3180; x_wconf 89' lang='grc' dir='ltr'><strong>’Ών</strong></span> <span class='ocrx_word' id='word_1_324' title='bbox 1390 3126 1437 3179; x_wconf 88' lang='grc' dir='ltr'>δ’</span> <span class='ocrx_word' id='word_1_325' title='bbox 1468 3126 1910 3197; x_wconf 80' lang='grc' dir='ltr'>ἐρμηνευομένην</span> 
     </span>
    </p>
   </div>
   <div class='ocr_carea' id='block_1_45' title="bbox 2016 1931 3596 2002">
    <p class='ocr_par' dir='ltr' id='par_1_45' title="bbox 2016 1931 3596 2002">
     <span class='ocr_line' id='line_1_45' title="bbox 2016 1931 3596 2002; baseline -0.002 -16"><span class='ocrx_word' id='word_1_326' title='bbox 2016 1931 2181 1996; x_wconf 89' lang='lat' dir='ltr'><strong>dam,</strong></span> <span class='ocrx_word' id='word_1_327' title='bbox 2247 1947 2345 1986; x_wconf 91' lang='lat' dir='ltr'><strong>nec</strong></span> <span class='ocrx_word' id='word_1_328' title='bbox 2408 1932 2610 1986; x_wconf 82' lang='lat' dir='ltr'><strong>animal</strong></span> <span class='ocrx_word' id='word_1_329' title='bbox 2673 1931 2806 1986; x_wconf 89' lang='lat' dir='ltr'><strong>illud</strong></span> <span class='ocrx_word' id='word_1_330' title='bbox 2863 1947 3023 2002; x_wconf 90' lang='lat' dir='ltr'><strong>quem</strong></span> <span class='ocrx_word' id='word_1_331' title='bbox 3082 1947 3292 1986; x_wconf 91' lang='lat' dir='ltr'><strong>murem</strong></span> <span class='ocrx_word' id='word_1_332' title='bbox 3340 1931 3596 1999; x_wconf 85' lang='lat' dir='ltr'><strong>Alpinum</strong></span> 
     </span>
    </p>
   </div>
   <div class='ocr_carea' id='block_1_46' title="bbox 2014 2020 3597 2092">
    <p class='ocr_par' dir='ltr' id='par_1_46' title="bbox 2014 2020 3597 2092">
     <span class='ocr_line' id='line_1_46' title="bbox 2014 2020 3597 2092; baseline 0 -18"><span class='ocrx_word' id='word_1_333' title='bbox 2014 2027 2236 2088; x_wconf 90' lang='lat' dir='ltr'><strong>vocant,</strong></span> <span class='ocrx_word' id='word_1_334' title='bbox 2290 2020 2450 2076; x_wconf 88' lang='lat' dir='ltr'><strong>ﬁdem</strong></span> <span class='ocrx_word' id='word_1_335' title='bbox 2492 2031 2724 2092; x_wconf 87' lang='lat' dir='ltr'><strong>possunt</strong></span> <span class='ocrx_word' id='word_1_336' title='bbox 2768 2020 2993 2077; x_wconf 78' lang='lat' dir='ltr'><strong>facere:</strong></span> <span class='ocrx_word' id='word_1_337' title='bbox 3028 2037 3059 2077; x_wconf 91' lang='lat' dir='ltr'><strong>e</strong></span> <span class='ocrx_word' id='word_1_338' title='bbox 3106 2021 3308 2092; x_wconf 90' lang='lat' dir='ltr'><strong>quibus</strong></span> <span class='ocrx_word' id='word_1_339' title='bbox 3359 2021 3448 2076; x_wconf 89' lang='lat' dir='ltr'><strong>hic</strong></span> <span class='ocrx_word' id='word_1_340' title='bbox 3500 2036 3597 2076; x_wconf 80' lang='lat' dir='ltr'><strong>sex</strong></span> 
     </span>
    </p>
   </div>
   <div class='ocr_carea' id='block_1_47' title="bbox 2015 2111 3598 2183">
    <p class='ocr_par' dir='ltr' id='par_1_47' title="bbox 2015 2111 3598 2183">
     <span class='ocr_line' id='line_1_47' title="bbox 2015 2111 3598 2183; baseline 0.001 -19"><span class='ocrx_word' id='word_1_341' title='bbox 2015 2117 2161 2166; x_wconf 79' lang='lat' dir='ltr'><strong>tutos</strong></span> <span class='ocrx_word' id='word_1_342' title='bbox 2195 2125 2412 2166; x_wconf 87' lang='lat' dir='ltr'><strong>menses</strong></span> <span class='ocrx_word' id='word_1_343' title='bbox 2445 2111 2586 2168; x_wconf 88' lang='lat' dir='ltr'><strong>inter</strong></span> <span class='ocrx_word' id='word_1_344' title='bbox 2617 2122 2862 2167; x_wconf 85' lang='lat' dir='ltr'><strong>mortuos</strong></span> <span class='ocrx_word' id='word_1_345' title='bbox 2887 2112 3069 2183; x_wconf 88' lang='lat' dir='ltr'><strong>jacet;</strong></span> <span class='ocrx_word' id='word_1_346' title='bbox 3096 2111 3186 2166; x_wconf 89' lang='lat' dir='ltr'><strong>illa</strong></span> <span class='ocrx_word' id='word_1_347' title='bbox 3215 2111 3598 2183; x_wconf 82' lang='lat' dir='ltr'><strong>quadragenos</strong></span> 
     </span>
    </p>
   </div>
   <div class='ocr_carea' id='block_1_48' title="bbox 2015 2206 3597 2278">
    <p class='ocr_par' dir='ltr' id='par_1_48' title="bbox 2015 2206 3597 2278">
     <span class='ocr_line' id='line_1_48' title="bbox 2015 2206 3597 2278; baseline 0 -16"><span class='ocrx_word' id='word_1_348' title='bbox 2015 2207 2132 2264; x_wconf 87' lang='lat' dir='ltr'><strong>dies</strong></span> <span class='ocrx_word' id='word_1_349' title='bbox 2165 2225 2178 2260; x_wconf 94' lang='lat'><strong>:</strong></span> <span class='ocrx_word' id='word_1_350' title='bbox 2207 2221 2269 2262; x_wconf 90' lang='lat' dir='ltr'><strong>ac</strong></span> <span class='ocrx_word' id='word_1_351' title='bbox 2297 2206 2529 2263; x_wconf 87' lang='lat' dir='ltr'><strong>subinde</strong></span> <span class='ocrx_word' id='word_1_352' title='bbox 2577 2207 2696 2264; x_wconf 85' lang='lat' dir='ltr'><strong>suis</strong></span> <span class='ocrx_word' id='word_1_353' title='bbox 2732 2207 2932 2278; x_wconf 90' lang='lat' dir='ltr'><strong>cuique</strong></span> <span class='ocrx_word' id='word_1_354' title='bbox 2963 2207 3302 2277; x_wconf 82' lang='lat' dir='ltr'><strong>temporibus</strong></span> <span class='ocrx_word' id='word_1_355' title='bbox 3339 2207 3597 2272; x_wconf 84' lang='lat' dir='ltr'><strong>evolutis,</strong></span> 
     </span>
    </p>
   </div>
   <div class='ocr_carea' id='block_1_49' title="bbox 2015 2296 3602 2369">
    <p class='ocr_par' dir='ltr' id='par_1_49' title="bbox 2015 2296 3602 2369">
     <span class='ocr_line' id='line_1_49' title="bbox 2015 2296 3602 2369; baseline -0.001 -15"><span class='ocrx_word' id='word_1_356' title='bbox 2015 2315 2211 2356; x_wconf 90' lang='lat' dir='ltr'><strong>rursus</strong></span> <span class='ocrx_word' id='word_1_357' title='bbox 2264 2301 2578 2355; x_wconf 79' lang='lat' dir='ltr'><strong>excitantur</strong></span> <span class='ocrx_word' id='word_1_358' title='bbox 2620 2298 2688 2353; x_wconf 91' lang='lat' dir='ltr'><strong>ad</strong></span> <span class='ocrx_word' id='word_1_359' title='bbox 2741 2300 2928 2354; x_wconf 84' lang='lat' dir='ltr'><strong>vitam.</strong></span> <span class='ocrx_word' id='word_1_360' title='bbox 2981 2296 3252 2353; x_wconf 69' lang='lat' dir='ltr'><strong>Scarabzei</strong></span> <span class='ocrx_word' id='word_1_361' title='bbox 3312 2300 3602 2369; x_wconf 87' lang='lat' dir='ltr'><strong>appropin-</strong></span> 
     </span>
    </p>
   </div>
   <div class='ocr_carea' id='block_1_50' title="bbox 2015 2389 3596 2462">
    <p class='ocr_par' dir='ltr' id='par_1_50' title="bbox 2015 2389 3596 2462">
     <span class='ocr_line' id='line_1_50' title="bbox 2015 2389 3596 2462; baseline -0.001 -16"><span class='ocrx_word' id='word_1_362' title='bbox 2015 2398 2223 2462; x_wconf 88' lang='lat' dir='ltr'><strong>quante</strong></span> <span class='ocrx_word' id='word_1_363' title='bbox 2279 2399 2458 2447; x_wconf 88' lang='lat' dir='ltr'><strong>morte</strong></span> <span class='ocrx_word' id='word_1_364' title='bbox 2507 2391 2771 2447; x_wconf 77' lang='lat' dir='ltr'><strong>stercoris</strong></span> <span class='ocrx_word' id='word_1_365' title='bbox 2819 2406 2879 2446; x_wconf 88' lang='lat' dir='ltr'><strong>se</strong></span> <span class='ocrx_word' id='word_1_366' title='bbox 2915 2391 3085 2462; x_wconf 89' lang='lat' dir='ltr'><strong>pilula</strong></span> <span class='ocrx_word' id='word_1_367' title='bbox 3126 2389 3392 2457; x_wconf 82' lang='lat' dir='ltr'><strong>condunt,</strong></span> <span class='ocrx_word' id='word_1_368' title='bbox 3432 2405 3596 2460; x_wconf 86' lang='lat' dir='ltr'><strong>quam</strong></span> 
     </span>
    </p>
   </div>
   <div class='ocr_carea' id='block_1_51' title="bbox 2015 2481 3600 2554">
    <p class='ocr_par' dir='ltr' id='par_1_51' title="bbox 2015 2481 3600 2554">
     <span class='ocr_line' id='line_1_51' title="bbox 2015 2481 3600 2554; baseline -0.001 -16"><span class='ocrx_word' id='word_1_369' title='bbox 2015 2483 2119 2539; x_wconf 87' lang='lat' dir='ltr'><strong>sub</strong></span> <span class='ocrx_word' id='word_1_370' title='bbox 2154 2491 2358 2538; x_wconf 89' lang='lat' dir='ltr'><strong>terram</strong></span> <span class='ocrx_word' id='word_1_371' title='bbox 2397 2483 2721 2550; x_wconf 80' lang='lat' dir='ltr'><strong>defodiunt;</strong></span> <span class='ocrx_word' id='word_1_372' title='bbox 2756 2491 2810 2538; x_wconf 89' lang='lat' dir='ltr'><strong>et</strong></span> <span class='ocrx_word' id='word_1_373' title='bbox 2839 2483 3062 2554; x_wconf 78' lang='lat' dir='ltr'><strong>genitali</strong></span> <span class='ocrx_word' id='word_1_374' title='bbox 3091 2481 3330 2554; x_wconf 86' lang='lat' dir='ltr'><strong>quodam</strong></span> <span class='ocrx_word' id='word_1_375' title='bbox 3370 2481 3600 2537; x_wconf 84' lang='lat' dir='ltr'><strong>humore</strong></span> 
     </span>
    </p>
   </div>
   <div class='ocr_carea' id='block_1_52' title="bbox 2016 2576 3597 2650">
    <p class='ocr_par' dir='ltr' id='par_1_52' title="bbox 2016 2576 3597 2650">
     <span class='ocr_line' id='line_1_52' title="bbox 2016 2576 3597 2650; baseline -0.001 -18"><span class='ocrx_word' id='word_1_376' title='bbox 2016 2593 2179 2648; x_wconf 83' lang='lat' dir='ltr'><strong>quem</strong></span> <span class='ocrx_word' id='word_1_377' title='bbox 2208 2593 2239 2633; x_wconf 93' lang='lat' dir='ltr'><strong>e</strong></span> <span class='ocrx_word' id='word_1_378' title='bbox 2268 2579 2466 2650; x_wconf 88' lang='lat' dir='ltr'><strong>seipsis</strong></span> <span class='ocrx_word' id='word_1_379' title='bbox 2511 2578 2792 2644; x_wconf 86' lang='lat' dir='ltr'><strong>emittunt,</strong></span> <span class='ocrx_word' id='word_1_380' title='bbox 2834 2576 3165 2634; x_wconf 75' lang='lat' dir='ltr'><strong>reviviscere</strong></span> <span class='ocrx_word' id='word_1_381' title='bbox 3196 2592 3293 2648; x_wconf 85' lang='lat' dir='ltr'><strong>per</strong></span> <span class='ocrx_word' id='word_1_382' title='bbox 3321 2591 3446 2632; x_wconf 88' lang='lat' dir='ltr'><strong>sese</strong></span> <span class='ocrx_word' id='word_1_383' title='bbox 3476 2591 3597 2631; x_wconf 88' lang='lat' dir='ltr'><strong>cer-</strong></span> 
     </span>
    </p>
   </div>
   <div class='ocr_carea' id='block_1_53' title="bbox 2014 2665 3596 2740">
    <p class='ocr_par' dir='ltr' id='par_1_53' title="bbox 2014 2665 3596 2740">
     <span class='ocr_line' id='line_1_53' title="bbox 2014 2665 3596 2740; baseline -0.002 -17"><span class='ocrx_word' id='word_1_384' title='bbox 2014 2675 2240 2723; x_wconf 89' lang='lat' dir='ltr'><strong>nuntur.</strong></span> <span class='ocrx_word' id='word_1_385' title='bbox 2270 2665 2408 2723; x_wconf 89' lang='lat' dir='ltr'><strong>Nam</strong></span> <span class='ocrx_word' id='word_1_386' title='bbox 2456 2667 2525 2724; x_wconf 86' lang='lat' dir='ltr'><strong>de</strong></span> <span class='ocrx_word' id='word_1_387' title='bbox 2569 2667 2823 2740; x_wconf 68' lang='lat' dir='ltr'><strong>phmnice</strong></span> <span class='ocrx_word' id='word_1_388' title='bbox 2871 2667 3081 2726; x_wconf 75' lang='lat' dir='ltr'><strong>Arabiae</strong></span> <span class='ocrx_word' id='word_1_389' title='bbox 3120 2682 3219 2723; x_wconf 85' lang='lat' dir='ltr'><strong>ave</strong></span> <span class='ocrx_word' id='word_1_390' title='bbox 3263 2667 3596 2723; x_wconf 85' lang='lat' dir='ltr'><strong>mentionem</strong></span> 
     </span>
    </p>
   </div>
   <div class='ocr_carea' id='block_1_54' title="bbox 2014 2757 3599 2832">
    <p class='ocr_par' dir='ltr' id='par_1_54' title="bbox 2014 2757 3599 2832">
     <span class='ocr_line' id='line_1_54' title="bbox 2014 2757 3599 2832; baseline 0.001 -19"><span class='ocrx_word' id='word_1_391' title='bbox 2014 2757 2199 2815; x_wconf 78' lang='lat' dir='ltr'><strong>facere</strong></span> <span class='ocrx_word' id='word_1_392' title='bbox 2245 2774 2714 2831; x_wconf 84' lang='lat' dir='ltr'><strong>supervacaneum</strong></span> <span class='ocrx_word' id='word_1_393' title='bbox 2753 2774 2839 2816; x_wconf 73' lang='grc' dir='ltr'>ρει</span> <span class='ocrx_word' id='word_1_394' title='bbox 2871 2779 2884 2815; x_wconf 88' lang='lat'><strong>:</strong></span> <span class='ocrx_word' id='word_1_395' title='bbox 2912 2767 3000 2816; x_wconf 90' lang='lat' dir='ltr'><strong>est</strong></span> <span class='ocrx_word' id='word_1_396' title='bbox 3028 2761 3172 2816; x_wconf 89' lang='lat' dir='ltr'><strong>enim</strong></span> <span class='ocrx_word' id='word_1_397' title='bbox 3206 2775 3272 2816; x_wconf 84' lang='lat' dir='ltr'><strong>ea</strong></span> <span class='ocrx_word' id='word_1_398' title='bbox 3308 2776 3395 2816; x_wconf 87' lang='lat' dir='ltr'><strong>res</strong></span> <span class='ocrx_word' id='word_1_399' title='bbox 3427 2761 3599 2832; x_wconf 69' lang='lat' dir='ltr'><strong>pluri~</strong></span> 
     </span>
    </p>
   </div>
   <div class='ocr_carea' id='block_1_55' title="bbox 2014 2844 3598 2924">
    <p class='ocr_par' dir='ltr' id='par_1_55' title="bbox 2014 2844 3598 2924">
     <span class='ocr_line' id='line_1_55' title="bbox 2014 2844 3598 2924; baseline 0.001 -18"><span class='ocrx_word' id='word_1_400' title='bbox 2014 2867 2234 2906; x_wconf 90' lang='lat' dir='ltr'><strong>morum</strong></span> <span class='ocrx_word' id='word_1_401' title='bbox 2287 2861 2399 2906; x_wconf 89' lang='lat' dir='ltr'><strong>tam</strong></span> <span class='ocrx_word' id='word_1_402' title='bbox 2453 2850 2695 2908; x_wconf 88' lang='lat' dir='ltr'><strong>ﬁdelium</strong></span> <span class='ocrx_word' id='word_1_403' title='bbox 2746 2861 2913 2924; x_wconf 70' lang='lat' dir='ltr'><strong>Quam</strong></span> <span class='ocrx_word' id='word_1_404' title='bbox 2970 2844 3276 2908; x_wconf 83' lang='lat' dir='ltr'><strong>inﬁdelium</strong></span> <span class='ocrx_word' id='word_1_405' title='bbox 3319 2853 3598 2908; x_wconf 86' lang='lat' dir='ltr'><strong>auditione</strong></span> 
     </span>
    </p>
   </div>
   <div class='ocr_carea' id='block_1_56' title="bbox 2013 2941 3600 3015">
    <p class='ocr_par' dir='ltr' id='par_1_56' title="bbox 2013 2941 3600 3015">
     <span class='ocr_line' id='line_1_56' title="bbox 2013 2941 3600 3015; baseline 0 -17"><span class='ocrx_word' id='word_1_406' title='bbox 2013 2943 2250 3015; x_wconf 88' lang='lat' dir='ltr'><strong>vulgata.</strong></span> <span class='ocrx_word' id='word_1_407' title='bbox 2277 2941 2447 3013; x_wconf 84' lang='lat' dir='ltr'><strong>Cujus</strong></span> <span class='ocrx_word' id='word_1_408' title='bbox 2474 2943 2694 3012; x_wconf 89' lang='lat' dir='ltr'><strong>quidem</strong></span> <span class='ocrx_word' id='word_1_409' title='bbox 2721 2943 2949 2998; x_wconf 83' lang='lat' dir='ltr'><strong>historia</strong></span> <span class='ocrx_word' id='word_1_410' title='bbox 2981 2954 3063 3000; x_wconf 90' lang='lat' dir='ltr'><strong>est</strong></span> <span class='ocrx_word' id='word_1_411' title='bbox 3087 2943 3395 3014; x_wconf 87' lang='lat' dir='ltr'><strong>ejusmodi:</strong></span> <span class='ocrx_word' id='word_1_412' title='bbox 3421 2945 3600 3012; x_wconf 81' lang='lat' dir='ltr'><strong>Quin-</strong></span> 
     </span>
    </p>
   </div>
   <div class='ocr_carea' id='block_1_57' title="bbox 2015 3032 3599 3104">
    <p class='ocr_par' dir='ltr' id='par_1_57' title="bbox 2015 3032 3599 3104">
     <span class='ocr_line' id='line_1_57' title="bbox 2015 3032 3599 3104; baseline 0.001 -17"><span class='ocrx_word' id='word_1_413' title='bbox 2015 3033 2318 3104; x_wconf 85' lang='lat' dir='ltr'><strong>gentesimo</strong></span> <span class='ocrx_word' id='word_1_414' title='bbox 2346 3032 2523 3086; x_wconf 67' lang='lat' dir='ltr'><strong>aetatis</strong></span> <span class='ocrx_word' id='word_1_415' title='bbox 2547 3047 2712 3098; x_wconf 86' lang='lat' dir='ltr'><strong>anno,</strong></span> <span class='ocrx_word' id='word_1_416' title='bbox 2747 3048 2873 3088; x_wconf 92' lang='lat' dir='ltr'><strong>cum</strong></span> <span class='ocrx_word' id='word_1_417' title='bbox 2903 3033 3112 3089; x_wconf 84' lang='lat' dir='ltr'><strong>instare</strong></span> <span class='ocrx_word' id='word_1_418' title='bbox 3132 3033 3317 3090; x_wconf 87' lang='lat' dir='ltr'><strong>obitus</strong></span> <span class='ocrx_word' id='word_1_419' title='bbox 3341 3034 3427 3088; x_wconf 89' lang='lat' dir='ltr'><strong>sui</strong></span> <span class='ocrx_word' id='word_1_420' title='bbox 3462 3043 3599 3090; x_wconf 88' lang='lat' dir='ltr'><strong>tem-</strong></span> 
     </span>
    </p>
   </div>
   <div class='ocr_carea' id='block_1_58' title="bbox 2017 3123 3598 3195">
    <p class='ocr_par' dir='ltr' id='par_1_58' title="bbox 2017 3123 3598 3195">
     <span class='ocr_line' id='line_1_58' title="bbox 2017 3123 3598 3195; baseline 0.003 -18"><span class='ocrx_word' id='word_1_421' title='bbox 2017 3139 2118 3194; x_wconf 91' lang='lat' dir='ltr'><strong>pus</strong></span> <span class='ocrx_word' id='word_1_422' title='bbox 2159 3123 2524 3195; x_wconf 74' lang='lat' dir='ltr'><strong>praesenserit,</strong></span> <span class='ocrx_word' id='word_1_423' title='bbox 2557 3125 2806 3179; x_wconf 89' lang='lat' dir='ltr'><strong>cellulam</strong></span> <span class='ocrx_word' id='word_1_424' title='bbox 2848 3140 2916 3180; x_wconf 86' lang='lat' dir='ltr'><strong>ex</strong></span> <span class='ocrx_word' id='word_1_425' title='bbox 2956 3125 3294 3182; x_wconf 88' lang='lat' dir='ltr'><strong>aromatibus</strong></span> <span class='ocrx_word' id='word_1_426' title='bbox 3338 3135 3598 3183; x_wconf 79' lang='lat' dir='ltr'><strong>constru-</strong></span> 
     </span>
    </p>
   </div>
   <div class='ocr_carea' id='block_1_59' title="bbox 321 3214 1911 3290">
    <p class='ocr_par' dir='ltr' id='par_1_59' title="bbox 321 3217 1911 3290">
     <span class='ocr_line' id='line_1_59' title="bbox 321 3217 1911 3290; baseline -0.001 -16"><span class='ocrx_word' id='word_1_427' title='bbox 321 3219 434 3274; x_wconf 78' lang='grc' dir='ltr'><strong>ἀπὸ</strong></span> <span class='ocrx_word' id='word_1_428' title='bbox 459 3219 557 3290; x_wconf 83' lang='grc' dir='ltr'><strong>τῆς</strong></span> <span class='ocrx_word' id='word_1_429' title='bbox 588 3219 968 3289; x_wconf 72' lang='grc' dir='ltr'>Αἰγυπτιακῆς</span> <span class='ocrx_word' id='word_1_430' title='bbox 1012 3217 1294 3272; x_wconf 86' lang='grc' dir='ltr'>διαλέκτου</span> <span class='ocrx_word' id='word_1_431' title='bbox 1337 3218 1432 3272; x_wconf 73' lang='grc' dir='ltr'><strong>καὶ</strong></span> <span class='ocrx_word' id='word_1_432' title='bbox 1473 3217 1754 3289; x_wconf 79' lang='grc' dir='ltr'>Ἐὅραῖδος</span> <span class='ocrx_word' id='word_1_433' title='bbox 1774 3237 1786 3248; x_wconf 92' lang='grc'><strong>·</strong></span> <span class='ocrx_word' id='word_1_434' title='bbox 1819 3220 1911 3272; x_wconf 75' lang='grc' dir='ltr'><strong>καὶ</strong></span> 
     </span>
    </p>
   </div>
   <div class='ocr_carea' id='block_1_60' title="bbox 2019 3214 3597 3290">
    <p class='ocr_par' dir='ltr' id='par_1_60' title="bbox 2019 3214 3597 3288">
     <span class='ocr_line' id='line_1_60' title="bbox 2019 3214 3597 3288; baseline 0.002 -18"><span class='ocrx_word' id='word_1_435' title='bbox 2019 3225 2160 3271; x_wconf 88' lang='lat' dir='ltr'><strong>ctam</strong></span> <span class='ocrx_word' id='word_1_436' title='bbox 2190 3219 2244 3270; x_wconf 91' lang='lat' dir='ltr'><strong>in</strong></span> <span class='ocrx_word' id='word_1_437' title='bbox 2276 3215 2467 3270; x_wconf 87' lang='lat' dir='ltr'><strong>urbem</strong></span> <span class='ocrx_word' id='word_1_438' title='bbox 2499 3214 2792 3286; x_wconf 86' lang='lat' dir='ltr'><strong>quamdam</strong></span> <span class='ocrx_word' id='word_1_439' title='bbox 2828 3215 3051 3288; x_wconf 64' lang='lat' dir='ltr'><strong>:Egypti</strong></span> <span class='ocrx_word' id='word_1_440' title='bbox 3093 3226 3471 3288; x_wconf 86' lang='lat' dir='ltr'><strong>transportare</strong></span> <span class='ocrx_word' id='word_1_441' title='bbox 3503 3233 3597 3274; x_wconf 91' lang='lat' dir='ltr'><strong>so-</strong></span> 
     </span>
    </p>
   </div>
   <div class='ocr_carea' id='block_1_61' title="bbox 318 3309 1905 3383">
    <p class='ocr_par' dir='ltr' id='par_1_61' title="bbox 318 3309 1905 3383">
     <span class='ocr_line' id='line_1_61' title="bbox 318 3309 1905 3383; baseline 0.001 -19"><span class='ocrx_word' id='word_1_442' title='bbox 318 3313 546 3383; x_wconf 82' lang='grc' dir='ltr'>ταρσοῖς</span> <span class='ocrx_word' id='word_1_443' title='bbox 581 3311 731 3373; x_wconf 78' lang='grc' dir='ltr'>ἰδίοις</span> <span class='ocrx_word' id='word_1_444' title='bbox 760 3309 829 3364; x_wconf 79' lang='grc' dir='ltr'>τὰ</span> <span class='ocrx_word' id='word_1_445' title='bbox 858 3310 1031 3382; x_wconf 82' lang='grc' dir='ltr'>στήθη</span> <span class='ocrx_word' id='word_1_446' title='bbox 1072 3311 1140 3364; x_wconf 74' lang='grc' dir='ltr'>τὰ</span> <span class='ocrx_word' id='word_1_447' title='bbox 1182 3311 1376 3365; x_wconf 80' lang='grc' dir='ltr'>ἐαυτοῦ</span> <span class='ocrx_word' id='word_1_448' title='bbox 1412 3311 1680 3382; x_wconf 83' lang='grc' dir='ltr'>μαστίξας</span> <span class='ocrx_word' id='word_1_449' title='bbox 1712 3311 1905 3377; x_wconf 81' lang='grc' dir='ltr'>πολλὰ,</span> 
     </span>
    </p>
   </div>
   <div class='ocr_carea' id='block_1_62' title="bbox 323 3397 1912 3472">
    <p class='ocr_par' dir='ltr' id='par_1_62' title="bbox 323 3397 1912 3472">
     <span class='ocr_line' id='line_1_62' title="bbox 323 3397 1912 3472; baseline -0.001 -20"><span class='ocrx_word' id='word_1_450' title='bbox 323 3399 438 3472; x_wconf 78' lang='grc' dir='ltr'>πῦρ</span> <span class='ocrx_word' id='word_1_451' title='bbox 482 3399 590 3452; x_wconf 76' lang='grc' dir='ltr'>ἀπὸ</span> <span class='ocrx_word' id='word_1_452' title='bbox 621 3397 712 3453; x_wconf 78' lang='grc' dir='ltr'>τοῦ</span> <span class='ocrx_word' id='word_1_453' title='bbox 763 3397 1014 3469; x_wconf 84' lang='grc' dir='ltr'>σώματος</span> <span class='ocrx_word' id='word_1_454' title='bbox 1053 3397 1215 3452; x_wconf 73' lang='grc' dir='ltr'>αὐτοῦ</span> <span class='ocrx_word' id='word_1_455' title='bbox 1264 3397 1693 3470; x_wconf 78' lang='grc' dir='ltr'>προφερόμενος,</span> <span class='ocrx_word' id='word_1_456' title='bbox 1746 3397 1912 3468; x_wconf 87' lang='grc' dir='ltr'>ἐμπί-</span> 
     </span>
    </p>
   </div>
   <div class='ocr_carea' id='block_1_63' title="bbox 323 3489 1911 3562">
    <p class='ocr_par' dir='ltr' id='par_1_63' title="bbox 323 3489 1911 3562">
     <span class='ocr_line' id='line_1_63' title="bbox 323 3489 1911 3562; baseline 0 -19"><span class='ocrx_word' id='word_1_457' title='bbox 323 3508 499 3562; x_wconf 88' lang='grc' dir='ltr'>πρησι</span> <span class='ocrx_word' id='word_1_458' title='bbox 547 3491 648 3561; x_wconf 82' lang='grc' dir='ltr'>τὴν</span> <span class='ocrx_word' id='word_1_459' title='bbox 694 3489 1060 3562; x_wconf 85' lang='grc' dir='ltr'>ὑποκειμένην</span> <span class='ocrx_word' id='word_1_460' title='bbox 1112 3489 1244 3562; x_wconf 79' lang='grc' dir='ltr'>ὓλην</span> <span class='ocrx_word' id='word_1_461' title='bbox 1273 3489 1350 3560; x_wconf 80' lang='grc' dir='ltr'>τῷ</span> <span class='ocrx_word' id='word_1_462' title='bbox 1389 3489 1560 3560; x_wconf 81' lang='grc' dir='ltr'>τόπῳ,</span> <span class='ocrx_word' id='word_1_463' title='bbox 1602 3491 1696 3544; x_wconf 74' lang='grc' dir='ltr'><strong>καὶ</strong></span> <span class='ocrx_word' id='word_1_464' title='bbox 1737 3489 1911 3552; x_wconf 78' lang='grc' dir='ltr'>οὕτως</span> 
     </span>
    </p>
   </div>
   <div class='ocr_carea' id='block_1_64' title="bbox 321 3579 1910 3654">
    <p class='ocr_par' dir='ltr' id='par_1_64' title="bbox 321 3579 1910 3654">
     <span class='ocr_line' id='line_1_64' title="bbox 321 3579 1910 3654; baseline -0.001 -18"><span class='ocrx_word' id='word_1_465' title='bbox 321 3582 518 3636; x_wconf 84' lang='grc' dir='ltr'>ἐαυτὸν</span> <span class='ocrx_word' id='word_1_466' title='bbox 558 3580 840 3635; x_wconf 83' lang='grc' dir='ltr'>ὀλοκαυτοῖ</span> <span class='ocrx_word' id='word_1_467' title='bbox 875 3581 971 3634; x_wconf 73' lang='grc' dir='ltr'>καὶ</span> <span class='ocrx_word' id='word_1_468' title='bbox 1003 3581 1183 3645; x_wconf 85' lang='grc' dir='ltr'>πάσας</span> <span class='ocrx_word' id='word_1_469' title='bbox 1223 3579 1319 3644; x_wconf 76' lang='grc' dir='ltr'><strong>τὰς</strong></span> <span class='ocrx_word' id='word_1_470' title='bbox 1358 3582 1568 3654; x_wconf 82' lang='grc' dir='ltr'>σάρκας</span> <span class='ocrx_word' id='word_1_471' title='bbox 1613 3581 1777 3634; x_wconf 78' lang='grc' dir='ltr'>αὑτοῦ</span> <span class='ocrx_word' id='word_1_472' title='bbox 1812 3582 1910 3635; x_wconf 85' lang='grc' dir='ltr'><strong>σὺν</strong></span> 
     </span>
    </p>
   </div>
   <div class='ocr_carea' id='block_1_65' title="bbox 317 3673 1908 3745">
    <p class='ocr_par' dir='ltr' id='par_1_65' title="bbox 317 3673 1908 3745">
     <span class='ocr_line' id='line_1_65' title="bbox 317 3673 1908 3745; baseline 0.001 -19"><span class='ocrx_word' id='word_1_473' title='bbox 317 3675 552 3738; x_wconf 79' lang='grc' dir='ltr'>ὀστέοις.</span> <span class='ocrx_word' id='word_1_474' title='bbox 597 3673 692 3728; x_wconf 88' lang='grc' dir='ltr'><strong>Ἐκ</strong></span> <span class='ocrx_word' id='word_1_475' title='bbox 719 3673 853 3727; x_wconf 82' lang='grc' dir='ltr'>Θεοῦ</span> <span class='ocrx_word' id='word_1_476' title='bbox 887 3675 942 3728; x_wconf 85' lang='grc' dir='ltr'>δὲ</span> <span class='ocrx_word' id='word_1_477' title='bbox 971 3674 1283 3745; x_wconf 87' lang='grc' dir='ltr'>οἰκονομίας</span> <span class='ocrx_word' id='word_1_478' title='bbox 1305 3675 1466 3744; x_wconf 81' lang='grc' dir='ltr'>νέφος</span> <span class='ocrx_word' id='word_1_479' title='bbox 1498 3674 1908 3740; x_wconf 81' lang='grc' dir='ltr'>ἀποστέλλεται,</span> 
     </span>
    </p>
   </div>
   <div class='ocr_carea' id='block_1_66' title="bbox 319 3765 1908 3839">
    <p class='ocr_par' dir='ltr' id='par_1_66' title="bbox 319 3765 1908 3839">
     <span class='ocr_line' id='line_1_66' title="bbox 319 3765 1908 3839; baseline -0.002 -17"><span class='ocrx_word' id='word_1_480' title='bbox 319 3769 418 3822; x_wconf 71' lang='grc' dir='ltr'><strong>καὶ</strong></span> <span class='ocrx_word' id='word_1_481' title='bbox 440 3767 664 3832; x_wconf 77' lang='grc' dir='ltr'>ὑετίζει,</span> <span class='ocrx_word' id='word_1_482' title='bbox 691 3768 784 3820; x_wconf 84' lang='grc' dir='ltr'><strong>καί</strong></span> <span class='ocrx_word' id='word_1_483' title='bbox 807 3765 1194 3821; x_wconf 74' lang='grc' dir='ltr'>κατασϐεννύει</span> <span class='ocrx_word' id='word_1_484' title='bbox 1216 3766 1314 3838; x_wconf 80' lang='grc' dir='ltr'>τὴν</span> <span class='ocrx_word' id='word_1_485' title='bbox 1340 3767 1400 3820; x_wconf 86' lang='grc' dir='ltr'><strong>τὸ</strong></span> <span class='ocrx_word' id='word_1_486' title='bbox 1425 3766 1585 3837; x_wconf 86' lang='grc' dir='ltr'>σῶμα</span> <span class='ocrx_word' id='word_1_487' title='bbox 1606 3765 1698 3820; x_wconf 79' lang='grc' dir='ltr'>τοῦ</span> <span class='ocrx_word' id='word_1_488' title='bbox 1723 3767 1908 3839; x_wconf 84' lang='grc' dir='ltr'>ὀρνέου</span> 
     </span>
    </p>
   </div>
   <div class='ocr_carea' id='block_1_67' title="bbox 323 3857 1910 3930">
    <p class='ocr_par' dir='ltr' id='par_1_67' title="bbox 323 3857 1910 3930">
     <span class='ocr_line' id='line_1_67' title="bbox 323 3857 1910 3930; baseline 0 -18"><span class='ocrx_word' id='word_1_489' title='bbox 323 3859 861 3930; x_wconf 83' lang='grc' dir='ltr'>καταδαπανήσασαν</span> <span class='ocrx_word' id='word_1_490' title='bbox 899 3857 1095 3928; x_wconf 84' lang='grc' dir='ltr'>φλόγα,</span> <span class='ocrx_word' id='word_1_491' title='bbox 1132 3858 1326 3930; x_wconf 81' lang='grc' dir='ltr'>νεκροῦ</span> <span class='ocrx_word' id='word_1_492' title='bbox 1367 3857 1467 3929; x_wconf 85' lang='grc' dir='ltr'><strong>μὲν</strong></span> <span class='ocrx_word' id='word_1_493' title='bbox 1501 3858 1598 3930; x_wconf 79' lang='grc' dir='ltr'>ἤδη</span> <span class='ocrx_word' id='word_1_494' title='bbox 1639 3859 1791 3922; x_wconf 80' lang='grc' dir='ltr'>ὄντος</span> <span class='ocrx_word' id='word_1_495' title='bbox 1814 3860 1910 3912; x_wconf 73' lang='grc' dir='ltr'>τοῦ</span> 
     </span>
    </p>
   </div>
   <div class='ocr_carea' id='block_1_68' title="bbox 243 3945 1910 4020">
    <p class='ocr_par' dir='ltr' id='par_1_68' title="bbox 243 3945 1910 4020">
     <span class='ocr_line' id='line_1_68' title="bbox 243 3945 1910 4020; baseline -0.001 -20"><span class='ocrx_word' id='word_1_496' title='bbox 243 3993 246 4000; x_wconf 96' lang='grc'><strong>.</strong></span> <span class='ocrx_word' id='word_1_497' title='bbox 321 3947 536 4020; x_wconf 87' lang='grc' dir='ltr'>ὀρνέου,</span> <span class='ocrx_word' id='word_1_498' title='bbox 565 3949 657 4000; x_wconf 76' lang='grc' dir='ltr'><strong>καὶ</strong></span> <span class='ocrx_word' id='word_1_499' title='bbox 687 3945 1017 4017; x_wconf 89' lang='grc' dir='ltr'>ὀπτηθέντος</span> <span class='ocrx_word' id='word_1_500' title='bbox 1047 3946 1320 4018; x_wconf 87' lang='grc' dir='ltr'>ἀκρότατα</span> <span class='ocrx_word' id='word_1_501' title='bbox 1341 3963 1356 3978; x_wconf 77' lang='grc' dir='ltr'><strong>ο</strong></span> <span class='ocrx_word' id='word_1_502' title='bbox 1391 3945 1710 4015; x_wconf 78' lang='grc' dir='ltr'>σϐεσθείσης</span> <span class='ocrx_word' id='word_1_503' title='bbox 1733 3945 1788 3998; x_wconf 89' lang='grc' dir='ltr'><strong>δέ</strong></span> <span class='ocrx_word' id='word_1_504' title='bbox 1810 3945 1910 4014; x_wconf 79' lang='grc' dir='ltr'><strong>τῆς</strong></span> 
     </span>
    </p>
   </div>
   <div class='ocr_carea' id='block_1_69' title="bbox 327 4035 1910 4110">
    <p class='ocr_par' dir='ltr' id='par_1_69' title="bbox 327 4035 1910 4110">
     <span class='ocr_line' id='line_1_69' title="bbox 327 4035 1910 4110; baseline -0.001 -18"><span class='ocrx_word' id='word_1_505' title='bbox 327 4039 545 4110; x_wconf 81' lang='grc' dir='ltr'>φλογὸς,</span> <span class='ocrx_word' id='word_1_506' title='bbox 571 4038 797 4107; x_wconf 65' lang='grc' dir='ltr'>λείψανα</span> <span class='ocrx_word' id='word_1_507' title='bbox 829 4041 928 4109; x_wconf 85' lang='grc' dir='ltr'>τῆς</span> <span class='ocrx_word' id='word_1_508' title='bbox 965 4038 1168 4108; x_wconf 74' lang='grc' dir='ltr'>σαρκὸς</span> <span class='ocrx_word' id='word_1_509' title='bbox 1209 4036 1374 4090; x_wconf 78' lang='grc' dir='ltr'>αὑτοῦ</span> <span class='ocrx_word' id='word_1_510' title='bbox 1417 4036 1495 4089; x_wconf 78' lang='grc' dir='ltr'><strong>ἔτι</strong></span> <span class='ocrx_word' id='word_1_511' title='bbox 1550 4035 1708 4107; x_wconf 87' lang='grc' dir='ltr'>σῶμα</span> <span class='ocrx_word' id='word_1_512' title='bbox 1752 4053 1910 4106; x_wconf 84' lang='grc' dir='ltr'>περι-</span> 
     </span>
    </p>
   </div>
   <div class='ocr_carea' id='block_1_70' title="bbox 278 4127 1912 4202">
    <p class='ocr_par' dir='ltr' id='par_1_70' title="bbox 278 4127 1912 4202">
     <span class='ocr_line' id='line_1_70' title="bbox 278 4127 1912 4202; baseline -0.002 -18"><span class='ocrx_word' id='word_1_513' title='bbox 278 4196 284 4199; x_wconf 80' lang='lat'><strong><em>_</em></strong></span> <span class='ocrx_word' id='word_1_514' title='bbox 325 4131 595 4194; x_wconf 82' lang='grc' dir='ltr'>λείπεται,</span> <span class='ocrx_word' id='word_1_515' title='bbox 628 4130 723 4185; x_wconf 74' lang='grc' dir='ltr'>καὶ</span> <span class='ocrx_word' id='word_1_516' title='bbox 761 4129 898 4202; x_wconf 80' lang='grc' dir='ltr'>πρὸς</span> <span class='ocrx_word' id='word_1_517' title='bbox 931 4129 1060 4201; x_wconf 90' lang='grc' dir='ltr'>μίαν</span> <span class='ocrx_word' id='word_1_518' title='bbox 1097 4130 1310 4200; x_wconf 80' lang='grc' dir='ltr'>ἡμέραν</span> <span class='ocrx_word' id='word_1_519' title='bbox 1359 4127 1725 4197; x_wconf 87' lang='grc' dir='ltr'>ἀφανισθέντα</span> <span class='ocrx_word' id='word_1_520' title='bbox 1770 4127 1912 4181; x_wconf 87' lang='grc' dir='ltr'>σκώ--</span> 
     </span>
    </p>
   </div>
   <div class='ocr_carea' id='block_1_71' title="bbox 325 4219 1909 4295">
    <p class='ocr_par' dir='ltr' id='par_1_71' title="bbox 325 4219 1909 4295">
     <span class='ocr_line' id='line_1_71' title="bbox 325 4219 1909 4295; baseline -0.004 -17"><span class='ocrx_word' id='word_1_521' title='bbox 325 4225 469 4295; x_wconf 86' lang='grc' dir='ltr'>ληκα</span> <span class='ocrx_word' id='word_1_522' title='bbox 493 4225 656 4294; x_wconf 84' lang='grc' dir='ltr'>γεννᾷ</span> <span class='ocrx_word' id='word_1_523' title='bbox 674 4239 687 4253; x_wconf 78' lang='grc'><strong><em>⁸</em></strong></span> <span class='ocrx_word' id='word_1_524' title='bbox 717 4225 746 4278; x_wconf 89' lang='grc' dir='ltr'><strong>ὀ</strong></span> <span class='ocrx_word' id='word_1_525' title='bbox 779 4220 996 4294; x_wconf 78' lang='grc' dir='ltr'>σκώληξ</span> <span class='ocrx_word' id='word_1_526' title='bbox 1023 4223 1318 4292; x_wconf 79' lang='grc' dir='ltr'>πτεροφνεῖ</span> <span class='ocrx_word' id='word_1_527' title='bbox 1341 4221 1553 4283; x_wconf 80' lang='grc' dir='ltr'>νεοττὸς</span> <span class='ocrx_word' id='word_1_528' title='bbox 1579 4219 1870 4290; x_wconf 82' lang='grc' dir='ltr'>γενόμενος</span> <span class='ocrx_word' id='word_1_529' title='bbox 1895 4236 1909 4252; x_wconf 89' lang='grc'><strong>·</strong></span> 
     </span>
    </p>
   </div>
   <div class='ocr_carea' id='block_1_72' title="bbox 324 4309 1913 4388">
    <p class='ocr_par' dir='ltr' id='par_1_72' title="bbox 324 4309 1913 4388">
     <span class='ocr_line' id='line_1_72' title="bbox 324 4309 1913 4388; baseline -0.006 -18"><span class='ocrx_word' id='word_1_530' title='bbox 324 4319 393 4387; x_wconf 81' lang='grc' dir='ltr'>τῇ</span> <span class='ocrx_word' id='word_1_531' title='bbox 423 4316 480 4369; x_wconf 82' lang='grc' dir='ltr'>δὲ</span> <span class='ocrx_word' id='word_1_532' title='bbox 521 4315 678 4387; x_wconf 77' lang='grc' dir='ltr'>τρίτῃ</span> <span class='ocrx_word' id='word_1_533' title='bbox 711 4315 893 4388; x_wconf 78' lang='grc' dir='ltr'>ἡμέρᾳ</span> <span class='ocrx_word' id='word_1_534' title='bbox 918 4315 1226 4386; x_wconf 85' lang='grc' dir='ltr'>ἀδρύνεται,</span> <span class='ocrx_word' id='word_1_535' title='bbox 1257 4312 1350 4365; x_wconf 78' lang='grc' dir='ltr'><strong>καὶ</strong></span> <span class='ocrx_word' id='word_1_536' title='bbox 1384 4311 1668 4385; x_wconf 81' lang='grc' dir='ltr'>άδρυνθεὶς</span> <span class='ocrx_word' id='word_1_537' title='bbox 1701 4313 1812 4374; x_wconf 89' lang='grc' dir='ltr'>τοῖς</span> <span class='ocrx_word' id='word_1_538' title='bbox 1835 4309 1913 4382; x_wconf 80' lang='grc' dir='ltr'>τῷ</span> 
     </span>
    </p>
   </div>
   <div class='ocr_carea' id='block_1_73' title="bbox 327 4401 1912 4481">
    <p class='ocr_par' dir='ltr' id='par_1_73' title="bbox 327 4401 1912 4481">
     <span class='ocr_line' id='line_1_73' title="bbox 327 4401 1912 4481; baseline -0.003 -19"><span class='ocrx_word' id='word_1_539' title='bbox 327 4409 478 4480; x_wconf 82' lang='grc' dir='ltr'>τόπῳ</span> <span class='ocrx_word' id='word_1_540' title='bbox 507 4407 1037 4481; x_wconf 80' lang='grc' dir='ltr'>ἐξυπηρετουμένοις</span> <span class='ocrx_word' id='word_1_541' title='bbox 1063 4407 1258 4461; x_wconf 84' lang='grc' dir='ltr'>ἑαυτὸν</span> <span class='ocrx_word' id='word_1_542' title='bbox 1297 4406 1609 4479; x_wconf 79' lang='grc' dir='ltr'>ἐμφανίζει,</span> <span class='ocrx_word' id='word_1_543' title='bbox 1635 4406 1728 4458; x_wconf 74' lang='grc' dir='ltr'><strong>καὶ</strong></span> <span class='ocrx_word' id='word_1_544' title='bbox 1757 4401 1912 4469; x_wconf 73' lang='grc' dir='ltr'>αὖθις</span> 
     </span>
    </p>
   </div>
   <div class='ocr_carea' id='block_1_74' title="bbox 327 4499 1803 4573">
    <p class='ocr_par' dir='ltr' id='par_1_74' title="bbox 327 4499 1803 4573">
     <span class='ocr_line' id='line_1_74' title="bbox 327 4499 1803 4573; baseline -0.002 -19"><span class='ocrx_word' id='word_1_545' title='bbox 327 4499 621 4572; x_wconf 84' lang='grc' dir='ltr'>ἀνατρέχει</span> <span class='ocrx_word' id='word_1_546' title='bbox 645 4502 722 4564; x_wconf 87' lang='grc' dir='ltr'><strong>είς</strong></span> <span class='ocrx_word' id='word_1_547' title='bbox 748 4499 848 4573; x_wconf 80' lang='grc' dir='ltr'>τὴν</span> <span class='ocrx_word' id='word_1_548' title='bbox 881 4499 1014 4554; x_wconf 87' lang='grc' dir='ltr'>ἰδίαν</span> <span class='ocrx_word' id='word_1_549' title='bbox 1040 4499 1295 4572; x_wconf 86' lang='grc' dir='ltr'>πατρίδα,</span> <span class='ocrx_word' id='word_1_550' title='bbox 1328 4499 1422 4552; x_wconf 63' lang='grc' dir='ltr'><strong>καὶ⁵</strong></span> <span class='ocrx_word' id='word_1_551' title='bbox 1445 4499 1803 4554; x_wconf 77' lang='grc' dir='ltr'>ἀναπαύεται.</span> 
     </span>
    </p>
   </div>
   <div class='ocr_carea' id='block_1_75' title="bbox 397 4775 1913 4850">
    <p class='ocr_par' dir='ltr' id='par_1_75' title="bbox 397 4775 1913 4850">
     <span class='ocr_line' id='line_1_75' title="bbox 397 4775 1913 4850; baseline -0.005 -15"><span class='ocrx_word' id='word_1_552' title='bbox 397 4780 525 4836; x_wconf 85' lang='grc' dir='ltr'><strong>ΠΕ’.</strong></span> <span class='ocrx_word' id='word_1_553' title='bbox 556 4779 846 4850; x_wconf 86' lang='grc' dir='ltr'>Θαυμάσαι</span> <span class='ocrx_word' id='word_1_554' title='bbox 875 4778 932 4832; x_wconf 87' lang='grc' dir='ltr'><strong>δέ</strong></span> <span class='ocrx_word' id='word_1_555' title='bbox 981 4795 1074 4849; x_wconf 84' lang='grc' dir='ltr'><strong>μοι</strong></span> <span class='ocrx_word' id='word_1_556' title='bbox 1113 4775 1299 4830; x_wconf 78' lang='grc' dir='ltr'>ἔπεστι</span> <span class='ocrx_word' id='word_1_557' title='bbox 1328 4775 1460 4848; x_wconf 73' lang='grc' dir='ltr'>περὶ</span> <span class='ocrx_word' id='word_1_558' title='bbox 1500 4775 1602 4847; x_wconf 82' lang='grc' dir='ltr'><strong>τῆς</strong></span> <span class='ocrx_word' id='word_1_559' title='bbox 1643 4775 1752 4830; x_wconf 89' lang='grc' dir='ltr'><strong>τῶν</strong></span> <span class='ocrx_word' id='word_1_560' title='bbox 1787 4775 1913 4830; x_wconf 90' lang='grc' dir='ltr'>ἀπί-</span> 
     </span>
    </p>
   </div>
   <div class='ocr_carea' id='block_1_76' title="bbox 329 4867 1914 4942">
    <p class='ocr_par' dir='ltr' id='par_1_76' title="bbox 329 4867 1914 4942">
     <span class='ocr_line' id='line_1_76' title="bbox 329 4867 1914 4942; baseline -0.004 -16"><span class='ocrx_word' id='word_1_561' title='bbox 329 4890 472 4926; x_wconf 86' lang='grc' dir='ltr'>στων</span> <span class='ocrx_word' id='word_1_562' title='bbox 523 4871 792 4942; x_wconf 85' lang='grc' dir='ltr'>Ἑλλήνων</span> <span class='ocrx_word' id='word_1_563' title='bbox 837 4871 931 4923; x_wconf 73' lang='grc' dir='ltr'><strong>καὶ</strong></span> <span class='ocrx_word' id='word_1_564' title='bbox 980 4868 1154 4924; x_wconf 81' lang='grc' dir='ltr'>ἄλλων</span> <span class='ocrx_word' id='word_1_565' title='bbox 1209 4867 1500 4940; x_wconf 80' lang='grc' dir='ltr'>βαρϐάρων</span> <span class='ocrx_word' id='word_1_566' title='bbox 1551 4867 1914 4939; x_wconf 82' lang='grc' dir='ltr'>ήπατημένης</span> 
     </span>
    </p>
   </div>
   <div class='ocr_carea' id='block_1_77' title="bbox 327 4955 1913 5027">
    <p class='ocr_par' dir='ltr' id='par_1_77' title="bbox 327 4955 1913 5027">
     <span class='ocr_line' id='line_1_77' title="bbox 327 4955 1913 5027; baseline -0.004 -12"><span class='ocrx_word' id='word_1_567' title='bbox 327 4957 471 5015; x_wconf 87' lang='grc' dir='ltr'><strong>κατά</strong></span> <span class='ocrx_word' id='word_1_568' title='bbox 497 4958 675 5012; x_wconf 86' lang='grc' dir='ltr'>πάντα</span> <span class='ocrx_word' id='word_1_569' title='bbox 713 4957 973 5021; x_wconf 83' lang='grc' dir='ltr'>διανοίας,</span> <span class='ocrx_word' id='word_1_570' title='bbox 1011 4956 1092 5020; x_wconf 74' lang='grc' dir='ltr'>ὡς</span> <span class='ocrx_word' id='word_1_571' title='bbox 1121 4957 1180 5011; x_wconf 84' lang='grc' dir='ltr'><strong>ἐν</strong></span> <span class='ocrx_word' id='word_1_572' title='bbox 1217 4959 1327 5020; x_wconf 85' lang='grc' dir='ltr'>τοῖς</span> <span class='ocrx_word' id='word_1_573' title='bbox 1372 4956 1552 5010; x_wconf 79' lang='grc' dir='ltr'>αὐτῶν</span> <span class='ocrx_word' id='word_1_574' title='bbox 1589 4955 1780 5027; x_wconf 87' lang='grc' dir='ltr'>μύθοις</span> <span class='ocrx_word' id='word_1_575' title='bbox 1812 4956 1913 5008; x_wconf 82' lang='grc' dir='ltr'><strong>οὐκ</strong></span> 
     </span>
    </p>
   </div>
   <div class='ocr_carea' id='block_1_78' title="bbox 328 5048 1919 5122">
    <p class='ocr_par' dir='ltr' id='par_1_78' title="bbox 328 5048 1919 5122">
     <span class='ocr_line' id='line_1_78' title="bbox 328 5048 1919 5122; baseline -0.001 -18"><span class='ocrx_word' id='word_1_576' title='bbox 328 5049 675 5122; x_wconf 84' lang='grc' dir='ltr'>αἰσχύνονται</span> <span class='ocrx_word' id='word_1_577' title='bbox 700 5049 994 5104; x_wconf 85' lang='grc' dir='ltr'>ἀνάστασιν</span> <span class='ocrx_word' id='word_1_578' title='bbox 1013 5048 1177 5104; x_wconf 76' lang='grc' dir='ltr'>παντὶ</span> <span class='ocrx_word' id='word_1_579' title='bbox 1194 5049 1500 5120; x_wconf 84' lang='grc' dir='ltr'>σημαίνειν,</span> <span class='ocrx_word' id='word_1_580' title='bbox 1524 5049 1618 5103; x_wconf 75' lang='grc' dir='ltr'><strong>καὶ</strong></span> <span class='ocrx_word' id='word_1_581' title='bbox 1640 5065 1709 5101; x_wconf 87' lang='grc' dir='ltr'><strong>πε</strong></span> <span class='ocrx_word' id='word_1_582' title='bbox 1718 5049 1771 5119; x_wconf 72' lang='lat' dir='ltr'><strong>pi</strong></span> <span class='ocrx_word' id='word_1_583' title='bbox 1791 5048 1919 5102; x_wconf 80' lang='grc' dir='ltr'>άναο</span> 
     </span>
    </p>
   </div>
   <div class='ocr_carea' id='block_1_79' title="bbox 332 5139 1915 5214">
    <p class='ocr_par' dir='ltr' id='par_1_79' title="bbox 332 5139 1915 5214">
     <span class='ocr_line' id='line_1_79' title="bbox 332 5139 1915 5214; baseline -0.002 -18"><span class='ocrx_word' id='word_1_584' title='bbox 332 5143 576 5207; x_wconf 89' lang='grc' dir='ltr'>στάσεως</span> <span class='ocrx_word' id='word_1_585' title='bbox 602 5141 862 5206; x_wconf 87' lang='grc' dir='ltr'>πολλάκις</span> <span class='ocrx_word' id='word_1_586' title='bbox 886 5141 1053 5214; x_wconf 74' lang='grc' dir='ltr'>ᾄδειν,</span> <span class='ocrx_word' id='word_1_587' title='bbox 1089 5141 1165 5206; x_wconf 82' lang='grc' dir='ltr'>ὡς</span> <span class='ocrx_word' id='word_1_588' title='bbox 1192 5143 1242 5194; x_wconf 84' lang='grc' dir='ltr'><strong>οἰ</strong></span> <span class='ocrx_word' id='word_1_589' title='bbox 1272 5141 1432 5214; x_wconf 81' lang='grc' dir='ltr'>μῦθοι</span> <span class='ocrx_word' id='word_1_590' title='bbox 1457 5141 1640 5196; x_wconf 84' lang='grc' dir='ltr'>αὐτῶν</span> <span class='ocrx_word' id='word_1_591' title='bbox 1673 5139 1915 5212; x_wconf 87' lang='grc' dir='ltr'>ἀναγρά-</span> 
     </span>
    </p>
   </div>
   <div class='ocr_carea' id='block_1_80' title="bbox 401 5297 952 5372">
    <p class='ocr_par' dir='ltr' id='par_1_80' title="bbox 401 5297 952 5372">
     <span class='ocr_line' id='line_1_80' title="bbox 401 5297 952 5372; baseline -0.005 -17"><span class='ocrx_word' id='word_1_592' title='bbox 401 5302 418 5334; x_wconf 87' lang='grc'>¹</span> <span class='ocrx_word' id='word_1_593' title='bbox 451 5300 616 5358; x_wconf 85' lang='lat' dir='ltr'><strong>Deest</strong></span> <span class='ocrx_word' id='word_1_594' title='bbox 647 5297 952 5372; x_wconf 86' lang='lat' dir='ltr'><strong>quidpiam.</strong></span> 
     </span>
    </p>
   </div>
   <div class='ocr_carea' id='block_1_81' title="bbox 402 5453 1902 5528">
    <p class='ocr_par' dir='ltr' id='par_1_81' title="bbox 402 5453 1902 5528">
     <span class='ocr_line' id='line_1_81' title="bbox 402 5453 1902 5528; baseline -0.001 -16"><span class='ocrx_word' id='word_1_595' title='bbox 402 5455 516 5528; x_wconf 74' lang='grc'><strong>(42)</strong></span> <span class='ocrx_word' id='word_1_596' title='bbox 544 5455 621 5528; x_wconf 63' lang='lat' dir='ltr'><strong>De</strong></span> <span class='ocrx_word' id='word_1_597' title='bbox 649 5453 978 5528; x_wconf 83' lang='lat' dir='ltr'><strong>animalculo</strong></span> <span class='ocrx_word' id='word_1_598' title='bbox 1003 5454 1120 5528; x_wconf 82' lang='lat' dir='ltr'><strong>illo,</strong></span> <span class='ocrx_word' id='word_1_599' title='bbox 1154 5454 1469 5528; x_wconf 82' lang='lat' dir='ltr'><strong>cui_nome_n</strong></span> <span class='ocrx_word' id='word_1_600' title='bbox 1492 5453 1708 5528; x_wconf 71' lang='grc' dir='ltr'>μυωξὸς</span> <span class='ocrx_word' id='word_1_601' title='bbox 1729 5453 1902 5528; x_wconf 72' lang='lat' dir='ltr'><strong>Graeci</strong></span> 
     </span>
    </p>
   </div>
   <div class='ocr_carea' id='block_1_82' title="bbox 335 5493 1904 5596">
    <p class='ocr_par' dir='ltr' id='par_1_82' title="bbox 335 5493 1904 5596">
     <span class='ocr_line' id='line_1_82' title="bbox 335 5493 1904 5596; baseline -0.002 -14"><span class='ocrx_word' id='word_1_602' title='bbox 335 5493 1120 5596; x_wconf 39' lang='lat' dir='ltr'><strong>tege-3.1:,&quot;Epipiianiu‘suidei‘u’</strong></span> <span class='ocrx_word' id='word_1_603' title='bbox 1255 5523 1447 5596; x_wconf 68' lang='lat' dir='ltr'><strong>lueresi</strong></span> <span class='ocrx_word' id='word_1_604' title='bbox 1483 5493 1573 5596; x_wconf 60' lang='lat' dir='ltr'><strong>git,</strong></span> 
     </span>
    </p>
   </div>
   <div class='ocr_carea' id='block_1_83' title="bbox 333 5592 1907 5662">
    <p class='ocr_par' dir='ltr' id='par_1_83' title="bbox 333 5592 1907 5662">
     <span class='ocr_line' id='line_1_83' title="bbox 333 5592 1907 5662; baseline -0.003 -8"><span class='ocrx_word' id='word_1_605' title='bbox 333 5599 436 5654; x_wconf 86' lang='lat' dir='ltr'><strong>sub</strong></span> <span class='ocrx_word' id='word_1_606' title='bbox 466 5592 642 5652; x_wconf 74' lang='lat' dir='ltr'><strong>tinem</strong></span> <span class='ocrx_word' id='word_1_607' title='bbox 665 5592 780 5650; x_wconf 67' lang='lat' dir='ltr'><strong>Haec</strong></span> <span class='ocrx_word' id='word_1_608' title='bbox 819 5596 981 5651; x_wconf 88' lang='lat' dir='ltr'><strong>habet</strong></span> <span class='ocrx_word' id='word_1_609' title='bbox 1004 5597 1158 5662; x_wconf 88' lang='lat' dir='ltr'><strong>juxta</strong></span> <span class='ocrx_word' id='word_1_610' title='bbox 1191 5593 1441 5647; x_wconf 88' lang='lat' dir='ltr'><strong>Latinam</strong></span> <span class='ocrx_word' id='word_1_611' title='bbox 1487 5592 1692 5648; x_wconf 86' lang='lat' dir='ltr'><strong>Petavii</strong></span> <span class='ocrx_word' id='word_1_612' title='bbox 1737 5596 1907 5650; x_wconf 89' lang='lat' dir='ltr'><strong>inter-</strong></span> 
     </span>
    </p>
   </div>
   <div class='ocr_carea' id='block_1_84' title="bbox 332 5664 1906 5742">
    <p class='ocr_par' dir='ltr' id='par_1_84' title="bbox 332 5664 1906 5742">
     <span class='ocr_line' id='line_1_84' title="bbox 332 5664 1906 5742; baseline -0.002 -21"><span class='ocrx_word' id='word_1_613' title='bbox 332 5667 696 5742; x_wconf 80' lang='lat' dir='ltr'><strong>pretationem</strong></span> <span class='ocrx_word' id='word_1_614' title='bbox 717 5685 743 5742; x_wconf 36' lang='grc' dir='ltr'><strong>,ε</strong></span> <span class='ocrx_word' id='word_1_615' title='bbox 780 5665 1130 5742; x_wconf 68' lang='lat' dir='ltr'><strong>Naturalium</strong></span> <span class='ocrx_word' id='word_1_616' title='bbox 1148 5680 1328 5742; x_wconf 63' lang='lat' dir='ltr'><strong>rerum</strong></span> <span class='ocrx_word' id='word_1_617' title='bbox 1355 5664 1636 5742; x_wconf 64' lang='lat' dir='ltr'><strong>scriptores</strong></span> <span class='ocrx_word' id='word_1_618' title='bbox 1662 5674 1906 5742; x_wconf 69' lang='lat' dir='ltr'><strong>asserunt</strong></span> 
     </span>
    </p>
   </div>
   <div class='ocr_carea' id='block_1_85' title="bbox 333 5733 1908 5807">
    <p class='ocr_par' dir='ltr' id='par_1_85' title="bbox 333 5733 1908 5807">
     <span class='ocr_line' id='line_1_85' title="bbox 333 5733 1908 5807; baseline -0.002 -15"><span class='ocrx_word' id='word_1_619' title='bbox 333 5733 586 5807; x_wconf 70' lang='lat' dir='ltr'><strong>iuyoxum</strong></span> <span class='ocrx_word' id='word_1_620' title='bbox 617 5738 670 5790; x_wconf 85' lang='lat' dir='ltr'><strong>in</strong></span> <span class='ocrx_word' id='word_1_621' title='bbox 709 5735 946 5792; x_wconf 78' lang='lat' dir='ltr'><strong>latibulis</strong></span> <span class='ocrx_word' id='word_1_622' title='bbox 989 5737 1100 5790; x_wconf 87' lang='lat' dir='ltr'><strong>suis</strong></span> <span class='ocrx_word' id='word_1_623' title='bbox 1139 5738 1276 5803; x_wconf 75' lang='lat' dir='ltr'><strong>fetus</strong></span> <span class='ocrx_word' id='word_1_624' title='bbox 1314 5733 1494 5807; x_wconf 71' lang='lat' dir='ltr'><strong>eodem</strong></span> <span class='ocrx_word' id='word_1_625' title='bbox 1525 5745 1682 5800; x_wconf 81' lang='lat' dir='ltr'><strong>partu</strong></span> <span class='ocrx_word' id='word_1_626' title='bbox 1730 5737 1908 5802; x_wconf 82' lang='lat' dir='ltr'><strong>plures</strong></span> 
     </span>
    </p>
   </div>
   <div class='ocr_carea' id='block_1_86' title="bbox 336 5804 1912 5875">
    <p class='ocr_par' dir='ltr' id='par_1_86' title="bbox 336 5804 1912 5875">
     <span class='ocr_line' id='line_1_86' title="bbox 336 5804 1912 5875; baseline -0.004 -11"><span class='ocrx_word' id='word_1_627' title='bbox 336 5804 515 5871; x_wconf 77' lang='lat' dir='ltr'><strong>edere;</strong></span> <span class='ocrx_word' id='word_1_628' title='bbox 548 5807 772 5875; x_wconf 84' lang='lat' dir='ltr'><strong>quinque</strong></span> <span class='ocrx_word' id='word_1_629' title='bbox 824 5807 1058 5860; x_wconf 78' lang='lat' dir='ltr'><strong>videlicet</strong></span> <span class='ocrx_word' id='word_1_630' title='bbox 1100 5816 1148 5860; x_wconf 85' lang='lat' dir='ltr'><strong>et</strong></span> <span class='ocrx_word' id='word_1_631' title='bbox 1182 5821 1241 5858; x_wconf 89' lang='lat' dir='ltr'><strong>eo</strong></span> <span class='ocrx_word' id='word_1_632' title='bbox 1279 5804 1528 5875; x_wconf 80' lang='lat' dir='ltr'><strong>amplius.</strong></span> <span class='ocrx_word' id='word_1_633' title='bbox 1584 5807 1749 5874; x_wconf 79' lang='lat' dir='ltr'><strong>iisque</strong></span> <span class='ocrx_word' id='word_1_634' title='bbox 1783 5808 1912 5860; x_wconf 81' lang='lat' dir='ltr'><strong>insi-</strong></span> 
     </span>
    </p>
   </div>
   <div class='ocr_carea' id='block_1_87' title="bbox 335 5874 1912 5944">
    <p class='ocr_par' dir='ltr' id='par_1_87' title="bbox 335 5874 1912 5944">
     <span class='ocr_line' id='line_1_87' title="bbox 335 5874 1912 5944; baseline -0.003 -10"><span class='ocrx_word' id='word_1_635' title='bbox 335 5880 480 5934; x_wconf 84' lang='lat' dir='ltr'><strong>diari</strong></span> <span class='ocrx_word' id='word_1_636' title='bbox 511 5874 756 5944; x_wconf 74' lang='lat' dir='ltr'><strong>viperam.</strong></span> <span class='ocrx_word' id='word_1_637' title='bbox 787 5877 917 5944; x_wconf 82' lang='lat' dir='ltr'><strong>Qua:</strong></span> <span class='ocrx_word' id='word_1_638' title='bbox 948 5879 1213 5932; x_wconf 74' lang='lat' dir='ltr'><strong>universos</strong></span> <span class='ocrx_word' id='word_1_639' title='bbox 1239 5876 1293 5930; x_wconf 82' lang='lat' dir='ltr'><strong>in</strong></span> <span class='ocrx_word' id='word_1_640' title='bbox 1329 5874 1548 5930; x_wconf 80' lang='lat' dir='ltr'><strong>latibqu</strong></span> <span class='ocrx_word' id='word_1_641' title='bbox 1591 5887 1766 5942; x_wconf 79' lang='lat' dir='ltr'><strong>nacta,</strong></span> <span class='ocrx_word' id='word_1_642' title='bbox 1794 5893 1912 5930; x_wconf 83' lang='lat' dir='ltr'><strong>cum</strong></span> 
     </span>
    </p>
   </div>
   <div class='ocr_carea' id='block_1_88' title="bbox 2019 3305 3598 3381">
    <p class='ocr_par' dir='ltr' id='par_1_88' title="bbox 2019 3305 3598 3381">
     <span class='ocr_line' id='line_1_88' title="bbox 2019 3305 3598 3381; baseline 0.002 -19"><span class='ocrx_word' id='word_1_643' title='bbox 2019 3309 2112 3376; x_wconf 91' lang='lat' dir='ltr'><strong>let,</strong></span> <span class='ocrx_word' id='word_1_644' title='bbox 2159 3322 2280 3378; x_wconf 69' lang='lat' dir='ltr'><strong>quae</strong></span> <span class='ocrx_word' id='word_1_645' title='bbox 2326 3305 2628 3378; x_wconf 81' lang='lat' dir='ltr'><strong>Heliopolis</strong></span> <span class='ocrx_word' id='word_1_646' title='bbox 2673 3308 2999 3378; x_wconf 87' lang='lat' dir='ltr'><strong>appellatur,</strong></span> <span class='ocrx_word' id='word_1_647' title='bbox 3042 3307 3112 3363; x_wconf 90' lang='lat' dir='ltr'><strong>ab</strong></span> <span class='ocrx_word' id='word_1_648' title='bbox 3160 3306 3434 3381; x_wconf 66' lang='lat' dir='ltr'><strong>Egyptiis</strong></span> <span class='ocrx_word' id='word_1_649' title='bbox 3466 3325 3598 3366; x_wconf 89' lang='lat' dir='ltr'><strong>vero</strong></span> 
     </span>
    </p>
   </div>
   <div class='ocr_carea' id='block_1_89' title="bbox 2017 3398 3598 3472">
    <p class='ocr_par' dir='ltr' id='par_1_89' title="bbox 2017 3398 3598 3472">
     <span class='ocr_line' id='line_1_89' title="bbox 2017 3398 3598 3472; baseline 0.001 -16"><span class='ocrx_word' id='word_1_650' title='bbox 2017 3408 2072 3456; x_wconf 91' lang='lat' dir='ltr'><strong>et</strong></span> <span class='ocrx_word' id='word_1_651' title='bbox 2105 3399 2344 3467; x_wconf 74' lang='lat' dir='ltr'><strong>llebrzeis</strong></span> <span class='ocrx_word' id='word_1_652' title='bbox 2374 3398 2476 3455; x_wconf 92' lang='lat' dir='ltr'><strong>On.</strong></span> <span class='ocrx_word' id='word_1_653' title='bbox 2524 3399 2600 3454; x_wconf 91' lang='lat' dir='ltr'><strong>lbi</strong></span> <span class='ocrx_word' id='word_1_654' title='bbox 2639 3408 2829 3472; x_wconf 89' lang='lat' dir='ltr'><strong>pectus</strong></span> <span class='ocrx_word' id='word_1_655' title='bbox 2883 3416 3043 3457; x_wconf 88' lang='lat' dir='ltr'><strong>suum</strong></span> <span class='ocrx_word' id='word_1_656' title='bbox 3075 3403 3288 3472; x_wconf 82' lang='lat' dir='ltr'><strong>saepius</strong></span> <span class='ocrx_word' id='word_1_657' title='bbox 3322 3402 3425 3458; x_wconf 86' lang='lat' dir='ltr'><strong>alis</strong></span> <span class='ocrx_word' id='word_1_658' title='bbox 3463 3417 3598 3458; x_wconf 89' lang='lat' dir='ltr'><strong>con-</strong></span> 
     </span>
    </p>
   </div>
   <div class='ocr_carea' id='block_1_90' title="bbox 2016 3492 3598 3567">
    <p class='ocr_par' dir='ltr' id='par_1_90' title="bbox 2016 3492 3598 3567">
     <span class='ocr_line' id='line_1_90' title="bbox 2016 3492 3598 3567; baseline 0.001 -19"><span class='ocrx_word' id='word_1_659' title='bbox 2016 3492 2334 3556; x_wconf 86' lang='lat' dir='ltr'><strong>verberans,</strong></span> <span class='ocrx_word' id='word_1_660' title='bbox 2391 3492 2567 3562; x_wconf 81' lang='lat' dir='ltr'><strong>ignem</strong></span> <span class='ocrx_word' id='word_1_661' title='bbox 2609 3507 2640 3548; x_wconf 90' lang='lat' dir='ltr'><strong>e</strong></span> <span class='ocrx_word' id='word_1_662' title='bbox 2694 3509 2795 3548; x_wconf 89' lang='lat' dir='ltr'><strong>suo</strong></span> <span class='ocrx_word' id='word_1_663' title='bbox 2854 3509 3083 3562; x_wconf 87' lang='lat' dir='ltr'><strong>corpore</strong></span> <span class='ocrx_word' id='word_1_664' title='bbox 3139 3493 3420 3563; x_wconf 85' lang='lat' dir='ltr'><strong>exprimit,</strong></span> <span class='ocrx_word' id='word_1_665' title='bbox 3486 3511 3598 3567; x_wconf 92' lang='lat' dir='ltr'><strong>quo</strong></span> 
     </span>
    </p>
   </div>
   <div class='ocr_carea' id='block_1_91' title="bbox 2018 3582 3596 3657">
    <p class='ocr_par' dir='ltr' id='par_1_91' title="bbox 2018 3582 3596 3657">
     <span class='ocr_line' id='line_1_91' title="bbox 2018 3582 3596 3657; baseline 0.001 -18"><span class='ocrx_word' id='word_1_666' title='bbox 2018 3583 2322 3654; x_wconf 74' lang='lat' dir='ltr'><strong>subjectum</strong></span> <span class='ocrx_word' id='word_1_667' title='bbox 2393 3582 2681 3638; x_wconf 87' lang='lat' dir='ltr'><strong>materiam</strong></span> <span class='ocrx_word' id='word_1_668' title='bbox 2744 3583 2985 3639; x_wconf 82' lang='lat' dir='ltr'><strong>incendit</strong></span> <span class='ocrx_word' id='word_1_669' title='bbox 3041 3603 3053 3640; x_wconf 90' lang='lat'><strong>:</strong></span> <span class='ocrx_word' id='word_1_670' title='bbox 3114 3585 3190 3639; x_wconf 85' lang='lat' dir='ltr'><strong>ita</strong></span> <span class='ocrx_word' id='word_1_671' title='bbox 3247 3585 3596 3657; x_wconf 90' lang='lat' dir='ltr'><strong>seme-tipsam</strong></span> 
     </span>
    </p>
   </div>
   <div class='ocr_carea' id='block_1_92' title="bbox 2023 3677 3593 3746">
    <p class='ocr_par' dir='ltr' id='par_1_92' title="bbox 2023 3677 3593 3746">
     <span class='ocr_line' id='line_1_92' title="bbox 2023 3677 3593 3746; baseline 0.001 -15"><span class='ocrx_word' id='word_1_672' title='bbox 2023 3691 2358 3746; x_wconf 86' lang='lat' dir='ltr'><strong>carnemque</strong></span> <span class='ocrx_word' id='word_1_673' title='bbox 2439 3690 2593 3731; x_wconf 90' lang='lat' dir='ltr'><strong>suam</strong></span> <span class='ocrx_word' id='word_1_674' title='bbox 2651 3679 2868 3730; x_wconf 84' lang='lat' dir='ltr'><strong>omnem</strong></span> <span class='ocrx_word' id='word_1_675' title='bbox 2932 3691 3058 3731; x_wconf 91' lang='lat' dir='ltr'><strong>cum</strong></span> <span class='ocrx_word' id='word_1_676' title='bbox 3119 3677 3340 3734; x_wconf 90' lang='lat' dir='ltr'><strong>ossibus</strong></span> <span class='ocrx_word' id='word_1_677' title='bbox 3395 3678 3593 3734; x_wconf 87' lang='lat' dir='ltr'><strong>exurit.</strong></span> 
     </span>
    </p>
   </div>
   <div class='ocr_carea' id='block_1_93' title="bbox 2020 3766 3594 3842">
    <p class='ocr_par' dir='ltr' id='par_1_93' title="bbox 2020 3766 3594 3842">
     <span class='ocr_line' id='line_1_93' title="bbox 2020 3766 3594 3842; baseline 0.002 -20"><span class='ocrx_word' id='word_1_678' title='bbox 2020 3767 2160 3841; x_wconf 88' lang='lat' dir='ltr'><strong>Tum</strong></span> <span class='ocrx_word' id='word_1_679' title='bbox 2217 3769 2431 3823; x_wconf 88' lang='lat' dir='ltr'><strong>occulta</strong></span> <span class='ocrx_word' id='word_1_680' title='bbox 2478 3767 2714 3838; x_wconf 88' lang='lat' dir='ltr'><strong>quadam</strong></span> <span class='ocrx_word' id='word_1_681' title='bbox 2761 3766 2853 3822; x_wconf 91' lang='lat' dir='ltr'><strong>Dei</strong></span> <span class='ocrx_word' id='word_1_682' title='bbox 2907 3769 3250 3838; x_wconf 86' lang='lat' dir='ltr'><strong>providentia</strong></span> <span class='ocrx_word' id='word_1_683' title='bbox 3307 3768 3594 3842; x_wconf 82' lang='lat' dir='ltr'><strong>superfusa</strong></span> 
     </span>
    </p>
   </div>
   <div class='ocr_carea' id='block_1_94' title="bbox 2018 3857 3600 3933">
    <p class='ocr_par' dir='ltr' id='par_1_94' title="bbox 2018 3857 3600 3933">
     <span class='ocr_line' id='line_1_94' title="bbox 2018 3857 3600 3933; baseline 0.003 -19"><span class='ocrx_word' id='word_1_684' title='bbox 2018 3859 2192 3914; x_wconf 89' lang='lat' dir='ltr'><strong>nubes</strong></span> <span class='ocrx_word' id='word_1_685' title='bbox 2245 3858 2474 3930; x_wconf 89' lang='lat' dir='ltr'><strong>depluit,</strong></span> <span class='ocrx_word' id='word_1_686' title='bbox 2527 3873 2591 3915; x_wconf 91' lang='lat' dir='ltr'><strong>ac</strong></span> <span class='ocrx_word' id='word_1_687' title='bbox 2642 3857 2918 3914; x_wconf 88' lang='lat' dir='ltr'><strong>ﬂammam</strong></span> <span class='ocrx_word' id='word_1_688' title='bbox 2968 3860 3116 3915; x_wconf 88' lang='lat' dir='ltr'><strong>illam</strong></span> <span class='ocrx_word' id='word_1_689' title='bbox 3163 3877 3284 3933; x_wconf 69' lang='lat' dir='ltr'><strong>qua:</strong></span> <span class='ocrx_word' id='word_1_690' title='bbox 3315 3864 3433 3917; x_wconf 82' lang='lat' dir='ltr'><strong>avis</strong></span> <span class='ocrx_word' id='word_1_691' title='bbox 3473 3878 3600 3918; x_wconf 86' lang='lat' dir='ltr'><strong>cor-</strong></span> 
     </span>
    </p>
   </div>
   <div class='ocr_carea' id='block_1_95' title="bbox 2017 3938 3598 4025">
    <p class='ocr_par' dir='ltr' id='par_1_95' title="bbox 2017 3938 3598 4025">
     <span class='ocr_line' id='line_1_95' title="bbox 2017 3938 3598 4025; baseline 0.001 -17"><span class='ocrx_word' id='word_1_692' title='bbox 2017 3967 2121 4024; x_wconf 89' lang='lat' dir='ltr'><strong>pus</strong></span> <span class='ocrx_word' id='word_1_693' title='bbox 2171 3952 2398 4022; x_wconf 86' lang='lat' dir='ltr'><strong>depasta</strong></span> <span class='ocrx_word' id='word_1_694' title='bbox 2447 3949 2646 4016; x_wconf 69' lang='lat' dir='ltr'><strong>inierit,</strong></span> <span class='ocrx_word' id='word_1_695' title='bbox 2693 3949 2804 4021; x_wconf 81' lang='lat'><strong>90</strong></span> <span class='ocrx_word' id='word_1_696' title='bbox 2838 3938 3170 4024; x_wconf 80' lang='lat' dir='ltr'><strong>exstinguit.</strong></span> <span class='ocrx_word' id='word_1_697' title='bbox 3230 3953 3444 4009; x_wconf 81' lang='lat' dir='ltr'><strong>Mortua</strong></span> <span class='ocrx_word' id='word_1_698' title='bbox 3496 3955 3598 4025; x_wconf 86' lang='lat' dir='ltr'><strong>igi-</strong></span> 
     </span>
    </p>
   </div>
   <div class='ocr_carea' id='block_1_96' title="bbox 2017 4038 3598 4111">
    <p class='ocr_par' dir='ltr' id='par_1_96' title="bbox 2017 4038 3598 4111">
     <span class='ocr_line' id='line_1_96' title="bbox 2017 4038 3598 4111; baseline 0.002 -16"><span class='ocrx_word' id='word_1_699' title='bbox 2017 4049 2110 4096; x_wconf 91' lang='lat' dir='ltr'><strong>tur</strong></span> <span class='ocrx_word' id='word_1_700' title='bbox 2171 4055 2270 4097; x_wconf 87' lang='lat' dir='ltr'><strong>ave</strong></span> <span class='ocrx_word' id='word_1_701' title='bbox 2331 4055 2395 4095; x_wconf 87' lang='lat' dir='ltr'><strong>ac</strong></span> <span class='ocrx_word' id='word_1_702' title='bbox 2454 4038 2692 4095; x_wconf 88' lang='lat' dir='ltr'><strong>ﬂammis</strong></span> <span class='ocrx_word' id='word_1_703' title='bbox 2756 4056 2984 4111; x_wconf 90' lang='lat' dir='ltr'><strong>prorsus</strong></span> <span class='ocrx_word' id='word_1_704' title='bbox 3045 4050 3266 4108; x_wconf 89' lang='lat' dir='ltr'><strong>assata,</strong></span> <span class='ocrx_word' id='word_1_705' title='bbox 3333 4045 3598 4099; x_wconf 84' lang='lat' dir='ltr'><strong>restincta</strong></span> 
     </span>
    </p>
   </div>
   <div class='ocr_carea' id='block_1_97' title="bbox 2017 4133 3600 4206">
    <p class='ocr_par' dir='ltr' id='par_1_97' title="bbox 2017 4133 3600 4206">
     <span class='ocr_line' id='line_1_97' title="bbox 2017 4133 3600 4206; baseline 0.002 -20"><span class='ocrx_word' id='word_1_706' title='bbox 2017 4133 2277 4200; x_wconf 88' lang='lat' dir='ltr'><strong>ﬂamma,</strong></span> <span class='ocrx_word' id='word_1_707' title='bbox 2330 4136 2514 4188; x_wconf 89' lang='lat' dir='ltr'><strong>carnis</strong></span> <span class='ocrx_word' id='word_1_708' title='bbox 2566 4147 2630 4187; x_wconf 88' lang='lat' dir='ltr'><strong>ac</strong></span> <span class='ocrx_word' id='word_1_709' title='bbox 2660 4133 2929 4204; x_wconf 88' lang='lat' dir='ltr'><strong>corporis</strong></span> <span class='ocrx_word' id='word_1_710' title='bbox 2981 4133 3305 4203; x_wconf 85' lang='lat' dir='ltr'><strong>superstites</strong></span> <span class='ocrx_word' id='word_1_711' title='bbox 3355 4135 3600 4206; x_wconf 83' lang='lat' dir='ltr'><strong>reliquiae</strong></span> 
     </span>
    </p>
   </div>
   <div class='ocr_carea' id='block_1_98' title="bbox 2017 4222 3597 4294">
    <p class='ocr_par' dir='ltr' id='par_1_98' title="bbox 2017 4222 3597 4294">
     <span class='ocr_line' id='line_1_98' title="bbox 2017 4222 3597 4294; baseline 0 -16"><span class='ocrx_word' id='word_1_712' title='bbox 2017 4223 2210 4278; x_wconf 87' lang='lat' dir='ltr'><strong>eodem</strong></span> <span class='ocrx_word' id='word_1_713' title='bbox 2279 4222 2368 4278; x_wconf 88' lang='lat' dir='ltr'><strong>die</strong></span> <span class='ocrx_word' id='word_1_714' title='bbox 2442 4232 2780 4292; x_wconf 75' lang='lat' dir='ltr'><strong>consumptae</strong></span> <span class='ocrx_word' id='word_1_715' title='bbox 2834 4237 3070 4276; x_wconf 87' lang='lat' dir='ltr'><strong>vermem</strong></span> <span class='ocrx_word' id='word_1_716' title='bbox 3124 4230 3384 4293; x_wconf 85' lang='lat' dir='ltr'><strong>generant</strong></span> <span class='ocrx_word' id='word_1_717' title='bbox 3435 4241 3448 4276; x_wconf 93' lang='lat'>:</span> <span class='ocrx_word' id='word_1_718' title='bbox 3503 4225 3597 4294; x_wconf 88' lang='lat' dir='ltr'><strong>qui</strong></span> 
     </span>
    </p>
   </div>
   <div class='ocr_carea' id='block_1_99' title="bbox 2019 4313 3596 4386">
    <p class='ocr_par' dir='ltr' id='par_1_99' title="bbox 2019 4313 3596 4386">
     <span class='ocr_line' id='line_1_99' title="bbox 2019 4313 3596 4386; baseline 0.002 -19"><span class='ocrx_word' id='word_1_719' title='bbox 2019 4316 2186 4386; x_wconf 85' lang='lat' dir='ltr'><strong>paulo</strong></span> <span class='ocrx_word' id='word_1_720' title='bbox 2231 4323 2356 4386; x_wconf 92' lang='lat' dir='ltr'><strong>post</strong></span> <span class='ocrx_word' id='word_1_721' title='bbox 2396 4324 2669 4385; x_wconf 86' lang='lat' dir='ltr'><strong>pennatus</strong></span> <span class='ocrx_word' id='word_1_722' title='bbox 2701 4313 2908 4380; x_wconf 85' lang='lat' dir='ltr'><strong>evadit,</strong></span> <span class='ocrx_word' id='word_1_723' title='bbox 2946 4323 2999 4369; x_wconf 90' lang='lat' dir='ltr'><strong>et</strong></span> <span class='ocrx_word' id='word_1_724' title='bbox 3033 4313 3089 4368; x_wconf 88' lang='lat' dir='ltr'><strong>in</strong></span> <span class='ocrx_word' id='word_1_725' title='bbox 3122 4314 3330 4383; x_wconf 90' lang='lat' dir='ltr'><strong>pullum</strong></span> <span class='ocrx_word' id='word_1_726' title='bbox 3363 4331 3596 4371; x_wconf 84' lang='lat' dir='ltr'><strong>conver-</strong></span> 
     </span>
    </p>
   </div>
   <div class='ocr_carea' id='block_1_100' title="bbox 2019 4404 3595 4478">
    <p class='ocr_par' dir='ltr' id='par_1_100' title="bbox 2019 4404 3595 4478">
     <span class='ocr_line' id='line_1_100' title="bbox 2019 4404 3595 4478; baseline 0 -18"><span class='ocrx_word' id='word_1_727' title='bbox 2019 4407 2269 4462; x_wconf 90' lang='lat' dir='ltr'><strong>titur:is</strong></span> <span class='ocrx_word' id='word_1_728' title='bbox 2323 4407 2484 4462; x_wconf 90' lang='lat' dir='ltr'><strong>tertio</strong></span> <span class='ocrx_word' id='word_1_729' title='bbox 2539 4406 2628 4462; x_wconf 89' lang='lat' dir='ltr'><strong>die</strong></span> <span class='ocrx_word' id='word_1_730' title='bbox 2684 4406 2901 4461; x_wconf 90' lang='lat' dir='ltr'><strong>demum</strong></span> <span class='ocrx_word' id='word_1_731' title='bbox 2957 4404 3247 4471; x_wconf 81' lang='lat' dir='ltr'><strong>adolescit,</strong></span> <span class='ocrx_word' id='word_1_732' title='bbox 3304 4412 3466 4478; x_wconf 88' lang='lat' dir='ltr'><strong>atque</strong></span> <span class='ocrx_word' id='word_1_733' title='bbox 3520 4407 3595 4461; x_wconf 83' lang='lat' dir='ltr'><strong>ita</strong></span> 
     </span>
    </p>
   </div>
   <div class='ocr_carea' id='block_1_101' title="bbox 2021 4495 3601 4570">
    <p class='ocr_par' dir='ltr' id='par_1_101' title="bbox 2021 4495 3601 4570">
     <span class='ocr_line' id='line_1_101' title="bbox 2021 4495 3601 4570; baseline 0.001 -18"><span class='ocrx_word' id='word_1_734' title='bbox 2021 4498 2127 4553; x_wconf 90' lang='lat' dir='ltr'><strong>loci</strong></span> <span class='ocrx_word' id='word_1_735' title='bbox 2160 4498 2311 4553; x_wconf 89' lang='lat' dir='ltr'><strong>illius</strong></span> <span class='ocrx_word' id='word_1_736' title='bbox 2365 4498 2568 4554; x_wconf 86' lang='lat' dir='ltr'><strong>accolis</strong></span> <span class='ocrx_word' id='word_1_737' title='bbox 2611 4499 2706 4569; x_wconf 91' lang='lat' dir='ltr'><strong>qui</strong></span> <span class='ocrx_word' id='word_1_738' title='bbox 2757 4495 2881 4554; x_wconf 88' lang='lat' dir='ltr'><strong>istic</strong></span> <span class='ocrx_word' id='word_1_739' title='bbox 2935 4505 3318 4568; x_wconf 89' lang='lat' dir='ltr'><strong>occupantur,</strong></span> <span class='ocrx_word' id='word_1_740' title='bbox 3381 4497 3601 4570; x_wconf 70' lang='lat' dir='ltr'><strong>compi-</strong></span> 
     </span>
    </p>
   </div>
   <div class='ocr_carea' id='block_1_102' title="bbox 1943 4575 3601 4667">
    <p class='ocr_par' dir='ltr' id='par_1_102' title="bbox 1943 4575 3601 4667">
     <span class='ocr_line' id='line_1_102' title="bbox 1943 4575 3601 4667; baseline -0.001 -17"><span class='ocrx_word' id='word_1_741' title='bbox 1943 4575 1990 4631; x_wconf 80' lang='lat' dir='ltr'><strong>D</strong></span> <span class='ocrx_word' id='word_1_742' title='bbox 2020 4593 2276 4651; x_wconf 88' lang='lat' dir='ltr'><strong>ciendum</strong></span> <span class='ocrx_word' id='word_1_743' title='bbox 2308 4609 2368 4651; x_wconf 89' lang='lat' dir='ltr'><strong>se</strong></span> <span class='ocrx_word' id='word_1_744' title='bbox 2401 4594 2650 4667; x_wconf 76' lang='lat' dir='ltr'><strong>praebet:</strong></span> <span class='ocrx_word' id='word_1_745' title='bbox 2680 4593 2808 4650; x_wconf 89' lang='lat' dir='ltr'><strong>inde</strong></span> <span class='ocrx_word' id='word_1_746' title='bbox 2851 4593 2907 4649; x_wconf 89' lang='lat' dir='ltr'><strong>in</strong></span> <span class='ocrx_word' id='word_1_747' title='bbox 2955 4594 3187 4664; x_wconf 87' lang='lat' dir='ltr'><strong>patriam</strong></span> <span class='ocrx_word' id='word_1_748' title='bbox 3231 4594 3507 4661; x_wconf 87' lang='lat' dir='ltr'><strong>convolat,</strong></span> <span class='ocrx_word' id='word_1_749' title='bbox 3547 4603 3601 4650; x_wconf 89' lang='lat' dir='ltr'><strong>et</strong></span> 
     </span>
    </p>
   </div>
   <div class='ocr_carea' id='block_1_103' title="bbox 2020 4687 2340 4758">
    <p class='ocr_par' dir='ltr' id='par_1_103' title="bbox 2020 4687 2340 4758">
     <span class='ocr_line' id='line_1_103' title="bbox 2020 4687 2340 4758; baseline -0.009 -15"><span class='ocrx_word' id='word_1_750' title='bbox 2020 4687 2340 4758; x_wconf 85' lang='lat' dir='ltr'><strong>acquiescit.</strong></span> 
     </span>
    </p>
   </div>
   <div class='ocr_carea' id='block_1_104' title="bbox 2089 4775 3601 4849">
    <p class='ocr_par' dir='ltr' id='par_1_104' title="bbox 2089 4775 3601 4849">
     <span class='ocr_line' id='line_1_104' title="bbox 2089 4775 3601 4849; baseline -0.001 -17"><span class='ocrx_word' id='word_1_751' title='bbox 2089 4775 2351 4833; x_wconf 79' lang='lat' dir='ltr'><strong>LXXXV.</strong></span> <span class='ocrx_word' id='word_1_752' title='bbox 2394 4776 2505 4849; x_wconf 86' lang='lat' dir='ltr'><strong>Ego</strong></span> <span class='ocrx_word' id='word_1_753' title='bbox 2536 4791 2666 4832; x_wconf 87' lang='lat' dir='ltr'><strong>vero</strong></span> <span class='ocrx_word' id='word_1_754' title='bbox 2693 4777 2923 4849; x_wconf 87' lang='lat' dir='ltr'><strong>gentiles</strong></span> <span class='ocrx_word' id='word_1_755' title='bbox 2954 4775 3091 4833; x_wconf 88' lang='lat' dir='ltr'><strong>istos</strong></span> <span class='ocrx_word' id='word_1_756' title='bbox 3121 4775 3342 4832; x_wconf 69' lang='lat' dir='ltr'><strong>Graecos</strong></span> <span class='ocrx_word' id='word_1_757' title='bbox 3375 4790 3438 4831; x_wconf 90' lang='lat' dir='ltr'><strong>ac</strong></span> <span class='ocrx_word' id='word_1_758' title='bbox 3468 4775 3601 4832; x_wconf 85' lang='lat' dir='ltr'><strong>bar-</strong></span> 
     </span>
    </p>
   </div>
   <div class='ocr_carea' id='block_1_105' title="bbox 2017 4868 3602 4940">
    <p class='ocr_par' dir='ltr' id='par_1_105' title="bbox 2017 4868 3602 4940">
     <span class='ocr_line' id='line_1_105' title="bbox 2017 4868 3602 4940; baseline -0.003 -14"><span class='ocrx_word' id='word_1_759' title='bbox 2017 4871 2179 4926; x_wconf 89' lang='lat' dir='ltr'><strong>baros</strong></span> <span class='ocrx_word' id='word_1_760' title='bbox 2205 4869 2452 4926; x_wconf 85' lang='lat' dir='ltr'><strong>inﬁdeles</strong></span> <span class='ocrx_word' id='word_1_761' title='bbox 2473 4868 2715 4924; x_wconf 88' lang='lat' dir='ltr'><strong>admiror</strong></span> <span class='ocrx_word' id='word_1_762' title='bbox 2736 4888 2748 4924; x_wconf 92' lang='lat'><strong>:</strong></span> <span class='ocrx_word' id='word_1_763' title='bbox 2771 4883 3006 4940; x_wconf 85' lang='lat' dir='ltr'><strong>quorum</strong></span> <span class='ocrx_word' id='word_1_764' title='bbox 3032 4868 3169 4923; x_wconf 87' lang='lat' dir='ltr'><strong>adeo</strong></span> <span class='ocrx_word' id='word_1_765' title='bbox 3187 4868 3497 4924; x_wconf 67' lang='lat' dir='ltr'><strong>obcaecatus</strong></span> <span class='ocrx_word' id='word_1_766' title='bbox 3518 4877 3602 4924; x_wconf 89' lang='lat' dir='ltr'><strong>est</strong></span> 
     </span>
    </p>
   </div>
   <div class='ocr_carea' id='block_1_106' title="bbox 2019 4957 3602 5028">
    <p class='ocr_par' dir='ltr' id='par_1_106' title="bbox 2019 4957 3602 5028">
     <span class='ocr_line' id='line_1_106' title="bbox 2019 4957 3602 5028; baseline -0.001 -13"><span class='ocrx_word' id='word_1_767' title='bbox 2019 4961 2256 5026; x_wconf 88' lang='lat' dir='ltr'><strong>animus,</strong></span> <span class='ocrx_word' id='word_1_768' title='bbox 2295 4968 2354 5014; x_wconf 92' lang='lat' dir='ltr'><strong>ut</strong></span> <span class='ocrx_word' id='word_1_769' title='bbox 2397 4959 2450 5014; x_wconf 90' lang='lat' dir='ltr'><strong>in</strong></span> <span class='ocrx_word' id='word_1_770' title='bbox 2495 4958 2611 5014; x_wconf 89' lang='lat' dir='ltr'><strong>suis</strong></span> <span class='ocrx_word' id='word_1_771' title='bbox 2647 4958 2894 5028; x_wconf 90' lang='lat' dir='ltr'><strong>ipsorum</strong></span> <span class='ocrx_word' id='word_1_772' title='bbox 2937 4957 3138 5013; x_wconf 82' lang='lat' dir='ltr'><strong>fabulis</strong></span> <span class='ocrx_word' id='word_1_773' title='bbox 3173 4957 3602 5013; x_wconf 88' lang='lat' dir='ltr'><strong>resurrectionis</strong></span> 
     </span>
    </p>
   </div>
   <div class='ocr_carea' id='block_1_107' title="bbox 2019 5047 3605 5122">
    <p class='ocr_par' dir='ltr' id='par_1_107' title="bbox 2019 5047 3605 5122">
     <span class='ocr_line' id='line_1_107' title="bbox 2019 5047 3605 5122; baseline -0.001 -16"><span class='ocrx_word' id='word_1_774' title='bbox 2019 5050 2350 5106; x_wconf 89' lang='lat' dir='ltr'><strong>mentionem</strong></span> <span class='ocrx_word' id='word_1_775' title='bbox 2383 5048 2678 5105; x_wconf 88' lang='lat' dir='ltr'><strong>identidem</strong></span> <span class='ocrx_word' id='word_1_776' title='bbox 2708 5063 3016 5122; x_wconf 88' lang='lat' dir='ltr'><strong>aspergere,</strong></span> <span class='ocrx_word' id='word_1_777' title='bbox 3050 5063 3116 5104; x_wconf 91' lang='lat' dir='ltr'><strong>ac</strong></span> <span class='ocrx_word' id='word_1_778' title='bbox 3142 5047 3210 5104; x_wconf 89' lang='lat' dir='ltr'><strong>de</strong></span> <span class='ocrx_word' id='word_1_779' title='bbox 3230 5063 3294 5105; x_wconf 89' lang='lat' dir='ltr'><strong>ea</strong></span> <span class='ocrx_word' id='word_1_780' title='bbox 3314 5049 3605 5120; x_wconf 89' lang='lat' dir='ltr'><strong>quamplu-</strong></span> 
     </span>
    </p>
   </div>
   <div class='ocr_carea' id='block_1_108' title="bbox 2016 5140 3605 5212">
    <p class='ocr_par' dir='ltr' id='par_1_108' title="bbox 2016 5140 3605 5212">
     <span class='ocr_line' id='line_1_108' title="bbox 2016 5140 3605 5212; baseline 0.001 -16"><span class='ocrx_word' id='word_1_781' title='bbox 2016 5141 2159 5196; x_wconf 82' lang='lat' dir='ltr'><strong>rima</strong></span> <span class='ocrx_word' id='word_1_782' title='bbox 2204 5140 2504 5212; x_wconf 65' lang='lat' dir='ltr'><strong>praedicare</strong></span> <span class='ocrx_word' id='word_1_783' title='bbox 2549 5140 2776 5198; x_wconf 88' lang='lat' dir='ltr'><strong>minime</strong></span> <span class='ocrx_word' id='word_1_784' title='bbox 2811 5148 3135 5209; x_wconf 87' lang='lat' dir='ltr'><strong>vereantur;</strong></span> <span class='ocrx_word' id='word_1_785' title='bbox 3177 5157 3325 5211; x_wconf 89' lang='lat' dir='ltr'><strong>nam,</strong></span> <span class='ocrx_word' id='word_1_786' title='bbox 3361 5150 3422 5197; x_wconf 91' lang='lat' dir='ltr'><strong>ut</strong></span> <span class='ocrx_word' id='word_1_787' title='bbox 3462 5141 3605 5198; x_wconf 84' lang='lat' dir='ltr'><strong>ﬁctis</strong></span> 
     </span>
    </p>
   </div>
   <div class='ocr_carea' id='block_1_109' title="bbox 2010 5455 3576 5531">
    <p class='ocr_par' dir='ltr' id='par_1_109' title="bbox 2010 5455 3576 5531">
     <span class='ocr_line' id='line_1_109' title="bbox 2010 5455 3576 5531; baseline 0.002 -23"><span class='ocrx_word' id='word_1_788' title='bbox 2010 5455 2261 5531; x_wconf 79' lang='lat' dir='ltr'><strong>devorare</strong></span> <span class='ocrx_word' id='word_1_789' title='bbox 2301 5459 2463 5531; x_wconf 78' lang='lat' dir='ltr'><strong>simul</strong></span> <span class='ocrx_word' id='word_1_790' title='bbox 2507 5475 2685 5531; x_wconf 84' lang='lat' dir='ltr'><strong>omnes</strong></span> <span class='ocrx_word' id='word_1_791' title='bbox 2727 5471 2968 5530; x_wconf 84' lang='lat' dir='ltr'><strong>nequeat,</strong></span> <span class='ocrx_word' id='word_1_792' title='bbox 3001 5471 3111 5516; x_wconf 87' lang='lat' dir='ltr'><strong>tum</strong></span> <span class='ocrx_word' id='word_1_793' title='bbox 3158 5461 3366 5531; x_wconf 81' lang='lat' dir='ltr'><strong>quidem</strong></span> <span class='ocrx_word' id='word_1_794' title='bbox 3412 5475 3576 5531; x_wconf 63' lang='lat' dir='ltr'><strong>unum</strong></span> 
     </span>
    </p>
   </div>
   <div class='ocr_carea' id='block_1_110' title="bbox 2015 5529 3604 5598">
    <p class='ocr_par' dir='ltr' id='par_1_110' title="bbox 2015 5529 3604 5598">
     <span class='ocr_line' id='line_1_110' title="bbox 2015 5529 3604 5598; baseline -0.002 -18"><span class='ocrx_word' id='word_1_795' title='bbox 2015 5529 2340 5598; x_wconf 82' lang='lat' dir='ltr'><strong>alterumque</strong></span> <span class='ocrx_word' id='word_1_796' title='bbox 2363 5529 2435 5583; x_wconf 86' lang='lat' dir='ltr'><strong>ad</strong></span> <span class='ocrx_word' id='word_1_797' title='bbox 2464 5529 2765 5584; x_wconf 76' lang='lat' dir='ltr'><strong>satietatem</strong></span> <span class='ocrx_word' id='word_1_798' title='bbox 2792 5529 3060 5595; x_wconf 80' lang='lat' dir='ltr'><strong>absumit;</strong></span> <span class='ocrx_word' id='word_1_799' title='bbox 3100 5529 3316 5585; x_wconf 37' lang='lat' dir='ltr'><strong>cw&#39;teros</strong></span> <span class='ocrx_word' id='word_1_800' title='bbox 3341 5529 3604 5595; x_wconf 70' lang='lat' dir='ltr'><strong>confossis</strong></span> 
     </span>
    </p>
   </div>
   <div class='ocr_carea' id='block_1_111' title="bbox 2016 5597 3603 5670">
    <p class='ocr_par' dir='ltr' id='par_1_111' title="bbox 2016 5597 3603 5670">
     <span class='ocr_line' id='line_1_111' title="bbox 2016 5597 3603 5670; baseline 0.001 -20"><span class='ocrx_word' id='word_1_801' title='bbox 2016 5597 2182 5670; x_wconf 70' lang='lat' dir='ltr'><strong>oculis</strong></span> <span class='ocrx_word' id='word_1_802' title='bbox 2227 5599 2295 5652; x_wconf 86' lang='lat' dir='ltr'><strong>ad</strong></span> <span class='ocrx_word' id='word_1_803' title='bbox 2343 5599 2598 5670; x_wconf 80' lang='lat' dir='ltr'><strong>pabulum</strong></span> <span class='ocrx_word' id='word_1_804' title='bbox 2647 5600 2854 5667; x_wconf 77' lang='lat' dir='ltr'><strong>aufert;</strong></span> <span class='ocrx_word' id='word_1_805' title='bbox 2888 5617 3154 5670; x_wconf 78' lang='lat' dir='ltr'><strong>cwcosque</strong></span> <span class='ocrx_word' id='word_1_806' title='bbox 3201 5599 3387 5662; x_wconf 82' lang='lat' dir='ltr'><strong>nutrit,</strong></span> <span class='ocrx_word' id='word_1_807' title='bbox 3440 5600 3603 5670; x_wconf 65' lang='lat' dir='ltr'><strong>donec;</strong></span> 
     </span>
    </p>
   </div>
   <div class='ocr_carea' id='block_1_112' title="bbox 2015 5668 3604 5739">
    <p class='ocr_par' dir='ltr' id='par_1_112' title="bbox 2015 5668 3604 5739">
     <span class='ocr_line' id='line_1_112' title="bbox 2015 5668 3604 5739; baseline -0.001 -17"><span class='ocrx_word' id='word_1_808' title='bbox 2015 5668 2274 5739; x_wconf 76' lang='lat' dir='ltr'><strong>prolatos,</strong></span> <span class='ocrx_word' id='word_1_809' title='bbox 2314 5669 2402 5723; x_wconf 89' lang='lat' dir='ltr'><strong>ubi</strong></span> <span class='ocrx_word' id='word_1_810' title='bbox 2436 5670 2644 5724; x_wconf 85' lang='lat' dir='ltr'><strong>libitum</strong></span> <span class='ocrx_word' id='word_1_811' title='bbox 2670 5680 2770 5734; x_wconf 82' lang='lat' dir='ltr'><strong>est,</strong></span> <span class='ocrx_word' id='word_1_812' title='bbox 2814 5668 3419 5739; x_wconf 24' lang='lat' dir='ltr'><strong>singulos‘depascatur.</strong></span> <span class='ocrx_word' id='word_1_813' title='bbox 3450 5668 3525 5721; x_wconf 71' lang='lat' dir='ltr'><strong>At.</strong></span> <span class='ocrx_word' id='word_1_814' title='bbox 3562 5669 3604 5721; x_wconf 70' lang='lat' dir='ltr'><strong>si</strong></span> 
     </span>
    </p>
   </div>
   <div class='ocr_carea' id='block_1_113' title="bbox 2020 5735 3603 5808">
    <p class='ocr_par' dir='ltr' id='par_1_113' title="bbox 2020 5735 3603 5808">
     <span class='ocr_line' id='line_1_113' title="bbox 2020 5735 3603 5808; baseline -0.001 -17"><span class='ocrx_word' id='word_1_815' title='bbox 2020 5738 2156 5806; x_wconf 82' lang='lat' dir='ltr'><strong>forte</strong></span> <span class='ocrx_word' id='word_1_816' title='bbox 2193 5740 2365 5806; x_wconf 78' lang='lat' dir='ltr'><strong>ignari</strong></span> <span class='ocrx_word' id='word_1_817' title='bbox 2393 5741 2611 5808; x_wconf 84' lang='lat' dir='ltr'><strong>quidam</strong></span> <span class='ocrx_word' id='word_1_818' title='bbox 2638 5742 2694 5793; x_wconf 85' lang='lat' dir='ltr'><strong>in</strong></span> <span class='ocrx_word' id='word_1_819' title='bbox 2729 5742 2862 5794; x_wconf 85' lang='lat' dir='ltr'><strong>tales</strong></span> <span class='ocrx_word' id='word_1_820' title='bbox 2886 5735 3184 5800; x_wconf 48' lang='lat' dir='ltr'><strong>i&#39;ucideriut,</strong></span> <span class='ocrx_word' id='word_1_821' title='bbox 3219 5747 3268 5808; x_wconf 87' lang='lat' dir='ltr'><strong>et</strong></span> <span class='ocrx_word' id='word_1_822' title='bbox 3298 5735 3366 5788; x_wconf 85' lang='lat' dir='ltr'><strong>ad</strong></span> <span class='ocrx_word' id='word_1_823' title='bbox 3396 5754 3603 5791; x_wconf 51' lang='lat' dir='ltr'><strong>vesceris</strong></span> 
     </span>
    </p>
   </div>
   <div class='ocr_carea' id='block_1_114' title="bbox 2018 5807 3602 5880">
    <p class='ocr_par' dir='ltr' id='par_1_114' title="bbox 2018 5807 3602 5880">
     <span class='ocr_line' id='line_1_114' title="bbox 2018 5807 3602 5880; baseline -0.001 -20"><span class='ocrx_word' id='word_1_824' title='bbox 2018 5807 2143 5861; x_wconf 85' lang='lat' dir='ltr'><strong>dum</strong></span> <span class='ocrx_word' id='word_1_825' title='bbox 2175 5807 2424 5876; x_wconf 78' lang='lat' dir='ltr'><strong>ceperint,</strong></span> <span class='ocrx_word' id='word_1_826' title='bbox 2452 5811 2712 5880; x_wconf 76' lang='lat' dir='ltr'><strong>letiferum</strong></span> <span class='ocrx_word' id='word_1_827' title='bbox 2741 5827 2805 5862; x_wconf 66' lang='lat' dir='ltr'><strong>ea:</strong></span> <span class='ocrx_word' id='word_1_828' title='bbox 2830 5811 2893 5862; x_wconf 80' lang='lat' dir='ltr'><strong>iis</strong></span> <span class='ocrx_word' id='word_1_829' title='bbox 2933 5825 3177 5863; x_wconf 68' lang='lat' dir='ltr'><strong>venenum</strong></span> <span class='ocrx_word' id='word_1_830' title='bbox 3218 5807 3495 5878; x_wconf 70' lang='lat' dir='ltr'><strong>hauriunt,</strong></span> <span class='ocrx_word' id='word_1_831' title='bbox 3518 5818 3602 5862; x_wconf 82' lang='lat' dir='ltr'><strong>ut-</strong></span> 
     </span>
    </p>
   </div>
   <div class='ocr_carea' id='block_1_115' title="bbox 2020 5881 2837 5949">
    <p class='ocr_par' dir='ltr' id='par_1_115' title="bbox 2020 5881 2837 5949">
     <span class='ocr_line' id='line_1_115' title="bbox 2020 5881 2837 5949; baseline -0.005 -15"><span class='ocrx_word' id='word_1_832' title='bbox 2020 5890 2137 5948; x_wconf 82' lang='lat' dir='ltr'><strong>pote</strong></span> <span class='ocrx_word' id='word_1_833' title='bbox 2168 5882 2352 5949; x_wconf 69' lang='lat' dir='ltr'><strong>vipera:</strong></span> <span class='ocrx_word' id='word_1_834' title='bbox 2385 5897 2571 5936; x_wconf 73' lang='lat' dir='ltr'><strong>veneno</strong></span> <span class='ocrx_word' id='word_1_835' title='bbox 2601 5881 2837 5935; x_wconf 82' lang='lat' dir='ltr'><strong>nutritis.</strong></span> 
     </span>
    </p>
   </div>
  </div>
