4018 6210
372 400 472 453 175

1792 387 1869 441 S..
1893 383 2229 440 EPIPHANII

3527 378 3629 433 176

378 515 593 566 illorum
612 508 947 565 commentis
978 505 1235 571 traditur,
1272 503 1506 561 Alcestis
1530 501 1693 557 Peliae
1721 498 1830 555 ﬁlia
1847 514 1954 570 pro

2085 514 2274 551 :ouow'
2331 494 2627 568 Ἄλκηστιν
2680 497 2778 568 μὲν
2824 493 3229 567 τελευτήσασαν
3283 490 3380 564 τὴν
3436 490 3628 546 Πελίου

378 603 608 658 Admeto
634 601 757 656 viro
786 614 888 656 suo
918 609 1155 662 mortua,
1187 597 1373 653 triduo
1405 603 1596 666 postea
1627 592 1695 648 ab
1726 591 1955 647 llercule

378 693 449 749 ad
475 705 706 763 superos
769 690 1044 755 excitata,
1103 704 1171 744 ex
1223 687 1523 744 inferorum
1587 684 1955 755 penetralibus

386 786 629 844 emersit.
670 781 826 850 Quod
856 782 995 839 idem
1014 788 1068 837 et
1086 781 1270 852 Pelopi
1301 778 1532 849 contigit
1572 776 1788 832 Tantali
1822 774 1954 837 ﬁlio,

385 893 509 933 cum
553 878 674 948 ejus
704 874 906 947 corpus
948 875 1003 929 in
1048 871 1222 929 frusta
1269 870 1554 928 concisum
1595 883 1792 939 parens
1842 867 1959 936 ipse

381 968 536 1024 falsis
574 968 792 1022 illorum
825 963 1144 1020 numinibus
1187 961 1555 1033 apposuisset.
1589 957 1812 1015 Necnon
1844 955 1957 1011 Eu-

380 1060 535 1126 cleis,
574 1072 736 1129 quem
766 1054 1122 1126 Eseulapius
1161 1053 1435 1108 revocavit
1469 1050 1539 1106 ad
1572 1050 1759 1104 vitam.
1795 1047 1958 1104 Item—

381 1166 489 1223 que
508 1151 703 1206 Castor
724 1146 965 1203 Pollucis
992 1144 1180 1201 fratris
1210 1143 1474 1199 beneﬁcio
1499 1143 1569 1198 ab
1598 1141 1821 1197 interitu
1848 1138 1963 1194 vin-

383 1244 637 1298 dicatur:
670 1239 763 1310 qui
795 1237 1024 1293 alternis
1053 1251 1176 1291 cum
1208 1250 1274 1290 eo
1303 1235 1471 1290 vitam
1514 1249 1669 1289 suam
1711 1248 1959 1288 commu—

388 1343 508 1387 tare
558 1329 772 1385 maluit.
829 1326 1030 1382 Adhaec
1079 1325 1413 1381 Protesilaus
1465 1324 1605 1380 idem
1656 1322 1964 1378 Laodamiae

388 1438 555 1495 opera
592 1429 924 1479 consecutus
945 1418 1197 1489 ﬁngitur.
1237 1417 1507 1473 Praeterea
1552 1415 1879 1488 Sisyphum,
1909 1423 1965 1470 et

370 1515 699 1578 zTantalum,
734 1521 790 1569 et
815 1511 1043 1568 Caucasi
1077 1509 1217 1566 ﬁlias
1248 1525 1388 1580 quas
1418 1507 1616 1564 Furias
1649 1515 1867 1571 vocant,
1900 1523 1966 1562 ac

386 1607 626 1678 denique
676 1603 944 1661 Tiresiam
971 1645 986 1670 ,
1030 1602 1086 1657 in
1122 1609 1343 1681 tartara
1381 1601 1638 1657 detrusos
1696 1601 1965 1655 scelerum

391 1699 503 1755 illic
533 1711 721 1770 paenae
762 1695 1092 1768 expendere,
1124 1702 1179 1750 et
1208 1694 1376 1749 alium
1420 1708 1577 1758 saxo,
1603 1692 1772 1747 alium
1805 1702 1923 1746 rota
1948 1732 1963 1758 ,

393 1784 559 1838 alium
590 1783 843 1855 supplicii
879 1781 989 1838 alio
1016 1797 1216 1854 genere
1245 1780 1507 1846 cruciari,
1547 1783 1605 1836 in
1640 1795 1816 1851 eoque
1844 1795 1966 1851 per-

393 1875 970 1934 severarecommenti
999 1882 1150 1938 sunt,
1176 1882 1235 1929 ut
1254 1888 1365 1929 non
1401 1872 1618 1943 penitus
1647 1873 1700 1926 in
1735 1871 1965 1926 nihilum

356 2018 359 2021 λ
391 1968 598 2026 redacti
632 1958 765 2033 sint,
799 1966 897 2024 sed
926 1980 1050 2022 cum
1086 1964 1411 2036 corporibus
1440 1964 1738 2019 etiamnum
1772 1978 1970 2034 super-

391 2063 524 2118 sint.
555 2053 693 2114 Nam
717 2058 765 2114 si
794 2067 1050 2114 carerent
1082 2057 1428 2127 corporibus,
1460 2054 1685 2126 quinam
1715 2068 1849 2108 saxo
1884 2069 1972 2107 ro-

393 2162 516 2206 tave
546 2147 795 2204 damnari
836 2145 1107 2218 possent?
1145 2145 1311 2201 Multa
1358 2144 1413 2200 id
1448 2159 1622 2215 genus
1665 2142 1768 2196 alia
1817 2156 1971 2197 com-

394 2238 658 2311 prehendi
694 2243 948 2308 possunt,
996 2237 1198 2308 quibus
1226 2245 1282 2291 et
1311 2233 1445 2290 ﬁdes
1491 2239 1681 2289 nostra
1714 2233 1976 2289 corrobo-

397 2334 532 2397 rari,
560 2341 616 2387 et
643 2331 860 2387 illorum
886 2329 1139 2386 convinci
1177 2329 1392 2384 falsitas
1420 2328 1622 2399 possit.

467 2421 756 2479 LXXXVI.
798 2421 896 2479 His
943 2421 1227 2494 gentilium
1275 2419 1508 2477 somniis
1557 2427 1613 2475 et
1666 2417 1976 2474 inlidelitati

398 2520 612 2592 gemina
648 2524 778 2576 sunt
809 2531 874 2572 ac
896 2528 1175 2589 germana,
1201 2528 1323 2583 qua:
1344 2512 1414 2567 ab
1443 2511 1717 2569 haereticis
1742 2510 1974 2567 aﬁ‘erun-

400 2626 509 2668 tur.
560 2612 803 2679 Quorum
847 2607 1098 2664 nonnulli
1130 2620 1239 2662 non
1276 2619 1592 2677 corporum,
1628 2602 1725 2660 sed
1764 2603 1979 2658 anima-

2057 590 2197 662 ὑπὲρ
2240 586 2334 643 τοῦ
2385 588 2576 660 ἀνδρὸς
2622 588 2794 658 αὐτῆς
2829 586 3121 657 Ἀδμήτου,
3154 583 3249 637 καὶ
3289 581 3432 654 ὑπὲρ
3470 583 3487 614 ¹
3535 580 3630 635 τοῦ

2068 680 2362 753 Ἡρακλέος
2420 680 2560 751 μετά
2606 680 2705 754 (δὲ)
2747 680 3044 752 τριήμερον
3090 675 3487 746 ὲγηγερμένην,
3536 674 3633 728 καὶ

2057 772 2165 826 ἀπὺ
2190 771 2299 827 τῶν
2342 771 2549 827 ἀδύτων
2582 770 2979 843 ἀνηνεγμένην.
3023 767 3244 823 Πέλοπά
3273 783 3334 820 τε
3374 765 3466 819 τὸν
3494 764 3635 817 Τανο

2056 864 2217 919 τάλου
2248 862 2391 936 μετά
2423 863 2481 917 τὸ
2506 860 2957 934 κρεωνομηθῆναι
2987 858 3092 913 ὑπὸ
3127 856 3221 911 τοῦ
3258 856 3388 911 ίδίου
3428 854 3635 925 πατρὸς

2059 957 2102 1025 (⁸
2142 951 2481 1025 Ἀμφιάρεω)
2516 955 2628 1017 τοῖς
2648 949 3025 1022 ψευδωνύμως
3050 947 3229 1002 αὐτῶν
3269 946 3431 1011 θεοῖς.
3473 946 3583 998 Καὶ
3605 945 3636 996 ὁ

2059 1045 2300 1117 Εὐκλεὴς
2332 1044 2439 1098 ὑπὸ
2468 1044 2562 1097 τοῦ
2619 1040 2950 1113 Ἀσκληπιοῦ
2998 1037 3480 1110 ἀναζωογονηθείς.
3516 1036 3635 1090 Κά-

2062 1156 2209 1211 στωρ
2251 1138 2339 1192 διὰ
2371 1135 2717 1204 Πολυδεύκην
2758 1135 2851 1191 τὸν
2891 1132 3120 1203 ἀδελφὸν
3163 1129 3353 1196 αὐτοῦ,
3380 1128 3457 1193 ὡς
3495 1125 3636 1182 ἑκὼν

2061 1230 2208 1303 αὐτῷ
2235 1230 2334 1302 τὴν
2367 1227 2512 1301 ζωὴν
2552 1228 2682 1299 παρ’
2709 1225 2926 1298 ἡμέραν
2970 1224 3260 1280 ἀλλάσσειν
3299 1220 3492 1274 εἵλετο.
3526 1220 3639 1273 Kal

2061 1327 2090 1378 ὁ
2117 1320 2492 1394 Πρωτεσίλαος
2522 1317 2611 1373 διὰ
2646 1316 3012 1387 Λαοδάμειαν.
3048 1312 3210 1368 Ἀλλά
3252 1314 3347 1366 καὶ
3382 1312 3635 1385 Σίσυφον,

2064 1415 2159 1470 καὶ
2183 1415 2274 1468 τὸν
2310 1412 2603 1475 Τάνταλον,
2629 1409 2724 1465 καὶ
2766 1409 2865 1474 τὰς
2912 1406 3208 1462 Καυκάσου
3241 1403 3545 1475 θυγατέρας
3572 1401 3640 1468 ἃς

2076 1504 2353 1580 Ἐριννύας
2395 1502 2716 1575 κεκλήκασι,
2748 1501 2841 1555 καί
2866 1500 3151 1571 Τειρεσίαν
3194 1497 3311 1567 ἅμα
3340 1495 3516 1569 τούτῳ
3540 1513 3641 1549 κα-

2065 1595 2596 1670 τατεταρταρῶσθαι,
2637 1594 2731 1649 καὶ
2756 1594 2936 1647 δοῦναι
2967 1592 3121 1664 δίκην
3168 1593 3368 1653 ἐκεῖσε,
3405 1589 3495 1641 τὸν
3536 1586 3642 1658 μὶν

2065 1692 2152 1748 διὰ
2184 1668 2410 1763 πέτρας,
2441 1689 2532 1743 τὸν
2553 1688 2608 1742 δὲ
2635 1687 2740 1741 ὑπὸ
2768 1685 2982 1759 τροχὸν,
3009 1684 3101 1739 καὶ
3132 1682 3325 1763 ἄλλους
3355 1681 3528 1746 ἄλλως
3555 1668 3657 1733 “rs-—

2067 1758 2572 1858 τιμωρῆσθαιηκαὶ
2608 1779 2689 1834 ἔτι
2734 1758 3000 1850 ὑπάρχειν
3032 1777 3088 1830 ὲν
3131 1758 3391 1846 τιμωρίᾳ,
3440 1772 3516 1837 ὡς
3564 1771 3642 1843 μὴ

2069 1881 2147 1942 είς
2176 1875 2514 1947 ἀνυπαρξίαν
2553 1870 2962 1944 κεχωρηκότας,
2994 1869 3337 1939 ὑπάρχοντας
3360 1865 3416 1918 δὲ
3448 1867 3509 1918 ἐν
3538 1862 3645 1917 σώ-

2074 1986 2266 2042 μασιν·
2309 1970 2357 2022 εἰ
2392 1968 2467 2040 μὴ
2511 1965 2619 2038 γὰρ
2663 1964 2888 2035 σώματα
2933 1956 3099 2032 εἶχον,
3142 1959 3257 2025 πῶς
3288 1959 3394 2013 ῦπὺ
3441 1955 3648 2029 πέτραν

2074 2061 2166 2131 καὶ
2189 2059 2381 2132 τροχὸν
2417 2056 2711 2130 τιμωρίαις
2748 2052 3097 2127 παρεδίδοντο
3121 2068 3135 2118 ;
3169 2051 3280 2105 Kal
3306 2048 3475 2103 πολλὰ
3500 2048 3649 2103 ἔστιν

2080 2153 2429 2227 περὶτούτων
2463 2153 2664 2221 λέγειν,
2688 2149 2770 2212 εἰς
2815 2147 3159 2219 παράστασιν
3190 2143 3289 2216 τῆς
3316 2145 3374 2197 ὲν
3402 2138 3650 2213 mmi-

2077 2264 2266 2312 στεως,
2306 2245 2525 2316 ἔλεγχον
2554 2243 2610 2297 δὲ
2637 2240 2728 2296 τὸν
2763 2240 2899 2312 πρὸς
2936 2236 3152 2302 αὐτούς.

2148 2419 2291 2490 ΗΕΓ.
2338 2420 2496 2474 Ἀλλά
2529 2419 2623 2475 xal
2676 2420 2725 2472 οῖ
2769 2420 2834 2472 ὲκ
2878 2416 2986 2471 τῶν
3032 2415 3294 2489 αἱρέσεων
3343 2411 3652 2485 ὁρμώμενοι

2080 2515 2284 2587 ἀδελφά
2320 2514 2528 2576 τούτοις
2564 2512 2751 2586 ᾄδουσι
2779 2511 2874 2565 καὶ
2909 2511 3124 2581 συνῳδά
3150 2511 3247 2581 τῆς
3281 2508 3560 2573 ἀπιστίας,
3594 2507 3653 2559 ὲν

2080 2607 2158 2679 τῷ
2180 2607 2329 2671 τινὰς
2348 2606 2450 2679 μὲν
2473 2605 2582 2661 τῶν
2606 2603 2896 2677 αίρετικῶν
2924 2602 3102 2671 λέγειν
3126 2602 3186 2654 οὐ
3213 2599 3465 2671 σώματος
3495 2597 3653 2668 (43'),

400 2719 522 2759 rum
569 2698 1025 2759 resurrectionem
1089 2695 1207 2753 fore
1253 2695 1575 2768 praedicant.
1631 2694 1787 2762 Quod
1837 2693 1979 2749 idem

2085 2701 2218 2756 ἀλλά
2241 2699 2417 2771 ψυχῆς
2446 2696 2739 2752 ἀνάστασιν
2769 2692 3015 2747 ἔσεσθαι·
3049 2690 3310 2754 ὡσαύτως
3335 2689 3393 2743 δὲ
3416 2689 3510 2742 καὶ
3532 2688 3658 2751 τοὺς

404 2795 636 2869 gentiles
667 2793 770 2860 illi,
801 2791 870 2849 de
896 2791 1098 2863 quibus
1125 2789 1260 2857 dixi,
1295 2788 1552 2861 opinione
1583 2803 1684 2843 sua
1718 2785 1980 2858 proﬁten-

2085 2790 2518 2865 προειρημένους
2553 2787 2825 2861 ’Έλληνας
2867 2785 2928 2846 τὸ
2975 2784 3106 2838 αὐτὸ
3160 2779 3401 2853 νομίζειν
3450 2797 3511 2832 τε
3562 2780 3658 2833 καὶ

406 2898 497 2943 tur
524 2909 537 2944 :
566 2887 701 2944 adeo
734 2892 795 2943 ut
821 2885 1040 2941 illorum
1064 2884 1226 2955 longe
1248 2882 1654 2939 absurdissima
1686 2882 1762 2936 sit
1783 2881 1980 2946 oratio,

2088 2883 2426 2950 συνδοξάζειν
2445 2898 2459 2913 ·
2487 2881 2564 2945 ὡς
2592 2875 2730 2935 εἶναι
2758 2879 2849 2933 τὸν
2876 2877 3032 2947 λόγον
3061 2875 3239 2930 αὐτῶν
3270 2871 3490 2946 ληρώδη
3520 2870 3657 2942 μᾶλ·

403 2987 460 3032 et
508 2977 574 3032 ad
622 2973 971 3032 excitandum
1023 2971 1194 3029 risum
1245 2970 1313 3025 ab
1356 2969 1465 3025 illis
1509 2970 1801 3041 explicata.
1849 2967 1980 3022 Nam

2085 2977 2176 3031 λον
2206 2974 2346 3047 ὑπὲρ
2370 2973 2637 3044 κινήσεως
2665 2971 2686 3003 ³
2716 2966 3169 3041 προὸαλλόμενον.
3216 2964 3342 3018 Ἐὰν
3374 2961 3484 3035 γὰρ
3522 2959 3659 3015 ἀνά-

403 3067 550 3139 quod
580 3065 1043 3123 resurrectionem
1077 3062 1314 3133 haereses
1348 3060 1455 3116 illa:
1496 3068 1776 3131 utcunque
1808 3059 1980 3115 faten-

2090 3081 2277 3121 στασιν
2292 3063 2518 3118 εἴπωσιν
2538 3063 2597 3118 αἱ
2612 3059 2870 3133 αἱρέσεις,
2893 3057 2988 3113 καὶ
3003 3057 3139 3120 ὅλως
3158 3055 3451 3110 ἀνάστασιν
3475 3050 3664 3124 ἡγοῦν-

405 3171 497 3217 tur
535 3175 599 3214 ac
644 3158 883 3214 futuram
915 3155 1252 3218 existiment,
1297 3153 1392 3210 sed
1420 3169 1540 3210 eam
1568 3153 1635 3208 ad
1673 3153 1821 3209 solas
1864 3151 1980 3207 ani-

2088 3175 2199 3223 ται,
2229 3156 2358 3229 περὶ
2388 3152 2574 3226 ψυχῶν
2617 3152 2674 3206 δὲ
2711 3149 2870 3204 τοῦτο
2905 3148 3199 3221 ὁρίζονται,
3237 3142 3427 3217 εὔηθές
3454 3144 3572 3197 ἐστι
3602 3142 3666 3195 τὸ

406 3269 525 3309 mas
547 3251 828 3318 referunt;
870 3247 1001 3319 ﬁngi
1034 3247 1169 3301 nihil
1206 3246 1311 3317 91
1352 3252 1533 3317 potest
1579 3244 1840 3315 ineptius.
1878 3244 1980 3311 Qui

2087 3249 2326 3304 τοιοῦτον
2345 3262 2359 3278 ⁸
2388 3245 2505 3308 πῶς
2527 3245 2633 3316 γὰρ
2652 3241 2798 3314 ψυχὴ
2825 3242 3186 3311 ἀναστήσεται
3206 3235 3287 3309 μὴ
3313 3235 3661 3298 πεπτωκυῖα;

407 3345 554 3399 enim
583 3356 870 3413 resurgere
899 3332 1103 3411 poterit
1127 3339 1331 3404 anima,
1366 3353 1491 3409 quae
1524 3352 1804 3408 nunquam
1840 3337 1982 3393 ceci-

409 3435 588 3492 derit?
616 3437 732 3491 Non
770 3432 920 3489 enim
961 3431 1176 3487 animas
1217 3430 1272 3485 in
1306 3430 1582 3501 sepulcra,
1623 3430 1719 3486 sed
1755 3445 1988 3501 corpora

396 3528 735 3598 deponimus
764 3542 780 3582 :
806 3524 1014 3579 anima:
1050 3522 1252 3593 quippe
1293 3537 1405 3576 non
1457 3521 1680 3589 cadunt,
1728 3521 1824 3578 sed
1871 3536 1992 3577 car-

400 3638 539 3688 nes;
575 3619 717 3675 unde
760 3628 814 3676 et
853 3623 1194 3677 mortuorum
1233 3628 1464 3686 corpora
1510 3614 1673 3685 vulgo
1715 3614 1982 3672 cadavera

411 3714 787 3770 nominantur.
819 3709 1185 3778 Quamobrem
1212 3708 1257 3765 si
1288 3723 1398 3778 qua
1443 3706 1586 3779 apud
1629 3708 1753 3763 illos
1781 3718 1863 3763 est
1898 3723 1987 3762 re-

412 3805 773 3865 surrectionis
807 3803 966 3871 ﬁdes,
1007 3800 1213 3857 nemini
1242 3799 1468 3856 dubium
1498 3806 1583 3855 est
1609 3800 1739 3870 quin
1768 3798 1840 3853 ad
1874 3813 1991 3853 cor-

411 3915 516 3971 pus
549 3895 696 3968 quod
730 3893 949 3960 cecidit,
990 3907 1098 3949 non
1131 3893 1196 3947 ad
1239 3891 1478 3947 animam
1513 3890 1687 3962 ipsam
1716 3890 1995 3961 pertinere

415 3991 629 4046 debeat.
669 3987 844 4045 Graeci
883 4000 1012 4042 vero
1043 4001 1107 4041 ac
1139 3984 1369 4056 gentiles
1393 3982 1494 4054 ipsi
1519 3983 1612 4054 qui
1633 3983 1997 4039 resurrectio-

414 4098 540 4139 nem
569 4080 816 4137 funditus
847 4085 1068 4150 negant,
1100 4076 1187 4133 vel
1210 4076 1315 4132 hoc
1346 4090 1456 4132 uno
1491 4080 1813 4147 argumento
1840 4073 2001 4130 refel-

417 4176 625 4240 luntur,
668 4170 813 4244 quod
852 4169 1189 4226 solemnibus
1227 4182 1368 4240 quos
1410 4173 1608 4222 vocant
1654 4163 1878 4231 diebus,
1918 4164 2000 4220 ci-

416 4272 544 4325 bum
587 4281 652 4321 ae
695 4271 886 4336 potum
934 4261 1004 4316 ad
1042 4268 1384 4316 mortuorum
1429 4258 1677 4330 sepulcra
1723 4257 1998 4324 deferunt,

416 4362 510 4416 ubi
542 4359 725 4414 cibum
758 4369 975 4410 omnem
1003 4351 1241 4407 ﬂammis
1272 4351 1513 4415 adolent,
1556 4358 1612 4407 et
1652 4351 1720 4406 de
1759 4352 1887 4405 vino
1927 4349 1995 4402 li-

2090 3342 2164 3397 Οὑ
2193 3340 2301 3412 γὰρ
2329 3338 2605 3408 θάπτομεν
2630 3338 2730 3398 τὰς
2759 3333 2938 3404 ψυχὰς
2968 3333 3025 3384 ὲν
3057 3332 3170 3393 τοῖς
3194 3326 3505 3398 μνημείοις,
3527 3323 3666 3378 ἀλλὰ

2089 3433 2160 3487 τὰ
2182 3432 2434 3504 σώματα·
2457 3429 2625 3500 ψυχαὶ
2656 3427 2764 3499 γάρ
2785 3426 2845 3478 οὺ
2870 3423 3177 3486 πίπτουσιν,
3204 3419 3317 3473 ἀλλ’
3344 3418 3398 3472 αῖ
3429 3417 3628 3488 σάρκες
3645 3431 3664 3449 ’

2091 3526 2167 3589 ὡς
2197 3523 2290 3577 καὶ
2322 3524 2355 3593 ἡ
2385 3519 2641 3591 συνήθεια
2695 3514 2853 3569 εἴωθε
2883 3512 3070 3567 καλεῖν
3107 3509 3175 3563 τὰ
3217 3506 3385 3579 νεκρά
3415 3505 3663 3575 σώματα,

2092 3613 2381 3685 πτώματα.
2416 3609 2608 3663 Τοίνυν
2652 3609 2701 3660 εί
2744 3605 3040 3665 ἀνάστασις
3079 3598 3206 3672 παρ’
3247 3599 3428 3660 αὐτοῖς
3472 3593 3665 3666 ὁμολο-

2092 3708 2291 3774 γεῖται,
2324 3699 2484 3756 παντί
2527 3716 2602 3770 τῳ
2627 3696 2785 3767 δῆλόν
2819 3697 2965 3748 ἐστιν
2993 3692 3053 3747 οὺ
3081 3690 3281 3762 ψυχῆς,
3320 3685 3458 3741 ἀλλά
3482 3687 3667 3755 σῶμα·

2094 3815 2182 3861 τος
2226 3792 2592 3855 πεπτωκότος.
2635 3788 2896 3858 ’Έλληνες
2937 3784 2992 3839 δὲ
3043 3782 3203 3837 πάλιν
3250 3778 3563 3849 ἐλέγχονται
3611 3774 3670 3827 τὸ

2096 3893 2204 3945 πᾶν
2229 3889 2329 3959 τῆς
2357 3884 2703 3946 ἀναστάσεως
2731 3879 3074 3953 ἀρνούμενοι,
3105 3873 3474 3945 ἀποφέροντες
3503 3872 3583 3931 είς
3602 3867 3668 3920 τά

2100 3983 2356 4054 μνήματα
2388 3976 2652 4049 βρώματά
2677 3993 2735 4029 τε
2768 3976 2861 4028 καὶ
2888 3973 3109 4044 πόματα
3137 3970 3195 4022 ὲν
3229 3968 3347 4030 ταῖς
3370 3963 3668 4033 πανδήμοις

2099 4072 2457 4142 καλουμέναις
2479 4068 2713 4140 ἡμέραις
2736 4082 2751 4097 ·
2780 4060 3131 4120 ὁλοκαυτοῦσι
3162 4060 3259 4132 μὲν
3282 4057 3351 4111 τὰ
3376 4055 3666 4125 ἐδέσματα,

2102 4165 2386 4221 σπένδουσι
2429 4162 2487 4215 δὲ
2518 4162 2644 4223 τοὺς
2684 4157 2884 4222 οἴνους,
2933 4153 3101 4227 μηδὲν
3139 4152 3238 4224 μὲν
3278 4150 3406 4212 τοὺς
3445 4145 3670 4216 νεκροὺς

2100 4254 2455 4327 ὠφελοῦντες,
2502 4251 2727 4314 ἑαυτοὺς
2767 4249 2825 4302 δὲ
2876 4246 3074 4320 μᾶλλον
3125 4243 3470 4315 βλάπτοντες.
3505 4235 3670 4327 Πάλιν

2102 4326 2500 4416 ἀναγκάζονται
2530 4342 2637 4396 ἀπὸ
2669 4341 2768 4411 τῆς
2798 4337 3086 4411 συνηθείας
3119 4334 3402 4407 ὁμολογεῖν
3440 4330 3541 4401 τὴν
3566 4326 3671 4382 τῶν

423 4456 553 4507 bant
581 4468 594 4503 :
621 4462 729 4518 qua
758 4448 812 4500 in
829 4460 889 4501 re
906 4459 1084 4516 neque
1109 4442 1342 4498 mortuis
1358 4451 1620 4513 prosunt,
1652 4451 1708 4496 et
1733 4440 1837 4494 sibi
1865 4439 1980 4509 ipsi:

2103 4436 2313 4510 νεκρῶν
2338 4436 2630 4490 ἀνάστασιν
2650 4448 2663 4461 '
2693 4431 2822 4486 ἔνθα
2854 4429 2963 4501 γὰρ
3003 4428 3159 4499 ἐτέθη
3194 4425 3263 4479 τὰ
3308 4422 3538 4494 σώματα
3564 4417 3671 4487 (43)

422 4543 808 4599 detrimentum
843 4537 1095 4594 afferunt.
1133 4534 1241 4591 Sed
1271 4534 1356 4590 vel
1389 4535 1504 4604 ipsa
1533 4547 1629 4589 eos
1655 4531 1980 4588 consuetum

2102 4530 2209 4584 τῶν
2237 4525 2672 4599 τελευτησάντων
2712 4523 3127 4597 παραγίνονται,
3163 4517 3258 4572 καὶ
3293 4510 3673 4587 προσφωνοῦσι

423 4635 491 4690 ad
533 4632 899 4690 conﬁtendam
946 4636 1288 4684 mortuorum
1337 4625 1798 4681 resurrectionem
1831 4622 1980 4693 adigi:

2104 4625 2217 4686 τοῖς
2244 4618 2604 4690 τεθαμμένοις
2631 4617 2843 4687 νεκροῖς
2876 4612 2937 4677 ἐξ
2963 4610 3255 4681 ὀνὸματος’
3296 4605 3552 4668 Ἀνάστα,
3584 4600 3678 4693 φάο

420 4726 586 4782 ctiam
611 4722 814 4778 invitos
840 4738 853 4776 :
880 4719 1149 4791 siquidem
1184 4716 1253 4772 ad
1278 4731 1402 4772 eum
1438 4717 1620 4770 locum
1650 4715 1708 4768 in
1732 4728 1844 4785 quo
1867 4729 2001 4769 con-

422 4818 534 4873 dita
574 4821 704 4871 sunt
746 4821 1087 4868 mortuorum
1135 4822 1401 4878 corpora,
1451 4820 1574 4862 sese
1619 4804 1998 4870 conferentes,

423 4906 777 4978 consepultos
806 4904 917 4960 illic
947 4900 1270 4959 nominatim
1306 4899 1606 4954 inclamant
1638 4915 1651 4951 :
1686 4895 1881 4970 Surge,
1916 4899 2001 4953 in-

495 5069 513 5098 ¹
553 5063 682 5121 Cor.
711 5063 837 5118 ὑπό.

498 5187 633 5258 (ιὲ’)
672 5187 755 5241 Οὐ
773 5182 1078 5258 σώματος.
1116 5176 1251 5237 Vide
1292 5178 1539 5236 haeresim
1571 5179 1660 5246 67,
1695 5178 1941 5235 numeris
1969 5178 1996 5232 1

428 5270 483 5319 et
509 5257 568 5320 6,
594 5257 960 5328 potissimum.

497 5317 610 5398 (43}
644 5329 835 5382 Ἔνθα
862 5324 975 5398 τᾲρ
1001 5321 1171 5398 ἐτέθη
1193 5321 1285 5398 ,τὰ
1321 5320 1580 5398 σώματα.
1610 5318 1757 5374 Zeno
1791 5317 1993 5398 veron.

426 5388 658 5458 iu'l‘sal.
697 5388 1014 5451 xum-Non
1042 5395 1080 5448 ii
1121 5388 1313 5455 solum,
1339 5388 1427 5463 qui
1465 5391 1597 5463 tales
1636 5399 1780 5463 sunt,
1815 5388 2005 5457 displi-

426 5479 543 5528 cent
589 5470 734 5530 Deo;
760 5464 851 5521 sed
886 5473 941 5534 et
977 5465 1078 5526 illi,
1117 5464 1206 5534 qui
1247 5460 1360 5531 μετ’
1386 5462 1630 5529 sepulcra
1655 5460 2001 5521 discurrunt;

428 5544 518 5615 qui
553 5538 738 5615 [etesia
772 5533 1010 5615 prandiis
1040 5533 1382 5615 cadaueribus
1408 5533 1717 5615 sacriﬁcant
1757 5540 2000 5615 mortuo-

431 5599 572 5667 rum:
604 5599 944 5678 Augustinus
977 5621 1025 5659 Vl
1054 5604 1215 5678 Conf.
1257 5617 1378 5674 cap.
1414 5618 1475 5665 ιι,
1532 5599 1725 5678 scribit
1767 5599 2002 5678 Ambros

1462 5673 1663 5741 pultes,
1692 5682 1909 5737 panem,
1923 5736 1936 5741 _
1949 5673 2004 5720 et

910 5064 932 5095 ι
959 5059 1164 5116 Vitium
1199 5056 1387 5116 subest
1433 5055 1562 5113 huic
1604 5056 1743 5114 loco.

430 5685 574 5737 simu
620 5677 907 5735 Mediolani
949 5677 1314 5746 prohibuisse.
1348 5685 1416 5746 {te

431 5736 664 5814 luerunt,
697 5750 839 5807 sicut
859 5750 915 5804 in
943 5736 1128 5802 Africa
1151 5746 1264 5800 ﬁeri
1278 5736 1523 5806 solebat,
1555 5740 1623 5794 ad
1656 5736 2007 5814 honorandas

429 5807 813 5882 defunctorum
857 5817 1150 5876 memorias
1197 5815 1483 5880 inferrent,
1527 5825 1590 5866 ne
1640 5808 1754 5863 ulla
1801 5807 2007 5865 occasio

2107 4729 2350 4777 σκοντες,
2376 4711 2404 4764 ὁ
2435 4710 2602 4774 δεῖνα,
2634 4707 2774 4779 φάγε
2804 4705 2899 4759 καὶ
2922 4702 3038 4756 πίθι
3062 4700 3158 4755 καὶ
3184 4696 3539 4769 εὐφράνθητι.
3570 4691 3677 4747 Καὶ

2104 4809 2153 4861 εί
2189 4805 2285 4876 μὲν
2326 4803 2424 4867 τὰς
2456 4800 2635 4873 ψυχὰς
2674 4800 2853 4853 ἐκεῖσε
2894 4795 3207 4866 νομίζουσιν
3243 4787 3677 4862 ἐμπαραμένειν,

2105 4899 2232 4954 ἔνθα
2264 4897 2332 4952 τὰ
2361 4897 2590 4966 λείψανα
2614 4892 2722 4947 τῶν
2758 4887 3200 4960 τελευτησάντων
3225 4882 3514 4949 τέθαπται,
3540 4879 3681 4933 ἀπα·

1850 5057 1871 5090 ⁸
1907 5055 1969 5113 F.
2003 5058 2143 5128 ὑπὲρ
2176 5055 2275 5120 τῆς
2313 5052 2407 5108 τοῦ
2433 5051 2667 5123 γέλωτος
2698 5052 2985 5121 κινήσεως.

2103 5194 2158 5232 se
2194 5171 2554 5245 ingurgilandi
2594 5166 3103 5245 dare_tur_ebrios_is;
3132 5174 3183 5217 et
3224 5161 3351 5245 quia
3395 5153 3687 5245 ίζιαηίμιαεί

2103 5230 2404 5316 parentalia
2457 5240 2825 5316 superstitioni
2854 5237 3130 5316 gentilium
3170 5230 3321 5316 esset
3385 5230 3685 5316 simillima.

2105 5297 2474 5370 5l‘ver-tullianus
2517 5297 2736 5381 Άροίυςι.
2787 5297 2906 5381 cui).
2944 5308 3047 5361 l3:
3079 5302 3218 5381 Quid
3262 5302 3475 5381 omnino
3504 5297 3572 5352 ad
3597 5297 3689 5381 [to-

2104 5366 2372 5440 noraniios
2398 5366 2484 5439 eos
2512 5366 2713 5451 facitis:
2746 5366 2883 5451 quo?!
2910 5394 3013 5431 non
3046 5366 3207 5429 etiam
3240 5372 3480 5451 mortuis
3505 5366 3689 5451 vestris

2105 5438 2436 5523 conferatis?
2467 5438 2648 5523 Ede;
2672 5438 2896 5523 proinde
2917 5463 2935 5501 :
2982 5462 3107 5500 aras
3140 5443 3381 5511 proinde.
3414 5439 3564 5523 Idem
3594 5438 3692 5523 Itu-

2108 5520 2269 5591 bilus,
2299 5533 2348 5578 ει
2375 5523 2611 5592 insignia
2636 5522 2687 5574 in
2709 5520 2922 5592 statutis
2948 5532 2965 5582 ,'
2990 5527 3045 5570 ut
3074 5526 3226 5592 quas,
3248 5525 3438 5592 utars,
3461 5520 3515 5592 ιις
3539 5522 3693 5592 nego-

2107 5576 2620 5660 ii'um'ntortui‘l'uit,
2660 5592 2737 5644 ita
2767 5589 2908 5643 Deus
2943 5576 3040 5660 est.
3076 5576 3421 5660 Quodiﬁ'ert
3454 5581 3519 5633 ab
3541 5576 3693 5655 apulo

2108 5647 2281 5728 iuris,
2325 5647 2715 5719 Silicernium?
2754 5679 2785 5714 a
2836 5657 3062 5727 simpulo
3081 5647 3282 5728 wobba?
3317 5647 3396 5705 'ab
3453 5647 3694 5728 θεωρῆτε

2112 5719 2430 5806 pollinctor?
2460 5732 2602 5787 Nam
2622 5743 2669 5787 ct
2706 5719 3177 5801 aruspes'mortuis
3207 5730 3446 5795 apparet.
3480 5719 3685 5776 Ρετλν.
