  <div class='ocr_page' id='page_1' title='image "/cluster/home/n/w/nwhite01/storage/ocr_20150623/43/mdp.39015013284818/118.png"; bbox 0 0 4018 6210; ppageno 0'>
   <div class='ocr_carea' id='block_1_1' title="bbox 326 409 420 464">
    <p class='ocr_par' dir='ltr' id='par_1_1' title="bbox 326 409 420 464">
     <span class='ocr_line' id='line_1_1' title="bbox 326 409 420 464; baseline -0.021 0"><span class='ocrx_word' id='word_1_1' title='bbox 326 409 420 464; x_wconf 74' lang='grc' dir='ltr'><strong>(Π</strong></span> 
     </span>
    </p>
   </div>
   <div class='ocr_carea' id='block_1_2' title="bbox 1734 413 2168 471">
    <p class='ocr_par' dir='ltr' id='par_1_2' title="bbox 1734 413 2168 471">
     <span class='ocr_line' id='line_1_2' title="bbox 1734 413 2168 471; baseline -0.005 -1"><span class='ocrx_word' id='word_1_2' title='bbox 1734 413 2168 471; x_wconf 68' lang='grc' dir='ltr'><strong>ΑΜΣΟΚΛΤΗΞ.</strong></span> 
     </span>
    </p>
   </div>
   <div class='ocr_carea' id='block_1_3' title="bbox 3468 414 3565 466">
    <p class='ocr_par' dir='ltr' id='par_1_3' title="bbox 3468 414 3565 466">
     <span class='ocr_line' id='line_1_3' title="bbox 3468 414 3565 466; baseline 0.01 -1"><span class='ocrx_word' id='word_1_3' title='bbox 3468 414 3565 466; x_wconf 73' lang='grc'><strong>173</strong></span> 
     </span>
    </p>
   </div>
   <div class='ocr_carea' id='block_1_4' title="bbox 318 526 1913 609">
    <p class='ocr_par' dir='ltr' id='par_1_4' title="bbox 318 526 1906 609">
     <span class='ocr_line' id='line_1_4' title="bbox 318 526 1906 609; baseline 0.005 -29"><span class='ocrx_word' id='word_1_4' title='bbox 318 526 416 609; x_wconf 82' lang='grc' dir='ltr'>θὴς</span> <span class='ocrx_word' id='word_1_5' title='bbox 446 544 528 589; x_wconf 89' lang='grc' dir='ltr'><strong>τις</strong></span> <span class='ocrx_word' id='word_1_6' title='bbox 573 526 792 599; x_wconf 82' lang='grc' dir='ltr'><strong>τοιαύτη</strong></span> <span class='ocrx_word' id='word_1_7' title='bbox 830 528 935 581; x_wconf 88' lang='grc' dir='ltr'><strong>τῶν</strong></span> <span class='ocrx_word' id='word_1_8' title='bbox 968 529 1155 601; x_wconf 87' lang='grc' dir='ltr'>ψυχῶν</span> <span class='ocrx_word' id='word_1_9' title='bbox 1202 534 1528 603; x_wconf 82' lang='grc' dir='ltr'>προσδοκία⁶</span> <span class='ocrx_word' id='word_1_10' title='bbox 1571 534 1906 606; x_wconf 62' lang='grc' dir='ltr'>ἑμπαραμέω</span> 
     </span>
    </p>
   </div>
   <div class='ocr_carea' id='block_1_5' title="bbox 2014 526 3565 609">
    <p class='ocr_par' dir='ltr' id='par_1_5' title="bbox 2014 529 3565 603">
     <span class='ocr_line' id='line_1_5' title="bbox 2014 529 3565 603; baseline 0 -16"><span class='ocrx_word' id='word_1_11' title='bbox 2014 533 2210 603; x_wconf 70' lang='lat' dir='ltr'><strong>miunt,</strong></span> <span class='ocrx_word' id='word_1_12' title='bbox 2240 530 2480 586; x_wconf 77' lang='lat' dir='ltr'><strong>defuncti</strong></span> <span class='ocrx_word' id='word_1_13' title='bbox 2506 545 2700 585; x_wconf 86' lang='lat' dir='ltr'><strong>nomen</strong></span> <span class='ocrx_word' id='word_1_14' title='bbox 2727 530 3080 601; x_wconf 84' lang='lat' dir='ltr'><strong>appellantes,</strong></span> <span class='ocrx_word' id='word_1_15' title='bbox 3109 529 3229 584; x_wconf 87' lang='lat' dir='ltr'><strong>bibe</strong></span> <span class='ocrx_word' id='word_1_16' title='bbox 3249 538 3301 585; x_wconf 88' lang='lat' dir='ltr'><strong>et</strong></span> <span class='ocrx_word' id='word_1_17' title='bbox 3324 532 3565 601; x_wconf 87' lang='lat' dir='ltr'><strong>epulare.</strong></span> 
     </span>
    </p>
   </div>
   <div class='ocr_carea' id='block_1_6' title="bbox 318 614 1895 693">
    <p class='ocr_par' dir='ltr' id='par_1_6' title="bbox 318 614 1895 693">
     <span class='ocr_line' id='line_1_6' title="bbox 318 614 1895 693; baseline 0.006 -26"><span class='ocrx_word' id='word_1_18' title='bbox 318 632 468 668; x_wconf 91' lang='grc' dir='ltr'>νουσι</span> <span class='ocrx_word' id='word_1_19' title='bbox 502 614 609 687; x_wconf 86' lang='grc' dir='ltr'>γὰρ</span> <span class='ocrx_word' id='word_1_20' title='bbox 642 616 739 687; x_wconf 85' lang='grc' dir='ltr'><strong>τὴν</strong></span> <span class='ocrx_word' id='word_1_21' title='bbox 783 617 996 689; x_wconf 79' lang='grc' dir='ltr'>ἡμέραν</span> <span class='ocrx_word' id='word_1_22' title='bbox 1030 621 1128 691; x_wconf 79' lang='grc' dir='ltr'><strong>τὴν</strong></span> <span class='ocrx_word' id='word_1_23' title='bbox 1158 622 1476 692; x_wconf 80' lang='grc' dir='ltr'>μέλλουσαν,</span> <span class='ocrx_word' id='word_1_24' title='bbox 1505 624 1596 677; x_wconf 76' lang='grc' dir='ltr'>καὶ</span> <span class='ocrx_word' id='word_1_25' title='bbox 1624 622 1722 693; x_wconf 73' lang='grc' dir='ltr'>τὴν</span> <span class='ocrx_word' id='word_1_26' title='bbox 1764 623 1895 676; x_wconf 86' lang='grc' dir='ltr'>ἀνά-</span> 
     </span>
    </p>
   </div>
   <div class='ocr_carea' id='block_1_7' title="bbox 321 706 1896 778">
    <p class='ocr_par' dir='ltr' id='par_1_7' title="bbox 321 706 1896 778">
     <span class='ocr_line' id='line_1_7' title="bbox 321 706 1896 778; baseline 0.005 -19"><span class='ocrx_word' id='word_1_27' title='bbox 321 722 509 759; x_wconf 87' lang='grc' dir='ltr'>στασιν</span> <span class='ocrx_word' id='word_1_28' title='bbox 555 706 665 776; x_wconf 79' lang='grc' dir='ltr'>τῆς,</span> <span class='ocrx_word' id='word_1_29' title='bbox 706 708 1145 778; x_wconf 75' lang='grc' dir='ltr'><strong>παλιγγενεσίας,</strong></span> <span class='ocrx_word' id='word_1_30' title='bbox 1175 713 1279 777; x_wconf 70' lang='grc' dir='ltr'>ἕως</span> <span class='ocrx_word' id='word_1_31' title='bbox 1324 714 1392 768; x_wconf 83' lang='grc' dir='ltr'><strong>τά</strong></span> <span class='ocrx_word' id='word_1_32' title='bbox 1442 713 1671 767; x_wconf 79' lang='grc' dir='ltr'><strong>σύνθετα</strong></span> <span class='ocrx_word' id='word_1_33' title='bbox 1711 713 1896 767; x_wconf 75' lang='grc' dir='ltr'>καὶτὰ</span> 
     </span>
    </p>
   </div>
   <div class='ocr_carea' id='block_1_8' title="bbox 320 799 1895 875">
    <p class='ocr_par' dir='ltr' id='par_1_8' title="bbox 320 799 1895 875">
     <span class='ocr_line' id='line_1_8' title="bbox 320 799 1895 875; baseline 0.004 -24"><span class='ocrx_word' id='word_1_34' title='bbox 320 799 534 867; x_wconf 76' lang='grc' dir='ltr'>σύζυγα</span> <span class='ocrx_word' id='word_1_35' title='bbox 576 800 754 854; x_wconf 80' lang='grc' dir='ltr'>αὐτῶν</span> <span class='ocrx_word' id='word_1_36' title='bbox 801 802 1113 859; x_wconf 76' lang='grc' dir='ltr'>ἀπολάϐωσι</span> <span class='ocrx_word' id='word_1_37' title='bbox 1148 802 1399 875; x_wconf 82' lang='grc' dir='ltr'>σώματα’</span> <span class='ocrx_word' id='word_1_38' title='bbox 1453 806 1501 858; x_wconf 82' lang='grc' dir='ltr'><strong>εί</strong></span> <span class='ocrx_word' id='word_1_39' title='bbox 1542 806 1636 859; x_wconf 75' lang='grc' dir='ltr'><strong>καὶ</strong></span> <span class='ocrx_word' id='word_1_40' title='bbox 1679 805 1895 875; x_wconf 86' lang='grc' dir='ltr'>βδελύτ-</span> 
     </span>
    </p>
   </div>
   <div class='ocr_carea' id='block_1_9' title="bbox 319 891 1896 970">
    <p class='ocr_par' dir='ltr' id='par_1_9' title="bbox 319 891 1896 970">
     <span class='ocr_line' id='line_1_9' title="bbox 319 891 1896 970; baseline 0.004 -27"><span class='ocrx_word' id='word_1_41' title='bbox 319 908 501 944; x_wconf 82' lang='grc' dir='ltr'>τονται</span> <span class='ocrx_word' id='word_1_42' title='bbox 524 892 573 945; x_wconf 88' lang='grc' dir='ltr'><strong>οί</strong></span> <span class='ocrx_word' id='word_1_43' title='bbox 604 891 713 944; x_wconf 90' lang='grc' dir='ltr'><strong>τῶν</strong></span> <span class='ocrx_word' id='word_1_44' title='bbox 751 892 1019 964; x_wconf 81' lang='grc' dir='ltr'><strong>Ἐλλήνων</strong></span> <span class='ocrx_word' id='word_1_45' title='bbox 1045 896 1232 959; x_wconf 86' lang='grc' dir='ltr'>παῖδες</span> <span class='ocrx_word' id='word_1_46' title='bbox 1254 896 1351 968; x_wconf 82' lang='grc' dir='ltr'>τὴν</span> <span class='ocrx_word' id='word_1_47' title='bbox 1379 898 1557 970; x_wconf 86' lang='grc' dir='ltr'>σάρκα</span> <span class='ocrx_word' id='word_1_48' title='bbox 1588 898 1662 962; x_wconf 85' lang='grc' dir='ltr'><strong>ὡς</strong></span> <span class='ocrx_word' id='word_1_49' title='bbox 1690 897 1896 968; x_wconf 71' lang='grc' dir='ltr'>φαύλην</span> 
     </span>
    </p>
   </div>
   <div class='ocr_carea' id='block_1_10' title="bbox 319 978 1897 1068">
    <p class='ocr_par' dir='ltr' id='par_1_10' title="bbox 319 978 1897 1068">
     <span class='ocr_line' id='line_1_10' title="bbox 319 978 1897 1068; baseline 0.003 -31"><span class='ocrx_word' id='word_1_50' title='bbox 319 978 508 1047; x_wconf 76' lang='grc' dir='ltr'>οὖσαν,</span> <span class='ocrx_word' id='word_1_51' title='bbox 563 984 655 1038; x_wconf 59' lang='grc' dir='ltr'><strong>καὶ⁵</strong></span> <span class='ocrx_word' id='word_1_52' title='bbox 716 985 1377 1068; x_wconf 42' lang='grc' dir='ltr'>τέλεονβφανιζομένην,</span> <span class='ocrx_word' id='word_1_53' title='bbox 1435 991 1532 1043; x_wconf 70' lang='grc' dir='ltr'>καὶ</span> <span class='ocrx_word' id='word_1_54' title='bbox 1584 990 1773 1043; x_wconf 78' lang='grc' dir='ltr'>ἐλπίδα</span> <span class='ocrx_word' id='word_1_55' title='bbox 1823 990 1897 1060; x_wconf 84' lang='grc' dir='ltr'>μὴ</span> 
     </span>
    </p>
   </div>
   <div class='ocr_carea' id='block_1_11' title="bbox 321 1074 1899 1153">
    <p class='ocr_par' dir='ltr' id='par_1_11' title="bbox 321 1074 1899 1153">
     <span class='ocr_line' id='line_1_11' title="bbox 321 1074 1899 1153; baseline 0.004 -26"><span class='ocrx_word' id='word_1_56' title='bbox 321 1074 547 1145; x_wconf 76' lang='grc' dir='ltr'>ἔχουσαν</span> <span class='ocrx_word' id='word_1_57' title='bbox 580 1075 946 1141; x_wconf 76' lang='grc' dir='ltr'>ἀναϐιώσεως.</span> <span class='ocrx_word' id='word_1_58' title='bbox 971 1079 1032 1131; x_wconf 80' lang='grc' dir='ltr'><strong>Εἰ</strong></span> <span class='ocrx_word' id='word_1_59' title='bbox 1052 1079 1107 1131; x_wconf 86' lang='grc' dir='ltr'>δὲ</span> <span class='ocrx_word' id='word_1_60' title='bbox 1133 1081 1207 1150; x_wconf 83' lang='grc' dir='ltr'>μὴ</span> <span class='ocrx_word' id='word_1_61' title='bbox 1232 1080 1407 1152; x_wconf 84' lang='grc' dir='ltr'>τούτῳ</span> <span class='ocrx_word' id='word_1_62' title='bbox 1428 1081 1505 1152; x_wconf 82' lang='grc' dir='ltr'>τῷ</span> <span class='ocrx_word' id='word_1_63' title='bbox 1534 1083 1717 1153; x_wconf 82' lang='grc' dir='ltr'>τρόπῳ</span> <span class='ocrx_word' id='word_1_64' title='bbox 1741 1080 1899 1134; x_wconf 88' lang='grc' dir='ltr'>τοῦτο</span> 
     </span>
    </p>
   </div>
   <div class='ocr_carea' id='block_1_12' title="bbox 323 1166 1897 1242">
    <p class='ocr_par' dir='ltr' id='par_1_12' title="bbox 323 1166 1897 1242">
     <span class='ocr_line' id='line_1_12' title="bbox 323 1166 1897 1242; baseline 0.003 -24"><span class='ocrx_word' id='word_1_65' title='bbox 323 1166 558 1231; x_wconf 85' lang='grc' dir='ltr'>ποιοῦσι,</span> <span class='ocrx_word' id='word_1_66' title='bbox 590 1168 697 1220; x_wconf 88' lang='grc' dir='ltr'>τίνι</span> <span class='ocrx_word' id='word_1_67' title='bbox 742 1168 820 1239; x_wconf 79' lang='grc' dir='ltr'>τῷ</span> <span class='ocrx_word' id='word_1_68' title='bbox 853 1169 995 1240; x_wconf 84' lang='grc' dir='ltr'>λόγῳ</span> <span class='ocrx_word' id='word_1_69' title='bbox 1030 1169 1127 1233; x_wconf 77' lang='grc' dir='ltr'>τὰς</span> <span class='ocrx_word' id='word_1_70' title='bbox 1157 1171 1398 1240; x_wconf 83' lang='grc' dir='ltr'><strong>βελτίους</strong></span> <span class='ocrx_word' id='word_1_71' title='bbox 1440 1170 1617 1241; x_wconf 83' lang='grc' dir='ltr'>ψυχὰς</span> <span class='ocrx_word' id='word_1_72' title='bbox 1661 1172 1759 1242; x_wconf 73' lang='grc' dir='ltr'>τῆς</span> <span class='ocrx_word' id='word_1_73' title='bbox 1790 1168 1897 1223; x_wconf 90' lang='grc' dir='ltr'><strong>τῶν</strong></span> 
     </span>
    </p>
   </div>
   <div class='ocr_carea' id='block_1_13' title="bbox 324 1259 1901 1335">
    <p class='ocr_par' dir='ltr' id='par_1_13' title="bbox 324 1259 1901 1335">
     <span class='ocr_line' id='line_1_13' title="bbox 324 1259 1901 1335; baseline 0.003 -25"><span class='ocrx_word' id='word_1_74' title='bbox 324 1259 594 1328; x_wconf 87' lang='grc' dir='ltr'>σωμάτων</span> <span class='ocrx_word' id='word_1_75' title='bbox 619 1260 808 1324; x_wconf 78' lang='grc' dir='ltr'>οὐσίας</span> <span class='ocrx_word' id='word_1_76' title='bbox 840 1262 1259 1330; x_wconf 82' lang='grc' dir='ltr'>ὲγκαταδὲοντες</span> <span class='ocrx_word' id='word_1_77' title='bbox 1294 1263 1555 1335; x_wconf 79' lang='grc' dir='ltr'>καταδίκῃ</span> <span class='ocrx_word' id='word_1_78' title='bbox 1583 1264 1780 1335; x_wconf 85' lang='grc' dir='ltr'>μᾶλλον</span> <span class='ocrx_word' id='word_1_79' title='bbox 1805 1280 1901 1315; x_wconf 84' lang='grc' dir='ltr'>πε-</span> 
     </span>
    </p>
   </div>
   <div class='ocr_carea' id='block_1_14' title="bbox 322 1349 1902 1425">
    <p class='ocr_par' dir='ltr' id='par_1_14' title="bbox 322 1349 1902 1425">
     <span class='ocr_line' id='line_1_14' title="bbox 322 1349 1902 1425; baseline 0.003 -23"><span class='ocrx_word' id='word_1_80' title='bbox 322 1349 656 1421; x_wconf 74' lang='grc' dir='ltr'>ριϐάλλουσι,</span> <span class='ocrx_word' id='word_1_81' title='bbox 684 1354 751 1423; x_wconf 76' lang='grc' dir='ltr'>τῇ</span> <span class='ocrx_word' id='word_1_82' title='bbox 774 1352 1040 1423; x_wconf 79' lang='grc' dir='ltr'>ὑπολήψει</span> <span class='ocrx_word' id='word_1_83' title='bbox 1061 1353 1234 1407; x_wconf 83' lang='grc' dir='ltr'>ταῦτα</span> <span class='ocrx_word' id='word_1_84' title='bbox 1255 1354 1559 1425; x_wconf 76' lang='grc' dir='ltr'>ὁριζόμενοι</span> <span class='ocrx_word' id='word_1_85' title='bbox 1584 1395 1598 1417; x_wconf 92' lang='grc'><strong>,</strong></span> <span class='ocrx_word' id='word_1_86' title='bbox 1624 1355 1717 1408; x_wconf 60' lang='grc' dir='ltr'><strong>καὶ⁵</strong></span> <span class='ocrx_word' id='word_1_87' title='bbox 1740 1371 1902 1424; x_wconf 88' lang='grc' dir='ltr'>προσ-</span> 
     </span>
    </p>
   </div>
   <div class='ocr_carea' id='block_1_15' title="bbox 320 1441 1902 1518">
    <p class='ocr_par' dir='ltr' id='par_1_15' title="bbox 320 1441 1902 1518">
     <span class='ocr_line' id='line_1_15' title="bbox 320 1441 1902 1518; baseline 0.004 -25"><span class='ocrx_word' id='word_1_88' title='bbox 320 1441 601 1510; x_wconf 85' lang='grc' dir='ltr'>εδρεύουσι</span> <span class='ocrx_word' id='word_1_89' title='bbox 631 1444 743 1507; x_wconf 86' lang='grc' dir='ltr'>τοίς</span> <span class='ocrx_word' id='word_1_90' title='bbox 776 1444 1184 1515; x_wconf 83' lang='grc' dir='ltr'><strong>τετελευτηκόσι</strong></span> <span class='ocrx_word' id='word_1_91' title='bbox 1230 1447 1534 1516; x_wconf 86' lang='grc' dir='ltr'>λειψάνοις;</span> <span class='ocrx_word' id='word_1_92' title='bbox 1567 1446 1600 1517; x_wconf 82' lang='grc' dir='ltr'>ἢ</span> <span class='ocrx_word' id='word_1_93' title='bbox 1643 1447 1736 1500; x_wconf 60' lang='lat' dir='ltr'><strong>in).</strong></span> <span class='ocrx_word' id='word_1_94' title='bbox 1773 1446 1902 1518; x_wconf 81' lang='grc' dir='ltr'>ποίᾳ</span> 
     </span>
    </p>
   </div>
   <div class='ocr_carea' id='block_1_16' title="bbox 324 1531 1902 1605">
    <p class='ocr_par' dir='ltr' id='par_1_16' title="bbox 324 1531 1902 1605">
     <span class='ocr_line' id='line_1_16' title="bbox 324 1531 1902 1605; baseline 0.003 -22"><span class='ocrx_word' id='word_1_95' title='bbox 324 1531 623 1602; x_wconf 78' lang='grc' dir='ltr'>προσδοκίᾳ</span> <span class='ocrx_word' id='word_1_96' title='bbox 667 1532 879 1596; x_wconf 80' lang='grc' dir='ltr'><strong>ἐλπίδος</strong></span> <span class='ocrx_word' id='word_1_97' title='bbox 921 1536 1327 1605; x_wconf 83' lang='grc' dir='ltr'>παραμένουσι;</span> <span class='ocrx_word' id='word_1_98' title='bbox 1375 1537 1701 1604; x_wconf 83' lang='grc' dir='ltr'>λεγέτωσαν.</span> <span class='ocrx_word' id='word_1_99' title='bbox 1744 1536 1902 1590; x_wconf 77' lang='grc' dir='ltr'>Ἀλλὰ</span> 
     </span>
    </p>
   </div>
   <div class='ocr_carea' id='block_1_17' title="bbox 321 1621 1903 1697">
    <p class='ocr_par' dir='ltr' id='par_1_17' title="bbox 321 1621 1903 1697">
     <span class='ocr_line' id='line_1_17' title="bbox 321 1621 1903 1697; baseline 0.003 -24"><span class='ocrx_word' id='word_1_100' title='bbox 321 1621 477 1692; x_wconf 74' lang='grc' dir='ltr'>δῆλον</span> <span class='ocrx_word' id='word_1_101' title='bbox 507 1622 588 1675; x_wconf 88' lang='grc' dir='ltr'><strong>ὅτι</strong></span> <span class='ocrx_word' id='word_1_102' title='bbox 620 1623 681 1675; x_wconf 84' lang='grc' dir='ltr'><strong>οὐ</strong></span> <span class='ocrx_word' id='word_1_103' title='bbox 722 1624 823 1687; x_wconf 79' lang='grc' dir='ltr'>τὰς</span> <span class='ocrx_word' id='word_1_104' title='bbox 867 1624 1047 1696; x_wconf 77' lang='grc' dir='ltr'>ψυχὰς</span> <span class='ocrx_word' id='word_1_105' title='bbox 1077 1626 1388 1696; x_wconf 77' lang='grc' dir='ltr'>νομίζουσιν</span> <span class='ocrx_word' id='word_1_106' title='bbox 1422 1622 1562 1681; x_wconf 72' lang='grc' dir='ltr'>εἶναι</span> <span class='ocrx_word' id='word_1_107' title='bbox 1589 1628 1645 1679; x_wconf 83' lang='grc' dir='ltr'><strong>ὲν</strong></span> <span class='ocrx_word' id='word_1_108' title='bbox 1684 1628 1903 1697; x_wconf 81' lang='grc' dir='ltr'>μνήμα-</span> 
     </span>
    </p>
   </div>
   <div class='ocr_carea' id='block_1_18' title="bbox 325 1713 1899 1790">
    <p class='ocr_par' dir='ltr' id='par_1_18' title="bbox 325 1713 1899 1790">
     <span class='ocr_line' id='line_1_18' title="bbox 325 1713 1899 1790; baseline 0.003 -25"><span class='ocrx_word' id='word_1_109' title='bbox 325 1728 431 1775; x_wconf 80' lang='grc' dir='ltr'>σιν,</span> <span class='ocrx_word' id='word_1_110' title='bbox 479 1713 593 1765; x_wconf 78' lang='grc' dir='ltr'>ἀλλ’</span> <span class='ocrx_word' id='word_1_111' title='bbox 634 1715 692 1767; x_wconf 81' lang='grc' dir='ltr'><strong>ἐν</strong></span> <span class='ocrx_word' id='word_1_112' title='bbox 736 1715 982 1787; x_wconf 85' lang='grc' dir='ltr'>ταμείοις</span> <span class='ocrx_word' id='word_1_113' title='bbox 1028 1718 1170 1770; x_wconf 79' lang='grc' dir='ltr'>τισὶν</span> <span class='ocrx_word' id='word_1_114' title='bbox 1212 1719 1279 1771; x_wconf 82' lang='grc' dir='ltr'>ὲκ</span> <span class='ocrx_word' id='word_1_115' title='bbox 1326 1718 1460 1772; x_wconf 84' lang='grc' dir='ltr'>Θεοῦ</span> <span class='ocrx_word' id='word_1_116' title='bbox 1504 1718 1711 1790; x_wconf 70' lang='grc' dir='ltr'>ἑκάστῃ</span> <span class='ocrx_word' id='word_1_117' title='bbox 1756 1716 1899 1788; x_wconf 82' lang='grc' dir='ltr'><strong>ψυχῇ</strong></span> 
     </span>
    </p>
   </div>
   <div class='ocr_carea' id='block_1_19' title="bbox 324 1801 1902 1879">
    <p class='ocr_par' dir='ltr' id='par_1_19' title="bbox 324 1801 1902 1879">
     <span class='ocr_line' id='line_1_19' title="bbox 324 1801 1902 1879; baseline 0.001 -22"><span class='ocrx_word' id='word_1_118' title='bbox 324 1804 791 1876; x_wconf 66' lang='grc' dir='ltr'>ἀπο-τεταγμένοις</span> <span class='ocrx_word' id='word_1_119' title='bbox 824 1809 943 1861; x_wconf 85' lang='grc' dir='ltr'>κατ’</span> <span class='ocrx_word' id='word_1_120' title='bbox 970 1806 1126 1872; x_wconf 81' lang='grc' dir='ltr'>ἀξίαν</span> <span class='ocrx_word' id='word_1_121' title='bbox 1157 1801 1231 1861; x_wconf 83' lang='grc' dir='ltr'><strong>ὧν</strong></span> <span class='ocrx_word' id='word_1_122' title='bbox 1256 1808 1437 1874; x_wconf 78' lang='grc' dir='ltr'>ὲὸίων,</span> <span class='ocrx_word' id='word_1_123' title='bbox 1471 1808 1703 1879; x_wconf 78' lang='grc' dir='ltr'>ἔδρασάν</span> <span class='ocrx_word' id='word_1_124' title='bbox 1724 1826 1781 1861; x_wconf 87' lang='grc' dir='ltr'><strong>τε</strong></span> <span class='ocrx_word' id='word_1_125' title='bbox 1808 1808 1902 1862; x_wconf 73' lang='grc' dir='ltr'><strong>καὶ</strong></span> 
     </span>
    </p>
   </div>
   <div class='ocr_carea' id='block_1_20' title="bbox 324 1881 1977 1969">
    <p class='ocr_par' dir='ltr' id='par_1_20' title="bbox 324 1881 1977 1969">
     <span class='ocr_line' id='line_1_20' title="bbox 324 1881 1977 1969; baseline 0.001 -20"><span class='ocrx_word' id='word_1_126' title='bbox 324 1896 771 1951; x_wconf 77' lang='grc' dir='ltr'>ἐπολιτεύσαντοο</span> <span class='ocrx_word' id='word_1_127' title='bbox 810 1896 879 1950; x_wconf 86' lang='grc' dir='ltr'>τὰ</span> <span class='ocrx_word' id='word_1_128' title='bbox 915 1897 973 1950; x_wconf 80' lang='grc' dir='ltr'><strong>δὲ</strong></span> <span class='ocrx_word' id='word_1_129' title='bbox 1001 1896 1228 1968; x_wconf 84' lang='grc' dir='ltr'>σώματα</span> <span class='ocrx_word' id='word_1_130' title='bbox 1260 1899 1416 1963; x_wconf 85' lang='grc' dir='ltr'>ἰδίαις</span> <span class='ocrx_word' id='word_1_131' title='bbox 1460 1899 1648 1969; x_wconf 75' lang='grc' dir='ltr'>χερσὶν</span> <span class='ocrx_word' id='word_1_132' title='bbox 1674 1898 1899 1960; x_wconf 75' lang='grc' dir='ltr'>ἕκαστος</span> <span class='ocrx_word' id='word_1_133' title='bbox 1935 1881 1977 1939; x_wconf 66' lang='grc' dir='ltr'><strong>Β</strong></span> 
     </span>
    </p>
   </div>
   <div class='ocr_carea' id='block_1_21' title="bbox 323 1988 1903 2061">
    <p class='ocr_par' dir='ltr' id='par_1_21' title="bbox 323 1988 1903 2061">
     <span class='ocr_line' id='line_1_21' title="bbox 323 1988 1903 2061; baseline 0.001 -20"><span class='ocrx_word' id='word_1_134' title='bbox 323 1989 417 2041; x_wconf 84' lang='grc' dir='ltr'><strong>τοῦ</strong></span> <span class='ocrx_word' id='word_1_135' title='bbox 441 1988 609 2050; x_wconf 82' lang='grc' dir='ltr'>πέλας</span> <span class='ocrx_word' id='word_1_136' title='bbox 632 1990 689 2042; x_wconf 80' lang='grc' dir='ltr'>ὲν</span> <span class='ocrx_word' id='word_1_137' title='bbox 709 1990 829 2051; x_wconf 84' lang='grc' dir='ltr'>ταῖς</span> <span class='ocrx_word' id='word_1_138' title='bbox 855 1988 1047 2059; x_wconf 83' lang='grc' dir='ltr'>θήκαις</span> <span class='ocrx_word' id='word_1_139' title='bbox 1070 1990 1175 2044; x_wconf 85' lang='grc' dir='ltr'><strong>τῶν</strong></span> <span class='ocrx_word' id='word_1_140' title='bbox 1204 1991 1471 2061; x_wconf 87' lang='grc' dir='ltr'>σωμάτων</span> <span class='ocrx_word' id='word_1_141' title='bbox 1493 1991 1669 2044; x_wconf 85' lang='grc' dir='ltr'>εἴτουν</span> <span class='ocrx_word' id='word_1_142' title='bbox 1698 1993 1903 2044; x_wconf 83' lang='grc' dir='ltr'>ὀστέων</span> 
     </span>
    </p>
   </div>
   <div class='ocr_carea' id='block_1_22' title="bbox 326 2078 1905 2153">
    <p class='ocr_par' dir='ltr' id='par_1_22' title="bbox 326 2078 1905 2153">
     <span class='ocr_line' id='line_1_22' title="bbox 326 2078 1905 2153; baseline 0.002 -23"><span class='ocrx_word' id='word_1_143' title='bbox 326 2078 636 2133; x_wconf 81' lang='grc' dir='ltr'>κατέθεντο.</span> <span class='ocrx_word' id='word_1_144' title='bbox 665 2078 873 2149; x_wconf 78' lang='grc' dir='ltr'>Εὗηθες</span> <span class='ocrx_word' id='word_1_145' title='bbox 914 2079 959 2132; x_wconf 78' lang='grc' dir='ltr'>δ’</span> <span class='ocrx_word' id='word_1_146' title='bbox 994 2080 1061 2133; x_wconf 82' lang='grc' dir='ltr'>ἂν</span> <span class='ocrx_word' id='word_1_147' title='bbox 1106 2080 1192 2152; x_wconf 74' lang='grc' dir='ltr'>εἴη</span> <span class='ocrx_word' id='word_1_148' title='bbox 1234 2082 1386 2153; x_wconf 79' lang='grc' dir='ltr'>παρὰ</span> <span class='ocrx_word' id='word_1_149' title='bbox 1432 2084 1599 2135; x_wconf 80' lang='grc' dir='ltr'>πᾶσιν</span> <span class='ocrx_word' id='word_1_150' title='bbox 1632 2079 1767 2135; x_wconf 77' lang='grc' dir='ltr'>εἶναι</span> <span class='ocrx_word' id='word_1_151' title='bbox 1808 2080 1905 2151; x_wconf 83' lang='grc' dir='ltr'><strong>τὴν</strong></span> 
     </span>
    </p>
   </div>
   <div class='ocr_carea' id='block_1_23' title="bbox 327 2169 1906 2243">
    <p class='ocr_par' dir='ltr' id='par_1_23' title="bbox 327 2169 1906 2243">
     <span class='ocr_line' id='line_1_23' title="bbox 327 2169 1906 2243; baseline 0.002 -19"><span class='ocrx_word' id='word_1_152' title='bbox 327 2172 458 2243; x_wconf 89' lang='grc' dir='ltr'>μίαν</span> <span class='ocrx_word' id='word_1_153' title='bbox 491 2172 758 2243; x_wconf 83' lang='grc' dir='ltr'><strong>ὑπόληψιν</strong></span> <span class='ocrx_word' id='word_1_154' title='bbox 791 2173 997 2226; x_wconf 88' lang='grc' dir='ltr'>τούτων</span> <span class='ocrx_word' id='word_1_155' title='bbox 1020 2175 1115 2226; x_wconf 76' lang='grc' dir='ltr'><strong>καὶ</strong></span> <span class='ocrx_word' id='word_1_156' title='bbox 1143 2174 1483 2238; x_wconf 82' lang='grc' dir='ltr'>ἀκολουθίαν,</span> <span class='ocrx_word' id='word_1_157' title='bbox 1512 2169 1592 2238; x_wconf 70' lang='grc' dir='ltr'>οἷς</span> <span class='ocrx_word' id='word_1_158' title='bbox 1618 2176 1679 2226; x_wconf 79' lang='grc' dir='ltr'>ἐκ</span> <span class='ocrx_word' id='word_1_159' title='bbox 1703 2192 1906 2227; x_wconf 84' lang='grc' dir='ltr'>παντα-</span> 
     </span>
    </p>
   </div>
   <div class='ocr_carea' id='block_1_24' title="bbox 325 2260 1907 2335">
    <p class='ocr_par' dir='ltr' id='par_1_24' title="bbox 325 2260 1907 2335">
     <span class='ocr_line' id='line_1_24' title="bbox 325 2260 1907 2335; baseline 0.003 -23"><span class='ocrx_word' id='word_1_160' title='bbox 325 2260 486 2331; x_wconf 88' lang='grc' dir='ltr'>χόθεν</span> <span class='ocrx_word' id='word_1_161' title='bbox 520 2260 884 2333; x_wconf 74' lang='grc' dir='ltr'>ὡμολόγηταιο</span> <span class='ocrx_word' id='word_1_162' title='bbox 922 2263 1074 2335; x_wconf 71' lang='grc' dir='ltr'>παρὰ</span> <span class='ocrx_word' id='word_1_163' title='bbox 1106 2263 1163 2315; x_wconf 82' lang='grc' dir='ltr'>δὲ</span> <span class='ocrx_word' id='word_1_164' title='bbox 1192 2266 1301 2327; x_wconf 85' lang='grc' dir='ltr'>τοῖς</span> <span class='ocrx_word' id='word_1_165' title='bbox 1330 2264 1578 2326; x_wconf 84' lang='grc' dir='ltr'>ἀπίστοις</span> <span class='ocrx_word' id='word_1_166' title='bbox 1603 2264 1907 2317; x_wconf 82' lang='grc' dir='ltr'>τούναντίον</span> 
     </span>
    </p>
   </div>
   <div class='ocr_carea' id='block_1_25' title="bbox 324 2352 1907 2425">
    <p class='ocr_par' dir='ltr' id='par_1_25' title="bbox 324 2352 1907 2425">
     <span class='ocr_line' id='line_1_25' title="bbox 324 2352 1907 2425; baseline 0.002 -21"><span class='ocrx_word' id='word_1_167' title='bbox 324 2352 396 2405; x_wconf 81' lang='grc' dir='ltr'>τὰ</span> <span class='ocrx_word' id='word_1_168' title='bbox 436 2352 663 2423; x_wconf 78' lang='grc' dir='ltr'><strong>ἀληθινὰ</strong></span> <span class='ocrx_word' id='word_1_169' title='bbox 703 2354 1068 2425; x_wconf 80' lang='grc' dir='ltr'>ἐξαρνεῖσθαι,</span> <span class='ocrx_word' id='word_1_170' title='bbox 1104 2355 1197 2407; x_wconf 78' lang='grc' dir='ltr'>καὶ</span> <span class='ocrx_word' id='word_1_171' title='bbox 1228 2354 1295 2407; x_wconf 82' lang='grc' dir='ltr'><strong>τά</strong></span> <span class='ocrx_word' id='word_1_172' title='bbox 1343 2355 1401 2407; x_wconf 77' lang='grc' dir='ltr'>ἐν</span> <span class='ocrx_word' id='word_1_173' title='bbox 1428 2354 1546 2425; x_wconf 86' lang='grc' dir='ltr'><strong>Θεῷ</strong></span> <span class='ocrx_word' id='word_1_174' title='bbox 1583 2354 1782 2407; x_wconf 80' lang='grc' dir='ltr'>δυνατὰ</span> <span class='ocrx_word' id='word_1_175' title='bbox 1830 2356 1907 2418; x_wconf 86' lang='grc' dir='ltr'>εἰς</span> 
     </span>
    </p>
   </div>
   <div class='ocr_carea' id='block_1_26' title="bbox 324 2443 1436 2517">
    <p class='ocr_par' dir='ltr' id='par_1_26' title="bbox 324 2443 1436 2517">
     <span class='ocr_line' id='line_1_26' title="bbox 324 2443 1436 2517; baseline 0.004 -22"><span class='ocrx_word' id='word_1_176' title='bbox 324 2443 545 2508; x_wconf 72' lang='grc' dir='ltr'>ἐλπίδας</span> <span class='ocrx_word' id='word_1_177' title='bbox 572 2446 700 2517; x_wconf 77' lang='grc' dir='ltr'>παρ’</span> <span class='ocrx_word' id='word_1_178' title='bbox 731 2446 912 2509; x_wconf 82' lang='grc' dir='ltr'>αὐτοῖς</span> <span class='ocrx_word' id='word_1_179' title='bbox 944 2448 1018 2517; x_wconf 83' lang='grc' dir='ltr'>μὴ</span> <span class='ocrx_word' id='word_1_180' title='bbox 1050 2445 1436 2516; x_wconf 88' lang='grc' dir='ltr'>κεκρατύνθαι.</span> 
     </span>
    </p>
   </div>
   <div class='ocr_carea' id='block_1_27' title="bbox 1998 622 3570 694">
    <p class='ocr_par' dir='ltr' id='par_1_27' title="bbox 1998 622 3570 694">
     <span class='ocr_line' id='line_1_27' title="bbox 1998 622 3570 694; baseline -0.003 -16"><span class='ocrx_word' id='word_1_181' title='bbox 1998 623 2160 694; x_wconf 82' lang='lat' dir='ltr'><strong>Atqui</strong></span> <span class='ocrx_word' id='word_1_182' title='bbox 2192 623 2306 678; x_wconf 84' lang='lat' dir='ltr'><strong>sive</strong></span> <span class='ocrx_word' id='word_1_183' title='bbox 2335 622 2546 677; x_wconf 87' lang='lat' dir='ltr'><strong>animas</strong></span> <span class='ocrx_word' id='word_1_184' title='bbox 2574 623 2812 677; x_wconf 79' lang='lat' dir='ltr'><strong>residere</strong></span> <span class='ocrx_word' id='word_1_185' title='bbox 2845 622 2953 675; x_wconf 92' lang='lat' dir='ltr'><strong>illic</strong></span> <span class='ocrx_word' id='word_1_186' title='bbox 2983 629 3173 691; x_wconf 87' lang='lat' dir='ltr'><strong>putant</strong></span> <span class='ocrx_word' id='word_1_187' title='bbox 3204 622 3293 676; x_wconf 91' lang='lat' dir='ltr'><strong>ubi</strong></span> <span class='ocrx_word' id='word_1_188' title='bbox 3324 631 3570 675; x_wconf 87' lang='lat' dir='ltr'><strong>mortuo--</strong></span> 
     </span>
    </p>
   </div>
   <div class='ocr_carea' id='block_1_28' title="bbox 1999 709 3570 783">
    <p class='ocr_par' dir='ltr' id='par_1_28' title="bbox 1999 709 3570 783">
     <span class='ocr_line' id='line_1_28' title="bbox 1999 709 3570 783; baseline -0.005 -14"><span class='ocrx_word' id='word_1_189' title='bbox 1999 730 2119 769; x_wconf 88' lang='lat' dir='ltr'><strong>rum</strong></span> <span class='ocrx_word' id='word_1_190' title='bbox 2144 712 2404 783; x_wconf 65' lang='lat' dir='ltr'><strong>depositae</strong></span> <span class='ocrx_word' id='word_1_191' title='bbox 2435 720 2565 766; x_wconf 90' lang='lat' dir='ltr'><strong>sunt</strong></span> <span class='ocrx_word' id='word_1_192' title='bbox 2594 713 2857 782; x_wconf 60' lang='lat' dir='ltr'><strong>reliquiae,</strong></span> <span class='ocrx_word' id='word_1_193' title='bbox 2896 711 3198 765; x_wconf 80' lang='lat' dir='ltr'><strong>aﬂ‘ectionis</strong></span> <span class='ocrx_word' id='word_1_194' title='bbox 3232 725 3427 780; x_wconf 76' lang='lat' dir='ltr'><strong>expers</strong></span> <span class='ocrx_word' id='word_1_195' title='bbox 3455 709 3570 762; x_wconf 86' lang='lat' dir='ltr'><strong>ani-</strong></span> 
     </span>
    </p>
   </div>
   <div class='ocr_carea' id='block_1_29' title="bbox 2001 801 3567 873">
    <p class='ocr_par' dir='ltr' id='par_1_29' title="bbox 2001 801 3567 873">
     <span class='ocr_line' id='line_1_29' title="bbox 2001 801 3567 873; baseline -0.004 -14"><span class='ocrx_word' id='word_1_196' title='bbox 2001 820 2211 859; x_wconf 89' lang='lat' dir='ltr'><strong>marum</strong></span> <span class='ocrx_word' id='word_1_197' title='bbox 2243 803 2584 873; x_wconf 73' lang='lat' dir='ltr'><strong>exspectatio</strong></span> <span class='ocrx_word' id='word_1_198' title='bbox 2614 804 2702 857; x_wconf 91' lang='lat' dir='ltr'><strong>illa</strong></span> <span class='ocrx_word' id='word_1_199' title='bbox 2732 804 2944 857; x_wconf 86' lang='lat' dir='ltr'><strong>videtur</strong></span> <span class='ocrx_word' id='word_1_200' title='bbox 2976 821 2989 857; x_wconf 89' lang='lat'><strong>:</strong></span> <span class='ocrx_word' id='word_1_201' title='bbox 3020 803 3287 873; x_wconf 81' lang='lat' dir='ltr'><strong>siquidem</strong></span> <span class='ocrx_word' id='word_1_202' title='bbox 3327 801 3567 855; x_wconf 84' lang='lat' dir='ltr'><strong>futurum</strong></span> 
     </span>
    </p>
   </div>
   <div class='ocr_carea' id='block_1_30' title="bbox 2000 895 3570 963">
    <p class='ocr_par' dir='ltr' id='par_1_30' title="bbox 2000 895 3570 963">
     <span class='ocr_line' id='line_1_30' title="bbox 2000 895 3570 963; baseline -0.003 -14"><span class='ocrx_word' id='word_1_203' title='bbox 2000 896 2150 951; x_wconf 89' lang='lat' dir='ltr'><strong>illum</strong></span> <span class='ocrx_word' id='word_1_204' title='bbox 2181 895 2325 951; x_wconf 90' lang='lat' dir='ltr'><strong>diem</strong></span> <span class='ocrx_word' id='word_1_205' title='bbox 2358 909 2423 949; x_wconf 91' lang='lat' dir='ltr'><strong>ac</strong></span> <span class='ocrx_word' id='word_1_206' title='bbox 2462 895 2920 949; x_wconf 82' lang='lat' dir='ltr'><strong>resurrectionem</strong></span> <span class='ocrx_word' id='word_1_207' title='bbox 2962 905 3014 949; x_wconf 87' lang='lat' dir='ltr'><strong>et</strong></span> <span class='ocrx_word' id='word_1_208' title='bbox 3058 895 3304 947; x_wconf 82' lang='lat' dir='ltr'><strong>iteratam</strong></span> <span class='ocrx_word' id='word_1_209' title='bbox 3345 908 3570 963; x_wconf 84' lang='lat' dir='ltr'><strong>genera—</strong></span> 
     </span>
    </p>
   </div>
   <div class='ocr_carea' id='block_1_31' title="bbox 1998 986 3575 1057">
    <p class='ocr_par' dir='ltr' id='par_1_31' title="bbox 1998 986 3575 1057">
     <span class='ocr_line' id='line_1_31' title="bbox 1998 986 3575 1057; baseline -0.005 -14"><span class='ocrx_word' id='word_1_210' title='bbox 1998 990 2199 1043; x_wconf 86' lang='lat' dir='ltr'><strong>tionem</strong></span> <span class='ocrx_word' id='word_1_211' title='bbox 2228 988 2417 1042; x_wconf 88' lang='lat' dir='ltr'><strong>tandiu</strong></span> <span class='ocrx_word' id='word_1_212' title='bbox 2442 986 2844 1057; x_wconf 60' lang='lat' dir='ltr'><strong>praestolamur,</strong></span> <span class='ocrx_word' id='word_1_213' title='bbox 2879 986 3051 1040; x_wconf 92' lang='lat' dir='ltr'><strong>donec</strong></span> <span class='ocrx_word' id='word_1_214' title='bbox 3082 993 3311 1055; x_wconf 85' lang='lat' dir='ltr'><strong>cognata</strong></span> <span class='ocrx_word' id='word_1_215' title='bbox 3340 999 3401 1037; x_wconf 87' lang='lat' dir='ltr'><strong>ac</strong></span> <span class='ocrx_word' id='word_1_216' title='bbox 3424 998 3575 1037; x_wconf 56' lang='lat' dir='ltr'><strong>conr-</strong></span> 
     </span>
    </p>
   </div>
   <div class='ocr_carea' id='block_1_32' title="bbox 1998 1074 3575 1151">
    <p class='ocr_par' dir='ltr' id='par_1_32' title="bbox 1998 1074 3575 1151">
     <span class='ocr_line' id='line_1_32' title="bbox 1998 1074 3575 1151; baseline -0.006 -17"><span class='ocrx_word' id='word_1_217' title='bbox 1998 1081 2150 1151; x_wconf 87' lang='lat' dir='ltr'><strong>paria</strong></span> <span class='ocrx_word' id='word_1_218' title='bbox 2188 1080 2291 1135; x_wconf 86' lang='lat' dir='ltr'><strong>sibi</strong></span> <span class='ocrx_word' id='word_1_219' title='bbox 2321 1092 2550 1149; x_wconf 86' lang='lat' dir='ltr'><strong>corpora</strong></span> <span class='ocrx_word' id='word_1_220' title='bbox 2582 1077 2870 1146; x_wconf 82' lang='lat' dir='ltr'><strong>recipiant,</strong></span> <span class='ocrx_word' id='word_1_221' title='bbox 2902 1082 3211 1145; x_wconf 71' lang='lat' dir='ltr'><strong>quanquam</strong></span> <span class='ocrx_word' id='word_1_222' title='bbox 3246 1074 3419 1129; x_wconf 76' lang='lat' dir='ltr'><strong>Gra3ei</strong></span> <span class='ocrx_word' id='word_1_223' title='bbox 3454 1086 3575 1127; x_wconf 86' lang='lat' dir='ltr'><strong>car-</strong></span> 
     </span>
    </p>
   </div>
   <div class='ocr_carea' id='block_1_33' title="bbox 1999 1166 3575 1240">
    <p class='ocr_par' dir='ltr' id='par_1_33' title="bbox 1999 1166 3575 1240">
     <span class='ocr_line' id='line_1_33' title="bbox 1999 1166 3575 1240; baseline -0.004 -15"><span class='ocrx_word' id='word_1_224' title='bbox 1999 1186 2122 1226; x_wconf 85' lang='lat' dir='ltr'><strong>nem</strong></span> <span class='ocrx_word' id='word_1_225' title='bbox 2147 1178 2405 1240; x_wconf 82' lang='lat' dir='ltr'><strong>tanquam</strong></span> <span class='ocrx_word' id='word_1_226' title='bbox 2438 1169 2656 1233; x_wconf 89' lang='lat' dir='ltr'><strong>malam,</strong></span> <span class='ocrx_word' id='word_1_227' title='bbox 2686 1167 3011 1237; x_wconf 85' lang='lat' dir='ltr'><strong>penitusque</strong></span> <span class='ocrx_word' id='word_1_228' title='bbox 3040 1166 3490 1229; x_wconf 82' lang='lat' dir='ltr'><strong>consumendam,</strong></span> <span class='ocrx_word' id='word_1_229' title='bbox 3520 1173 3575 1219; x_wconf 86' lang='lat' dir='ltr'><strong>et</strong></span> 
     </span>
    </p>
   </div>
   <div class='ocr_carea' id='block_1_34' title="bbox 2001 1255 3576 1330">
    <p class='ocr_par' dir='ltr' id='par_1_34' title="bbox 2001 1255 3576 1330">
     <span class='ocr_line' id='line_1_34' title="bbox 2001 1255 3576 1330; baseline -0.005 -14"><span class='ocrx_word' id='word_1_230' title='bbox 2001 1262 2068 1316; x_wconf 90' lang='lat' dir='ltr'><strong>ab</strong></span> <span class='ocrx_word' id='word_1_231' title='bbox 2100 1261 2247 1316; x_wconf 90' lang='lat' dir='ltr'><strong>omni</strong></span> <span class='ocrx_word' id='word_1_232' title='bbox 2282 1276 2377 1330; x_wconf 89' lang='lat' dir='ltr'><strong>spe</strong></span> <span class='ocrx_word' id='word_1_233' title='bbox 2408 1259 2766 1313; x_wconf 87' lang='lat' dir='ltr'><strong>reviviscendi</strong></span> <span class='ocrx_word' id='word_1_234' title='bbox 2803 1273 3031 1327; x_wconf 88' lang='lat' dir='ltr'><strong>prorsus</strong></span> <span class='ocrx_word' id='word_1_235' title='bbox 3064 1259 3341 1312; x_wconf 80' lang='lat' dir='ltr'><strong>exclusam</strong></span> <span class='ocrx_word' id='word_1_236' title='bbox 3374 1255 3576 1308; x_wconf 90' lang='lat' dir='ltr'><strong>abomi-</strong></span> 
     </span>
    </p>
   </div>
   <div class='ocr_carea' id='block_1_35' title="bbox 2003 1345 3577 1415">
    <p class='ocr_par' dir='ltr' id='par_1_35' title="bbox 2003 1345 3577 1415">
     <span class='ocr_line' id='line_1_35' title="bbox 2003 1345 3577 1415; baseline -0.004 -8"><span class='ocrx_word' id='word_1_237' title='bbox 2003 1352 2120 1407; x_wconf 84' lang='lat' dir='ltr'><strong>nari</strong></span> <span class='ocrx_word' id='word_1_238' title='bbox 2161 1351 2357 1406; x_wconf 87' lang='lat' dir='ltr'><strong>solent.</strong></span> <span class='ocrx_word' id='word_1_239' title='bbox 2407 1348 2532 1403; x_wconf 85' lang='lat' dir='ltr'><strong>Sive</strong></span> <span class='ocrx_word' id='word_1_240' title='bbox 2568 1366 2681 1403; x_wconf 80' lang='lat' dir='ltr'><strong>non</strong></span> <span class='ocrx_word' id='word_1_241' title='bbox 2710 1350 2914 1404; x_wconf 90' lang='lat' dir='ltr'><strong>ideirco</strong></span> <span class='ocrx_word' id='word_1_242' title='bbox 2951 1350 3053 1403; x_wconf 80' lang='lat' dir='ltr'><strong>ista</strong></span> <span class='ocrx_word' id='word_1_243' title='bbox 3097 1348 3334 1405; x_wconf 78' lang='lat' dir='ltr'><strong>faciant;</strong></span> <span class='ocrx_word' id='word_1_244' title='bbox 3375 1345 3577 1415; x_wconf 88' lang='lat' dir='ltr'><strong>quibus</strong></span> 
     </span>
    </p>
   </div>
   <div class='ocr_carea' id='block_1_36' title="bbox 2002 1440 3575 1510">
    <p class='ocr_par' dir='ltr' id='par_1_36' title="bbox 2002 1440 3575 1510">
     <span class='ocr_line' id='line_1_36' title="bbox 2002 1440 3575 1510; baseline -0.004 -15"><span class='ocrx_word' id='word_1_245' title='bbox 2002 1440 2219 1497; x_wconf 81' lang='lat' dir='ltr'><strong>tandem</strong></span> <span class='ocrx_word' id='word_1_246' title='bbox 2243 1441 2309 1496; x_wconf 93' lang='lat' dir='ltr'><strong>de</strong></span> <span class='ocrx_word' id='word_1_247' title='bbox 2336 1440 2520 1495; x_wconf 88' lang='lat' dir='ltr'><strong>causis</strong></span> <span class='ocrx_word' id='word_1_248' title='bbox 2547 1441 2757 1495; x_wconf 88' lang='lat' dir='ltr'><strong>animas</strong></span> <span class='ocrx_word' id='word_1_249' title='bbox 2780 1456 2899 1510; x_wconf 75' lang='lat' dir='ltr'><strong>qua:</strong></span> <span class='ocrx_word' id='word_1_250' title='bbox 2930 1440 3255 1495; x_wconf 82' lang='lat' dir='ltr'><strong>substantiae</strong></span> <span class='ocrx_word' id='word_1_251' title='bbox 3284 1452 3575 1507; x_wconf 72' lang='lat' dir='ltr'><strong>cmporum</strong></span> 
     </span>
    </p>
   </div>
   <div class='ocr_carea' id='block_1_37' title="bbox 2003 1529 3578 1602">
    <p class='ocr_par' dir='ltr' id='par_1_37' title="bbox 2003 1529 3578 1602">
     <span class='ocr_line' id='line_1_37' title="bbox 2003 1529 3578 1602; baseline -0.004 -16"><span class='ocrx_word' id='word_1_252' title='bbox 2003 1539 2279 1602; x_wconf 60' lang='lat' dir='ltr'><strong>praestant,</strong></span> <span class='ocrx_word' id='word_1_253' title='bbox 2316 1532 2611 1602; x_wconf 85' lang='lat' dir='ltr'><strong>illigantes,</strong></span> <span class='ocrx_word' id='word_1_254' title='bbox 2645 1531 2905 1586; x_wconf 89' lang='lat' dir='ltr'><strong>damnare</strong></span> <span class='ocrx_word' id='word_1_255' title='bbox 2930 1532 3112 1601; x_wconf 88' lang='lat' dir='ltr'><strong>potius</strong></span> <span class='ocrx_word' id='word_1_256' title='bbox 3146 1530 3421 1596; x_wconf 88' lang='lat' dir='ltr'><strong>videntur,</strong></span> <span class='ocrx_word' id='word_1_257' title='bbox 3449 1529 3578 1583; x_wconf 91' lang='lat' dir='ltr'><strong>dum</strong></span> 
     </span>
    </p>
   </div>
   <div class='ocr_carea' id='block_1_38' title="bbox 2006 1622 3577 1693">
    <p class='ocr_par' dir='ltr' id='par_1_38' title="bbox 2006 1622 3577 1693">
     <span class='ocr_line' id='line_1_38' title="bbox 2006 1622 3577 1693; baseline -0.005 -15"><span class='ocrx_word' id='word_1_258' title='bbox 2006 1624 2316 1678; x_wconf 87' lang='lat' dir='ltr'><strong>istiusmodi</strong></span> <span class='ocrx_word' id='word_1_259' title='bbox 2336 1624 2619 1693; x_wconf 83' lang='lat' dir='ltr'><strong>opiniones</strong></span> <span class='ocrx_word' id='word_1_260' title='bbox 2646 1623 2985 1693; x_wconf 85' lang='lat' dir='ltr'><strong>sequuntur?</strong></span> <span class='ocrx_word' id='word_1_261' title='bbox 3012 1622 3124 1677; x_wconf 85' lang='lat' dir='ltr'><strong>Cur</strong></span> <span class='ocrx_word' id='word_1_262' title='bbox 3151 1623 3217 1675; x_wconf 89' lang='lat' dir='ltr'><strong>ad</strong></span> <span class='ocrx_word' id='word_1_263' title='bbox 3243 1630 3577 1675; x_wconf 89' lang='lat' dir='ltr'><strong>mortuorum</strong></span> 
     </span>
    </p>
   </div>
   <div class='ocr_carea' id='block_1_39' title="bbox 2006 1710 3580 1784">
    <p class='ocr_par' dir='ltr' id='par_1_39' title="bbox 2006 1710 3580 1784">
     <span class='ocr_line' id='line_1_39' title="bbox 2006 1710 3580 1784; baseline -0.005 -15"><span class='ocrx_word' id='word_1_264' title='bbox 2006 1715 2263 1783; x_wconf 85' lang='lat' dir='ltr'><strong>reliquias</strong></span> <span class='ocrx_word' id='word_1_265' title='bbox 2295 1714 2713 1769; x_wconf 63' lang='lat' dir='ltr'><strong>adhaerescunt?</strong></span> <span class='ocrx_word' id='word_1_266' title='bbox 2755 1724 2848 1768; x_wconf 88' lang='lat' dir='ltr'><strong>aut</strong></span> <span class='ocrx_word' id='word_1_267' title='bbox 2894 1728 3056 1784; x_wconf 91' lang='lat' dir='ltr'><strong>quam</strong></span> <span class='ocrx_word' id='word_1_268' title='bbox 3090 1714 3144 1767; x_wconf 90' lang='lat' dir='ltr'><strong>in</strong></span> <span class='ocrx_word' id='word_1_269' title='bbox 3199 1728 3349 1781; x_wconf 89' lang='lat' dir='ltr'><strong>spem</strong></span> <span class='ocrx_word' id='word_1_270' title='bbox 3398 1711 3483 1765; x_wconf 89' lang='lat' dir='ltr'><strong>his</strong></span> <span class='ocrx_word' id='word_1_271' title='bbox 3525 1710 3580 1762; x_wconf 94' lang='lat' dir='ltr'><strong>in</strong></span> 
     </span>
    </p>
   </div>
   <div class='ocr_carea' id='block_1_40' title="bbox 2007 1804 3576 1876">
    <p class='ocr_par' dir='ltr' id='par_1_40' title="bbox 2007 1804 3576 1876">
     <span class='ocr_line' id='line_1_40' title="bbox 2007 1804 3576 1876; baseline -0.005 -15"><span class='ocrx_word' id='word_1_272' title='bbox 2007 1808 2142 1862; x_wconf 91' lang='lat' dir='ltr'><strong>locis</strong></span> <span class='ocrx_word' id='word_1_273' title='bbox 2169 1808 2616 1861; x_wconf 80' lang='lat' dir='ltr'><strong>commorantur?</strong></span> <span class='ocrx_word' id='word_1_274' title='bbox 2659 1806 2843 1860; x_wconf 86' lang='lat' dir='ltr'><strong>dicant</strong></span> <span class='ocrx_word' id='word_1_275' title='bbox 2892 1808 2935 1861; x_wconf 89' lang='lat' dir='ltr'><strong>si</strong></span> <span class='ocrx_word' id='word_1_276' title='bbox 2978 1814 3223 1876; x_wconf 71' lang='lat' dir='ltr'><strong>possunt.</strong></span> <span class='ocrx_word' id='word_1_277' title='bbox 3289 1804 3395 1859; x_wconf 90' lang='lat' dir='ltr'><strong>Sed</strong></span> <span class='ocrx_word' id='word_1_278' title='bbox 3422 1804 3576 1862; x_wconf 83' lang='lat' dir='ltr'><strong>illud,</strong></span> 
     </span>
    </p>
   </div>
   <div class='ocr_carea' id='block_1_41' title="bbox 2008 1894 3582 1969">
    <p class='ocr_par' dir='ltr' id='par_1_41' title="bbox 2008 1894 3582 1969">
     <span class='ocr_line' id='line_1_41' title="bbox 2008 1894 3582 1969; baseline -0.004 -16"><span class='ocrx_word' id='word_1_279' title='bbox 2008 1900 2223 1969; x_wconf 88' lang='lat' dir='ltr'><strong>opinor,</strong></span> <span class='ocrx_word' id='word_1_280' title='bbox 2261 1900 2605 1953; x_wconf 81' lang='lat' dir='ltr'><strong>manifestum</strong></span> <span class='ocrx_word' id='word_1_281' title='bbox 2645 1909 2751 1963; x_wconf 90' lang='lat' dir='ltr'><strong>est,</strong></span> <span class='ocrx_word' id='word_1_282' title='bbox 2778 1899 2989 1953; x_wconf 89' lang='lat' dir='ltr'><strong>animas</strong></span> <span class='ocrx_word' id='word_1_283' title='bbox 3020 1899 3139 1953; x_wconf 91' lang='lat' dir='ltr'><strong>illos</strong></span> <span class='ocrx_word' id='word_1_284' title='bbox 3170 1914 3277 1951; x_wconf 89' lang='lat' dir='ltr'><strong>non</strong></span> <span class='ocrx_word' id='word_1_285' title='bbox 3308 1896 3363 1949; x_wconf 89' lang='lat' dir='ltr'><strong>in</strong></span> <span class='ocrx_word' id='word_1_286' title='bbox 3395 1894 3582 1963; x_wconf 85' lang='lat' dir='ltr'><strong>sepul-</strong></span> 
     </span>
    </p>
   </div>
   <div class='ocr_carea' id='block_1_42' title="bbox 2009 1989 3583 2059">
    <p class='ocr_par' dir='ltr' id='par_1_42' title="bbox 2009 1989 3583 2059">
     <span class='ocr_line' id='line_1_42' title="bbox 2009 1989 3583 2059; baseline -0.005 -14"><span class='ocrx_word' id='word_1_287' title='bbox 2009 1991 2143 2055; x_wconf 90' lang='lat' dir='ltr'><strong>cris,</strong></span> <span class='ocrx_word' id='word_1_288' title='bbox 2173 1991 2268 2045; x_wconf 86' lang='lat' dir='ltr'><strong>sed</strong></span> <span class='ocrx_word' id='word_1_289' title='bbox 2295 1991 2460 2047; x_wconf 89' lang='lat' dir='ltr'><strong>certis</strong></span> <span class='ocrx_word' id='word_1_290' title='bbox 2483 1992 2536 2045; x_wconf 93' lang='lat' dir='ltr'><strong>in</strong></span> <span class='ocrx_word' id='word_1_291' title='bbox 2564 1991 2700 2045; x_wconf 90' lang='lat' dir='ltr'><strong>locis</strong></span> <span class='ocrx_word' id='word_1_292' title='bbox 2719 1989 3121 2059; x_wconf 83' lang='lat' dir='ltr'><strong>domiciliisque</strong></span> <span class='ocrx_word' id='word_1_293' title='bbox 3147 1990 3435 2053; x_wconf 85' lang='lat' dir='ltr'><strong>eollocare,</strong></span> <span class='ocrx_word' id='word_1_294' title='bbox 3462 2000 3583 2053; x_wconf 82' lang='lat' dir='ltr'><strong>quae</strong></span> 
     </span>
    </p>
   </div>
   <div class='ocr_carea' id='block_1_43' title="bbox 2010 2078 3581 2153">
    <p class='ocr_par' dir='ltr' id='par_1_43' title="bbox 2010 2078 3581 2153">
     <span class='ocr_line' id='line_1_43' title="bbox 2010 2078 3581 2153; baseline -0.006 -16"><span class='ocrx_word' id='word_1_295' title='bbox 2010 2084 2304 2153; x_wconf 90' lang='lat' dir='ltr'><strong>unicuique</strong></span> <span class='ocrx_word' id='word_1_296' title='bbox 2336 2099 2366 2138; x_wconf 92' lang='lat' dir='ltr'><strong>a</strong></span> <span class='ocrx_word' id='word_1_297' title='bbox 2408 2083 2518 2138; x_wconf 91' lang='lat' dir='ltr'><strong>Deo</strong></span> <span class='ocrx_word' id='word_1_298' title='bbox 2548 2098 2646 2153; x_wconf 87' lang='lat' dir='ltr'><strong>pro</strong></span> <span class='ocrx_word' id='word_1_299' title='bbox 2691 2097 2880 2138; x_wconf 88' lang='lat' dir='ltr'><strong>eorum</strong></span> <span class='ocrx_word' id='word_1_300' title='bbox 2916 2098 3035 2152; x_wconf 68' lang='lat' dir='ltr'><strong>quae</strong></span> <span class='ocrx_word' id='word_1_301' title='bbox 3081 2083 3134 2137; x_wconf 92' lang='lat' dir='ltr'><strong>in</strong></span> <span class='ocrx_word' id='word_1_302' title='bbox 3166 2081 3274 2134; x_wconf 89' lang='lat' dir='ltr'><strong>vita</strong></span> <span class='ocrx_word' id='word_1_303' title='bbox 3320 2078 3488 2149; x_wconf 84' lang='lat' dir='ltr'><strong>gessit</strong></span> <span class='ocrx_word' id='word_1_304' title='bbox 3517 2090 3581 2129; x_wconf 90' lang='lat' dir='ltr'><strong>ac</strong></span> 
     </span>
    </p>
   </div>
   <div class='ocr_carea' id='block_1_44' title="bbox 2010 2168 3583 2245">
    <p class='ocr_par' dir='ltr' id='par_1_44' title="bbox 2010 2168 3583 2245">
     <span class='ocr_line' id='line_1_44' title="bbox 2010 2168 3583 2245; baseline -0.006 -15"><span class='ocrx_word' id='word_1_305' title='bbox 2010 2176 2270 2245; x_wconf 89' lang='lat' dir='ltr'><strong>suscepit,</strong></span> <span class='ocrx_word' id='word_1_306' title='bbox 2314 2176 2511 2231; x_wconf 86' lang='lat' dir='ltr'><strong>merito</strong></span> <span class='ocrx_word' id='word_1_307' title='bbox 2550 2176 2888 2237; x_wconf 88' lang='lat' dir='ltr'><strong>tribuuntur,</strong></span> <span class='ocrx_word' id='word_1_308' title='bbox 2927 2176 3054 2228; x_wconf 91' lang='lat' dir='ltr'><strong>dum</strong></span> <span class='ocrx_word' id='word_1_309' title='bbox 3104 2172 3319 2227; x_wconf 86' lang='lat' dir='ltr'><strong>interim</strong></span> <span class='ocrx_word' id='word_1_310' title='bbox 3358 2168 3583 2239; x_wconf 87' lang='lat' dir='ltr'><strong>quilibet</strong></span> 
     </span>
    </p>
   </div>
   <div class='ocr_carea' id='block_1_45' title="bbox 2009 2262 3584 2337">
    <p class='ocr_par' dir='ltr' id='par_1_45' title="bbox 2009 2262 3584 2337">
     <span class='ocr_line' id='line_1_45' title="bbox 2009 2262 3584 2337; baseline -0.004 -17"><span class='ocrx_word' id='word_1_311' title='bbox 2009 2268 2437 2337; x_wconf 85' lang='lat' dir='ltr'><strong>propinquorum</strong></span> <span class='ocrx_word' id='word_1_312' title='bbox 2484 2283 2707 2323; x_wconf 91' lang='lat' dir='ltr'><strong>suorum</strong></span> <span class='ocrx_word' id='word_1_313' title='bbox 2762 2282 2990 2337; x_wconf 88' lang='lat' dir='ltr'><strong>corpora</strong></span> <span class='ocrx_word' id='word_1_314' title='bbox 3037 2267 3092 2321; x_wconf 90' lang='lat' dir='ltr'><strong>in</strong></span> <span class='ocrx_word' id='word_1_315' title='bbox 3134 2265 3459 2320; x_wconf 89' lang='lat' dir='ltr'><strong>cadaverum</strong></span> <span class='ocrx_word' id='word_1_316' title='bbox 3498 2262 3584 2315; x_wconf 91' lang='lat' dir='ltr'><strong>vel</strong></span> 
     </span>
    </p>
   </div>
   <div class='ocr_carea' id='block_1_46' title="bbox 2011 2353 3580 2431">
    <p class='ocr_par' dir='ltr' id='par_1_46' title="bbox 2011 2353 3580 2431">
     <span class='ocr_line' id='line_1_46' title="bbox 2011 2353 3580 2431; baseline -0.004 -20"><span class='ocrx_word' id='word_1_317' title='bbox 2011 2360 2217 2414; x_wconf 89' lang='lat' dir='ltr'><strong>ossium</strong></span> <span class='ocrx_word' id='word_1_318' title='bbox 2247 2360 2427 2429; x_wconf 90' lang='lat' dir='ltr'><strong>potius</strong></span> <span class='ocrx_word' id='word_1_319' title='bbox 2451 2360 2645 2416; x_wconf 87' lang='lat' dir='ltr'><strong>loculis</strong></span> <span class='ocrx_word' id='word_1_320' title='bbox 2673 2361 2969 2431; x_wconf 85' lang='lat' dir='ltr'><strong>componit.</strong></span> <span class='ocrx_word' id='word_1_321' title='bbox 2996 2359 3261 2412; x_wconf 66' lang='lat' dir='ltr'><strong>Caeterum</strong></span> <span class='ocrx_word' id='word_1_322' title='bbox 3286 2353 3580 2409; x_wconf 89' lang='lat' dir='ltr'><strong>ridiculum</strong></span> 
     </span>
    </p>
   </div>
   <div class='ocr_carea' id='block_1_47' title="bbox 2012 2446 3583 2515">
    <p class='ocr_par' dir='ltr' id='par_1_47' title="bbox 2012 2446 3583 2515">
     <span class='ocr_line' id='line_1_47' title="bbox 2012 2446 3583 2515; baseline -0.003 -14"><span class='ocrx_word' id='word_1_323' title='bbox 2012 2449 2143 2504; x_wconf 90' lang='lat' dir='ltr'><strong>illud</strong></span> <span class='ocrx_word' id='word_1_324' title='bbox 2178 2464 2242 2504; x_wconf 86' lang='lat' dir='ltr'><strong>ac</strong></span> <span class='ocrx_word' id='word_1_325' title='bbox 2274 2451 2532 2506; x_wconf 90' lang='lat' dir='ltr'><strong>stolidum</strong></span> <span class='ocrx_word' id='word_1_326' title='bbox 2567 2460 2670 2515; x_wconf 89' lang='lat' dir='ltr'><strong>est,</strong></span> <span class='ocrx_word' id='word_1_327' title='bbox 2710 2468 2832 2507; x_wconf 91' lang='lat' dir='ltr'><strong>cum</strong></span> <span class='ocrx_word' id='word_1_328' title='bbox 2855 2451 3107 2504; x_wconf 92' lang='lat' dir='ltr'><strong>omnibus</strong></span> <span class='ocrx_word' id='word_1_329' title='bbox 3138 2449 3299 2502; x_wconf 89' lang='lat' dir='ltr'><strong>insita</strong></span> <span class='ocrx_word' id='word_1_330' title='bbox 3333 2446 3402 2501; x_wconf 91' lang='lat' dir='ltr'><strong>sit</strong></span> <span class='ocrx_word' id='word_1_331' title='bbox 3432 2460 3583 2499; x_wconf 89' lang='lat' dir='ltr'><strong>com-</strong></span> 
     </span>
    </p>
   </div>
   <div class='ocr_carea' id='block_1_48' title="bbox 326 2537 3586 2615">
    <p class='ocr_par' dir='ltr' id='par_1_48' title="bbox 326 2537 3586 2615">
     <span class='ocr_line' id='line_1_48' title="bbox 326 2537 3586 2615; baseline 0.002 -27"><span class='ocrx_word' id='word_1_332' title='bbox 326 2537 511 2591; x_wconf 89' lang='lat' dir='ltr'><strong>munis</strong></span> <span class='ocrx_word' id='word_1_333' title='bbox 574 2537 663 2591; x_wconf 90' lang='lat' dir='ltr'><strong>illa</strong></span> <span class='ocrx_word' id='word_1_334' title='bbox 720 2537 904 2609; x_wconf 79' lang='lat' dir='ltr'><strong>Opinio</strong></span> <span class='ocrx_word' id='word_1_335' title='bbox 958 2554 1021 2593; x_wconf 91' lang='lat' dir='ltr'><strong>ac</strong></span> <span class='ocrx_word' id='word_1_336' title='bbox 1069 2539 1230 2593; x_wconf 87' lang='lat' dir='ltr'><strong>veluti</strong></span> <span class='ocrx_word' id='word_1_337' title='bbox 1276 2538 1648 2609; x_wconf 82' lang='lat' dir='ltr'><strong>praesumptio,</strong></span> <span class='ocrx_word' id='word_1_338' title='bbox 1701 2547 1759 2592; x_wconf 91' lang='lat' dir='ltr'><strong>ut</strong></span> <span class='ocrx_word' id='word_1_339' title='bbox 1808 2542 2267 2599; x_wconf 88' lang='lat' dir='ltr'><strong>resurrectionem</strong></span> <span class='ocrx_word' id='word_1_340' title='bbox 2318 2544 2557 2599; x_wconf 88' lang='lat' dir='ltr'><strong>universi</strong></span> <span class='ocrx_word' id='word_1_341' title='bbox 2606 2546 2764 2615; x_wconf 87' lang='lat' dir='ltr'><strong>plane</strong></span> <span class='ocrx_word' id='word_1_342' title='bbox 2806 2544 3109 2608; x_wconf 81' lang='lat' dir='ltr'><strong>fateantur,</strong></span> <span class='ocrx_word' id='word_1_343' title='bbox 3163 2541 3232 2595; x_wconf 90' lang='lat' dir='ltr'><strong>ab</strong></span> <span class='ocrx_word' id='word_1_344' title='bbox 3278 2540 3586 2595; x_wconf 80' lang='lat' dir='ltr'><strong>inﬁdelibus</strong></span> 
     </span>
    </p>
   </div>
   <div class='ocr_carea' id='block_1_49' title="bbox 326 2629 3584 2707">
    <p class='ocr_par' dir='ltr' id='par_1_49' title="bbox 326 2629 3584 2707">
     <span class='ocr_line' id='line_1_49' title="bbox 326 2629 3584 2707; baseline 0.001 -26"><span class='ocrx_word' id='word_1_345' title='bbox 326 2637 509 2683; x_wconf 88' lang='lat' dir='ltr'><strong>tamen</strong></span> <span class='ocrx_word' id='word_1_346' title='bbox 548 2644 613 2684; x_wconf 76' lang='lat' dir='ltr'><strong>ex</strong></span> <span class='ocrx_word' id='word_1_347' title='bbox 644 2630 877 2686; x_wconf 83' lang='lat' dir='ltr'><strong>adverso</strong></span> <span class='ocrx_word' id='word_1_348' title='bbox 906 2630 1213 2686; x_wconf 87' lang='lat' dir='ltr'><strong>certissima</strong></span> <span class='ocrx_word' id='word_1_349' title='bbox 1242 2629 1339 2684; x_wconf 83' lang='lat' dir='ltr'><strong>illa</strong></span> <span class='ocrx_word' id='word_1_350' title='bbox 1363 2631 1571 2703; x_wconf 82' lang='lat' dir='ltr'><strong>negari,</strong></span> <span class='ocrx_word' id='word_1_351' title='bbox 1629 2638 1684 2685; x_wconf 88' lang='lat' dir='ltr'><strong>et</strong></span> <span class='ocrx_word' id='word_1_352' title='bbox 1733 2645 1796 2685; x_wconf 87' lang='lat' dir='ltr'><strong>ea</strong></span> <span class='ocrx_word' id='word_1_353' title='bbox 1856 2646 1976 2701; x_wconf 79' lang='lat' dir='ltr'><strong>qua:</strong></span> <span class='ocrx_word' id='word_1_354' title='bbox 2025 2632 2117 2690; x_wconf 92' lang='lat' dir='ltr'><strong>Dei</strong></span> <span class='ocrx_word' id='word_1_355' title='bbox 2166 2636 2368 2693; x_wconf 86' lang='lat' dir='ltr'><strong>virtute</strong></span> <span class='ocrx_word' id='word_1_356' title='bbox 2412 2637 2659 2705; x_wconf 61' lang='lat' dir='ltr'><strong>praestari</strong></span> <span class='ocrx_word' id='word_1_357' title='bbox 2704 2636 2892 2707; x_wconf 87' lang='lat' dir='ltr'><strong>utique</strong></span> <span class='ocrx_word' id='word_1_358' title='bbox 2940 2641 3192 2706; x_wconf 88' lang='lat' dir='ltr'><strong>possunt,</strong></span> <span class='ocrx_word' id='word_1_359' title='bbox 3243 2646 3584 2703; x_wconf 89' lang='lat' dir='ltr'><strong>nequaquam</strong></span> 
     </span>
    </p>
   </div>
   <div class='ocr_carea' id='block_1_50' title="bbox 326 2724 1034 2794">
    <p class='ocr_par' dir='ltr' id='par_1_50' title="bbox 326 2724 1034 2794">
     <span class='ocr_line' id='line_1_50' title="bbox 326 2724 1034 2794; baseline 0 -15"><span class='ocrx_word' id='word_1_360' title='bbox 326 2724 440 2794; x_wconf 62' lang='lat' dir='ltr'><strong>Spei</strong></span> <span class='ocrx_word' id='word_1_361' title='bbox 480 2725 730 2780; x_wconf 88' lang='lat' dir='ltr'><strong>lirmitate</strong></span> <span class='ocrx_word' id='word_1_362' title='bbox 764 2727 1034 2781; x_wconf 89' lang='lat' dir='ltr'><strong>roborari.</strong></span> 
     </span>
    </p>
   </div>
   <div class='ocr_carea' id='block_1_51' title="bbox 401 2819 1909 2893">
    <p class='ocr_par' dir='ltr' id='par_1_51' title="bbox 401 2819 1909 2893">
     <span class='ocr_line' id='line_1_51' title="bbox 401 2819 1909 2893; baseline 0.003 -23"><span class='ocrx_word' id='word_1_363' title='bbox 401 2819 525 2873; x_wconf 86' lang='lat' dir='ltr'><strong>ﬂZ&#39;.</strong></span> <span class='ocrx_word' id='word_1_364' title='bbox 568 2819 725 2872; x_wconf 78' lang='grc' dir='ltr'>Ἀλλά</span> <span class='ocrx_word' id='word_1_365' title='bbox 744 2821 871 2891; x_wconf 84' lang='grc' dir='ltr'>περὶ</span> <span class='ocrx_word' id='word_1_366' title='bbox 887 2822 1092 2875; x_wconf 88' lang='grc' dir='ltr'>τούτων</span> <span class='ocrx_word' id='word_1_367' title='bbox 1109 2860 1116 2867; x_wconf 75' lang='lat'>.</span> <span class='ocrx_word' id='word_1_368' title='bbox 1132 2820 1292 2875; x_wconf 74' lang='grc' dir='ltr'>ἱκανὰ</span> <span class='ocrx_word' id='word_1_369' title='bbox 1308 2820 1513 2892; x_wconf 71' lang='grc' dir='ltr'>νομίζω</span> <span class='ocrx_word' id='word_1_370' title='bbox 1546 2821 1818 2893; x_wconf 76' lang='grc' dir='ltr'>εἰρῆσθαι,</span> <span class='ocrx_word' id='word_1_371' title='bbox 1845 2822 1909 2875; x_wconf 85' lang='grc' dir='ltr'><strong>ἐκ</strong></span> 
     </span>
    </p>
   </div>
   <div class='ocr_carea' id='block_1_52' title="bbox 324 2909 1908 2984">
    <p class='ocr_par' dir='ltr' id='par_1_52' title="bbox 324 2909 1908 2984">
     <span class='ocr_line' id='line_1_52' title="bbox 324 2909 1908 2984; baseline 0.003 -23"><span class='ocrx_word' id='word_1_372' title='bbox 324 2909 437 2962; x_wconf 85' lang='grc' dir='ltr'><strong>τῶν</strong></span> <span class='ocrx_word' id='word_1_373' title='bbox 494 2909 702 2979; x_wconf 82' lang='grc' dir='ltr'>πολλῶν</span> <span class='ocrx_word' id='word_1_374' title='bbox 744 2912 1201 2984; x_wconf 78' lang='grc' dir='ltr'>παραδειγμάτων</span> <span class='ocrx_word' id='word_1_375' title='bbox 1242 2912 1397 2981; x_wconf 79' lang='grc' dir='ltr'>ὀλίγα</span> <span class='ocrx_word' id='word_1_376' title='bbox 1437 2912 1592 2984; x_wconf 79' lang='grc' dir='ltr'>ἡμῶν</span> <span class='ocrx_word' id='word_1_377' title='bbox 1633 2912 1908 2984; x_wconf 79' lang='grc' dir='ltr'>παραθέν-</span> 
     </span>
    </p>
   </div>
   <div class='ocr_carea' id='block_1_53' title="bbox 325 2998 1906 3075">
    <p class='ocr_par' dir='ltr' id='par_1_53' title="bbox 325 2998 1906 3075">
     <span class='ocr_line' id='line_1_53' title="bbox 325 2998 1906 3075; baseline 0.002 -23"><span class='ocrx_word' id='word_1_378' title='bbox 325 2999 440 3070; x_wconf 87' lang='grc' dir='ltr'>τες(</span> <span class='ocrx_word' id='word_1_379' title='bbox 454 3000 556 3068; x_wconf 71' lang='grc' dir='ltr'>Η).</span> <span class='ocrx_word' id='word_1_380' title='bbox 572 3000 707 3072; x_wconf 76' lang='grc' dir='ltr'>Περὶ</span> <span class='ocrx_word' id='word_1_381' title='bbox 724 3000 830 3055; x_wconf 91' lang='grc' dir='ltr'><strong>τῶν</strong></span> <span class='ocrx_word' id='word_1_382' title='bbox 847 3002 1145 3056; x_wconf 83' lang='grc' dir='ltr'>δοκούντων</span> <span class='ocrx_word' id='word_1_383' title='bbox 1162 3002 1500 3075; x_wconf 79' lang='grc' dir='ltr'>Χριστιανῶν</span> <span class='ocrx_word' id='word_1_384' title='bbox 1518 2998 1677 3069; x_wconf 76' lang='grc' dir='ltr'>εἶναι,</span> <span class='ocrx_word' id='word_1_385' title='bbox 1696 3003 1906 3074; x_wconf 78' lang='grc' dir='ltr'>Ὠριγέ-</span> 
     </span>
    </p>
   </div>
   <div class='ocr_carea' id='block_1_54' title="bbox 2084 2819 3584 2894">
    <p class='ocr_par' dir='ltr' id='par_1_54' title="bbox 2084 2819 3584 2894">
     <span class='ocr_line' id='line_1_54' title="bbox 2084 2819 3584 2894; baseline -0.001 -19"><span class='ocrx_word' id='word_1_386' title='bbox 2084 2822 2193 2894; x_wconf 76' lang='lat'><strong>92</strong></span> <span class='ocrx_word' id='word_1_387' title='bbox 2230 2819 2538 2877; x_wconf 75' lang='lat' dir='ltr'><strong>LXXXVII.</strong></span> <span class='ocrx_word' id='word_1_388' title='bbox 2580 2820 2779 2878; x_wconf 80' lang='lat' dir='ltr'><strong>Verum</strong></span> <span class='ocrx_word' id='word_1_389' title='bbox 2811 2820 2878 2877; x_wconf 90' lang='lat' dir='ltr'><strong>de</strong></span> <span class='ocrx_word' id='word_1_390' title='bbox 2902 2819 2987 2875; x_wconf 87' lang='lat' dir='ltr'><strong>his</strong></span> <span class='ocrx_word' id='word_1_391' title='bbox 3018 2819 3315 2885; x_wconf 88' lang='lat' dir='ltr'><strong>hactenus;</strong></span> <span class='ocrx_word' id='word_1_392' title='bbox 3358 2834 3479 2873; x_wconf 90' lang='lat' dir='ltr'><strong>nam</strong></span> <span class='ocrx_word' id='word_1_393' title='bbox 3520 2835 3584 2874; x_wconf 78' lang='lat' dir='ltr'><strong>ex</strong></span> 
     </span>
    </p>
   </div>
   <div class='ocr_carea' id='block_1_55' title="bbox 2016 2913 3588 2984">
    <p class='ocr_par' dir='ltr' id='par_1_55' title="bbox 2016 2913 3588 2984">
     <span class='ocr_line' id='line_1_55' title="bbox 2016 2913 3588 2984; baseline -0.003 -15"><span class='ocrx_word' id='word_1_394' title='bbox 2016 2914 2634 2984; x_wconf 26' lang='lat' dir='ltr'><strong>inlinito’exemplorum</strong></span> <span class='ocrx_word' id='word_1_395' title='bbox 2680 2928 2908 2968; x_wconf 88' lang='lat' dir='ltr'><strong>numero</strong></span> <span class='ocrx_word' id='word_1_396' title='bbox 2942 2927 3127 2983; x_wconf 72' lang='lat' dir='ltr'><strong>pauca</strong></span> <span class='ocrx_word' id='word_1_397' title='bbox 3156 2913 3403 2982; x_wconf 70' lang='lat' dir='ltr'><strong>quaedam</strong></span> <span class='ocrx_word' id='word_1_398' title='bbox 3441 2927 3470 2965; x_wconf 90' lang='lat' dir='ltr'><strong>a</strong></span> <span class='ocrx_word' id='word_1_399' title='bbox 3504 2929 3588 2965; x_wconf 90' lang='lat' dir='ltr'><strong>me</strong></span> 
     </span>
    </p>
   </div>
   <div class='ocr_carea' id='block_1_56' title="bbox 2014 3001 3589 3074">
    <p class='ocr_par' dir='ltr' id='par_1_56' title="bbox 2014 3001 3589 3074">
     <span class='ocr_line' id='line_1_56' title="bbox 2014 3001 3589 3074; baseline -0.001 -14"><span class='ocrx_word' id='word_1_400' title='bbox 2014 3006 2240 3060; x_wconf 86' lang='lat' dir='ltr'><strong>collecta</strong></span> <span class='ocrx_word' id='word_1_401' title='bbox 2282 3003 2574 3059; x_wconf 79' lang='lat' dir='ltr'><strong>suliiciunt.</strong></span> <span class='ocrx_word' id='word_1_402' title='bbox 2625 3002 2744 3059; x_wconf 81' lang='lat' dir='ltr'><strong>Jam</strong></span> <span class='ocrx_word' id='word_1_403' title='bbox 2792 3018 2929 3059; x_wconf 87' lang='lat' dir='ltr'><strong>vero</strong></span> <span class='ocrx_word' id='word_1_404' title='bbox 2961 3001 3106 3074; x_wconf 86' lang='lat' dir='ltr'><strong>quod</strong></span> <span class='ocrx_word' id='word_1_405' title='bbox 3142 3002 3208 3057; x_wconf 90' lang='lat' dir='ltr'><strong>ad</strong></span> <span class='ocrx_word' id='word_1_406' title='bbox 3254 3017 3349 3058; x_wconf 88' lang='lat' dir='ltr'><strong>eos</strong></span> <span class='ocrx_word' id='word_1_407' title='bbox 3396 3004 3589 3058; x_wconf 80' lang='lat' dir='ltr'><strong>attinet</strong></span> 
     </span>
    </p>
   </div>
   <div class='ocr_carea' id='block_1_57' title="bbox 326 3093 1913 3197">
    <p class='ocr_par' dir='ltr' id='par_1_57' title="bbox 326 3093 1908 3165">
     <span class='ocr_line' id='line_1_57' title="bbox 326 3093 1908 3165; baseline -0.002 -17"><span class='ocrx_word' id='word_1_408' title='bbox 326 3112 408 3148; x_wconf 88' lang='grc' dir='ltr'><strong>νει</strong></span> <span class='ocrx_word' id='word_1_409' title='bbox 432 3094 488 3148; x_wconf 86' lang='grc' dir='ltr'>δὲ</span> <span class='ocrx_word' id='word_1_410' title='bbox 504 3093 863 3165; x_wconf 77' lang='grc' dir='ltr'>πειθομένων,</span> <span class='ocrx_word' id='word_1_411' title='bbox 892 3095 986 3148; x_wconf 76' lang='grc' dir='ltr'><strong>καὶ</strong></span> <span class='ocrx_word' id='word_1_412' title='bbox 1014 3095 1112 3165; x_wconf 82' lang='grc' dir='ltr'>τὴν</span> <span class='ocrx_word' id='word_1_413' title='bbox 1136 3094 1235 3164; x_wconf 85' lang='grc' dir='ltr'><strong>μὲν</strong></span> <span class='ocrx_word' id='word_1_414' title='bbox 1256 3093 1364 3147; x_wconf 91' lang='grc' dir='ltr'><strong>τῶν</strong></span> <span class='ocrx_word' id='word_1_415' title='bbox 1384 3094 1592 3165; x_wconf 85' lang='grc' dir='ltr'>νεκρῶν</span> <span class='ocrx_word' id='word_1_416' title='bbox 1614 3094 1908 3148; x_wconf 77' lang='grc' dir='ltr'>ἀνάστασιν</span> 
     </span>
    </p>
   </div>
   <div class='ocr_carea' id='block_1_58' title="bbox 2014 3093 3586 3197">
    <p class='ocr_par' dir='ltr' id='par_1_58' title="bbox 2014 3094 3586 3168">
     <span class='ocr_line' id='line_1_58' title="bbox 2014 3094 3586 3168; baseline -0.003 -17"><span class='ocrx_word' id='word_1_417' title='bbox 2014 3097 2107 3168; x_wconf 82' lang='lat' dir='ltr'><strong>qui</strong></span> <span class='ocrx_word' id='word_1_418' title='bbox 2143 3112 2203 3153; x_wconf 89' lang='lat' dir='ltr'><strong>se</strong></span> <span class='ocrx_word' id='word_1_419' title='bbox 2227 3096 2568 3152; x_wconf 85' lang='lat' dir='ltr'><strong>Christianos</strong></span> <span class='ocrx_word' id='word_1_420' title='bbox 2602 3096 2945 3167; x_wconf 78' lang='lat' dir='ltr'><strong>proﬁtentur,</strong></span> <span class='ocrx_word' id='word_1_421' title='bbox 2975 3102 3027 3150; x_wconf 92' lang='lat' dir='ltr'><strong>et</strong></span> <span class='ocrx_word' id='word_1_422' title='bbox 3059 3094 3345 3165; x_wconf 88' lang='lat' dir='ltr'><strong>Origenem</strong></span> <span class='ocrx_word' id='word_1_423' title='bbox 3380 3094 3586 3157; x_wconf 86' lang='lat' dir='ltr'><strong>secuti,</strong></span> 
     </span>
    </p>
   </div>
   <div class='ocr_carea' id='block_1_59' title="bbox 325 3184 1905 3256">
    <p class='ocr_par' dir='ltr' id='par_1_59' title="bbox 325 3184 1905 3256">
     <span class='ocr_line' id='line_1_59' title="bbox 325 3184 1905 3256; baseline -0.002 -17"><span class='ocrx_word' id='word_1_424' title='bbox 325 3184 755 3256; x_wconf 83' lang='grc' dir='ltr'>ὁμολογούντων,</span> <span class='ocrx_word' id='word_1_425' title='bbox 794 3185 999 3256; x_wconf 82' lang='grc' dir='ltr'>σαρκός</span> <span class='ocrx_word' id='word_1_426' title='bbox 1028 3201 1087 3237; x_wconf 85' lang='grc' dir='ltr'><strong>τε</strong></span> <span class='ocrx_word' id='word_1_427' title='bbox 1120 3184 1225 3255; x_wconf 82' lang='grc' dir='ltr'><strong>τῆς</strong></span> <span class='ocrx_word' id='word_1_428' title='bbox 1255 3185 1550 3256; x_wconf 80' lang='grc' dir='ltr'>ἡμετέρας,</span> <span class='ocrx_word' id='word_1_429' title='bbox 1581 3186 1674 3239; x_wconf 80' lang='grc' dir='ltr'><strong>καὶ</strong></span> <span class='ocrx_word' id='word_1_430' title='bbox 1721 3184 1905 3253; x_wconf 80' lang='grc' dir='ltr'>σώμα-</span> 
     </span>
    </p>
   </div>
   <div class='ocr_carea' id='block_1_60' title="bbox 328 3274 1914 3347">
    <p class='ocr_par' dir='ltr' id='par_1_60' title="bbox 328 3274 1914 3347">
     <span class='ocr_line' id='line_1_60' title="bbox 328 3274 1914 3347; baseline -0.001 -18"><span class='ocrx_word' id='word_1_431' title='bbox 328 3292 420 3339; x_wconf 83' lang='grc' dir='ltr'><strong>τος</strong></span> <span class='ocrx_word' id='word_1_432' title='bbox 451 3274 547 3329; x_wconf 89' lang='grc' dir='ltr'><strong>τοῦ</strong></span> <span class='ocrx_word' id='word_1_433' title='bbox 595 3275 802 3347; x_wconf 83' lang='grc' dir='ltr'>Κυρίου</span> <span class='ocrx_word' id='word_1_434' title='bbox 833 3275 927 3329; x_wconf 87' lang='grc' dir='ltr'><strong>τοῦ</strong></span> <span class='ocrx_word' id='word_1_435' title='bbox 960 3275 1116 3344; x_wconf 86' lang='grc' dir='ltr'>ἁγίου</span> <span class='ocrx_word' id='word_1_436' title='bbox 1165 3276 1372 3329; x_wconf 72' lang='grc' dir='ltr'>ἐκείνου</span> <span class='ocrx_word' id='word_1_437' title='bbox 1411 3275 1644 3331; x_wconf 46' lang='grc' dir='ltr'>τοῦνάπὸ</span> <span class='ocrx_word' id='word_1_438' title='bbox 1690 3276 1914 3346; x_wconf 76' lang='grc' dir='ltr'>Μαρίας</span> 
     </span>
    </p>
   </div>
   <div class='ocr_carea' id='block_1_61' title="bbox 327 3365 1914 3437">
    <p class='ocr_par' dir='ltr' id='par_1_61' title="bbox 327 3365 1914 3437">
     <span class='ocr_line' id='line_1_61' title="bbox 327 3365 1914 3437; baseline -0.001 -17"><span class='ocrx_word' id='word_1_439' title='bbox 327 3366 753 3436; x_wconf 81' lang='grc' dir='ltr'>ἀνειλημμένου,</span> <span class='ocrx_word' id='word_1_440' title='bbox 798 3365 1003 3437; x_wconf 88' lang='grc' dir='ltr'>ταύτην</span> <span class='ocrx_word' id='word_1_441' title='bbox 1048 3365 1105 3418; x_wconf 84' lang='grc' dir='ltr'>δὲ</span> <span class='ocrx_word' id='word_1_442' title='bbox 1151 3366 1248 3433; x_wconf 85' lang='grc' dir='ltr'>τὴν</span> <span class='ocrx_word' id='word_1_443' title='bbox 1296 3365 1476 3437; x_wconf 89' lang='grc' dir='ltr'>σάρκα</span> <span class='ocrx_word' id='word_1_444' title='bbox 1524 3366 1790 3435; x_wconf 85' lang='grc' dir='ltr'>λεγόντων</span> <span class='ocrx_word' id='word_1_445' title='bbox 1840 3365 1914 3435; x_wconf 83' lang='grc' dir='ltr'>μὴ</span> 
     </span>
    </p>
   </div>
   <div class='ocr_carea' id='block_1_62' title="bbox 329 3456 1914 3530">
    <p class='ocr_par' dir='ltr' id='par_1_62' title="bbox 329 3456 1914 3530">
     <span class='ocr_line' id='line_1_62' title="bbox 329 3456 1914 3530; baseline -0.001 -20"><span class='ocrx_word' id='word_1_446' title='bbox 329 3456 663 3530; x_wconf 76' lang='grc' dir='ltr'>ἐγείρεσθαι,</span> <span class='ocrx_word' id='word_1_447' title='bbox 704 3456 818 3511; x_wconf 82' lang='grc' dir='ltr'>ἀλλ’</span> <span class='ocrx_word' id='word_1_448' title='bbox 854 3456 1021 3526; x_wconf 81' lang='grc' dir='ltr'>ἄλλην</span> <span class='ocrx_word' id='word_1_449' title='bbox 1059 3456 1171 3527; x_wconf 64' lang='grc'><strong>(45)</strong></span> <span class='ocrx_word' id='word_1_450' title='bbox 1200 3457 1318 3511; x_wconf 76' lang='grc' dir='ltr'>ἀντὶ</span> <span class='ocrx_word' id='word_1_451' title='bbox 1344 3458 1549 3529; x_wconf 88' lang='grc' dir='ltr'>ταύτης</span> <span class='ocrx_word' id='word_1_452' title='bbox 1578 3460 1642 3511; x_wconf 84' lang='grc' dir='ltr'>ὲκ</span> <span class='ocrx_word' id='word_1_453' title='bbox 1674 3457 1811 3509; x_wconf 86' lang='grc' dir='ltr'>Θεοῦ</span> <span class='ocrx_word' id='word_1_454' title='bbox 1838 3457 1914 3509; x_wconf 89' lang='grc' dir='ltr'>δί-</span> 
     </span>
    </p>
   </div>
   <div class='ocr_carea' id='block_1_63' title="bbox 329 3545 1911 3617">
    <p class='ocr_par' dir='ltr' id='par_1_63' title="bbox 329 3545 1911 3617">
     <span class='ocr_line' id='line_1_63' title="bbox 329 3545 1911 3617; baseline -0.001 -17"><span class='ocrx_word' id='word_1_455' title='bbox 329 3547 544 3611; x_wconf 64' lang='grc' dir='ltr'>δοσόαι,</span> <span class='ocrx_word' id='word_1_456' title='bbox 579 3545 696 3609; x_wconf 85' lang='grc' dir='ltr'><strong>πῶς</strong></span> <span class='ocrx_word' id='word_1_457' title='bbox 723 3545 844 3616; x_wconf 73' lang='grc' dir='ltr'>οὐχὶ</span> <span class='ocrx_word' id='word_1_458' title='bbox 876 3546 1074 3617; x_wconf 81' lang='grc' dir='ltr'>μᾶλλον</span> <span class='ocrx_word' id='word_1_459' title='bbox 1100 3546 1207 3599; x_wconf 90' lang='grc' dir='ltr'><strong>τῶν</strong></span> <span class='ocrx_word' id='word_1_460' title='bbox 1244 3546 1418 3601; x_wconf 85' lang='grc' dir='ltr'>ἄλλων</span> <span class='ocrx_word' id='word_1_461' title='bbox 1445 3549 1694 3617; x_wconf 85' lang='grc' dir='ltr'>είποιμεν</span> <span class='ocrx_word' id='word_1_462' title='bbox 1725 3546 1911 3600; x_wconf 76' lang='grc' dir='ltr'>ἀσεϐεο</span> 
     </span>
    </p>
   </div>
   <div class='ocr_carea' id='block_1_64' title="bbox 330 3637 1914 3710">
    <p class='ocr_par' dir='ltr' id='par_1_64' title="bbox 330 3637 1914 3710">
     <span class='ocr_line' id='line_1_64' title="bbox 330 3637 1914 3710; baseline 0.001 -20"><span class='ocrx_word' id='word_1_463' title='bbox 330 3640 533 3710; x_wconf 73' lang='grc' dir='ltr'>οτέρκν</span> <span class='ocrx_word' id='word_1_464' title='bbox 561 3637 708 3707; x_wconf 76' lang='grc' dir='ltr'>ἔχειν</span> <span class='ocrx_word' id='word_1_465' title='bbox 750 3637 1040 3708; x_wconf 86' lang='grc' dir='ltr'>ὑπόληψιν,</span> <span class='ocrx_word' id='word_1_466' title='bbox 1081 3638 1177 3691; x_wconf 79' lang='grc' dir='ltr'>καὶ</span> <span class='ocrx_word' id='word_1_467' title='bbox 1222 3638 1586 3709; x_wconf 83' lang='grc' dir='ltr'>εύηθεστέραν</span> <span class='ocrx_word' id='word_1_468' title='bbox 1632 3638 1741 3690; x_wconf 90' lang='grc' dir='ltr'><strong>τῶν</strong></span> <span class='ocrx_word' id='word_1_469' title='bbox 1788 3638 1914 3708; x_wconf 71' lang='grc' dir='ltr'>παρ’</span> 
     </span>
    </p>
   </div>
   <div class='ocr_carea' id='block_1_65' title="bbox 333 3728 1919 3801">
    <p class='ocr_par' dir='ltr' id='par_1_65' title="bbox 333 3728 1919 3801">
     <span class='ocr_line' id='line_1_65' title="bbox 333 3728 1919 3801; baseline -0.002 -18"><span class='ocrx_word' id='word_1_470' title='bbox 333 3730 598 3801; x_wconf 74' lang='grc' dir='ltr'><strong>“Ελλησι;</strong></span> <span class='ocrx_word' id='word_1_471' title='bbox 626 3729 849 3800; x_wconf 86' lang='grc' dir='ltr'>Πρῶτον</span> <span class='ocrx_word' id='word_1_472' title='bbox 883 3730 981 3798; x_wconf 81' lang='grc' dir='ltr'><strong>μὲν</strong></span> <span class='ocrx_word' id='word_1_473' title='bbox 1001 3728 1110 3800; x_wconf 75' lang='grc' dir='ltr'>γὰρ</span> <span class='ocrx_word' id='word_1_474' title='bbox 1142 3730 1190 3783; x_wconf 83' lang='grc' dir='ltr'><strong>εί</strong></span> <span class='ocrx_word' id='word_1_475' title='bbox 1224 3728 1356 3800; x_wconf 85' lang='grc' dir='ltr'>ἄλλη</span> <span class='ocrx_word' id='word_1_476' title='bbox 1384 3730 1506 3782; x_wconf 80' lang='grc' dir='ltr'>ἀντὶ</span> <span class='ocrx_word' id='word_1_477' title='bbox 1548 3728 1751 3798; x_wconf 86' lang='grc' dir='ltr'>ταύτης</span> <span class='ocrx_word' id='word_1_478' title='bbox 1777 3729 1919 3793; x_wconf 64' lang='grc' dir='ltr'>ἐγείρ</span> 
     </span>
    </p>
   </div>
   <div class='ocr_carea' id='block_1_66' title="bbox 340 3817 1916 3892">
    <p class='ocr_par' dir='ltr' id='par_1_66' title="bbox 340 3817 1916 3892">
     <span class='ocr_line' id='line_1_66' title="bbox 340 3817 1916 3892; baseline 0 -19"><span class='ocrx_word' id='word_1_479' title='bbox 340 3838 495 3892; x_wconf 62' lang='grc' dir='ltr'>ρεται</span> <span class='ocrx_word' id='word_1_480' title='bbox 532 3819 671 3873; x_wconf 75' lang='grc' dir='ltr'>κατὰ</span> <span class='ocrx_word' id='word_1_481' title='bbox 696 3821 793 3872; x_wconf 73' lang='grc' dir='ltr'>τὸν</span> <span class='ocrx_word' id='word_1_482' title='bbox 813 3817 994 3872; x_wconf 79' lang='grc' dir='ltr'>αὐτῶν</span> <span class='ocrx_word' id='word_1_483' title='bbox 1036 3818 1215 3887; x_wconf 79' lang='grc' dir='ltr'>λόγον,</span> <span class='ocrx_word' id='word_1_484' title='bbox 1249 3821 1310 3873; x_wconf 86' lang='grc' dir='ltr'><strong>ού</strong></span> <span class='ocrx_word' id='word_1_485' title='bbox 1342 3821 1526 3874; x_wconf 89' lang='grc' dir='ltr'>δικαία</span> <span class='ocrx_word' id='word_1_486' title='bbox 1553 3823 1587 3892; x_wconf 80' lang='grc' dir='ltr'><strong>ἡ</strong></span> <span class='ocrx_word' id='word_1_487' title='bbox 1634 3820 1728 3874; x_wconf 88' lang='grc' dir='ltr'><strong>τοῦ</strong></span> <span class='ocrx_word' id='word_1_488' title='bbox 1778 3819 1916 3873; x_wconf 85' lang='grc' dir='ltr'>Θεοῦ</span> 
     </span>
    </p>
   </div>
   <div class='ocr_carea' id='block_1_67' title="bbox 336 3909 1915 3984">
    <p class='ocr_par' dir='ltr' id='par_1_67' title="bbox 336 3909 1915 3984">
     <span class='ocr_line' id='line_1_67' title="bbox 336 3909 1915 3984; baseline -0.001 -18"><span class='ocrx_word' id='word_1_489' title='bbox 336 3913 537 3984; x_wconf 75' lang='grc' dir='ltr'>κρίσις,</span> <span class='ocrx_word' id='word_1_490' title='bbox 566 3911 733 3981; x_wconf 81' lang='grc' dir='ltr'>ἄλλην</span> <span class='ocrx_word' id='word_1_491' title='bbox 768 3911 947 3982; x_wconf 81' lang='grc' dir='ltr'>σάρκα</span> <span class='ocrx_word' id='word_1_492' title='bbox 988 3909 1250 3980; x_wconf 83' lang='grc' dir='ltr'>κρίνουσα</span> <span class='ocrx_word' id='word_1_493' title='bbox 1292 3912 1413 3966; x_wconf 81' lang='grc' dir='ltr'>ἀντὶ</span> <span class='ocrx_word' id='word_1_494' title='bbox 1454 3912 1555 3982; x_wconf 78' lang='grc' dir='ltr'>τῆς</span> <span class='ocrx_word' id='word_1_495' title='bbox 1591 3911 1915 3984; x_wconf 84' lang='grc' dir='ltr'>ἁμαρτησά-</span> 
     </span>
    </p>
   </div>
   <div class='ocr_carea' id='block_1_68' title="bbox 335 4003 1919 4077">
    <p class='ocr_par' dir='ltr' id='par_1_68' title="bbox 335 4003 1919 4077">
     <span class='ocr_line' id='line_1_68' title="bbox 335 4003 1919 4077; baseline 0 -21"><span class='ocrx_word' id='word_1_496' title='bbox 335 4020 461 4074; x_wconf 71' lang='grc' dir='ltr'>σης,</span> <span class='ocrx_word' id='word_1_497' title='bbox 492 4003 676 4077; x_wconf 79' lang='grc' dir='ltr'>ἢάλλο</span> <span class='ocrx_word' id='word_1_498' title='bbox 705 4003 862 4073; x_wconf 89' lang='grc' dir='ltr'>σῶμα</span> <span class='ocrx_word' id='word_1_499' title='bbox 895 4004 1137 4077; x_wconf 79' lang='grc' dir='ltr'>φέρουσα</span> <span class='ocrx_word' id='word_1_500' title='bbox 1158 4005 1236 4067; x_wconf 72' lang='grc' dir='ltr'>εὶς</span> <span class='ocrx_word' id='word_1_501' title='bbox 1259 4003 1416 4068; x_wconf 79' lang='grc' dir='ltr'>δόξαν</span> <span class='ocrx_word' id='word_1_502' title='bbox 1439 4004 1801 4076; x_wconf 85' lang='grc' dir='ltr'>κληρονομίας</span> <span class='ocrx_word' id='word_1_503' title='bbox 1826 4004 1919 4057; x_wconf 61' lang='grc' dir='ltr'><strong>καὶ¹</strong></span> 
     </span>
    </p>
   </div>
   <div class='ocr_carea' id='block_1_69' title="bbox 340 4092 1920 4164">
    <p class='ocr_par' dir='ltr' id='par_1_69' title="bbox 340 4092 1920 4164">
     <span class='ocr_line' id='line_1_69' title="bbox 340 4092 1920 4164; baseline -0.003 -17"><span class='ocrx_word' id='word_1_504' title='bbox 340 4092 616 4164; x_wconf 67' lang='grc' dir='ltr'>βασιλείας</span> <span class='ocrx_word' id='word_1_505' title='bbox 631 4092 895 4164; x_wconf 79' lang='grc' dir='ltr'>οὐρανῶν,</span> <span class='ocrx_word' id='word_1_506' title='bbox 928 4093 1049 4146; x_wconf 77' lang='grc' dir='ltr'>ἀντὶ</span> <span class='ocrx_word' id='word_1_507' title='bbox 1086 4092 1181 4145; x_wconf 89' lang='grc' dir='ltr'><strong>τοῦ</strong></span> <span class='ocrx_word' id='word_1_508' title='bbox 1236 4094 1294 4146; x_wconf 81' lang='grc' dir='ltr'><strong>ὲν</strong></span> <span class='ocrx_word' id='word_1_509' title='bbox 1322 4092 1597 4163; x_wconf 79' lang='grc' dir='ltr'>νηστείαις</span> <span class='ocrx_word' id='word_1_510' title='bbox 1626 4093 1721 4145; x_wconf 80' lang='grc' dir='ltr'><strong>καὶ</strong></span> <span class='ocrx_word' id='word_1_511' title='bbox 1750 4093 1920 4163; x_wconf 84' lang='grc' dir='ltr'>ἀγρυ-</span> 
     </span>
    </p>
   </div>
   <div class='ocr_carea' id='block_1_70' title="bbox 336 4185 1920 4257">
    <p class='ocr_par' dir='ltr' id='par_1_70' title="bbox 336 4185 1920 4257">
     <span class='ocr_line' id='line_1_70' title="bbox 336 4185 1920 4257; baseline -0.001 -18"><span class='ocrx_word' id='word_1_512' title='bbox 336 4186 521 4250; x_wconf 79' lang='grc' dir='ltr'>πνίαις</span> <span class='ocrx_word' id='word_1_513' title='bbox 553 4187 647 4239; x_wconf 80' lang='grc' dir='ltr'><strong>καὶ</strong></span> <span class='ocrx_word' id='word_1_514' title='bbox 679 4186 934 4257; x_wconf 84' lang='grc' dir='ltr'>διωγμοῖς</span> <span class='ocrx_word' id='word_1_515' title='bbox 969 4186 1109 4255; x_wconf 84' lang='grc' dir='ltr'>ὑπὲρ</span> <span class='ocrx_word' id='word_1_516' title='bbox 1138 4185 1397 4254; x_wconf 74' lang='grc' dir='ltr'>ὀνόματος</span> <span class='ocrx_word' id='word_1_517' title='bbox 1414 4185 1548 4238; x_wconf 84' lang='grc' dir='ltr'>Θεοῦ</span> <span class='ocrx_word' id='word_1_518' title='bbox 1578 4186 1920 4256; x_wconf 84' lang='grc' dir='ltr'>κεκμηκότος</span> 
     </span>
    </p>
   </div>
   <div class='ocr_carea' id='block_1_71' title="bbox 341 4275 1922 4349">
    <p class='ocr_par' dir='ltr' id='par_1_71' title="bbox 341 4275 1922 4349">
     <span class='ocr_line' id='line_1_71' title="bbox 341 4275 1922 4349; baseline -0.001 -18"><span class='ocrx_word' id='word_1_519' title='bbox 341 4278 615 4349; x_wconf 79' lang='grc' dir='ltr'>σώματος.</span> <span class='ocrx_word' id='word_1_520' title='bbox 647 4278 771 4341; x_wconf 87' lang='grc' dir='ltr'>Πῶς</span> <span class='ocrx_word' id='word_1_521' title='bbox 797 4277 853 4331; x_wconf 80' lang='grc' dir='ltr'>δὲ</span> <span class='ocrx_word' id='word_1_522' title='bbox 891 4278 987 4333; x_wconf 73' lang='grc' dir='ltr'><strong>καὶ</strong></span> <span class='ocrx_word' id='word_1_523' title='bbox 1019 4276 1164 4347; x_wconf 81' lang='grc' dir='ltr'><strong>ψυχὴ</strong></span> <span class='ocrx_word' id='word_1_524' title='bbox 1214 4275 1513 4346; x_wconf 84' lang='grc' dir='ltr'>καθήσεται</span> <span class='ocrx_word' id='word_1_525' title='bbox 1550 4278 1563 4307; x_wconf 88' lang='grc'>¹</span> <span class='ocrx_word' id='word_1_526' title='bbox 1599 4276 1733 4346; x_wconf 90' lang='grc' dir='ltr'>μόνη</span> <span class='ocrx_word' id='word_1_527' title='bbox 1781 4276 1922 4330; x_wconf 84' lang='grc' dir='ltr'>κατὰ</span> 
     </span>
    </p>
   </div>
   <div class='ocr_carea' id='block_1_72' title="bbox 335 4365 1922 4436">
    <p class='ocr_par' dir='ltr' id='par_1_72' title="bbox 335 4365 1922 4436">
     <span class='ocr_line' id='line_1_72' title="bbox 335 4365 1922 4436; baseline -0.002 -16"><span class='ocrx_word' id='word_1_528' title='bbox 335 4368 429 4422; x_wconf 82' lang='grc' dir='ltr'>τὸν</span> <span class='ocrx_word' id='word_1_529' title='bbox 457 4367 616 4434; x_wconf 89' lang='grc' dir='ltr'>λόγον</span> <span class='ocrx_word' id='word_1_530' title='bbox 645 4366 752 4419; x_wconf 87' lang='grc' dir='ltr'><strong>τῶν</strong></span> <span class='ocrx_word' id='word_1_531' title='bbox 786 4366 1072 4436; x_wconf 78' lang='grc' dir='ltr'>αἱρέσεων,</span> <span class='ocrx_word' id='word_1_532' title='bbox 1106 4365 1179 4436; x_wconf 81' lang='grc' dir='ltr'>μὴ</span> <span class='ocrx_word' id='word_1_533' title='bbox 1212 4365 1477 4436; x_wconf 87' lang='grc' dir='ltr'>παρόντος</span> <span class='ocrx_word' id='word_1_534' title='bbox 1516 4366 1607 4423; x_wconf 84' lang='grc' dir='ltr'><strong>τοῦ</strong></span> <span class='ocrx_word' id='word_1_535' title='bbox 1644 4382 1922 4436; x_wconf 88' lang='grc' dir='ltr'>συναμαρ-</span> 
     </span>
    </p>
   </div>
   <div class='ocr_carea' id='block_1_73' title="bbox 337 4457 1996 4554">
    <p class='ocr_par' dir='ltr' id='par_1_73' title="bbox 337 4457 1996 4554">
     <span class='ocr_line' id='line_1_73' title="bbox 337 4457 1996 4554; baseline 0.002 -42"><span class='ocrx_word' id='word_1_536' title='bbox 337 4460 605 4530; x_wconf 79' lang='grc' dir='ltr'>τήσαντος</span> <span class='ocrx_word' id='word_1_537' title='bbox 654 4457 936 4528; x_wconf 83' lang='grc' dir='ltr'>σώματος;</span> <span class='ocrx_word' id='word_1_538' title='bbox 977 4458 1232 4529; x_wconf 77' lang='grc' dir='ltr'>Ἀντείπῃ</span> <span class='ocrx_word' id='word_1_539' title='bbox 1275 4458 1383 4529; x_wconf 76' lang='grc' dir='ltr'><strong>γὰρ</strong></span> <span class='ocrx_word' id='word_1_540' title='bbox 1432 4459 1465 4528; x_wconf 82' lang='grc' dir='ltr'>ἡ</span> <span class='ocrx_word' id='word_1_541' title='bbox 1510 4457 1731 4528; x_wconf 88' lang='grc' dir='ltr'>τοιαύτη</span> <span class='ocrx_word' id='word_1_542' title='bbox 1773 4457 1919 4529; x_wconf 80' lang='grc' dir='ltr'>ψυχὴ</span> <span class='ocrx_word' id='word_1_543' title='bbox 1952 4499 1996 4554; x_wconf 80' lang='lat' dir='ltr'><strong>D</strong></span> 
     </span>
    </p>
   </div>
   <div class='ocr_carea' id='block_1_74' title="bbox 338 4548 1919 4621">
    <p class='ocr_par' dir='ltr' id='par_1_74' title="bbox 338 4548 1919 4621">
     <span class='ocr_line' id='line_1_74' title="bbox 338 4548 1919 4621; baseline 0.001 -20"><span class='ocrx_word' id='word_1_544' title='bbox 338 4552 405 4621; x_wconf 80' lang='grc' dir='ltr'>τῇ</span> <span class='ocrx_word' id='word_1_545' title='bbox 437 4548 533 4602; x_wconf 89' lang='grc' dir='ltr'><strong>τοῦ</strong></span> <span class='ocrx_word' id='word_1_546' title='bbox 559 4548 933 4620; x_wconf 71' lang='grc' dir='ltr'>Θεοῦκρίσει,</span> <span class='ocrx_word' id='word_1_547' title='bbox 977 4549 1261 4618; x_wconf 86' lang='grc' dir='ltr'>φάσκουσα</span> <span class='ocrx_word' id='word_1_548' title='bbox 1288 4550 1382 4603; x_wconf 87' lang='grc' dir='ltr'><strong>τοῦ</strong></span> <span class='ocrx_word' id='word_1_549' title='bbox 1418 4549 1667 4620; x_wconf 87' lang='grc' dir='ltr'>σώματος</span> <span class='ocrx_word' id='word_1_550' title='bbox 1693 4553 1919 4621; x_wconf 80' lang='grc' dir='ltr'>γεγενῆ-</span> 
     </span>
    </p>
   </div>
   <div class='ocr_carea' id='block_1_75' title="bbox 341 4637 1920 4710">
    <p class='ocr_par' dir='ltr' id='par_1_75' title="bbox 341 4637 1920 4710">
     <span class='ocr_line' id='line_1_75' title="bbox 341 4637 1920 4710; baseline 0 -17"><span class='ocrx_word' id='word_1_551' title='bbox 341 4641 467 4695; x_wconf 91' lang='grc' dir='ltr'>σθαι</span> <span class='ocrx_word' id='word_1_552' title='bbox 499 4640 570 4694; x_wconf 83' lang='grc' dir='ltr'>τὰ</span> <span class='ocrx_word' id='word_1_553' title='bbox 594 4640 995 4710; x_wconf 82' lang='grc' dir='ltr'>ἁμαρτήματα.</span> <span class='ocrx_word' id='word_1_554' title='bbox 1033 4641 1187 4710; x_wconf 83' lang='grc' dir='ltr'>Ἔχει</span> <span class='ocrx_word' id='word_1_555' title='bbox 1224 4641 1316 4693; x_wconf 83' lang='grc' dir='ltr'><strong>καὶ</strong></span> <span class='ocrx_word' id='word_1_556' title='bbox 1341 4637 1438 4709; x_wconf 80' lang='grc' dir='ltr'><strong>τὴν</strong></span> <span class='ocrx_word' id='word_1_557' title='bbox 1476 4638 1751 4705; x_wconf 77' lang='grc' dir='ltr'>ἀπόδειξιν</span> <span class='ocrx_word' id='word_1_558' title='bbox 1778 4640 1920 4693; x_wconf 87' lang='grc' dir='ltr'>κατὰ</span> 
     </span>
    </p>
   </div>
   <div class='ocr_carea' id='block_1_76' title="bbox 338 4730 1921 4802">
    <p class='ocr_par' dir='ltr' id='par_1_76' title="bbox 338 4730 1921 4802">
     <span class='ocr_line' id='line_1_76' title="bbox 338 4730 1921 4802; baseline -0.001 -18"><span class='ocrx_word' id='word_1_559' title='bbox 338 4732 431 4788; x_wconf 80' lang='grc' dir='ltr'><strong>τὸν</strong></span> <span class='ocrx_word' id='word_1_560' title='bbox 465 4731 767 4801; x_wconf 78' lang='grc' dir='ltr'>φιλονεικίᾳ</span> <span class='ocrx_word' id='word_1_561' title='bbox 805 4731 1102 4801; x_wconf 87' lang='grc' dir='ltr'>φερόμενον</span> <span class='ocrx_word' id='word_1_562' title='bbox 1134 4732 1291 4799; x_wconf 86' lang='grc' dir='ltr'>λόγον</span> <span class='ocrx_word' id='word_1_563' title='bbox 1314 4732 1409 4783; x_wconf 77' lang='grc' dir='ltr'><strong>καὶ</strong></span> <span class='ocrx_word' id='word_1_564' title='bbox 1441 4732 1515 4802; x_wconf 87' lang='grc' dir='ltr'><strong>μὴ</strong></span> <span class='ocrx_word' id='word_1_565' title='bbox 1538 4730 1766 4801; x_wconf 82' lang='grc' dir='ltr'>ἀληθείᾳ</span> <span class='ocrx_word' id='word_1_566' title='bbox 1785 4748 1797 4760; x_wconf 88' lang='grc'><strong>·</strong></span> <span class='ocrx_word' id='word_1_567' title='bbox 1828 4731 1921 4784; x_wconf 83' lang='grc' dir='ltr'>δύ-</span> 
     </span>
    </p>
   </div>
   <div class='ocr_carea' id='block_1_77' title="bbox 339 4820 1919 4894">
    <p class='ocr_par' dir='ltr' id='par_1_77' title="bbox 339 4820 1919 4894">
     <span class='ocr_line' id='line_1_77' title="bbox 339 4820 1919 4894; baseline -0.002 -17"><span class='ocrx_word' id='word_1_568' title='bbox 339 4840 498 4877; x_wconf 84' lang='grc' dir='ltr'>ναται</span> <span class='ocrx_word' id='word_1_569' title='bbox 529 4822 636 4894; x_wconf 77' lang='grc' dir='ltr'>γὰρ</span> <span class='ocrx_word' id='word_1_570' title='bbox 664 4822 842 4891; x_wconf 82' lang='grc' dir='ltr'>λέγειν</span> <span class='ocrx_word' id='word_1_571' title='bbox 861 4840 874 4852; x_wconf 91' lang='grc'><strong>·</strong></span> <span class='ocrx_word' id='word_1_572' title='bbox 907 4823 1020 4875; x_wconf 82' lang='grc' dir='ltr'>Ούκ</span> <span class='ocrx_word' id='word_1_573' title='bbox 1041 4820 1150 4890; x_wconf 81' lang='grc' dir='ltr'>ἐγὼ</span> <span class='ocrx_word' id='word_1_574' title='bbox 1182 4822 1449 4893; x_wconf 68' lang='grc' dir='ltr'>ἥμαρτον,</span> <span class='ocrx_word' id='word_1_575' title='bbox 1478 4821 1612 4875; x_wconf 83' lang='grc' dir='ltr'>ἀλλὰ</span> <span class='ocrx_word' id='word_1_576' title='bbox 1636 4821 1695 4875; x_wconf 81' lang='grc' dir='ltr'><strong>τὸ</strong></span> <span class='ocrx_word' id='word_1_577' title='bbox 1725 4820 1883 4891; x_wconf 87' lang='grc' dir='ltr'>σῶμα</span> <span class='ocrx_word' id='word_1_578' title='bbox 1906 4840 1919 4853; x_wconf 92' lang='grc'><strong>·</strong></span> 
     </span>
    </p>
   </div>
   <div class='ocr_carea' id='block_1_78' title="bbox 342 4911 1924 4985">
    <p class='ocr_par' dir='ltr' id='par_1_78' title="bbox 342 4911 1924 4985">
     <span class='ocr_line' id='line_1_78' title="bbox 342 4911 1924 4985; baseline -0.002 -18"><span class='ocrx_word' id='word_1_579' title='bbox 342 4914 525 4982; x_wconf 75' lang='grc' dir='ltr'>ὲξότου</span> <span class='ocrx_word' id='word_1_580' title='bbox 559 4912 669 4984; x_wconf 81' lang='grc' dir='ltr'>γὰρ</span> <span class='ocrx_word' id='word_1_581' title='bbox 697 4912 918 4985; x_wconf 77' lang='grc' dir='ltr'>ἐξῆλθον</span> <span class='ocrx_word' id='word_1_582' title='bbox 950 4913 1015 4966; x_wconf 83' lang='grc' dir='ltr'>ὲκ</span> <span class='ocrx_word' id='word_1_583' title='bbox 1033 4912 1126 4966; x_wconf 79' lang='grc' dir='ltr'><strong>τοῦ</strong></span> <span class='ocrx_word' id='word_1_584' title='bbox 1149 4913 1422 4985; x_wconf 87' lang='grc' dir='ltr'>σώματος,</span> <span class='ocrx_word' id='word_1_585' title='bbox 1452 4911 1573 4969; x_wconf 70' lang='grc' dir='ltr'>οὒτε</span> <span class='ocrx_word' id='word_1_586' title='bbox 1596 4912 1924 4984; x_wconf 80' lang='grc' dir='ltr'>ὲπόρνευσα,</span> 
     </span>
    </p>
   </div>
   <div class='ocr_carea' id='block_1_79' title="bbox 415 5089 904 5162">
    <p class='ocr_par' dir='ltr' id='par_1_79' title="bbox 415 5089 904 5162">
     <span class='ocr_line' id='line_1_79' title="bbox 415 5089 904 5162; baseline -0.002 -16"><span class='ocrx_word' id='word_1_587' title='bbox 415 5091 441 5122; x_wconf 56' lang='grc' dir='ltr'><strong>ί</strong></span> <span class='ocrx_word' id='word_1_588' title='bbox 458 5089 521 5146; x_wconf 85' lang='lat' dir='ltr'><strong>F.</strong></span> <span class='ocrx_word' id='word_1_589' title='bbox 560 5089 904 5162; x_wconf 86' lang='grc' dir='ltr'>κριθήσεται.</span> 
     </span>
    </p>
   </div>
   <div class='ocr_carea' id='block_1_80' title="bbox 439 5238 1704 5315">
    <p class='ocr_par' dir='ltr' id='par_1_80' title="bbox 439 5238 1704 5315">
     <span class='ocr_line' id='line_1_80' title="bbox 439 5238 1704 5315; baseline -0.008 -15"><span class='ocrx_word' id='word_1_590' title='bbox 439 5246 532 5311; x_wconf 70' lang='grc' dir='ltr'><strong>Η)</strong></span> <span class='ocrx_word' id='word_1_591' title='bbox 563 5242 875 5315; x_wconf 70' lang='lat' dir='ltr'><strong>Legendpm</strong></span> <span class='ocrx_word' id='word_1_592' title='bbox 909 5240 1121 5315; x_wconf 67' lang='lat' dir='ltr'><strong>videtur</strong></span> <span class='ocrx_word' id='word_1_593' title='bbox 1148 5238 1517 5315; x_wconf 58' lang='grc' dir='ltr'>παραθέντων.</span> <span class='ocrx_word' id='word_1_594' title='bbox 1547 5238 1704 5315; x_wconf 35' lang='grc' dir='ltr'>,Εοιτκ</span> 
     </span>
    </p>
   </div>
   <div class='ocr_carea' id='block_1_81' title="bbox 415 5247 1919 5387">
    <p class='ocr_par' dir='ltr' id='par_1_81' title="bbox 415 5247 1919 5387">
     <span class='ocr_line' id='line_1_81' title="bbox 439 5247 1704 5315; baseline -0.009 -15"><span class='ocrx_word' id='word_1_595' title='bbox 439 5247 532 5311; x_wconf 71' lang='grc' dir='ltr'><strong>Η)</strong></span> <span class='ocrx_word' id='word_1_596' title='bbox 563 5247 875 5315; x_wconf 84' lang='lat' dir='ltr'><strong>Legendum</strong></span> <span class='ocrx_word' id='word_1_597' title='bbox 909 5247 1121 5296; x_wconf 69' lang='lat' dir='ltr'><strong>videtur</strong></span> <span class='ocrx_word' id='word_1_598' title='bbox 1148 5247 1517 5310; x_wconf 76' lang='grc' dir='ltr'>παραθέντων.</span> <span class='ocrx_word' id='word_1_599' title='bbox 1555 5247 1704 5292; x_wconf 68' lang='lat' dir='ltr'><strong>linir.</strong></span> 
     </span>
     <span class='ocr_line' id='line_1_82' title="bbox 415 5247 1919 5387; baseline -0.009 -16"><span class='ocrx_word' id='word_1_600' title='bbox 415 5247 530 5387; x_wconf 47' lang='lat' dir='ltr'><strong>E45)</strong></span> <span class='ocrx_word' id='word_1_601' title='bbox 572 5316 737 5387; x_wconf 66' lang='grc' dir='ltr'><strong>Ἀλλῖ</strong></span> <span class='ocrx_word' id='word_1_602' title='bbox 763 5312 984 5377; x_wconf 66' lang='grc' dir='ltr'><strong>ἄλλην.</strong></span> <span class='ocrx_word' id='word_1_603' title='bbox 1020 5312 1307 5378; x_wconf 88' lang='lat' dir='ltr'><strong>Origenem</strong></span> <span class='ocrx_word' id='word_1_604' title='bbox 1353 5308 1597 5387; x_wconf 40' lang='lat' dir='ltr'><strong>Platonis.</strong></span> <span class='ocrx_word' id='word_1_605' title='bbox 1634 5309 1919 5375; x_wconf 89' lang='lat' dir='ltr'><strong>abreptum</strong></span> 
     </span>
    </p>
   </div>
   <div class='ocr_carea' id='block_1_82' title="bbox 346 5378 1922 5457">
    <p class='ocr_par' dir='ltr' id='par_1_82' title="bbox 346 5378 1922 5457">
     <span class='ocr_line' id='line_1_83' title="bbox 346 5378 1922 5457; baseline -0.01 -14"><span class='ocrx_word' id='word_1_606' title='bbox 346 5378 694 5457; x_wconf 74' lang='lat' dir='ltr'><strong>philosophia</strong></span> <span class='ocrx_word' id='word_1_607' title='bbox 727 5385 866 5437; x_wconf 91' lang='lat' dir='ltr'><strong>inter</strong></span> <span class='ocrx_word' id='word_1_608' title='bbox 890 5391 1083 5436; x_wconf 62' lang='lat' dir='ltr'><strong>cattera</strong></span> <span class='ocrx_word' id='word_1_609' title='bbox 1112 5396 1209 5435; x_wconf 92' lang='lat' dir='ltr'><strong>sua</strong></span> <span class='ocrx_word' id='word_1_610' title='bbox 1236 5387 1435 5457; x_wconf 71' lang='lat' dir='ltr'><strong>errata,</strong></span> <span class='ocrx_word' id='word_1_611' title='bbox 1465 5388 1519 5432; x_wconf 89' lang='lat' dir='ltr'><strong>et</strong></span> <span class='ocrx_word' id='word_1_612' title='bbox 1552 5378 1701 5457; x_wconf 77' lang='lat' dir='ltr'><strong>circa</strong></span> <span class='ocrx_word' id='word_1_613' title='bbox 1735 5391 1922 5457; x_wconf 78' lang='lat' dir='ltr'><strong>resur-</strong></span> 
     </span>
    </p>
   </div>
   <div class='ocr_carea' id='block_1_83' title="bbox 348 5446 1921 5511">
    <p class='ocr_par' dir='ltr' id='par_1_83' title="bbox 348 5446 1921 5511">
     <span class='ocr_line' id='line_1_84' title="bbox 348 5446 1921 5511; baseline -0.009 0"><span class='ocrx_word' id='word_1_614' title='bbox 348 5446 648 5511; x_wconf 60' lang='lat' dir='ltr'><strong>rectionem</strong></span> <span class='ocrx_word' id='word_1_615' title='bbox 699 5458 1038 5507; x_wconf 90' lang='lat' dir='ltr'><strong>mortuorum</strong></span> <span class='ocrx_word' id='word_1_616' title='bbox 1101 5465 1130 5503; x_wconf 91' lang='lat' dir='ltr'><strong>a</strong></span> <span class='ocrx_word' id='word_1_617' title='bbox 1178 5455 1325 5503; x_wconf 90' lang='lat' dir='ltr'><strong>recto</strong></span> <span class='ocrx_word' id='word_1_618' title='bbox 1382 5449 1611 5502; x_wconf 72' lang='lat' dir='ltr'><strong>sincera:</strong></span> <span class='ocrx_word' id='word_1_619' title='bbox 1660 5446 1921 5500; x_wconf 62' lang='lat' dir='ltr'><strong>doctrina:</strong></span> 
     </span>
    </p>
   </div>
   <div class='ocr_carea' id='block_1_84' title="bbox 351 5516 1917 5588">
    <p class='ocr_par' dir='ltr' id='par_1_84' title="bbox 351 5516 1917 5588">
     <span class='ocr_line' id='line_1_85' title="bbox 351 5516 1917 5588; baseline -0.01 -7"><span class='ocrx_word' id='word_1_620' title='bbox 351 5527 572 5581; x_wconf 88' lang='lat' dir='ltr'><strong>tramite</strong></span> <span class='ocrx_word' id='word_1_621' title='bbox 600 5523 884 5578; x_wconf 81' lang='lat' dir='ltr'><strong>deﬂexisse</strong></span> <span class='ocrx_word' id='word_1_622' title='bbox 900 5562 914 5583; x_wconf 90' lang='lat'><strong>,</strong></span> <span class='ocrx_word' id='word_1_623' title='bbox 937 5528 991 5576; x_wconf 86' lang='lat' dir='ltr'><strong>et</strong></span> <span class='ocrx_word' id='word_1_624' title='bbox 1017 5518 1231 5588; x_wconf 84' lang='lat' dir='ltr'><strong>quidem</strong></span> <span class='ocrx_word' id='word_1_625' title='bbox 1258 5516 1324 5570; x_wconf 87' lang='lat' dir='ltr'><strong>ad</strong></span> <span class='ocrx_word' id='word_1_626' title='bbox 1346 5532 1467 5571; x_wconf 88' lang='lat' dir='ltr'><strong>eum</strong></span> <span class='ocrx_word' id='word_1_627' title='bbox 1496 5516 1734 5582; x_wconf 83' lang='lat' dir='ltr'><strong>modum,</strong></span> <span class='ocrx_word' id='word_1_628' title='bbox 1756 5530 1917 5588; x_wconf 63' lang='lat' dir='ltr'><strong>quem</strong></span> 
     </span>
    </p>
   </div>
   <div class='ocr_carea' id='block_1_85' title="bbox 354 5583 1921 5664">
    <p class='ocr_par' dir='ltr' id='par_1_85' title="bbox 354 5583 1921 5664">
     <span class='ocr_line' id='line_1_86' title="bbox 354 5583 1921 5664; baseline -0.009 -14"><span class='ocrx_word' id='word_1_629' title='bbox 354 5598 408 5650; x_wconf 91' lang='lat' dir='ltr'><strong>in</strong></span> <span class='ocrx_word' id='word_1_630' title='bbox 446 5595 706 5664; x_wconf 62' lang='lat' dir='ltr'><strong>praesenti</strong></span> <span class='ocrx_word' id='word_1_631' title='bbox 727 5591 946 5664; x_wconf 76' lang='lat' dir='ltr'><strong>exponit</strong></span> <span class='ocrx_word' id='word_1_632' title='bbox 977 5583 1332 5664; x_wconf 81' lang='lat' dir='ltr'><strong>Epiphanius,</strong></span> <span class='ocrx_word' id='word_1_633' title='bbox 1375 5594 1590 5664; x_wconf 63' lang='lat' dir='ltr'><strong>ciinstat</strong></span> <span class='ocrx_word' id='word_1_634' title='bbox 1635 5584 1775 5664; x_wconf 76' lang='lat' dir='ltr'><strong>apud</strong></span> <span class='ocrx_word' id='word_1_635' title='bbox 1821 5583 1921 5664; x_wconf 85' lang='lat' dir='ltr'><strong>Pa-</strong></span> 
     </span>
    </p>
   </div>
   <div class='ocr_carea' id='block_1_86' title="bbox 355 5654 1917 5732">
    <p class='ocr_par' dir='ltr' id='par_1_86' title="bbox 355 5654 1917 5732">
     <span class='ocr_line' id='line_1_87' title="bbox 355 5654 1917 5732; baseline -0.008 -14"><span class='ocrx_word' id='word_1_636' title='bbox 355 5654 491 5727; x_wconf 68' lang='lat' dir='ltr'><strong>tres,</strong></span> <span class='ocrx_word' id='word_1_637' title='bbox 525 5654 918 5732; x_wconf 32' lang='lat' dir='ltr'><strong>exAEpiphanio</strong></span> <span class='ocrx_word' id='word_1_638' title='bbox 950 5654 1255 5732; x_wconf 67' lang='lat' dir='ltr'><strong>praesertim</strong></span> <span class='ocrx_word' id='word_1_639' title='bbox 1275 5664 1392 5732; x_wconf 74' lang='lat' dir='ltr'><strong>tum</strong></span> <span class='ocrx_word' id='word_1_640' title='bbox 1425 5655 1512 5732; x_wconf 70' lang='lat' dir='ltr'><strong>hic</strong></span> <span class='ocrx_word' id='word_1_641' title='bbox 1547 5654 1599 5707; x_wconf 90' lang='lat' dir='ltr'><strong>in</strong></span> <span class='ocrx_word' id='word_1_642' title='bbox 1630 5655 1917 5732; x_wconf 64' lang='lat' dir='ltr'><strong>Ancorato,</strong></span> 
     </span>
    </p>
   </div>
   <div class='ocr_carea' id='block_1_87' title="bbox 357 5723 1921 5794">
    <p class='ocr_par' dir='ltr' id='par_1_87' title="bbox 357 5723 1921 5794">
     <span class='ocr_line' id='line_1_88' title="bbox 357 5723 1921 5794; baseline -0.007 -6"><span class='ocrx_word' id='word_1_643' title='bbox 357 5723 553 5788; x_wconf 78' lang='lat' dir='ltr'><strong>tumin</strong></span> <span class='ocrx_word' id='word_1_644' title='bbox 585 5723 819 5785; x_wconf 67' lang='lat' dir='ltr'><strong>Pa&#39;nério</strong></span> <span class='ocrx_word' id='word_1_645' title='bbox 849 5730 915 5784; x_wconf 90' lang='lat' dir='ltr'><strong>ad</strong></span> <span class='ocrx_word' id='word_1_646' title='bbox 947 5723 1195 5787; x_wconf 68' lang='lat' dir='ltr'><strong>iiaarcsim</strong></span> <span class='ocrx_word' id='word_1_647' title='bbox 1225 5725 1295 5779; x_wconf 69' lang='lat' dir='ltr'><strong>tit</strong></span> <span class='ocrx_word' id='word_1_648' title='bbox 1316 5768 1328 5791; x_wconf 92' lang='lat'><strong>,</strong></span> <span class='ocrx_word' id='word_1_649' title='bbox 1362 5740 1423 5779; x_wconf 78' lang='lat' dir='ltr'><strong>ex</strong></span> <span class='ocrx_word' id='word_1_650' title='bbox 1462 5723 1773 5794; x_wconf 81' lang='lat' dir='ltr'><strong>fragmentis</strong></span> <span class='ocrx_word' id='word_1_651' title='bbox 1801 5739 1921 5794; x_wconf 79' lang='lat' dir='ltr'><strong>quae</strong></span> 
     </span>
    </p>
   </div>
   <div class='ocr_carea' id='block_1_88' title="bbox 361 5792 1918 5873">
    <p class='ocr_par' dir='ltr' id='par_1_88' title="bbox 361 5792 1918 5873">
     <span class='ocr_line' id='line_1_89' title="bbox 361 5792 1918 5873; baseline -0.012 -9"><span class='ocrx_word' id='word_1_652' title='bbox 361 5809 582 5864; x_wconf 68' lang='lat' dir='ltr'><strong>exstant</strong></span> <span class='ocrx_word' id='word_1_653' title='bbox 619 5801 761 5873; x_wconf 84' lang='lat' dir='ltr'><strong>apud</strong></span> <span class='ocrx_word' id='word_1_654' title='bbox 794 5801 1167 5872; x_wconf 80' lang='lat' dir='ltr'><strong>Epiphaniam.</strong></span> <span class='ocrx_word' id='word_1_655' title='bbox 1186 5801 1483 5855; x_wconf 83' lang='lat' dir='ltr'><strong>memorata</strong></span> <span class='ocrx_word' id='word_1_656' title='bbox 1514 5792 1573 5849; x_wconf 16' lang='lat' dir='ltr'><strong>in.</strong></span> <span class='ocrx_word' id='word_1_657' title='bbox 1610 5794 1800 5851; x_wconf 67' lang='lat' dir='ltr'><strong>haeresi</strong></span> <span class='ocrx_word' id='word_1_658' title='bbox 1828 5792 1918 5859; x_wconf 69' lang='grc' dir='ltr'><strong>οι,</strong></span> 
     </span>
    </p>
   </div>
   <div class='ocr_carea' id='block_1_89' title="bbox 2014 3186 3586 3257">
    <p class='ocr_par' dir='ltr' id='par_1_89' title="bbox 2014 3186 3586 3257">
     <span class='ocr_line' id='line_1_90' title="bbox 2014 3186 3586 3257; baseline -0.003 -15"><span class='ocrx_word' id='word_1_659' title='bbox 2014 3197 2352 3243; x_wconf 85' lang='lat' dir='ltr'><strong>mortuorum</strong></span> <span class='ocrx_word' id='word_1_660' title='bbox 2383 3187 2602 3257; x_wconf 82' lang='lat' dir='ltr'><strong>quidem</strong></span> <span class='ocrx_word' id='word_1_661' title='bbox 2644 3188 3100 3242; x_wconf 90' lang='lat' dir='ltr'><strong>resurrectionem</strong></span> <span class='ocrx_word' id='word_1_662' title='bbox 3136 3186 3429 3239; x_wconf 87' lang='lat' dir='ltr'><strong>admittunt</strong></span> <span class='ocrx_word' id='word_1_663' title='bbox 3461 3200 3586 3239; x_wconf 87' lang='lat' dir='ltr'><strong>cum</strong></span> 
     </span>
    </p>
   </div>
   <div class='ocr_carea' id='block_1_90' title="bbox 2013 3277 3588 3343">
    <p class='ocr_par' dir='ltr' id='par_1_90' title="bbox 2013 3277 3588 3343">
     <span class='ocr_line' id='line_1_91' title="bbox 2013 3277 3588 3343; baseline -0.003 -8"><span class='ocrx_word' id='word_1_664' title='bbox 2013 3282 2195 3336; x_wconf 89' lang='lat' dir='ltr'><strong>carnis</strong></span> <span class='ocrx_word' id='word_1_665' title='bbox 2219 3289 2437 3343; x_wconf 61' lang='lat' dir='ltr'><strong>nostra},</strong></span> <span class='ocrx_word' id='word_1_666' title='bbox 2474 3287 2586 3333; x_wconf 90' lang='lat' dir='ltr'><strong>tum</strong></span> <span class='ocrx_word' id='word_1_667' title='bbox 2619 3279 2953 3335; x_wconf 85' lang='lat' dir='ltr'><strong>sanctissimi</strong></span> <span class='ocrx_word' id='word_1_668' title='bbox 2990 3279 3135 3335; x_wconf 90' lang='lat' dir='ltr'><strong>illius</strong></span> <span class='ocrx_word' id='word_1_669' title='bbox 3171 3277 3435 3332; x_wconf 86' lang='lat' dir='ltr'><strong>Dominiei</strong></span> <span class='ocrx_word' id='word_1_670' title='bbox 3464 3292 3588 3332; x_wconf 89' lang='lat' dir='ltr'><strong>cor-</strong></span> 
     </span>
    </p>
   </div>
   <div class='ocr_carea' id='block_1_91' title="bbox 2013 3368 3587 3444">
    <p class='ocr_par' dir='ltr' id='par_1_91' title="bbox 2013 3368 3587 3444">
     <span class='ocr_line' id='line_1_92' title="bbox 2013 3368 3587 3444; baseline -0.003 -16"><span class='ocrx_word' id='word_1_671' title='bbox 2013 3374 2161 3444; x_wconf 82' lang='lat' dir='ltr'><strong>poris</strong></span> <span class='ocrx_word' id='word_1_672' title='bbox 2210 3372 2355 3441; x_wconf 83' lang='lat' dir='ltr'><strong>quod</strong></span> <span class='ocrx_word' id='word_1_673' title='bbox 2400 3386 2431 3426; x_wconf 91' lang='lat' dir='ltr'><strong>e</strong></span> <span class='ocrx_word' id='word_1_674' title='bbox 2470 3370 2637 3426; x_wconf 81' lang='lat' dir='ltr'><strong>Maria</strong></span> <span class='ocrx_word' id='word_1_675' title='bbox 2682 3379 2997 3440; x_wconf 88' lang='lat' dir='ltr'><strong>susceptum</strong></span> <span class='ocrx_word' id='word_1_676' title='bbox 3045 3377 3160 3435; x_wconf 91' lang='lat' dir='ltr'><strong>est;</strong></span> <span class='ocrx_word' id='word_1_677' title='bbox 3212 3369 3305 3424; x_wconf 90' lang='lat' dir='ltr'><strong>sed</strong></span> <span class='ocrx_word' id='word_1_678' title='bbox 3343 3368 3587 3424; x_wconf 89' lang='lat' dir='ltr'><strong>eamdem</strong></span> 
     </span>
    </p>
   </div>
   <div class='ocr_carea' id='block_1_92' title="bbox 2015 3461 3589 3530">
    <p class='ocr_par' dir='ltr' id='par_1_92' title="bbox 2015 3461 3589 3530">
     <span class='ocr_line' id='line_1_93' title="bbox 2015 3461 3589 3530; baseline -0.003 -12"><span class='ocrx_word' id='word_1_679' title='bbox 2015 3464 2374 3519; x_wconf 84' lang='lat' dir='ltr'><strong>nihilominus</strong></span> <span class='ocrx_word' id='word_1_680' title='bbox 2403 3478 2624 3517; x_wconf 90' lang='lat' dir='ltr'><strong>carnem</strong></span> <span class='ocrx_word' id='word_1_681' title='bbox 2651 3462 2877 3517; x_wconf 79' lang='lat' dir='ltr'><strong>excitari</strong></span> <span class='ocrx_word' id='word_1_682' title='bbox 2913 3476 3021 3515; x_wconf 91' lang='lat' dir='ltr'><strong>non</strong></span> <span class='ocrx_word' id='word_1_683' title='bbox 3055 3468 3267 3530; x_wconf 89' lang='lat' dir='ltr'><strong>putant,</strong></span> <span class='ocrx_word' id='word_1_684' title='bbox 3303 3461 3397 3516; x_wconf 89' lang='lat' dir='ltr'><strong>sed</strong></span> <span class='ocrx_word' id='word_1_685' title='bbox 3423 3461 3589 3514; x_wconf 90' lang='lat' dir='ltr'><strong>aliam</strong></span> 
     </span>
    </p>
   </div>
   <div class='ocr_carea' id='block_1_93' title="bbox 2015 3552 3591 3623">
    <p class='ocr_par' dir='ltr' id='par_1_93' title="bbox 2015 3552 3591 3623">
     <span class='ocr_line' id='line_1_94' title="bbox 2015 3552 3591 3623; baseline -0.002 -16"><span class='ocrx_word' id='word_1_686' title='bbox 2015 3570 2046 3607; x_wconf 90' lang='lat' dir='ltr'><strong>a</strong></span> <span class='ocrx_word' id='word_1_687' title='bbox 2088 3553 2198 3608; x_wconf 83' lang='lat' dir='ltr'><strong>Deo</strong></span> <span class='ocrx_word' id='word_1_688' title='bbox 2236 3553 2289 3608; x_wconf 90' lang='lat' dir='ltr'><strong>in</strong></span> <span class='ocrx_word' id='word_1_689' title='bbox 2313 3554 2434 3623; x_wconf 87' lang='lat' dir='ltr'><strong>ejus</strong></span> <span class='ocrx_word' id='word_1_690' title='bbox 2465 3554 2644 3607; x_wconf 88' lang='lat' dir='ltr'><strong>locum</strong></span> <span class='ocrx_word' id='word_1_691' title='bbox 2678 3552 2974 3608; x_wconf 89' lang='lat' dir='ltr'><strong>substitui:</strong></span> <span class='ocrx_word' id='word_1_692' title='bbox 3017 3568 3199 3607; x_wconf 89' lang='lat' dir='ltr'><strong>nonne</strong></span> <span class='ocrx_word' id='word_1_693' title='bbox 3243 3552 3383 3606; x_wconf 88' lang='lat' dir='ltr'><strong>hanc</strong></span> <span class='ocrx_word' id='word_1_694' title='bbox 3415 3552 3591 3622; x_wconf 78' lang='lat' dir='ltr'><strong>ipsam</strong></span> 
     </span>
    </p>
   </div>
   <div class='ocr_carea' id='block_1_94' title="bbox 2016 3642 3593 3713">
    <p class='ocr_par' dir='ltr' id='par_1_94' title="bbox 2016 3642 3593 3713">
     <span class='ocr_line' id='line_1_95' title="bbox 2016 3642 3593 3713; baseline -0.003 -16"><span class='ocrx_word' id='word_1_695' title='bbox 2016 3644 2326 3713; x_wconf 82' lang='lat' dir='ltr'><strong>Opinionem</strong></span> <span class='ocrx_word' id='word_1_696' title='bbox 2357 3650 2588 3697; x_wconf 57' lang='lat' dir='ltr'><strong>exteras</strong></span> <span class='ocrx_word' id='word_1_697' title='bbox 2630 3657 2820 3696; x_wconf 89' lang='lat' dir='ltr'><strong>onmes</strong></span> <span class='ocrx_word' id='word_1_698' title='bbox 2866 3642 3161 3712; x_wconf 85' lang='lat' dir='ltr'><strong>inipietate-</strong></span> <span class='ocrx_word' id='word_1_699' title='bbox 3193 3657 3478 3712; x_wconf 88' lang='lat' dir='ltr'><strong>superare,</strong></span> <span class='ocrx_word' id='word_1_700' title='bbox 3529 3656 3593 3693; x_wconf 86' lang='lat' dir='ltr'><strong>ac</strong></span> 
     </span>
    </p>
   </div>
   <div class='ocr_carea' id='block_1_95' title="bbox 2016 3731 3593 3806">
    <p class='ocr_par' dir='ltr' id='par_1_95' title="bbox 2016 3731 3593 3806">
     <span class='ocr_line' id='line_1_96' title="bbox 2016 3731 3593 3806; baseline -0.003 -18"><span class='ocrx_word' id='word_1_701' title='bbox 2016 3734 2298 3806; x_wconf 78' lang='lat' dir='ltr'><strong>gentilium</strong></span> <span class='ocrx_word' id='word_1_702' title='bbox 2325 3734 2487 3788; x_wconf 90' lang='lat' dir='ltr'><strong>etiam</strong></span> <span class='ocrx_word' id='word_1_703' title='bbox 2515 3732 2794 3788; x_wconf 88' lang='lat' dir='ltr'><strong>erroribus</strong></span> <span class='ocrx_word' id='word_1_704' title='bbox 2819 3732 3197 3787; x_wconf 87' lang='lat' dir='ltr'><strong>absurdiorem</strong></span> <span class='ocrx_word' id='word_1_705' title='bbox 3224 3748 3348 3787; x_wconf 90' lang='lat' dir='ltr'><strong>esse</strong></span> <span class='ocrx_word' id='word_1_706' title='bbox 3374 3731 3593 3801; x_wconf 41' lang='lat' dir='ltr'><strong>putabis</strong></span> 
     </span>
    </p>
   </div>
   <div class='ocr_carea' id='block_1_96' title="bbox 2019 3823 3593 3895">
    <p class='ocr_par' dir='ltr' id='par_1_96' title="bbox 2019 3823 3593 3895">
     <span class='ocr_line' id='line_1_97' title="bbox 2019 3823 3593 3895; baseline -0.003 -16"><span class='ocrx_word' id='word_1_707' title='bbox 2019 3824 2176 3880; x_wconf 88' lang='lat' dir='ltr'><strong>mus?</strong></span> <span class='ocrx_word' id='word_1_708' title='bbox 2212 3824 2268 3878; x_wconf 92' lang='lat' dir='ltr'><strong>In</strong></span> <span class='ocrx_word' id='word_1_709' title='bbox 2298 3824 2488 3895; x_wconf 89' lang='lat' dir='ltr'><strong>primis</strong></span> <span class='ocrx_word' id='word_1_710' title='bbox 2521 3823 2665 3880; x_wconf 87' lang='lat' dir='ltr'><strong>enim</strong></span> <span class='ocrx_word' id='word_1_711' title='bbox 2716 3824 2761 3878; x_wconf 90' lang='lat' dir='ltr'><strong>si</strong></span> <span class='ocrx_word' id='word_1_712' title='bbox 2812 3824 2923 3877; x_wconf 86' lang='lat' dir='ltr'><strong>alia</strong></span> <span class='ocrx_word' id='word_1_713' title='bbox 2962 3824 3207 3893; x_wconf 68' lang='lat' dir='ltr'><strong>quaedam</strong></span> <span class='ocrx_word' id='word_1_714' title='bbox 3258 3840 3341 3879; x_wconf 25' lang='lat' dir='ltr'><strong>ex-r</strong></span> <span class='ocrx_word' id='word_1_715' title='bbox 3378 3823 3593 3877; x_wconf 90' lang='lat' dir='ltr'><strong>illorum</strong></span> 
     </span>
    </p>
   </div>
   <div class='ocr_carea' id='block_1_97' title="bbox 2017 3911 3591 3984">
    <p class='ocr_par' dir='ltr' id='par_1_97' title="bbox 2017 3911 3591 3984">
     <span class='ocr_line' id='line_1_98' title="bbox 2017 3911 3591 3984; baseline -0.004 -16"><span class='ocrx_word' id='word_1_716' title='bbox 2017 3914 2275 3984; x_wconf 81' lang='lat' dir='ltr'><strong>opinione</strong></span> <span class='ocrx_word' id='word_1_717' title='bbox 2321 3928 2451 3969; x_wconf 88' lang='lat' dir='ltr'><strong>caro</strong></span> <span class='ocrx_word' id='word_1_718' title='bbox 2501 3912 2554 3967; x_wconf 89' lang='lat' dir='ltr'><strong>in</strong></span> <span class='ocrx_word' id='word_1_719' title='bbox 2594 3912 2760 3982; x_wconf 88' lang='lat' dir='ltr'><strong>hujus</strong></span> <span class='ocrx_word' id='word_1_720' title='bbox 2812 3920 3015 3967; x_wconf 57' lang='lat' dir='ltr'><strong>nostrai</strong></span> <span class='ocrx_word' id='word_1_721' title='bbox 3069 3913 3248 3967; x_wconf 90' lang='lat' dir='ltr'><strong>locum</strong></span> <span class='ocrx_word' id='word_1_722' title='bbox 3300 3911 3591 3975; x_wconf 89' lang='lat' dir='ltr'><strong>succedit;</strong></span> 
     </span>
    </p>
   </div>
   <div class='ocr_carea' id='block_1_98' title="bbox 2022 4002 3596 4073">
    <p class='ocr_par' dir='ltr' id='par_1_98' title="bbox 2022 4002 3596 4073">
     <span class='ocr_line' id='line_1_99' title="bbox 2022 4002 3596 4073; baseline -0.003 -14"><span class='ocrx_word' id='word_1_723' title='bbox 2022 4004 2243 4059; x_wconf 90' lang='lat' dir='ltr'><strong>minime</strong></span> <span class='ocrx_word' id='word_1_724' title='bbox 2262 4003 2473 4072; x_wconf 90' lang='lat' dir='ltr'><strong>justum</strong></span> <span class='ocrx_word' id='word_1_725' title='bbox 2500 4012 2586 4058; x_wconf 91' lang='lat' dir='ltr'><strong>est</strong></span> <span class='ocrx_word' id='word_1_726' title='bbox 2609 4002 2702 4058; x_wconf 90' lang='lat' dir='ltr'><strong>Dei</strong></span> <span class='ocrx_word' id='word_1_727' title='bbox 2725 4004 3012 4073; x_wconf 82' lang='lat' dir='ltr'><strong>judicium,</strong></span> <span class='ocrx_word' id='word_1_728' title='bbox 3040 4004 3131 4073; x_wconf 89' lang='lat' dir='ltr'><strong>qui</strong></span> <span class='ocrx_word' id='word_1_729' title='bbox 3164 4012 3259 4055; x_wconf 88' lang='lat' dir='ltr'><strong>aut</strong></span> <span class='ocrx_word' id='word_1_730' title='bbox 3284 4004 3445 4055; x_wconf 88' lang='lat' dir='ltr'><strong>aliam</strong></span> <span class='ocrx_word' id='word_1_731' title='bbox 3476 4016 3596 4055; x_wconf 79' lang='lat' dir='ltr'><strong>car-</strong></span> 
     </span>
    </p>
   </div>
   <div class='ocr_carea' id='block_1_99' title="bbox 2022 4092 3596 4163">
    <p class='ocr_par' dir='ltr' id='par_1_99' title="bbox 2022 4092 3596 4163">
     <span class='ocr_line' id='line_1_100' title="bbox 2022 4092 3596 4163; baseline -0.003 -15"><span class='ocrx_word' id='word_1_732' title='bbox 2022 4110 2144 4149; x_wconf 88' lang='lat' dir='ltr'><strong>nem</strong></span> <span class='ocrx_word' id='word_1_733' title='bbox 2184 4110 2283 4163; x_wconf 90' lang='lat' dir='ltr'><strong>pro</strong></span> <span class='ocrx_word' id='word_1_734' title='bbox 2314 4110 2376 4148; x_wconf 89' lang='lat' dir='ltr'><strong>ea</strong></span> <span class='ocrx_word' id='word_1_735' title='bbox 2403 4110 2524 4163; x_wconf 67' lang='lat' dir='ltr'><strong>qua:</strong></span> <span class='ocrx_word' id='word_1_736' title='bbox 2559 4095 2883 4163; x_wconf 88' lang='lat' dir='ltr'><strong>peccaverit,</strong></span> <span class='ocrx_word' id='word_1_737' title='bbox 2936 4093 3282 4160; x_wconf 85' lang='lat' dir='ltr'><strong>condemnet,</strong></span> <span class='ocrx_word' id='word_1_738' title='bbox 3314 4102 3407 4145; x_wconf 88' lang='lat' dir='ltr'><strong>aut</strong></span> <span class='ocrx_word' id='word_1_739' title='bbox 3448 4092 3596 4145; x_wconf 89' lang='lat' dir='ltr'><strong>aliud</strong></span> 
     </span>
    </p>
   </div>
   <div class='ocr_carea' id='block_1_100' title="bbox 2023 4184 3597 4254">
    <p class='ocr_par' dir='ltr' id='par_1_100' title="bbox 2023 4184 3597 4254">
     <span class='ocr_line' id='line_1_101' title="bbox 2023 4184 3597 4254; baseline -0.003 -14"><span class='ocrx_word' id='word_1_740' title='bbox 2023 4200 2225 4253; x_wconf 90' lang='lat' dir='ltr'><strong>corpus</strong></span> <span class='ocrx_word' id='word_1_741' title='bbox 2266 4184 2334 4238; x_wconf 90' lang='lat' dir='ltr'><strong>ad</strong></span> <span class='ocrx_word' id='word_1_742' title='bbox 2367 4185 2607 4239; x_wconf 74' lang='lat' dir='ltr'><strong>cmlestis</strong></span> <span class='ocrx_word' id='word_1_743' title='bbox 2638 4185 2949 4254; x_wconf 89' lang='lat' dir='ltr'><strong>patrimonii</strong></span> <span class='ocrx_word' id='word_1_744' title='bbox 2992 4186 3220 4254; x_wconf 84' lang='lat' dir='ltr'><strong>gloriam</strong></span> <span class='ocrx_word' id='word_1_745' title='bbox 3257 4197 3597 4253; x_wconf 81' lang='lat' dir='ltr'><strong>regnumque</strong></span> 
     </span>
    </p>
   </div>
   <div class='ocr_carea' id='block_1_101' title="bbox 2024 4273 3593 4346">
    <p class='ocr_par' dir='ltr' id='par_1_101' title="bbox 2024 4273 3593 4346">
     <span class='ocr_line' id='line_1_102' title="bbox 2024 4273 3593 4346; baseline -0.002 -16"><span class='ocrx_word' id='word_1_746' title='bbox 2024 4275 2304 4345; x_wconf 87' lang='lat' dir='ltr'><strong>perducat,</strong></span> <span class='ocrx_word' id='word_1_747' title='bbox 2333 4291 2495 4344; x_wconf 89' lang='lat' dir='ltr'><strong>quam</strong></span> <span class='ocrx_word' id='word_1_748' title='bbox 2532 4276 2663 4329; x_wconf 83' lang='lat' dir='ltr'><strong>illud</strong></span> <span class='ocrx_word' id='word_1_749' title='bbox 2700 4276 2878 4345; x_wconf 89' lang='lat' dir='ltr'><strong>ipsum</strong></span> <span class='ocrx_word' id='word_1_750' title='bbox 2911 4278 3054 4346; x_wconf 87' lang='lat' dir='ltr'><strong>quod</strong></span> <span class='ocrx_word' id='word_1_751' title='bbox 3090 4275 3340 4345; x_wconf 81' lang='lat' dir='ltr'><strong>jejuniis,</strong></span> <span class='ocrx_word' id='word_1_752' title='bbox 3371 4273 3593 4343; x_wconf 82' lang='lat' dir='ltr'><strong>vigiliis,</strong></span> 
     </span>
    </p>
   </div>
   <div class='ocr_carea' id='block_1_102' title="bbox 2026 4365 3604 4432">
    <p class='ocr_par' dir='ltr' id='par_1_102' title="bbox 2026 4365 3604 4432">
     <span class='ocr_line' id='line_1_103' title="bbox 2026 4365 3604 4432; baseline -0.003 -12"><span class='ocrx_word' id='word_1_753' title='bbox 2026 4368 2477 4423; x_wconf 87' lang='lat' dir='ltr'><strong>insectationibus</strong></span> <span class='ocrx_word' id='word_1_754' title='bbox 2507 4366 2600 4422; x_wconf 87' lang='lat' dir='ltr'><strong>Dei</strong></span> <span class='ocrx_word' id='word_1_755' title='bbox 2634 4378 2719 4423; x_wconf 87' lang='lat' dir='ltr'><strong>est</strong></span> <span class='ocrx_word' id='word_1_756' title='bbox 2746 4384 2912 4424; x_wconf 86' lang='lat' dir='ltr'><strong>causa</strong></span> <span class='ocrx_word' id='word_1_757' title='bbox 2944 4367 3333 4424; x_wconf 83' lang='lat' dir='ltr'><strong>conﬂictatum.</strong></span> <span class='ocrx_word' id='word_1_758' title='bbox 3361 4365 3604 4432; x_wconf 81' lang='lat' dir='ltr'><strong>Quinam</strong></span> 
     </span>
    </p>
   </div>
   <div class='ocr_carea' id='block_1_103' title="bbox 2025 4456 3598 4528">
    <p class='ocr_par' dir='ltr' id='par_1_103' title="bbox 2025 4456 3598 4528">
     <span class='ocr_line' id='line_1_104' title="bbox 2025 4456 3598 4528; baseline -0.003 -17"><span class='ocrx_word' id='word_1_759' title='bbox 2025 4472 2154 4512; x_wconf 87' lang='lat' dir='ltr'><strong>vero</strong></span> <span class='ocrx_word' id='word_1_760' title='bbox 2193 4460 2468 4521; x_wconf 89' lang='lat' dir='ltr'><strong>convenit,</strong></span> <span class='ocrx_word' id='word_1_761' title='bbox 2502 4467 2559 4512; x_wconf 90' lang='lat' dir='ltr'><strong>ut</strong></span> <span class='ocrx_word' id='word_1_762' title='bbox 2591 4460 2706 4515; x_wconf 89' lang='lat' dir='ltr'><strong>sola</strong></span> <span class='ocrx_word' id='word_1_763' title='bbox 2740 4459 2921 4513; x_wconf 88' lang='lat' dir='ltr'><strong>anima</strong></span> <span class='ocrx_word' id='word_1_764' title='bbox 2952 4460 3070 4515; x_wconf 90' lang='lat' dir='ltr'><strong>sine</strong></span> <span class='ocrx_word' id='word_1_765' title='bbox 3098 4458 3307 4528; x_wconf 83' lang='lat' dir='ltr'><strong>peccati</strong></span> <span class='ocrx_word' id='word_1_766' title='bbox 3330 4456 3505 4512; x_wconf 78' lang='lat' dir='ltr'><strong>socio</strong></span> <span class='ocrx_word' id='word_1_767' title='bbox 3535 4471 3598 4507; x_wconf 84' lang='lat' dir='ltr'><strong>ae</strong></span> 
     </span>
    </p>
   </div>
   <div class='ocr_carea' id='block_1_104' title="bbox 2026 4544 3598 4617">
    <p class='ocr_par' dir='ltr' id='par_1_104' title="bbox 2026 4544 3598 4617">
     <span class='ocr_line' id='line_1_105' title="bbox 2026 4544 3598 4617; baseline -0.004 -17"><span class='ocrx_word' id='word_1_768' title='bbox 2026 4547 2291 4617; x_wconf 89' lang='lat' dir='ltr'><strong>participe</strong></span> <span class='ocrx_word' id='word_1_769' title='bbox 2333 4548 2763 4603; x_wconf 80' lang='lat' dir='ltr'><strong>condemnetur?</strong></span> <span class='ocrx_word' id='word_1_770' title='bbox 2808 4556 2865 4600; x_wconf 88' lang='lat' dir='ltr'><strong>ut</strong></span> <span class='ocrx_word' id='word_1_771' title='bbox 2901 4548 3135 4601; x_wconf 65' lang='lat' dir='ltr'><strong>haereses</strong></span> <span class='ocrx_word' id='word_1_772' title='bbox 3179 4546 3296 4601; x_wconf 75' lang='lat' dir='ltr'><strong>ista:</strong></span> <span class='ocrx_word' id='word_1_773' title='bbox 3341 4544 3442 4599; x_wconf 85' lang='lat' dir='ltr'><strong>sibi</strong></span> <span class='ocrx_word' id='word_1_774' title='bbox 3478 4558 3598 4611; x_wconf 88' lang='lat' dir='ltr'><strong>per-</strong></span> 
     </span>
    </p>
   </div>
   <div class='ocr_carea' id='block_1_105' title="bbox 2026 4634 3599 4709">
    <p class='ocr_par' dir='ltr' id='par_1_105' title="bbox 2026 4634 3599 4709">
     <span class='ocr_line' id='line_1_106' title="bbox 2026 4634 3599 4709; baseline -0.004 -16"><span class='ocrx_word' id='word_1_775' title='bbox 2026 4637 2279 4693; x_wconf 86' lang='lat' dir='ltr'><strong>suadent.</strong></span> <span class='ocrx_word' id='word_1_776' title='bbox 2338 4638 2531 4693; x_wconf 84' lang='lat' dir='ltr'><strong>Mcrito</strong></span> <span class='ocrx_word' id='word_1_777' title='bbox 2562 4640 2763 4709; x_wconf 86' lang='lat' dir='ltr'><strong>quippe</strong></span> <span class='ocrx_word' id='word_1_778' title='bbox 2800 4638 2891 4694; x_wconf 90' lang='lat' dir='ltr'><strong>Dei</strong></span> <span class='ocrx_word' id='word_1_779' title='bbox 2920 4638 3129 4707; x_wconf 89' lang='lat' dir='ltr'><strong>judicio</strong></span> <span class='ocrx_word' id='word_1_780' title='bbox 3158 4635 3429 4707; x_wconf 89' lang='lat' dir='ltr'><strong>ejusmodi</strong></span> <span class='ocrx_word' id='word_1_781' title='bbox 3462 4634 3599 4687; x_wconf 84' lang='lat' dir='ltr'><strong>resi-</strong></span> 
     </span>
    </p>
   </div>
   <div class='ocr_carea' id='block_1_106' title="bbox 2024 4725 3597 4799">
    <p class='ocr_par' dir='ltr' id='par_1_106' title="bbox 2024 4725 3597 4799">
     <span class='ocr_line' id='line_1_107' title="bbox 2024 4725 3597 4799; baseline -0.006 -14"><span class='ocrx_word' id='word_1_782' title='bbox 2024 4740 2171 4785; x_wconf 87' lang='lat' dir='ltr'><strong>stere</strong></span> <span class='ocrx_word' id='word_1_783' title='bbox 2195 4729 2391 4797; x_wconf 90' lang='lat' dir='ltr'><strong>poterit</strong></span> <span class='ocrx_word' id='word_1_784' title='bbox 2414 4729 2616 4792; x_wconf 89' lang='lat' dir='ltr'><strong>anima,</strong></span> <span class='ocrx_word' id='word_1_785' title='bbox 2646 4746 2709 4783; x_wconf 85' lang='lat' dir='ltr'><strong>ac</strong></span> <span class='ocrx_word' id='word_1_786' title='bbox 2730 4730 2977 4799; x_wconf 87' lang='lat' dir='ltr'><strong>corporis</strong></span> <span class='ocrx_word' id='word_1_787' title='bbox 3012 4730 3224 4799; x_wconf 90' lang='lat' dir='ltr'><strong>propria</strong></span> <span class='ocrx_word' id='word_1_788' title='bbox 3252 4743 3373 4784; x_wconf 81' lang='lat' dir='ltr'><strong>esse</strong></span> <span class='ocrx_word' id='word_1_789' title='bbox 3403 4725 3597 4779; x_wconf 81' lang='lat' dir='ltr'><strong>delicta</strong></span> 
     </span>
    </p>
   </div>
   <div class='ocr_carea' id='block_1_107' title="bbox 2024 4816 3601 4888">
    <p class='ocr_par' dir='ltr' id='par_1_107' title="bbox 2024 4816 3601 4888">
     <span class='ocr_line' id='line_1_108' title="bbox 2024 4816 3601 4888; baseline -0.006 -15"><span class='ocrx_word' id='word_1_790' title='bbox 2024 4819 2261 4873; x_wconf 86' lang='lat' dir='ltr'><strong>causari.</strong></span> <span class='ocrx_word' id='word_1_791' title='bbox 2295 4818 2479 4888; x_wconf 82' lang='lat' dir='ltr'><strong>Neque</strong></span> <span class='ocrx_word' id='word_1_792' title='bbox 2510 4820 2751 4875; x_wconf 87' lang='lat' dir='ltr'><strong>rationes</strong></span> <span class='ocrx_word' id='word_1_793' title='bbox 2786 4820 2835 4873; x_wconf 88' lang='lat' dir='ltr'><strong>ei</strong></span> <span class='ocrx_word' id='word_1_794' title='bbox 2874 4834 2937 4873; x_wconf 86' lang='lat' dir='ltr'><strong>ac</strong></span> <span class='ocrx_word' id='word_1_795' title='bbox 2976 4819 3315 4872; x_wconf 86' lang='lat' dir='ltr'><strong>ﬁrmamenta</strong></span> <span class='ocrx_word' id='word_1_796' title='bbox 3347 4816 3601 4874; x_wconf 85' lang='lat' dir='ltr'><strong>deerunt,-</strong></span> 
     </span>
    </p>
   </div>
   <div class='ocr_carea' id='block_1_108' title="bbox 2027 4911 3609 4982">
    <p class='ocr_par' dir='ltr' id='par_1_108' title="bbox 2027 4911 3609 4982">
     <span class='ocr_line' id='line_1_109' title="bbox 2027 4911 3609 4982; baseline -0.005 -15"><span class='ocrx_word' id='word_1_797' title='bbox 2027 4911 2076 4967; x_wconf 67' lang='grc' dir='ltr'>εἰ</span> <span class='ocrx_word' id='word_1_798' title='bbox 2114 4911 2332 4968; x_wconf 83' lang='lat' dir='ltr'><strong>illorum</strong></span> <span class='ocrx_word' id='word_1_799' title='bbox 2375 4911 2569 4981; x_wconf 88' lang='lat' dir='ltr'><strong>dogma</strong></span> <span class='ocrx_word' id='word_1_800' title='bbox 2598 4911 2740 4981; x_wconf 73' lang='lat' dir='ltr'><strong>quod</strong></span> <span class='ocrx_word' id='word_1_801' title='bbox 2781 4911 3077 4982; x_wconf 83' lang='lat' dir='ltr'><strong>pertinacia</strong></span> <span class='ocrx_word' id='word_1_802' title='bbox 3119 4911 3292 4982; x_wconf 76' lang='lat' dir='ltr'><strong>magis</strong></span> <span class='ocrx_word' id='word_1_803' title='bbox 3324 4924 3484 4981; x_wconf 84' lang='lat' dir='ltr'><strong>quant</strong></span> <span class='ocrx_word' id='word_1_804' title='bbox 3509 4918 3609 4960; x_wconf 43' lang='lat' dir='ltr'><strong>vc--</strong></span> 
     </span>
    </p>
   </div>
   <div class='ocr_carea' id='block_1_109' title="bbox 2027 5236 3613 5293">
    <p class='ocr_par' dir='ltr' id='par_1_109' title="bbox 2027 5236 3613 5293">
     <span class='ocr_line' id='line_1_110' title="bbox 2027 5236 3613 5293; baseline 0.001 -2"><span class='ocrx_word' id='word_1_805' title='bbox 2027 5238 2155 5291; x_wconf 90' lang='lat' dir='ltr'><strong>item</strong></span> <span class='ocrx_word' id='word_1_806' title='bbox 2186 5251 2253 5291; x_wconf 81' lang='lat' dir='ltr'><strong>ex</strong></span> <span class='ocrx_word' id='word_1_807' title='bbox 2298 5237 2395 5291; x_wconf 90' lang='lat' dir='ltr'><strong>lib.</strong></span> <span class='ocrx_word' id='word_1_808' title='bbox 2434 5236 2508 5289; x_wconf 85' lang='lat' dir='ltr'><strong>De</strong></span> <span class='ocrx_word' id='word_1_809' title='bbox 2550 5237 2929 5290; x_wconf 77' lang='lat' dir='ltr'><strong>resurrectione</strong></span> <span class='ocrx_word' id='word_1_810' title='bbox 2973 5236 3227 5291; x_wconf 83' lang='lat' dir='ltr'><strong>Methodii</strong></span> <span class='ocrx_word' id='word_1_811' title='bbox 3278 5236 3613 5293; x_wconf 85' lang='lat' dir='ltr'><strong>Patarorum</strong></span> 
     </span>
    </p>
   </div>
   <div class='ocr_carea' id='block_1_110' title="bbox 2026 5305 3595 5377">
    <p class='ocr_par' dir='ltr' id='par_1_110' title="bbox 2026 5305 3595 5377">
     <span class='ocr_line' id='line_1_111' title="bbox 2026 5305 3595 5377; baseline -0.001 -18"><span class='ocrx_word' id='word_1_812' title='bbox 2026 5308 2283 5377; x_wconf 85' lang='lat' dir='ltr'><strong>primum,</strong></span> <span class='ocrx_word' id='word_1_813' title='bbox 2332 5307 2527 5377; x_wconf 84' lang='lat' dir='ltr'><strong>deinde</strong></span> <span class='ocrx_word' id='word_1_814' title='bbox 2582 5305 2716 5377; x_wconf 87' lang='lat' dir='ltr'><strong>Tyri</strong></span> <span class='ocrx_word' id='word_1_815' title='bbox 2769 5307 3033 5375; x_wconf 79' lang='lat' dir='ltr'><strong>episeopi,</strong></span> <span class='ocrx_word' id='word_1_816' title='bbox 3069 5308 3161 5375; x_wconf 90' lang='lat' dir='ltr'><strong>qui</strong></span> <span class='ocrx_word' id='word_1_817' title='bbox 3216 5324 3321 5361; x_wconf 90' lang='lat' dir='ltr'><strong>non</strong></span> <span class='ocrx_word' id='word_1_818' title='bbox 3370 5308 3595 5377; x_wconf 78' lang='lat' dir='ltr'><strong>longea</strong></span> 
     </span>
    </p>
   </div>
   <div class='ocr_carea' id='block_1_111' title="bbox 2026 5376 3596 5446">
    <p class='ocr_par' dir='ltr' id='par_1_111' title="bbox 2026 5376 3596 5446">
     <span class='ocr_line' id='line_1_112' title="bbox 2026 5376 3596 5446; baseline -0.003 -17"><span class='ocrx_word' id='word_1_819' title='bbox 2026 5376 2364 5445; x_wconf 84' lang='lat' dir='ltr'><strong>temporibus</strong></span> <span class='ocrx_word' id='word_1_820' title='bbox 2417 5376 2668 5446; x_wconf 83' lang='lat' dir='ltr'><strong>Origcnis</strong></span> <span class='ocrx_word' id='word_1_821' title='bbox 2718 5377 2888 5446; x_wconf 80' lang='lat' dir='ltr'><strong>vixit;</strong></span> <span class='ocrx_word' id='word_1_822' title='bbox 2936 5377 3161 5431; x_wconf 83' lang='lat' dir='ltr'><strong>ﬂorebat</strong></span> <span class='ocrx_word' id='word_1_823' title='bbox 3206 5379 3352 5431; x_wconf 90' lang='lat' dir='ltr'><strong>enim</strong></span> <span class='ocrx_word' id='word_1_824' title='bbox 3394 5376 3596 5430; x_wconf 69' lang='lat' dir='ltr'><strong>sazeulo</strong></span> 
     </span>
    </p>
   </div>
   <div class='ocr_carea' id='block_1_112' title="bbox 2028 5445 3591 5516">
    <p class='ocr_par' dir='ltr' id='par_1_112' title="bbox 2028 5445 3591 5516">
     <span class='ocr_line' id='line_1_113' title="bbox 2028 5445 3591 5516; baseline -0.003 -17"><span class='ocrx_word' id='word_1_825' title='bbox 2028 5447 2285 5501; x_wconf 66' lang='lat' dir='ltr'><strong>Ecclesiae</strong></span> <span class='ocrx_word' id='word_1_826' title='bbox 2330 5447 2492 5501; x_wconf 88' lang='lat' dir='ltr'><strong>tertio</strong></span> <span class='ocrx_word' id='word_1_827' title='bbox 2521 5445 2788 5501; x_wconf 75' lang='lat' dir='ltr'><strong>exeunte.</strong></span> <span class='ocrx_word' id='word_1_828' title='bbox 2822 5445 3015 5516; x_wconf 82' lang='lat' dir='ltr'><strong>Negat</strong></span> <span class='ocrx_word' id='word_1_829' title='bbox 3048 5461 3209 5501; x_wconf 90' lang='lat' dir='ltr'><strong>nemo</strong></span> <span class='ocrx_word' id='word_1_830' title='bbox 3240 5445 3591 5516; x_wconf 71' lang='lat' dir='ltr'><strong>implicatam,</strong></span> 
     </span>
    </p>
   </div>
   <div class='ocr_carea' id='block_1_113' title="bbox 2027 5511 3593 5585">
    <p class='ocr_par' dir='ltr' id='par_1_113' title="bbox 2027 5511 3593 5585">
     <span class='ocr_line' id='line_1_114' title="bbox 2027 5511 3593 5585; baseline -0.002 -16"><span class='ocrx_word' id='word_1_831' title='bbox 2027 5516 2338 5580; x_wconf 88' lang='lat' dir='ltr'><strong>obscuram,</strong></span> <span class='ocrx_word' id='word_1_832' title='bbox 2381 5516 2700 5585; x_wconf 84' lang='lat' dir='ltr'><strong>ambagibus</strong></span> <span class='ocrx_word' id='word_1_833' title='bbox 2752 5511 3008 5585; x_wconf 70' lang='lat' dir='ltr'><strong>repletam</strong></span> <span class='ocrx_word' id='word_1_834' title='bbox 3063 5511 3593 5585; x_wconf 57' lang='lat' dir='ltr'><strong>inveniri&#39;Origenis</strong></span> 
     </span>
    </p>
   </div>
   <div class='ocr_carea' id='block_1_114' title="bbox 2027 5581 3589 5653">
    <p class='ocr_par' dir='ltr' id='par_1_114' title="bbox 2027 5581 3589 5653">
     <span class='ocr_line' id='line_1_115' title="bbox 2027 5581 3589 5653; baseline -0.001 -16"><span class='ocrx_word' id='word_1_835' title='bbox 2027 5585 2096 5639; x_wconf 88' lang='lat' dir='ltr'><strong>de</strong></span> <span class='ocrx_word' id='word_1_836' title='bbox 2129 5581 2876 5641; x_wconf 57' lang='lat' dir='ltr'><strong>resurrectione&#39;doctrina&#39;m</strong></span> <span class='ocrx_word' id='word_1_837' title='bbox 2924 5587 2975 5639; x_wconf 93' lang='lat' dir='ltr'><strong>in</strong></span> <span class='ocrx_word' id='word_1_838' title='bbox 3018 5586 3323 5653; x_wconf 57' lang='lat' dir='ltr'><strong>ipsiusnier</strong></span> <span class='ocrx_word' id='word_1_839' title='bbox 3349 5581 3589 5653; x_wconf 86' lang='lat' dir='ltr'><strong>scriptis,</strong></span> 
     </span>
    </p>
   </div>
   <div class='ocr_carea' id='block_1_115' title="bbox 2027 5650 3607 5725">
    <p class='ocr_par' dir='ltr' id='par_1_115' title="bbox 2027 5650 3607 5725">
     <span class='ocr_line' id='line_1_116' title="bbox 2027 5650 3607 5725; baseline -0.003 -17"><span class='ocrx_word' id='word_1_840' title='bbox 2027 5656 2209 5725; x_wconf 90' lang='lat' dir='ltr'><strong>qualia</strong></span> <span class='ocrx_word' id='word_1_841' title='bbox 2260 5656 2322 5710; x_wconf 88' lang='lat' dir='ltr'><strong>ad</strong></span> <span class='ocrx_word' id='word_1_842' title='bbox 2356 5666 2619 5725; x_wconf 12' lang='lat' dir='ltr'><strong>fnestram</strong></span> <span class='ocrx_word' id='word_1_843' title='bbox 2662 5670 2953 5725; x_wconf 67' lang='lat' dir='ltr'><strong>pervenere</strong></span> <span class='ocrx_word' id='word_1_844' title='bbox 3000 5650 3233 5707; x_wconf 64' lang='lat' dir='ltr'><strong>cuiatem.</strong></span> <span class='ocrx_word' id='word_1_845' title='bbox 3291 5651 3408 5715; x_wconf 79' lang='lat' dir='ltr'><strong>Qua</strong></span> <span class='ocrx_word' id='word_1_846' title='bbox 3438 5650 3505 5706; x_wconf 85' lang='lat' dir='ltr'><strong>de</strong></span> <span class='ocrx_word' id='word_1_847' title='bbox 3530 5665 3607 5706; x_wconf 75' lang='lat' dir='ltr'><strong>te.</strong></span> 
     </span>
    </p>
   </div>
   <div class='ocr_carea' id='block_1_116' title="bbox 2030 5724 3423 5797">
    <p class='ocr_par' dir='ltr' id='par_1_116' title="bbox 2030 5724 3423 5797">
     <span class='ocr_line' id='line_1_117' title="bbox 2030 5724 3423 5797; baseline -0.003 -18"><span class='ocrx_word' id='word_1_848' title='bbox 2030 5724 2295 5782; x_wconf 85' lang='lat' dir='ltr'><strong>adeantur</strong></span> <span class='ocrx_word' id='word_1_849' title='bbox 2325 5724 2503 5781; x_wconf 89' lang='lat' dir='ltr'><strong>lluctii</strong></span> <span class='ocrx_word' id='word_1_850' title='bbox 2552 5727 2871 5797; x_wconf 83' lang='lat' dir='ltr'><strong>Origcniaua</strong></span> <span class='ocrx_word' id='word_1_851' title='bbox 2896 5724 2989 5778; x_wconf 88' lang='lat' dir='ltr'><strong>lib.</strong></span> <span class='ocrx_word' id='word_1_852' title='bbox 3026 5738 3088 5791; x_wconf 86' lang='grc' dir='ltr'>ιι,</span> <span class='ocrx_word' id='word_1_853' title='bbox 3120 5727 3309 5791; x_wconf 51' lang='lat' dir='ltr'><strong>quant.</strong></span> <span class='ocrx_word' id='word_1_854' title='bbox 3348 5735 3423 5775; x_wconf 76' lang='lat' dir='ltr'><strong>ix.</strong></span> 
     </span>
    </p>
   </div>
  </div>
