4018 6210
406 407 509 464 ΠΕ)
1771 397 1830 452 S.
1871 393 2212 451 EPIPIIANII
3566 391 3670 446 13:)

409 527 572 582 ritate
597 527 811 592 nititur,
848 525 1006 582 ﬁdem
1040 524 1202 578 ullam
1238 527 1513 577 mercatur
1545 541 1556 575 :
1585 518 1689 575 hoc
1716 519 1861 574 enim
1888 533 1986 588 pro
2015 568 2021 578 ,

2122 517 2216 569 ὖτε
2249 515 2566 587 ἐμοίχευσα,
2597 515 2698 568 οὐκ
2747 511 2969 580 ἔκλεψα,
2998 511 3100 564 οὐκ
3132 509 3418 579 ἐφόνευσα,
3453 506 3553 562 οὐκ
3589 509 3673 562 εί·-

412 632 472 674 se
501 624 684 688 potest
711 617 907 673 aﬂ'erre
929 635 943 670 :
969 614 1079 685 Ego
1109 628 1216 668 non
1243 610 1486 682 peccavi,
1531 611 1628 667 sed
1655 624 1858 681 corpus
1887 624 1991 666 :ex

2122 607 2528 678 ωλολάτρευσα,
2557 603 2618 658 οῦ
2648 622 2700 658 τι
2738 604 2848 658 τῶν
2879 601 3066 656 κακῶν
3098 603 3193 654 καὶ
3223 599 3536 671 ἀνηκέστων
3561 601 3676 671 εἱρ-

411 722 524 777 quo
555 709 699 764 enim
723 709 791 762 ab
815 723 880 763 eo
908 703 1159 770 discessi,
1196 702 1619 757 fornicationem
1645 701 1872 763 nullam,
1899 710 1994 755 aut

2122 701 2373 771 ἀσάμην.
2405 697 2511 753 Kal
2546 697 2768 767 εὔλογος
2807 695 3165 768 εὑρεθήσεται
3192 695 3227 765 ή
3263 693 3433 764 αὐτῆς
3473 692 3675 746 ἀπολο-

414 798 764 867 adulterium,
799 806 888 852 aut
934 797 1165 862 furtum,
1211 803 1306 850 aut
1357 793 1712 848 homicidium
1757 792 1992 858 admisi;

2122 793 2208 846 νεα.
2243 791 2497 860 Εὐλόγως
2525 790 2582 843 δὲ
2621 789 2791 859 αὐτῆς
2826 785 3292 857 ἀπολογουμένης,
3326 784 3380 838 τί
3403 784 3673 857 ἐροῦμενς

414 906 480 947 ac
523 891 674 946 nullo
712 906 799 946 me
842 885 1116 946 idolorum
1146 889 1320 952 cultu,
1351 893 1448 940 aut
1479 885 1691 942 caeteris
1736 885 1790 940 id
1824 900 1997 955 genus

2122 887 2297 956 Ἀργεῖ
2323 885 2432 955 ἄρα
2454 885 2488 954 ή
2525 882 2620 936 τοῦ
2650 881 2786 935 Θεοῦ
2820 881 3030 954 κρίσις;
3063 879 3178 932 ἀλλ’
3197 878 3398 941 ἀδίκως
3425 876 3679 948 ἐπιφέρει

371 1021 375 1023 -
415 985 753 1040 detestandis
800 984 1102 1039 sceleribus
1146 979 1437 1035 obstrinxi.
1485 978 1596 1034 Nec
1647 977 1854 1049 injusta
1900 979 1999 1033 de-

2122 976 2198 1047 r‘qv
2225 975 2394 1047 ὀργὴν
2425 975 2454 1026 ὁ
2488 974 2622 1038 Θεὸς
2644 971 2787 1027 κατά
2823 971 2934 1025 τῶν
2966 968 3296 1041 ἀνθρώπων;
3327 967 3400 1038 μὴ
3427 966 3676 1036 γένοιτοι

418 1077 589 1133 l'ensio
615 1077 718 1132 ista
751 1075 931 1130 fuerit.
958 1073 1094 1128 Cum
1129 1073 1244 1127 haec
1273 1070 1438 1142 igitur
1465 1070 1661 1126 merito
1689 1069 1758 1125 ad
1787 1069 1874 1127 sui
1918 1067 2327 1124 excusationem
2382 1067 2647 1135 attulerit,
2676 1066 2808 1137 quid
2873 1064 3153 1122 dicemus?
3189 1061 3271 1116 An
3328 1062 3564 1116 otiosum
3610 1073 3681 1112 ac

416 1183 885 1238 supervacaneum
917 1178 1000 1223 est
1038 1165 1132 1222 Dei
1172 1165 1591 1235 judicium?aut
1634 1163 1840 1234 injuste
1879 1177 2036 1218 suam
2093 1163 2149 1217 in
2225 1161 2474 1217 homines
2516 1159 2652 1214 iram
2708 1173 2963 1215 exercere
3011 1154 3285 1228 putandus
3342 1160 3427 1210 est
3488 1151 3679 1208 Deus?

416 1262 574 1317 Absit
599 1262 613 1315 ι

494 1349 825 1407 LXXXVIII.
865 1350 977 1408 Nos
1024 1350 1172 1406 enim
1219 1350 1426 1406 scimus
1472 1347 1608 1403 nihil
1655 1360 1764 1401 non
1808 1360 1840 1400 a
1888 1345 1997 1401 Deo

2175 1343 2308 1397 IIH'.
2347 1341 2582 1413 Οἴδαμεν
2619 1339 2677 1393 δὲ
2709 1338 2789 1393 ὅτι
2828 1337 3009 1392 πάντα
3046 1334 3127 1406 τῷ
3171 1331 3291 1404 Θεῷ
3320 1330 3542 1392 δυνατὰ,
3583 1329 3686 1383 καὶ

424 1445 538 1502 ﬁeri
572 1459 735 1515 posse
761 1462 774 1497 :
804 1459 868 1499 ac
899 1458 1007 1498 non
1050 1442 1210 1497 modo
1244 1441 1364 1498 sine
1403 1440 1585 1495 anima
1615 1451 1844 1508 corpora
1875 1451 2000 1507 pro-

2122 1435 2325 1490 ἰύναται
2345 1433 2438 1488 καὶ
2462 1432 2620 1504 σῶμα
2635 1431 2822 1502 φέρειν
2841 1431 2969 1484 ἄνευ
2983 1427 3180 1498 ψυχῆς,
3199 1425 3292 1478 καὶ
3306 1423 3373 1476 τὰ
3391 1420 3573 1491 ἀφανῆ
3590 1436 3687 1488 γε·

426 1537 570 1593 I'erre
599 1550 781 1607 posse.
808 1535 904 1592 sed
932 1543 987 1590 et
1007 1534 1277 1591 exstincta
1309 1532 1525 1604 penitus
1560 1531 1653 1586 illa
1678 1530 2001 1586 reviviscere

2122 1527 2298 1598 rovdta
2329 1526 2556 1597 σώματα
2585 1523 2807 1578 δύναται
2842 1521 3005 1574 πάλιν
3036 1515 3313 1582 ἀναϐιοῦν,
3334 1512 3598 1569 κινεῖσθαί
3625 1529 3688 1564 τε

424 1629 606 1683 denuo
627 1641 809 1698 posse,
832 1641 897 1680 ac
922 1640 1018 1696 per
1036 1639 1159 1681 sese
1185 1602 1348 1679 etiam
1374 1638 1481 1678 non
1503 1621 1744 1676 animata
1769 1617 1998 1680 moveri,

2122 1620 2246 1674 ιύτά
2274 1619 2368 1688 ἀφ’
2401 1615 2608 1671 ἑαυτῶν
2631 1615 2756 1670 ἀνευ
2793 1611 3004 1684 ψυχῶν,
3043 1610 3136 1664 ἐὰν
3163 1608 3310 1679 θέλῃ.
3340 1606 3428 1669 Ὠς
3457 1603 3554 1657 καὶ
3583 1602 3688 1673 ήδη

425 1720 473 1776 si
501 1719 651 1787 velit,
675 1695 1132 1789 quemadmodum
1153 1730 1385 1786 corpora
1408 1714 1497 1769 illa
1513 1727 1635 1784 qua
1649 1709 2001 1768 sanctissimo

2122 1711 2178 1765 ra
2209 1709 2304 1764 τοῦ
2330 1709 2637 1779 ἀγιωτάτου
2674 1704 2934 1777 Ἰεςεκιήλ
2957 1704 3057 1776 τὴν
3089 1698 3342 1772 τοιαύτην
3377 1695 3690 1768 οἰκονομίαν

426 1783 816 1883 Ειοοὶιιειί-ροτ
842 1811 1018 1867 visum
1048 1809 1229 1865 oblata
1254 1783 1408 1870 sunt,
1443 1783 1695 1876 exemplo
1723 1818 1826 1860 suo
1847 1817 2002 1858 com-

2122 1800 2389 1870 ἐποίησεν.
2422 1797 2618 1865 Ἔλεγε
2645 1795 2757 1867 γὰρ
2786 1793 2866 1865 τῷ
2897 1793 3039 1863 ἁγίῳ
3075 1790 3361 1864 προφήτῃ·
3394 1783 3692 1850 Εἰπὲ,-υἱὲ

425 1875 748 1974 probarunt.
789 1901 925 1957 Nam
953 1917 1078 1957 cum
1109 1900 1389 1971 prophetas
1415 1875 1650 1952 dixisset
1672 1896 1814 1952 Deus
1840 1915 1854 1950 :
1879 1893 2000 1958 Dic,

2122 1891 2459 1962 ὶνθρώπου,
2506 1887 2734 1943 ὀστοῦν
2781 1885 2928 1956 πρὸς
2977 1881 3222 1947 ὀστοῦν,
3268 1878 3366 1934 καὶ
3399 1877 3694 1947 ἁρμονίαν

424 1995 506 2064 ﬁli
537 1995 791 2058 hominis.
825 2004 883 2049 ut
919 2011 976 2050 os
1008 1993 1077 2048 ad
1111 2009 1191 2058 as,
1226 2003 1276 2047 et
1306 1995 1565 2062 junctum
1603 1989 1673 2043 ad
1691 1989 2005 2059 juncturam

2122 1991 2260 2059 rt:de
2293 1988 2606 2059 ἁρμονίαν.
2660 1983 2766 2038 Καὶ
2815 1977 2885 2054 ἦν
2937 1978 3216 2052 θαυμάσαι
3259 1976 3358 2046 τὴν
3411 1973 3505 2026 τοῦ
3555 1971 3691 2025 Θεοῦ

426 2062 605 2142 redeat
634 2085 651 2117 ¹
677 2104 690 2141 :
721 2093 835 2140 tum
871 2081 1200 2154 stupendum
1238 2079 1458 2139 virtutis
1502 2077 1703 2133 divinae
1729 2076 2006 2148 specimen

2122 2082 2361 2151 Ξύναμιν,
2388 2080 2470 2132 ὅτι
2513 2077 2740 2148 μηδέπω
2773 2074 2880 2128 τῶν
2916 2070 3106 2143 ψυχῶν
3134 2065 3528 2140 ἐμϐληθεισῶν,
3556 2062 3693 2117 ἀλλά

427 2178 676 2249 contigit,
719 2186 799 2238 ut.
845 2191 970 2231 cum
1014 2173 1254 2229 nondum
1305 2170 1504 2226 infusae
1544 2179 1732 2226 essent
1770 2167 2005 2230 animae,

2122 2173 2290 2244 Ξηρῶν
2325 2172 2498 2226 ὄντων
2524 2171 2753 2231 ὀστέων,
2785 2167 2846 2220 οὐ
2881 2165 3043 2237 μόνον
3086 2161 3176 2214 τοῦ
3209 2158 3473 2214 κινεῖσθαι
3510 2155 3648 2226 ἔχων
3670 2153 3691 2185 ³

430 2271 524 2326 sed
577 2269 730 2323 arida
777 2268 1044 2323 duntaxat
1101 2281 1226 2322 ossa
1275 2271 1648 2335 superessent,
1694 2275 1802 2315 non
1845 2258 2010 2314 modo

2122 2266 2339 2336 5ύναμιν
2377 2264 2469 2317 ἐπὶ
2501 2262 2602 2332 τῆς
2639 2259 2734 2314 τοῦ
2779 2258 2913 2312 Θεοῦ
2945 2254 3216 2327 πράξεως,
3253 2249 3388 2304 ἀλλά
3429 2248 3524 2302 καὶ
3563 2262 3690 2300 συνο

431 2360 683 2417 movendi
716 2360 799 2417 sui
831 2359 939 2430 93
977 2359 1086 2414 vim
1120 2357 1186 2412 ad
1220 2357 1466 2411 divinum
1499 2353 1632 2408 illud
1665 2367 1804 2420 opus
1842 2348 2011 2404 habe-

433 2463 584 2517 rent,
618 2452 714 2509 sed
764 2461 817 2508 et
850 2453 1120 2522 sapientia
1158 2446 1626 2519 intelligentiaque
1648 2443 1874 2498 minime
1892 2441 2011 2495 vul-

432 2549 551 2619 gari
585 2561 714 2603 ossa
761 2546 851 2599 illa
890 2545 1113 2616 praedita
1158 2541 1474 2599 viderentur
1502 2557 1514 2594 :
1541 2553 1650 2593 non
1701 2535 1845 2590 enim
1889 2548 2012 2604 quae

436 2641 612 2694 vicina
642 2639 807 2709 capiti
839 2646 988 2704 sunt,
1023 2638 1090 2693 ad
1124 2637 1286 2708 pedes
1318 2633 1553 2704 quadam
1587 2622 1859 2687 oblivione
1891 2642 2012 2684 sese

432 2732 816 2798 conferebant;
843 2745 1017 2802 neque
1050 2730 1173 2784 colli
1201 2727 1485 2790 vertebrae,
1511 2722 1578 2777 ad
1603 2721 1838 2776 talorum
1864 2733 2014 2773 com-

435 2827 703 2884 missuras
736 2825 1058 2880 aberrantes
1087 2823 1270 2877 locum
1297 2817 1617 2890 quaerebant
1648 2833 1661 2870 :
1694 2813 1790 2870 sed
1817 2826 2014 2866 unum-

434 2920 691 2990 quodque
719 2919 928 2975 ossium
959 2917 1039 2973 sic
1065 2955 1080 2980 ,
1115 2922 1378 2984 tanquam
1415 2906 1766 2980 intelligentia
1815 2902 2011 2975 praedi-

433 3021 550 3068 tum
591 3020 774 3077 esset,
821 3008 1014 3078 agitari
1066 3005 1430 3078 progredique
1469 3002 1648 3058 visum
1687 3003 1808 3062 est,
1859 3003 1913 3052 et
1947 2993 2014 3048 ad
2064 3068 2074 3076 .

433 3119 752 3176 compagem
813 3102 1192 3157 adhazrescere
1257 3112 1437 3154 suam.
1495 3090 1771 3160 Quocirca
1832 3094 2016 3158 potest

435 3195 602 3258 Deus,
649 3195 696 3250 si
737 3193 908 3256 lubet,
954 3191 1166 3246 animas
1210 3190 1329 3245 sine
1372 3183 1699 3254 corporibus
1727 3180 2010 3234 excitare:

435 3287 532 3358 qui
575 3286 630 3341 in
676 3301 743 3340 co
785 3284 928 3338 viam
969 3295 1123 3336 suam
1165 3293 1229 3332 ac
1271 3275 1569 3347 potentiam
1601 3267 2012 3340 comprobavit,

438 3375 585 3450 quod
613 3373 761 3430 istud
804 3373 981 3443 ipsum
1020 3369 1166 3441 quod
1198 3368 1433 3422 maxime
1467 3362 1884 3421 ab-hominibus
1919 3360 2016 3416 de-

439 3474 717 3540 speratum
748 3469 915 3525 esset,
951 3459 1279 3516 reviviscere
1308 3465 1432 3512 ante
1470 3463 1664 3514 caetera
1711 3452 1894 3508 omnia
1922 3467 2018 3506 vo-

438 3557 605 3614 luerit
636 3571 732 3626 per
772 3554 1090 3608 mandatum
1136 3550 1268 3604 illud
1319 3547 1463 3618 quod
1508 3544 1781 3602 Ezechieli
1829 3544 2018 3599 datum

438 3655 543 3704 est.
576 3645 763 3716 Neque
797 3659 925 3699 vero
963 3641 1137 3696 dixit:
1168 3639 1327 3706 Iube,
1370 3638 1442 3693 Illi
1487 3637 1748 3699 hominis,
1782 3637 2016 3708 primum

439 3737 698 3794 advenire
727 3733 978 3805 spiritum
1007 3749 1020 3786 :
1051 3731 1146 3787 sed
1178 3731 1353 3801 prius,
1397 3728 1544 3800 quod
1573 3727 1843 3783 diilicilius
1870 3726 2020 3781 vide-

439 3829 632 3893 hatur,
675 3824 1039 3881 iniormanda:
1091 3822 1215 3879 ﬁdei
1259 3823 1434 3894 gratia
1482 3822 1705 3893 planum
1751 3836 1815 3874 ac
1861 3819 2021 3874 facile

439 3919 706 3985 reddidit,
749 3919 852 3974 hoc
890 3925 996 3983 est,
1045 3931 1278 3987 corpora
1323 3916 1442 3986 ipsa
1486 3913 1914 3984 conglutinavit,
1956 3927 2020 3966 ac

439 4022 556 4070 tum
592 4013 806 4068 animas
842 4010 896 4064 in
925 4023 1158 4079 corpora
1193 4007 1379 4062 subire
1403 4006 1593 4077 jussit.
1654 4005 1718 4060 Et
1762 4004 2018 4071 surrexit,

439 4107 640 4178 inquit,
691 4107 871 4178 ingens
910 4104 1066 4160 turba
1087 4104 1128 4158 '.
1181 4099 1370 4171 Itaque
1419 4115 1544 4155 cum
1597 4097 1760 4164 Deus,
1804 4099 1882 4152 uti
1927 4097 2020 4152 de-

441 4210 806 4258 monstratum
853 4207 970 4265 est,
1026 4198 1195 4252 vitam
1242 4193 1492 4266 corporis
1547 4192 1858 4247 instaurare
1905 4191 2024 4247 sine

441 4295 622 4351 anima
657 4293 854 4364 possit,
911 4307 1114 4361 corpus
1156 4297 1336 4343 tamen
1388 4288 1566 4356 ipsum
1611 4300 1708 4354 per
1747 4299 1869 4340 sese
1905 4285 2024 4338 sine

443 4385 625 4439 anima
656 4375 1012 4436 condemnari
1051 4393 1161 4434 non
1201 4383 1403 4446 potest;
1451 4376 1615 4429 habet
1654 4375 1800 4428 enim
1829 4373 2025 4442 justis-

445 4474 642 4528 simam
678 4469 1076 4532 defensionem,
1117 4482 1280 4536 quam
1313 4468 1576 4520 adversus
1612 4464 1857 4517 divinum
1887 4462 2028 4531 judi-

2113 2359 2284 2423 έσεως
2336 2357 2406 2411 τὰ
2463 2357 2598 2410 ὀστᾶ
2641 2351 2948 2422 ἐνεπλήσθη
3016 2350 3110 2402 καὶ
3159 2344 3415 2415 γνώσεως
3484 2341 3544 2394 οὐ
3594 2342 3692 2409 τῆς

2113 2451 2386 2522 τυχούσης
2405 2467 2418 2481 ·
2456 2449 2516 2502 οὐ
2546 2446 2655 2518 γάρ
2679 2443 2751 2497 τά
2782 2443 2918 2514 πρὸς
2943 2443 3071 2504 τοὺς
3107 2439 3270 2500 πόδας
3305 2434 3486 2498 ὀστέα,
3528 2433 3692 2501 ἐγγὺς

2111 2545 2210 2614 τῆς
2247 2541 2488 2612 κεφαλῆς
2521 2537 2663 2593 κατά
2699 2535 2872 2608 λήθην
2903 2532 3144 2596 ἐϐάδιζεν
3167 2546 3180 2560 ·
3213 2528 3330 2581 οὐδὲ
3357 2527 3405 2579 οί
3440 2523 3537 2578 τοῦ
3561 2539 3692 2593 τρα-

2113 2635 2276 2707 χήλου
2303 2630 2606 2694 σπὸνδυλοι,
2629 2628 2760 2700 περὶ
2783 2626 2880 2690 τὰς
2908 2623 3017 2678 τῶν
3046 2619 3403 2693 ἀστραγάλων
3430 2614 3694 2689 ἁρμονίας

2116 2725 2461 2797 πλανώμενοι
2513 2722 2607 2776 τὸν
2650 2720 2813 2774 τόπον
2862 2716 3122 2788 ἐζήτουν·
3168 2711 3281 2765 ἀλλ’
3319 2710 3551 2763 ἕκαστον
3586 2705 3694 2758 τῶν

2115 2817 2318 2871 ὀστέων
2352 2815 2449 2869 καὶ
2490 2811 2713 2884 ἐκινήθη
2751 2810 2844 2864 καὶ
2878 2806 3092 2871 ἐϐάδιξε
3135 2803 3278 2858 κατά
3313 2801 3562 2864 σύνεσιν,
3602 2796 3696 2851 καὶ⁹

2115 2913 2181 2982 τῇ
2215 2907 2379 2963 αὐτοῦ
2413 2905 2647 2978 ἁρμονίᾳ
2675 2900 3042 2974 προσετίθετο.
3068 2899 3130 2952 Εἰ
3157 2893 3286 2966 γοῦν
3312 2893 3515 2948 θέλει-ὀ
3541 2889 3695 2952 Θεὸς,

2116 2979 2340 3053 δῦναται
2373 2996 2468 3049 καὶ
2491 2993 2730 3065 ’σώματα
2763 2990 2891 3046 ἀνευ
2917 2987 3096 3060 ψυχῆς
3132 2987 3362 3057 ἐγεῖραι.
3399 2982 3488 3034 Ἐν
3520 2979 3700 3051 τούτῳ

2117 3090 2228 3162 γὰρ
2259 3090 2322 3143 τὸ
2349 3086 2575 3142 δυνατὸν
2618 3083 2784 3138 αὑτοῦ
2827 3080 3044 3146 ἔδειξεν,
3086 3081 3144 3132 ἐν
3171 3076 3250 3148 τῷ
3290 3075 3350 3129 τδ
3392 3072 3546 3146 παρὰ
3586 3074 3702 3134 τοῖς

2119 3181 2428 3254 ἀνθρώποις
2461 3176 2894 3251 ἀπηλπισμένον,
2939 3175 3117 3227 ἐκεῖνο
3158 3169 3373 3242 πρῶτον
3417 3163 3699 3254 ἀναδιοῦν,

2117 3251 2292 3328 διὰτὸ
2321 3271 2400 3344 τῷ
2441 3270 2703 3342 ἰεζεκιὴλ
2749 3265 3196 3340 προστεταχέναι.
3229 3260 3340 3317 Kal
3370 3259 3472 3313 οὐκ
3510 3251 3664 3310 εἶπεν
3683 3270 3700 3286 ⁶

2118 3365 2273 3428 Εἰπὲ,
2298 3365 2382 3417 υἱέ
2410 3361 2724 3435 ἀνθρώπου,
2752 3358 2968 3431 πρῶτον
3000 3356 3173 3409 ἐλθεῖν
3200 3353 3261 3407 τὸ
3288 3349 3508 3422 πνεῦμα
3526 3365 3540 3378 ⁸
3564 3345 3705 3402 ἀλλὰ

2123 3454 2262 3527 μετά
2291 3454 2353 3508 τὸ
2391 3451 2763 3524 ἐξευμαρῆσαι
2789 3449 2812 3480 ⁸
2839 3448 2900 3502 τὸ
2938 3445 3198 3518 δυσχερὲς
3229 3442 3318 3497 διὰ
3362 3443 3462 3512 τὴν
3498 3440 3702 3503 πίστιν,

2120 3549 2264 3621 φημὶ
2305 3547 2361 3601 δέ
2413 3546 2477 3600 τὸ
2533 3543 2602 3598 τά
2661 3543 2892 3614 σώματα
2952 3535 3477 3610 συναφθῆναι,τότε
3528 3548 3703 3604 προσ-

2119 3641 2276 3708 έταξε
2302 3638 2402 3703 τὰς
2425 3636 2602 3708 ψυχὰς
2640 3635 2902 3689 εἰσελθεῖν
2934 3634 3012 3696 εἰς
3041 3630 3178 3685 αὺτά
3199 3629 3269 3683 τὰ
3295 3627 3546 3700 σώματα.
3593 3623 3707 3678 Καὶ

2120 3731 2370 3798 ἀνέστη,
2406 3730 2561 3800 φησι,
2599 3726 2803 3796 πολλὴ
2843 3722 3190 3796 συναγωγή.
3224 3721 3492 3776 Δύνασθαι
3525 3719 3707 3773 τοίνυν

2120 3824 2212 3877 τὸν
2261 3821 2394 3875 Θεὸν
2439 3821 2663 3891 ποιῆσαι
2703 3819 2840 3889 ἔφην
2883 3818 2979 3871 καὶ
3023 3816 3181 3886 σῶμα
3229 3814 3348 3885 δίχα
3373 3811 3554 3883 ψυχῆς
3576 3812 3708 3864 ἀνα-

2123 3913 2294 3979 ϐιοῦν,
2337 3912 2483 3967 καθά
2532 3910 2942 3983 προδέδεικται·
2971 3907 3084 3962 ἀλλ’
3109 3909 3169 3960 οὑ
3205 3906 3423 3960 δύναται
3447 3901 3706 3976 κριθῆναι

2123 4005 2284 4059 ἐαυτὸ
2321 4005 2381 4057 τὺ
2427 4002 2621 4075 σῶμα’
2677 4002 2790 4072 ἔχει
2837 4001 2948 4072 γὰρ
2996 3999 3209 4052 δικαίαν
3255 3995 3551 4064 ἀπολογίαν
3592 3992 3705 4064 (46)

2124 4100 2261 4171 πρὶς
2296 4097 2395 4169 τὴν
2435 4097 2530 4150 τοῦ
2587 4095 2721 4149 Θεοῦ
2768 4095 2972 4167 κρίσιν.
3011 4094 3214 4148 Φάσκει
3259 4091 3368 4164 γὰρ
3418 4091 3514 4143 καὶ
3574 4087 3708 4142 αὐτὺ

2123 4189 2317 4258 λέγον·
2357 4187 2454 4242 Ἐκ
2498 4187 2596 4258 τῆς
2623 4186 2802 4256 ψυχῆς
2849 4184 3064 4255 ἐκείνης
3101 4178 3169 4255 ἦν
3213 4185 3246 4253 ἡ
3285 4181 3534 4253 ἁμαρτία
3557 4221 3571 4245 ,
3606 4181 3708 4232 οὐκ

2123 4280 2274 4350 ήμην
2329 4277 2500 4330 αἴτιον
2555 4275 2707 4343 ἐγῶο
2774 4274 2956 4341 ἐξότου
3003 4275 3111 4344 γὰρ
3169 4272 3353 4342 ἐκείνη
3420 4271 3515 4324 ἀπ’
3571 4268 3706 4341 ἐμοῦ

2126 4366 2358 4434 ἀπέστη,
2387 4363 2461 4434 μὴ
2494 4363 2826 4433 ἐμοίχευσας
2861 4363 2934 4434 μὴ
2960 4363 3290 4434 ἐπόρνευσα;
3324 4361 3398 4432 μὴ
3428 4358 3705 4428 κέκλοφα;

2132 4452 2207 4524 μὴ
2241 4453 2732 4522 είδωλολάτρευσα;
2779 4454 2855 4525 μή
2899 4471 2952 4507 τι
2987 4453 3094 4506 τῶν
3125 4451 3380 4506 τοιούτων
3409 4451 3707 4522 ἀμπλακη-

447 4566 592 4620 cium
629 4570 906 4634 opponat:
933 4575 1058 4614 nam
1089 4567 1144 4614 et
1184 4558 1361 4627 ipsum
1394 4571 1491 4624 pro
1527 4569 1588 4609 se
1620 4554 1764 4610 istud
1789 4554 2021 4624 allegare

2135 4545 2320 4614 μάτων
2357 4545 2733 4618 είργασάμην;
2779 4547 2890 4600 Kal
2922 4545 3074 4599 ἔσται
3105 4544 3246 4599 κατά
3292 4543 3384 4596 τὸν
3416 4542 3525 4596 τῶν
3561 4541 3709 4611 φιλο-

447 4653 778 4727 potestzAb
827 4653 1008 4706 anima
1056 4650 1145 4703 illa
1184 4654 1466 4719 peccatum
1513 4660 1674 4700 omne
1721 4641 2024 4714 profectum

447 4755 534 4805 cst
563 4766 576 4802 :
609 4761 712 4816 ego
733 4744 866 4816 quid
897 4743 1087 4814 potui?
1117 4757 1243 4796 nam
1271 4755 1335 4795 ex
1361 4753 1470 4810 quo
1499 4752 1529 4790 a
1555 4752 1642 4791 me
1673 4737 1787 4791 haec
1812 4736 2028 4792 absces-

449 4839 543 4903 sit,
587 4852 720 4892 num
773 4833 1104 4892 adulterium
1151 4838 1244 4884 aut
1290 4827 1708 4884 fornicationem
1752 4826 2029 4881 furtumve

448 4928 736 4987 commisi?
774 4943 904 4984 num
935 4924 1081 4980 idola
1111 4921 1295 4977 colui?
1335 4935 1466 4976 num
1495 4925 1818 4973 caeterorum
1853 4919 2030 4973 crimi-

450 5036 580 5078 num
615 5019 833 5090 aliquod
879 5013 1228 5088 perpetravi?
1276 5011 1352 5065 Ita
1391 5025 1457 5065 ex
1500 5010 1865 5080 pervicacium
1897 5009 2030 5066 isto-

451 5130 574 5170 rum
606 5111 877 5168 sententia
909 5108 998 5165 Dei
1026 5107 1296 5178 judicium
1341 5105 1502 5158 inane
1531 5108 1586 5163 et
1615 5101 1804 5157 inutile
1843 5102 2025 5156 fuerit.

451 5205 723 5274 Quocirca
766 5202 844 5257 uti
895 5216 1096 5272 corpus
1137 5207 1192 5254 et.
1226 5196 1404 5251 anima
1437 5193 1489 5249 in
1524 5209 1689 5249 unum
1736 5193 2027 5264 conjuncta

455 5312 623 5352 unum
665 5295 940 5350 hominem
987 5289 1296 5346 conﬂarunt
1339 5302 1369 5341 a
1407 5285 1516 5341 Deo
1552 5284 1918 5356 productum:
1949 5287 2028 5341 sic

2133 4641 2330 4695 νείκων
2354 4641 2510 4711 λόγον
2537 4643 2818 4716 ἄπρακτος
2855 4647 2890 4716 ἡ
2918 4643 3010 4697 τοῦ
3033 4641 3167 4696 Θεοῦ
3201 4641 3400 4710 κρίσις.
3435 4634 3535 4687 Διά
3554 4632 3710 4687 τοῦτο

2134 4733 2208 4798 ὡς
2232 4730 2300 4806 ἦν
2329 4735 2390 4788 τὸ
2418 4735 2576 4807 σῶμα
2597 4737 2689 4790 καὶ
2710 4738 2743 4807 ή
2766 4735 2912 4808 ψυχὴ
2951 4733 3202 4796 σύνθετος
3225 4719 3306 4794 εἷς
3326 4728 3421 4785 ἄνθ
3431 4742 3610 4799 ρωπος
3644 4725 3710 4777 ἐκ

2135 4825 2269 4881 Θεοῦ
2318 4829 2642 4901 γενόμενος,
2698 4824 2852 4892 αὖθις
2898 4831 2927 4882 ὁ
2961 4827 3167 4889 δίκαιος
3209 4821 3402 4895 κριτὴς
3444 4819 3507 4872 τὸ
3553 4815 3712 4886 σῶμα

2133 4920 2359 4992 ὲγείρει,
2392 4923 2484 4975 καὶ
2509 4922 2608 4993 τὴν
2641 4922 2822 4993 ψυχὴν
2867 4917 3033 4975 αὐτοῦ
3082 4919 3140 4971 ἐν
3179 4913 3330 4986 αὐτῷ
3359 4913 3578 4974 δίδωσι,
3615 4906 3710 4960 καὶ

2132 5011 2307 5076 οὕτως
2352 5013 2538 5068 δικαία
2564 5015 2854 5085 γενήσεται
2886 5015 2920 5084 ή
2951 5010 3046 5065 τοῦ
3089 5008 3225 5063 Θεοῦ
3275 5005 3460 5077 κρίσις
3481 5044 3496 5067 ,
3533 5002 3712 5072 ἀμφο-

2131 5103 2307 5174 τέρων
2340 5103 2738 5158 κοινωνούντων
2757 5143 2772 5169 ,
2809 5103 2842 5174 ἢ
2875 5102 2975 5173 τῆς
2999 5102 3069 5155 δι’
3102 5097 3376 5170 ἁμαρτίας
3403 5089 3676 5162 τιμωρίας
3695 5125 3711 5150 ν

2133 5194 2164 5262 ἢ
2206 5195 2305 5265 τῆς
2354 5195 2421 5248 δι’
2465 5194 2665 5266 ἀρετὴν
2705 5193 3041 5260 θεοσεϐείας,
3105 5190 3201 5245 καὶ
3249 5188 3351 5258 τῆς
3411 5181 3712 5258 μελλούσης

2140 5287 2487 5342 ἀποδίδοσθαι
2522 5291 2636 5351 τοῖς
2677 5287 2852 5357 ἁγίοις
2886 5282 3332 5358 μισθαποδοσίας.

449 5397 632 5465 justus
664 5391 755 5446 ille
814 5388 976 5459 judex
1021 5401 1220 5457 corpus
1258 5384 1480 5448 excitat,
1541 5396 1606 5437 ac
1645 5396 1801 5438 suam
1843 5379 1920 5433 illi
1961 5381 2199 5434 animam
2235 5381 2493 5436 infundit.
2552 5383 2729 5454 Atque
2790 5382 2894 5436 hoc
2929 5393 3088 5451 pacto
3120 5379 3329 5447 justum
3379 5380 3464 5429 est
3491 5368 3587 5424 Dei
3623 5365 3715 5436 ju-

454 5462 682 5548 dicium,
724 5497 850 5538 cum
893 5481 1064 5535 amba:
1104 5487 1289 5550 partes
1325 5478 1440 5533 sive
1473 5474 1756 5530 constituti
1809 5483 2037 5546 peccato
2077 5476 2355 5546 supplicii,
2387 5475 2502 5531 sive
2530 5477 2719 5546 pietati
2750 5476 3048 5546 virtutique
3073 5489 3136 5528 ac
3178 5469 3388 5527 sanctis
3453 5462 3706 5521 omnibus

459 5580 742 5652 promissae
767 5574 949 5648 glorise
979 5571 1361 5628 communione
1389 5569 1710 5639 jungantur.

530 5697 546 5726 ¹
582 5691 778 5748 Ezecll.
807 5696 1014 5754 xxxvii,
1040 5687 1092 5741 7.
1167 5688 1188 5718 ³
1219 5685 1349 5740 ibid.
1379 5683 1465 5738 I0.
1543 5681 1564 5712 ³
1593 5679 1653 5734 F.
1683 5674 1848 5751 εἶχον.
1925 5677 1946 5710 ⁵
1973 5680 2014 5733 Β

2137 5678 2221 5744 ἐξε
2231 5680 2507 5752 ρευνῆσαι.

527 5787 640 5857 (46)
680 5786 840 5855 Ἔχει
876 5783 985 5853 γὰρ
1025 5776 1266 5834 δικαίαν
1310 5773 1666 5843 ἀπολογίαν.
1715 5771 1788 5828 Dc
1830 5771 2019 5828 eodem

2125 5788 2156 5829 c
2209 5781 2529 5846 argumento
2556 5775 2678 5832 vide
2706 5789 2996 5832 numerum
3062 5772 3128 5828 72
3163 5771 3438 5830 haereseos
3501 5765 3592 5835 64»
3652 5763 3708 5821 in

459 5857 712 5918 l’anaria.
