4018 6210
324 373 419 428 181

1735 378 2177 438 ΑΝΟΟΒᾹΤΗΞ.

3475 380 3585 450 asa.

395 485 711 542 ΠΘ¹.Ταῦτα
724 488 780 543 δὲ
801 492 879 554 είς
893 491 1234 564 παράστασιν
1249 495 1344 566 τῆς
1358 494 1614 566 ἀληθείας
1631 496 1728 566 τῆς
1745 496 1776 566 ἡ
1786 495 1892 566 μῶν

2079 496 2363 554 LXXXIX.
2400 498 2522 553 ilzec
2553 515 2652 555 nos
2680 498 2744 553 ad
2763 497 3042 554 veritatem
3070 495 3184 566 spei
3212 503 3410 550 nostra:
3431 509 3579 550 com-

322 578 535 644 ἐλπίδος
571 581 771 647 ἱκανῶς
808 583 952 654 ἔχειν
989 585 1328 656 νομίζοντες,
1358 588 1513 656 ὀλίγα
1541 588 1661 642 ἀντὶ
1688 588 1896 642 πολλῶν

324 671 693 743 παρεθέμεθα.
727 674 828 728 Διὰ
855 675 912 729 δὲ
938 677 1063 741 τοὺς
1095 678 1353 746 λέγοντας
1381 678 1490 752 (47)
1521 679 1708 750 ἕτερον
1743 680 1899 750 σῶμα

320 756 442 809 ἀντὶ
478 757 572 810 τοῦ
619 759 911 825 πίπτοντος
957 763 1299 836 ἐγείρεσθαι,
1343 767 1505 821 πάλιν
1544 770 1624 838 τῷ
1669 769 1900 840 καμάτῳ

323 847 748 918 προστιθέμεθα,
789 851 1068 923 ὠφελῆσαι
1116 856 1243 919 τοὺς
1271 856 1624 928 βουλομένους
1661 860 1899 914 συνιέναι

321 940 417 994 καὶ⁹
467 940 566 1011 τὴν
623 942 794 1013 αὐτὴν
853 944 998 1014 ζωὴν
1058 947 1318 1001 ἀπολέσαι
1385 949 1460 1020 μὴ
1525 951 1899 1024 πειρωμένους

323 1028 656 1099 βουλόμενοι.
698 1033 911 1086 Γένοιτο
964 1034 1074 1106 γάρ
1119 1037 1350 1106 κάμνειν
1409 1039 1558 1110 ἡμᾶς
1599 1041 1726 1104 τοὺς
1773 1041 1900 1094 ὲλα-

321 1119 541 1189 χίστους
567 1121 660 1174 καὶ
686 1123 1031 1194 οὐδαμινοὺς,
1064 1125 1160 1178 καὶ
1191 1125 1400 1192 πάντας
1428 1129 1774 1199 ὠφελεῖσθαι,
1806 1131 1898 1185 καὶ

323 1213 400 1296 μὴ
450 1214 731 1286 ἀρνεῖσθαι
763 1215 1060 1272 ἀνάστασιν
1108 1221 1206 1293 τῆς
1239 1223 1514 1294 ἡμετέρας
1570 1224 1791 1296 σαρκὸς,
1841 1226 1898 1278 ὲν

319 1295 465 1374 ᾗπερ
498 1305 608 1368 πᾶς
652 1304 680 1356 ὁ
712 1305 986 1380 θησαυρὸς
1019 1310 1115 1364 καὶ
1161 1312 1366 1383 κρηπὶς
1391 1313 1589 1378 παντὸς
1623 1295 1898 1387 σώφρονος

319 1392 608 1466 λογισμοῦ,
652 1398 746 1451 καὶ
780 1401 961 1472 πάσης
1005 1401 1374 1476 άγαθοεργίας
1408 1407 1565 1472 ἐλπὶς
1607 1408 1895 1475 διάκειται,

319 1487 460 1540 κατὰ
483 1487 543 1541 τὸ
568 1491 856 1562 εἰρημένον
876 1511 887 1523 '
919 1495 1203 1564 Ἔχοντες
1226 1497 1332 1551 τὸν
1351 1501 1658 1569 θησαυρὸν
1684 1502 1899 1556 τοῦτον

314 1579 388 1632 ἐν
417 1579 798 1650 ὀστρακίνοις
830 1586 1089 1654 σώμασι,
1115 1589 1212 1642 καὶ
1252 1589 1323 1644 τὰ
1349 1591 1498 1662 ἑξῆς.
1540 1593 1897 1665 Ἐγκρατευό-

318 1670 460 1741 μεθα
517 1673 627 1747 γὰρ
657 1676 704 1730 οἱ
757 1677 1042 1744 ἀσθενεῖς,
1091 1683 1480 1753 ἁγνευόμενοι,
1530 1686 1897 1758 ἐλεημοσύνας

314 1761 683 1835 ἑπιποθοῦμεν
730 1769 902 1822 ποιεῖν
955 1771 1000 1822 οἱ
1039 1770 1329 1837 ἀδύνατοι,
1365 1773 1454 1828 διὰ
1485 1774 1584 1846 τὴν
1615 1776 1722 1830 τῶν
1747 1777 1898 1830 ἐλπι-

2013 589 2349 659 probandam
2379 590 2627 646 suliic-ere
2651 590 2777 654 rati,
2810 606 2839 644 e
2869 588 3055 644 multis
3090 602 3261 658 pauca
3294 587 3579 657 proposui-.

2009 694 2149 735 mus.
2208 679 2364 734 Nunc
2419 680 2684 736 adversus
2748 681 2901 743 illos,
2959 679 3053 750 qui
3107 678 3253 732 aliud
3304 678 3575 748 quoddam

2006 787 2207 842 corpus
2264 771 2332 825 ab
2386 787 2451 826 eo
2499 772 2642 841 quod
2699 772 2916 836 cecidit,
2969 770 3192 825 excitari
3242 776 3452 838 putant,
3511 768 3578 820 ad

2009 871 2325 933 susceptura
2352 861 2668 932 disputandi
2697 863 2934 916 laborem
2959 861 3207 916 nonnihil
3235 859 3576 929 adjiciemus.

2010 960 2071 1008 ut
2118 969 2213 1009 eos
2265 953 2358 1024 qui
2406 953 2709 1024 intelligere
2755 953 2858 1008 ista
2897 953 3200 1018 voluerint,
3243 959 3298 1008 et
3345 952 3576 1007 salutem

2005 1047 2244 1102 retinere
2273 1046 2606 1108 studuerint,
2640 1045 2981 1115 adjuvemus.
3007 1043 3193 1115 Neque
3215 1060 3342 1100 vero
3370 1043 3577 1098 tenuis-

2005 1139 2160 1195 simis
2192 1139 2358 1193 uobis
2391 1153 2458 1194 ac
2482 1138 2687 1194 nullius
2720 1137 2876 1208 pretii
2909 1137 3220 1191 horninibus
3259 1135 3574 1190 detrectan-

2003 1230 2108 1286 dus
2140 1230 2253 1303 94
2295 1231 2445 1286 labor
2475 1238 2596 1287 est:
2638 1231 2684 1286 si
2729 1230 2890 1284 modo
2929 1244 2992 1284 ea
3035 1229 3089 1283 in
3138 1243 3331 1283 omnes
3369 1227 3578 1280 utilitas

2001 1321 2278 1377 derivetur
2306 1331 2358 1376 ut
2393 1338 2462 1377 ne
2482 1324 2664 1376 carnis
2690 1329 2891 1376 nostra:
2923 1321 3380 1376 resurrectionem
3409 1318 3578 1371 abne-

2001 1421 2152 1485 gent,
2195 1415 2248 1468 in
2285 1429 2392 1486 qua
2430 1415 2721 1471 thesaurus
2755 1413 2932 1469 omnis
2960 1422 3013 1468 et
3049 1427 3195 1467 sanae
3237 1410 3437 1466 mentis
3483 1409 3576 1464 ῆι*-

2004 1512 2364 1570 mamentum,
2388 1518 2451 1558 ac
2479 1504 2608 1559 boni
2631 1503 2811 1558 omnis
2834 1502 2995 1558 ofﬁcii
3021 1515 3147 1572 spes
3165 1509 3282 1556 est:
3314 1498 3577 1554 [labentes

2004 1594 2307 1650 thesaurum
2330 1596 2468 1652 hunc
2495 1599 2548 1650 in
2572 1596 2822 1666 ﬁctilibus
2849 1595 3154 1665 corporibus
3177 1596 3219 1662 ³,
3242 1602 3346 1650 etc.
3369 1593 3579 1665 Quippe

2000 1703 2104 1750 nos
2155 1689 2460 1746 imbecilles
2514 1691 2643 1746 licet
2700 1689 3096 1745 continentiam
3150 1702 3215 1741 ac
3269 1685 3578 1742 castitatem

1999 1780 2262 1845 colimus,
2308 1789 2363 1836 et
2417 1780 2469 1836 in
2526 1796 2794 1852 pauperes
2846 1781 3074 1836 benelici
3118 1794 3242 1835 esse
3291 1777 3577 1836 studemus

315 1853 562 1925 ζομένων
610 1858 912 1913 ἀπόλαυσιν
942 1861 1043 1932 τῆς
1091 1862 1200 1917 τῶν
1260 1865 1472 1936 νεκρῶν
1516 1868 1892 1932 ἀναστάσεως·

2004 1870 2256 1938 quamvis
2292 1869 2500 1926 inﬁrmi
2530 1886 2596 1926 ac
2627 1871 2857 1935 debiles,
2890 1878 2950 1925 ut
2976 1870 3044 1926 iis
3077 1870 3241 1925 rebus
3277 1885 3415 1939 quas
3450 1885 3578 1939 spe-

315 1949 410 2002 καὶ
445 1949 618 2015 οῦτως
640 1952 670 2005 ό
691 1951 915 2023 κάμνων
946 1954 1338 2027 τεθεμελίωται
1371 1957 1606 2020 πίστεως
1627 1958 1718 2011 καὶ
1750 1958 1899 2012 ἐλπί-

312 2039 404 2104 δος
425 2083 440 2104 ,
489 2041 623 2096 Θεοῦ
675 2045 898 2117 ἀγάπης
939 2049 1261 2120 μαρτυρίῳ,
1307 2049 1401 2104 καὶ
1453 2051 1593 2125 ὑπὲρ
1637 2051 1899 2123 ὀνόματος

311 2131 450 2186 Θεοῦ
484 2134 542 2186 ὲν
573 2135 833 2207 διωγμοῖς
872 2137 1120 2209 βασάνων
1166 2143 1262 2196 καὶ
1306 2142 1482 2197 ἄλλων
1514 2143 1898 2215 άπανθρὼπων

308 2223 624 2290 κολάσεων,
675 2227 731 2279 ὲν
776 2231 888 2292 τοῖς
921 2228 996 2300 μὴ
1051 2229 1408 2300 ἀρνουμένοις
1449 2232 1749 2287 ἀνάστασιν
1796 2233 1896 2304 τῆς

315 2319 470 2390 ἡμῶν
510 2320 732 2391 σαρκὸς,
781 2321 918 2376 ἀλλά
958 2322 1310 2377 πιστεύουσιν
1338 2325 1420 2378 ὅτι
1465 2325 1598 2379 αὐτὸ
1639 2326 1702 2380 τὸ
1736 2342 1892 2381 σπει-

312 2410 544 2482 ρόμενον
573 2413 632 2465 ἐν
658 2414 726 2484 τῇ
767 2416 839 2485 γῇ
887 2415 1315 2488 ὲνεργηθήσεται
1344 2419 1384 2472 ⁸.
1420 2417 1524 2471 Δύο
1550 2417 1658 2490 γὰρ
1702 2422 1893 2489 σαφεῖς

311 2502 407 2554 καὶ
432 2502 649 2573 ἀληθεῖς
682 2506 988 2577 μαρτυρίας
1014 2507 1220 2562 ἔδωκαν
1248 2509 1379 2580 ἡμῖν
1407 2509 1464 2562 αἱ
1486 2507 1629 2563 θεῖαι
1654 2510 1889 2581 Γραφαὶ,

307 2593 378 2646 δι’
416 2587 492 2648 ὧν
520 2595 798 2667 δυνάμεθα
827 2598 926 2670 τὴν
963 2598 1065 2669 τῆς
1112 2598 1268 2670 ἡμῶν
1318 2599 1663 2665 ἀναστάσεως
1701 2601 1892 2654 ἐλπίδα

310 2682 633 2750 γνῶναι,κα“ι
651 2685 725 2757 μὴ
744 2687 1008 2759 σφαλῆναι
1028 2688 1216 2760 μύθοις
1234 2690 1555 2755 καινοδόξων
1568 2692 1664 2745 ἀνθ
1673 2690 1888 2764 ρώπων,

310 2775 729 2845 ἅπατηθέντων,
766 2779 861 2832 καὶ
890 2780 968 2851 τῷ
998 2779 1097 2852 βίῳ
1125 2781 1238 2852 (48)
1275 2781 1492 2854 ἀπάτην
1540 2781 1886 2854 γραψάντων.

309 2865 408 2918 'iv’
446 2861 540 2920 οῦν
572 2868 646 2940 μὴ
678 2867 896 2934 πολλαῖς
933 2871 1262 2943 μαρτυρίαις
1299 2874 1592 2945 χρήσωμαι
1647 2873 1726 2944 (οὐ
1781 2873 1890 2946 γάρ

307 2956 448 3008 εἰσιν
473 2956 650 3026 ὀλίγαι
685 2959 742 3011 ὲν
776 2961 952 3032 Καινῇ
985 2978 1045 3014 τε
1071 2961 1167 3016 καὶ
1197 2963 1409 3035 Παλαιᾷ
1439 2963 1568 3036 περὶ
1607 2966 1706 3036 τῆς
1734 2965 1889 3036 ἡμῶν

306 3045 522 3110 ἐλπίδος
552 3049 647 3102 καὶ
680 3050 1074 3122 ἀναστάσεως),
1095 3054 1379 3125 συντόμως
1421 3055 1534 3126 ἐρῶ
1566 3054 1725 3110 τοῦτο
1751 3055 1885 3127 (49).

2003 1976 2212 2023 ramus,
2255 1962 2312 2018 in
2346 1970 2690 2018 mortuorum
2745 1963 2836 2018 illa
2884 1962 3284 2018 resurrectione
3331 1961 3618 2031 perfruao.

2002 2067 2146 2108 mur.
2180 2051 2257 2108 Ita
2290 2055 2385 2126 qui
2427 2054 2640 2108 labores
2675 2053 2928 2123 suscipit,
2967 2051 3110 2115 tidei,
3148 2050 3261 2122 spei
3289 2065 3355 2103 ac
3379 2050 3578 2105 divinae

1996 2144 2296 2222 cliat'itatis
2336 2145 2652 2200 testimonio
2687 2144 2973 2210 fundatur,
3009 2151 3061 2198 et
3089 2158 3188 2212 pro
3219 2141 3313 2197 Dei
3356 2142 3579 2197 nomine

1997 2238 2049 2292 iu
2093 2239 2543 2308 persecutionum
2574 2237 2912 2294 cruciatibus
2944 2245 2998 2292 et
3033 2234 3400 2290 atrocissimis
3438 2249 3577 2304 sup-

1999 2329 2177 2398 pliciis
2210 2329 2352 2385 inter
2397 2345 2495 2386 eos
2525 2337 2856 2399 perseverat,
2889 2329 2981 2399 qui
3023 2327 3208 2383 carnis
3245 2334 3448 2381 nostra:
3489 2341 3576 2380 re-

1999 2420 2394 2477 surrectionem
2419 2437 2526 2476 non
2552 2431 2772 2493 negant,
2799 2420 2897 2476 sed
2922 2420 3062 2476 idem
3091 2419 3224 2474 illud
3246 2417 3390 2488 quod
3413 2417 3577 2471 modo

1999 2513 2404 2583 proscminatur
2437 2514 2490 2567 in
2524 2521 2688 2580 terra,
2714 2523 3151 2570 resurrecturum
3173 2527 3297 2567 esse
3319 2511 3570 2565 credunt.

2001 2603 2146 2661 Duas
2191 2605 2335 2660 enim
2385 2606 2704 2676 perspicuas
2740 2621 2804 2660 ac
2842 2604 3182 2661 certissimas
3221 2602 3576 2657 auctoritates

1999 2711 2172 2752 sacra:
2205 2696 2363 2752 nobis
2403 2695 2618 2752 Litterae
2664 2695 3034 2766 suppeditant,
3075 2694 3276 2764 quibus
3325 2707 3574 2748 resurre-

1996 2786 2194 2842 ctionis
2227 2793 2428 2841 nostrae
2458 2801 2609 2855 spem
2633 2798 2966 2858 cognoscere
2999 2797 3313 2853 possumus,
3339 2794 3406 2834 ne
3449 2778 3572 2831 ina-

1997 2877 2146 2931 nium
2171 2875 2453 2929 hominum
2485 2875 2684 2930 l'abulis
2717 2874 3077 2936 abducamur.
3109 2871 3200 2942 qui
3225 2879 3278 2926 et
3316 2868 3416 2940 ipsi
3451 2866 3575 2921 l'alsi

1997 2971 2148 3028 sunt,
2187 2971 2243 3018 et
2274 2963 2515 3016 humano
2564 2962 2748 3032 generi
2785 2961 2901 3018 suis
2929 2959 3150 3030 scriptis
3184 2956 3438 3013 falsitatis
3476 2970 3575 3008 au-

1997 3063 2179 3110 ctores
2226 3052 2573 3108 exstiterunt.
2616 3050 2800 3118 Quare
2843 3067 2910 3107 ne
2954 3050 3205 3120 pluribus
3245 3045 3574 3101 testimoniis

305 3139 372 3193 ad
409 3139 462 3194 id
505 3152 647 3206 utar,
689 3145 949 3213 quoniam
991 3161 1102 3200 non
1147 3161 1322 3218 pauca
1367 3156 1498 3203 sunt
1532 3151 1588 3205 in
1643 3147 1797 3204 Novo
1839 3162 1904 3204 ac
1941 3147 2137 3206 Vetere
2185 3146 2558 3212 Testamento,
2616 3145 2816 3218 quibus
2850 3158 2975 3214 spes
2999 3152 3192 3198 nostra
3231 3155 3293 3194 ac
3322 3152 3569 3193 resurre-

303 3232 508 3287 ctionis
541 3233 676 3292 ﬁdes
712 3237 931 3302 nititur,
963 3241 1157 3309 paucis
1192 3241 1296 3297 ista
1332 3243 1687 3313 complectar.

379 3330 450 3392 μ’.
487 3323 549 3378 Εἰ
582 3326 710 3382 ἄλλο
736 3325 803 3400 ἦν
826 3330 887 3384 τὸ
909 3332 1281 3406 ἐγειρόμενον,
1311 3333 1565 3406 καθάπερ
1612 3335 1757 3398 τινὲς
1787 3335 1891 3405 φά-

2064 3326 2178 3382 XC.
2222 3325 2280 3380 Si
2303 3324 2451 3379 aliud
2477 3331 2622 3380 esset
2651 3322 2798 3394 quod
2833 3321 3066 3392 resurgit
3108 3336 3330 3391 corpus,
3360 3329 3419 3376 ut
3443 3336 3576 3377 non-

305 3433 551 3486 σκουσιν,
582 3419 684 3474 οὐκ
717 3419 785 3475 ἂν
829 3424 857 3476 ὁ
891 3423 1211 3489 ’Δπόστολος
1251 3425 1642 3493 διεϐεϐαιοῦτο,
1677 3426 1849 3495 λέγων
1871 3443 1888 3460 ο

302 3509 409 3562 Δεῖ
422 3511 531 3578 γὰρ
553 3512 618 3566 τὸ
641 3513 909 3582 φθαρτὸν
931 3515 1108 3570 τοῦτο
1133 3516 1505 3574 ἐνδύσασθαι
1523 3520 1886 3589 ἀφθαρσίαν.

318 3597 478 3653 Ἐπεὶ
505 3599 561 3653 δὲ
605 3602 698 3655 καὶ
744 3604 875 3676 περὶ
911 3604 1070 3676 δόξης
1114 3605 1223 3660 τῶν
1272 3609 1470 3677 ἁγίων,
1509 3609 1586 3673 ὡς
1637 3609 1890 3681 μέλλουσι

303 3689 736 3763 φαιδρύνεσθαι,
785 3697 880 3749 καὶ
935 3695 1279 3752 ἀλλοιοῦσθαι
1330 3701 1388 3753 ὲν
1435 3699 1560 3771 δόξῃ
1609 3700 1745 3772 μετά
1791 3701 1889 3772 τὴν

301 3782 642 3848 ἀνάστασιν,
695 3785 948 3859 καθάπερ
993 3787 1178 3858 λέγει,
1224 3791 1542 3861 Ἐγείρεται
1587 3793 1657 3846 ἐν
1701 3792 1886 3862 δόξῃ,

301 3875 664 3949 έδραιωθῆναι
686 3879 707 3909 ²
728 3881 877 3951 ἡμᾶς
907 3883 964 3934 ἐν
1003 3885 1070 3953 τῇ
1098 3883 1272 3936 ἑλπίδι
1295 3900 1308 3914 '
1340 3885 1504 3955 φησιν
1531 3885 1563 3956 ἡ
1592 3886 1721 3955 ἁγία
1746 3887 1890 3956 Γρα-

303 3967 378 4036 φή
401 3982 416 3996 ·
445 3967 704 4053 Ἄφρων,
743 3969 825 4023 σὺ
869 3970 901 4024 ὃ
933 3972 1204 4042 σπείρεις
1235 3973 1307 4026 οὺ
1350 3971 1745 4042 {lucrare-irai,
1779 3973 1891 4028 ἐὰν

301 4057 384 4123 μὴ
408 4057 712 4129 ἀποθάνῃ·
747 4061 846 4114 καί
875 4063 985 4117 οὐκ
1017 4063 1166 4118 αὺτό
1203 4063 1270 4118 τὸ
1301 4067 1747 4134 γεννησόμενον
1768 4065 1888 4119 σῶ-

302 4164 384 4216 μα
422 4148 715 4218 σπείρεις,
742 4150 882 4206 ἀλλ’
915 4153 967 4206 εί
1016 4153 1194 4224 τύχῃ,
1238 4153 1464 4208 κόκκον
1489 4154 1666 4210 σίτου
1701 4153 1740 4224 ἢ
1771 4154 1890 4210 τῶν

1993 3418 2158 3473 nullis
2189 3417 2385 3488 placet,
2411 3429 2690 3485 nunquam
2733 3413 2875 3468 istud
2906 3412 3196 3468 aﬂirmaret
3234 3413 3526 3484 Apostolus
3557 3434 3568 3468 ε

1995 3510 2216 3578 Oportet
2260 3509 2401 3564 enim
2447 3506 2790 3577 corruptibile
2835 3506 2932 3560 hoc
2979 3505 3195 3561 induere
3224 3507 3574 3575 incorruptio-

1994 3621 2112 3661 nem
2141 3604 2180 3656 ⁸.
2241 3602 2315 3657 De
2355 3610 2671 3658 sanctorum
2712 3615 2840 3656 vero
2891 3600 3064 3670 gloria
3111 3599 3571 3670 quemadmodum

1994 3694 2395 3766 splendidiores
2431 3693 2564 3760 ﬁeri,
2601 3708 2666 3749 ac
2694 3701 2818 3765 post
2863 3694 3322 3747 resurrectionem
3360 3693 3414 3747 in
3454 3694 3571 3762 glo-

1993 3789 2074 3841 ria
2099 3785 2425 3841 eommutari
2444 3783 2662 3848 debent,
2690 3783 3148 3854 quemadmodum
3176 3783 3340 3838 dicit:
3377 3782 3572 3837 Resur-

1995 3890 2074 3951 get
2112 3880 2167 3934 in
2210 3878 2460 3949 gloria':
2492 3876 2932 3948 quandoquidem
2958 3875 3011 3929 in
3039 3891 3102 3930 ea
3137 3891 3231 3944 spe
3258 3874 3569 3929 conﬁrmari

1994 3989 2096 4029 nos
2126 3979 2361 4041 Oportet,
2389 3969 2673 4039 Scriptura
2706 3969 2788 4024 sie
2820 3968 3061 4038 loquitur
3086 3987 3099 4022 :
3130 3967 3324 4034 Stulte,
3355 3981 3412 4020 tu
3435 3966 3574 4034 quod

1994 4063 2226 4117 sentinas
2263 4078 2367 4117 non
2398 4060 2624 4123 viviscit,
2650 4061 2752 4113 nisi
2788 4069 3050 4113 mortuum
3087 4059 3157 4114 sit
3185 4067 3273 4111 :et
3305 4074 3408 4111 non
3438 4055 3576 4111 idem

1995 4152 2134 4226 quod
2166 4151 2524 4224 generaudnm
2565 4161 2641 4205 est
2669 4165 2862 4218 corpus
2897 4149 3151 4214 seminus,
3198 4148 3314 4213 sed,
3340 4148 3386 4202 si
3416 4148 3572 4216 forte,

383 4305 397 4335 ¹
431 4302 492 4357 F.
531 4305 970 4380 ἐξεγερθήσεται.
1049 4311 1069 4341 ³
1098 4307 1260 4364 Deest
1293 4309 1520 4364 verbum
1547 4307 1791 4380 aliquod.
1866 4309 1886 4340 ³

1998 4308 2106 4363 Sor.
2129 4323 2202 4376 tv,
2235 4305 2289 4360 7.
2369 4305 2433 4359 ⁸1
2463 4303 2588 4361 Cor.
2613 4304 2813 4372 xv,55.
2890 4303 2912 4336 ⁸
2948 4301 3106 4370 ibid.,
3139 4303 3232 4359 45.

379 4419 494 4489 (ιιι
533 4420 738 4494 Διὰᾼδὲ
773 4422 916 4494 τοὺς
941 4422 1259 4492 λέγοντας.
1306 4422 1620 4494 Origenem,
1658 4423 1889 4494 ejusque

306 4497 614 4563 sectatores
655 4491 928 4563 intelligit,
967 4491 1059 4562 qui
1092 4491 1768 4550 statuebaut'hominesin
1799 4491 1889 4548 re—

1997 4430 2141 4478 tetur
2168 4435 2394 4476 necesse
2417 4428 2533 4485 est;
2565 4419 2808 4474 declarat
2836 4419 2980 4474 enim
3005 4418 3295 4489 quamdam
3326 4419 3572 4473 omnium

1993 4493 2234 4564 genitum
2274 4492 2436 4564 veluti
2479 4491 2920 4555 consensionem,
2954 4490 3326 4564 intimnmque
3346 4505 3568 4564 sensum

308 4561 656 4633 surrectione
689 4554 922 4631 corpora
958 4554 1245 4618 habituros
1288 4580 1412 4620 esse
1447 4565 1515 4618 ab
1554 4566 1642 4627 iis,
1687 4565 1888 4633 quibus
1924 4554 1964 4609 ῐ)
1994 4554 2455 4633 resurrectionem
2504 4575 2796 4630 corporum
2835 4554 3448 4633 ostendenteanSimili
3485 4560 3569 4613 via

306 4632 423 4702 vita
461 4633 679 4686 mortali
717 4642 965 4701 utuntur,
995 4635 1237 4702 diversa,
1266 4645 1322 4690 et
1352 4635 1678 4691 orbiculata:
1704 4632 1894 4690 nescio

307 4701 472 4771 cujus
510 4702 712 4771 ﬁgurae.

384 4772 497 4846 (48)
537 4774 645 4827 Καὶ
681 4772 762 4839 τῷ
785 4774 925 4842 βίῳ.
953 4773 1153 4831 Vocem
1187 4773 1300 4846 βίος
1331 4773 1738 4846 ριοιιοιιιίιιιιιιι
1771 4775 1893 4828 ιιιιὶ-

310 4845 578 4916 \_'ersitate
630 4855 776 4900 recte
835 4845 1197 4916 interpretati
1230 4855 1359 4899 sunt
1393 4845 1678 4916 Al‘etavius
1728 4853 1893 4916 atque

312 4912 686 4981 Thomasius;
738 4915 790 4969 id
827 4912 1254 4985 enim'postulat
1302 4914 1404 4969 loci
1456 4915 1666 4985 indoles
1716 4912 1890 4970 Gra‘ei

313 4985 590 5056 sermonis
641 4987 801 5056 genio
857 4984 1083 5042 minime
1140 4993 1498 5056 repugnante.
1549 4984 1892 5056 Epiphanius

315 5053 450 5108 inibi
474 5053 762 5126 Origenem
795 5059 1165 5128 perstringere
1199 5053 1432 5122 videtur,
1464 5053 1718 5128 illiusque
1746 5058 1891 5128 serie

313 5133 426 5192 pta,
475 5141 598 5198 qua}
626 5136 773 5180 tanta
797 5125 1206 5191 memorantur,
1243 5135 1302 5180 ut
1330 5143 1437 5181 non
1478 5125 1752 5198 defuerint
1797 5127 1890 5198 qui

315 5209 412 5275 ser
467 5196 636 5275 millia
687 5199 1101 5275 numeraverim
1151 5198 1479 5275 volumina:
1527 5195 1605 5275 _De
1633 5194 1892 5275 _0rige'ue

315 5265 440 5338 vide
477 5264 823 5321 Vincentium
875 5265 1214 5324 Lirinensem
1261 5266 1677 5323 Commonitorio
1723 5264 1890 5338 supra

315 5336 680 5408 adipagr‘l59
708 5346 766 5392 et
792 5345 1042 5406 sequent.
1071 5340 1244 5408 partis
1273 5355 1309 5392 I.

390 5406 501 5474 (49)
540 5407 608 5478 Si
648 5409 714 5478 ad
773 5409 1014 5462 rationes
1061 5406 1116 5463 et
1165 5419 1482 5478 argumenta
1525 5407 1886 5476 respicimus,

317 5478 525 5549 quibus
575 5477 632 5532 S.
683 5477 1021 5549 Epiphanius
1088 5494 1187 5548 pro
1237 5477 1641 5532 resurrectione
1691 5479 1890 5549 carnis

318 5548 430 5617 agit
461 5547 740 5619 adversus
767 5547 1251 5619 Ineretirosfpatct
1281 5564 1394 5602 rem
1429 5564 1582 5601 suam
1609 5548 1890 5619 principio

235 5662 240 5665 _
317 5618 585 5695 exelnplis
643 5619 1054 5695 quibusdaura
1107 5617 1281 5695 rebus
1333 5628 1542 5695 natura
1574 5617 1889 5695 desumptis

319 5688 497 5766 ipsum
533 5688 883 5766 exor'navisse
910 5705 925 5744 :
955 5689 1161 5766 deinde
1209 5688 1475 5766 moribus,
1513 5689 1888 5766 religiosisque

319 5758 592 5814 institutis
624 5760 901 5815 hominum
955 5761 1099 5814 illam
1180 5760 1505 5813 t-onlirmare
1557 5761 1883 5827 suscepisse.

322 5828 478 5897 Quod
533 5845 666 5889 sane
716 5834 1020 5905 argumenti
1061 5847 1231 5902 genus
1268 5830 1399 5886 satis
1444 5830 1678 5885 validum
1729 5846 1887 5901 repu-

1994 4644 2047 4688 et
2064 4635 2276 4688 ratione
2293 4631 2461 4687 Deum
2485 4629 2749 4686 exsistere
2771 4645 2895 4685 cum
2913 4630 3196 4692 Cicerone,
3213 4629 3568 4695 Tertulliano,

1995 4705 2228 4773 aliisque
2251 4702 2524 4758 veteribus
2546 4701 2883 4773 phii0s0phis
2905 4700 3283 4773 demonstrare
3307 4701 3566 4754 solemus.

1996 4770 2184 4829 Tertio
2217 4773 2562 4845 progreditur
2608 4770 2946 4845 Epiphanius
2982 4771 3234 4845 adeum
3280 4785 3570 4845 argumen-

1995 4840 2445 4915 tationis'lociun,
2469 4841 2565 4915 cui
2594 4840 2826 4897 ratibuis
2850 4841 3167 4915 theologicae
3191 4840 3386 4894 nomen
3411 4840 3568 4915 inata

1989 4930 2202 4970 morem
2238 4915 2290 4969 in
2331 4913 2535 4969 scholis
2567 4919 2866 4982 receptum,
2905 4909 3085 4982 facere
3113 4925 3428 4982 possumus,
3458 4909 3566 4982 Qui

1995 5001 2129 5040 sane
2174 4987 2328 5039 locus
2381 4995 2441 5038 ut
2475 4984 2528 5037 in
2563 4980 2861 5052 praesentia.
2879 4984 2947 5036 ab
2995 4980 3298 5052 Epiphanio
3344 4981 3568 5035 adhibe—

1996 5065 2105 5119 tur,
2151 5055 2290 5111 licet,
2317 5051 2719 5109 ineluctabilem
2749 5055 2950 5108 habere
2980 5051 3231 5106 virnnon
3283 5051 3565 5114 videatur;

1993 5127 2306 5191 cltunbem,
2365 5126 2749 5194 inﬁrmumque
2796 5123 3020 5176 omnino
3077 5130 3335 5194 reputare
3384 5130 3565 5194 tamen

1996 5198 2146 5251 illum
2180 5212 2288 5250 non
2324 5195 2604 5250 debemus.
2639 5191 2709 5249 Se
2749 5195 3023 5249 convertit
3058 5191 3275 5248 denunn
3331 5191 3396 5245 ad
3427 5192 3567 5246 divi-

1994 5283 2188 5321 narum
2222 5265 2629 5335 Seripturarum
2669 5266 3018 5327 dotumenta,
3055 5279 3174 5333 qua:
3211 5264 3566 5335 adlastruen-

1995 5340 2120 5392 dam
2171 5354 2282 5392 rem
2319 5332 2566 5391 eamdem
2608 5335 2858 5390 adhibuit
2887 5332 3110 5390 uberius
3136 5333 3332 5390 deinde
3363 5334 3418 5386 in
3461 5332 3568 5385 Pa-

1997 5410 2149 5463 nario
2185 5408 2251 5462 ad
2285 5407 2524 5461 haereses
2554 5407 2624 5460 6.5
2652 5416 2705 5461 et
2732 5408 2821 5462 67.
2853 5404 2929 5458 lia
2967 5405 3320 5464 documenta,
3350 5404 3394 5458 si
3429 5403 3562 5461 illis,

1996 5491 2053 5532 ut
2081 5494 2178 5549 par
2204 5486 2307 5539 est,
2346 5484 2530 5530 utatur
2561 5477 3406 5549 theologus,firmissimampra:
3445 5486 3586 5549 out--

1994 5542 2158 5604 nib'us
2202 5549 2324 5604 aliis
2373 5549 2708 5618 argumentis
2748 5542 3038 5618 'suﬂiciunt
3090 5545 3156 5598 ad
3204 5542 3592 5618 evinceuduur

1995 5621 2298 5684 rationem;
2335 5610 2505 5672 sacrae
2548 5618 2756 5687 quasvis
2796 5617 3074 5687 religionis
3118 5613 3296 5678 capita
3328 5610 3436 5664 iliis
3477 5624 3566 5662 ro-

1994 5690 2298 5744 borautur:
2361 5689 2649 5746 roboretur
2679 5687 2894 5744 etillud
2929 5688 2998 5741 de
3045 5694 3339 5752 corporum
3381 5693 3565 5736 resur-

1994 5761 2254 5816 recliouc.

3297 5892 3326 5904 ρ
