4018 6210
510 391 612 446 185

1922 396 1981 452 S.
2013 396 2354 453 EPIPHANII

3644 395 3748 453 184

510 507 674 562 tritici
701 522 947 577 granum,
971 505 1048 560 vel
1075 506 1295 560 alterius
1342 507 1557 562 seminis
1600 524 1617 572 ;
1655 507 1791 563 Deus
1827 526 1945 565 vero
1979 511 2070 565 dat

2185 511 2382 566 ὗλλων
2404 509 2757 579 σπερμάτων
2786 509 2919 580 (50),
2943 509 3041 563 καὶ
3064 512 3097 564 ό
3123 510 3265 575 Θεός
3285 508 3529 563 δίδωσιν
3550 507 3699 564 αὐτό
3720 514 3746 546 ⁸

509 596 594 650 illi
620 610 807 665 corpus
836 605 992 666 prout
1021 595 1128 649 vult
1151 596 1192 647 ί.
1221 595 1335 650 Hoc
1365 597 1543 667 ipsum
1575 597 1642 651 ad
1671 594 1858 653 eorum
1881 615 2078 670 reprae-

510 691 834 743 sentandam
867 687 1093 756 gloriam
1127 687 1219 756 qui
1257 703 1381 741 cum
1414 687 1509 742 illo
1548 690 1838 758 splendore
1866 705 1928 745 ac
1957 692 2077 746 luce

510 779 873 835 resurrecturi
923 786 1072 839 sunt,
1126 778 1333 848 injecit.
1382 780 1559 850 Atque
1607 788 1664 834 ut
1704 796 1930 851 granum
1980 798 2077 852 per

512 870 750 941 seipsum
784 869 852 925 ad
891 884 1010 926 eam
1049 871 1275 939 gloriam
1312 872 1594 940 pervenire
1624 880 1974 936 monstraret,
2020 874 2077 928 in

511 957 805 1032 Evangelio
841 962 981 1018 dixit
1027 964 1167 1017 idem
1203 962 1296 1032 qui
1342 970 1398 1017 et
1430 965 1483 1016 in
1529 963 1699 1018 Paulo
1726 964 1793 1020 de
1830 980 2078 1021 resurre-

509 1056 693 1112 ctione
721 1056 1024 1112 disseruit:
1074 1054 1198 1110 Nisi
1238 1072 1462 1126 granum
1506 1058 1759 1127 frumenti
1795 1058 1987 1115 cadens
2023 1061 2077 1113 in

510 1157 738 1215 terram,
787 1159 1055 1204 mortuum
1101 1148 1288 1217 fuerit,
1338 1149 1510 1203 solum
1556 1161 1767 1208 manet:
1815 1152 1861 1206 si
1903 1160 2077 1205 autem

396 1260 407 1279 ’κ
511 1250 779 1295 mortuum
821 1240 1016 1310 fuerit,
1062 1240 1287 1294 multum
1312 1240 1544 1310 fructum
1569 1242 1791 1311 uﬁ‘ert’.
1837 1242 1977 1311 Ergo
2022 1253 2077 1298 et

508 1329 808 1400 Apostolus
839 1345 1067 1401 granum
1096 1331 1417 1397 nominavit,
1449 1343 1502 1387 et
1529 1332 1670 1388 idem
1702 1348 1930 1404 granum
1964 1349 2079 1389 cor-

510 1420 662 1491 poris
703 1420 952 1476 Salvator
996 1436 1091 1492 per
1139 1423 1377 1493 seipsum
1424 1425 1685 1479 ostendit.
1727 1425 1867 1490 Quid
1913 1426 2079 1496 igitur

510 1509 696 1566 dicere
722 1513 1055 1582 possumus?
1088 1513 1278 1570 Nonne
1311 1515 1589 1585 proprium
1618 1516 1797 1587 ipsum
1824 1516 1933 1587 95
1960 1518 2078 1587 ejus

512 1613 737 1670 corpus,
772 1600 876 1657 hoc
917 1608 1021 1669 est,
1066 1602 1209 1657 idem
1250 1617 1479 1673 granum
1523 1605 1796 1660 surrexit?
1833 1620 1903 1658 an
1934 1603 2077 1658 aliud

513 1698 598 1745 est
629 1689 776 1762 quod
798 1706 863 1746 ex
898 1692 1017 1763 ipso
1046 1703 1170 1763 post
1193 1696 1432 1751 triduum
1461 1711 1493 1751 e
1525 1695 1777 1765 sepulcro
1802 1695 2081 1750 surrexit?

514 1788 574 1836 ut
595 1781 770 1852 angeli
807 1788 1111 1840 testantur:
1150 1783 1412 1851 Surrexit,
1455 1801 1560 1839 non
1586 1793 1664 1839 est
1694 1784 1776 1836 hic
1807 1784 1865 1838 ':
1897 1777 1989 1838 aut
2024 1782 2078 1836 id

2180 603 2247 656 τὸ
2288 602 2459 670 σῶμα
2495 603 2575 668 ὡς
2610 601 2892 669 ἠθέλησε.
2932 600 3101 654 Τοῦτο
3144 603 3222 665 εἰς
3259 599 3417 667 δόξαν
3458 597 3567 652 τῶν
3602 601 3752 668 ἐγει-

2180 692 2423 763 ρομένων
2450 694 2508 745 ὲν
2543 692 2859 764 φαιδρότητι
2895 686 3199 744 εἶπεν.“ῐνα
3241 689 3298 743 δὲ
3337 688 3481 760 δείξῃ
3509 688 3600 743 τὸν
3627 689 3754 744 κόκ-

2181 799 2277 837 κον
2312 783 2797 855 προσλαμεόινοντα
2835 783 2931 854 τὴν
2971 782 3129 847 δόξαν
3156 782 3224 836 δι’
3259 782 3476 848 ἑαυτοῦ,
3509 778 3662 836 εἶπεν
3689 786 3764 837 ἐν

2177 875 2254 946 τῷ
2279 874 2597 945 Εὑαγγελίῳ
2624 876 2651 927 6
2676 876 2769 927 καὶ
2802 877 2858 928 ἐν
2876 874 3071 943 Παύλῳ
3091 874 3329 944 λαλήσας
3363 890 3429 926 πε
3440 873 3493 943 pl.
3517 874 3754 927 ἀναστά-

2181 979 2354 1026 σεως·
2402 964 2544 1017 Ἐὰν
2583 962 2670 1032 μὴ
2716 966 2750 1017 ό
2798 965 3017 1028 κόκκος
3046 961 3154 1015 τοῦ
3195 963 3370 1015 σίτου
3406 960 3612 1015 πεσὼν
3658 964 3753 1028 είς

2178 1053 2295 1121 τὴν
2340 1051 2458 1123 γῆν
2502 1042 2803 1121 ἀποθάνῃ,
2841 1052 3007 1121 φησὶ,
3055 1052 3245 1122 μόνος
3293 1052 3490 1120 μένει·
3528 1052 3637 1105 ἐὰν
3680 1051 3753 1103 δὲ

2180 1144 2475 1211 ἀποθάνῃ,
2506 1144 2706 1198 πολὺν
2733 1143 2966 1212 καρπὸν
2993 1142 3175 1212 φέρει.
3205 1144 3346 1214 Ἀρα
3371 1141 3500 1211 γοῦν
3524 1144 3552 1196 ὀ
3592 1142 3753 1195 Ἀπό-

2181 1236 2365 1299 στολος
2391 1234 2590 1289 κόκκον
2626 1234 2816 1305 ἔφησε,
2849 1235 2943 1288 καὶ
2963 1236 2990 1287 6
3020 1234 3208 1306 Σωτὴρ
3238 1234 3329 1288 τὸν
3355 1234 3516 1287 αὐτὸν
3548 1234 3750 1287 κόκκον

2178 1323 2273 1379 τοῦ
2308 1323 2561 1395 σώματος
2602 1324 2671 1378 δι’
2705 1323 2870 1378 αὐτοῦ
2919 1323 3188 1388 ἀπέδειξε.
3221 1324 3286 1377 Τί
3333 1320 3425 1377 οὖν
3474 1323 3747 1394 ἐροῦμεν;

2178 1418 2279 1470 οὐκ
2310 1416 2442 1470 αὐτὸ
2467 1416 2528 1469 τὸ
2577 1416 2783 1488 σπαρὲν
2817 1415 2947 1470 ἴδιον
2979 1415 3142 1468 αὐτοῦ
3192 1415 3369 1486 σῶμα,
3419 1413 3691 1467 τουτέστιν
3718 1415 3751 1467 6

2179 1509 2408 1573 κόκκος,
2463 1507 2693 1579 ἀνέστη;
2734 1507 2767 1578 ἢ
2822 1507 3008 1578 ἕτερον
3051 1502 3120 1578 ἦν
3165 1506 3227 1558 τὸ
3278 1505 3337 1569 ἐξ
3389 1504 3553 1557 αὑτοῦ
3609 1504 3752 1574 μετά

2178 1601 2475 1671 τριήμερόν
2500 1599 2739 1653 ἀναστὰν
2773 1600 2836 1651 ὲκ
2868 1597 2962 1652 τοῦ
3005 1595 3308 1668 μνημείου;
3338 1595 3412 1659 ὡς
3445 1597 3492 1647 οἱ
3525 1593 3751 1663 ἄγγελοι

2178 1690 2431 1759 λέγουσιν
2448 1707 2462 1721 ⁸
2502 1690 2765 1757 Ἀνέστη,
2796 1691 2906 1743 οὐκ
2926 1690 3096 1743 ἐστιν
3113 1682 3230 1741 ὧδε
3248 1703 3260 1717 ·
3295 1687 3390 1740 καὶ
3414 1685 3489 1749 ὣς
3513 1703 3645 1755 φησι
3677 1687 3748 1755 τῇ

2180 1784 2401 1855 Μαρίᾳο
2457 1780 2550 1848 Μή
2607 1799 2724 1852 μου
2766 1779 2995 1836 ἅπτου·
3048 1779 3212 1832 οὔπω
3255 1779 3364 1847 γὰρ
3411 1775 3752 1843 ἀναϐέϐηκα

510 1872 656 1942 quod
697 1871 880 1929 Maris
909 1873 1081 1931 dicit:
1132 1875 1262 1929 Noli
1293 1893 1373 1930 me
1405 1886 1650 1946 tangere;
1681 1872 1911 1929 nondum
1940 1875 2078 1928 enim

2185 1872 2330 1941 πρὸς
2361 1872 2470 1926 τὸν
2498 1871 2732 1939 Πατέρα
2751 1887 2901 1940 μου·
2938 1871 3030 1924 καὶ
3055 1869 3129 1931 ὡς
3159 1867 3395 1922 δείκνυσι
3428 1867 3526 1930 τὰς
3562 1869 3751 1940 χεῖρας

413 2013 425 2025 ,
509 1962 724 2017 escendi
758 1964 828 2018 ad
871 1964 1091 2020 Patrem
1130 1983 1303 2022 meum
1327 1968 1378 2034 ‘;
1419 1975 1515 2021 aut
1551 1982 1677 2022 cum
1716 1982 1912 2021 manus
1950 1981 2080 2021 suas

2185 1965 2275 2018 καὶ
2307 1964 2407 2035 τὴν
2444 1962 2687 2033 πλευράν
2715 1960 2794 2032 τῷ
2834 1962 3024 2033 Θωμᾷ,
3050 1961 3252 2029 λέγων·
3284 1960 3380 2029 Μὴ
3415 1962 3585 2029 τίνου
3615 1958 3753 2011 ἄπι-

511 2066 581 2106 ac
605 2053 753 2109 latus
782 2052 1007 2110 Thomas
1034 2058 1159 2110 eum
1206 2056 1293 2111 his
1321 2055 1503 2111 verbis
1541 2053 1916 2109 demonstrat:
1952 2051 2080 2107 Noli

2185 2069 2348 2120 στος.
2413 2053 2551 2106 Ἀλλ’
2602 2053 2847 2108 ἀπίστων
2899 2052 3019 2106 ἐστὶ
3074 2051 3136 2106 τὸ
3183 2053 3356 2105 εἰπεῖν
3420 2051 3579 2112 ὅλως.
3634 2050 3753 2102 οὐκ

509 2159 623 2197 esse
666 2144 969 2200 incredulus
996 2148 1041 2200 ⁵.
1093 2145 1199 2201 Sed
1246 2154 1341 2200 aut
1388 2143 1689 2199 inﬁdelium
1728 2154 1814 2198 est
1862 2143 2080 2212 penitus

2185 2145 2379 2216 ἀνέστη
2404 2161 2419 2178 ο
2455 2144 2489 2216 ἢ
2525 2144 2619 2199 καὶ
2641 2144 2986 2198 κακοπίστων
3018 2143 3134 2198 ἐστὶ
3165 2143 3226 2197 τὸ
3251 2145 3445 2206 εἰπεῖν,
3478 2141 3592 2193 Οὐκ
3616 2140 3753 2194 αὐτὸ

511 2232 664 2287 illum
696 2236 1067 2290 resurrexisse
1108 2249 1351 2305 negare:
1402 2243 1493 2288 aut
1530 2248 1720 2289 eorum
1754 2233 1848 2304 qui
1885 2232 2080 2303 depra-

2185 2235 2241 2289 τὸ
2272 2236 2533 2307 κοιμηθὲν
2581 2237 2779 2309 ἀνέστη
2800 2251 2815 2267 ·
2852 2236 3062 2291 πιστῶν
3090 2235 3148 2290 δέ,
3179 2238 3293 2289 ἐστι
3334 2237 3396 2290 τὸ
3445 2240 3639 2307 εἰπεῖν,
3666 2239 3751 2292 ὅτι

462 2312 469 2317 “
509 2330 692 2379 vatam
721 2324 881 2380 [idem
914 2325 1142 2393 habent,
1171 2340 1417 2381 asserere
1446 2341 1554 2380 non
1584 2324 1727 2379 idem
1757 2324 1900 2394 quod
1933 2340 2080 2378 mor-

508 2421 666 2470 tuum
690 2423 776 2472 est
812 2417 1181 2473 resurrexlsse
1207 2432 1440 2489 corpus;
1479 2416 1716 2471 lidelium
1752 2415 1970 2471 demum
1996 2423 2080 2472 est

2183 2325 2315 2380 αὐτὸ
2333 2326 2394 2379 τὸ
2421 2326 2581 2397 σῶμα
2606 2327 2828 2398 ἀνέστη.
2877 2328 2987 2381 Καὶ
3013 2328 3120 2381 ἀπὸ
3142 2328 3236 2382 τοῦ
3260 2322 3423 2382 ἀύτοῦ
3451 2329 3705 2400 σώματος
3726 2330 3752 2363 ⁸

2182 2417 2434 2489 ἠγείρετο
2466 2419 2618 2489 ἡμῖν,
2649 2419 2738 2473 ἵνα
2764 2419 2845 2482 εἰς
2870 2417 3059 2472 ἐλπίδα
3087 2418 3341 2489 ἀληθείας
3370 2422 3638 2491 καταστῇ.

511 2511 802 2580 aiiirmare,
831 2512 975 2569 idem
1023 2528 1147 2568 esse
1194 2528 1396 2583 corpus
1432 2513 1749 2567 excitatum.
1812 2510 1984 2566 Porro
2039 2526 2162 2566 cum
2199 2512 2387 2568 eodem
2433 2513 2727 2569 nobiscum
2748 2527 2977 2583 corpore
3017 2512 3243 2569 excitari
3274 2513 3464 2578 voluit,
3505 2520 3564 2567 ut
3595 2512 3750 2583 spein

511 2607 671 2662 nobis
708 2606 956 2663 veritatis
978 2607 1263 2663 tribueret.

584 2697 720 2756 XCI.
760 2699 842 2755 Ad
877 2700 1126 2757 eumdem
1171 2702 1373 2773 quippe
1406 2703 1565 2758 linem
1618 2703 1900 2758 clavorum
1932 2703 2078 2758 cica-

513 2791 680 2848 trices
708 2791 944 2862 reliquit,
971 2806 1073 2847 nec
1093 2791 1216 2848 illas
1245 2793 1464 2848 abolere
1485 2794 1654 2848 voluit
1674 2806 1852 2864 neque
1876 2794 2080 2850 lancea:

516 2882 823 2954 vestigium,
857 2882 1072 2939 tametsi
1107 2883 1291 2953 januis
1339 2883 1544 2938 clausis
1595 2893 1742 2940 esset
1777 2886 2078 2955 ingressus.

514 2974 725 3031 Etenim
763 2974 911 3046 quod
955 2974 1008 3030 in
1050 2989 1117 3030 eo
1147 2976 1368 3031 carnale
1408 2990 1609 3046 corpus
1656 2984 1794 3045 erat,
1838 2977 2083 3048 spiritale

514 3066 756 3122 surrexit
785 3083 799 3121 :
829 3066 923 3122 sed
952 3080 1062 3122 non
1101 3066 1248 3122 aliud
1278 3075 1458 3123 tamen
1490 3076 1686 3139 przeter
1715 3067 1769 3122 id
1797 3084 1906 3139 quo
1944 3083 2083 3139 praa-
2108 3052 2115 3061 κ

2253 2701 2369 2768 ι,Α¹.
2409 2701 2504 2766 Εἰς
2536 2699 2696 2754 τοῦτο
2746 2698 2856 2770 (5|)
2908 2699 3018 2772 γάρ
3062 2700 3156 2755 καὶ
3189 2701 3315 2763 τοὺς
3343 2701 3545 2766 τύπους
3597 2704 3753 2758 siuas
3790 2684 3793 2687 Α

2179 2791 2289 2847 τῶν
2319 2792 2485 2862 ἥλων,
2522 2790 2597 2862 μὴ
2643 2791 2947 2861 ἀπαλείψας
2992 2791 3187 2856 αὐτοὺς
3211 2830 3227 2855 ,
3277 2792 3409 2863 μηδὲ
3447 2793 3541 2847 τὸν
3579 2793 3755 2849 τύπον

2181 2883 2283 2954 τῆς
2328 2882 2560 2953 λόγχης,
2615 2881 2855 2950 καίτοιγε
2908 2881 3165 2937 εἰσελθὼν
3200 2882 3377 2955 θυρῶν
3425 2883 3753 2956 κεκλεισμέ-

2184 2989 2311 3027 νων.
2343 2973 2416 3026 Τὸ
2449 2974 2558 3045 γάρ
2584 2974 2845 3046 σαρκικὸν
2892 2972 3057 3027 αὐτοῦ
3110 2972 3476 3043 πνευματικὸν
3512 2974 3712 3046 ἀνέστη
3733 3013 3751 3039 ,

2186 3065 2300 3120 ἀλλ’
2326 3065 2425 3118 οὐκ
2452 3064 2580 3118 ἄλλο
2607 3064 2755 3136 παρὰ
2780 3064 2840 3116 τὸ
2859 3062 2940 3125 ὃν,
2962 3064 3041 3127 είς
3066 3061 3290 3135 θεότητα
3322 3063 3635 3125 συνενωθὲν,
3667 3065 3754 3129 εἰς

432 3218 437 3222 ,
512 3160 662 3214 ditus
692 3166 832 3220 erat,
867 3156 1014 3228 quod
1041 3173 1164 3212 cum
1199 3157 1489 3214 Divinitate
1513 3159 1866 3228 conjunctum
1898 3160 1954 3213 in
1976 3160 2080 3229 spi-

2185 3156 2484 3228 λεπτότητα
2526 3155 2832 3225 πνεύματος
2882 3154 3177 3226 κοσμηθέν.
3213 3155 3275 3208 El
3318 3155 3415 3226 μὲν
3450 3156 3558 3226 γὰρ
3597 3155 3641 3187 ³⁸
3678 3150 3755 3226 ἦν

516 3249 730 3303 ritalem
760 3247 1051 3317 quamdam
1096 3248 1450 3303 subtilitatem
1496 3250 1733 3304 transiit.
1777 3247 1893 3304 Nisi
1937 3251 2081 3305 enim

515 3338 779 3410 spiritalis
804 3338 894 3393 illa
914 3337 1189 3394 subtilitas
1220 3337 1432 3402 inisset,
1462 3338 1734 3409 quodnam
1766 3348 1923 3395 terrae
1941 3339 2086 3395 fora-

515 3444 644 3484 men
698 3428 969 3484 tantillum
1012 3442 1213 3496 corpus
1265 3430 1606 3499 excepisset?
1654 3429 1758 3485 Sed
1803 3430 2083 3488 declarare

514 3519 665 3576 istud
703 3520 916 3575 voluit:
956 3517 1311 3588 Corruptibile
1351 3528 1590 3574 nostrum
1632 3520 1728 3574 hoc
1778 3536 1966 3590 corpus
2001 3521 2083 3575 in-

514 3612 676 3667 duere
702 3611 1155 3680 incorruptionem
1178 3612 1220 3667 ⁸.
1254 3611 1410 3677 Quod
1439 3613 1542 3666 etsi
1576 3614 1805 3666 mortale
1848 3613 1940 3674 sit,
1983 3613 2084 3666 im-

514 3705 847 3761 mortalitate
874 3704 1124 3760 vestitur.
1153 3705 1363 3760 Idcirco
1391 3704 1602 3762 foribus
1626 3706 1863 3762 occlusis
1900 3706 2082 3777 ingre-

515 3797 687 3862 ditur,
718 3804 778 3852 ut
802 3796 948 3868 quod
981 3811 1231 3852 crassum
1260 3812 1324 3852 ac
1352 3805 1666 3852 concretum
1693 3806 1798 3862 est,
1827 3808 1988 3853 tenue
2019 3790 2083 3852 ac

516 3887 751 3956 subtile;
785 3887 933 3959 quod
953 3887 1181 3943 mortale
1219 3897 1322 3953 est,
1360 3888 1696 3955 immortale;
1728 3888 1871 3958 quod
1887 3904 2081 3943 corru-

515 3979 685 4052 ptioni
704 3969 997 4034 obuo‘ium
1014 3991 1117 4043 est,
1129 3980 1507 4050 incorruptum
1529 3978 2080 4036 monstraret.Verum

515 4079 576 4128 ut
590 4086 782 4128 omnes
796 4072 1142 4127 convinceret
1157 4071 1249 4142 qui
1267 4072 1427 4127 saluti
1446 4078 1664 4137 nostrae,
1687 4073 1788 4127 hoc
1799 4080 1884 4128 est
1901 4087 2083 4128 resur-

512 4164 747 4222 rectioni
775 4164 1045 4233 diiiidunt,
1079 4165 1220 4221 idem
1261 4166 1353 4221 ille
1379 4166 1470 4236 qui
1499 4181 1702 4237 corpus
1724 4166 1778 4221 in
1804 4167 2081 4223 subtilita-

2183 3248 2446 3318 λεπτότης
2494 3246 2827 3317 πνεύματος,
2868 3247 2997 3299 ποία
3040 3248 3144 3317 γῆς
3190 3247 3297 3318 ὀπὴ
3330 3246 3541 3317 ἐδέχετο
3591 3247 3754 3317 σῶμα

2187 3339 2419 3411 μικρόν;
2458 3339 2595 3393 ’Δλλ’
2624 3339 2711 3392 ἵνα
2738 3338 2885 3410 δείξῃ
2917 3341 2999 3393 ὅτι
3029 3339 3158 3392 αὐτὸ
3191 3339 3266 3394 T6
3293 3338 3556 3407 φθαρτόν
3582 3338 3758 3407 ἡμῶν

2182 3430 2453 3484 ἐνδύεται
2500 3428 2860 3496 ἀφθαρσίαν.
2912 3427 2976 3481 Et
3030 3427 3138 3499 γὰρ
3177 3428 3271 3481 καὶ
3322 3427 3515 3498 θνητόν
3561 3429 3753 3493 ἐστιν,

2184 3521 2478 3576 ἀθανασίαν
2538 3518 2802 3572 ἐνδύεται.
2858 3517 3091 3590 Εἰσῆλθε
3146 3518 3244 3588 μὲν
3301 3517 3479 3588 θυρῶν
3538 3519 3757 3574 κεκλει-

2186 3612 2432 3682 σμένων,
2471 3610 2561 3663 ἵνα
2599 3608 2746 3679 δείξῃ
2789 3608 2850 3660 τὸ
2896 3607 3208 3678 παχυμερὲς
3249 3604 3609 3676 λεπτομερὲς,
3654 3607 3755 3660 καὶ

2182 3705 2242 3757 τὸ
2270 3703 2460 3775 θνητὸν
2489 3701 2753 3756 ἀθάνατον
2774 3741 2789 3764 ,
2828 3700 2922 3754 καὶ
2948 3699 3010 3752 τὸ
3035 3696 3271 3769 φθαρτὸν
3296 3696 3568 3768 ἄφθαρτον
3590 3713 3607 3729 ·
3663 3696 3756 3750 ἴνα

2181 3797 2237 3849 δὲ
2275 3796 2483 3857 πάντας
2528 3792 2720 3864 ἐλέγξῃ
2752 3793 2878 3856 τοὺς
2920 3790 3283 3853 ἀπιστοῦντας
3325 3790 3404 3851 εἰς
3460 3788 3560 3858 τὴν
3595 3786 3756 3858 ἡμῶν

2185 3885 2480 3957 σωτηρίαν,
2517 3885 2658 3955 φημὶ
2687 3883 2744 3936 δὲ
2782 3881 2880 3954 τὴν
2903 3882 3220 3944 ἀνάστασιν,
3253 3879 3282 3930 6
3321 3879 3402 3941 είς
3450 3877 3755 3949 λεπτότητα

2188 3977 2535 4049 μεταϐάλλων
2584 3975 2643 4028 τὸ
2691 3973 2847 4044 σῶμα
2870 4012 2885 4037 ,
2930 3973 3024 4026 καὶ
3078 3972 3158 4035 εἱς
3216 3968 3429 4040 πνεῦμα
3486 3968 3753 4038 συγκερά-

2186 4085 2285 4130 σας
2331 4067 2432 4139 τὴν
2483 4066 2777 4120 ἀνάστασιν
2800 4103 2813 4128 ,
2849 4062 2948 4115 οὐκ
2988 4060 3255 4133 ἀπήλειψε
3296 4060 3395 4123 τάς
3434 4058 3595 4122 οὐλὰς
3641 4057 3753 4110 τῶν

2183 4159 2328 4231 ἥλων
2347 4198 2361 4220 ,
2395 4157 2515 4211 οὐδὲ
2546 4156 2638 4209 τὸν
2669 4155 2836 4207 τύπον
2864 4153 2962 4223 τῆς
2989 4152 3215 4223 λόγχης·
3244 4150 3358 4205 ἀλλ’
3395 4149 3590 4215 ἔδειξεν
3619 4146 3753 4203 αὐτὸ

513 4267 620 4315 tem
659 4265 1021 4323 converterat,
1057 4264 1112 4314 et
1146 4235 1614 4315 resurrectionem
1649 4264 1980 4328 temperarat
2028 4257 2080 4311 in

2186 4254 2278 4306 ἐπὶ
2323 4250 2417 4304 τοῦ
2471 4247 2705 4321 σταυροῦ
2752 4244 3053 4309 πεπονθὸς,
3109 4246 3192 4298 ὅτι
3252 4244 3353 4297 οὐκ
3395 4242 3523 4295 ἄλλο
3568 4235 3635 4310 ἦν
3691 4239 3753 4291 τὸ

513 4348 790 4419 spiritum,
815 4348 1093 4402 clavorum
1118 4347 1402 4403 cicatrices
1428 4356 1520 4402 aut
1545 4349 1744 4403 lanceae
1767 4363 1876 4402 non
1903 4354 2080 4403 sustu-

2186 4342 2443 4405 ἀναστὰν,
2471 4339 2592 4394 οὐδὲ
2632 4338 2728 4392 ἀπ’
2755 4336 2921 4390 αὐτοῦ
2967 4336 3153 4408 ἕτερον
3186 4334 3339 4405 φυὲν,
3379 4331 3492 4386 ἀλλ’
3524 4330 3653 4384 αὐτὸ
3693 4330 3753 4383 τὸ

513 4440 595 4503 iit,
636 4437 732 4494 sed
765 4439 905 4494 idem
945 4453 1070 4494 esse
1113 4438 1322 4499 docuit,
1367 4438 1511 4507 quod
1553 4439 1610 4492 in
1648 4451 1815 4492 cruce
1858 4449 2080 4506 passum

2189 4432 2454 4496 πεπονθὸς
2478 4430 2704 4494 ἀπαθὲς,
2729 4433 2823 4483 καὶ¹
2841 4429 3004 4491 αὐτὸς
3023 4430 3051 4482 ό
3074 4425 3254 4481 πεσὼν
3276 4426 3472 4488 κόκκος
3495 4422 3751 4488 ἀναστὰς,

515 4535 702 4598 postea
734 4529 1070 4597 resurrexit;
1114 4544 1292 4598 neque
1319 4542 1446 4584 vero
1486 4527 1632 4583 aliud
1661 4543 1727 4583 ex
1761 4526 1880 4596 ipso
1922 4540 2080 4580 coor-

2189 4522 2426 4587 ἀναστὰς
2454 4523 2511 4576 δὲ
2552 4522 2847 4593 ἄφθαρτος.
2879 4519 2987 4573 Καὶ
3020 4520 3106 4573 ἵνα
3140 4518 3300 4572 πάλιν
3338 4516 3412 4587 μὴ
3442 4513 3754 4585 νομίσωμεν

513 4630 652 4684 tum,
684 4635 871 4676 verum
898 4619 1003 4675 hoc
1029 4620 1229 4691 ipsum,
1261 4618 1408 4690 quod
1434 4630 1753 4687 perpessum
1780 4622 1919 4679 erat,
1961 4630 2082 4684 per—

514 4708 791 4779 pessionis
813 4722 1008 4777 expers
1036 4724 1160 4764 esse
1186 4708 1387 4763 factum
1409 4725 1425 4774 ;
1450 4714 1506 4762 et
1529 4706 1669 4760 idem
1699 4703 1846 4775 quod
1867 4705 2081 4762 cecide-

512 4806 620 4864 rat,
651 4799 748 4855 scd
792 4799 1167 4871 incorruptum
1210 4798 1584 4856 resurrexisse
1615 4812 1867 4867 granum.
1902 4798 1981 4852 Ac
2013 4814 2081 4854 ne

511 4894 653 4951 forte
690 4903 899 4964 partem
939 4892 1207 4947 duntaxat
1238 4891 1384 4948 illius
1410 4890 1696 4946 ex‘citatam
1735 4903 1857 4944 esse
1888 4890 2079 4944 creda-

512 5000 656 5050 mus,
686 4984 815 5039 licet
837 4992 1012 5039 totum
1050 4984 1228 5054 ipsum
1268 4981 1675 5053 corruptionem
1721 4995 1829 5035 non
1857 4980 2076 5046 viderit,

510 5084 685 5131 totum
714 5076 1071 5145 nihilominus
1111 5073 1431 5131 resurrexit.
1469 5072 1740 5143 Scriptum
1780 5071 1924 5128 enim
1952 5079 2073 5127 est:

2192 4616 2356 4688 μέρος
2388 4633 2441 4670 τι
2474 4614 2772 4687 ὲγηγέρθαι
2799 4614 2857 4680 ἐξ
2878 4612 3066 4677 αὐτοῦ,
3091 4611 3223 4667 αὐτὸ
3252 4610 3349 4681 μὲν
3377 4608 3496 4662 ὅλον
3526 4605 3627 4658 οὐκ
3645 4600 3755 4659 εἶδε

2188 4705 2511 4779 διαφθορὰν,
2570 4704 2685 4759 ἀλλ’
2742 4703 2874 4757 αὐτὸ
2932 4701 3053 4754 ὅλον
3119 4699 3339 4768 ἀνέστη.
3399 4695 3560 4765 Λέγει
3601 4694 3749 4767 γάρ’

2198 4795 2465 4864 Ἀνέστη,
2492 4796 2602 4848 οὐκ
2627 4793 2798 4848 ἔστιν
2819 4783 2956 4845 ὦδε.
2997 4787 3288 4860 Ἀληθινῶς
3320 4786 3540 4860 ἀνέστη,
3572 4786 3666 4841 γαὶ
3693 4786 3756 4841 οὐ

2193 4887 2518 4957 σφάλλονται
2546 4887 2602 4941 αἱ
2636 4883 2874 4956 Ηραφαὶ,
2910 4878 3066 4937 οὖσαι
3094 4879 3335 4951 ἡμετέρα
3372 4877 3508 4950 ζωή.
3538 4877 3643 4933 Καὶ
3671 4879 3759 4932 ἵνα

2193 4980 2269 5051 μὴ
2319 4978 2555 5050 εὕρωσιν
2609 4977 2661 5029 oi
2704 4974 3044 5046 ἠπατημένοι
3094 4969 3365 5044 πρόφασιν
3390 5007 3406 5032 ,
3450 4967 3613 5021 ὀστέα
3662 4968 3759 5021 καὶ

2190 5068 2370 5138 σάρκα
2409 5063 2577 5131 ἔδειξε
2625 5063 2705 5135 τῷ
2752 5063 2950 5134 Θωμᾷ,
2985 5061 3225 5126 καὶτοῖς
3274 5058 3537 5132 μαθηταῖς
3590 5055 3756 5110 αὑτοῦ

508 5168 794 5239 Surrexit,
838 5184 942 5226 non
969 5176 1047 5223 est
1080 5167 1163 5222 hic
1183 5167 1228 5222 ".
1258 5166 1399 5224 Vere
1432 5180 1563 5238 ergo
1594 5165 1831 5227 surrexit
1857 5184 1871 5221 :
1901 5178 2078 5237 neque

2185 5158 2397 5230 ἔλεγεν·
2464 5155 2651 5213 Ἵδετέ
2708 5173 2786 5226 με
2846 5154 2936 5210 ὅτι
2993 5154 3108 5227 ἐγώ
3155 5157 3302 5224 εἰμι·
3365 5150 3598 5219 πνεῦμα
3645 5145 3758 5218 γὰρ

584 5353 601 5385 ¹
635 5352 679 5405 ll
712 5353 841 5408 Cor.
875 5367 964 5415 xv,
989 5349 1172 5405 36-58.
1282 5349 1302 5380 ’
1325 5348 1483 5403 Joan.
1512 5345 1720 5412 ωλι.
1820 5345 1842 5377 ³
1875 5343 2043 5415 Marc.
2071 5357 2181 5415 va,
2206 5341 2260 5415 6_.
2362 5338 2564 5397 ‘Joan.
2595 5353 2688 5403 xx,
2724 5336 2813 5391 l7.
2887 5335 2910 5368 ⁸
2936 5335 3067 5391 ibid.
3096 5333 3190 5390 27.
3265 5333 3288 5365 ⁸
3324 5329 3340 5384 Ι
3369 5326 3495 5385 Cor.
3528 5344 3616 5395 av,
3662 5326 3754 5384 53.

504 5421 526 5455 '
568 5420 740 5478 Marc.
775 5436 890 5486 xw,
918 5410 972 5476 6.
1046 5422 1068 5454 ⁸
1099 5419 1162 5476 F.
1193 5419 1362 5489 αὐτῷ.
1440 5420 1460 5452 ³
1494 5418 1556 5472 F.
1587 5410 1859 5488 χώματος.
1905 5416 1945 5447 ‘°
1979 5412 2040 5469 F.
2079 5411 2155 5484 μὴ
2179 5410 2306 5482 γάρ.

579 5576 694 5650 (50)
738 5576 794 5631 In
811 5574 1264 5650 ‘Episto‘la‘prima
1282 5573 1374 5650 _ad_
1389 5572 1706 5650 gorinthjos
1735 5586 1854 5642 cap.
1881 5586 1980 5650 κν,
1997 5568 2088 5650 Si},
2267 5566 2380 5650 (5i)
2419 5566 2549 5650 Qum
2576 5564 2764 5650 hoc-et
2811 5557 3650 5650 sequenti‘nugniergineorgtus

507 5625 1758 5714 lega;:.s',"~6’ségasesjsesafeaaa;
1782 5625 1890 5696 εἰς.
1936 5625 2080 5696 unde?

2197 5625 2568 5714 guhtu’rfvide
2588 5636 2797 5714 iisdem
2840 5625 2974 5714 fere,
3010 5630 3093 5684 vel
3141 5629 3414 5714 siritilibus
3448 5625 3758 5714 fertili‘sﬂx-

507 5694 766 5774 ἐῆὲἱίῖνίἰῐὲ
799 5694 1125 5775 γῖιιῐιὶιῐξιίῙ
1163 5694 1592 5784 assensum
1637 5694 1759 5768 t'oéé
1792 5694 2090 5785 possumus
2197 5694 2371 5789 posita
2401 5694 2453 5789 ῥι
2490 5708 2543 5761 in
2584 5705 2815 5763 Panario
2846 5694 3223 5763 sub-numeris
3264 5698 3332 5755 et
3360 5704 3413 5755 ct
3446 5695 3515 5754 es
3568 5694 3764 5767 Orige-

507 5804 776 5849 atnoverc.
1351 5778 1370 5783 ’
1410 5778 1427 5784 ⁷
1795 5778 1815 5785 ⁷
2192 5778 2369 5843 hiante
2401 5778 2687 5834 haereseos.
