4018 6210
323 371 430 430 185

1750 372 2069 430 ANCORA'I
2087 374 2194 430 US.

3503 368 3606 424 196

323 488 511 544 ὀστέα
559 489 656 544 καὶ
693 488 894 556 σάρκα
926 489 1041 543 οὐκ
1071 489 1219 558 ἔχει,
1269 488 1462 554 καθὼς
1503 488 1609 558 ἐμὲ
1656 490 1925 558 θεωρεῖτε

2031 487 2180 544 lalsae
2218 495 2349 543 sunt
2373 485 2694 558 Scripturae,
2729 486 2930 557 quibus
2966 486 3114 540 salus
3140 491 3327 539 nostra
3356 483 3606 537 contine-

322 582 562 650 ἔχοντα.

322 687 453 729 ossa
505 679 669 741 atque
717 685 938 728 carnem
979 670 1209 726 Thomas
1285 686 1350 726 ae
1394 673 1609 727 caeteris
1650 672 1943 742 discipulis
1981 669 2276 727 ostendens
2323 687 2337 726 :

2017 585 2129 633 tur.
2159 579 2264 633 Sed
2297 594 2366 632 ne
2388 579 2663 634 haereticis
2687 577 2996 633 occasionis
3021 577 3356 647 praeberetur
3377 573 3604 644 aliquid,

2399 667 2579 722 Videte
2624 685 2727 734 me,
2784 669 2982 739 inquit,
3024 667 3272 738 quoniam
3323 681 3414 734 ego
3459 679 3606 730 sum;

322 769 543 836 spiritus
571 769 710 821 enim
735 784 859 821 ossa
884 775 932 821 et
962 784 1176 822 carnem
1204 783 1304 822 non
1333 767 1506 832 habet,
1549 768 1686 821 sicut
1719 785 1800 822 me
1835 770 2020 822 videtis
2049 765 2239 819 habere
2260 765 2303 819 ⁵.

397 859 510 927 ιιιδν.
559 859 683 913 Ἐὰν
705 859 764 913 δέ
801 878 884 923 τις
930 861 1284 930 σοφιζόμενος
1322 861 1485 932 εἴπῃο
1533 862 1696 916 Ἀλλὰ
1725 863 1786 915 τὸ
1822 860 1918 914 τοῦ

324 949 578 1018 Σωτῆρος
617 949 772 1019 ἡμῶν
830 948 989 1028 σῶμα
1046 949 1327 1022 ἐξαίρετον
1373 947 1464 1022 ἦν,
1514 952 1604 1006 διὰ
1651 952 1712 1005 τὸ
1759 953 1918 1022 μόνον

326 1038 681 1108 συνειλῆφθαι
724 1040 833 1092 ἀπὸ
875 1041 1095 1111 Μαρίας
1140 1042 1236 1094 καὶ
1267 1043 1442 1114 χωρὶς
1476 1043 1792 1113 σπέρματος
1830 1045 1922 1096 ἁν-

324 1131 453 1202 δρός
473 1149 486 1162 ο
522 1131 637 1184 ἀλλ’
666 1131 846 1194 οὐδεὶς
875 1131 986 1201 ἕχει
1017 1132 1178 1186 τοῦτο
1211 1135 1408 1196 εἰπεῖν,
1444 1133 1565 1186 οὐδὲ
1612 1134 1918 1199 ἀποδεῖξαι.

339 1223 466 1275 Ἐὰν
499 1221 556 1274 δέ
599 1239 681 1285 τις
716 1222 877 1275 πάλιν
928 1223 1282 1294 σοφιζόμενος
1331 1225 1458 1296 εἴπῃ
1482 1243 1494 1255 ·
1531 1225 1606 1278 Τὸ
1640 1224 1734 1278 τοῦ
1781 1228 1918 1298 Χρι-

328 1310 457 1364 στοῦ
494 1311 654 1382 μόνον
683 1312 804 1366 ὅλον
835 1314 1061 1385 ἀνέστη,
1103 1314 1166 1367 τὸ
1194 1315 1252 1368 δὲ
1283 1316 1442 1386 ἡμῶν
1481 1317 1580 1370 οὐκ
1616 1318 1746 1371 αὐτὸ
1776 1317 1921 1386 ἐγεί-

330 1415 522 1470 ρεται,
572 1400 688 1454 ἀλλ’
755 1402 871 1455 ἀντ’
922 1403 1090 1457 αὑτοῦ
1150 1404 1370 1476 ἓτερον·
1432 1406 1550 1470 πῶς
1599 1403 1693 1461 οὖν
1739 1408 1920 1477 λέγει,

343 1491 596 1561 Ἀνέστη
662 1494 918 1561 Χριστὸς
971 1495 1212 1565 ἀπαρχὴ
1267 1496 1385 1549 τῶν
1429 1499 1920 1567 κεκοιμημένων;

332 1583 551 1636 Ἔνεστι
566 1585 582 1614 ¹
609 1585 702 1637 καὶ
722 1585 855 1637 αὐτὸ
881 1585 940 1639 τὸ
966 1585 1123 1657 σῶμα
1139 1586 1384 1657 ἀπαρχὴ
1403 1587 1512 1641 τῶν
1533 1589 1918 1660 ἐγειρομένων.

326 1670 454 1734 Πῶς
476 1671 532 1724 δὲ
555 1671 799 1741 ἀπαρχὴ
826 1672 1019 1742 γέγονε
1041 1674 1278 1746 Χριστὸς
1303 1673 1423 1728 τῶν
1444 1673 1911 1745 κεκοιμημένων,

2091 861 2202 931 96
2236 857 2396 913 XCII.
2441 856 2597 923 Quod
2637 857 2681 912 si
2713 855 2838 926 quis
2869 855 3192 910 calumniari
3227 853 3354 907 velit
3387 859 3440 907 et
3475 853 3608 921 obji-

2021 951 2164 1016 ciat,
2227 949 2527 1004 Salvatoris
2569 947 2745 1002 nostri
2803 962 3006 1016 corpus
3061 947 3274 1000 eximia:
3322 943 3607 1014 cujusdam

2029 1040 2211 1097 fuisse
2228 1039 2584 1105 conditionis,
2630 1037 2779 1108 quod
2816 1038 2992 1092 solum
3027 1052 3058 1091 e
3101 1036 3269 1089 Maria
3313 1036 3429 1090 sine
3463 1034 3608 1088 virili

2024 1143 2151 1190 satu
2183 1139 2504 1202 susceptum
2530 1131 2732 1188 fuerit:
2761 1143 3042 1198 nunquam
3069 1127 3202 1181 illud
3233 1127 3500 1182 amrmarc
3528 1127 3609 1181 vel

2024 1229 2409 1283 demonstrare
2438 1224 2661 1295 poterit.
2702 1222 2808 1277 Sed
2856 1222 3094 1276 fortasse
3128 1220 3400 1290 quispiam
3434 1221 3607 1274 cavil-

2025 1319 2126 1373 lari
2157 1318 2316 1373 aliter
2343 1318 2593 1383 studens,
2632 1315 2808 1370 solum
2840 1312 3048 1367 Christi
3079 1327 3280 1381 corpus
3316 1319 3485 1364 totum
3523 1326 3610 1365 rc-

2024 1412 2333 1466 surrexisse
2357 1409 2539 1466 dicet:
2568 1417 2818 1463 nostrum
2847 1419 2979 1459 vero
3002 1419 3110 1458 non
3145 1404 3310 1467 idem,
3341 1402 3433 1457 sed
3461 1401 3609 1460 aliud

2023 1502 2145 1571 ejus
2182 1501 2308 1555 loco
2338 1514 2652 1569 resurgere.
2689 1495 2895 1550 Verum
2922 1493 3196 1564 quomodo
3231 1492 3346 1546 haec
3381 1491 3608 1560 intelligi

2027 1600 2284 1665 poterunt
2308 1612 2321 1647 :
2350 1591 2594 1646 Surrexit
2617 1589 2862 1646 Christus
2886 1588 3138 1658 primitiae
3159 1583 3534 1640 dormientium
3551 1583 3610 1636 l’?

2029 1685 2172 1740 Illud
2200 1699 2332 1756 ergo
2371 1697 2577 1754 corpus
2619 1697 2812 1737 eorum
2859 1679 2953 1750 qui
2991 1686 3304 1749 resurgunt,
3343 1676 3608 1746 primitias

332 1761 676 1834 μαθέτωσαν,
700 1764 792 1817 καὶ
816 1763 890 1836 μὴ
919 1763 1080 1817 πάλιν
1107 1766 1186 1828 εἰς
1209 1764 1376 1835 ἄλλην
1405 1764 1613 1836 πλάνην
1640 1765 1913 1836 τραπῶσι,

2031 1792 2142 1832 esse
2169 1775 2420 1830 confiteri
2442 1776 2726 1830 debemus.
2751 1771 2869 1826 Jam
2900 1786 3027 1825 vero
3057 1768 3332 1840 quomodo
3359 1766 3609 1838 primitia:

329 1855 426 1910 καὶ
447 1854 710 1926 νομίσωσι
731 1856 828 1920 τὰς
850 1855 1016 1918 ἄλλας
1034 1855 1255 1927 Γραφὰς
1279 1855 1591 1926 ψεύδεσθαι.
1618 1856 1731 1928 Πρὸ
1752 1856 1916 1910 αὑτοῦ

327 1946 440 2019 γὰρ
471 1947 658 2017 ἧγειρε
689 1947 781 2002 τὸν
803 1947 1076 2019 Λάζαρον,
1108 1949 1203 2002 καὶ
1236 1949 1328 2002 τὸν
1353 1949 1467 2003 υἱὸν
1494 1950 1593 2020 τῆς
1624 1951 1798 2021 χήρας
1819 1951 1919 2020 τῆς

329 2039 390 2092 ἐν
433 2042 498 2109 τῇ
539 2039 711 2110 Ναῖμ.
752 2040 863 2093 Καὶ
921 2040 1106 2104 Ἠλίας
1145 2040 1334 2110 ἦγειρε
1372 2041 1601 2112 νεκρόν·
1649 2041 1785 2095 ἀλλὰ
1823 2044 1920 2095 καί⁵

340 2129 648 2194 Ἐλισσαῖος
669 2130 762 2184 δύο
785 2131 972 2202 ἤγειρε
1001 2133 1248 2202 νεκροὺς,
1273 2133 1370 2186 ἕνα
1401 2131 1499 2202 μὲν
1527 2131 1608 2185 ἔτι
1640 2134 1915 2204 περιόντα,

327 2221 428 2274 ἕνα
456 2220 511 2273 δὲ
545 2223 806 2290 ταφέντα.
851 2221 990 2274 Ἀλλ’
1025 2224 1222 2275 ἐκεῖνοι
1255 2221 1353 2292 μὲν
1395 2223 1731 2287 ἀναστάντες
1758 2223 1918 2278 πάλιν

325 2313 648 2384 τεθνήκασι,
687 2314 1028 2386 προσδοκῶσι
1070 2315 1128 2368 δὲ
1179 2316 1276 2386 τὴν
1323 2315 1453 2386 μίαν
1480 2316 1578 2369 καὶ
1621 2315 1919 2386 καθολικὴν

326 2405 642 2473 ἀνάστασιν.
685 2406 742 2460 ὐ
788 2407 845 2460 δὲ
880 2407 1107 2478 Χριστὸς
1142 2407 1385 2477 ἀπαρχὴ
1413 2406 1535 2461 τῶν·
1569 2407 1919 2478 κεκοιμημέο

325 2514 472 2562 νων,
490 2498 574 2551 ὅτι
605 2497 876 2565 ἀναστὰς
903 2499 1104 2553 οὐκέτι
1118 2498 1493 2567 ἀποθνήσκει
1511 2500 1645 2568 (52),
1663 2499 1920 2566 θάνατος

329 2587 522 2641 αὐτοῦ
544 2587 744 2642 οὐκέτι
771 2590 1052 2656 κυριεύει,
1079 2590 1219 2642 κατὰ
1238 2589 1300 2642 τὸ
1317 2592 1720 2662 γεγραμμένον.
1740 2591 1921 2656 "Arrcti

330 2679 443 2750 γὰρ
479 2680 750 2734 ἀπέθανεν
788 2680 930 2752 ὑπὲρ
970 2680 1149 2751 ἡμῶν,
1187 2682 1490 2752 ὑπομείνας
1517 2682 1578 2736 τὸ
1627 2683 1800 2747 πάθος
1833 2685 1921 2738 διὰ

329 2772 580 2852 ἡμέτερα
623 2770 768 2843 πάθη
791 2787 806 2803 ·
841 2771 987 2838 ἅπαξ
1037 2772 1303 2840 ἐγεύσατο
1351 2773 1618 2836 θανάτου,
1659 2772 1920 2828 θανάτου

329 2857 402 2912 δὲ
427 2859 790 2928 σταυρικοῦ,
832 2858 974 2913 ἑκὼν
1008 2860 1076 2914 δι’
1131 2862 1280 2931 ἡμᾶς
1317 2863 1345 2916 6
1395 2862 1568 2931 Λόγος
1618 2862 1787 2916 ἐλθὼν
1841 2865 1920 2928 εἰς

333 2949 564 3004 θάνατον
589 2993 605 3018 ,
653 2951 739 3004 ἵνα
781 2951 994 3023 θανάτῳ
1024 2952 1254 3007 θάνατον
1303 2953 1590 3028 θανατώσῃ
1611 2995 1624 3019 ,
1658 2958 1690 3009 ὁ
1728 2957 1922 3026 Λόγος

337 3043 497 3113 σὰρξ
529 3043 872 3114 γενόμενος,
906 3045 966 3097 οὐ
1021 3045 1246 3114 πάσχων
1280 3047 1339 3098 ἐν
1384 3047 1451 3116 τῇ
1503 3045 1740 3116 θεότητι,
1783 3064 1922 3117 συμ-

2020 1866 2397 1920 dormientium
2426 1865 2684 1919 Christus
2716 1862 2902 1926 fuerit,
2935 1861 3175 1922 discant,
3206 1859 3249 1913 si
3276 1859 3484 1927 placet;
3509 1871 3610 1910 nec

2019 1972 2082 2012 se
2117 1958 2238 2012 aliis
2267 1957 2552 2012 erroribus
2577 1955 2884 2023 implicent,
2922 1963 3015 2004 aut
3049 1959 3278 2004 caeteras
3311 1947 3608 2014 Scriptum

2021 2057 2208 2120 partes
2241 2049 2536 2102 mendaces
2578 2046 2939 2099 arbitrentur.
2983 2042 3125 2095 Ante
3168 2056 3227 2095 se
3253 2039 3398 2093 enim
3436 2037 3609 2091 Laza-

2019 2157 2142 2196 rum
2201 2138 2495 2203 excitavit,
2546 2145 2601 2192 et
2637 2135 2810 2190 vidua:
2862 2150 2984 2204 qua:
3037 2132 3180 2202 apud
3233 2129 3388 2184 Naim
3447 2136 3605 2194 erat,

2023 2234 2220 2288 tilium.
2276 2230 2460 2286 Helias
2499 2231 2631 2284 item
2671 2235 2950 2282 mortuum
2997 2223 3272 2278 revocavit
3302 2222 3366 2274 ad
3404 2221 3606 2287 vitam;

2020 2325 2161 2380 duos
2201 2322 2439 2385 Eliseus,
2480 2323 2714 2375 alterum
2755 2317 2999 2372 nondum
3052 2314 3207 2369 humi
3261 2313 3606 2376 mandatum,

2021 2415 2255 2471 alter-um
2288 2413 2402 2484 jam
2440 2411 2737 2482 sepultum.
2786 2407 2893 2464 Sed
2936 2409 3014 2462 illi
3055 2424 3083 2461 a
3115 2405 3349 2460 mortuis
3386 2401 3608 2457 excitati

2023 2515 2255 2561 mortem
2283 2520 2480 2560 rursus
2510 2504 2790 2569 obierunt,
2822 2510 2877 2557 et
2909 2502 3136 2556 alteram
3169 2512 3233 2550 ac
3260 2508 3608 2550 communem

2020 2596 2264 2651 omnium
2303 2593 2767 2649 resurrectionem
2804 2598 3126 2662 exspectant
3153 2607 3166 2642 :
3193 2583 3449 2641 Christus
3480 2595 3612 2636 vero

2017 2689 2265 2756 primitia:
2330 2686 2706 2740 dormientium
2739 2682 2962 2749 dicitur,
2998 2679 3144 2751 quod
3195 2675 3282 2731 ubi
3321 2672 3610 2728 resurrexit

2021 2795 2126 2833 non
2153 2778 2383 2845 antplius
2411 2777 2695 2841 moriatur,
2721 2790 2814 2828 nec
2841 2774 2888 2828 ei
2912 2789 3053 2826 mors
3077 2770 3222 2824 ultra
3242 2767 3542 2820 dominetur
3565 2762 3608 2815 ⁸.

2021 2870 2271 2926 Mortuus
2307 2869 2513 2942 quippe
2545 2867 2716 2923 semel
2745 2873 2864 2931 est;
2901 2873 2954 2920 et
2978 2864 3049 2918 ob
3082 2869 3298 2916 nostras
3325 2857 3612 2928 passiones

2023 2961 2337 3033 passionem
2370 2961 2472 3015 iste
2503 2966 2695 3014 nostra
2724 2971 2893 3011 causa
2918 2952 3209 3009 sustinuit.
3257 2947 3486 3002 Mortem
3521 2960 3611 3000 se-

2023 3056 2129 3110 mel
2152 3053 2483 3124 degustavit,
2508 3059 2728 3104 mortem
2753 3057 2928 3102 autem
2952 3044 3124 3099 crucis
3148 3044 3204 3109 ";
3234 3056 3296 3095 ac
3323 3053 3422 3110 pro
3450 3035 3612 3091 nobis

335 3139 562 3207 πάσχων
613 3137 670 3190 es
703 3136 841 3208 μετὰ
876 3137 974 3206 τῆς
1026 3137 1480 3208 ἁνθρωπότητος,
1527 3139 1698 3202 πάθος
1722 3141 1742 3170 ¹
1771 3138 1920 3210 αὑτῷ

2031 3145 2170 3198 uitro
2214 3142 2376 3196 morti
2429 3156 2549 3196 sese
2587 3137 2823 3194 Verbum
2877 3133 3013 3189 illud
3058 3131 3282 3201 objecit,
3339 3134 3397 3181 ut
3437 3133 3615 3179 morte

333 3225 708 3297 λογιζόμενον,
739 3225 905 3279 αὑτοῦ
935 3227 991 3279 δὲ
1025 3226 1279 3297 μένοντος
1320 3228 1378 3281 ἐν
1413 3227 1682 3299 ἀθανασίᾳ
1704 3247 1718 3258 '
1760 3229 1922 3293 αὐτὸς

335 3318 445 3388 γὰρ
474 3313 650 3383 εἶπεν,
695 3317 842 3389 Ἐγώ
871 3322 986 3388 εἰμι
1023 3321 1059 3387 ἡ
1092 3317 1222 3387 ζωή.
1259 3318 1395 3372 Οὔτε
1425 3320 1512 3374 διὰ
1565 3321 1760 3392 σαρκὸς
1791 3323 1921 3391 ἡμῖν

335 3413 369 3481 ή
409 3410 598 3474 ἐλπίς·
647 3411 1112 3480 Ἐπικατάρατος
1155 3413 1297 3483 γὰρ,
1346 3412 1543 3482 φησὶν,
1599 3414 1632 3467 ό
1668 3412 1923 3474 ἐλπίζων

332 3501 430 3554 ἐπ’
456 3500 771 3569 ἄνθρωπον
791 3518 804 3532 ·
841 3500 938 3554 καὶ
958 3501 1128 3554 ἔσται
1153 3501 1234 3566 ὡς
1262 3502 1331 3555 ἐν
1363 3502 1776 3572 ἁγριομυρίκῃ.

2029 3249 2129 3292 sua
2154 3241 2386 3287 mortem
2413 3230 2770 3286 interﬁceret.
2809 3226 3032 3282 Verbum
3062 3239 3186 3278 caro
3209 3221 3407 3289 factum
3423 3216 3444 3248 ⁸
3465 3260 3479 3284 ,
3503 3229 3614 3284 non

2029 3328 2084 3382 in
2122 3325 2434 3388 divinitate,
2486 3323 2582 3378 sed
2614 3322 2852 3376 humana
2883 3332 3006 3372 cum
3049 3321 3249 3371 natura
3289 3308 3522 3380 patiens,
3560 3314 3616 3360 et

2029 3417 2110 3472 sic
2137 3416 2214 3471 illi
2263 3423 2347 3472 est
2380 3414 2646 3468 attributa
2677 3409 2986 3481 perpessio,
3021 3417 3080 3462 ut
3111 3407 3167 3460 in
3207 3399 3618 3458 inmortalitate

2028 3507 2147 3577 ipse
2170 3506 2524 3576 persisterct;
2557 3517 2684 3557 nam
2711 3502 2831 3570 ipse
2851 3498 2917 3554 de
2944 3513 3004 3553 se
3035 3499 3301 3566 loquens:
3332 3490 3443 3561 Ego
3474 3503 3614 3548 sum,

335 3595 534 3666 inquit,
561 3595 732 3651 vita’.
764 3594 947 3665 Neque
996 3596 1049 3650 in
1103 3610 1266 3650 carne
1296 3612 1421 3667 spes
1465 3605 1650 3652 nostra
1706 3598 2000 3657 consistit:
2038 3602 2361 3656 Maledictus
2410 3601 2552 3655 enim
2595 3607 2672 3653 est
2732 3597 2821 3667 qui
2861 3593 3082 3664 conﬁdit
3123 3592 3176 3645 in
3225 3589 3466 3650 homine;
3517 3583 3618 3637 erit

332 3689 473 3742 enim
506 3699 756 3759 tanquam
790 3689 844 3741 in
879 3687 1104 3742 silvestri
1139 3689 1338 3758 myrica
1369 3689 1434 3742 ¹⁰.

409 3786 522 3853 LJ".
559 3783 624 3837 Τί
653 3778 744 3836 οὖν
783 3781 1015 3854 ἐροῦμεν
1041 3799 1055 3845 ;
1087 3783 1200 3836 Οὐκ
1229 3781 1510 3852 ἄνθρωπος
1536 3783 1564 3834 6
1597 3783 1828 3852 Χριστὸς
1858 3782 1924 3835 ἐκ

336 3873 448 3928 τῶν
503 3870 988 3942 προλελεγμένων;
1021 3870 1190 3923 Παντί
1217 3870 1238 3901 ³
1287 3889 1364 3941 τῳ
1403 3870 1560 3942 δῆλόν
1610 3872 1797 3938 ἐστιν,
1843 3874 1926 3926 ὅτι

339 3964 728 4036 ἀναμφιϐόλως
758 3962 1127 4032 ὁμολογοῦμεν
1169 3961 1262 4015 τὸν
1285 3962 1489 4034 Κύριον
1519 3964 1691 4032 Λόγον
1719 3963 1929 4035 ἄνθρω-

339 4077 442 4113 πον
492 4059 753 4128 γεγονότα
780 4096 795 4119 ,
830 4057 888 4110 οὐ
920 4055 1138 4126 δοκήσει
1186 4056 1301 4109 ἀλλ’
1347 4056 1592 4128 ἀληθείᾳ.
1655 4057 1793 4110 Ἀλλ’
1829 4058 1929 4110 οὐκ

339 4151 626 4225 ἄνθρωπος
661 4149 832 4205 ἐλθὼν
861 4152 918 4218 ὲν
963 4152 1206 4220 προκοπῇ
1239 4148 1488 4219 θεότητος
1524 4149 1667 4219 (οὐδὲ
1697 4150 1806 4222 γὰρ
1840 4151 1927 4204 ἐπ’

340 4242 615 4317 ἀνθρώπῳ
644 4243 798 4314 ήμῶν
839 4244 872 4313 ἡ
905 4243 1059 4304 ἐλπὶς
1087 4242 1187 4312 τῆς
1238 4241 1532 4312 σωτηρίας.
1585 4241 1774 4304 Οὐδεὶς
1817 4239 1928 4311 γὰρ

341 4340 562 4394 πάντων
596 4337 703 4390 τῶν
750 4336 858 4390 ἀπὸ
909 4335 1079 4406 Ἀδὰμ
1131 4331 1433 4402 ἀνθρώπων
1475 4333 1710 4404 ἠδυνήθη
1764 4332 1930 4403 ἐργά-

2100 3777 2282 3834 ΧΟΠΙ.
2326 3776 2465 3843 Quid
2501 3774 2663 3845 igitur
2699 3771 2988 3828 dicendum
3026 3769 3149 3824 est?
3186 3782 3256 3822 an
3304 3781 3334 3821 e
3366 3765 3613 3834 superio-

2043 3870 2200 3925 ribus
2229 3869 2512 3922 Christum
2546 3867 2820 3919 hominem
2853 3876 2979 3917 esse
3006 3857 3368 3930 colligemus?
3403 3855 3618 3912 Nemini

2035 3963 2334 4016 obscurum
2365 3973 2488 4014 esse
2517 3955 2836 4028 puto,'quin
2873 3953 2994 4008 sine
3023 3951 3130 4004 ulla
3157 3948 3500 4004 dubitatione
3533 3948 3618 4001 fa-

2039 4064 2272 4120 teamur,
2303 4051 2594 4106 Dominum
2621 4063 2684 4102 ac
2708 4047 2873 4101 Deum
2898 4043 3138 4098 Verbum
3178 4043 3448 4097 hominem
3473 4053 3615 4104 esse,

2037 4158 2147 4198 non
2203 4141 2385 4211 specie
2434 4138 2530 4194 sed
2575 4137 2801 4191 veritate
2843 4140 3212 4188 constantem.
3245 4128 3447 4182 Verum
3497 4140 3606 4180 non

2037 4232 2308 4304 ejusmodi
2339 4232 2502 4284 homo
2533 4242 2656 4284 esse
2685 4227 2988 4282 credendus
3015 4231 3120 4286 est,
3151 4220 3242 4291 qui
3268 4220 3332 4274 ad
3358 4217 3611 4272 divinita-

2043 4334 2151 4381 tem
2183 4323 2420 4394 quadam
2455 4319 2836 4390 progressione
2867 4313 3192 4387 pervenerit.
3219 4310 3337 4366 Non
3376 4310 3522 4366 enim
3559 4309 3615 4363 in

345 4432 544 4488 σασθαι
589 4431 687 4503 τὴν
718 4399 1194 4500 σωτηρίαν),’ἁλλὰ
1225 4399 1355 4488 Θεὸς
1389 4399 1579 4494 Λόγος
1612 4399 1925 4494 ἄνθρωπος

2041 4416 2264 4472 homine
2305 4429 2431 4483 spes
2459 4420 2544 4467 est
2590 4409 2786 4465 salutis
2824 4417 3025 4462 nostrae
3067 4403 3389 4460 constituta.
3435 4399 3620 4469 Siqui-

341 4522 636 4596 γεγονὼς,
661 4521 750 4575 ἵνα
785 4521 858 4590 μὴ
886 4521 919 4589 ἡ
950 4518 1103 4581 ἐλπὶς
1204 4517 1292 4570 ἐπ’
1328 4515 1649 4586 ἄνθρωπον,
1679 4515 1794 4569 ἀλλ’
1833 4516 1929 4570 ἐπὶ

341 4615 473 4670 Θεὸν
507 4611 702 4680 ζῶντα,
727 4612 821 4665 καὶ
850 4609 1100 4681 ἀληθινὸν
1123 4609 1414 4679 γενόμενον
1440 4606 1723 4679 ἄνθρωπον
1741 4624 1755 4637 ⁸
1787 4607 1916 4674 Πᾶς

340 4707 454 4780 γὰρ
497 4703 689 4774 ἱερεὺς
722 4701 841 4758 ἀπὸ
887 4700 1214 4770 ἀνθρώπων
1253 4701 1742 4769 λαμϐανόμενος,
1776 4699 1930 4768 ὑπὲρ

343 4799 675 4869 ἀνθρώπων
741 4796 1091 4850 καθίσταται
1126 4835 1140 4859 ,
1211 4794 1352 4846 κατὰ
1409 4793 1470 4846 τὸ
1522 4793 1926 4865 γεγραμμένον.

346 4887 512 4942 Ὅθεν
564 4885 673 4939 ἀπὸ
723 4885 822 4955 τῆς
867 4882 1026 4955 ἡμῶν
1082 4881 1282 4953 σαρκὸς
1335 4881 1594 4936 ἀνέλαϐεν
1644 4886 1672 4937 6
1725 4884 1932 4955 Κύριος

346 4981 519 5037 ἐλθὼν
590 4979 689 5050 τὴν
751 4977 964 5048 σάρκα,
1022 4976 1116 5028 καὶ
1179 4973 1463 5046 ἄνθρωπος
1511 4974 1734 5044 γέγονεν
1799 4978 1930 5048 ἡμῖν

343 5076 528 5145 ὅμοιος
554 5073 584 5126 6
612 5069 744 5133 Θεὸς
793 5069 964 5137 Λόγος
988 5083 1002 5098 ο
1039 5067 1126 5120 ἵνα
1183 5065 1237 5118 ὲν
1273 5067 1340 5137 τῇ
1391 5065 1605 5130 θεότητι
1637 5065 1750 5138 δῴη
1797 5067 1929 5140 ἡμῖν

418 5190 434 5221 ¹
471 5184 534 5241 F.
561 5186 619 5240 ἓν
647 5186 784 5239 ἐστι.
859 5184 880 5214 ⁸
907 5180 968 5252 F.
1010 5180 1235 5252 πάθους,
1284 5189 1341 5252 et
1378 5179 1757 5252 λογιζομένου,
1783 5182 1868 5252 vel
1897 5179 2015 5252 λογι

1446 5226 1642 5309 διῖοἶι.
1681 5228 1757 5318 v1:
1785 5226 1849 5307 9:
1915 5253 1925 5282 τ

2031 5226 2291 5319 ii,
2325 5226 2409 5301 8.7
2436 5226 2476 5277 -θ
2502 5226 2660 5300 Ϊοοιι.
2687 5226 2726 5309 ἱ,
2754 5240 2843 5295 14.
2923 5239 2944 5269 ⁸
2976 5226 3136 5287 Ιοοιι.
3174 5226 3250 5295 si,
3281 5228 3386 5296 25;
3431 5243 3540 5291 xiv,
3563 5226 3618 5280 6.

347 5259 367 5292 ⁸
393 5259 526 5313 Luc.
561 5273 710 5318 xxiv,
736 5255 826 5314 59.
900 5255 921 5284 ⁵
955 5251 1124 5304 lCor.
1157 5267 1245 5310 xv.
1285 5251 1376 5305 ‘20.

349 5331 394 5363 ¹⁰
427 5330 628 5386 Jerem.
652 5342 788 5389 χιιι,
813 5323 868 5390 5,
891 5321 945 5377 6.
1024 5322 1064 5353 ¹¹
1088 5320 1252 5376 llebr.
1277 5337 1330 5386 ν,
1358 5320 1408 5376 1.

2039 4509 2162 4564 dem
2190 4523 2256 4562 ex
2292 4504 2564 4560 universis
2605 4501 2920 4556 hominibus
2959 4498 3053 4568 qui
3081 4498 3150 4551 ab
3180 4495 3390 4550 Adamo
3419 4505 3621 4564 propa-

2035 4603 2146 4673 gati
2196 4609 2342 4664 sunt,
2378 4599 2610 4654 salutem
2655 4594 2814 4650 nobis
2848 4591 3042 4646 aﬂ‘erre
3090 4602 3250 4642 nemo
3280 4585 3478 4657 potuit.
3511 4582 3620 4638 Sed

2037 4695 2184 4749 Deus
2211 4693 2476 4747 duntaxat
2507 4701 2561 4747 et
2598 4688 2826 4744 Verbum
2859 4685 3013 4738 homo
3040 4682 3264 4751 factum,
3297 4684 3358 4732 ut
3396 4692 3464 4731 ne
3494 4690 3620 4745 spes

2036 4788 2092 4840 in
2138 4787 2356 4840 homine
2389 4792 2576 4838 nostra
2619 4781 2712 4844 sit,
2748 4777 2843 4834 sed
2886 4777 2940 4830 in
2975 4776 3082 4828 Deo
3124 4773 3248 4827 vivo
3285 4769 3484 4841 posita,
3526 4767 3621 4837 qui

2035 4896 2200 4935 verus
2233 4881 2395 4932 homo
2440 4878 2511 4932 sit
2543 4875 2740 4929 factus.
2772 4871 2880 4941 97
2915 4867 3098 4924 Omnis
3130 4865 3266 4919 enim
3295 4861 3530 4933 pontifex
3557 4875 3624 4916 ex

2037 4968 2337 5025 hominibus
2385 4975 2712 5034 assumptus,
2761 4977 2856 5031 pro
2903 4955 3202 5012 hominibus
3257 4953 3624 5017 constituitur,

2037 5073 2095 5118 ut
2113 5063 2218 5118 seri
2229 5069 2377 5133 ptum
2401 5070 2485 5115 est
2505 5058 2571 5112 “.
2595 5055 2732 5110 llinc
2754 5070 2785 5110 e
2805 5059 2992 5108 nostra
3021 5061 3186 5102 carne
3207 5057 3423 5099 carnem
3465 5057 3621 5097 suam

2021 5178 2264 5248 ζόμενος.
2331 5175 2363 5248 _’
2388 5171 2710 5248 F._Xpto1:6g
2731 5159 3399 5248 éEﬁ-TGVATEPCXSXEIjLéng
3432 5157 3616 5248 παντί.

425 5445 538 5514 (52)
573 5444 706 5514 Ὅτι
751 5436 1025 5514 ἁναατᾲς
1074 5435 1275 5514 ορκέτι
1328 5431 1760 5514 αποθγήσκεμυ
1783 5429 1925 5485 Ηίεοι

2046 5426 2179 5481 tatis
2217 5424 2506 5514 ipsjusmet
2534 5420 2736 5514 Christi
2769 5416 2988 5514 Dolrnini
3023 5414 3289 5514 beneﬁcio
3335 5417 3618 5514 acceptum

2046 5513 2056 5514 κ
2113 5497 2133 5514 ι·
2198 5511 2249 5514 η,
2295 5513 2301 5514 ,
2405 5509 2548 5514 ,._-.__-
2653 5508 2772 5514 ηρ---
2809 5490 2836 5514 ξ.
2889 5504 3006 5514 ιιι-ιῄ
3031 5507 3040 5514 ,
3068 5494 3264 5514 ηηηιαη
3318 5495 3406 5514 unl-
3450 5493 3476 5514 α
3510 5490 3618 5514 “In-

350 5500 535 5573 verbis
587 5512 870 5582 subjungit
909 5500 1059 5563 illico
1099 5507 1464 5582 Epiphaniam
1501 5500 1783 5582 nium-‘65,
1809 5515 1942 5582 .me-

354 5571 582 5643 moratae
603 5571 777 5654 nuper
794 5571 1074 5654 haereseos
1099 5571 1192 5654 ϐξ,
1205 5571 1366 5644 ιιι]οά
1393 5571 1937 5654 Christusbopiinus

2045 5479 2256 5551 ιδιά-ι·εέ
2287 5479 2572 5549 debemus.
2602 5491 2778 5548 Omne
2808 5490 2857 5544 id
2887 5504 3006 5559 quae
3028 5479 3478 5559 denotantyer'ba
3510 5490 3626 5528 mc—

2287 5545 2504 5647 ἰηὶῖξίιί
2530 5545 2818 5647 Epiphanii
2854 5545 2973 5647 loco
2993 5567 3143 5647 sunt,
3174 5551 3323 5647 'ﬂc‘ﬂ
3352 5545 3624 5647 tigna?“

357 5611 582 5643 IllUl'ala:
603 5611 776 5654 nuptzr
801 5611 1074 5636 ιιωιυδῦυδ
1099 5611 1187 5637 ver.
1219 5611 1366 5644 ιιυυυ
1394 5611 1490 5627 νυ.
1507 5611 1644 5627 ποιμα
1670 5611 1925 5625 ,ηιμ-...ιη

357 5657 523 5712 morti
556 5670 666 5710 non
720 5647 1266 5724 ampliusohnovius
1321 5643 1707 5724 resurrencrit,
1743 5642 1925 5724 futura

2042 5637 2342 5724 ἀνάστασις
2374 5629 2514 5690 εἶναι
2559 5611 2664 5689 δῖὰΓ
2677 5632 2778 5703 τῆς
2808 5611 2975 5684 αὐτοί)
3004 5611 3154 5696 ζωῆς
3190 5611 3284 5675 κάι
3311 5611 3623 5690 ἰριλανθρωκ

360 5707 1018 5782 ποειῖαένιῖοευττεὶιίοιιῑε
1067 5719 1339 5774 rationem
1371 5730 1512 5778 csse,
1549 5714 1753 5775 dotem,
1779 5718 1944 5782 atque
2041 5707 2189 5776 πίας.

365 5780 782 5873 praerogativam
819 5793 1176 5867 singularem,
1213 5802 1377 5858 quam
1417 5786 1539 5842 vita:
1592 5791 1645 5840 ct
1690 5780 1949 5868 humani-
