4018 6210
405 337 512 395 187

1818 340 1875 397 S.
1925 338 2265 394 EPIPIIANH

3574 342 3680 398 £38

405 457 676 514 Dominus
704 456 1020 527 assumpsit,
1051 463 1211 524 atque
1242 455 1406 510 homo
1429 456 1605 510 nostri
1642 455 1841 512 similis
1863 472 1981 512 esse

2089 457 2187 527 τὴν
2223 458 2531 529 σωτηρίαν,
2575 458 2668 512 xui
2716 461 2774 513 ὲν
2819 460 2885 530 τῇ
2925 458 3090 513 αὑτοῦ
3119 459 3497 530 άνθρωπότητι
3525 456 3684 530 πάθῃ

407 550 555 607 Deus
597 565 662 604 ac
722 547 958 604 Verbum
1006 547 1207 606 voluit.
1261 555 1318 602 ut
1366 547 1678 617 passionem
1729 547 1986 618 passione

407 643 750 705 dissolveret,
782 655 845 694 ac
869 655 966 695 sua
999 649 1170 694 morte
1193 652 1421 694 mortem
1449 639 1842 711 exstingueret.
1879 641 1986 696 Sed

407 734 680 789 divinitati
728 733 942 802 ipsimct
989 738 1073 786 est
1121 732 1384 786 attributa
1419 733 1626 802 passio,
1673 749 1982 804 quanquam

407 827 475 879 ab
519 825 667 879 omni
706 823 964 878 immunis
1004 831 1088 878 est
1129 823 1383 893 passione
1428 823 1711 891 divinitas,
1746 827 1874 895 quia
1913 826 1985 879 ita

405 931 599 972 sancto
621 925 675 972 et
714 917 782 970 ab
804 915 953 970 onmi
981 917 1238 985 passione
1267 917 1640 971 remotissimo
1673 916 1780 974 Deo
1810 918 1986 974 Verbo

405 1007 642 1060 venienti
672 1007 898 1076 placuit.
935 1007 1206 1061 Caeterum
1229 1006 1500 1075 ejusmodi
1525 1013 1609 1063 est
1632 1009 1787 1074 illud,
1828 1011 1904 1064 uti
1939 1011 1983 1066 si

401 1096 533 1164 quis
559 1105 711 1151 veste
743 1097 813 1150 sit
840 1096 1091 1157 indutus.
1130 1111 1250 1166 qua:
1273 1112 1500 1166 aspersa
1527 1100 1810 1171 sanguinis
1841 1103 1986 1157 stilla

403 1189 477 1240 sit
526 1187 749 1252 infecta,
799 1188 874 1242 ita
919 1196 977 1242 ut
1018 1188 1083 1242 ad
1118 1188 1295 1258 ipsum
1337 1205 1536 1261 corpus
1571 1193 1722 1251 illius
1761 1197 1986 1254 minime

401 1278 751 1346 pervenerit;
785 1285 899 1332 tum
940 1278 1084 1332 enim
1119 1281 1406 1351 sanguinis
1436 1283 1526 1337 illa
1561 1286 1771 1340 macula
1806 1289 1854 1343 ei
1890 1291 1984 1359 qui

401 1367 634 1424 indutus
673 1378 776 1434 est,
829 1370 1084 1440 imputari
1124 1373 1282 1428 solet.
1341 1374 1430 1430 Sic
1486 1376 1540 1430 in
1586 1391 1752 1434 carne
1791 1397 1986 1451 passus

402 1469 488 1514 est
517 1460 788 1526 Christus,
822 1463 925 1520 hoc
953 1472 1058 1528 est,
1091 1465 1308 1522 homine
1337 1467 1638 1534 Dominico,
1658 1489 1818 1543 quem
1847 1473 1986 1530 Deus

415 1549 653 1607 Verbum
689 1554 908 1610 coalitus
942 1557 1209 1626 allapsum
1238 1557 1416 1627 ipsum
1449 1561 1555 1616 sibi
1582 1562 1855 1620 formavit.
1885 1566 1985 1620 Cui

411 1643 633 1713 quidem
669 1644 860 1700 Petrus
889 1647 973 1702 bis
1009 1649 1191 1703 verbis
1223 1652 1592 1722 astipulatur:
1627 1653 1986 1725 Morti/icatus

403 1736 614 1806 quidem
671 1753 859 1803 carne,
908 1740 1198 1808 viviﬁcatus
1251 1753 1428 1798 autem
1483 1747 1756 1815 spiritu’;
1813 1751 1983 1807 item:

405 1825 616 1881 Christo
634 1828 800 1897 igitur
818 1845 976 1898 passo
997 1847 1090 1900 pro
1116 1831 1264 1886 nobis
1286 1850 1461 1902 carne,
1483 1848 1531 1888 et
1559 1852 1646 1890 vos
1669 1839 1987 1908 cogitatione

402 1918 586 1972 eadem
605 1922 886 1976 armemini
905 1925 944 1977 ³.
971 1924 1051 1979 Ad
1078 1939 1201 1979 eum
1224 1927 1409 1996 itaque
1443 1928 1666 1983 modum
1700 1932 1987 2002 sanguinis

403 2011 619 2077 macula
645 2012 732 2066 illa
767 2030 889 2083 quae
920 2017 1166 2071 vestibus
1191 2018 1540 2083 adlnerescit,
1559 2022 1608 2075 ei
1639 2021 1733 2092 qui
1765 2024 1988 2080 indutus

401 2110 485 2154 est
501 2102 814 2158 ascribitur.
840 2107 908 2159 Et
928 2122 1052 2161 vero
1071 2109 1254 2165 carnis
1273 2109 1389 2178 ipsa
1412 2114 1692 2181 perpessio
1713 2113 1985 2170 divinitati

405 2191 608 2246 tributa
627 2203 730 2260 est,
750 2195 1013 2266 licetipsa
1036 2199 1170 2252 nihil
1195 2215 1354 2270 passa
1386 2203 1480 2269 sit,
1509 2212 1565 2257 ut
1589 2220 1657 2260 ne
1679 2206 1735 2260 in
1770 2206 1990 2264 homine

389 2282 645 2338 nnundus
675 2301 826 2354 spem
855 2302 919 2341 ac
947 2289 1202 2343 ﬁduciam
1245 2292 1497 2357 collocet,
1531 2293 1626 2349 sed
1654 2295 1710 2350 in
1767 2296 1990 2354 homine

405 2371 711 2439 Dominico,
737 2392 862 2431 cum
895 2378 1146 2436 videlicet
1170 2381 1429 2438 divinitas
1454 2384 1571 2455 ipsa
1604 2385 1858 2457 imputari
1882 2389 1987 2444 sibi

405 2464 719 2534 passionem
754 2470 1010 2535 voluerit,
1059 2479 1119 2526 ut
1147 2474 1425 2543 passionis
1453 2492 1648 2546 expers
1672 2479 1763 2533 illa
1788 2479 1988 2536 divini-

405 2556 532 2612 tatis
566 2557 808 2613 conditio
840 2561 1021 2618 totius
1053 2563 1242 2619 mundi
1282 2567 1434 2622 salus
1477 2567 1668 2636 ﬁeret;
1713 2578 1876 2641 atque
1926 2581 1988 2628 ut

405 2644 610 2701 inﬂicta
656 2651 810 2705 carni
852 2653 1590 2728 perpessio,divinitati,quae
1609 2661 1744 2715 nihil
1767 2662 1984 2719 interim

404 2738 1108 2806 patiebatur,nihilominus
1139 2747 1589 2806 tribueretur:in
1653 2766 1762 2822 quo
1837 2758 1983 2826 quod

404 2829 670 2898 scriptum
699 2842 782 2887 est
808 2833 1159 2904 impleretur:
1187 2837 1248 2894 Si
1271 2842 1411 2896 enim
1439 2845 1825 2914 cognovissent,
1849 2865 1986 2902 mm-

401 2936 562 2991 quam
593 2921 877 2979 Dominum
901 2928 1087 2997 gloria:
1109 2931 1497 3001 cruciﬁxisseut
1517 2935 1558 3002 ³,
1593 2944 1700 2993 etc.

474 3008 658 3067 XCIV.
713 3015 1020 3071 Crucilixus
1066 3029 1154 3074 est
1197 3036 1350 3091 ergo,
1399 3025 1699 3082 cruciﬁxus
1741 3038 1849 3094 est,
1902 3030 1984 3085 in-

402 3117 589 3173 quam,
636 3105 936 3173 Dominus;
978 3118 1034 3166 et
1075 3127 1177 3168 nos
1216 3117 1538 3172 cruciﬁxum
1587 3120 1884 3179 adoramus
1919 3139 1986 3180 ac

402 3195 698 3265 sepultum.
741 3211 1230 3274 resurgentemque
1269 3208 1430 3263 tertia
1475 3209 1583 3276 die,
1629 3222 1684 3267 et
1728 3213 1785 3268 in
1812 3217 1985 3274 celos

401 3288 814 3344 ascendentem.
881 3290 927 3346 0
985 3294 1214 3350 altitudo
1249 3298 1557 3354 divitiarum
1609 3313 1660 3357 et
1713 3307 1988 3374 sapientia:

399 3387 450 3430 et
493 3378 728 3432 scientia:
770 3379 870 3434 Dei
887 3381 910 3434 !
945 3389 1005 3436 ut
1035 3385 1300 3455 scriptum
1335 3398 1423 3445 est
1441 3393 1482 3444 δ.
1534 3396 1621 3447 Ea:
1656 3409 1807 3463 parte
1847 3400 1988 3454 enim

401 3467 786 3534 cognoscimus,
825 3477 875 3520 et
918 3484 984 3523 ea:
1010 3481 1160 3538 parte
1195 3475 1567 3542 prophetamus
1586 3482 1628 3549 ',
1667 3491 1927 3555 tanquam
1957 3503 1988 3544 e

401 3552 544 3604 mari
587 3553 789 3606 stillam
837 3554 1034 3611 divina:
1081 3560 1325 3617 scientiae
1374 3579 1438 3620 ac
1481 3552 1811 3639 cognitionis
1849 3575 1986 3630 hau-

401 3643 634 3704 riemes,
667 3652 832 3713 atque
859 3646 1126 3714 ejusmodi
1161 3653 1516 3722 providentia:
1549 3669 1603 3714 et
1635 3663 1986 3722 administra-

401 3734 572 3790 tionis
602 3739 913 3806 excmplum
943 3741 1164 3812 aliquod
1197 3749 1459 3818 assecuti,
1501 3767 1566 3807 ac
1592 3754 1828 3826 denique
1867 3759 1984 3829 spei

400 3834 609 3880 nostrae
655 3827 975 3901 tiduciaaque
1001 3836 1232 3904 gratiam
1266 3854 1428 3895 :eum
1475 3858 1540 3898 ex
1584 3856 1740 3917 grata
1787 3849 1841 3903 in
1882 3827 1983 3907 nos

401 3916 685 3973 voluntate
731 3935 795 3973 ac
824 3927 1193 3981 consensione
1221 3926 1422 3998 Patris,
1453 3941 1509 3988 et
1548 3916 1832 3995 voluntate
1861 3940 1982 4000 Filii

401 4022 468 4062 ac
504 4007 744 4080 Spiritus
768 4015 966 4081 sancti,
1001 4023 1175 4073 totum
1218 4023 1324 4077 hoc
1354 4027 1629 4094 negotium
1661 4029 1730 4086 ab
1755 4047 1862 4087 uno
1889 4051 1984 4090 eo-

401 4098 637 4171 demque
664 4101 775 4159 Deo
809 4105 881 4160 sit
911 4107 1376 4169 administratum.
1412 4115 1524 4187 98
1551 4118 1820 4178 Caeterum
1855 4141 1981 4182 cum

400 4192 456 4246 in
488 4197 744 4253 omnibus
787 4197 1086 4273 Scriptura:
1129 4205 1265 4262 locis
1309 4211 1543 4278 sparsim
1583 4214 1730 4272 illius
1781 4217 1849 4273 de
1893 4235 1981 4275 re-

399 4291 745 4347 surrectione
790 4291 1063 4363 dogmatis
1092 4297 1293 4368 injecta
1327 4303 1401 4357 sit
1435 4307 1661 4372 mentio,
1705 4309 1983 4365 nihilomi-

397 4393 506 4434 nus
539 4395 753 4435 summa
798 4384 875 4438 rei
915 4400 978 4440 ac
1003 4388 1269 4456 perfectio
1312 4393 1382 4446 ad
1430 4396 1787 4454 subsistentis
1817 4400 1980 4456 Verbi

2089 550 2230 621 ὑπὲρ
2275 551 2432 622 ἡμῶν
2469 553 2576 605 τῶν
2605 552 2941 622 ἀνθρώπων,
2988 552 3161 615 πάθος
3205 550 3293 605 διὰ
3321 550 3414 604 τοῦ
3465 551 3677 614 πάθους

2088 640 2286 704 λύσας,
2319 641 2412 694 καὶ
2444 639 2672 695 θάνατον
2710 639 2799 693 διὰ
2851 640 3083 693 θανάτου
3125 639 3219 692 τοῦ
3254 639 3384 692 ίδίου
3433 635 3677 691 θανατώ-

2089 747 2209 793 σας.
2256 728 2536 800 Ἐλογίσθη
2562 731 2619 784 δὲ
2663 730 2722 783 τὸ
2771 729 2942 794 πάθος
2976 732 3057 792 είς
3104 729 3204 801 τὴν
3239 728 3470 800 θεότητα
3493 767 3510 792 ,
3547 725 3675 780 καί·

2087 840 2169 876 τοι
2199 838 2261 890 γε
2290 823 2390 891 τῆς
2419 822 2670 892 θεότητος
2703 821 2949 886 ἀπαθοῦς
2976 821 3142 893 οῦσης
3161 838 3176 852 ·
3213 821 3294 875 ὅτι
3327 819 3500 883 οὕτως
3525 817 3678 872 εύδό·

2088 931 2256 984 κησεν
2282 913 2450 968 ἐλθὼν
2478 915 2506 966 6
2541 915 2694 983 ἅγιος
2743 917 2838 969 καὶ
2873 915 3088 984 ἀπαθὴς
3119 913 3252 977 Θεὸς
3286 913 3480 980 Λόγος.
3514 912 3676 964 Ἔστι

2086 1006 2144 1060 δὲ
2171 1007 2230 1059 τὸ
2262 1007 2563 1077 ὑπόδειγμα
2591 1007 2792 1061 τοιόνδε
2818 1024 2892 1070 τι,
2926 1007 3002 1070 ὡς
3032 1007 3126 1061 ὲάν
3154 1023 3237 1070 τις
3269 1006 3481 1076 ἱμάτιον
3523 1003 3674 1057 ἐνδε-

2087 1095 2314 1167 δυμένος
2339 1136 2355 1162 ,
2389 1099 2446 1150 ὲν
2482 1097 2539 1150 δὲ
2586 1096 2662 1168 τῷ
2709 1097 2910 1168 ίματίῳ
2959 1093 3099 1168 αἷμα
3145 1095 3426 1168 ραντισθὲν
3469 1094 3677 1168 μολύνῃ

2087 1187 2148 1240 τὸ
2178 1188 2411 1258 ἱμάτιον,
2443 1188 2505 1242 τὸ
2532 1188 2588 1242 δὲ
2623 1188 2786 1259 σῶμα
2813 1188 2913 1242 ούκ
2943 1187 3145 1257 ἔφθασε
3174 1187 3267 1242 τοῦ
3297 1186 3673 1256 ἐνδεδυμένον,

2087 1278 2362 1345 λογίζεται
2387 1279 2445 1332 δὲ
2482 1280 2512 1332 ὁ
2565 1281 2754 1343 σπῖλος
2801 1281 2830 1333 6
2861 1281 2925 1332 ὲκ
2960 1278 3056 1332 τοῦ
3087 1279 3320 1350 αἵματος
3359 1276 3438 1346 τῷ
3465 1275 3677 1329 ἐνδεδυ-

2092 1371 2238 1441 μένῳ
2269 1370 2331 1424 τὸ
2377 1371 2613 1441 ἱμάτιον.
2654 1371 2841 1436 Οὕτως
2894 1372 2952 1425 ὲν
2998 1374 3066 1443 τῇ
3111 1371 3276 1443 σαρκὶ
3323 1367 3590 1422 πέπονθεν
3647 1368 3677 1420 6

2089 1462 2322 1534 Χριστὸς
2345 1502 2360 1528 ,
2395 1465 2454 1516 ὲν
2501 1464 2648 1535 αὐτῷ
2679 1481 2823 1536 φημι
2862 1463 2942 1536 τῷ
2975 1461 3245 1535 Κυριακῷ
3273 1459 3582 1533 ἀνθρώπῳ,
3615 1458 3674 1511 ὃν

2090 1557 2252 1621 αὐτὸς
2304 1557 2645 1612 ἀνεπλάσατο
2677 1556 2848 1611 ἐλθὼν
2899 1557 2995 1610 ἀπ’
3029 1553 3274 1627 οὐρανῶν
3301 1555 3330 1607 6
3356 1553 3510 1620 ἅγιος
3543 1549 3678 1612 Θεὸς

2089 1646 2261 1712 Λόγος
2282 1661 2295 1674 ·
2327 1645 2403 1710 ὥς
2429 1663 2593 1718 φησιν
2621 1648 2649 1700 6
2677 1646 2830 1716 ἀγιος
2854 1644 3060 1716 Πέτρος
3085 1683 3100 1707 ,
3132 1641 3501 1704 Θανατωθείς
3527 1654 3674 1705 σαρ-

2090 1737 2169 1802 κί,
2205 1736 2578 1806 ζωοποιηθεὶς
2605 1737 2675 1792 δὲ
2705 1739 3028 1807 πνεύματι·
3065 1735 3158 1788 καὶ
3183 1734 3345 1789 πάλιν
3363 1772 3380 1797 ,
3409 1727 3674 1801 Χριστοῦ

2020 1823 2060 1877 Β
2088 1825 2204 1884 οὖν
2232 1830 2531 1898 παθόντος
2575 1831 2729 1898 ὑπὲρ
2775 1827 2945 1900 ἡμῶν
2977 1826 3158 1896 σαρκὶ
3178 1866 3194 1891 ,
3227 1824 3324 1879 καὶ
3350 1822 3518 1893 ὑμεῖς
3557 1819 3676 1888 τὴν

2090 1921 2286 1990 αὐτὴν
2313 1923 2560 1977 ἔννοιαν
2586 1921 2946 1977 ὁπλίσασθε.
2982 1918 3170 1982 Οὕτως
3197 1916 3258 1970 τὺ
3290 1909 3429 1985 αἷμα
3455 1915 3514 1965 ὲν
3547 1913 3676 1982 ἱμα-

2090 2009 2191 2080 τίῳ
2217 2011 2329 2080 (55)
2359 2010 2640 2080 λογίζεσθε
2669 2012 2689 2043 ⁷
2719 2010 2799 2081 τῷ
2826 2008 3078 2082 φοροῦντι
3099 2025 3112 2038 ·
3146 2005 3400 2076 ἐλογίσθη
3430 2001 3578 2073 αὐτῷ
3608 2000 3673 2054 τὸ

2090 2101 2261 2165 πάθος
2283 2103 2382 2172 τῆς
2412 2102 2616 2175 σαρκὸς
2643 2103 2724 2165 είς
2752 2101 2981 2172 θεότητα
3004 2138 3019 2162 ,
3071 2097 3235 2170 μηδὲν
3269 2095 3439 2164 αὐτῆς
3469 2089 3670 2146 παθού-

2091 2211 2192 2263 σης
2215 2233 2231 2258 ,
2265 2194 2350 2248 ἵνα
2377 2194 2450 2266 μὴ
2478 2196 2557 2258 είς
2585 2193 2870 2266 ἄνθρωπον
2899 2191 3000 2263 ἔχῃ
3030 2192 3058 2244 6
3095 2189 3299 2260 κόσμος
3328 2186 3428 2256 τὴν
3457 2183 3668 2245 ἐλπίδα,

2089 2284 2204 2339 ἀλλ’
2231 2285 2290 2338 ὲν
2313 2284 2392 2355 τῷ
2429 2283 2693 2356 Κυριακῷ
2734 2283 3038 2357 ἀνθρώπῳ,
3073 2281 3172 2351 τῆς
3201 2278 3455 2349 θεότητος
3483 2273 3671 2330 ἀναδε-

2089 2382 2325 2452 χυμένης
2359 2381 2674 2452 λογισθῆναι
2704 2383 2785 2444 εἰς
2836 2380 3008 2452 αὐτὴν
3056 2378 3119 2432 τὸ
3146 2369 3318 2438 πάθος
3341 2391 3354 2406 ο
3389 2374 3477 2426 ἵνα
3512 2371 3672 2440 γένη-

2088 2491 2174 2527 ται
2203 2473 2345 2544 ὑπὲρ
2372 2473 2580 2544 κόσμου
2616 2475 2649 2544 ἡ
2689 2473 2798 2527 ἀπὸ
2823 2473 3076 2542 θεότητος
3107 2471 3345 2524 ἀπάθεια
3375 2464 3618 2536 σωτηρία
3651 2479 3666 2494 ·

2090 2566 2178 2620 ἵνα
2197 2565 2258 2618 τὸ
2288 2567 2346 2619 ὲν
2377 2565 2541 2636 σαρκὶ
2567 2566 2858 2636 γενόμενον
2891 2563 3063 2627 πάθος
3095 2565 3176 2626 είς
3197 2560 3295 2631 τὴν
3320 2558 3553 2629 θεότητα
3584 2555 3671 2609 λοι

2087 2655 2248 2727 γισθῇ
2277 2697 2292 2722 ,
2348 2657 2525 2711 καίτοι
2560 2674 2623 2726 γε
2655 2657 2823 2729 μηδὲν
2855 2656 3135 2727 παθούσης
3166 2654 3336 2724 αὐτῆς
3358 2669 3373 2684 ·
3421 2651 3509 2734 ἕνα
3533 2648 3668 2718 πλη-

2090 2744 2237 2816 ρωθῇ
2285 2744 2318 2815 ἡ
2373 2744 2607 2814 λέγουσα
2641 2747 2862 2817 Γραφή·
2921 2745 2990 2800 Et
3041 2745 3153 2814 τὰρ
3191 2743 3509 2812 ἔγνωσαν,
3557 2741 3668 2792 οὐκ

2088 2834 2168 2889 ἂν
2209 2837 2318 2890 τὸν
2362 2837 2583 2907 Κύριον
2612 2837 2725 2907 τῆς
2768 2837 2952 2907 δόξης
2994 2836 3427 2906 ἐσταύρωσαν,
3459 2831 3558 2886 καὶ
3603 2829 3676 2884 τά

2089 2926 2236 3000 ἑξῆς.

2159 3045 2272 3111 ιιΔο.
2313 3045 2662 3118 Ἑσταυρὼθη
2703 3039 2796 3100 οὗν
2817 3084 2833 3111 ,
2881 3043 3200 3117 ἐσταυρώθη
3244 3044 3272 3097 6
3301 3043 3508 3116 Κύριος
3533 3082 3548 3109 ,
3577 3043 3676 3098 xui.

2011 3165 2053 3223 ο
2089 3135 2509 3208 προσκυνοῦμεν
2545 3137 2638 3191 τὸν
2671 3136 3114 3209 ἐσταυρωμένον,
3145 3136 3236 3191 τὸν
3271 3136 3510 3206 ταφέντα
3534 3176 3549 3201 ,
3578 3136 3671 3188 καὶ

2086 3227 2395 3281 ἀναστάντα
2421 3230 2488 3299 τῇ
2517 3227 2678 3300 τρίτῃ
2723 3226 2932 3299 ἡμέρᾳ,
2962 3229 3058 3281 καὶ
3096 3229 3176 3292 είς
3223 3227 3488 3299 οὐρανοὺς
3512 3226 3668 3280 ἀνελ-

2087 3316 2266 3371 θόντα.
2318 3319 2388 3371 Ὢ
2429 3317 2624 3384 βάθος
2681 3317 2952 3372 πλούτου
2998 3316 3096 3370 καὶ
3131 3316 3354 3385 σοφίας
3391 3315 3490 3369 καί
3526 3313 3670 3386 τινώ-

2085 3424 2239 3478 σεως
2264 3410 2414 3464 Θεοῦ
2437 3410 2457 3462 !
2479 3410 2620 3464 κατά
2645 3410 2705 3463 τὸ
2736 3409 3141 3482 γεγραμμένον.
3184 3409 3281 3463 Ἐκ
3311 3407 3534 3479 μέρους
3562 3407 3670 3478 γὰρ

2085 3501 2488 3571 γινώσκομεν,
2545 3500 2644 3556 καὶ
2687 3501 2756 3555 ἐκ
2801 3500 3024 3570 μέρους
3069 3500 3524 3569 προφητεύομεν
3548 3538 3561 3563 ,
3596 3499 3670 3562 ὼς

2088 3593 2274 3663 ῥανίδα
2309 3592 2416 3649 ἀπὸ
2451 3593 2725 3662 πελάγους
2761 3592 3051 3664 ἀρυόμενοι
3088 3592 3187 3662 τῆς
3216 3591 3310 3645 τοῦ
3349 3591 3482 3644 Θεοῦ
3532 3591 3669 3661 γνώ-

2087 3699 2225 3746 σεως
2242 3722 2256 3748 ,
2288 3683 2382 3736 καὶ¹
2410 3682 2924 3754 καταλαμϐάνοντες
2944 3683 3046 3754 τῆς
3073 3682 3330 3753 τοιαύτης
3357 3683 3668 3754 οἰκονομίας

2085 3775 2427 3846 ὑπόδειγμα,
2481 3778 2580 3847 τῆς
2629 3774 2788 3847 ἡμῶν
2844 3773 3059 3838 ἐλπίδος
3113 3774 3210 3846 τὴν
3262 3775 3466 3846 χάριν,
3521 3775 3668 3828 εὐδο-

2087 3867 2180 3937 κία
2211 3867 2324 3937 (54)
2369 3867 2621 3938 Πατρὸς,
2681 3866 2897 3939 θελήσει
2934 3864 3068 3920 Υίοῦ
3115 3866 3218 3920 σὺν
3263 3866 3480 3938 θελήσει
3510 3866 3668 3936 ἁγίου

2087 3957 2434 4028 Πνεύματος,
2486 3959 2587 4029 τῆς
2617 3958 2781 4013 αὐτοῦ
2827 3958 2963 4012 Θεοῦ
3014 3957 3347 4030 οἰκονομίας.
3404 3954 3565 4030 Εἶχον
3611 3959 3667 4012 δὲ

2087 4049 2256 4101 πᾶσαι
2309 4050 2365 4102 αί
2418 4049 2630 4119 Γραφαὶ
2680 4049 2956 4121 σποράδην
2993 4050 3054 4104 τὸ
3105 4051 3366 4123 κήρυγμα
3407 4052 3521 4121 (55)
3571 4053 3666 4124 τῆς

2085 4140 2434 4204 ἀναστάσεως
2459 4142 2752 4212 ’ἐτηρεῖτο
2779 4140 2837 4194 δὲ
2884 4141 2945 4194 τὸ
2987 4141 3191 4196 τέλειον
3238 4145 3302 4214 τῇ
3359 4141 3524 4197 αὑτοῦ
3571 4142 3673 4196 τοῦ.

2085 4231 2452 4284 ὲνυποστάτου
2475 4232 2656 4299 Λόγου
2679 4232 2952 4304 παρουσία
2968 4249 2982 4263 ·
3009 4235 3311 4305 Πλήρωμα
3337 4235 3447 4305 γὰρ
3477 4237 3666 4304 νόμου

2083 4319 2362 4385 Χριστὸς.
2391 4318 2534 4373 κατὰ
2564 4320 2625 4374 τὸ
2653 4322 3056 4392 γεγραμμένον.
3101 4323 3211 4377 Ποῦ
3236 4323 3344 4396 γάρ
3373 4324 3472 4378 οὐκ
3512 4323 3664 4393 ἔλεγε

2084 4404 2146 4457 τὺ
2177 4407 2320 4459 θεῖον
2350 4408 2584 4478 γράμμα
2613 4411 2742 4482 περὶ
2767 4411 3116 4477 ἀναστάσεως
3144 4430 3160 4478 ;
3193 4413 3414 4485 Πρῶτον
3460 4415 3523 4468 τὺ
3569 4414 3670 4469 τοῦ,

397 4473 792 4529 reservabatur
831 4475 1146 4534 adventum.
1182 4480 1634 4552 Complementum
1675 4493 1863 4561 quippe
1902 4493 1979 4548 le-

2090 4497 2254 4551 Ἅϐελ
2281 4473 2421 4570 αἷμα
2461 4473 2752 4573 κηρύττέιο
2797 4503 2936 4576 μετὰ
2971 4473 3170 4577 γὰρ
3202 4473 3495 4562 ἀποθανεῖν
3520 4550 3534 4573 ,
3585 4507 3663 4562 ἔτι

395 4564 478 4634 gis
507 4563 752 4620 Christus
791 4577 892 4633 est,
929 4578 988 4624 ut
1018 4571 1302 4644 Scriptura
1336 4585 1570 4635 testatur
1589 4581 1633 4636 ⁸.
1665 4583 1801 4648 Quis
1829 4586 1974 4640 enim

399 4655 555 4712 locus
583 4657 640 4714 in
692 4660 871 4717 sacris
905 4659 1128 4722 Litteris
1166 4676 1272 4735 est,
1313 4670 1367 4726 in
1410 4686 1520 4742 quo
1555 4676 1976 4734 resurrectionis

465 4813 482 4844 ¹
515 4811 534 4866 1
569 4812 816 4882 Petr.m,
849 4817 937 4876 18.

393 4882 418 4915 '
453 4882 511 4938 F.
544 4883 833 4955 λογίζεται.

466 5001 581 5073 (55)
642 5003 839 5059 Οὕτως
887 5003 954 5059 τὸ
989 4999 1133 5075 αἷμα
1187 5005 1258 5059 ἐν
1325 5008 1550 5076 ίματίῳ.
1593 5009 1678 5064 Ad
1713 5027 1830 5067 eum
1863 5031 1978 5070 mo—

393 5072 523 5145 dum
565 5072 678 5142 quo
731 5077 1004 5145 sanguinis
1048 5072 1266 5130 uincula
1328 5072 1630 5135 uestimento
1677 5082 1970 5141 act/uerens.

392 5143 711 5222 Caute,_et
741 5143 867 5222 cum
919 5146 1238 5222 discrimine
1288 5147 1442 5222 locus
1486 5159 1577 5222 est
1604 5154 1974 5222 accipiendus.

395 5211 514 5266 Non
545 5214 688 5267 enim
741 5215 808 5269 ad
859 5230 984 5269 eum
1019 5217 1243 5272 omnino
1291 5219 1514 5275 modum
1563 5221 1656 5279 Dei
1689 5211 1885 5280 Filium
1919 5211 1974 5280 in

393 5297 561 5363 carne
594 5299 816 5365 passum
845 5285 1110 5367 dicimus,
1144 5303 1251 5367 quo
1283 5291 1692 5367 vestis__macula
1723 5298 1976 5367 imputa-

394 5361 486 5434 tur
511 5352 560 5407 ei
590 5352 683 5424 qui
715 5366 878 5437 _veste
907 5352 1175 5437 induitur;
1204 5357 1497 5437 intercedit
1538 5366 1668 5419 unio
1719 5352 1974 5437 byp'osta-

393 5423 524 5499 tica,
553 5422 661 5492 qua
695 5422 1085 5499 duaenaturaa,
1113 5428 1296 5486 divina
1325 5430 1597 5493 videlicet.
1624 5443 1678 5488 et
1712 5422 1969 5499 humana,

394 5494 464 5575 in.
484 5507 646 5547 unam
682 5494 1018 5575 subsistunt_
1039 5513 1347 5575 personam.
1377 5500 1494 5575 Non
1541 5505 1707 5574 igitur
1745 5494 1970 5575 prorsus

393 5562 466 5644 ad
492 5578 611 5617 sum
649 5564 863 5644 modum
883 5605 898 5631 ,
924 5562 1247 5644 sed-aliqua
1295 5562 1777 5644 ratione_,valiqub
1808 5568 1970 5628 mede

399 5632 466 5684 ad
493 5648 613 5687 eum
648 5639 879 5689 modum.
909 5638 991 5692 Ab
1015 5632 1266 5695 humanis
1295 5643 1458 5696 rebus
1491 5632 1748 5697 derivata:
1776 5644 1969 5698 simili-

398 5703 654 5781 tudines,
693 5719 814 5781 quae
857 5705 1037 5761 divina
1093 5721 1221 5781 sunt
1247 5722 1662 5781 Arepnesentarc
1692 5714 1969 5781 adaequate

395 5786 506 5829 non
539 5773 748 5846 valent;
785 5777 1021 5834 humana
1065 5793 1095 5833 a
1151 5773 1351 5836 divinis
1389 5782 1711 5837 immensum
1742 5773 1962 5841 distant.

1050 4822 1117 4878 Ἰ
1149 4822 1296 4880 Petr.
1338 4842 1426 4895 tv,
1464 4828 1516 4884 1.
1593 4830 1614 4862 ³
1641 4831 1691 4900 ,1,
1717 4831 1844 4888 Cor.
1883 4849 1942 4904 ιι,
1977 4834 2030 4890 8.

2081 4588 2269 4654 λαλεῖ,
2325 4592 2490 4664 φησὶν
2528 4595 2562 4666 ή
2611 4595 2819 4667 Γραφή.
2890 4594 3074 4666 Ἑνὼχ
3095 4599 3397 4665 μετετέθη,
3424 4600 3517 4651 κ(ιὲ
3546 4599 3654 4660 οὐχ

2087 4683 2428 4753 ηὑρίσκετο,
2455 4685 2549 4738 καὶ
2596 4684 2698 4739 οὐκ
2739 4682 2845 4740 εἶδε
2889 4685 3144 4741 θάνατον·
3184 4687 3517 4761 εὐηρέστησε
3554 4693 3659 4758 γὰρ

2131 4837 2154 4870 ⁸
2185 4838 2344 4894 Rom.
2382 4855 2459 4907 χι,
2501 4839 2592 4896 53.
2694 4841 2716 4872 ⁵
2747 4839 2768 4894 Ι
2797 4839 2923 4926 Cor.
2957 4857 3078 4910 xm,
3119 4841 3175 4897 9.
3278 4843 3476 4899 “Rom.
3515 4857 3568 4904 ι,
3602 4843 3652 4897 4.

2160 5018 2272 5088 (54)
2322 5021 2584 5096 Eudoxio
2607 5063 2622 5087 ,
2672 5033 2808 5096 etc._
2825 5023 2901 5078 Ex
2935 5039 3002 5080 eo
3036 5025 3158 5080 loco
3193 5027 3338 5096 quod
3388 5026 3653 5088 reliquum

2078 5097 2362 5167 estusque
2395 5092 2462 5144 ad
2515 5089 2701 5148 vecem
2756 5089 2902 5164 εἶχον
2957 5097 3027 5148 ita
3072 5089 3466 5167 interpretatur
3503 5096 3658 5153 Peta-

2080 5160 2201 5234 vius
2228 5159 2450 5234 :_'ldque
2496 5178 2562 5216 ea:
2616 5175 2773 5234 grata
2809 5159 2866 5218 in
2897 5183 2991 5220 nos
3019 5159 3312 5232 voluntate,
3346 5185 3408 5222 ac
3436 5186 3652 5222 consen-

2075 5230 2222 5283 sione
2249 5229 2460 5306 Patris,
2487 5243 2538 5286 et
2571 5229 2840 5288 voluntate
2886 5235 3057 5299 Filii,
3090 5255 3152 5290 ac
3182 5229 3416 5306 Spiritus
3446 5241 3648 5294 sancti:

2078 5309 2246 5378 totum
2281 5311 2335 5352 ut
2357 5301 2453 5356 hoc
2481 5305 2842 5378 negotiumltb
2880 5323 2985 5359 uno
3018 5301 3297 5378 eodemque
3325 5307 3433 5363 Deo
3468 5310 3536 5363 sit
3565 5310 3652 5363 ad-

2078 5369 2458 5448 ministratum.
2499 5369 2617 5429 Non
2643 5377 2716 5428 ita
2752 5375 3106 5448 Tlminasius,
3141 5369 3232 5448 qui
3281 5378 3519 5435 fortasse
3552 5396 3650 5435 nec

2077 5440 2302 5517 omnino
2326 5455 2611 5517 assecutus
2639 5456 2721 5501 est
2746 5447 3032 5517 Epiphanii
3074 5463 3140 5502 eo
3160 5440 3230 5502 'in
3262 5450 3378 5503 loco
3406 5466 3646 5506 sensum.

2149 5509 2264 5580 (55)
2315 5511 2634 5590 Κήρογμα,
2671 5509 3169 5590 ηοιι’άο9ηια,εε‹1
3206 5521 3426 5590 proprie
3453 5537 3650 5589 prisco-

2079 5579 2255 5661 nium,
2312 5579 2456 5652 quod
2490 5579 2777 5661 praeconis
2818 5579 2951 5661 voce
2977 5579 3240 5661 edicitur}
3288 5579 3540 5661 pimsenti
3594 5591 3648 5646 in

2077 5649 2196 5733 loco
2222 5649 2523 5732 usurpatur
2537 5656 2609 5733 ad
2639 5657 3008 5733 denotandum
3043 5649 3473 5731 prmdiétibncm,
3507 5677 3643 5733 pra:-

2077 5721 2426 5791 dicationcin,
2469 5727 2552 5784 vel
2589 5727 2940 5785 mentionem.
