4018 6210
281 333 384 389 189

1689 335 2132 394 ANCORATUS.

3447 338 3550 394 190

275 441 358 515 τῷ
386 441 525 513 Θεῷ.
553 443 677 497 Νῶε
730 445 958 498 κιϐωτὸν
990 447 1392 502 κατεσκεύασεν
1424 449 1487 501 ἐκ
1536 447 1672 502 Θεοῦ
1702 467 1868 520 προσ-

1979 463 2080 502 non
2138 448 2524 505 meminerint?
2586 447 2824 504 Primum
2895 445 3082 502 Abelis
3135 445 3358 517 sanguis
3401 445 3549 500 i‘llam

274 535 558 606 τάγματος
583 536 600 568 ⁸
633 535 810 608 ἑαυτῷ
840 538 1254 607 παλιγγενεσίας
1294 539 1370 610 τῷ
1427 541 1611 612 οἰκείῳ
1639 542 1867 613 ἐργαζό-

281 641 446 696 μενος
483 625 620 697 οἴκῳ
651 665 666 679 .
720 627 972 700 Ἀϐραὰμ
1021 628 1288 701 γηραλέος
1343 630 1610 700 λαμϐάνει
1667 632 1864 695 παῖδα,

281 716 692 788 νενεκρωμένου
725 718 824 792 ἥδη
867 719 963 772 τοῦ
1015 719 1289 792 σώματος.
1342 723 1450 776 Kal
1488 723 1554 776 ἐκ
1585 723 1796 796 νεκρῶν
1839 726 1868 778 6

279 805 415 870 Θεὸς
459 807 562 878 τὴν
589 808 779 863 ἐλπίδα
816 809 1171 884 κεχάρισται,
1211 812 1585 884 νεκρωθείσης
1634 813 1870 884 μάλιστα

280 897 382 966 τῆς
437 898 653 969 μήτρας
699 901 954 974 Σάρρας·
993 903 1088 956 καὶ
1138 901 1200 955 τὸ
1249 904 1734 974 πεπαλαιωμένον,
1777 905 1868 972 καὶ

281 989 451 1057 ἐγγὺς
479 990 790 1062 ἀφανισμοῦ
821 992 1045 1062 γεγονὸς
1076 993 1176 1064 τῆς
1204 996 1324 1047 κατ’
1352 993 1576 1066 ἐθισμὸν
1613 997 1870 1064 γυναικὸς

282 1078 606 1143 ἀκολουθίας
631 1120 646 1145 ,
681 1081 715 1152 ἡ
758 1080 1084 1152 ξηρανθεῖσα
1113 1083 1267 1156 πηγὴ
1292 1079 1446 1148 αὖθις
1472 1085 1701 1156 δύναμιν
1733 1087 1870 1158 λαμ-

284 1167 439 1220 ϐάνει
469 1169 548 1232 εἰς
577 1171 881 1244 καταϐολὴν
914 1174 1227 1246 σπέρματος
1249 1217 1264 1241 ,
1289 1177 1381 1230 καὶ
1405 1177 1440 1248 ἡ
1467 1178 1712 1248 γηραλέα
1745 1196 1870 1232 veco-

280 1259 419 1329 τέρα
476 1261 710 1317 κυΐσκει.
763 1263 876 1318 Kal
937 1266 1124 1320 Ἰσαάκ
1179 1267 1289 1321 ἀπὸ
1337 1268 1566 1324 θανάτου
1607 1271 1752 1336 ζῶν,
1791 1271 1870 1342 τῷ

284 1349 456 1422 πατρὶ
489 1352 760 1423 παρεδόθη
780 1371 796 1386 ο
821 1355 850 1408 6
889 1355 998 1428 γάρ
1033 1355 1168 1420 Θεὸς
1199 1356 1259 1422 ἐξ
1287 1359 1636 1424 ἀναστάσεως
1660 1360 1870 1435 νεκρῶν

281 1441 364 1513 τῷ
399 1448 568 1515 πατρὶ
594 1445 685 1499 τὸν
725 1447 893 1502 παῖδα
935 1450 1264 1521 παραδιδοὺς
1297 1450 1475 1516 ζῶντα
1515 1453 1705 1506 ἐλπίδα
1742 1454 1872 1525 ἐκή-

285 1551 503 1606 ρυττεν.
565 1536 762 1608 Ἰωσὴφ
796 1539 1038 1594 δείκνυσι
1098 1541 1196 1613 τὴν
1233 1543 1614 1614 πραγματείαν
1639 1584 1655 1609 ,
1704 1545 1779 1615 μὴ
1809 1546 1871 1599 ἐν

281 1622 522 1696 δευτέρῳ
552 1626 834 1697 τιθέμενος
881 1629 979 1699 τὴν
1009 1629 1117 1684 τῶν
1149 1631 1353 1685 ὀστέων
1407 1631 1593 1686 ἐλπίδα
1618 1649 1630 1662 ο
1668 1634 1872 1704 ἐπεμε-

281 1717 428 1772 λεῖτο
453 1719 558 1790 γάρ
597 1720 703 1773 τῶν
731 1721 986 1776 τοιούτων
1009 1762 1024 1787 ,
1059 1723 1158 1794 οὐχ
1192 1724 1269 1789 ὼς
1298 1725 1685 1798 ἀπολλυμένων
1704 1767 1719 1792 ,
1755 1727 1868 1780 ἀλλ’

1968 539 2228 611 ρι’ίειιίείιι
2266 558 2278 592 :
2329 555 2455 594 nam
2517 550 2636 609 post
2683 548 2910 593 mortem
2940 539 3118 593 adhuc
3153 537 3436 606 loquitur,
3489 545 3551 594 ut

1970 629 2136 686 refert
2159 628 2441 699 Scriptura
2459 631 2498 683 '.
2530 628 2708 684 Enoch
2741 629 3038 682 translatus
3063 635 3168 691 est,
3201 637 3248 680 et
3279 642 3381 680 non
3409 627 3552 680 inre-

1971 724 2243 786 niebatur,
2304 737 2481 791 neque
2537 730 2766 774 mortem
2817 719 2985 781 vidit,
3037 717 3293 789 quoniam
3349 716 3553 788 placuit

1971 811 2083 867 Deo
2108 813 2150 865 ³.
2186 809 2300 867 Νοε
2333 811 2424 868 Dei
2456 810 2712 864 mandato
2747 809 3035 864 fabricavit
3077 825 3282 873 arcam,
3323 823 3553 878 eamque

1971 904 2116 959 velut
2168 903 2638 974 regenerationem
2695 901 2914 956 familia:
2969 917 3081 956 sua:
3127 901 3347 955 molitus
3393 899 3540 956 est‘.

1971 995 2319 1050 Abrahamus
2372 1000 2532 1048 atate
2582 991 2868 1047 confectus
2923 991 3089 1044 filium
3141 1001 3392 1046 emortuo
3435 989 3548 1058 jam

1971 1102 2202 1158 corpore
2236 1085 2486 1156 suscipit,
2529 1099 2593 1139 ac
2638 1082 2778 1138 Deus
2820 1098 2971 1152 spem
3007 1083 3295 1137 emortuis
3323 1082 3552 1152 largitus

1970 1187 2078 1244 est,
2123 1177 2424 1248 praesertim
2459 1191 2584 1230 cum
2632 1174 2782 1230 Sara:
2813 1159 3098 1229 emortuus
3147 1181 3292 1228 esset
3327 1183 3552 1237 uterus;

1972 1285 2036 1324 ac
2065 1270 2210 1339 quod
2248 1269 2646 1324 inveteraverat
2673 1274 2728 1320 et
2767 1263 3164 1336 propemodum
3205 1272 3324 1319 erat
3349 1264 3556 1319 exstin-

1972 1369 2144 1424 ctum,
2183 1359 2288 1415 hoc
2331 1369 2434 1423 est,
2481 1357 2808 1428 proﬂuvium
2855 1356 2988 1410 illud
3045 1355 3312 1410 muliebre
3337 1355 3557 1424 jamdu-

1971 1451 2101 1506 dum
2148 1451 2486 1506 exsiccatum
2520 1464 2739 1504 rursum
2771 1447 3135 1508 instauratur,
3165 1456 3218 1500 ct
3259 1445 3326 1498 ad
3369 1460 3555 1502 semen

1971 1538 2333 1595 emittendum
2395 1539 2540 1594 vires
2591 1539 2838 1608 accepit;
2892 1552 3033 1591 anus
3088 1537 3323 1606 denique
3366 1534 3558 1605 puellae

1972 1646 2126 1686 more
2159 1629 2454 1701 parturit“.
2497 1629 2562 1684 Et
2600 1629 2750 1686 lsaac
2784 1629 2930 1684 velut
2972 1643 3003 1682 a
3051 1635 3226 1682 morte
3265 1634 3558 1682 revocatus

1975 1720 2042 1774 ad
2068 1721 2232 1776 vitam
2259 1720 2476 1776 oblatus
2505 1729 2590 1776 est
2616 1721 2759 1792 patri
2782 1721 2801 1752 °
2832 1739 2845 1773 :
2877 1719 3081 1792 quippe
3125 1718 3268 1774 Deus
3302 1733 3370 1773 ex
3407 1733 3559 1772 mor-

280 1809 362 1873 ὼς
417 1810 718 1880 μελλόντων
751 1809 908 1878 αὖθις
941 1813 1216 1870 ἀναϐιοῦν.
1268 1815 1379 1870 Kal
1411 1817 1711 1871 ἐνετέλλετο
1740 1818 1870 1872 ἀνα-

1979 1820 2194 1868 tuorum
2243 1814 2645 1868 resurrectione
2685 1813 2867 1867 vivum
2897 1811 3108 1884 parenti
3156 1819 3558 1880 repraesentans

282 1899 614 1971 κομισθῆναι
649 1902 713 1954 ἐκ
761 1903 858 1972 τῆς
887 1903 996 1957 τῶν
1027 1905 1342 1972 Αἰγυπτίων
1380 1905 1584 1978 χώρας,
1637 1908 1698 1961 ού
1725 1924 1868 1980 παρο

284 1988 481 2060 έργως.
534 1991 645 2044 Kal
698 1994 726 2046 6
795 1994 993 2064 Ἰωσὴφ
1037 1993 1197 2048 τοῦτο
1251 1997 1528 2068 ἐσήμανε,
1581 2001 1870 2054 Συνανοί-

282 2079 436 2134 σατέ
493 2099 614 2150 μου
683 2081 754 2136 τὰ
817 2083 968 2137 ὀστᾶ
994 2125 1008 2150 ,
1059 2084 1282 2152 φάσκων
1317 2101 1332 2114 ·
1397 2085 1702 2156 ἐπισκοπῇ
1761 2088 1871 2158 γὰρ

281 2170 680 2238 ἐπισκέψεται
720 2171 873 2242 ὑμᾶς
913 2176 946 2226 ό
976 2175 1210 2242 Κύριος.
1241 2175 1302 2228 Ei
1349 2173 1423 2247 μὴ
1470 2175 1625 2239 ἐλπὶς
1651 2171 1718 2248 ἦν
1744 2178 1873 2230 ἀνα-

285 2261 564 2326 στάσεως,
615 2263 699 2326 τίς
747 2264 946 2317 ὀστέων
993 2266 1027 2336 ή
1079 2266 1364 2334 ἐπιμέλεια
1411 2269 1540 2338 περὶ
1578 2266 1684 2320 τῶν
1716 2267 1870 2337 φθει-

289 2353 534 2424 ρομένων
581 2353 783 2408 ὀστέων
823 2355 1164 2410 ἐντέλλεσθαι
1197 2358 1323 2420 τοὺς
1356 2357 1634 2424 δικαίους;
1671 2359 1867 2430 Πρώτη

285 2445 442 2518 φωνὴ
470 2445 549 2517 τῷ
573 2446 780 2519 Μωῠσῇ
811 2450 844 2520 ή
880 2447 973 2502 τοῦ
1002 2447 1138 2502 Θεοῦ
1171 2449 1470 2521 μαρτυρία·
1491 2451 1634 2520 Ἐγὼ
1668 2454 1699 2505 ὀ
1727 2449 1871 2518 Θεὸς

296 2539 556 2608 Ἀϐραὰμ
577 2579 592 2602 ,
620 2540 720 2593 καὶ
753 2543 785 2595 ὁ
814 2541 960 2608 Θεὸς
1001 2541 1229 2609 Ἰσαὰκ,
1263 2542 1362 2597 καὶ
1396 2545 1430 2597 ὁ
1462 2543 1608 2609 Θεὸς
1642 2543 1868 2609 Ἰακὼϐ,

284 2628 396 2682 τῶν
426 2631 484 2682 ἐν
511 2630 700 2702 κόσμῳ
741 2631 840 2702 μὲν
881 2631 1276 2703 κοιμωμένων,
1312 2635 1442 2704 παρ’
1476 2633 1600 2704 ἐμοὶ
1631 2631 1868 2698 ζώντων.

291 2721 390 2774 Ἐν
422 2719 667 2793 Πνεῦμα,
697 2723 790 2775 καὶ
811 2722 872 2776 τὸ
901 2723 1034 2778 αὐτὸ
1055 2723 1115 2776 τὸ
1141 2723 1381 2795 λαλῆσαν
1406 2725 1464 2777 ἐν
1492 2725 1670 2797 νόμῳ,
1701 2726 1794 2779 καὶ
1819 2727 1878 2780 ἐν

288 2812 612 2884 Εὐαγγελξῳ
639 2813 892 2868 διδάσκον
914 2833 928 2847 ο
959 2814 1116 2868 τοῦτο
1148 2816 1256 2886 γὰρ
1299 2817 1394 2869 καὶ
1428 2816 1802 2881 Σαδδουκαίοις
1847 2819 1877 2872 6

291 2904 482 2976 Σωτὴρ
508 2906 803 2977 ἐσήμαινεν
823 2945 838 2973 ,
883 2906 937 2960 '0
971 2905 1180 2963 λαλῶν
1223 2908 1294 2962 ἐν
1322 2908 1444 2976 τοῖς
1499 2912 1834 2980 προφήταις
1859 2949 1874 2976 ,

287 3012 552 3067 παρειμι.

1980 1905 2174 1968 ﬁlium,
2205 1919 2357 1976 Spem
2389 1904 2813 1960 resurrectionis
2836 1902 3099 1959 ostendit.
3137 1901 3282 1956 ldem
3315 1910 3372 1956 et
3399 1899 3557 1956 Jose-

1978 1995 2121 2066 phus
2169 2011 2270 2050 suo
2305 1995 2449 2051 facto
2481 1994 2880 2065 comprobavit,
2919 2008 3043 2048 cum
3094 1991 3301 2048 ossium
3331 2005 3556 2047 suorum

1978 2101 2128 2156 spem
2153 2095 2208 2141 et
2249 2085 2716 2156 exspectationem
2751 2085 3127 2156 negligendam
3159 2099 3268 2138 non
3303 2083 3553 2152 putavit:

1976 2178 2178 2248 quibus
2221 2193 2330 2232 non
2376 2185 2635 2247 tanquam
2679 2176 2962 2246 perituris,
3015 2175 3110 2231 sed
3153 2186 3213 2230 ut
3260 2175 3390 2229 olim
3437 2173 3560 2228 vita:

1978 2268 2330 2325 restituendis
2370 2284 2560 2324 curam
2605 2268 2888 2334 adhibuit;
2923 2274 3086 2337 atque
3133 2277 3193 2320 ut
3226 2282 3293 2321 ex
3322 2265 3560 2336 Egypto

1980 2362 2406 2432 deportarentur
2427 2363 2594 2417 etiam
2625 2370 2788 2429 atque
2815 2360 2981 2415 etiam
3010 2359 3288 2430 precepit,
3322 2359 3407 2413 his
3437 2375 3560 2413 ver-

1977 2453 2062 2510 bis
2091 2470 2223 2510 suos
2252 2455 2526 2510 allocutus
2556 2469 2570 2506 :
2603 2451 2918 2521 Exportate,
2943 2453 3142 2523 inquit,
3172 2460 3299 2506 ossa
3323 2467 3438 2505 mea
3471 2467 3562 2505 ao-

1979 2546 2180 2601 biscum
2208 2562 2226 2600 :
2257 2547 2520 2602 visitando
2545 2546 2686 2600 enim
2709 2545 2943 2601 visitabit
2971 2562 3058 2599 vos
3084 2544 3340 2598 Dominus
3365 2544 3406 2598 ⁷.
3465 2545 3564 2598 Αι-

1980 2639 2073 2711 qui
2104 2640 2150 2696 si
2188 2640 2336 2694 nulla
2367 2647 2514 2695 esset
2549 2639 2734 2694 futura
2772 2637 3128 2699 resurrectio,
3161 2650 3426 2707 quorsum
3451 2643 3562 2690 tam

1979 2732 2214 2803 diligens
2241 2731 2451 2788 ossium
2492 2746 2647 2796 cura,
2679 2738 2740 2784 ut
2783 2731 2852 2786 de
2891 2729 3156 2801 perituris
3185 2729 3406 2784 ossibus
3424 2727 3562 2797 justi

1981 2823 2233 2878 homines
2273 2831 2383 2877 tam
2425 2832 2685 2878 accurate
2711 2823 3174 2892 vehementerque
3203 2822 3565 2878 mandarent?

1977 2911 2093 2968 Vox
2126 2913 2217 2966 illa
2254 2915 2428 2984 prima
2477 2929 2601 2983 quae
2633 2911 2805 2984 Moysi
2837 2912 2983 2968 edita
3030 2920 3138 2976 est,
3167 2912 3235 2966 de
3267 2912 3456 2966 eadem
3504 2926 3565 2967 re

1977 3007 2072 3066 Dei
2127 3009 2498 3066 testimonium
2548 3008 2787 3063 habuit:
2836 3005 2948 3078 Ego
2987 3023 3127 3069 sitm,
3165 3005 3364 3075 inquit,
3419 3003 3563 3058 Deus

205 3109 211 3115 -
289 3083 586 3154 Abraham,
634 3097 684 3143 et
728 3086 864 3144 Deus
898 3087 1077 3157 Isaac,
1124 3098 1175 3145 ει
1225 3089 1364 3147 Deus
1407 3091 1576 3147 Iacob
1598 3093 1643 3160 ⁸,
1693 3095 1784 3166 qui
1822 3097 1875 3152 in
1910 3099 2116 3154 mundo
2152 3100 2377 3166 mortui,
2416 3099 2558 3170 apud
2589 3114 2676 3153 me
2706 3097 2918 3154 vivunt.
2984 3095 3136 3152 Unus
3166 3110 3331 3166 porro
3391 3094 3566 3149 idem-

289 3195 402 3250 que
429 3177 692 3250 Spiritus,
727 3184 909 3254 quiin
951 3185 1070 3258 lege
1112 3186 1330 3243 locutus
1377 3197 1492 3254 est,
1540 3189 1690 3245 istud
1734 3191 1912 3261 ipsum
1955 3194 2008 3247 in
2052 3193 2346 3265 Evangelio
2393 3207 2612 3264 quoque
2667 3191 2858 3250 docuit
2901 3209 2915 3245 :
2982 3189 3253 3260 siquidem
3292 3187 3564 3244 Dominus

295 3275 615 3336 Sadducaeis
644 3277 784 3332 idem
823 3279 981 3350 plane
1010 3279 1339 3351 signiﬁcavit
1365 3279 1502 3347 :Qui
1526 3281 1778 3352 loquebar
1821 3284 1874 3338 in
1906 3286 2194 3353 prophetis,
2229 3301 2346 3340 erce
2374 3284 2630 3338 adsum’.

366 3370 486 3439 ιιΕκ
547 3371 848 3436 ’Υποδείξει
905 3370 964 3423 δὲ
995 3372 1028 3440 ή
1087 3371 1282 3441 ῥάϐδος
1326 3370 1422 3424 τοῦ
1484 3372 1694 3446 Ἀαρὼν
1741 3373 1874 3446 ξηρά

2058 3373 2222 3432 XCV.
2261 3373 2374 3431 Nec
2404 3375 2589 3434 ininiis
2623 3371 2689 3428 ad
2723 3371 2857 3428 illud
2889 3367 3380 3426 demonstrandum
3420 3368 3568 3424 valet

291 3459 432 3520 οὖσα
476 3462 685 3517 πολλῶν
711 3464 851 3533 τάχα
887 3461 1044 3528 ἐτῶν,
1071 3462 1165 3516 καὶ
1203 3465 1262 3517 ἐν
1315 3466 1488 3535 σκηνῇ
1523 3464 1616 3534 ἀφ’
1645 3465 1884 3538 ἑσπέρας

292 3557 393 3612 καὶ
423 3563 545 3627 ἄχρι
593 3556 696 3625 τῆς
743 3554 818 3608 ’ἑω
871 3555 1318 3625 καταλειφθεῖσα.
1352 3556 1548 3620 Αύτοῖς
1601 3557 1710 3629 γὰρ
1744 3558 1882 3628 μετά

293 3648 558 3720 καμάτων
591 3645 700 3720 (56)
738 3645 807 3700 τὰ
841 3645 1018 3711 ζῶντα
1065 3646 1260 3718 δένδρα
1306 3645 1395 3699 διά
1427 3646 1652 3701 δεκαδύο
1697 3648 1882 3720 μηνῶν

294 3738 440 3794 κατά
464 3738 711 3811 περίοδον
740 3736 986 3792 ἐνιαυτοῦ
1016 3737 1394 3809 πληρουμένου
1423 3739 1668 3810 καρποὺς
1695 3740 1880 3811 γεννᾷ,

293 3830 448 3902 ἡλίου
473 3846 534 3882 τε
563 3829 858 3893 θάλποντος
878 3870 893 3894 ,
933 3829 1102 3882 ὑετῶν
1133 3828 1472 3901 ἀρδευόντων
1498 3870 1513 3894 ,
1550 3829 1756 3904 δρόσων
1787 3849 1882 3884 πε-

293 3921 675 3985 ταννυουσῶν,
709 3921 902 3985 νυκτός
928 3939 987 3974 τε
1016 3923 1109 3975 καὶ
1134 3921 1352 3995 ἡμέρας
1391 3923 1710 3994 τρεφουσῶν
1735 3965 1749 3988 ,
1778 3924 1883 3979 ὑπὸ

299 4014 430 4085 μίαν
463 4013 633 4067 νύκτα
677 4013 738 4066 τὸ
765 4013 1022 4086 δυσχερὲς
1058 4015 1281 4086 εὐχερὲς
1321 4017 1350 4068 6
1392 4015 1524 4079 Θεὸς
1551 4017 1876 4087 εἰργάσατο·

294 4105 602 4176 ἐϐλάστησε
659 4105 768 4178 γὰρ
805 4106 838 4176 ὴ
871 4103 1012 4176 ξηρά
1035 4105 1229 4176 ῥάϐδος
1253 4145 1267 4169 ,
1299 4105 1394 4158 καὶ
1421 4105 1594 4175 φύλλα
1635 4107 1882 4160 ἐκϐάλλει

293 4199 392 4252 καὶ
446 4199 692 4269 καρποὺς
724 4198 1038 4270 πεπείρους.
1087 4197 1168 4250 Τὰ
1217 4199 1377 4267 ὃμοια
1410 4199 1516 4270 γὰρ
1552 4199 1826 4266 ὑπέδειξεν
1855 4201 1883 4253 6

292 4290 428 4354 Θεὸς
453 4290 556 4359 τῆς
592 4289 892 4361 μελλούσης
920 4289 1012 4344 ὑπ’
1047 4290 1213 4343 αὐτοῦ
1245 4289 1463 4343 ἔσεσθαι
1509 4291 1878 4355 ἀναστάσεως.

293 4383 829 4454 Συλλαμϐανομένων
866 4382 922 4438 δὲ
973 4382 1081 4436 τῶν
1126 4381 1330 4436 παίδων
1370 4381 1511 4436 κατά
1557 4383 1645 4436 τὸν
1687 4383 1881 4452 σεμνὸν

293 4477 475 4548 γάμον
495 4515 510 4541 ,
537 4475 596 4530 ὃν
629 4477 657 4530 6
689 4475 892 4548 Κύριος
924 4474 1168 4540 ὑπέδειξε
1187 4516 1203 4543 ,
1230 4476 1446 4547 πρῶτον
1479 4475 1880 4530 καταϐάλλεται

295 4569 522 4640 σπέρμα
576 4567 676 4639 τῆς
723 4566 1077 4634 ἀκολουθίας,
1138 4568 1214 4632 ὡς
1242 4569 1549 4635 κατέδειξεν
1592 4572 1620 4623 6
1651 4572 1877 4643 Κύριος,

293 4661 438 4716 κατά
464 4660 564 4726 τὰς
598 4660 920 4731 γεννητικὰς
951 4662 1192 4732 μήτρας’
1221 4660 1398 4733 χρόνῳ
1421 4660 1478 4714 δὲ
1515 4661 1882 4734 ἀνακυλιόμε-

1983 3469 2220 3523 Aaronis
2260 3468 2351 3522 illa
2381 3468 2554 3538 virga,
2585 3481 2708 3536 (ιιιίε
2747 3465 2937 3521 multis
2956 3465 3068 3533 jam
3100 3463 3261 3519 annis
3297 3461 3562 3528 arefacta,

1983 3567 2038 3614 et
2076 3560 2129 3613 in
2171 3559 2529 3614 tabernaculo
2567 3573 2598 3612 a
2650 3573 2881 3629 vespera
2926 3557 2994 3611 ad
3047 3555 3348 3612 diluculum
3392 3571 3567 3626 usque

1984 3652 2230 3723 deposita
2263 3650 2438 3706 fuerat
2461 3652 2525 3704 ¹⁰.
2563 3650 2698 3706 Cum
2731 3651 2878 3704 enim
2930 3649 3066 3704 viva:
3117 3649 3346 3704 arbores
3389 3648 3567 3718 spisse

1983 3759 2325 3816 operoseque
2377 3743 2669 3798 duodecim
2726 3742 2857 3797 totis
2887 3741 3002 3812 99
3029 3740 3346 3804 mensibus,
3402 3748 3569 3809 atque

1983 3852 2130 3894 anno
2178 3847 2424 3894 vertente
2473 3837 2687 3891 fructus
2732 3835 2968 3906 pariant,
3020 3849 3142 3890 cmn
3196 3834 3331 3890 solis
3369 3832 3569 3889 ardore

1983 3928 2246 3994 confotai,
2307 3937 2421 3984 tum
2473 3929 2712 3998 irrigatus
2759 3926 2995 3997 pluviis,
3043 3935 3209 3996 atque
3257 3925 3567 3994 explicante

1984 4039 2108 4079 rore
2142 4023 2410 4094 germina,
2467 4038 2532 4078 ac
2578 4021 2698 4077 dies
2735 4028 2790 4076 et
2820 4027 3010 4074 noctes
3045 4019 3245 4083 alente,
3300 4033 3407 4071 una
3456 4033 3566 4071 non

1984 4114 2220 4182 amplius
2261 4123 2443 4179 nocte,
2494 4111 2638 4182 quod
2690 4110 2914 4165 diﬂicile
2967 4115 3088 4163 erat
3149 4108 3300 4162 nullo
3349 4110 3568 4177 negotio

1985 4203 2126 4259 Deus
2169 4204 2438 4269 absolvit;
2481 4219 2608 4258 nam
2653 4211 2708 4257 et
2759 4201 2911 4256 arida
2945 4199 3096 4269 virga
3145 4199 3457 4270 pullulavit,
3511 4206 3568 4253 et

1988 4296 2115 4350 folia
2145 4304 2504 4366 maturosque
2532 4294 2742 4350 fructus
2787 4292 3000 4364 peperit
3029 4310 3043 4344 :
3077 4305 3184 4361 qua
3231 4289 3454 4360 quidem
3490 4291 3567 4344 si-

1987 4387 2294 4444 militudine
2338 4387 2576 4444 futuram
2629 4387 2779 4442 illam
2846 4385 2899 4440 vi
2954 4398 3052 4439 sua
3104 4380 3566 4438 resurrectionem

1985 4477 2128 4534 Deus
2167 4477 2493 4534 adumbrare
2527 4477 2722 4532 voluit.
2751 4476 2890 4531 Cum
2927 4474 3173 4529 honestis
3205 4471 3408 4542 nuptiis
3429 4486 3568 4541 qua-

1985 4585 2104 4626 rum
2135 4577 2331 4625 auctor
2357 4578 2443 4626 est
2485 4568 2652 4633 Deus,
2694 4568 2852 4623 liberi
2891 4574 3288 4638 propagentur,
3327 4564 3567 4634 primum

1987 4663 2045 4718 in
2077 4664 2369 4734 genitalem
2412 4663 2607 4718 matris
2647 4671 2886 4722 uterum,
2915 4658 3374 4729 quemadmodum
3421 4656 3570 4711 Deus

296 4771 387 4809 νον
417 4753 482 4808 τὸ
513 4752 853 4825 καταϐληθὲν
882 4755 941 4808 ἐν
975 4755 1040 4826 τῇ
1070 4754 1307 4825 γαστρὶ,
1339 4753 1746 4826 τελεσφορεῖται
1787 4754 1874 4808 διὰ

1985 4754 2247 4821 instituit,
2278 4769 2467 4809 semen
2504 4751 2834 4816 infunditur,
2867 4758 2981 4805 tum
3027 4763 3319 4820 progressu
3355 4756 3569 4817 tempo-

295 4847 488 4920 χρόνου
528 4845 914 4918 ἐνναμηνιαίου
936 4861 952 4878 ο
993 4845 1137 4916 φημὶ⁵
1165 4845 1220 4898 δὲ
1246 4844 1351 4899 ὑπὸ
1383 4845 1539 4900 ἐννέα
1577 4845 1762 4918 μηνῶν
1788 4846 1880 4900 τὸν

294 4938 532 5012 ἀριθμὸν
571 4937 1029 5009 τελεσιουργεῖται
1064 4936 1126 4990 τὸ
1157 4937 1517 5008 κυῖσκόμενον
1550 4937 1647 4990 καὶ
1689 4937 1881 5006 γεννᾶ-

294 5046 404 5085 ται.
449 5030 539 5084 Ἐν
563 5029 620 5083 δὲ
649 5032 715 5101 τῇ
737 5029 1028 5083 ἀναστάσει
1065 5028 1164 5099 οὐχ
1190 5026 1361 5092 οὕτως
1387 5068 1402 5094 ,
1439 5029 1545 5082 ὑπὸ
1575 5027 1728 5100 οῆξιν
1769 5027 1879 5098 γὰρ

295 5121 356 5174 τὸ
386 5121 548 5194 ἔργον
571 5138 586 5152 ·
618 5121 911 5177 Σαλπίσει
947 5121 1059 5190 γὰρ
1082 5162 1097 5187 ,
1146 5120 1246 5174 καὶ
1292 5124 1344 5174 οἱ
1392 5120 1592 5190 νεκροὶ
1638 5120 1881 5192 ἐγερθή-

293 5227 509 5267 σονται
544 5210 834 5282 ἄφθαρτοι
853 5227 867 5242 ο
901 5211 973 5276 ὼς
1000 5210 1199 5278 ἔδειξεν
1229 5213 1258 5265 6
1289 5209 1492 5283 Κύριος
1519 5212 1576 5265 ἐν
1606 5214 1672 5283 τῇ
1706 5214 1878 5284 σκηνῇ

369 5375 386 5406 ⁸
419 5370 620 5427 Deesse
650 5369 899 5425 nonnihil
941 5370 1173 5424 videtur.
1271 5372 1291 5402 ²
1315 5369 1478 5426 Hebr.
1507 5387 1582 5435 ιι,
1609 5370 1661 5425 4.

298 5444 365 5498 10
393 5458 518 5498 sua.
595 5444 617 5474 ‘
655 5441 791 5497 Gen.
835 5456 968 5495 ml.
1007 5441 1106 5498 ης
1132 5439 1292 5496 llebr.
1332 5457 1407 5498 ιιι.
1439 5441 1527 5495 19.
1601 5442 1620 5473 ⁷

393 5458 495 5513 sqq
503 5483 518 5496 .

298 5513 330 5568 6
359 5511 492 5586 sqq.
561 5514 604 5545 ¹¹
637 5513 808 5569 lCor.
839 5527 928 5577 xv,
959 5511 1047 5566 52.

368 5635 481 5705 (56)
512 5632 675 5688 Μετὰ
702 5633 1018 5705 καμάτων.
1057 5645 1272 5705 _operose
1296 5671 1310 5693 ,
1359 5645 1478 5705 cunt
1529 5627 1725 5685 labore.
1769 5629 1873 5705 ‘Ad

302 5699 588 5777 Ep'ipbanii
616 5699 857 5777 mentem
879 5717 946 5757 eo
963 5703 1023 5777 in
1057 5701 1176 5755 loco
1192 5700 1244 5777 εἰ
1273 5699 1877 5777 respiciamus,_optime

299 5767 619 5834 redderetur
665 5789 762 5843 per
795 5773 1111 5830 adverbium
1156 5771 1259 5826 vix.
1294 5767 1427 5824 Illud
1486 5769 1660 5828 nostri
1708 5767 1876 5828 inter-

1771 5369 1792 5402 ³
1819 5368 1952 5424 ibid.
1991 5370 2234 5433 5;-Gen.
2262 5387 2316 5437 ν,
2355 5371 2445 5425 26.

595 5444 617 5474 ⁸
655 5441 791 5497 Gen.
835 5456 968 5495 xxii.
1007 5439 1292 5508 12;llebr.
1332 5457 1407 5506 ιιι,
1439 5441 1527 5495 19.
1601 5442 1620 5473 ⁷
1662 5439 1874 5496 Exod:

1979 5483 1986 5506 ,
2019 5441 2106 5497 19.
2181 5436 2399 5496 3Exod.
2441 5457 2522 5507 Ill,
2563 5441 2618 5496 6.
2693 5442 2714 5474 ’
2747 5440 2851 5495 lsa.
2890 5436 2992 5508 Lit,
3019 5436 3071 5494 θ.
3151 5439 3194 5470 ¹⁶
3227 5436 3388 5491 Num.
3427 5448 3562 5501 xm,

1987 4847 2063 4902 ris
2093 4846 2242 4917 quod
2271 4853 2452 4902 satum
2483 4852 2574 4901 est
2608 4844 2664 4898 in
2691 4851 2872 4911 utero,
2895 4857 3089 4898 novem
3124 4839 3397 4896 mensium
3429 4848 3566 4894 tem-

1985 4953 2118 5009 pore
2157 4937 2462 5008 perficitur,
2499 4951 2565 4992 ac
2610 4937 2830 4992 demum
2866 4935 2922 4990 in
2970 4935 3150 4989 lucem
3184 4933 3476 4988 emittitur.
3506 4929 3567 4986 In

1985 5029 2389 5084 resurrectione
2452 5043 2586 5084 vero
2644 5042 2754 5082 non
2808 5026 2995 5082 eadem
3049 5024 3154 5080 erit
3211 5023 3386 5089 ratio;
3443 5038 3563 5077 mo-

1987 5130 2170 5180 mento
2201 5124 2400 5192 quippe
2432 5135 2520 5176 res
2564 5128 2678 5174 tota
2706 5119 2985 5191 peragitur
3019 5136 3032 5172 :
3071 5115 3276 5172 Etenim
3313 5116 3438 5169 tuba
3476 5130 3567 5168 ca-

1987 5221 2093 5280 net,
2125 5221 2174 5266 ει
2201 5213 2397 5267 mortui
2427 5221 2700 5284 resurgant
2733 5211 3025 5280 incorrupti
3045 5211 3107 5264 η.
3129 5207 3185 5264 ld
3212 5207 3360 5280 quod
3389 5208 3446 5262 in
3469 5207 3565 5261 illo

2552 5370 2572 5401 "
2599 5369 2736 5426 Gen.
2766 5386 2841 5435 vr,
2874 5369 2908 5422 8
2932 5385 3054 5440 sqq.
3156 5367 3187 5440 7'7
3213 5366 3348 5440 Gen.
3389 5380 3522 5420 xvm
3545 5403 3560 5424 .

1983 5629 2154 5700 pretis
2185 5629 2351 5700 spisse
2384 5641 2827 5700 operoseque_nec
2873 5619 3349 5700 sensumreddere
3380 5616 3556 5700 (ξι-αεὶ

1985 5691 2165 5758 icxtus
2198 5691 2442 5768 videtur,
2489 5691 2666 5772 neque
2696 5697 2945 5754 Latinam
2977 5692 3182 5751 redolet
3210 5691 3554 5762 elegantiam.
