4018 6210
431 351 532 411 191

1846 350 1903 407 S.
1942 348 2284 408 EPIPHANII

3466 394 3473 399 -
3589 351 3703 412 192

436 468 769 526 Testimonii
804 469 1162 525 tabernaculo
1198 467 1459 525 Dominus
1489 469 1749 534 ostendit,
1789 469 1880 524 ubi
1912 487 2016 525 nu-

2130 471 2214 525 τοῦ
2249 469 2581 543 μαρτυρίου,
2614 468 2696 522 ὄτι
2744 467 2811 523 τὰ
2842 466 3020 537 κάρυα
3055 465 3122 520 τά
3153 465 3211 518 ἐν
3254 466 3365 530 τοῖς
3411 465 3546 531 ζῶσι
3589 467 3710 522 δέν-

432 578 528 619 ces
555 578 694 635 quas
725 563 859 617 vivae
891 562 1117 617 arbores
1148 568 1274 631 post
1307 559 1594 617 duodecim
1641 576 1859 617 menses
1886 578 2012 634 pro-

422 653 639 719 ‘t'erunt,
674 652 731 707 in
767 652 921 707 arido
966 666 1313 723 exsuccoque
1354 651 1504 721 ligno
1551 662 1832 722 conceptae
1888 653 2015 707 den-

435 745 611 800 siores
640 743 1084 814 germinarunt‘,
1122 750 1181 796 ut
1226 740 1374 814 quod
1418 743 1726 809 duodecim,
1767 746 1848 800 uti
1879 746 2012 812 dixi,

434 833 715 889 mensibus
741 833 1010 888 elaborari
1043 834 1202 899 solet,
1235 848 1343 888 una
1388 844 1544 890 nocte
1570 837 1652 890 vel
1689 850 1799 890 uno
1829 837 2011 906 potius

435 924 584 979 horae
628 933 906 980 momento
950 924 1022 979 sit
1057 939 1087 978 a
1130 923 1241 979 Deo
1279 923 1605 995 perfectum.
1650 926 2017 993 Quemadmo-

433 1012 562 1069 dum
591 1030 716 1071 cum
754 1015 941 1070 infans
989 1031 1184 1071 novem
1232 1017 1512 1072 mensibus
1546 1018 1739 1074 matris
1776 1019 1830 1073 in
1862 1028 2016 1074 utero

433 1112 698 1175 gestatus,
748 1105 1013 1160 diuturno
1085 1113 1329 1177 tempore
1386 1108 1512 1178 tingi
1565 1109 1863 1180 perﬁcique
1921 1125 2011 1165 so-

432 1195 569 1258 leat;
613 1194 668 1248 in
702 1195 1107 1250 resurrectione
1145 1202 1323 1250 tamen
1371 1205 1649 1251 momento
1704 1213 1831 1261 uno,
1878 1214 2017 1269 pun-

426 1292 634 1351 etoque
650 1283 915 1352 temporis
937 1283 1215 1353 perfectus
1241 1293 1404 1356 atque
1427 1285 1713 1341 absolutus
1736 1288 2013 1357 exsurget.

508 1369 694 1427 XCVI.
752 1369 935 1426 Fidem
979 1372 1289 1428 infidelibus
1340 1374 1653 1430 hominibus
1704 1374 1871 1430 faciat
1924 1374 2017 1430 Dei
2094 1419 2098 1423 .

434 1461 523 1516 vis
560 1475 623 1515 ac
673 1461 934 1531 potentia,
988 1462 1147 1532 cujus
1184 1461 1445 1517 voluntati
1497 1481 1646 1519 nemo
1673 1473 1844 1533 potest
1888 1465 2020 1519 resi-

436 1561 573 1606 stere
592 1552 634 1605 ¹.
671 1551 873 1606 Audiat
908 1551 1120 1625 Moyses
1160 1560 1214 1608 et
1260 1553 1517 1610 ostendat
1548 1576 1561 1611 :
1596 1555 1819 1622 Quid'i‘n
1860 1573 2020 1610 manu

437 1652 531 1696 tua
553 1642 754 1699 habes?
783 1643 858 1697 ait
880 1643 952 1697 illi
977 1642 1239 1700 Dominus
1260 1646 1314 1700 ἰ
1359 1658 1413 1700 at
1435 1647 1514 1703 is:
1558 1647 1790 1719 Virgam,
1824 1648 2011 1718 inquit.

441 1730 607 1801 Virga
654 1748 818 1803 porro
848 1734 1024 1803 lignea
1063 1742 1118 1789 et
1164 1735 1402 1791 arefacta
1439 1753 1664 1808 prorsus
1702 1748 1839 1794 erat.
1880 1738 2018 1793 Tum

2121 560 2268 633 δροις
2298 558 2386 615 διά
2414 558 2641 613 δεκαδύο
2673 557 2856 629 μηνῶν
2880 553 3324 627 ἐγκυμονούμενα
3355 557 3413 609 ἐν
3447 554 3524 626 τῷ
3555 555 3711 629 ξηρῷ

2119 651 2260 722 ξύλῳ
2299 649 2637 715 πυκάζονται
2667 690 2682 715 ,
2719 648 2811 701 καὶ
2865 645 3084 717 βλαστοὶ
3128 644 3423 715 γινόμενα,
3474 645 3570 699 καὶ
3600 645 3713 700 ὑπὸ

2121 742 2249 812 μίαν
2284 740 2451 794 νύκτα
2475 781 2491 804 ,
2542 741 2602 794 ού
2637 739 2795 811 μόνον
2819 737 2897 802 δὲ,
2921 737 3033 791 ἀλλ’
3066 735 3171 791 ὑπὸ
3201 736 3353 806 θῆξιν
3387 738 3514 807 μιᾶς
3554 735 3711 809 ὧρας

2118 833 2559 904 ἐτελεσιούργησε
2599 832 2661 885 τὸ
2703 830 2793 884 διὰ
2825 829 3053 885 δεκαδύο
3091 828 3277 901 μηνῶν
3303 867 3318 892 ,
3351 829 3428 892 ὡς
3458 828 3708 900 εἴρηται,

2118 924 2399 996 γινόμενον
2421 940 2435 954 ο
2469 923 2564 977 καὶ
2595 922 2671 986 ὡς
2707 921 2767 974 τὸ
2803 921 2872 974 δι’
2904 920 3058 976 ἐννέα
3093 918 3276 990 μηνῶν
3317 920 3374 971 ἐν
3415 922 3481 990 τῇ
3528 919 3711 992 κοιλίᾳ

2117 1015 2407 1086 γενόμενον
2463 1012 2690 1085 βρέφος,
2750 1011 2779 1066 6
2829 1011 2919 1066 διὰ
2973 1010 3165 1065 πολλοῦ
3201 1009 3296 1064 τοῦ
3341 1012 3534 1082 χρόνου
3575 1029 3709 1066 συν-

2119 1104 2281 1177 αχθέν
2342 1103 2677 1169 τελειοῦται,
2719 1103 2778 1157 ἐν
2828 1102 2886 1157 δέ
2929 1103 2996 1174 τῇ
3051 1102 3343 1157 ἀναστάσει
3394 1102 3498 1155 ὑπὸ
3549 1101 3708 1172 θῆξιν

2123 1196 2416 1271 πληρωθὲν
2448 1195 2752 1251 ἀνίσταται.

2191 1371 2321 1439 Ma".
2349 1368 2604 1424 Πεισάτω
2624 1368 2749 1431 τοὺς
2777 1366 3037 1430 ἀπίστους
3060 1367 3095 1437 ἡ
3114 1363 3344 1434 δύναμις
3362 1362 3453 1417 τοῦ
3472 1362 3709 1434 Κυρίου,

2124 1462 2146 1494 ⁸
2166 1456 3170 1528 οὐδεϊςάνθίσταταιτῷβουλήματι,
3207 1452 3516 1507 Ἀκουσάτω
3540 1455 3711 1508 Matii-

2122 1553 2222 1622 σῆς
2244 1588 2259 1613 ,
2284 1548 2379 1603 καὶ
2410 1545 2765 1602 ἐπιδεικνύτω
2788 1562 2802 1577 ·
2852 1547 2913 1601 Tt
2948 1544 3020 1600 ἐν
3057 1543 3134 1614 τῇ
3163 1545 3317 1615 χειρί
3353 1560 3511 1605 σου;
3540 1545 3711 1614 φησὶν

2120 1642 2149 1694 6
2175 1638 2381 1711 Κύριος
2403 1655 2418 1669 ·
2452 1639 2481 1691 6
2519 1637 2577 1691 δὲ
2608 1631 2730 1689 εἷπε
2754 1674 2769 1700 ,
2819 1633 3089 1701 Ῥάϐδος.
3127 1635 3186 1687 'H
3217 1633 3274 1686 δὲ
3302 1633 3492 1705 ῥάϐδος
3521 1630 3710 1702 ξυλίνη

2120 1728 2224 1804 ἦν,
2258 1730 2397 1803 ξηρά
2421 1729 2478 1784 δὲ
2528 1728 2725 1798 πάντη.
2764 1727 2873 1782 Καί
2908 1742 3071 1798 φησιν
3116 1726 3321 1794 Ῥίψον
3366 1723 3562 1793 αὐτὴν
3604 1723 3707 1776 ἐπὶ

441 1823 705 1880 Dominus
733 1843 748 1880 :
778 1824 1011 1893 Profice,
1056 1828 1252 1897 inquit,
1280 1828 1429 1882 illaut
1466 1830 1520 1883 in
1553 1839 1772 1886 terram.
1808 1830 2022 1903 Abjecit

2130 1821 2236 1892 τῆς
2279 1820 2412 1892 γῆς.
2454 1818 2566 1872 Καὶ
2601 1817 2794 1890 έρριψε
2842 1815 2940 1886 τὴν
2998 1814 3168 1887 ξηρὰν
3220 1813 3449 1886 ῥάϐδον,
3499 1812 3595 1866 καὶ
3646 1813 3714 1866 τὸ

436 1930 570 1986 ergo
597 1913 809 1986 Moyses
856 1916 1063 1971 aridam
1093 1918 1327 1989 virgam;
1361 1928 1416 1975 et
1462 1921 1605 1989 quod
1631 1921 1843 1975 aridum
1879 1926 2019 1985 erat,

437 2006 723 2061 hinnidnm
747 2022 811 2063 ac
843 2008 995 2064 succi
1022 2010 1240 2081 plenum
1285 2011 1520 2067 reddidit
1550 2010 1691 2068 Deus
1722 2031 1735 2068 :
1773 2029 1876 2068 nec
1922 2012 2022 2066 ltu-

440 2097 650 2150 tuidnm
703 2097 867 2153 modo
916 2100 1011 2155 sed
1062 2108 1117 2155 et
1165 2101 1486 2165 animatum,
1542 2101 1786 2172 adeoque
1825 2111 2019 2156 natura

438 2197 731 2252 ntutatum,
777 2198 833 2246 et
880 2191 1044 2244 aliam
1091 2190 1146 2246 in
1190 2192 1555 2246 substantiam
1597 2193 2019 2248 conformatum.

436 2279 551 2336 Nec
602 2281 782 2337 inanis
835 2284 1268 2353 adumbrataqne
1322 2282 1423 2336 fuit
1479 2284 1569 2337 illa
1634 2283 1848 2354 species
1881 2302 1895 2338 :
1928 2281 2022 2339 Dei

445 2372 650 2441 quippe
681 2381 954 2441 praecepto
1000 2388 1066 2427 ex
1114 2374 1193 2427 rei
1228 2373 1462 2428 veritate
1505 2389 1615 2428 non
1661 2373 1811 2428 inani
1842 2376 2024 2444 specie

441 2474 581 2530 opus
616 2460 793 2531 ipsum
831 2461 1136 2532 perficitur.
1161 2463 1340 2533 Atque
1369 2469 1429 2517 ut
1472 2463 1889 2532 intelligentiam
1920 2468 2022 2519 no-

438 2561 612 2605 stram
654 2551 708 2604 in
739 2551 992 2607 omnibus
1030 2551 1306 2629 dirigeret,
1343 2560 1397 2607 et
1442 2553 1511 2607 ab
1541 2568 1728 2609 errore
1762 2555 2022 2624 prohibe—

440 2649 547 2705 ret,
583 2643 868 2698 veritatem
895 2642 1012 2713 ipse
1036 2659 1133 2713 per
1163 2642 1385 2715 Moysen
1415 2643 1685 2700 exhibuit.
1717 2644 1854 2699 Nam
1878 2648 2022 2717 quod

440 2743 558 2790 tum
592 2735 774 2799 ﬂebat,
803 2752 911 2790 non
962 2735 1084 2791 licta
1120 2737 1304 2807 specie
1346 2736 1439 2792 sed
1474 2752 1532 2793 re
1569 2754 1696 2792 vera
1746 2738 1858 2809 geri
1891 2753 2020 2810 pro-

442 2830 606 2898 pheta
637 2836 749 2882 tum
776 2826 1035 2897 fugiendo
1055 2828 1399 2883 monsnravit.
1432 2827 1566 2883 Nam
1603 2829 1649 2884 si
1672 2831 1935 2884 duntaxat
1962 2830 2017 2886 id

441 2931 723 2987 apparere,
766 2917 924 2987 100
947 2932 1056 2973 non
1101 2932 1160 2973 re
1201 2919 1319 2988 ipsa
1359 2917 1471 2973 ﬁeri
1506 2919 1851 2986 credidisset,
1890 2936 2007 2977 ser-

438 3012 658 3078 pentem
688 3007 841 3062 illum
872 3023 985 3063 non
1023 3007 1256 3079 lugeret.
1293 3010 1401 3065 Sed
1428 3026 1498 3065 ne
1526 3009 1668 3068 forte
1696 3012 2016 3080 pervicaces

442 3098 699 3155 homines
726 3098 1049 3155 oﬂ'ensionis
1079 3099 1230 3155 illinc
1275 3103 1625 3159 occasionem
1656 3103 1824 3171 nacti,
1869 3105 2024 3159 nobis

443 3189 595 3244 istud
617 3190 886 3259 objiciunt
915 3191 1071 3248 :Alia
1100 3202 1214 3246 tum
1240 3194 1392 3264 virga
1422 3194 1546 3257 fuit,
1579 3195 1670 3250 cui
1703 3161 1845 3250 Deus
1876 3196 2022 3250 aliud
2051 3161 2094 3220 (ἶ

445 3280 722 3349 quoddam
753 3295 954 3349 corpus
985 3297 1082 3351 pro
1112 3298 1211 3337 sua
1247 3285 1530 3340 voluntate
1553 3285 1765 3340 tribuit.
1804 3285 2025 3341 Discant

445 3369 502 3424 in
533 3369 727 3439 primis
764 3379 1103 3441 oportctuon
1138 3374 1363 3428 alteram
1397 3384 1494 3444 pro
1523 3375 1712 3438 altera,
1742 3375 1838 3430 sed
1878 3390 2026 3431 eam-

444 3460 569 3515 dem
600 3460 773 3532 ipsam
802 3470 924 3532 Quae
967 3462 1120 3517 arida
1151 3472 1292 3529 erat,
1325 3464 1622 3519 animatam
1656 3464 1829 3521 fuisse
1855 3485 1868 3520 :
1898 3482 2027 3538 pro-

447 3560 632 3623 pterea
672 3553 821 3624 quod
850 3570 1051 3609 novum
1085 3555 1218 3609 illud
1263 3555 1431 3626 virgae
1458 3570 1659 3627 corpus
1689 3557 1940 3623 inditum,
1971 3565 2025 3612 et

446 3659 569 3714 quae
599 3644 670 3701 ab
700 3644 892 3701 eodem
936 3646 1247 3718 agitabatur
1275 3655 1473 3701 natura
1513 3647 1627 3703 sive
1657 3647 1854 3712 forma,
1887 3648 2029 3704 hanc

445 3733 590 3791 Deus
635 3735 994 3807 adjudicium
1038 3736 1266 3792 minime
1289 3739 1549 3806 vocabat;
1591 3754 1769 3809 neque
1804 3740 1872 3795 de
1909 3754 2030 3796 ser-

445 3836 612 3896 pente
641 3831 741 3897 pro
769 3829 923 3899 virga
963 3828 1219 3897 judicare
1252 3830 1500 3897 volebat;
1532 3830 1626 3885 sed
1668 3830 2030 3886 resurrectio-

446 3916 537 3971 nis
568 3916 626 3971 in
658 3916 752 3971 illa
792 3918 943 3989 virga
988 3917 1352 3975 certissimam
1397 3919 1578 3975 facere
1625 3919 1786 3976 ﬁdem
1832 3920 2033 3976 consti-

450 4014 654 4070 tuerat,
686 4022 751 4062 ac
781 4024 936 4065 suam
965 4010 1184 4066 interim
1215 4011 1595 4068 demonstrare
1623 4013 1940 4083 potentiam,
1971 4022 2032 4068 ut

2125 1912 2284 1983 ξηρδν
2308 1913 2336 1965 ὁ
2361 1910 2494 1974 Θεδς
2539 1909 2707 1981 ύγρδν
2737 1906 3017 1973 ἐπετέλει,
3052 1905 3148 1960 καὶ
3199 1905 3272 1958 οὐΔ
3312 1905 3470 1975 μόνον
3518 1905 3711 1974 ὑγρὸν,

2120 2001 2256 2058 ἀλλά
2286 2000 2383 2055 καῖ
2413 1999 2656 2071 ἔμψυχον
2683 2039 2697 2061 ,
2734 1997 2868 2052 ἀλλὰ
2901 1998 2995 2051 καὶ
3023 1998 3090 2067 τῇ
3127 1994 3286 2065 φύσει
3318 1993 3719 2066 παρηλλαγμέ-

2121 2110 2212 2147 νον
2233 2132 2248 2155 ,
2276 2092 2371 2147 καὶ
2398 2094 2463 2163 τῇ
2500 2090 2659 2160 οὐσία
2687 2088 2887 2159 ἑτέρως
2917 2086 3384 2158 ἐσχηματισμένον
3416 2084 3552 2155 (57).
3594 2084 3716 2137 Οὐκ

2118 2181 2188 2255 ἦν
2225 2183 2515 2253 φάντασμα
2566 2181 2628 2234 τὸ
2663 2180 2822 2254 ἔργον
2850 2196 2863 2210 ·
2896 2177 3120 2249 ἀληθείᾳ
3170 2177 3279 2248 γάρ
3333 2175 3469 2229 Θεοῦ
3526 2192 3711 2246 προσ-

2126 2277 2369 2346 τάγματι
2420 2273 2749 2345 ἐργάζεται,
2813 2270 2907 2324 καὶ
2958 2269 3020 2322 οὐ
3069 2267 3361 2340 φαντασίᾳ.
3402 2267 3488 2322 Ἐν
3537 2268 3715 2321 ἅπασι

2122 2369 2232 2442 γὰρ
2260 2365 2647 2438 διορθουμένην
2684 2364 2785 2435 τὴν
2812 2362 2971 2435 ήμῶν
3001 2361 3238 2415 διάνοιαν
3264 2359 3580 2432 παρέστησε
3624 2357 3719 2413 διὰ

2121 2458 2401 2522 Μωῦσέως
2425 2457 2523 2529 τὴν
2562 2454 2841 2528 ἀλήθειαν.
2884 2454 3066 2523 Ἔγνω
3094 2452 3202 2524 γὰρ
3240 2453 3283 2505 ὁ⁴
3311 2452 3597 2522 προφήτης
3628 2451 3717 2503 ὅτι

2121 2554 2182 2607 τὸ
2210 2550 2488 2623 γινόμενον
2510 2549 2610 2603 οὐκ
2631 2543 2698 2621 ἦν
2726 2546 2968 2618 δοκήσει,
2994 2543 3106 2598 ἀλλ’
3129 2543 3375 2616 ἀληθεία,
3399 2544 3456 2596 ἐν
3477 2541 3554 2612 τῷ
3576 2542 3718 2596 ἀπα-

2122 2645 2347 2719 δρᾶσαι.
2383 2644 2449 2696 Εἰ
2495 2640 2604 2712 γὰρ
2654 2637 2926 2711 φαντασίᾳ.
2969 2637 3087 2708 ᾔδει
3139 2635 3203 2689 τὸ
3244 2635 3560 2706 γινόμενον,
3614 2633 3721 2686 οὐκ

2122 2736 2517 2809 ἀπεδίδρασκεν
2571 2731 2680 2786 ἀπὸ
2712 2730 3006 2803 προσώπου
3058 2727 3154 2782 τοῦ
3186 2728 3382 2798 ὄφεως.
3421 2725 3584 2779 Ἀλλά
3637 2724 3723 2795 μὴ

2124 2828 2285 2883 πάλιν
2306 2826 2464 2880 τοῦτο
2493 2825 2571 2887 εἰς
2597 2821 2891 2877 σκάνδαλον
2916 2821 3204 2891 γενήσεται
3225 2821 3337 2882 τοῖς
3360 2816 3710 2888 φιλονείκοις,

2125 2919 2218 2974 καῖ
2262 2918 2493 2972 εἴπωσιν
2516 2956 2530 2980 ,
2561 2917 2645 2971 ὅτι
2674 2915 2807 2986 ἄλλη
2838 2908 2906 2986 ἦ’ν
2939 2915 2971 2983 ή
3005 2911 3199 2983 ῥάϐδος
3223 2952 3236 2977 ,
3272 2912 3302 2964 6
3329 2910 3386 2964 δὲ
3413 2909 3558 2972 Θεὸς·⁶
3579 2908 3715 2961 ἔδω-

2125 3029 2220 3066 κεν
2246 3011 2392 3081 αὐτῇ
2404 3008 2612 3063 ἀλλοῖον
2647 3007 2808 3078 σῶμα
2840 3007 2916 3070 ὡς
2943 3004 3199 3077 ἠθέλησε.
3226 3002 3337 3059 Καὶ
3370 3001 3587 3074 πρῶτον
3617 3000 3722 3072 μὲν

2125 3097 2217 3156 οὖν
2247 3101 2564 3172 μαθέτωσαν
2587 3138 2603 3163 ,
2634 3099 2714 3152 ὅτι
2743 3098 2844 3151 οὐκ
2883 3096 3050 3168 ἄλλην
3074 3095 3195 3150 ἀντῖ⁸
3214 3093 3720 3166 ἀλληςαέψύχωσεν,

2128 3195 2243 3250 ἀλλ’
2273 3194 2441 3264 αὐτὴν
2491 3192 2707 3264 ἐκείνην
2735 3190 2833 3263 τὴν
2881 3188 3050 3261 ξηρὰν
3089 3183 3253 3242 οὖσαν
3284 3186 3589 3269 ἐψύχωσεν·
3636 3186 3724 3241 ὅτι

2126 3287 2283 3340 τοῦτο
2307 3285 2368 3338 τὸ
2413 3283 2565 3337 δοθὲν
2612 3285 2678 3354 τῇ
2713 3281 2892 3353 ῥάϐδῳ
2927 3280 3112 3351 σῶμα,
3144 3279 3238 3332 καὶ
3284 3277 3599 3348 κινούμενον
3626 3276 3725 3330 ὑπ’

2128 3376 2293 3431 αὑτοῦ
2326 3375 2481 3445 γένος
2505 3415 2520 3439 ,
2562 3374 2595 3446 ἦ
2633 3369 2771 3436 εἶδος
2794 3413 2809 3438 ,
2833 3373 2914 3435 εἰς
2947 3371 3126 3442 κρίσιν
3154 3371 3182 3423 6
3210 3369 3344 3433 Θεὸς
3370 3369 3470 3423 οὐκ
3512 3367 3723 3430 ἐκάλει,

2128 3470 2249 3525 οὐδὲ
2292 3470 2411 3523 ἀντὶ
2448 3469 2551 3536 τῆς
2590 3464 2786 3537 ῥάϐδου
2837 3464 2928 3518 τὸν
2975 3464 3246 3536 δράκοντα
3288 3459 3519 3532 ἠθέλησε
3567 3459 3725 3514 δικά-

2133 3558 2269 3625 ζειν,
2299 3558 2434 3613 ἀλλὰ
2464 3556 2839 3628 πληροφορίαν
2885 3555 2981 3626 μὲν
3013 3552 3104 3607 διὰ
3133 3553 3235 3622 τῆς
3269 3552 3467 3625 ῥάϐδου
3490 3551 3726 3605 ἀναστά-

2142 3669 2279 3715 σεως
2343 3650 2658 3722 εἰργάσατο.
2695 3647 2770 3701 Τὸ
2823 3646 2881 3700 δὲ
2928 3645 3060 3700 ἴδιον
3108 3644 3326 3698 δυνατὸν
3358 3646 3387 3698 ὁ
3437 3642 3569 3705 Θεὸς
3614 3640 3723 3695 ἁπέ

2135 3743 2344 3798 εδείκνυ
2373 3783 2388 3808 ,
2427 3742 2514 3795 ῐνα
2546 3742 2619 3812 μή
2649 3757 2733 3804 τις
2771 3739 3047 3810 ἀπιστήσῃ
3085 3736 3165 3808 τῷ
3202 3734 3415 3807 δυνατῷ
3464 3736 3522 3789 ἐν
3561 3736 3719 3789 πᾶσι.

2133 3834 2246 3888 Καὶ
2296 3831 2427 3888 αὐτὸ
2456 3833 2514 3886 δέ
2547 3830 2687 3902 μετὰ
2735 3829 2917 3902 πάσης
2948 3828 3249 3899 ἀσφαλείας
3295 3827 3587 3897 ἐποιήσατο
3612 3842 3626 3856 ’
3655 3825 3721 3879 οὐ

2135 3923 2244 3995 γὰρ
2277 3922 2442 3994 μέρος
2494 3938 2548 3974 τι
2599 3922 2698 3993 τῆς
2748 3919 2943 3994 ῥάϐδου
2992 3920 3213 3992 ᾕγειρεν
3237 3958 3253 3986 ,
3283 3918 3397 3974 ἀλλ’
3444 3918 3573 3990 ὅλην
3618 3917 3722 3988 τὴν

2144 4013 2335 4085 ῥάϐδον
2373 4011 2668 4084 μετέϐαλεν
2699 4011 2775 4075 ὡς
2804 4008 3057 4082 ἠθέλησε.

449 4112 520 4151 ne
549 4099 675 4169 quis
702 4099 754 4154 ei
791 4101 884 4171 qui
934 4102 989 4156 in
1035 4103 1292 4158 omnibus
1323 4078 1639 4175 prapotens
1669 4114 1776 4169 est,
1813 4105 2097 4160 ditiilcrct.
2140 4078 2319 4176 'Atque
2346 4078 2451 4159 hoc
2516 4104 2696 4174 ipsum
2765 4078 2888 4156 cum
2953 4078 3101 4156 omni
3134 4078 3391 4157 cautione
3444 4098 3670 4170 perfecit
3701 4114 3716 4152 :

448 4204 558 4245 non
616 4190 761 4246 enim
814 4200 1022 4263 partem
1066 4193 1236 4266 virgae
1282 4195 1550 4250 duntaxat
1600 4196 1893 4261 excitavit;
1931 4196 2025 4250 svd
2067 4196 2333 4267 integrant
2370 4194 2545 4265 ipsam
2569 4193 2856 4248 voluntate
2881 4205 2977 4246 sua
3015 4192 3307 4247 convertit.

523 4279 730 4337 XCVII.
772 4281 927 4348 Quod
955 4292 1137 4339 autem
1167 4285 1243 4338 ita
1276 4300 1398 4342 sese
1436 4301 1525 4343 res
1556 4287 1775 4351 habeat,
1802 4299 1866 4339 ac
1891 4299 2035 4340 sem-

450 4373 676 4443 piternae
702 4371 828 4426 vitae
869 4388 998 4441 spes
1037 4374 1273 4429 mortuis
1297 4386 1518 4430 ostensa
1548 4377 1638 4440 sit,
1673 4374 1934 4445 quodque
1966 4373 2033 4427 ad

451 4461 621 4514 vitam
656 4461 932 4516 excitandi
979 4462 1057 4517 illi
1105 4464 1216 4518 sint
1268 4466 1360 4535 qni
1412 4466 1469 4520 in
1520 4468 1788 4536 sepulcris
1825 4466 2029 4537 jacent,
2067 4446 2109 4500 ι)

456 4547 678 4619 Moysen
713 4564 908 4607 rursus
944 4559 1205 4623 tanquam
1229 4554 1492 4624 majorem
1525 4556 1673 4610 omni
1702 4555 2026 4625 exceptione

454 4645 649 4694 testem
702 4639 909 4697 advoca
937 4659 951 4697 :
980 4644 1125 4713 apud
1175 4659 1338 4715 quem
1388 4660 1514 4700 cum
1580 4644 1775 4700 Ruben
1819 4642 2032 4701 facinus

451 4737 849 4799 perpetrasset.
880 4733 964 4789 sic
1002 4735 1052 4789 ei
1082 4742 1234 4805 pater
1262 4735 1649 4792 sanctissimus
1683 4737 1773 4791 ille
1802 4738 2037 4807 patriar-

452 4823 556 4876 cha
587 4820 760 4879 Jacob
808 4824 1144 4895 imprecatur
1171 4845 1186 4882 :
1218 4826 1396 4883 Ruben
1445 4828 1825 4899 primogenita:
1862 4844 2026 4895 meus,

452 4921 505 4967 et
545 4913 863 4982 principium
903 4915 1189 4972 liberorum
1236 4934 1491 4981 meorum,
1536 4918 1793 4988 iujuriam
1835 4919 2026 4990 fecisti.

455 5004 609 5061 Sicut
636 5022 777 5076 aqua
813 5024 919 5062 non
943 5009 1216 5078 e/ferveas.
1245 5008 1617 5064 Conscendisti
1656 5010 1825 5067 cubile
1857 5015 2027 5081 patris

457 5097 556 5164 tui,
591 5107 641 5153 et
672 5099 930 5166 retexistt',
960 5100 1159 5169 inquit,
1192 5117 1294 5171 quo
1342 5103 1630 5159 ascendisti
1651 5104 1694 5160 ⁸.
1729 5105 1798 5159 At
1833 5106 1888 5160 in
1923 5104 2030 5162 lle-

526 5217 730 5294 ‘ANum.
763 5235 897 5288 xvn,
928 5221 962 5278 6
994 5237 1116 5294 sqq.
1189 5224 1212 5256 θ
1246 5220 1443 5279 Esther
1498 5239 1619 5293 xm,
1645 5226 1699 5282 9.

455 5287 659 5363 θωθάρ.

527 5401 646 5478 (57)
695 5400 808 5459 Ital
852 5402 931 5478 τῇ
992 5406 1175 5478 οὐσία
1223 5404 1436 5476 ἑτέρως
1486 5407 2030 5478 ἐσχηματισμένον.

456 5473 684 5546 PrOprie
726 5489 836 5546 non
865 5475 1090 5531 denotat
1122 5473 1286 5530 aliam
1316 5473 1392 5531 't'n
1413 5473 1421 5474 ί
1444 5473 1796 5532 substantiam
1821 5473 2036 5545 confor-

459 5543 686 5617 rnatum,
711 5543 1012 5617 s_ed_potius
1033 5549 1087 5617 in
1111 5548 1411 5601 substantia
1435 5549 1593 5602 aliter
1621 5543 2032 5617 conformatum.

1797 5225 1819 5258 ³
1852 5225 2022 5281 Exod.
2060 5241 2132 5293 Iv,
2164 5222 2199 5276 2
2229 5236 2351 5292 sqq.

2211 4284 2324 4349 ιβ’.
2363 4282 2473 4336 Καὶ
2498 4280 2580 4334 ὅτι
2617 4280 2715 4350 μὲν
2746 4276 2919 4332 ταῦτα
2951 4275 3123 4341 οὕτως
3156 4277 3268 4348 ἔχει
3288 4317 3304 4342 ,
3332 4277 3427 4332 καὶ⁴
3455 4277 3506 4330 οἱ
3538 4280 3724 4347 νεκροὶ

2142 4373 2333 4427 ἐλπίδα
2384 4372 2565 4443 έχουσι
2600 4369 2745 4441 ζωῆς
2795 4368 3058 4437 αἰωνίου,
3104 4368 3198 4423 καὶ
3230 4370 3283 4423 oi
3328 4369 3387 4424 ἐν
3441 4371 3727 4442 μνήμασιν

2138 4465 2530 4536 ἀναστήσονται
2554 4503 2569 4528 ,
2604 4463 2758 4516 κάλει
2794 4478 2884 4533 μοι
2926 4461 3089 4515 πάλιν
3131 4461 3386 4532 μάρτυρα
3428 4461 3520 4514 τὸν
3572 4460 3723 4526 ἀξιό.

2139 4573 2328 4609 πιστον
2354 4554 2610 4610 Μωῦσὲα.
2645 4554 3147 4625 Πλημμελήσαντος
3179 4553 3289 4626 γὰρ
3309 4552 3406 4606 τοῦ
3445 4553 3717 4623 Ῥουϐεὶμ,

2136 4648 2408 4718 ἐπαρᾶται
2432 4644 2581 4717 αὐτῷ
2602 4648 2631 4699 6
2658 4644 2843 4718 πατὴρ
2875 4645 3042 4699 αὐτοῦ
3073 4647 3102 4699 ὁ
3123 4643 3279 4714 ἅγιος
3324 4643 3520 4698 Ἰακὼϐ
3552 4647 3580 4697 ὁ
3610 4661 3718 4697 πα-

2134 4738 2436 4811 τριάρχης,
2491 4737 2584 4792 καί
2628 4754 2802 4811 φησισ
2868 4735 3153 4805 Ῥουόεὶμ,
3189 4734 3560 4804 πρωτότοκός
3597 4751 3718 4803 μου

2133 4828 2233 4883 καὶ
2266 4827 2421 4898 ἁρχὴ
2456 4827 2684 4881 τέκνων
2723 4843 2877 4896 μου,
2908 4825 3259 4895 ἐξύϐρισας·
3305 4825 3387 4893 ὼς
3432 4823 3589 4893 ὕδωρ
3626 4823 3717 4893 μὴ

2130 4918 2381 4989 ἐκζέσῃς
2406 4936 2421 4951 ο
2454 4918 2674 4984 ἀνέϐης
2706 4917 2818 4988 γὰρ
2848 4921 2936 4985 εὶς
2963 4917 3077 4986 τὴν
3104 4917 3317 4985 κοίτην
3356 4912 3464 4970 τοῦ
3496 4916 3717 4984 πατρός

2134 5025 2251 5066 σου
2272 5051 2287 5071 ,
2321 5009 2421 5065 καὶ
2452 5007 2855 5077 ἀπεκάλυψας
2878 5051 2894 5075 ,
2926 5008 3124 5078 φησὶν,
3156 5004 3228 5064 οὗ
3257 5009 3497 5076 ἁνέϐης.
3543 5008 3631 5061 Ἐν
3658 5005 3722 5058 δὲ

2133 5104 2212 5175 τῷ
2247 5100 2523 5175 Ἐϐραῖκῷ
2566 5100 2680 5173 (58)
2706 5142 2719 5165 ,
2758 5101 3025 5172 ἐλθωϐἀρ
3053 5102 3074 5132 ⁸
3098 5118 3114 5133 ·
3160 5101 3295 5174 ὅπερ
3347 5101 3494 5155 ἐστὶν
3545 5102 3717 5171 ἑρμη-

2452 5218 2474 5251 δ
2505 5217 2641 5274 Gen.
2670 5234 2818 5284 xm,
2852 5217 2924 5283 '5,
2953 5221 3008 5276 Δ.
3112 5221 3133 5253 ⁵
3156 5218 3317 5274 Dee‘st
3338 5213 3418 5274 οὗ.
3528 5218 3551 5250 ⁸
3583 5217 3713 5272 Cor.

2131 5404 2276 5475 quod
2307 5404 2559 5475 eacellere
2600 5402 2894 5474 signiﬁcat.
2935 5400 3357 5475 Proquo~LXX
3382 5402 3521 5475 {Mi}
3559 5402 3720 5468 ἐκζέο-

2135 5472 2254 5548 σῃς.
2298 5473 2382 5529 Ne
2412 5472 2675 5548 ebullias,
2706 5485 2755 5548 et
2787 5476 3010 5548 igneas.
3041 5472 3344 5548 Natuquod
3392 5472 3595 5548 fervet,
3625 5480 3713 5548 at-

2136 5544 2345 5601 tollitur
2372 5552 2425 5600 et
2453 5547 2672 5600 eminet.
2704 5546 2774 5599 At
2794 5544 3152 5616 Epiphanius
3183 5544 3322 5616 idem
3342 5614 3349 5616 ,
3368 5545 3607 5616 verbum
3631 5546 3713 5598 ait

461 5614 746 5698 Quod-had
792 5612 1085 5687 Epiphanii
1128 5628 1364 5675 mentem
1419 5626 1475 5673 et
1529 5612 1755 5690 scopum
1812 5619 2027 5689 pr0pius

2136 5616 2462 5698 φιλούμενον
2507 5615 2727 5686 proprie
2756 5612 3069 5698 signiﬁcare
3116 5616 3191 5686 μὴ
3226 5614 3478 5698 ἐρκξέσῃς.
3508 5612 3709 5698 (luiss-

464 5684 884 5836 wg‘sl)“.'5r_6é
934 5756 1014 5824 τῷ
1070 5756 1375 5826 Ἐϐραῖκῷ.
1410 5754 1643 5812 Verbum
1681 5767 1831 5823 ’ωτι
1866 5774 1894 5813 a
1932 5767 2036 5820 an?

2137 5685 2545 5741 modi‘nullum
2614 5685 2976 5756 propinquius
3028 5685 3300 5756 occurrit,
3354 5699 3516 5756 quant
3560 5694 3717 5748 ΠΠἾ.

2140 5757 2248 5815 Sed
2281 5757 2383 5815 hoc
2435 5755 2619 5828 ipsum
2636 5755 2801 5814 nimis
2825 5755 3058 5816 alienum
3089 5755 3323 5813 videtur.
