4018 6210
448 353 554 411 ῒ95

1857 339 1918 396 s.
1954 320 2333 395 aetrnum”

3619 328 3731 387 198

450 468 540 524 his
567 460 901 521 resurrectio
927 459 1349 517 demonstretur.
1377 452 1455 510 Ac
1487 465 1557 508 ne
1575 449 1701 523 quis
1724 462 2019 521 expressas
2046 502 2049 511 ,

2154 449 2220 521 ῆς
2261 448 2406 521 ζωῆς
2446 446 2755 519 ὑπομονήν⁸
2823 442 3010 509 Ἦλίας
3047 443 3108 497 ὲν
3150 442 3459 514 περιτομῇ·
3506 440 3595 496 ἵνα
3645 440 3730 516 μὴ

450 561 509 615 in
535 556 753 614 duobus
781 554 928 611 velut
967 547 1388 608 resurrectionis
1419 554 1621 601 nostra:
1646 541 2028 616 primogenitis

450 658 616 707 notas
646 664 710 704 ac
742 647 948 702 formas
984 644 1229 715 ignoret:
1259 639 1449 695 Enocli
1480 638 1537 692 in
1563 635 1832 708 praeputio
1861 634 1993 690 vixit
2015 648 2039 702 ς’

452 757 556 800 nec
590 740 733 799 istud
808 736 1110 808 quominus
1158 739 1474 805 resurgeret
1513 729 1748 794 obstitit,
1781 739 2033 800 autquo-

451 834 637 887 minns
666 831 829 884 vitam
882 826 1062 883 adhuc
1105 839 1262 881 suam
1297 823 1352 876 in
1395 834 1628 891 corpore
1666 825 2034 885 sustentaret;

452 922 598 976 Elias
630 934 763 973 vero
791 933 823 973 e
849 913 1279 972 circumcisione
1304 910 1425 976 fuit,
1486 924 1554 965 ne
1586 907 1915 966 resurrectio
1948 907 2036 964 his

451 1016 546 1064 aut
578 1009 689 1064 illis
731 1005 1055 1062 nominatim
1089 1001 1424 1067 ascribatur,
1470 999 1568 1055 sed
1619 998 1929 1055 communis
1966 1011 2037 1053 ac

449 1100 723 1173 generalis
781 1097 1067 1152 habeatur.
1126 1092 1277 1149 Elias
1328 1092 1701 1165 virginitatem
1731 1089 1925 1154 coluit,
1974 1095 2036 1144 ut

451 1185 651 1250 eximia
688 1191 779 1246 illa
810 1186 1143 1260 virginitatis
1192 1184 1439 1258 dignitas
1472 1183 1938 1239 immortalitatem
1981 1190 2038 1238 et

452 1286 833 1353 incorruptum
871 1279 1124 1351 corporis
1166 1286 1370 1334 statum
1418 1277 1626 1333 mundo
1656 1277 1815 1348 102
1839 1275 2037 1347 praedi-

452 1386 626 1433 caret.
665 1373 866 1430 Verum
913 1389 985 1430 ne
1024 1372 1324 1444 virginitati
1356 1372 1458 1428 soli
1500 1378 1727 1443 prepter
1760 1369 2035 1426 excellen-

2133 540 2432 604 ἀνάστασις
2456 540 2549 595 ἐπὶ
2575 539 2728 603 τινὰς
2752 537 2850 592 καὶ⁹
2877 535 3033 599 τινὰς
3062 533 3364 607 ὁνομασθῇ,
3395 531 3533 587 ἀλλὰ
3581 533 3689 587 καθ
3705 561 3727 573 -

2136 629 2293 702 ολικὴ
2317 628 2643 700 ὄλη.Ἦλίας
2673 621 2743 697 ἧν
2783 628 2843 681 ὲν
2877 625 3168 698 παρθενίᾳ,
3203 624 3292 678 ῐνα
3325 623 3387 678 τὸ
3426 622 3730 696 πρόκριτον

2138 722 2239 793 τῆς
2264 719 2562 793 παρθενίας
2588 719 2690 792 τὴν
2712 719 3009 774 ἀθανασίαν
3033 716 3246 790 κηρύξῃ
3280 715 3361 788 τῷ
3387 716 3598 787 κόσμῳ,
3628 715 3730 769 καὶ

2137 815 2235 888 τὴν
2265 814 2405 887 μετὰ
2437 812 2690 885 σώματος
2723 812 3057 884 ἀφθαρσίαν.
3094 810 3215 865 Ἵνα
3242 810 3300 863 δὲ
3339 810 3413 881 μὴ
3442 809 3601 880 μόνον
3631 808 3732 862 ἐπὶ

2135 907 2235 976 τῆς
2281 904 2581 978 παρθενίας
2625 901 2856 975 νομισθῇ
2911 896 3071 967 εἶναι,
3117 899 3208 955 διὰ
3250 900 3314 954 τὸ
3347 899 3648 971 ἐξαίρετον,
3687 899 3730 971 ἡ

2135 997 2435 1060 ἀνάστασις
2467 995 2561 1049 καὶ
2594 994 2845 1065 σώματος
2873 995 2908 1065 ἡ
2956 990 3271 1065 παραμονὴ,
3311 989 3483 1061 Ἑνὼχ
3513 992 3618 1044 οὐκ
3655 985 3733 1061 ἦν

2136 1088 2429 1161 παρθένος,
2465 1087 2579 1142 ἀλλ’
2627 1085 2905 1160 ἐγκρατὴς
2947 1085 3040 1139 καὶ
3093 1085 3490 1156 παιδοποιήσας
3533 1084 3728 1140 τέκνα.

2143 1183 2255 1237 Καὶ
2278 1180 2371 1235 δύο
2407 1179 2506 1252 μὲν
2532 1169 2680 1233 οὗτοι
2702 1172 2761 1232 ἐν
2787 1176 2978 1241 ζῶσιν,
3004 1178 3064 1231 ὲν
3096 1175 3308 1248 σώματι
3330 1175 3426 1230 καὶ
3449 1175 3596 1247 ψυχῇ
3625 1178 3733 1246 ἑμ-

2139 1272 2559 1346 παραμὲνοντες
2584 1269 2674 1324 διὰ
2699 1269 2799 1343 τὴν
2827 1267 3039 1336 ἐλπίδα,
3059 1267 3157 1321 καὶ
3180 1268 3261 1331 είς
3285 1263 3348 1320 τὸ
3380 1267 3454 1338 μή
3481 1282 3603 1321 τινα
3624 1266 3736 1321 πά-

2142 1368 2228 1422 λιν
2255 1365 2636 1439 ἀμφιϐάλλειν.

450 1475 585 1526 tiam
648 1484 912 1526 concessa
958 1470 1327 1534 resurrectio,
1395 1468 1481 1524 vel
1539 1467 1739 1537 integri
1808 1465 2061 1538 corporis
2102 1464 2455 1521 conservatio
2498 1461 2815 1529 videretur,
2867 1457 3054 1515 Enoch
3091 1458 3247 1528 virgo
3305 1472 3414 1512 non
3455 1455 3579 1521 fuit,
3633 1454 3736 1513 sed

454 1572 644 1620 castus
704 1578 768 1619 ac
845 1572 1199 1633 temperans,
1269 1560 1524 1631 idemque
1581 1560 1788 1615 liberos
1825 1551 2055 1630 genuit.
2093 1557 2240 1631 Ergo
2284 1557 2362 1612 illi
2405 1555 2519 1611 duo
2573 1555 2718 1609 inter
2775 1551 2929 1607 vivos
2983 1559 3302 1613 censentur,
3351 1556 3405 1603 et
3462 1547 3533 1602 ad
3578 1562 3735 1618 spem

453 1670 699 1715 nostram
770 1654 1209 1711 conﬁrmandam
1267 1669 1394 1709 cum
1463 1668 1695 1724 corpore
1757 1652 2052 1723 animaque
2087 1659 2457 1724 perseverant.

524 1746 711 1802 XCIX.
760 1745 865 1801 Sed
912 1761 982 1800 ne
1026 1744 1282 1800 dubitare
1334 1758 1530 1799 rursus
1575 1743 1778 1814 aliquis
1830 1750 2041 1814 posset,

2220 1742 2335 1810 ιβ’.
2373 1741 2484 1795 Καὶ
2509 1736 2701 1802 ἄλλους
2726 1737 2808 1801 είς
2837 1735 2969 1808 ᾅδην
3000 1736 3281 1807 κατήγαγε
3310 1732 3423 1804 (61)
3455 1731 3595 1804 μετὰ
3624 1731 3738 1786 τῶν

429 1842 592 1897 alios
641 1855 765 1896 cum
813 1839 947 1907 ipsis
994 1838 1324 1908 corporibus
1372 1836 1440 1891 ad
1494 1835 1703 1893 inferos
1755 1836 2035 1891 detrusit:

451 1934 656 2004 quippe
702 1940 848 1987 terra
895 1930 1186 1986 dehiscens
1217 1943 1282 1983 ac
1325 1927 1514 1984 fauces
1564 1943 1697 1985 suas
1744 1930 2038 1998 aperiens,

453 2025 668 2080 Datlian
696 2031 753 2079 et
782 2024 988 2079 Abiron
1035 2022 1181 2078 lilios
1209 2021 1372 2085 Core,
1400 2029 1456 2076 et
1497 2022 1711 2076 Aunam
1740 2021 2040 2092 absorpsit;

453 2132 518 2172 ac
562 2131 794 2187 corpore
839 2115 1129 2185 animaque
1162 2115 1408 2169 viventes
1445 2113 1500 2168 in
1546 2113 1754 2170 inferos
1803 2113 2042 2170 demersi

453 2216 585 2264 sunt
608 2209 647 2262 '.
679 2207 848 2278 Igitur
879 2208 1069 2261 eadem
1094 2204 1230 2258 hora
1259 2204 1608 2259 condemnati
1643 2204 1719 2257 illi
1754 2212 1919 2272 sunt;
1954 2219 2043 2260 ne-

456 2314 567 2368 que
602 2297 888 2352 dissolutis
913 2290 1268 2365 corporibus,
1300 2309 1479 2365 neque
1514 2294 1624 2350 ulla
1665 2294 1856 2349 relicta
1890 2302 2045 2366 parte

455 2382 541 2440 vel
581 2381 852 2453 reliquiis,
890 2382 985 2437 sed
1030 2382 1130 2436 toti
1163 2397 1287 2437 cum
1318 2396 1550 2452 corpore
1572 2382 1733 2437 simul
1769 2392 1823 2439 et
1859 2385 2044 2439 anima

457 2471 744 2542 suppliciis
776 2471 978 2527 addicti
1019 2479 1170 2527 sunt.
1210 2470 1479 2527 Praeterea
1504 2470 1609 2531 Job
1646 2471 1719 2526 ita
1753 2472 2041 2544 loquitur:

460 2565 638 2621 Donec
672 2580 861 2619 rursus
888 2565 1038 2633 ﬁam,
1071 2574 1121 2619 et
1149 2563 1247 2619 hoc
1272 2581 1465 2635 corpus
1492 2565 1631 2638 quod
1658 2566 1763 2620 ista
1792 2568 2041 2631 sustinet,

454 2663 509 2709 et
555 2653 941 2707 instaurauerit
985 2668 1065 2705 me
1095 2653 1136 2705 ³.
1182 2652 1311 2707 Item
1359 2653 1540 2709 illud:
1585 2653 1940 2711 Renoeabimr
1986 2669 2044 2714 ut

456 2744 658 2815 aquila!
672 2744 925 2815 juventus
961 2743 1093 2797 tua'
1115 2784 1129 2798 .
1174 2742 1344 2801 Isaias
1387 2759 1588 2816 porro:
1621 2745 1932 2817 Resurgent,
1962 2749 2046 2803 in-

458 2837 615 2906 quit,
664 2835 896 2899 mortui,
942 2845 993 2889 et
1032 2835 1408 2889 excitabuntur
1457 2836 1549 2907 qui
1591 2837 1647 2891 in
1695 2840 2044 2895 monumentis

462 2937 589 2982 sunt
616 2927 658 2982 δ.
693 2924 858 2983 Venit
885 2927 1030 2982 enim
1060 2929 1150 2997 qui
1183 2927 1336 2982 solvit
1371 2929 1572 2984 vinctos
1599 2930 1653 2984 in
1688 2930 2004 3001 fortitudine
2027 2973 2044 2999 ,

2149 1833 2441 1906 σωμάτων·
2470 1829 2651 1903 ἧνοιξε
2677 1829 2786 1901 γὰρ
2803 1830 2837 1900 ἡ
2863 1831 2933 1900 γῆ
2964 1828 3025 1881 τὸ
3059 1826 3234 1898 στόμα
3259 1825 3452 1896 αὐτῆς,
3486 1825 3580 1879 καὶ
3602 1842 3737 1878 κατ-

2140 1925 2263 1979 έπιε
2282 1923 2461 1979 Δαθὰν
2485 1922 2581 1977 καὶ
2596 1920 2858 1992 Ἀσειρὼν
2885 1920 3014 1983 τοὺς
3034 1919 3186 1981 υἱοὺς
3206 1917 3372 1989 Κορὲ,
3403 1917 3496 1970 καὶ
3530 1917 3737 1985 Αὐνᾶν,

2144 2018 2242 2072 καὶ
2268 2015 2579 2087 κατέϐησαν
2623 2016 2705 2078 εἰς
2747 2012 2879 2086 ᾷδην
2928 2011 3129 2078 ζῶντες
3176 2009 3389 2081 σώματι
3431 2010 3528 2063 καὶ
3561 2009 3737 2081 ψυχῇ.

2154 2110 2275 2166 Ἀπ’
2307 2110 2479 2180 αὐτῆς
2513 2107 2623 2178 γὰρ
2656 2106 2759 2176 τῆς
2807 2105 2958 2177 ὥρας
3000 2105 3082 2167 εἰς
3115 2104 3296 2175 κρίσιν
3335 2100 3740 2173 παρεδόθησαν,

2148 2204 2290 2274 μήτε
2313 2201 2423 2255 τῶν
2451 2200 2719 2273 σωμάτων
2753 2196 3043 2261 λυθέντων,
3102 2197 3239 2268 μήτε
3266 2192 3521 2264 λειψάνου
3561 2210 3743 2265 παραο

2142 2294 2407 2359 δοθέντος,
2506 2292 2725 2364 μέρους,
2756 2288 2893 2344 ἀλλὰ
2924 2287 3061 2342 ὅλων
3092 2286 3191 2340 σὺν
3220 2287 3435 2357 σώματι
3468 2286 3565 2339 καὶ
3588 2284 3742 2358 ψυχῇ

2144 2385 2224 2448 είς
2250 2382 2520 2454 τιμωρίαν
2563 2377 3000 2453 παραδοθέντων.
3066 2376 3128 2429 '0
3167 2375 3290 2430 ’1ώὸ
3337 2391 3537 2447 φησιν·
3585 2374 3746 2441 Ἕως

2145 2470 2644 2546 πάλ.·ν“γένωμαι,
2700 2471 2801 2527 καὶ
2843 2470 2911 2525 τὸ
2938 2469 3112 2541 σῶμα
3149 2468 3326 2524 τοῦτο
3369 2468 3435 2523 τὸ
3468 2465 3746 2523 ἀντλοῦν

2143 2569 2353 2634 ταῦτα,
2383 2568 2483 2623 καὶ
2513 2563 2877 2631 ἀνακαινιεῖς
2902 2580 2978 2635 με
2994 2577 3008 2592 ·
3053 2561 3149 2616 καὶ
3174 2561 3336 2616 πάλιν
3360 2578 3374 2592 ο
3411 2562 3745 2615 Ἀνακαινι-

2144 2661 2440 2729 σθιξσεται
2485 2660 2567 2726 ὡς
2604 2656 2784 2714 ἀετοῦ
2827 2657 2868 2725 ή
2913 2655 3128 2723 νεότης
3172 2670 3310 2709 σου.
3363 2653 3591 2716 Ἡσαΐας
3640 2651 3739 2706 δέ’

2158 2752 2632 2822 Ἀναστήσονται
2658 2751 2711 2804 οἱ
2745 2748 2968 2816 νεκροὶ,
3000 2746 3099 2801 καὶ
3127 2744 3552 2816 ἐγερθήσονται
3584 2746 3639 2798 οι
3664 2743 3743 2798 ἐν

2146 2847 2272 2913 τοῖς
2316 2842 2623 2916 μνημείοις
2669 2841 2803 2912 (62).
2854 2835 3024 2893 Ἦλθε
3094 2837 3204 2910 γὰρ
3262 2840 3298 2893 ὁ
3339 2838 3507 2892 λύων
3553 2850 3742 2892 xenia.

2146 2935 2449 3007 δημένους
2489 2934 2561 2988 ἐν
2592 2932 2866 3002 ἀνδρείᾳ,
2897 2931 3111 3003 ὁμοίως
3151 2930 3297 2999 τοὺς
3342 2931 3743 3001 παραπικραι-

461 3019 714 3075 εἱηιόιίιετ
749 3034 839 3074 eos
892 3020 989 3090 qui
1030 3030 1365 3087 exasperant,
1427 3021 1722 3078 habitantes
1773 3025 1828 3077 in
1866 3025 2044 3094 sepul-

2154 3046 2389 3095 νοντας,
2436 3026 2580 3092 τοὺς
2626 3024 3057 3090 κατοικοῦντας
3095 3024 3168 3079 ἐν
3208 3023 3439 3094 τάφοις.
3498 3024 3662 3093 Λέγει
3684 3023 3742 3077 δὲ

458 3115 567 3169 eris
589 3112 806 3180 '.Quod
839 3123 1018 3168 autem
1051 3112 1157 3170 Job
1174 3114 1352 3169 dixit:
1388 3113 1560 3170 Homo
1593 3130 1713 3170 cum
1749 3116 2044 3183 dormierit,

2162 3119 2659 3189 ’ῐὼϐνἌτϋρωπος
2680 3120 2737 3176 δὲ
2763 3115 3066 3187 κοιμηθεὶς
3085 3114 3287 3171 οὐκέτι
3320 3117 3392 3170 οὐ
3409 3116 3497 3186 μὴ
3528 3113 3745 3187 ἕτερΟῆ

460 3223 567 3261 non
597 3206 828 3275 amplius
849 3214 1107 3276 resurget,
1143 3222 1304 3277 neque
1329 3216 1603 3277 cognoscet
1628 3207 1803 3260 locum
1830 3222 1983 3261 suum
2006 3209 2049 3272 ⁸,

2154 3213 2292 3268 οὔτε
2312 3211 2707 3283 ἐπιγνώσεται
2730 3209 2840 3264 τὸν
2868 3210 3057 3264 τόπον
3082 3207 3291 3263 αὑτοῦ.
3332 3207 3445 3261 Καὶ
3472 3207 3582 3278 γὰρ
3611 3206 3748 3279 ἀλη-

463 3298 589 3352 ideo
613 3298 1024 3366 pronuntiatum
1049 3305 1156 3361 est,
1185 3297 1331 3367 quod
1369 3313 1478 3351 non
1503 3296 1875 3368 quotidie,sed
1902 3304 2049 3353 certa

2154 3303 2263 3370 θῶς
2308 3304 2430 3359 καθ’
2461 3303 2679 3376 ἡμέραν
2711 3301 2772 3356 οὐ
2812 3301 3016 3371 γίνεται
3069 3301 3104 3372 ἡ
3149 3299 3465 3363 ἀνάστασις,
3512 3298 3628 3352 ἀλλ’
3660 3298 3748 3362 εἰς

466 3403 532 3442 ac
561 3387 784 3442 deﬁnita
809 3388 899 3443 die
933 3388 1006 3443 sit
1035 3387 1219 3442 futura
1259 3387 1619 3442 resurrectio.
1657 3385 1729 3442 Ut
1754 3395 1937 3443 autem
1962 3388 2049 3444 de-

2158 3396 2287 3468 μίαν
2317 3393 2544 3468 ὥρισται
2577 3393 2793 3466 ἡμέραν
2841 3393 2973 3465 (65).
3024 3392 3247 3454 Δεικνὺς
3282 3390 3341 3443 δὲ
3386 3391 3469 3444 ὅτι
3500 3386 3638 3445 οἶδεν
3663 3392 3748 3456 είς

468 3488 805 3535 monstraret
837 3478 1115 3551 quodnam
1162 3479 1228 3534 ad
1266 3488 1485 3551 tempus
1519 3479 1758 3534 futuram
1787 3479 1937 3533 illam
1965 3495 2056 3536 ex-

471 3581 772 3642 spectaret.
804 3572 1162 3642 quazstionem
1199 3571 1429 3626 subinde
1458 3571 1745 3628 dissolvit:
1779 3569 2050 3638 Quandiu,

472 3666 671 3736 inquit,
712 3665 899 3719 corium
944 3667 1044 3721 erit
1083 3671 1133 3717 et
1164 3673 1329 3727 terra,
1364 3678 1589 3733 corpora
1622 3664 1676 3717 in
1724 3675 1868 3718 terra
1899 3662 2055 3734 jace-

473 3754 623 3809 bunt.
656 3752 954 3824 Postquam
998 3761 1181 3807 autem
1227 3752 1317 3807 ille
1353 3753 1563 3808 venerit
1594 3751 1689 3821 qui
1715 3752 1905 3805 cozlum
1933 3768 2055 3823 per-

473 3844 596 3903 inde
627 3863 690 3901 ac
724 3847 919 3901 librum
956 3846 1236 3911 convolvit,
1269 3862 1332 3900 ac
1369 3856 1566 3901 terram
1605 3846 1899 3915 concutit",
1924 3854 2055 3901 tunc

473 3940 571 4012 qui
596 3939 650 3995 in
673 3947 818 3994 terra
846 3947 976 3994 sunt
1007 3945 1312 4011 resurgent.
1342 3937 1520 4006 Quam
1555 3937 1627 3993 ob
1665 3952 1890 3994 causam
1921 3938 2057 3994 Eze—

475 4033 639 4089 chieli
678 4033 811 4089 dicit
838 4051 852 4088 :
878 4029 990 4086 Fili
1021 4032 1270 4096 hominis,
1319 4031 1531 4102 loquere
1554 4047 1574 4086 :
1599 4029 1968 4102 Conjungatur
1998 4049 2056 4088 os

478 4124 547 4180 ad
588 4141 669 4190 os,
707 4132 757 4178 et
801 4139 1078 4196 compages
1121 4121 1191 4178 ad
1246 4139 1542 4195 rompagem
1571 4122 1616 4187 ⁸,
1649 4132 1703 4178 et
1740 4123 1813 4179 ita
1850 4122 2055 4179 factum

475 4226 594 4286 est;
624 4225 678 4273 et
704 4218 761 4272 in
790 4217 876 4272 his
900 4217 1074 4282 nervi,
1102 4231 1273 4281 venae,
1305 4202 1524 4279 carnes,
1557 4216 1739 4286 capilli
1765 4224 1820 4272 et
1849 4231 2058 4286 ungues

476 4309 653 4366 exorti
687 4315 836 4364 sunt.
873 4307 1106 4362 Rursum
1131 4308 1236 4370 die,
1261 4307 1459 4376 inquit,
1493 4307 1575 4376 fili
1603 4308 1831 4362 hominis
1854 4322 1873 4361 :
1907 4306 2057 4372 Veni,

476 4399 721 4468 spiritus,
757 4414 789 4450 a
816 4405 1047 4467 quatuor
1075 4405 1230 4449 terrae
1262 4398 1494 4466 angulis,
1525 4395 1595 4449 ab
1627 4396 1694 4451 iis
1727 4395 1865 4450 locis
1898 4395 2062 4448 nimi-

480 4503 602 4543 rum
645 4502 766 4557 qua:
792 4487 993 4542 animis
1025 4484 1288 4540 attributa
1325 4492 1475 4540 sunt.
1514 4485 1621 4540 Sed
1665 4500 1766 4540 cur
1794 4483 2061 4542 Dominus

2154 3488 2315 3542 ποίαν
2334 3486 2668 3559 προθεσμίαν
2689 3485 3014 3558 προσεδόκα,
3032 3483 3194 3548 εὐθὺς
3215 3481 3370 3536 ἔλυσε
3392 3483 3452 3536 τὸ
3477 3481 3706 3553 ζήτημα
3725 3499 3742 3513 ⁸

2157 3580 2304 3645 Ἕως
2329 3575 2407 3633 ἂν
2432 3581 2464 3632 ό
2493 3577 2751 3647 οὐρανὸς
2785 3576 2883 3631 καὶ
2930 3577 2968 3644 ἠ
2992 3573 3092 3645 γῆ,
3125 3573 3260 3628 ἔστι
3304 3573 3377 3628 τὰ
3399 3572 3648 3643 σώματα
3675 3573 3750 3629 ἐν

2155 3671 2231 3741 τῇ
2253 3670 2353 3741 τῇ.
2386 3671 2554 3725 Ὅταν
2598 3669 2656 3723 δὲ
2697 3669 2827 3742 ἔλθῃ
2858 3672 2892 3723 ό
2918 3667 3186 3722 ἑλίσσων
3224 3665 3331 3719 τὸν
3373 3666 3637 3734 οὐρανὸν
3665 3667 3750 3732 ὡς

2150 3757 2419 3822 βιϐλίον,
2444 3756 2540 3810 καὶ
2558 3756 2865 3812 τινάσσων
2875 3755 2990 3824 τὴν
3005 3754 3143 3826 γῆν,
3160 3755 3281 3808 τότε
3298 3754 3686 3827 ἐγερθήσονται
3697 3755 3749 3808 oi

2157 3850 2250 3903 ἐπὶ
2268 3849 2367 3920 τῆς
2388 3849 2512 3920 γῆς.
2530 3848 2630 3902 Διὰ
2647 3848 2806 3903 τοῦτο
2826 3847 2974 3918 λέγει
2991 3845 3071 3918 τῷ
3085 3846 3346 3919 Ἱεζεκιήλ
3365 3863 3377 3876 ·
3414 3846 3510 3900 Υἱὲ
3525 3843 3751 3914 ἀνθρώ-

2157 3952 2298 4006 xcv,
2315 3941 2466 4003 εἰπὲ,
2490 3939 2942 4010 Συναχθήσεται
2967 3936 3194 3993 ὀστοῦν
3214 3938 3364 4007 πρὸς
3382 3937 3628 4002 ὀστοῦν,
3646 3937 3750 3991 καὶ

2157 4029 2414 4099 ἁρμονία
2445 4029 2597 4098 πρὸς
2647 4029 2944 4099 ἁρμονίαν
2967 4043 2979 4058 ⁸
3008 4028 3103 4082 καὶ
3135 4027 3350 4097 ἐγένετο
3399 4026 3575 4092 οὕτως
3594 4068 3609 4091 ,
3653 4026 3752 4081 καὶ
3780 4010 3791 4017 ’

2159 4121 2414 4192 γενέσθαι
2459 4123 2547 4176 ἐπ’
2590 4121 2731 4176 αὐτὰ
2773 4121 2941 4193 νεῦρα
2990 4122 3086 4175 καὶ
3126 4120 3351 4192 φλέϐας,
3401 4119 3611 4193 σάρκας
3654 4120 3751 4174 καὶ

2159 4213 2352 4286 τρίχας
2368 4214 2464 4267 καλ⁸
2477 4213 2819 4286 δνυχας.Καὶ
2850 4214 3010 4269 πάλιν
3033 4229 3047 4243 ⁸
3074 4211 3245 4275 Εἰπὲ,
3284 4210 3382 4266 υἱὲ
3408 4210 3747 4279 ἀνθρώπου,

2173 4303 2365 4371 Ἐλθέ,
2391 4303 2458 4358 τὸ
2490 4304 2744 4374 πνεῦμα,
2776 4304 2895 4358 ἀπὸ
2912 4303 3030 4359 τῶν
3044 4302 3357 4372 τεσσάρων
3386 4301 3614 4374 γωνιῶν
3639 4301 3752 4371 τῆς

2163 4394 2299 4464 τῆς,
2322 4395 2430 4447 τῶν
2455 4394 2635 4449 τόπων
2655 4395 2854 4467 δηλαδὴ
2878 4395 2988 4450 τῶν
3016 4398 3136 4459 ταῖς
3167 4395 3367 4466 ψυχαῖς
3392 4392 3756 4465 τεταμιευμέο

2166 4504 2298 4542 νων.
2334 4485 2445 4540 Καὶ
2468 4486 2573 4540 τίνι
2604 4486 2682 4558 τῷ
2703 4487 2848 4560 λόγῳ
2867 4488 3028 4552 αὐτὸς
3045 4487 3289 4558 ὁΚύριος
3311 4487 3372 4539 οὐ
3407 4484 3576 4552 λέγεις
3615 4483 3755 4541 ἀλλὰ

481 4582 600 4651 ipse
623 4594 731 4634 non
758 4579 1019 4644 loquitur,
1054 4577 1148 4633 sed
1175 4576 1450 4633 hominem
1478 4575 1724 4646 proferre
1754 4576 1857 4630 ista
1885 4576 2040 4646 jubet

2166 4577 2378 4633 κελεύει
2405 4578 2484 4652 τῷ
2514 4579 2789 4654 ἀνθρώπῳ
2835 4580 3063 4650 λέγεινςν
3109 4579 3232 4632 Ὀτι
3271 4576 3302 4631 ὃ
3342 4576 3491 4646 λέγει
3523 4574 3753 4648 Κύριος,

482 4670 750 4727 Nimirum
796 4671 940 4739 quod
986 4683 1328 4742 quaecunque
1379 4667 1645 4724 Dominus
1682 4666 1836 4734 dicit,
1872 4667 2063 4725 eodem

557 4826 575 4858 ⁸
597 4825 760 4883 Num.
809 4840 922 4890 xvi,
1156 4828 1176 4858 ²
1205 4823 1309 4890 Job
1338 4840 1451 4890 xw,
1484 4823 1574 4879 u.
1672 4821 1695 4853 ³
1724 4820 1871 4880 Psal.
1898 4837 1997 4890 cn,
2025 4824 2080 4881 5.

482 4896 507 4930 '
534 4895 639 4954 lsa.
666 4913 837 4964 ιιινη
867 4888 923 4954 4.
1017 4896 1040 4928 ⁸
1072 4888 1272 4953 Εῑοοιι.
1307 4888 1522 4971 ξείνη,
1553 4892 1590 4948 4
1653 4909 1777 4965 sqq.

563 5072 671 5156 (61)
719 5072 1048 5156 ζίατήγαγε.
1078 5071 1479 5156 ﬁupplengni
1522 5078 1609 5127 est
1644 5084 1845 5126 nomen
1898 5070 2064 5140 illius,

487 5140 580 5218 qui
596 5140 923 5218 -ᾎατήγαγε,
964 5140 1305 5218 crediderim
1320 5144 1348 5195 ὁ
1380 5140 1512 5218 Θερς

561 5216 676 5286 (62)
728 5210 793 5269 02
822 5210 895 5269 ἐν
933 5216 1058 5281 τοῖς
1083 5213 1431 5286 μνημείοις,
1465 5210 1591 5286 llxc
1636 5212 1803 5286 verba
1844 5211 2064 5286 planam

492 5282 816 5355 facilemque
845 5282 1142 5355 admittunt
1157 5283 1435 5355 Thomasii
1466 5283 1995 5355 interpretationem.
2022 5282 2068 5335 Α

490 5355 715 5411 Petavio
730 5354 922 5410 autem
953 5354 1270 5420 redduntur,
1292 5354 1380 5421 qui
1406 5355 1459 5408 in
1485 5354 1738 5423 sepulcris
1765 5362 2064 5408 versantur.

415 5442 422 5450 '
564 5426 691 5498 (65)
707 5424 880 5498 Quam
912 5426 985 5498 ibi
1014 5426 1267 5498 proponit
1298 5424 1630 5498 Epiphanius
1664 5425 2066 5498 interpretatio:

564 5441 677 5498 (σο)
707 5441 880 5493 uuam
912 5441 985 5481 un
1052 5441 1267 5497 ropomt
1298 5441 1630 5496 Lpipnamus
1664 5441 2066 5493 interpretatio-

492 5511 617 5553 nem
645 5496 795 5576 allati
840 5496 908 5576 de
938 5441 1060 5576 logi
1092 5497 1248 5576 libro
1278 5497 1594 5576 testimonii,
1641 5501 1948 5576 sequuntur
1976 5492 2067 5576 alii

493 5567 763 5628 nonnulli,
815 5566 980 5620 etiam
1023 5568 1164 5622 inter
1209 5566 1565 5626 recentiores.
1621 5580 1760 5633 quos
1819 5565 2067 5633 laudatos

493 5635 619 5693 vide
660 5652 691 5693 α
724 5637 970 5693 Calmelo
1009 5637 1064 5692 in
1097 5635 1504 5692 Commentario
1553 5632 1772 5688 litterati
1816 5634 1883 5686 ad
1925 5632 2065 5685 idem

495 5705 887 5781 testimonium.
948 5705 1150 5763 Verum
1180 5701 1971 5781 quacunqueratione-Johns
2001 5717 2067 5781 eo

498 5778 553 5834 in
580 5778 700 5836 loco
748 5779 1157 5850 interpretetur,
1195 5771 1541 5833 nullum’sibi
1580 5771 1892 5844 praesidium
1926 5773 2065 5826 θεοῖο

2171 4670 2289 4743 ἅμα
2336 4670 2430 4725 καὶ
2463 4674 2625 4741 ποιεῖ,
2665 4673 2761 4727 καὶ
2799 4671 2985 4726 οὐκέτι
3022 4671 3228 4727 λύεται.
3265 4669 3356 4742 Τῷ
3392 4669 3449 4723 δὲ
3482 4669 3757 4742 ἀνθρώπῳ

2178 4827 2199 4857 ⁵
2231 4823 2335 4882 lsa.
2365 4842 2517 4892 mn,
2552 4827 2640 4884 l9.
2717 4828 2739 4860 ⁸
2767 4825 2913 4883 Psal.
2967 4842 3135 4897 van,
3167 4829 3219 4883 7.
3325 4828 3346 4860 ⁸
3373 4824 3478 4906 Jcb
3513 4842 3623 4890 ειν,
3660 4826 3752 4879 12.

2174 5087 2329 5145 scere
2363 5072 2490 5128 inde
2518 5073 2736 5145 debent,
2778 5074 2871 5145 qui
2897 5089 3191 5145 corporum
3223 5075 3539 5133 inﬁciantnr
3568 5090 3760 5135 resur-

2174 5143 2499 5198 rectionem.
2534 5142 2989 5215 Quandoquidem
3002 5142 3149 5202 illud
3184 5164 3287 5202 non
3316 5149 3543 5215 amplius
3575 5162 3762 5201 resur-

2175 5222 2257 5284 get
2307 5229 2483 5288 neque
2519 5214 2887 5288 indefinitum,
2920 5231 3095 5287 neque
3135 5214 3469 5273 illimitatum
3514 5219 3763 5288 ponitur,

2176 5293 2236 5338 ut
2274 5285 2700 5358 colligereAinde
2744 5287 2940 5340 merito
2982 5285 3189 5358 valeas,
3222 5285 3655 5358 nusquam—fore
3701 5295 3765 5339 ut

2176 5362 2439 5440 resurgat
2471 5353 2567 5424 qui
2598 5364 2847 5440 mortuus
2875 5366 3002 5440 εει..
3037 5356 3167 5440 Sed_
3188 5353 3410 5440 ponitur
3450 5357 3518 5440 ad
3548 5365 3763 5440 certum

2178 5424 2401 5494 aliqudd
2428 5435 2663 5499 tempus;
2697 5426 2883 5480 statim
2914 5427 3060 5499 enim
3082 5424 3436 5499 subiungitur
3457 5429 3614 5498 juxta
3631 5424 3766 5499 Vul-

2176 5504 2379 5564 gatam,
2421 5495 2585 5550 donec
2628 5505 2894 5550 atteratur
2931 5498 3143 5552 ca'lum.
3188 5495 3254 5554 'ln
3288 5495 3474 5555 Cra-ca
3508 5498 3769 5552 versione

2175 5568 2329 5642 locus
2358 5566 2680 5642 integergitau
2703 5582 2763 5624 se
2797 5568 2996 5642 habet;
3034 5569 3353 5642 Ἄνθρωπος
3383 5569 3443 5623 δὲ
3476 5566 3768 5642 κοιμηθεὶς

2173 5635 2233 5714 ος)
2262 5635 2367 5714 μὴ]
2393 5635 2623 5714 ἀναστῇ,
2658 5639 2764 5702 ἓως
2792 5637 2869 5714 ειν
2881 5635 3244 5714 ὁῄούρανὸςόῥ
3271 5641 3347 5714 μὴ
3371 5635 3647 5714 συρῥαφῇ,
3672 5636 3767 5692 καὶ

2173 5705 2272 5761 οὐκ
2297 5705 2778 5782 ὲξυπνισθήσονται
2810 5709 2871 5775 ἐξ
2900 5705 3071 5766 ὕπνου
3097 5705 3300 5768 αὐτῶν.
