4018 6210
463 336 562 396 {99
1834 332 1894 389 S.
1914 329 2036 387 ΔΕΡ]

2140 329 2281 387 AN]!
3218 378 3223 385 ,
3596 322 3711 380 ἓθθ

459 468 573 508 uno
609 452 777 509 verbo
810 450 1140 521 complectar
1163 466 1177 504 :
1203 447 1426 504 Brevem
1455 459 1521 500 ac
1556 443 2024 516 compendiariam

2137 450 2184 501 ὲν
2211 437 2344 500 πᾶσι
2372 444 2429 499 δὲ
2460 445 2517 499 ὲν
2552 444 2653 515 μιᾷ
2683 441 2858 497 ἐλπίδι
2879 442 2979 528 τῆς
3010 439 3361 506 ἀναστάσεως
3388 436 3520 511 ἡμῖν
3545 455 3717 510 κεκη-

460 544 655 599 salutis
679 559 802 599 esse
824 549 1032 598 nostra:
1054 541 1218 605 viam,
1243 553 1308 593 ac
1338 552 1451 609 prae
1477 536 1690 593 caeteris
1712 535 1768 590 in
1794 534 1899 590 hac
1919 550 2028 590 una

2137 539 2432 610 ρυγμένης.
2455 539 2641 593 Ταῦτα
2660 537 2719 590 δὲ
2740 533 3057 590 ἀπιστοῦσιν
3082 537 3129 589 οἱ
3152 535 3392 597 ἄπιστοι,
3408 532 3720 605 παραφθεί-

460 634 888 690 resurrectionis
912 647 1035 705 quae
1063 631 1353 702 praedicata
1375 630 1536 685 nobis
1561 635 1668 693 est,
1694 626 1893 683 ﬁducia
1917 627 2032 682 col-

460 725 716 781 locatam.
754 724 859 780 Sed
891 725 976 780 his
1003 724 1162 779 ﬁdem
1193 723 1458 793 abrogant
1485 720 1754 785 inﬁdeles,
1787 734 2032 775 corrum-

459 825 595 885 punt
625 813 888 879 haeretici,
917 820 1271 868 contumaces
1302 816 1591 878 respuunt,
1624 808 1746 864 vani
1778 808 2030 864 homines

458 907 735 974 rejiciunt.
778 905 923 961 Deus
968 919 1101 960 vero
1147 901 1585 959 misericordiam
1620 900 1878 956 omnibus
1928 899 2032 953 im-

400 1047 407 1055 ,
460 997 651 1066 pertiri
695 997 848 1061 velit,
891 1004 947 1051 et
983 995 1255 1051 obductas
1295 994 1528 1064 caligine
1557 1003 1767 1049 mentes
1812 992 2030 1047 illorum

460 1102 560 1143 sua
590 1089 710 1144 luce
748 1085 1062 1159 perfundat.
1103 1085 1314 1140 Etenim
1347 1085 1599 1156 gentiles,
1632 1085 1724 1139 ubi
1762 1083 2030 1154 Spiritum

460 1186 713 1235 sanctum
757 1177 1093 1247 acceperint,
1129 1176 1198 1230 ab
1230 1177 1349 1247 ipsa
1377 1175 1607 1233 veritate
1636 1190 1700 1231 ac
1732 1174 2032 1247 superiori-

460 1270 565 1326 bus
612 1270 873 1324 omnibus
916 1269 1065 1325 hisce
1105 1268 1432 1324 testimoniis
1480 1266 1834 1335 refellentur,
1871 1267 1968 1323 sed
2000 1281 2035 1322 ει

461 1361 618 1415 vobis
652 1361 884 1413 maxime
909 1368 1113 1414 sanctae
1136 1358 1231 1414 Dei
1262 1356 1520 1413 Ecclesiae
1545 1373 1609 1413 ac
1631 1357 1755 1412 ﬁdei
1776 1358 2036 1414 orthodo-

461 1434 543 1506 xa:
571 1450 711 1506 ﬁliis.
750 1449 945 1505 Docete
974 1451 1159 1521 itaque
1189 1465 1284 1505 vos
1313 1451 1404 1520 qui
1435 1449 1643 1520 Spiritu
1682 1457 1875 1505 sancto
1893 1465 2034 1521 prae-

463 1542 564 1595 (liii
603 1541 763 1604 estis,
798 1541 998 1610 quibus
1033 1540 1326 1611 oppertuni
1360 1541 1631 1596 sermonis
1663 1555 1926 1597 concessa
1956 1540 2036 1595 fa-

460 1634 641 1688 cultas
663 1642 745 1686 cst
778 1647 901 1685 cum
938 1647 1002 1687 os
1028 1631 1356 1701 aperueritis
1386 1647 1400 1685 :
1432 1632 1663 1702 primum
1692 1631 1837 1702 quod
1868 1631 2036 1686 disci-

462 1724 576 1793 puli
613 1739 735 1779 esse
761 1722 964 1778 Christi
1003 1723 1283 1779 meruistis
1324 1730 1605 1792 pastorum
1652 1724 1949 1793 principis,
1979 1730 2034 1779 et

2138 647 2288 702 ρουσι
2321 627 2619 695 κακόδοξοι,
2647 629 2709 682 οὗ
2747 627 2991 699 δέχονται
3024 625 3338 696 φιλόνεικοι,
3368 622 3717 678 ἀπωθοῦνται

2131 719 2418 785 κενόδοξοι.
2459 720 2584 783 Τοῖς
2624 719 2683 773 δὲ
2712 720 2879 773 πᾶσιν
2918 720 2948 772 ό
2983 718 3118 782 Θεὸς
3153 716 3216 769 τὸ
3241 715 3388 778 ἔλεος
3418 711 3716 785 παράσχοι,

2133 813 2230 867 καὶ
2248 810 2532 879 διαυγάσοι
2551 810 2624 864 τὰ
2657 810 3012 881 ζεζοφωμένα
3039 808 3146 863 τῶν
3174 804 3569 876 διανοημάτων.
3588 803 3721 857 ’Έλ-

2133 903 2290 975 ληνες
2320 903 2418 973 μὲν
2439 901 2551 974 γὰρ
2566 901 2820 966 λαϐόντες
2842 901 3066 974 Πνεῦμα
3084 901 3259 970 ἅγιον,
3290 896 3716 968 ἐλεγχθήσονται

2135 996 2240 1048 ὑπὸ
2294 995 2395 1065 τῆς
2447 993 2702 1063 ἀληθείας
2756 993 2863 1046 καὶ
2910 993 3101 1047 πασῶν
3158 990 3270 1045 τῶν
3318 987 3720 1061 προλεχθεισῶν

2137 1085 2471 1158 μαρτυριῶν,
2507 1083 2738 1156 μάλιστα
2762 1084 2817 1136 δὲ
2851 1082 2941 1153 ὑφ’
2959 1083 3112 1154 ὑμῶν
3139 1083 3249 1136 τῶν
3270 1082 3402 1136 υίῶν
3425 1081 3527 1150 τῆς
3552 1080 3721 1147 ἁγίας

2131 1175 2226 1230 τοῦ
2268 1176 2402 1229 Θεοῦ
2435 1174 2758 1245 Ἐκκλησίας
2798 1173 2892 1227 καὶ
2929 1172 3209 1246 όρθοδόξου
3256 1171 3512 1234 πίστεως.
3561 1170 3720 1224 Διδά-

2135 1283 2293 1321 σκετε
2337 1266 2445 1337 γὰρ
2486 1265 2740 1328 λαϐόντες
2780 1264 3005 1335 Πνεῦμα
3056 1263 3234 1334 άγιον,
3286 1261 3719 1327 καταξιωθέντες

2134 1356 2292 1425 λόγου
2325 1356 2545 1409 εὐθέτου
2580 1357 2639 1410 ὲν
2663 1354 2868 1420 ἀνοίξει
2898 1354 2992 1409 τοῦ
3024 1356 3324 1426 στόματος·
3356 1352 3570 1427 πρῶτον
3593 1355 3717 1420 μὲν,

2134 1446 2215 1500 ὅτι
2261 1446 2497 1517 μαθηταὶ
2543 1444 2636 1499 τοῦ
2685 1444 2921 1517 Χριστοῦ
2966 1444 3393 1508 καταξιωθέντες
3436 1438 3578 1498 εἶναι
3621 1442 3718 1497 τοῦ

2135 1538 2522 1609 ἀρχιποιμένος
2555 1537 2649 1591 καὶ
2688 1536 2996 1607 προστάτου
3034 1536 3143 1590 τῶν
3184 1536 3469 1608 ἡμετέρων
3502 1535 3715 1606 ψυχῶν,

2134 1627 2210 1692 ὼς
2265 1628 2335 1682 τά
2384 1627 2627 1698 τρόφιμα
2681 1631 2795 1692 τοῖς
2842 1626 2936 1681 τοῦ
2985 1627 3225 1699 Χριστοῦ
3279 1626 3550 1697 ποιμνίοις
3603 1628 3719 1689 τοῖς

2137 1717 2344 1770 ἑαυτῶν
2407 1716 2556 1780 λαοῖς
2612 1720 3009 1787 συναγαγόντες
3031 1754 3049 1781 ,
3124 1716 3498 1788 μεριμνῶντες
3568 1716 3722 1779 ὅπως

462 1814 765 1867 animarum
794 1819 1107 1867 nostrarum
1140 1812 1526 1872 moderatoris,
1553 1827 1618 1866 ac
1644 1812 1911 1882 praesidis,
1946 1820 2033 1867 ut-

2138 1807 2361 1872 ὲαυτούς
2408 1825 2468 1861 τε
2510 1808 2605 1862 καὶ
2651 1809 2746 1862 τοῦ
2795 1809 2930 1862 Θεοῦ
2981 1808 3270 1882 θρέμματα
3295 1849 3311 1871 ,
3351 1808 3494 1878 φημὶ
3531 1807 3588 1860 δὲ
3627 1807 3722 1859 τὸν

460 1916 583 1975 pote
613 1905 705 1975 qui
737 1904 938 1959 Christi
990 1904 1279 1974 gregibus,
1328 1904 1431 1958 hoc
1471 1912 1554 1959 est
1584 1904 1896 1960 commissis
1937 1920 2036 1975 po-

459 1996 602 2066 pulis
624 1996 878 2049 alimenta
905 1995 1246 2064 colligentes,
1267 1994 1320 2047 in
1338 2009 1456 2049 eam
1484 2008 1673 2048 curam
1701 1993 2039 2064 incumbitis,

460 2095 520 2143 ut
550 2095 658 2141 tam
688 2102 787 2142 vos
818 2086 989 2156 ipsos,
1034 2100 1198 2155 quam
1238 2084 1332 2139 Dei
1366 2100 1585 2154 pecora,
1616 2100 1810 2155 nempe
1843 2101 2036 2155 quem-

461 2178 591 2232 libet
638 2178 733 2247 qui
776 2193 843 2232 ex
889 2185 1082 2231 sancta
1130 2177 1221 2230 illa
1262 2183 1408 2230 terra
1450 2189 1571 2245 quae
1627 2176 1772 2244 apud
1817 2175 2039 2246 Moysen

462 2268 825 2337 significatur,
859 2266 1093 2320 fructum
1120 2279 1313 2334 capere
1340 2263 1598 2328 voluerit,
1630 2263 1822 2319 sedulo
1848 2279 2038 2334 pasca-

463 2359 554 2415 tis.
593 2358 726 2424 Quis
760 2358 923 2427 igitur
957 2356 1222 2426 prudens,
1257 2356 1304 2412 si
1337 2355 1408 2411 ad
1438 2357 1853 2427 vos'religiosos
1880 2372 1944 2411 ac
1975 2356 2040 2412 ﬁ-

462 2450 613 2505 deles
648 2450 923 2519 respiciat,
963 2464 996 2502 o
1038 2448 1296 2502 catholici
1337 2454 1392 2502 et
1442 2445 1700 2503 Ecclesiae
1746 2447 1841 2502 lilii
1892 2448 2039 2518 (cum

462 2540 672 2609 aliquos
698 2538 945 2604 nomino,
974 2537 1222 2593 veritatis
1244 2552 1436 2592 omnes
1468 2536 1630 2602 ﬁlios,
1660 2536 1739 2591 uti
1771 2538 2039 2608 scriptum

463 2641 570 2699 cst,
596 2630 984 2702 comprehendi
1012 2627 1180 2700 volo),
1210 2628 1356 2699 quis,
1390 2627 1632 2697 inquam,
1665 2643 1763 2684 vos
1793 2630 2036 2696 intuens,

462 2723 530 2778 de
576 2724 767 2778 horum
800 2721 905 2777 ﬁde
932 2719 1235 2775 dubitabit?
1277 2718 1387 2774 Vos
1419 2721 1564 2774 enim
1600 2720 1862 2790 sapientis
1890 2721 2037 2778 illius

464 2830 527 2870 ac
560 2814 871 2870 fortissimae
909 2812 1155 2867 mulieris
1201 2812 1336 2867 estis
1386 2811 1518 2878 lilii,
1566 2811 1727 2881 cujus
1774 2811 1942 2869 decus
1982 2820 2039 2868 et

462 2908 690 2980 gloriam
736 2907 994 2962 Salomon
1044 2905 1131 2960 his
1166 2904 1351 2961 verbis
1397 2906 1667 2974 expressit
1704 2925 1719 2958 :
1757 2903 2038 2960 Mulierem

461 3001 652 3068 [artem
672 2999 787 3068 quis
815 2997 1075 3052 inveniet‘
1100 2995 1123 3049 ?
1161 2993 1342 3062 Quare
1369 3009 1497 3050 cum
1525 3010 1706 3050 raram
1740 2995 1890 3050 illam
1913 3012 2039 3054 esse

462 3090 546 3146 vel
578 3089 908 3160 singularem
938 3086 1121 3158 potius
1143 3086 1387 3155 Judicet,
1420 3098 1517 3139 vos
1549 3083 1693 3155 quod
1729 3085 1925 3140 melius
1950 3094 2038 3142 est

2141 1898 2461 1969 βουλόμενον
2513 1900 2729 1964 πάντως
2771 1898 3095 1968 ὠφελεῖσθαι
3150 1901 3216 1953 ὲκ
3256 1900 3352 1969 τῆς
3399 1899 3558 1967 ἁγίας
3616 1897 3724 1967 γῆς

2135 1992 2235 2062 τῆς
2282 1990 2433 2061 παρά
2485 1991 2693 2062 Μωῡσῇ
2748 1990 3149 2061 αίνιττομένης,
3205 1989 3464 2061 θρέψητε.
3526 1988 3623 2051 Τίς
3662 1987 3720 2041 δὲ

2135 2081 2244 2136 τῶν
2294 2081 2700 2153 εὐφρονούντων
2732 2083 2813 2145 είς
2855 2083 2999 2152 ὑμᾶς
3050 2084 3175 2145 τοὺς
3214 2079 3462 2143 εὐλαϐεῖς
3499 2079 3593 2132 καὶ
3639 2094 3723 2130 πι-

2139 2174 2298 2237 στοὺς
2336 2171 2586 2237 σκοπῶν,
2610 2167 2655 2227 ὦ
2681 2172 2950 2244 ὀρθόδοξοι
2986 2172 3079 2226 καὶ
3120 2171 3224 2225 υίοὶ
3255 2171 3355 2239 τῆς
3391 2168 3717 2236 Ἐκκλησίας

2154 2267 2351 2337 (ἐνίους
2378 2266 2486 2337 γάρ
2512 2264 2706 2334 λέγων,
2727 2267 2934 2331 πάντας
2965 2264 3090 2327 τοὺς
3126 2263 3274 2326 υἱοὺς
3308 2262 3405 2332 τῆς
3439 2259 3699 2332 ἀληθείας

2138 2357 2300 2427 λέγω,
2336 2358 2477 2411 κατὰ
2496 2357 2558 2411 τὸ
2585 2355 3012 2429 γεγραμμένον),
3038 2355 3126 2419 τίς
3158 2356 3284 2426 περὶ
3313 2352 3519 2406 τούτων
3541 2354 3719 2423 ἀμφισ

2139 2451 2356 2517 6άλλςι;
2397 2450 2574 2522 Σοφῆς
2608 2449 2717 2521 γάρ
2745 2449 2897 2512 ὄντες
2939 2450 3033 2502 καὶ
3075 2447 3456 2518 ἀνδρειοτάτης
3493 2445 3598 2498 olei.
3620 2462 3721 2513 γυ-

2137 2541 2342 2604 ναικὸς,
2364 2538 2433 2613 ἧς
2448 2541 2508 2594 τὸ
2533 2540 2687 2604 κλέος
2703 2540 2856 2613 παρά
2877 2540 3181 2610 Σολομῶντι
3198 2539 3407 2608 λέγοντι
3428 2537 3723 2592 Τυναῖκα

2138 2632 2422 2700 ἀνδρείαν
2447 2633 2540 2699 τίς
2566 2631 2845 2700 εὐρήσει;
2870 2631 2945 2695 ὠς
2974 2631 3202 2695 σπανίας
3232 2630 3418 2701 οὔσης,
3443 2629 3643 2701 μᾶλλον
3663 2629 3723 2682 δὲ

2140 2725 2289 2795 μιᾶς,
2311 2722 2373 2777 τὸ
2399 2725 2649 2797 κρεῖττον
2673 2721 2978 2790 ἐκλέξεσθε,
3004 2724 3099 2776 καὶ
3122 2722 3183 2775 τὺ
3204 2721 3482 2793 ὠφέλιμον
3498 2721 3723 2790 ἀγαπήο

2139 2810 3118 2883 σετε.’Λνδρείανδὲγυναῖκανοεῖτέ
3147 2832 3237 2886 μοι
3271 2814 3372 2884 τὴν
3396 2811 3722 2883 Ἐκκλησίαν

2137 2909 2230 2963 τοῦ
2268 2907 2400 2963 Θεοῦ
2437 2909 2535 2981 τὴν
2568 2909 2721 2981 ὑμῶν
2770 2908 3000 2982 μητέρα,
3030 2902 3099 2981 ἦς
3135 2909 3288 2962 οὐδὲν
3323 2907 3717 2981 ἀνδρειότερον,

2137 3000 2478 3072 θνησκούσης
2537 3000 2659 3055 καθ’
2707 3002 2938 3056 ἕκαστον
3005 3000 3424 3072 ἐπεγειρόμενον
3481 2997 3722 3069 διωγμὸν

2144 3091 2283 3163 ὑπὲρ
2313 3091 2409 3146 τοῦ
2436 3093 2696 3163 ὀνόματος
2724 3093 2820 3147 τοῦ
2851 3092 2980 3147 ἰδίου
3006 3092 3219 3164 ἀνδρός.

462 3185 660 3252 eligite,
685 3191 739 3239 et
769 3181 913 3254 quod
933 3182 1064 3237 utile
1095 3186 1183 3235 est
1204 3180 1474 3237 adamato.
1512 3177 1727 3233 Fortem
1756 3193 1888 3234 vero
1936 3182 2207 3239 mulierem
2233 3186 2298 3240 ad
2351 3186 2654 3242 Ecclesiam
2698 3186 2816 3255 Dei,
2863 3193 3204 3257 matremque
3251 3192 3488 3242 vestram
3548 3182 3722 3254 perti-

463 3296 595 3335 nere
636 3286 848 3350 putate,
887 3292 996 3348 qua
1025 3276 1162 3330 nihil
1197 3291 1320 3332 esse
1358 3283 1540 3345 potest
1580 3274 1801 3340 fortius,
1833 3283 1889 3331 ut
1920 3291 2043 3346 quae
2074 3280 2307 3352 singulis
2333 3282 2643 3356 quibusque
2666 3282 3143 3353 pcrsecutionihus
3191 3296 3291 3352 pro
3346 3281 3449 3337 viri
3473 3278 3559 3334 sui
3617 3292 3721 3333 noo

468 3370 614 3426 mine
653 3375 884 3423 mortem
914 3374 1155 3437 oppetat.

535 3455 644 3510 Cll.
687 3454 889 3510 Eadem
931 3469 1061 3509 vero
1094 3453 1483 3509 candidissima
1515 3454 1711 3510 mulier
1736 3455 1803 3511 de
1834 3471 2036 3527 sponso

2208 3460 2327 3513 PB’.
2356 3459 2503 3532 Αὕτη
2546 3456 2640 3515 οῦν
2687 3462 2721 3532 ή
2766 3461 3152 3531 ἐπιεικεστάτη
3183 3460 3273 3514 τὸν
3318 3459 3447 3513 ῖδιον
3488 3462 3720 3530 νυμφίον

467 3561 569 3605 suo
602 3546 895 3615 diligenter
933 3544 1248 3600 sciscitatur
1288 3543 1341 3598 in
1373 3545 1661 3601 Canticis:
1693 3545 1790 3600 Ubi
1828 3549 2038 3617 pascis,

466 3637 555 3693 ubi
595 3641 760 3693 cubas
792 3637 847 3691 in
889 3636 1105 3691 meridie
1130 3637 1193 3690 '?
1219 3636 1472 3693 Christus
1502 3652 1631 3693 vero
1665 3639 1721 3693 in
1762 3646 1907 3695 terra
1947 3640 2040 3695 illa

467 3746 574 3786 non
620 3729 783 3784 modo
826 3729 1027 3801 pascit,
1077 3729 1173 3784 sed
1204 3737 1259 3784 et
1290 3738 1567 3799 pastorum
1598 3745 1823 3786 suorum
1874 3732 2040 3802 pedes

468 3820 852 3876 calceamentis
885 3820 1013 3875 exui
1039 3820 1216 3890 jubet,
1263 3820 1341 3876 uti
1375 3819 1588 3892 Moyses
1631 3823 1900 3894 principio
1937 3824 2038 3879 de-

468 3910 701 3966 claravit
722 3910 764 3966 ³.
789 3909 835 3964 Α
868 3925 980 3981 quo
1005 3920 1060 3966 et
1084 3927 1184 3967 vos
1214 3911 1476 3968 traditum
1514 3914 1646 3968 illud
1685 3916 2039 3987 accipientes,

469 4002 704 4072 primum
740 4015 835 4057 eos
859 4000 955 4072 qui
985 4000 1054 4055 ad
1083 4009 1327 4057 sanctam
1357 4003 1643 4061 scientiam
1675 4005 2039 4061 introducun-

466 4095 578 4152 tur,
610 4096 729 4142 tuto
757 4087 999 4160 dirigite,
1031 4098 1086 4145 et
1122 4098 1181 4144 ut
1217 4091 1446 4162 quilibet
1475 4093 1689 4150 calceos
1723 4096 2040 4167 exuat-dili-

467 4189 658 4250 genter
684 4177 906 4234 ‘ellicite.
937 4177 1079 4234 Varii
1112 4196 1273 4250 porro
1316 4192 1445 4236 sunt
1478 4182 1910 4255 uniuscujusque
1937 4199 2039 4239 no-

467 4279 641 4326 strum
681 4271 849 4325 calcei
875 4287 890 4335 ;
922 4286 1048 4324 nam
1080 4273 1196 4328 suis
1224 4275 1454 4343 quisque
1484 4274 1645 4331 factis
1664 4277 1813 4331 velut
1832 4277 2039 4332 calcea-

466 4362 661 4417 mentis
695 4363 975 4416 subnexus
1004 4370 1108 4417 est.
1151 4364 1326 4432 Atque
1357 4365 1513 4435 105
1552 4367 1655 4421 hoc
1689 4368 1854 4421 modo
1881 4366 2040 4422 vobis

466 4451 669 4506 Christi
699 4450 986 4520 discipulis
1005 4460 1057 4507 et
1079 4455 1311 4524 egregiis
1340 4457 1651 4523 pastoribus
1675 4458 2040 4528 obsequentes

468 4543 699 4613 singuli,
736 4543 783 4597 si
817 4542 941 4613 quis
987 4543 1257 4599 idolorum
1308 4546 1456 4601 cultu
1492 4550 1640 4602 velut
1679 4550 1864 4604 calceo
1908 4548 2040 4606 sub-

469 4633 696 4689 strictus
719 4641 822 4697 est,
846 4633 995 4688 hunc
1023 4635 1200 4705 ipsum
1227 4636 1433 4691 cultum
1459 4645 1638 4692 vestra
1663 4638 2040 4695 cohortatione

2139 3550 2379 3621 ἀκριὸῶς
2399 3552 2579 3622 ἐρωτᾷ
2601 3553 2658 3604 ἐν
2687 3554 2752 3622 τῇ
2779 3550 2945 3621 βίϐλῳ
2967 3551 3074 3603 τῶν
3090 3550 3374 3620 ’ᾼσμάτων
3398 3566 3412 3579 ·
3449 3550 3569 3604 Ποῦ
3591 3568 3717 3603 ποι-

2133 3642 2404 3711 μαίνεις;
2429 3643 2546 3695 ποῦ
2569 3641 2852 3707 κοιτάζεις
2874 3642 2943 3696 ἐν
2957 3641 3327 3711 μεσημϐρίᾳ;
3348 3641 3635 3712 Ποιμαίνει
3664 3642 3720 3697 δὲ

2138 3734 2369 3803 Χριστὸς
2396 3733 2454 3785 ἐν
2482 3735 2553 3804 γῇ
2580 3736 2646 3804 τῇ
2676 3734 3050 3805 προειρημένῃ
3068 3733 3203 3805 (65),
3229 3732 3318 3788 καὶ
3336 3734 3397 3786 οὐ
3422 3732 3578 3805 μόνον
3602 3750 3720 3787 ποι-

2142 3825 2340 3895 μαίνει,
2383 3825 2522 3878 ἀλλά
2561 3825 2657 3877 καὶ
2700 3826 3033 3897 προστάσσει
3067 3824 3213 3880 λύειν
3247 3824 3308 3880 τὸ
3336 3825 3587 3897 ὑπόδημα
3611 3825 3719 3880 τῶν

2139 3915 2314 3969 ποδῶν
2337 3915 2445 3967 τῶν
2474 3917 2763 3985 ποιμένων,
2786 3917 2859 3979 ὡς
2883 3916 3124 3986 Μωῡσῆς
3148 3916 3365 3988 πρῶτον
3384 3916 3707 3988 λέγει.Παρ¹

2139 4000 2201 4060 οὗ
2237 4004 2335 4076 τὴν
2376 4005 2671 4076 παράδοσιν
2713 4006 3108 4078 παρειληφότες
3145 4007 3239 4062 καὶ
3278 4008 3451 4071 αὐτοὶ,
3487 4009 3616 4071 τοὺς
3639 4007 3719 4070 είς

2138 4096 2238 4166 τὴν
2281 4095 2440 4163 ἁγίαν
2470 4097 2778 4167 ἐπιστήμην
2806 4098 3214 4167 εἰσαγομένους,
3241 4098 3497 4169 ἀσφαλῶς
3521 4115 3715 4171 χειρα-

2139 4187 2367 4255 γωγεῖτε
2387 4184 2498 4256 (66)
2535 4186 2769 4258 πρῶτον,
2797 4187 2867 4241 τά
2897 4188 3219 4259 ὑποδήματα
3240 4190 3472 4244 ἑκάστου
3498 4188 3717 4243 ἐπιλύε-

2142 4277 2263 4330 σθαι
2288 4277 2691 4348 ἐπιμελόμενοι.
2713 4278 3064 4351 ’Υποδήματα
3088 4280 3144 4333 δὲ
3172 4280 3402 4334 ἑκάστου
3428 4283 3460 4349 ή
3469 4280 3583 4351 μῶν
3605 4280 3716 4351 ἔχει

2139 4367 2432 4435 διαςοράν·
2475 4371 2541 4438 τῇ
2584 4368 2693 4438 γάρ
2724 4370 2828 4440 ἰδία
2869 4372 2980 4442 (67)
3020 4371 3215 4424 ἑαυτοῦ
3252 4370 3447 4442 πράξει
3476 4371 3711 4434 ἕκαστος

2143 4454 2464 4525 ὑπεδήσατο.
2522 4459 2632 4512 Καὶ⁵
2663 4457 2845 4514 λοιπὸν
2880 4462 3033 4533 ὑμῶν
3068 4462 3175 4516 τῶν
3207 4462 3463 4533 μαθητῶν
3498 4463 3591 4515 καί
3620 4479 3718 4516 κα-

2142 4546 2248 4601 λῶν
2287 4549 2558 4619 ποιμένων
2584 4551 2872 4607 ὑπακούων
2900 4554 3158 4621 ἒκαστος,
3191 4555 3250 4618 ὃς
3277 4555 3374 4624 μὲν
3412 4554 3717 4625 ὑπεδήσατο

2142 4639 2601 4712 εἰδωλολατρείαν,
2633 4645 2937 4700 ὑπελύσατο
2965 4649 3031 4718 τῇ
3061 4646 3218 4719 ήμῶν
3240 4646 3490 4717 νουθεσίᾳ
3509 4663 3523 4677 ·
3556 4645 3714 4709 ἄλλος

470 4724 659 4792 solvit;
700 4725 840 4781 alius
872 4726 1196 4783 adulterium
1231 4729 1398 4793 exuit,
1430 4729 1849 4787 fornicationem
1875 4733 2036 4800 alius,

2141 4732 2197 4786 δὲ
2231 4732 2473 4803 μοιχείαν
2504 4735 2828 4803 ὑπελύσατο,
2860 4738 3045 4810 ἕτερος
3077 4738 3351 4809 πορνείαν,
3391 4738 3549 4803 ἄλλος
3585 4739 3711 4793 κλο·

470 4816 610 4872 alius
638 4814 861 4882 furtum,
894 4817 1243 4888 cupiditatem
1273 4820 1413 4875 alius
1434 4828 1489 4876 et
1513 4822 1816 4878 avaritiam.
1849 4823 2035 4894 Neque

2138 4824 2264 4897 πὴν,
2302 4824 2360 4889 ὃς
2387 4826 2445 4880 δὲ
2481 4828 2810 4897 πλεονεξίαν.
2836 4830 2911 4883 Οὐ
2943 4831 3103 4901 μόνον
3130 4831 3209 4896 δὲ,
3248 4830 3384 4886 άλλά
3404 4830 3498 4885 καὶ
3534 4829 3714 4900 λόγοις

470 4907 576 4963 hoc
606 4914 834 4967 tantum.
868 4908 960 4964 sed
998 4921 1050 4964 et
1081 4910 1459 4966 abominandis
1489 4913 1668 4970 verbis
1694 4928 1757 4969 ac
1783 4917 2033 4986 turpibus

2140 4920 2424 4988 στυγητοῖς
2456 4919 2549 4972 καὶ⁵
2577 4923 2819 4992 αἰσχροῖς
2856 4923 3095 4993 ῥήμασιν
3124 4924 3574 4995 ἀποτασσόμενοι,
3610 4940 3713 4994 μα-

470 4999 812 5075 renuntians,
834 5015 929 5070 spe
957 4999 1233 5056 felicitatis
1262 5002 1473 5058 illectus
1503 5005 1881 5077 unusquisque
1912 5023 2036 5064 sese

2140 5026 2207 5062 κα
2217 5009 2335 5080 ρίας
2358 5009 2380 5040 ⁸
2412 5009 2622 5066 ἐλπίσιν
2651 5012 2755 5066 ὑπὸ
2777 5015 2936 5084 χεῖρα
2963 5015 3229 5087 κραταιάν
3250 5015 3344 5069 τοῦ
3370 5013 3574 5085 ἀγαθοῦ
3603 5031 3715 5068 ποι-

474 5089 575 5145 sub
611 5088 962 5145 fortissimam
1011 5092 1199 5162 optimi
1250 5093 1485 5162 pastoris
1529 5109 1748 5150 manum
1792 5112 1887 5167 per
1930 5113 2029 5156 vos

2144 5100 2301 5170 μένος
2345 5101 2409 5154 δι’
2445 5103 2598 5173 ὑμῶν
2631 5103 2740 5158 τῶν
2789 5104 2969 5160 καλῶν
2998 5106 3147 5178 (τῶν)
3188 5107 3445 5179 μαθητῶν
3484 5107 3713 5168 ἕκαστος

475 5178 764 5248 praeclaros
805 5178 1104 5250 discipulos
1134 5181 1468 5250 pascendum
1501 5185 1794 5241 committit
1826 5205 1839 5241 :
1874 5203 2036 5245 nemo

2144 5191 2513 5263 βουκολεῖσθαι
2569 5197 2938 5269 παραδίδωσιν
2988 5199 3181 5256 ἑαυτόν
3210 5217 3224 5231 ·
3290 5201 3550 5271 ἀφέξεται
3603 5199 3711 5270 γάρ

541 5335 557 5368 ³
586 5333 745 5391 Prov.
782 5351 929 5403 xxxr,
965 5333 1051 5390 10.
1141 5337 1160 5368 ³
1183 5335 1339 5393 Cant.
1378 5353 1415 5406 ι,
1450 5339 1502 5393 7.
1580 5339 1601 5373 ³
1634 5339 1803 5397 Exod.
1836 5359 1918 5408 tn,
1950 5344 2005 5399 5.

2142 5342 2202 5400 Ρ.
2229 5347 2544 5418 μακαρίαις.

541 5488 667 5575 (65).
690 5489 813 5575 ,Ἔχ
839 5487 915 5575 τῇ
1074 5492 1482 5575 προειρημένῃ..
1514 5495 1847 5575 Crediderim
1879 5497 2031 5575 hisce

2210 5499 2319 5575 (ἓξ)
2350 5502 2781 5575 ζειραῖωῖξεῖτε,
2822 5522 2982 5561 manu
3033 5507 3245 5574 ducite,
3278 5525 3441 5563 manu
3468 5509 3703 5575 dirigite.

469 5560 528 5643 εει
556 5560 736 5643 vetitis
758 5561 821 5643 _S-
848 5559 1212 5643 Ερξριιιιξιίυιιι
1234 5559 1244 5561 ⁷
1264 5559 1570 5643 ζᾷβρθὶίεεθ
1610 5566 1677 5643 ad
1705 5564 2026 5643 Ecclesia").
2152 5636 2183 5643 __
2210 5559 2321 5638 (67')
2355 5559 2562 5643 Τεῖγάῥ
2593 5559 2731 5641 ἰδίᾳ,
2763 5559 3203 5635 ὲιςξέέιιιέιίιίἇ
3229 5559 3705 5638 asiam-asas;

467 5628 652 5709 Nostri
695 5628 1014 5709 interpretes
1059 5631 1236 5709 locum
1278 5628 1430 5689 illum
1481 5635 1786 5705 exprimere
1822 5635 2029 5692 Latinis
2135 5628 2315 5709 digna.
2399 5628 2425 5640 ”’
2461 5628 2475 5643 ’
2521 5628 2540 5643 “’
2680 5628 2730 5641 ”’
2770 5628 2846 5680 ”ῗ

427 5768 431 5773 ι
470 5698 648 5756 verbis
677 5698 1153 5772 pra-termiserunt.
