4018 6210
295 287 388 341 201

1681 281 2054 344 ANCORATU
2067 281 2123 340 S.

3465 285 3573 346 εοει

295 403 523 465 ἕκαστος
548 400 766 464 πάντως
801 400 899 471 τῆς
928 399 1157 470 πλάνης.
1197 401 1305 455 Καὶ
1334 400 1440 472 πρὸ
1463 400 1760 472 ὀφθαλμῶν
1788 416 1884 454 πα-

1992 399 2133 454 enim
2169 400 2292 465 erit,
2322 401 2416 471 qui
2449 414 2556 456 non
2593 414 2836 457 errorem
2869 401 3113 471 abjieiat.
3149 398 3258 457 Vos
3288 410 3471 457 autem
3498 403 3571 458 ob

296 492 580 565 ρατίθεσθε
595 491 694 563 τὴν
715 492 993 564 ἀλήθειαν,
1009 493 1204 549 εἴδωλα
1227 495 1324 566 μὲν
1345 494 1875 566 παραχαράττοντες,

297 588 398 642 καὶ
425 584 726 654 ἀναφανδὸν
748 586 847 650 τὴν
871 585 1000 656 περὶ
1029 586 1209 639 αὐτῶν
1238 585 1445 657 πλάνην
1474 587 1646 658 άνακη
1659 587 1879 659 ρύττον-

292 695 403 741 τες.
431 675 569 732 Οὔτε
595 677 704 749 γὰρ
725 679 952 749 νεκροὺς
976 678 1199 742 τούτους
1226 679 1468 749 ἡγεῖσθε,
1498 678 1621 731 ἐπεὶ
1647 681 1720 751 μή
1749 688 1880 732 ποτε

295 769 496 839 ἔζησαν
518 786 532 802 ·
570 769 702 822 κενὰ
743 767 800 822 δὲ
836 768 928 821 καὶ
956 769 1158 839 μάταια
1193 771 1288 825 καὶ
1328 770 1429 823 οὐκ
1472 769 1622 835 ὄντα,
1656 772 1882 834 εἰκότως

296 862 504 925 πάντας
535 861 765 915 πάντοτε
794 861 1169 925 διδάσκοντες·
1212 863 1272 915 οὐ
1301 862 1409 934 γὰρ
1434 859 1576 934 ἦσάν
1610 879 1760 928 ποτε,
1796 864 1883 918 ἵνα

293 945 447 1006 ὦσιν.
467 953 696 1006 Ἐκεῖνοι
721 951 781 1006 δέ
810 955 916 1006 είσι
950 954 1359 1025 κακοδαίμονες,
1391 954 1736 1026 ἀνθρωπίνης
1770 952 1884 1009 δια-

294 1045 444 1109 νοίας
475 1045 796 1116 παράθεσις,
823 1044 1026 1115 ἡδονῶν
1061 1045 1315 1117 ἀφορμὰς
1341 1046 1714 1118 έπιρῤεύσασα
1735 1047 1878 1119 (68)·

295 1141 390 1192 καὶ
415 1139 567 1192 ἔνθεν
593 1140 696 1192 ὑπὸ
722 1140 954 1194 ἑκάστου
976 1139 1036 1193 τὸ
1061 1139 1189 1195 ἴδιον
1211 1142 1380 1206 πάθος
1400 1145 1479 1207 είς
1511 1137 1759 1215 σέϐασμα
1784 1162 1884 1198 κν·-

297 1231 471 1302 ρωθὲν
502 1233 854 1303 τετόλμηται.
873 1232 1098 1304 Πρῶτον
1118 1234 1249 1304 γὰρ,
1273 1235 1435 1298 εὐθὺς
1465 1236 1553 1289 ὅτε
1585 1235 1742 1289 τοῦτο
1769 1238 1882 1300 τοῖς

294 1321 604 1393 ἀνθρώποις
646 1323 1038 1394 ὲκαινοτόμητο
1087 1324 1173 1378 διὰ
1216 1325 1485 1396 δαιμόνων
1521 1327 1879 1398 κακουργίας,

297 1411 489 1484 πρώτη
534 1411 672 1484 αὕτη
721 1414 946 1484 πορνεία
996 1413 1410 1484 ἀπεφθέγγετο,
1480 1415 1576 1470 καὶ
1623 1433 1882 1488 σκιογρα-

296 1506 447 1575 φίαις
462 1505 571 1577 (69)
585 1505 652 1559 τά
668 1505 863 1559 εἴδωλα
882 1506 1518 1579 προετυποῦτο.Ἒπειτα
1550 1509 1745 1580 τέχνην
1777 1509 1875 1581 τὴν

299 1595 456 1657 ἰδίαν,
499 1597 564 1666 ἢν
604 1595 745 1666 μετὰ
774 1599 964 1668 χεῖρας
985 1595 1127 1668 εἶχεν
1155 1599 1492 1666 ἕκαστος,δι’
1519 1596 1588 1674 ἧς
1612 1602 1712 1673 τὴν
1728 1603 1884 1655 εὐπο-

1985 491 2176 546 oculos
2232 494 2520 548 veritatem
2579 493 2908 565 preponite,
2965 500 3019 548 et
3049 493 3212 563 idolis
3264 492 3566 560 damnatis,

1983 591 2320 655 quantopere
2370 582 2631 641 obel‘rent
2667 585 2702 640 ii
2738 586 2832 656 qui
2876 599 2940 640 ea
2974 593 3336 651 venerantur,
3386 586 3569 657 palam

1983 687 2037 732 et
2067 677 2240 732 libere
2272 675 2584 746 praedicate.
2626 677 2811 749 Neque
2853 677 2996 732 enim
3029 684 3277 733 mortuos
3309 678 3433 734 ill-os
3459 679 3572 734 exi-

1985 769 2242 834 stimate,
2295 776 2353 824 ut
2402 769 2494 838 qui
2539 769 2706 823 vitam
2760 769 3055 826 habuerint
3108 786 3417 840 nunquam;
3472 769 3566 827 sed

1984 876 2145 924 vana,
2173 860 2378 925 inania,
2414 875 2515 914 nec
2543 872 2775 929 usquam
2802 860 3124 916 cxsistentia
3147 861 3346 915 merito
3376 875 3569 916 omnes

1985 968 2046 1007 ac
2082 961 2343 1023 perpetuo
2368 952 2590 1006 docete:
2620 967 2793 1020 neque
2817 951 2958 1006 enim
2994 953 3289 1022 aliquando
3326 952 3570 1019 fuerunt,

1985 1048 2044 1098 ut
2075 1059 2198 1099 esse
2238 1045 2511 1099 dicantur.
2544 1042 2652 1099 Sed
2692 1043 2827 1098 nihil
2862 1039 3006 1097 aliud
3046 1053 3175 1098 sunt
3203 1053 3567 1115 praeterquam

1985 1136 2111 1190 mali
2143 1137 2443 1202 daemones,
2496 1136 2845 1208 cogitationis
2884 1136 3136 1192 humana:
3172 1146 3566 1200 commentum,
3650 1187 3652 1191 .

1985 1230 2129 1300 quod
2161 1231 2494 1300 voluptatum
2523 1229 2796 1284 illecebris
2821 1230 3143 1285 occasiones
3171 1230 3567 1302 suppeditavit.

1985 1321 2124 1376 Ilinc
2160 1321 2475 1377 affectiones
2523 1318 2758 1392 quisque
2793 1335 2922 1377 suas
2969 1321 3156 1375 divino
3186 1321 3334 1376 cultu
3373 1337 3570 1376 conse-

1984 1426 2143 1469 crare
2187 1429 2355 1469 ausus
2389 1422 2492 1469 est.
2535 1413 2611 1468 Ac
2642 1414 2912 1483 principio
2938 1413 3180 1484 quidem,
3214 1411 3377 1469 simul
3403 1423 3568 1483 atque

1984 1507 2294 1560 daemonum
2335 1505 2684 1576 improbitate
2717 1521 2915 1562 novum
2951 1506 3362 1575 superstitionis
3396 1521 3570 1576 genus

1986 1597 2040 1652 in
2084 1597 2336 1652 homines
2385 1596 2659 1652 invectum
2693 1605 2797 1660 est,
2843 1597 3080 1667 primum
3115 1594 3407 1650 fornicatio
3432 1611 3570 1650 voce

299 1687 419 1758 ρίαν
443 1687 617 1758 ἔσχεν,
638 1690 716 1751 είς
746 1688 995 1760 σέϐασμα
1020 1693 1132 1754 τοῖς
1165 1692 1314 1754 ἰδίοις
1340 1692 1622 1763 παρεδίδου
1645 1694 1877 1761 τέκνοις,

1992 1703 2048 1743 ac
2073 1703 2325 1743 sermone
2349 1689 2550 1743 tradita
2573 1698 2654 1744 est
2671 1730 2684 1754 ,
2712 1704 2775 1744 ac
2795 1689 2919 1743 rudi
2951 1688 3181 1758 pictura:
3201 1687 3570 1744 delineatione

295 1781 390 1832 καὶ
426 1780 514 1833 διὰ
538 1779 638 1850 τῆς
685 1779 817 1851 ὕλης
862 1783 960 1852 τῆς
1005 1782 1144 1847 ἰδίας
1199 1785 1557 1855 τεχνουργίας
1596 1785 1750 1850 θεοὺς
1785 1788 1879 1842 ἀν-

1992 1787 2113 1833 sunt
2170 1794 2430 1850 expressa
2490 1780 2802 1835 simulacra.
2855 1780 3060 1836 Deinde
3120 1794 3282 1850 quam
3333 1780 3570 1851 quisque

294 1871 619 1925 επλάσαντο·
654 1873 748 1926 καὶ
786 1875 1062 1944 κεραμεὺς
1102 1875 1200 1945 μὲν
1245 1877 1309 1929 ὲκ
1337 1876 1532 1948 πηλοῦ,
1578 1876 1786 1931 τέκτων
1815 1879 1877 1931 ἐκ

296 1959 456 2025 ξύλου
484 1961 616 2034 (70),
661 1963 953 2033 χρυσοχόος
987 1965 1050 2017 ἐκ
1095 1964 1343 2036 χρυσίου,
1378 1967 1470 2019 καὶ
1501 1968 1879 2037 ἀργυροκόπος

291 2049 576 2117 ὡσαύτως.

367 2315 489 2371 PI".
522 2319 642 2372 Ἔτι
671 2319 727 2374 δὲ
755 2313 916 2374 πάλιν
947 2321 1176 2386 ἕκαστος
1209 2323 1320 2394 (7i)
1344 2324 1406 2377 τὸ
1440 2324 1569 2379 ἴδιον
1603 2327 1773 2391 πάθος
1799 2329 1880 2392 εἰς

298 2411 516 2481 μορφὴν
548 2412 850 2482 ὲμφερείας
878 2413 892 2444 ¹
921 2413 1030 2467 τῶν
1057 2413 1199 2466 ἰδίων
1233 2414 1528 2487 ὀφθαλμῶν
1563 2417 1876 2489 διέγραφεν.

308 2501 369 2553 '0
411 2499 509 2570 μὲν
563 2501 854 2573 αίμοϐόρος
895 2519 979 2566 τις
1025 2503 1163 2576 ἀνὴρ
1190 2505 1360 2577 Ἀρεα
1400 2507 1650 2576 φάσκων
1695 2510 1880 2581 μοιχὸς

296 2590 356 2644 δὲ
383 2591 416 2663 ἣ
448 2590 642 2661 μοιχὰς
686 2593 786 2662 τὴν
835 2591 1152 2647 πολύκοινον
1217 2593 1573 2667 Ἀφροδίτηνο
1616 2595 1882 2667 τύραννος

293 2679 355 2734 δὲ
397 2681 575 2752 Νίκην
606 2682 997 2754 ἀναπτερώσας
1020 2700 1034 2714 ο
1074 2683 1366 2756 αὐχμώδης
1388 2686 1496 2759 γὰρ
1527 2688 1620 2741 καὶ
1651 2689 1780 2760 περὶ
1814 2691 1884 2744 τὰ

299 2771 532 2844 βιωτικὰ
552 2774 816 2846 κεχηνὼς,
842 2775 1050 2846 Κρόνου
1075 2775 1165 2828 τὸν
1191 2777 1358 2832 τύπον
1387 2777 1593 2852 ἔγραφε
1619 2795 1632 2811 ·
1659 2780 1883 2854 θηλυνό-

298 2884 462 2938 μενος
491 2867 582 2919 ’δὲ
613 2867 866 2936 Κυϐέλην
895 2868 990 2921 καὶ
1020 2867 1196 2933 Ῥέαν,
1218 2868 1304 2922 διὰ
1334 2870 1395 2922 τὸ
1425 2870 1671 2946 ῥευστὸν,
1704 2868 1879 2945 οἶμαι,

297 2959 399 3027 τῆς
419 2957 529 3012 ἀπὸ
555 2957 662 3011 τῶν
703 2959 972 3028 σωμάτων
1007 2959 1331 3030 πολυμιξίας
1352 2977 1365 2990 ·
1402 2959 1560 3023 ἄλλος
1584 2979 1643 3014 τε
1680 2963 1882 3032 ῥέμϐος

297 3051 333 3120 ἢ
373 3049 584 3121 pausa;
609 3051 872 3122 Ἀρτεμιν
907 3051 1276 3123 κυνηγέτριαν
1303 3052 1747 3123 προετύπου,καὶ
1785 3054 1882 3125 μέ-

299 3145 464 3196 θυσον
493 3143 766 3208 Διόνυσον,
801 3144 894 3196 καὶ
919 3142 1258 3215 πολύμοχθον
1303 3145 1578 3217 Ἡρακλέα
1599 3161 1614 3176 ⁵
1651 3145 1886 3216 πολύμιξ
1914 3131 1954 3189 C

297 3237 357 3291 δέ
375 3255 459 3301 τις
497 3237 596 3290 Δία
624 3237 718 3291 καὶ
763 3235 1092 3290 Ἀπόλλωνα.
1131 3237 1237 3288 Καὶ
1268 3236 1320 3288 τί
1353 3253 1440 3306 μοι
1474 3235 1544 3289 τὰ
1582 3236 1762 3306 πλήθη
1797 3235 1884 3289 λέ-

299 3346 419 3394 γειν
439 3327 648 3400 μυρίων
677 3327 866 3380 παθῶν
892 3328 949 3379 έν
978 3325 1283 3396 ἀνθρώποις
1310 3326 1662 3397 ὑπαρχόντων
1683 3343 1696 3390 ;
1717 3326 1884 3378 Πλέον

298 3419 358 3473 δὲ
394 3419 611 3482 πάντως
644 3416 934 3486 Αἰγύπτιοι
980 3416 1344 3488 πλανηθέντες
1386 3419 1447 3471 ού
1482 3417 1641 3488 μόνον
1669 3417 1736 3471 τὰ
1778 3417 1884 3470 ἴδια

300 3515 451 3585 πάθη
479 3512 873 3584 ἐσεϐάσθησαν,
896 3511 1032 3565 ἀλλὰ
1061 3511 1239 3583 πτηνὰ
1281 3512 1374 3566 καὶ
1413 3513 1736 3584 τετράποδα,
1760 3530 1886 3585 χερ-

302 3607 435 3660 σαῖά
481 3622 541 3658 τε
585 3605 678 3658 καὶ
711 3605 924 3675 ἔνυδρα,
963 3605 1057 3658 καὶ
1097 3603 1366 3658 ἁτίθασσά
1405 3621 1526 3658 τινα
1565 3604 1749 3676 θηρία,
1793 3606 1885 3659 καὶ

297 3698 371 3750 τά
395 3699 475 3760 είς
497 3695 659 3750 δοῦλα
686 3697 868 3759 αὐτοῖς
901 3695 1005 3748 ὑπὸ
1021 3696 1115 3747 τοῦ
1147 3695 1302 3763 ἁγίου
1320 3694 1454 3749 Θεοῦ
1485 3697 1884 3769 παραδοθέντα,

298 3793 368 3860 τῇ
408 3789 559 3853 τάξει
596 3788 957 3859 μετήλλαξαν,
1009 3789 1104 3841 καὶ
1133 3789 1208 3852 ὡς
1227 3787 1380 3851 ὄντες
1412 3791 1477 3860 τῇ
1509 3789 1716 3861 διανοίᾳ
1749 3807 1876 3860 κτη-

300 3882 514 3946 νώδεις,
567 3881 928 3952 ύπερσέϐουσι
955 3881 1024 3933 τὰ
1073 3879 1184 3945 ζῶα
1229 3882 1299 3932 τὰ
1340 3884 1471 3953 παρ’
1525 3883 1730 3950 αὐτοῖς,
1768 3884 1887 3936 θεο-

302 3974 608 4040 ποιοῦντες,
645 3974 740 4027 καὶ
774 3973 873 4028 οὐκ
899 3973 1277 4043 αἰσχυνόμενοι
1325 3973 1462 4028 κύνα
1489 3975 1548 4028 τὸ
1574 3975 1884 4042 ὑλακτικὸν,

301 4067 556 4138 αἴλουρον
581 4065 640 4120 τὸ
670 4066 1066 4136 έρπετοφάγον,
1094 4066 1296 4137 τράγον
1331 4065 1391 4120 τὸ
1413 4067 1734 4134 ἀκόλαστον,
1757 4071 1887 4141 πρό-ι

303 4161 470 4214 ϐατον
521 4161 582 4213 τὺ
629 4160 880 4232 βληχρὸν,
938 4160 1277 4230 κροκόδειλον
1319 4160 1380 4213 τὸ
1429 4161 1743 4232 πολυσχιδὲς
1796 4163 1888 4216 καὶ

302 4248 695 4320 ἁμειδέστατον
743 4250 784 4312 ³,
848 4249 954 4302 ξ’ϐιν
983 4249 1080 4319 τὴν
1131 4248 1360 4319 ίοϐόρον,
1415 4249 1511 4302 καὶ
1552 4251 1745 4316 ίκτῖνα,
1795 4252 1889 4305 καὶ

307 4343 526 4414 ἱέρακα,
592 4343 688 4395 καὶ
746 4342 957 4412 κόρακα
985 4342 1054 4394 τὰ
1100 4341 1632 4412 δουλοπρεπέστατα,
1678 4341 1800 4411 ὅφιν
1831 4343 1888 4396 δὲ

301 4437 364 4488 τὸ
397 4435 609 4488 σκολιὸν
639 4434 730 4486 καὶ
761 4433 1089 4505 ἀηδέστατον
1113 4448 1126 4460 ⁸
1174 4432 1267 4485 καὶ
1315 4430 1673 4496 ἁπαξαπλῶς,
1705 4432 1751 4486 ὢ
1789 4432 1888 4502 τῆς

307 4529 553 4600 μεγάλης
593 4526 854 4597 αἰσχύνης
895 4526 1002 4579 τῶν
1034 4525 1168 4598 μηδὲ
1203 4525 1322 4596 ὄψιν
1356 4525 1462 4578 τῶν
1499 4525 1707 4578 ἑαυτῶν
1731 4525 1888 4594 ὲλέγ-

303 4637 417 4690 χων
455 4618 474 4649 ⁸
506 4614 931 4679 κατανοούντων,
995 4615 1090 4668 καὶ
1142 4614 1216 4686 μὴ
1268 4613 1460 4677 ἀκοαῖς
1497 4614 1594 4686 τὴν
1640 4613 1888 4684 αἴσθησιν

303 4707 869 4782 παραλαμϐανόντων,
931 4707 1066 4778 μήτε
1109 4705 1319 4778 διανοίᾳ
1383 4706 1490 4760 τῶν
1537 4709 1666 4778 παρ’
1709 4707 1890 4769 αὐτοῖς

1411 4859 1728 4930 θηλυνόμος.

379 4866 391 4896 ¹
450 4879 540 4932 γρ.
590 4859 1082 4933 μορμοεμιρερείας.
1221 4861 1356 4930 ‘rp.

306 4932 553 5004 ἔλεγχον.

386 5088 498 5160 (68)
527 5085 926 5160 Animadverte
971 5102 1092 5155 qua:
1124 5087 1297 5156 prima
1327 5083 1483 5156 juxta
1525 5084 1886 5157 Epiphanium

310 5156 560 5216 Inanium
596 5158 820 5211 deorum
849 5156 1015 5227 origo.

386 5230 499 5300 (69)
524 5227 910 5300 Σκιογραςςιά,
945 5226 1146 5300 '_prima_
1191 5227 1280 5280 illa
1311 5226 1728 5300 reidelineatio
1780 5241 1888 5295 qua

351 5297 553 5353 ic‘tores
583 5298 636 5351 in
665 5297 846 5350 tabula
884 5298 959 5349 rei
993 5297 1236 5366 ejusdem
1272 5298 1508 5366 speciem
1535 5299 1886 5351 adumbrant.

339 5371 433 5423 tali
452 5367 747 5422 vernacqu
774 5382 1028 5421 sermone
1053 5368 1411 5436 nostro,quod
1440 5367 1609 5421 Gra‘ei
1647 5382 1896 5437 σκιογρα-

311 5441 696 5510 φίαννοςαιιι,
723 5437 1714 5510 (1ἰρβπιξ-νοοηειιεΥ-ἱιιιιιδΑρΙιίανοετιινοε

384 5509 498 5578 (70)
541 5507 774 5562 Τέκτων
802 5508 870 5560 ἐκ
895 5506 1106 5571 ξύλου,
1133 5505 1308 5560 Faber
1333 5508 1588 5576 lignarius
1610 5522 1675 5560 ex
1703 5507 1842 5576 ligno
1874 5521 1892 5560 :

309 5580 458 5652 quod
482 5588 577 5652 est
608 5580 663 5632 in
685 5578 868 5652 lfatina
895 5578 1154 5652 versione
1178 5579 1462 5652 omissum.

384 5649 499 5720 (Ἠ)
529 5651 657 5702 Ἔτι
687 5647 968 5720 δὲΔπὰλιν
993 5649 1268 5720 ﬁxae-tog.
1316 5647 1632 5720 Clementis
1657 5648 1894 5720 Alexan-

310 5716 644 5778 driniiocus
673 5718 863 5772 eodem
900 5720 1131 5788 pertinet
1172 5716 1466 5773 Slrom.vu
1505 5735 1516 5772 :
1557 5719 1814 5790 ’Έλληνες
1841 5717 1898 5770 δὲ

639 5815 907 5875 Parum“
939 5817 1059 5877 (in.
1105 5816 1328 5879 XLIII.

1461 5879 1502 5898 υ·

1862 4861 1882 4890 ³
1931 4859 1990 4914 F.
2046 4860 2187 4914 ἀειδέ
2195 4878 2404 4914 στατον.

1985 1873 2274 1927 exercebat
2297 1880 2492 1939 artem,
2524 1888 2628 1942 qua
2648 1874 3023 1943 quotidianum
3054 1873 3158 1928 sibi
3185 1874 3386 1929 victum
3421 1891 3571 1945 quaa-

1985 1974 2149 2028 reret,
2179 1965 2542 2019 venerandam
2574 1981 2638 2019 ac
2665 1964 2947 2019 colendam
2976 1963 3163 2020 liberis
3194 1965 3311 2020 suis
3336 1967 3565 2022 obtulit:

1987 2057 2131 2110 unde
2162 2071 2229 2110 ex
2264 2057 2526 2125 peculiari
2575 2056 2712 2111 artis
2763 2072 2876 2110 suae
2933 2057 3160 2112 materia
3210 2056 3412 2128 singuli
3462 2059 3568 2114 sibi

1987 2144 2120 2199 deos
2154 2143 2498 2209 effmxerunt,
2550 2143 2715 2199 veluti
2755 2144 2952 2213 figulus
2991 2159 3023 2199 e
3073 2145 3208 2211 luto,
3256 2147 3469 2201 aurifex
3499 2163 3570 2201 ex

1987 2249 2141 2298 auro,
2185 2246 2237 2290 et
2266 2235 2610 2306 argentarius
2642 2235 2794 2289 faber
2826 2252 2889 2292 ex
2925 2243 3171 2306 argento.

2056 2326 2188 2382 CIII.
2228 2327 2308 2382 Ad
2341 2328 2456 2383 luce
2492 2327 2836 2384 affectionem
2871 2326 3254 2397 unusquisque
3302 2341 3460 2383 suam
3498 2329 3568 2381 ad

1986 2429 2106 2470 eam
2155 2416 2448 2486 imaginem
2486 2431 2666 2487 quam
2695 2416 2766 2472 ob
2795 2417 2986 2471 oculos
3021 2416 3125 2472 sibi
3170 2427 3565 2489 preposuerat,

1988 2505 2296 2577 descripsit.
2331 2506 2515 2578 Itaque
2543 2507 2784 2564 crudelis
2806 2507 3079 2578 quispiam
3105 2515 3157 2562 et
3182 2509 3568 2579 sanguinarius

1989 2599 2149 2653 deum
2176 2613 2298 2654 esse
2347 2597 2573 2653 Martem
2625 2601 2898 2663 asseruit;
2945 2597 3194 2654 marchus
3240 2599 3440 2670 aliquis
3475 2609 3570 2654 aut

1990 2691 2224 2757 intecha,
2247 2690 2614 2759 promiscuam
2645 2689 2914 2745 Venerem
2939 2707 2954 2756 ;
2979 2698 3245 2761 tyrannus
3271 2689 3566 2746 Victoriam

1991 2781 2184 2851 pennis
2221 2782 2515 2847 instruxit;
2558 2783 2845 2853 squalidus
2879 2782 2968 2836 ille
3000 2797 3063 2837 ac
3089 2783 3246 2837 luero
3282 2793 3336 2839 et
3365 2785 3568 2856 Opibus

1992 2873 2210 2928 inhians
2243 2874 2464 2928 Saturni
2508 2873 2738 2946 efﬁgiem
2785 2876 2991 2945 edidit;
3032 2877 3380 2932 eﬂ‘eminatus
3431 2878 3569 2933 alter

1990 2965 2225 3035 Cybelen
2252 2973 2306 3019 et
2329 2962 2557 3029 Rheam,
2588 2974 2807 3036 propter
2836 2968 3062 3024 rheusin
3091 2968 3208 3024 sive
3238 2966 3567 3038 profluvium

1994 3058 2157 3122 illud,
2201 3057 2414 3128 opinor,
2457 3059 2598 3128 quod
2638 3059 2691 3113 in
2760 3059 2951 3115 crebra
2991 3076 3289 3131 corporum
3338 3062 3570 3116 cummi--

1991 3147 2172 3204 stione
2212 3156 2416 3217 scatet;
2451 3161 2622 3222 vagus
2648 3151 2783 3207 alter
2813 3159 3052 3224 autvaga
3082 3153 3412 3208 venatricem
3443 3151 3570 3206 Dia-

1992 3257 2116 3295 nam
2149 3242 2403 3308 instituit,
2447 3251 2542 3297 aut
2574 3244 2850 3298 ebriosum
2885 3243 3181 3307 Bacchum,
3207 3253 3302 3298 aut
3333 3244 3572 3299 taborio-

1993 3346 2112 3386 sum
2155 3331 2474 3397 Herculem;
2515 3332 2606 3402 qui
2647 3334 3012 3402 promiscuam
3041 3349 3292 3389 venerem
3323 3334 3573 3389 sectaba-

1993 3431 2103 3489 tur,
2137 3422 2325 3478 Jovcm
2359 3433 2410 3478 et
2442 3424 2770 3494 Apollinem.
2813 3423 2954 3490 Quid
3002 3432 3181 3480 autem
3217 3425 3409 3479 attinet
3450 3428 3572 3478 tnti-

1993 3514 2232 3567 nitarum
2277 3515 2330 3567 in
2381 3513 2695 3569 hominibus
2746 3514 3092 3570 all'ectionum
3146 3529 3432 3570 recensere
3475 3529 3571 3569 εο-

1993 3605 2180 3675 piam?
2221 3605 2380 3676 106
2418 3604 2523 3660 Sed
2555 3605 2835 3660 nationum
2868 3606 3112 3660 omnium
3140 3621 3381 3662 errorem
3415 3606 3572 3661 facile

1993 3705 2322 3768 superarunt
2348 3697 2587 3769 (Egyptii
2619 3715 2632 3753 :
2659 3699 2749 3770 qui
2773 3713 2879 3753 non
2910 3697 3227 3754 aﬂ'ectiones
3254 3700 3415 3755 modo
3441 3717 3572 3755 suas

1993 3788 2218 3844 deorum
2251 3789 2426 3843 instar
2476 3789 2712 3845 venerati
2763 3799 2933 3846 sunt:
2978 3790 3074 3846 sed
3113 3799 3166 3845 et
3219 3792 3471 3847 volucres
3508 3807 3572 3846 ac

1993 3881 2397 3952 quadrupedes,
2422 3882 2706 3936 terrestria
2735 3881 2918 3936 itidem
2946 3889 3000 3936 et
3029 3882 3081 3936 in
3104 3882 3262 3952 aquis
3295 3883 3570 3952 degentia.

1993 3973 2288 4029 nonnullas
2323 3973 2466 4028 feras
2508 3983 2562 4027 et
2595 3985 2839 4044 agrestes
2882 3973 3110 4038 belluas,
3144 3988 3316 4044 eaque
3350 3973 3570 4029 demum

1995 4064 2296 4118 animantia
2345 4079 2465 4133 qum
2504 4064 2606 4120 sibi
2652 4064 2720 4117 ad
2766 4065 3085 4119 servitutem
3139 4079 3169 4118 a
3206 4065 3315 4120 Deo
3366 4066 3573 4120 tributa

1997 4153 2236 4219 fuerant,
2277 4153 2476 4209 divinis
2511 4154 2812 4209 honoribus
2857 4154 3174 4210 aﬂecerunt.
3211 4155 3319 4211 Nec
3353 4173 3448 4212 eos
3487 4159 3574 4212 vel

1996 4246 2148 4300 canis
2181 4247 2436 4300 latrantis
2465 4247 2682 4316 puduit,
2715 4248 2798 4301 vel
2827 4248 2980 4301 aeluri
3015 4249 3106 4318 qui
3139 4249 3424 4318 reptilibus
3473 4265 3574 4320 pa-

1996 4341 2200 4404 scitur,
2231 4338 2312 4392 vel
2355 4339 2489 4394 hirci
2531 4339 2827 4407 libidinosi,
2850 4342 2932 4398 vel
2978 4342 3264 4398 imbecillis
3308 4343 3573 4404 ovicttlm,

1995 4433 2078 4486 vel
2112 4431 2363 4486 multiﬁdi
2399 4442 2453 4488 et
2484 4433 2864 4490 immanissimi
2893 4436 3176 4500 crocodili,
3209 4443 3290 4492 vel
3325 4437 3428 4492 ibis
3453 4452 3574 4506 quae

1996 4539 2204 4579 veneno
2235 4527 2490 4592 vescitur,
2517 4534 2609 4580 aut
2635 4527 2826 4595 milvii,
2851 4536 2944 4582 aut
2966 4529 3262 4597 accipitris,
3286 4539 3379 4583 aut
3397 4530 3570 4593 corvi,

1996 4631 2116 4686 qua:
2141 4614 2360 4670 servilia
2405 4618 2458 4671 in
2486 4617 2677 4688 primis
2719 4619 2973 4672 animalia
3008 4628 3156 4683 sunt,
3198 4635 3296 4673 ncc
3340 4622 3574 4676 tortuosi

1997 4708 2233 4777 denique
2274 4723 2337 4762 ac
2380 4707 2667 4764 fmdissimi
2713 4709 3003 4778 serpentis.
3044 4709 3110 4763 Et
3153 4719 3213 4763 ut
3248 4710 3437 4781 paucis
3476 4712 3574 4766 ab-

2499 4861 2529 4912 -“
2568 4859 2696 4915 Cor.
2737 4861 2845 4913 τῶν
2885 4861 3010 4933 μηδ’
3037 4862 3156 4930 ὅψει
3229 4863 3319 4914 τὸν
3366 4864 3574 4917 ἑαυτῶν

1998 5086 2187 5158 ὥσπερ
2214 5085 2736 5158 ἀνθρωπομόρφους,
2770 5084 2943 5158 οὕτως
2981 5084 3074 5158 καί
3125 5083 3576 5158 ἀνθρωποπαθεῖς

1997 5158 2133 5228 τοὺς,
2157 5155 2332 5228 θεοὺςί
2367 5155 2715 5228 ὑποτίθενταε
2739 5171 2750 5183 '
2789 5157 2880 5208 καὶ
2933 5155 3186 5228 κ,αθᾴπερ
3231 5155 3335 5228 τὰς
3363 5159 3578 5228 μορφᾲς

1997 5226 2176 5280 αὐτῶν
2214 5227 2403 5296 ὁμοίας
2449 5228 2660 5289 ἑαυτοῖς
2695 5226 2915 5278 ἕκαστοι
2958 5225 3458 5296 διαζωγραφοῦσιν,
3501 5227 3579 5289 ὥς

1996 5314 2162 5368 φησιν
2199 5299 2229 5368 ὁ,
2247 5295 2575 5366 Ξενοφάνης,
2611 5297 2863 5368 Αἰθίοπές
2896 5297 2996 5365 (τε)
3022 5295 3256 5368 μέλανάς
3293 5313 3353 5348 τε
3385 5297 3578 5368 σιμούς

1997 5365 2078 5440 τε,
2119 5367 2333 5440 Θρᾷκές
2355 5384 2412 5440 τε
2431 5365 2672 5440 πυρροὺς
2697 5369 2792 5419 καὶ
2818 5365 3090 5440 γλαιξκοβς
3111 5365 3326 5440 ’-οὕτε-ε)ιέ
3353 5365 3453 5419 καῖ
3478 5367 3576 5428 τάξ

1997 5436 2177 5506 ψυχὰς
2228 5436 2672 5506 ὁμοιοῦσιν,καὶ¹
2731 5441 2844 5499 τοῖς
2897 5437 3081 5506 αὐτοῖς
3121 5436 3575 5506 ἀναπλάττουσιν.

1997 5505 2205 5560 Αὐτίκα
2234 5505 2499 5578 βάρϐαροι
2539 5509 2630 5575 (οἱ)
2663 5509 2763 5578 μὲν
2793 5505 3098 5578 θηριώδεις,
3127 5507 3220 5558 καὶ
3256 5505 3578 5578 ἀγρίουςτὰ

1999 5578 2125 5648 ἢθη,
2151 5571 2628 5648 ἡμερωτέρουςδὲ
2657 5571 2936 5648 Ἕλληνες,
2969 5576 3104 5646 πλὴν
3135 5571 3422 5643 ἐμπαθεῖς.
3453 5571 3575 5628 Ηεῐιίς

2003 5646 2067 5703 ad
2095 5646 2280 5704 locum
2310 5646 2630 5718 praesentem
2668 5646 2946 5703 Petavius.

3297 5813 3340 5873 7
