4018 6210
311 493 418 550 209

1719 510 2159 571 ANCORATCS.

3479 521 3585 576 210

383 616 526 681 νεῖν.
563 615 672 668 Ka‘l
715 616 766 669 τί
821 635 912 688 μοι
954 620 1022 673 τά
1068 621 1244 695 πλήθη
1285 625 1463 694 λέγειν
1503 626 1597 680 τοῦ
1643 633 1885 699 γενναίου

2068 631 2204 688 CVI.
2249 630 2389 700 Quid
2425 633 2514 689 hic
2546 635 2747 707 egregii
2777 635 2923 692 illius
2956 636 3288 706 stupratoris
3330 649 3393 691 ac
3429 653 3584 692 scor-

309 705 503 760 τούτου
544 707 822 779 φθορέως,
871 711 964 763 καὶ
990 711 1294 782 φθορείωνί
1333 716 1690 786 διδασκάλου;
1729 717 1804 776 Οὑ
1836 725 1896 776 τὺ

311 797 505 868 μνῆμα
553 798 650 852 οὐκ
690 798 893 869 ὀλίγοις
938 804 1053 857 ἐστὶ
1099 806 1288 876 δῆλον·
1328 811 1385 861 ἐν
1434 811 1630 883 Κρήτῃ
1673 813 1778 885 γάρ
1828 819 1892 886 τῇ

308 891 458 960 νήσῳ
487 891 544 944 ἐν
593 890 672 961 τῷ
718 891 834 964 ὖρει
873 894 951 965 τῷ
1001 895 1280 970 λεγομένῳ
1326 902 1553 974 Λασίῳ,
1590 905 1692 968 ἕως
1737 905 1896 978 δεῦρο

305 981 858 1040 δακτυλοδεικτεῖται.
890 988 1062 1058 Ζῆνες
1095 991 1150 1043 δὲ
1185 993 1283 1063 οὐχ
1310 992 1400 1059 εἷς
1431 995 1462 1066 ἦ
1492 996 1606 1060 δύο,
1637 997 1773 1052 ἀλλὰ
1803 1003 1895 1054 καὶ

311 1076 458 1166 τρεῖς
485 1075 579 1166 καλ.
600 1075 866 1149 τέσσαρες
890 1082 1145 1149 γεγόνασι
1165 1082 1256 1135 τὸν
1286 1085 1541 1156 ἀριθμόν.
1574 1088 1632 1140 Ὀ
1671 1089 1768 1160 μὲν
1786 1090 1894 1162 γάρ

307 1165 392 1227 εἷς
438 1165 618 1218 αὐτῶν
655 1167 927 1239 Κρονίδης
955 1171 983 1222 6
1012 1174 1433 1245 προειρημένος,
1467 1178 1494 1230 6
1533 1178 1892 1250 ταρταρώσας

305 1257 400 1309 τὸν
448 1257 579 1311 ἴδιον
628 1258 796 1313 αὑτοῦ
842 1261 1058 1334 πατέρα
1110 1265 1170 1317 ὲν
1212 1264 1290 1337 τῷ
1327 1268 1631 1340 Καυκασίῳ
1675 1271 1819 1342 ὄρει·
1866 1274 1893 1324 6

303 1347 350 1400 δ’
385 1347 542 1414 ἄλλος
570 1351 901 1423 Λατριάριος
936 1354 1046 1424 (84)
1077 1357 1387 1428 γενόμενος,
1418 1360 1478 1426 ἐξ
1508 1354 1681 1434 οὗπερ
1719 1364 1773 1416 οῖ
1801 1381 1896 1435 μο-

303 1442 534 1513 νομάχοι
569 1446 892 1514 γεγόνασιν·
923 1449 1082 1514 ἄλλος
1111 1450 1166 1504 δὲ
1201 1455 1228 1506 6
1268 1456 1568 1526 τραγῳδὸς,
1605 1458 1634 1509 6
1661 1459 1758 1512 καὶ
1796 1457 1894 1530 τὴν

301 1539 465 1609 χεῖρα
510 1539 675 1593 αὑτοῦ
711 1539 958 1606 καύσας·
1005 1546 1144 1615 τάχα
1191 1546 1248 1600 δὲ
1304 1549 1427 1614 θεὸς
1478 1549 1554 1603 ὢν
1600 1551 1895 1607 ἐπελάθετο
1944 1579 1948 1582 ~

303 1631 387 1682 ὅτι
421 1630 606 1685 δάκνει
636 1633 696 1686 τὸ
732 1633 864 1706 πῦρ,
906 1637 1002 1690 καὶ
1035 1638 1135 1692 οὑκ
1171 1633 1284 1710 εἶχε
1315 1641 1414 1712 τὴν
1450 1643 1758 1712 πρόγνωσιν
1797 1645 1892 1700 τοῦ

302 1723 557 1804 λέγοντος
582 1727 769 1798 τράγῳ
792 1728 870 1800 τῷ
893 1730 1119 1804 Σατύρῳ
1146 1734 1362 1805 εὑρόντι
1388 1736 1652 1808 πρότερον
1676 1738 1737 1791 τὸ
1758 1739 1888 1810 πῦρ,

301 1817 398 1870 καὶ
414 1818 766 1888 προσελθόντι
797 1821 1041 1892 φιλῆσαι·
1073 1825 1195 1896 «Μὴ
1221 1826 1356 1899 ἅψῃ,
1387 1829 1578 1900 τράγεο
1602 1830 1884 1901 ἁψάμενος

300 1908 411 1980 γάρ
443 1927 546 1979 μου
565 1913 876 1984 ἐμπρήσεις
905 1914 972 1967 τὰ
991 1915 1198 1984 γένεια.
1216 1937 1233 1967 ι
1277 1919 1502 1988 Ἀθηναῖ
1519 1921 1576 1974 δὲ
1600 1922 1891 1991 γεγόνασιν

2005 732 2246 780 tatorum
2283 728 2533 799 magistri
2565 728 2775 783 inﬁnita
2809 729 3013 800 ﬂagitia
3051 731 3445 799 percenseam?
3477 729 3585 786 Cu-

1997 817 2091 887 jus
2139 821 2451 890 sepulcrum
2503 821 2780 892 plerisque
2828 825 3104 893 cognitum
3151 824 3283 877 est:
3335 823 3478 894 quod
3528 823 3583 876 in

2004 910 2185 965 insula
2233 912 2395 968 Creta
2435 913 2489 967 in
2527 923 2710 969 monte
2740 913 2900 969 Lasio
2943 916 3006 970 ad
3041 915 3183 969 hanc
3225 931 3398 984 usque
3436 914 3581 969 dietn

2003 1002 2174 1073 digito
2208 1004 2580 1061 demonstrari
2625 1006 2786 1062 solet.
2834 1005 3106 1060 Caeterum
3149 1022 3259 1060 non
3296 1020 3440 1059 unus
3487 1011 3582 1056 aut

2003 1091 2144 1146 alter
2177 1091 2414 1164 Jupiter,
2452 1095 2546 1149 sed
2583 1101 2696 1148 tres
2735 1100 3040 1164 quatuorve
3080 1107 3308 1146 numero
3342 1092 3575 1147 fuerunt.

2004 1182 2247 1249 Quorum
2277 1200 2418 1240 unus
2448 1184 2742 1240 Saturnius
2768 1192 2850 1241 est.
2880 1185 2988 1245 ille,
3015 1184 3082 1239 dc
3113 1199 3220 1254 quo
3249 1185 3579 1239 mentionem

2003 1275 2258 1340 fecimus,
2302 1275 2396 1346 qui
2439 1275 2506 1330 ad
2547 1276 2855 1331 Caucasum
2898 1283 3137 1330 montem
3176 1281 3384 1345 patrem
3420 1289 3579 1329 suum

2003 1365 2056 1419 itt
2091 1365 2419 1436 profundum
2450 1366 2747 1434 demersit;
2780 1367 2916 1421 alter
2940 1365 3177 1423 Latiaris
3207 1364 3388 1419 dictus
3413 1372 3517 1428 est,
3550 1379 3581 1419 a

2002 1473 2112 1527 quo
2141 1458 2480 1528 gladiatores
2510 1458 2780 1530 originem
2805 1463 3176 1527 acceperunt;
3219 1456 3417 1510 tertius
3470 1463 3582 1508 tra-

2001 1551 2217 1620 goedus,
2263 1551 2358 1621 qui
2411 1566 2635 1605 manum
2690 1550 3018 1606 combussit.
3068 1549 3247 1604 Credo
3288 1548 3432 1604 enim
3479 1548 3580 1603 etsi

2002 1645 2139 1698 deus
2189 1649 2329 1709 erat,
2379 1643 2634 1698 mordere
2674 1643 2853 1713 ignem
2901 1642 3107 1697 oblitus
3152 1642 3354 1708 fuerat;
3404 1656 3582 1710 neque

2001 1735 2148 1790 istud
2201 1741 2589 1805 praesenserat,
2627 1734 2775 1805 quod
2816 1734 2968 1789 hirco
3007 1731 3203 1805 Satyro
3237 1736 3329 1803 qui
3370 1733 3580 1802 primus

2001 1828 2178 1898 ignem
2230 1835 2532 1898 repercrat,
2587 1825 2653 1880 ad
2701 1826 3064 1880 osculandum
3109 1825 3388 1880 accedenti
3439 1823 3580 1894 ignis

2000 1919 2131 1972 olim
2158 1917 2366 1972 dixisse
2394 1917 2555 1987 109
2579 1917 2785 1972 fertur:
2824 1915 2932 1972 «Nc
2952 1917 3216 1986 attigeris,
3237 1915 3418 1976 hirce;
3452 1930 3576 1967 nam

299 2003 361 2054 οὐ
396 2004 516 2072 μία,
549 2004 684 2058 ἀλλὰ
724 2007 950 2061 πολλαί·
989 2009 1089 2080 μία
1128 2009 1228 2080 μὲν
1262 2011 1600 2083 ῥεμϐομένη.
1638 2015 1732 2068 καὶ
1763 2015 1885 2085 περὶ

1998 2012 2043 2068 si
2088 2027 2174 2066 me
2200 2010 2522 2082 contigeris,
2543 2011 2769 2065 barbam
2799 2021 2949 2066 tuam
2981 2011 3235 2064 adures.»
3279 2007 3396 2061 Jam
3428 2009 3573 2077 quod

296 2093 399 2164 τὴν
424 2094 724 2165 Τριτωνίδα
749 2098 946 2170 λίμνην
974 2100 1264 2172 ἀλωμένη⁶
1292 2103 1427 2174 άλλη
1450 2105 1505 2158 δὲ
1539 2107 1570 2176 ή
1607 2106 1887 2172 Ὠκεανοῦ,

296 2186 463 2256 ἑτέρα
511 2189 568 2242 δὲ
606 2191 640 2260 ή
670 2191 914 2261 Κρόνου,
965 2194 1061 2246 καὶ
1103 2194 1295 2249 πολλαὶ
1330 2196 1510 2253 ἄλλαι.
1573 2199 1890 2271 Ἀρτέμιδες

298 2278 514 2344 πολλαὶ,
545 2281 644 2353 μία
680 2282 780 2354 μὲν
815 2285 848 2356 ή
883 2285 1127 2354 Ἐφεσία,
1163 2287 1298 2362 άλλη
1328 2289 1384 2344 δὲ
1425 2293 1458 2362 ή
1490 2291 1584 2344 τοῦ
1615 2293 1758 2356 Διὸς,
1793 2294 1892 2347 καὶ

295 2371 458 2425 ἄλλαι
491 2373 752 2440 ὡσαύτως
788 2377 889 2431 οὐκ
908 2377 1107 2448 ὀλίγαι.
1135 2381 1249 2434 Καὶ
1274 2381 1532 2445 Διόνυσος
1570 2384 1598 2435 6
1628 2383 1886 2455 Θηϐαῖος,

296 2462 460 2527 ἄλλος
492 2465 546 2517 δὲ
588 2468 616 2519 6
651 2467 918 2539 Σεμέλης,
963 2471 990 2522 6
1029 2469 1121 2522 ἐπὶ
1164 2470 1272 2524 τῶν
1313 2473 1699 2545 Κορυϐάντων,
1736 2476 1830 2530 καὶ
1859 2479 1890 2530 6

295 2554 405 2608 ὑπὸ
441 2555 552 2608 τῶν
580 2557 823 2612 Τιτάνων
851 2557 1233 2631 διασπώμενος
1268 2564 1362 2616 καὶ
1399 2565 1703 2636 Κουρήτων
1729 2568 1757 2619 6
1787 2567 1888 2638 τήν

294 2646 664 2720 κληρονομίαν
697 2651 865 2720 μείων
891 2655 931 2706 ³.
973 2653 1247 2726 Ἡρακλῆς
1282 2655 1339 2708 δὲ
1367 2657 1394 2709 6
1429 2655 1725 2729 λεγόμενος
1753 2662 1886 2732 παρ’

291 2739 487 2804 αὐτοῖς
528 2741 899 2810 Ἀλεξίκακος,
931 2740 991 2798 οὗ
1017 2746 1118 2811 τὰς
1155 2748 1386 2819 πράξεις
1422 2751 1605 2815 πάσας
1641 2752 1886 2806 ἀποσιω-

294 2833 490 2903 πήσω·
528 2834 657 2906 μίαν
690 2836 747 2890 δὲ
788 2838 896 2891 ἀπὸ
951 2841 1140 2894 πασῶν
1167 2841 1278 2896 τῶν
1326 2845 1458 2915 παρ’
1514 2845 1697 2910 αὑτοῖς
1743 2847 1886 2917 τάχα

292 2927 699 2999 ἐπαινουμένην
725 2929 1010 2998 ὑποδείξω.
1048 2933 1102 2984 Ἀ
1114 2933 1298 3005 ρκέσει
1325 2935 1498 3007 τούτῳ
1522 2937 1613 2991 τὸν
1635 2938 1885 3010 κάματον

290 3018 483 3072 τοῦτον
518 3021 846 3094 ὑποστῆναι,
883 3025 970 3078 ἴνα
1001 3025 1079 3098 τῷ
1127 3026 1228 3098 βίῳ
1263 3029 1508 3099 σωτηρία
1532 3030 1776 3101 γένηται.
1821 3033 1886 3086 Εἰ

293 3111 371 3182 μὴ
402 3111 510 3185 γάρ
534 3113 784 3186 ἔφθειρεν
804 3117 861 3169 ἐν
889 3121 988 3189 μιᾷ
1010 3119 1166 3171 νυκτὶ
1187 3121 1524 3190 πεντήκοντα
1543 3121 1652 3192 (85)
1678 3123 1887 3195 παρθέ-

289 3221 439 3268 νους,
468 3205 587 3269 πῶς
617 3208 646 3259 ὁ
671 3207 877 3280 κόσμος
903 3207 1170 3280 ὲσώζετο;
1195 3213 1413 3267 Μᾶλλον
1435 3214 1490 3267 δὲ
1523 3214 1735 3268 ὀλώλει.
1775 3217 1886 3271 Καὶ

289 3293 501 3359 ἁπλῶς,
545 3296 792 3367 ὁμολογῶ
821 3316 937 3365 σοι,
988 3303 1275 3373 περικακῶ
1325 3305 1426 3368 τάς
1481 3305 1659 3369 κακὰς
1705 3305 1884 3358 αὐτῶν

289 3386 522 3458 πράξεις
574 3391 949 3465 καταλογάδην
997 3395 1336 3467 ἀναγράψαι.
1387 3399 1507 3451 Ἔτι
1549 3399 1606 3452 δὲ
1643 3397 1882 3468 βασιλεῖς

289 3480 386 3532 καὶ
430 3479 690 3552 τύραννοι
722 3483 1089 3554 ἀπηνέστατοι
1128 3489 1498 3560 ὲπιποθήτους
1529 3488 1682 3552 τινάς
1719 3491 1883 3562 ἐσχη-

287 3573 468 3639 κότες,
504 3575 599 3627 καὶ
628 3574 852 3640 τούτους
883 3578 942 3630 ὲν
972 3582 1042 3650 γῇ
1074 3580 1494 3651 κατορύξαντες,
1533 3582 1696 3636 πλέον
1723 3599 1775 3635 τι
1805 3583 1880 3655 μὴ

285 3660 507 3729 ἔχοντες
530 3661 742 3727 τούτοις
765 3667 1114 3735 χαρίσασθαι,
1141 3665 1228 3722 οἷα
1254 3670 1317 3741 δὴ
1351 3671 1445 3724 καὶ
1472 3671 1626 3726 αὐτοὶ
1651 3673 1881 3746 φθαρτοὶ

287 3753 649 3819 κατἰαὑτοὺς
687 3755 876 3821 ὄντες,
925 3760 1006 3822 είς
1051 3761 1149 3831 τὴν
1198 3762 1427 3816 ἐκείνων
1483 3762 1698 3818 εὔνοιαν
1753 3767 1881 3830 τοὺς

284 3850 495 3919 τάφους
537 3850 720 3906 αὑτῶν
758 3853 851 3904 ἐπὶ
895 3852 1074 3926 πλάνῃ
1120 3855 1217 3909 τοῦ
1265 3855 1380 3926 βίου
1425 3859 1541 3921 τοῖς
1573 3857 1725 3923 ίδίοις
1775 3859 1880 3912 ὑπ-

282 3943 475 4009 ηκόοις
499 3942 590 3995 ἐπὶ
615 3946 759 4016 κακῇ
787 3946 1060 4016 προφάσει
1078 3947 1264 4010 κακῶς
1283 3947 1684 4019 θρησκεύεσθαι
1709 3968 1879 4021 παραυ

281 4031 606 4088 δεδώκασιν.
653 4034 742 4099 Ὠς
777 4038 806 4089 6
845 4035 1113 4101 Ἀντίνοος
1142 4039 1170 4091 6
1207 4040 1264 4091 έν
1300 4039 1572 4092 Ἀντινόου
1615 4043 1877 4112 κεκηδευ-

292 4125 478 4194 μένος,
504 4125 599 4179 καὶ
633 4125 731 4179 σὺν
762 4125 1028 4197 λουσορίῳ
1057 4127 1228 4198 πλοίῳ
1258 4129 1508 4200 κείμενος
1535 4131 1639 4184 ὑπὸ
1677 4132 1882 4204 ’Λδρια-

282 4216 379 4270 νοῦ
418 4215 593 4282 οὕτως
628 4219 926 4289 κατετάγη.
969 4219 1288 4291 Τιμαγένης
1327 4222 1384 4275 δὲ
1437 4229 1494 4276 έν
1535 4223 1723 4294 Ἀσίᾳ·
1766 4225 1881 4279 Κά-

281 4309 460 4373 νωϐός
495 4328 553 4363 τε
585 4312 613 4362 6
635 4311 913 4365 Μενελάου
938 4310 1300 4384 κυϐερνήτης,
1328 4315 1422 4367 καὶ
1453 4315 1485 4384 ἡ
1514 4315 1707 4369 τούτου
1741 4316 1879 4388 γυνὴ

285 4401 624 4472 Εὑμενουθὶς
674 4403 732 4455 ὲν
789 4401 1169 4475 Ἀλεξανδρείᾳ
1214 4403 1547 4475 τεθαμμένοι
1608 4407 1878 4476 τιμῶνται

283 4495 428 4565 πρὸς
460 4496 527 4564 τῇ
554 4493 688 4566 ὄχθῃ
734 4494 834 4564 τῆς
874 4493 1172 4566 θαλάσσης,
1198 4495 1307 4550 ἀπὸ
1353 4495 1580 4550 δεκαδύο
1634 4499 1877 4570 σημείων

279 4585 594 4649 διεστῶτες.
617 4586 726 4639 Kal.
751 4587 982 4660 Μαρνᾶς
1003 4586 1191 4652 δοῦλος
1222 4588 1503 4660 Ἀστερίου
1529 4591 1624 4644 τοῦ
1658 4592 1875 4664 Κρητὸς

1992 2104 2060 2158 ad
2100 2102 2396 2157 Minervam
2449 2102 2708 2172 pertinet,
2762 2118 2864 2156 nec
2916 2101 3008 2154 illa
3056 2101 3276 2170 quidem
3324 2099 3574 2168 simplex,

1992 2195 2084 2250 sed
2114 2193 2357 2264 ejusdem
2393 2192 2632 2247 nominis
2660 2192 2972 2261 complures
3001 2197 3413 2245 enumerantur.
3441 2187 3574 2240 Nam

1991 2285 2099 2338 alia
2130 2298 2265 2353 vaga
2310 2290 2365 2337 et
2407 2281 2471 2337 ad
2499 2280 2805 2336 Tritoniam
2840 2281 3092 2350 paludem
3133 2280 3402 2334 oberrans
3437 2277 3530 2330 fuit
3561 2295 3573 2341 ;

1990 2375 2233 2432 secunda
2258 2373 2462 2430 Oceani
2489 2373 2595 2428 ﬁlia
2620 2392 2634 2440 ;
2661 2374 2765 2427 alia
2794 2371 3042 2437 Saturni,
3076 2381 3134 2426 ut
3165 2380 3392 2426 czeleras
3417 2369 3577 2425 omit-

1989 2477 2124 2524 tam.
2169 2467 2357 2522 Diante
2396 2475 2659 2539 praeterea
2701 2466 2888 2538 plures
2933 2467 3099 2520 etiam
3145 2467 3496 2521 exstiterunt.
3531 2461 3574 2515 E

1988 2559 2189 2630 quibus
2217 2561 2323 2614 alia
2368 2560 2472 2614 fuit
2504 2558 2762 2629 Ephesia,
2802 2555 2953 2612 Jovis
2985 2557 3153 2610 altera
3192 2555 3320 2620 ﬁlia,
3365 2562 3419 2610 et
3454 2554 3574 2607 aliae

1988 2654 2248 2724 deinceps
2272 2653 2418 2708 haud
2442 2668 2649 2722 paucae.
2679 2651 2927 2706 Bacchus
2954 2664 3084 2704 vero
3111 2647 3406 2701 Thebanus
3433 2645 3572 2699 alius

1988 2744 2124 2809 fuit,
2160 2746 2303 2799 alius
2339 2745 2582 2800 Semeles
2616 2744 2782 2805 ﬁlius,
2811 2743 3005 2796 tertius
3034 2739 3404 2810 Corybantum
3438 2751 3571 2806 prae-

1989 2853 2078 2893 ses
2106 2856 2118 2891 :
2146 2844 2259 2890 tttm
2289 2851 2320 2889 a
2348 2834 2642 2890 Titanibus
2666 2843 2720 2889 et
2748 2833 3040 2888 Curetibus
3066 2830 3377 2899 discerptus
3402 2829 3567 2890 alius,

1989 2929 2076 2982 cui
2104 2928 2338 2982 laniena:
2369 2943 2433 2982 ac
2460 2927 2849 2983 viseerationis
2881 2924 3141 2994 mysteria
3177 2923 3268 2975 illa
3298 2921 3563 2976 serviunt.

1988 3017 2239 3073 llerculis
2269 3034 2421 3084 vero,
2473 3034 2634 3088 quem
2684 3017 2774 3071 isti
2827 3016 3203 3069 Averrtmcum
3259 3014 3565 3076 nominant,

1988 3109 2214 3179 reliquis
2269 3108 2524 3163 omnibus
2579 3105 2812 3178 egregiis
2874 3104 3036 3158 l'actis
3091 3102 3339 3165 omissis,
3395 3116 3565 3153 unum

1986 3201 2271 3265 duntaxat,
2317 3199 2482 3270 quod,
2536 3207 2595 3253 ut
2643 3200 2857 3269 opinor,
2900 3194 3201 3267 prredicare
3249 3193 3324 3246 illi
3367 3192 3564 3256 solent,

1986 3293 2177 3364 paucis
2207 3293 2492 3362 attingam.
2530 3290 2698 3362 Igitur
2732 3289 2868 3345 satis
2901 3288 2978 3342 illi
3013 3286 3175 3341 fuerit
3210 3285 3274 3338 ad
3318 3284 3568 3337 humana:

1987 3387 2110 3440 vita:
2141 3383 2638 3454 reprtesentandam
2680 3382 2912 3437 salutem
2949 3379 3219 3448 ingentem
3257 3375 3567 3444 SttSt-epissc

1984 3474 2252 3529 laborent.
2303 3472 2419 3528 Nisi
2463 3473 2609 3527 enim
2654 3469 2844 3526 eadem
2884 3475 3045 3524 nocte
3080 3475 3299 3521 centum
3342 3472 3566 3519 constu-

1985 3595 2199 3659 prassct
2241 3587 2508 3657 virgines,
2561 3599 2800 3656 quonam
2852 3590 3012 3653 pacto
3065 3578 3308 3634 mundus
3351 3577 3562 3633 servari

1987 3679 2294 3751 potuisset?
2325 3678 2438 3733 lmo
2466 3693 2596 3733 vero
2641 3675 2890 3730 funditus
2924 3681 3070 3727 esset
3103 3671 3431 3726 exstinctus.
3471 3668 3568 3721 At-

1982 3788 2109 3841 que,
2152 3779 2211 3826 ut
2247 3785 2359 3825 uno
2397 3769 2564 3826 verbo
2593 3768 2796 3830 dicam,
2837 3765 3014 3821 fateor
3044 3779 3131 3819 me
3176 3764 3228 3817 in
3263 3773 3372 3817 tam
3411 3762 3567 3816 dcte-

1984 3863 2199 3919 standis
2229 3863 2448 3917 illorunt
2489 3859 2832 3915 facinoribus
2865 3855 3260 3928 persequendis
3307 3868 3428 3913 esse
3467 3852 3564 3907 de—

1985 3958 2215 4014 fessum.
2247 3955 2475 4011 Accedit
2509 3954 2575 4008 ad
2610 3953 2894 4022 superiora
2924 3950 3129 4015 omnia,
3177 3947 3324 4018 quod
3357 3945 3566 4016 princi-

1983 4063 2079 4117 pes
2105 4047 2326 4117 quidam
2351 4053 2404 4100 et
2436 4041 2818 4099 immanissimi
2852 4039 3068 4112 tyranni
3098 4055 3234 4110 quos
3263 4038 3317 4090 in
3353 4035 3564 4090 deliciis

1985 4137 2314 4200 habuerant,
2351 4151 2476 4190 cum
2511 4141 2761 4189 mortuos
2809 4130 3154 4201 sepelissent,
3195 4143 3373 4197 neque
3402 4127 3566 4200 quid-

1982 4242 2146 4298 quam
2182 4227 2251 4281 iis
2281 4226 2519 4298 amplius
2554 4223 2852 4296 gratiﬁcari
2886 4230 3130 4293 possent,
3166 4228 3355 4290 utpote
3383 4218 3476 4288 qui
3511 4225 3565 4272 et

1983 4319 2086 4391 ipsi
2116 4319 2381 4376 mortales
2402 4326 2587 4374 essent
2611 4335 2625 4384 ;
2651 4331 2752 4388 pro
2777 4316 3112 4372 inﬂammato
3136 4313 3190 4368 in
3220 4313 3344 4367 illos
3377 4327 3564 4365 amore

1980 4427 2104 4477 suo,
2143 4412 2481 4467 monimenta
2505 4411 2722 4466 illorum
2757 4424 2820 4465 ac
2859 4409 3110 4480 sepulcra
3141 4407 3281 4478 apud
3312 4404 3561 4460 subditos

1979 4504 2084 4560 sibi
2117 4505 2348 4576 populos
2371 4503 2628 4574 pessimis
2662 4503 2730 4558 de
2751 4503 2936 4558 causis
2964 4501 3020 4555 in
3053 4498 3406 4555 veneratione
3441 4511 3564 4551 esse

1991 4597 2310 4662 voluerunt,
2344 4612 2411 4652 ex
2440 4611 2548 4666 quo
2574 4599 2767 4666 ingens
2801 4594 2857 4648 in
2886 4592 3172 4647 hominum
3208 4591 3374 4644 vitam
3409 4603 3564 4644 error

282 4681 438 4750 παρὰ
472 4678 761 4746 Γαζαίοις·
801 4681 1009 4746 Κάσιος
1039 4679 1097 4735 δὲ
1129 4680 1158 4734 ὁ
1206 4680 1516 4754 ναύκληρος
1566 4684 1720 4756 παρὰ
1760 4687 1875 4758 Πη-

1993 4690 2327 4745 introductus
2349 4697 2454 4745 est.
2494 4687 2577 4743 Ad
2606 4688 2751 4742 hunc
2781 4685 3000 4742 modum
3033 4683 3305 4738 Antinous
3341 4681 3393 4734 in
3429 4679 3564 4734 urbe

280 4768 628 4836 λουσιώταις.

1993 4781 2062 4835 sui
2128 4780 2370 4835 nominis
2438 4795 2561 4834 cum
2625 4778 2835 4832 lusoria
2902 4775 3119 4845 navigio
3179 4773 3427 4843 sepultus
3495 4771 3564 4824 ab

283 4864 531 4920 Adriano
564 4866 618 4920 in
652 4866 878 4923 deorum
905 4883 1192 4925 numerum
1225 4871 1428 4927 relatus
1453 4877 1556 4927 est.
1605 4868 1906 4944 Itidemque
1939 4873 2268 4945 Timagenes
2310 4874 2368 4942 in,
2388 4872 2538 4939 Asia,
2574 4879 2628 4926 et
2661 4869 2918 4925 Canobus
2966 4867 3192 4923 Menelai
3230 4867 3564 4938 gubernator

283 4975 412 5015 cum
467 4974 639 5015 uxore
674 4975 775 5015 sua
819 4959 1220 5018 Eumenuthide
1295 4964 1364 5019 ad
1415 4963 1804 5020 Alexandriam
1866 4967 2067 5038 sepulti
2111 4981 2280 5037 prope
2323 4965 2479 5020 littus
2540 4961 2869 5018 duodecimo
2917 4961 2987 5014 ab
3036 4959 3172 5014 urbe
3229 4957 3432 5028 lapide,
3477 4955 3561 5010 di-

278 5058 414 5112 vino
449 5057 601 5112 cultu
634 5067 1048 5114 consecrantur.
1078 5056 1296 5114 Marnas
1339 5060 1541 5116 Asterii
1583 5059 1866 5117 Cretensis
1904 5077 2101 5118 servus
2147 5061 2292 5132 apud
2327 5058 2579 5127 Gazzeos,
2615 5057 2814 5114 Casius
2862 5055 3161 5112 nauclerus
3197 5069 3228 5108 a
3272 5053 3562 5110 Pelusiutis

279 5152 507 5206 colitur.
845 5173 864 5192 ο
2247 5161 2250 5164 ‘

351 5243 474 5300 PZ'.
516 5246 704 5300 Ταῦτα
758 5243 854 5300 οὖν
893 5245 1072 5302 πάντα
1127 5249 1258 5303 ὅταν
1310 5248 1450 5322 μέσῃ
1484 5252 1550 5322 τῇ
1603 5250 1873 5323 ἐκκλησίᾳ

279 5335 608 5408 ἀκριϐοῦται
637 5337 680 5403 ³,
715 5337 886 5393 κακὸν
917 5339 1224 5411 ὑπόδειγμα
1256 5341 1561 5414 θανασίμης
1593 5341 1712 5396 ὁδοῦ
1744 5344 1873 5407 τοὺς

279 5427 426 5482 οὕτω
455 5428 832 5501 προαχθέντας
871 5430 1189 5486 ὑπολύεται.
1239 5432 1471 5497 ’Ἄλλους
1509 5433 1566 5486 δὲ
1610 5435 1720 5487 ἀπὸ
1752 5452 1873 5506 μοι·

278 5520 434 5591 χείας
455 5522 537 5585 είς
561 5521 918 5594 σωφροσύνην
945 5522 1163 5596 φέρετε,
1200 5523 1294 5577 καὶ
1330 5524 1405 5595 μὴ
1434 5524 1595 5596 μόνον
1617 5523 1711 5579 τοῦ
1742 5526 1869 5579 κλε-

2051 5245 2208 5306 CVII.
2251 5246 2352 5302 His
2382 5246 2640 5302 omnibus
2681 5244 2864 5300 media
2903 5243 2959 5298 in
2994 5242 3229 5298 ecclesia
3270 5242 3560 5312 diligenter

1975 5338 2287 5408 explicatis,
2334 5338 2495 5409 longe
2536 5338 2836 5408 pessimum
2881 5335 2983 5390 viae
3025 5335 3204 5390 letalis
3249 5337 3556 5405 exemplum

1976 5433 2045 5487 iis
2076 5431 2172 5500 qui
2201 5431 2270 5486 ad
2309 5445 2434 5486 eum
2471 5430 2692 5485 modunt
2743 5427 2954 5483 inducti
3003 5427 3398 5498 depravatique
3441 5426 3558 5480 fue-

1974 5525 2106 5591 rint,
2136 5524 2288 5581 velut
2327 5523 2760 5579 calceamentum
2796 5522 3013 5577 solvite.
3047 5521 3198 5576 Alios
3237 5519 3306 5572 ab
3345 5516 3558 5575 adulta!

349 5677 367 5706 ¹
400 5675 533 5732 Cor.
569 5674 833 5748 φθορέων.
910 5679 931 5709 ²
959 5675 1087 5734 Cor.
1123 5677 1468 5750 κρεωνομίαν
1504 5678 1673 5751 μυῶν.
1755 5679 1774 5712 ³
1800 5678 1860 5734 F.
1897 5679 2214 5750 ἀκριϐοῦτε,
2244 5685 2297 5734 el.
2323 5676 2605 5732 ὑπολύετε.

351 5831 472 5909 ρει)
513 5831 578 5886 '0
623 5831 676 5886 δ’
712 5835 902 5909 ἇλτῑος
930 5835 1300 5909 Λατριάριος.
1340 5835 1486 5891 Idem
1529 5834 1730 5909 Scalig.
1763 5838 1872 5909 Aa.-

281 5905 494 5980 τιᾲριος
522 5905 832 5980 emendavit
865 5919 964 5974 pro
993 5907 1335 5980 πατριάριος,
1363 5923 1525 5980 quem
1560 5914 1617 5962 tu
1644 5905 1871 5965 consule

285 5973 354 6028 ad
383 5973 518 6030 ann.
549 5973 673 6030 876.
711 5973 914 6030 νων.

2046 5836 2158 5909 (85)
2198 5835 2605 5904 Πεντήκοντα,
2639 5831 3059 5906 quinquaginta,
3084 5843 3192 5884 non
3222 5837 3401 5886 autem
3432 5843 3553 5882 ceu:-

1976 5917 2106 5963 tum.
