  <div class='ocr_page' id='page_1' title='image "/cluster/home/n/w/nwhite01/storage/ocr_20150623/43/mdp.39015013284818/135.png"; bbox 0 0 4018 6210; ppageno 0'>
   <div class='ocr_carea' id='block_1_1' title="bbox 3588 457 3763 513">
    <p class='ocr_par' dir='ltr' id='par_1_1' title="bbox 3588 457 3763 513">
     <span class='ocr_line' id='line_1_1' title="bbox 3588 457 3763 513; baseline -0.006 -1"><span class='ocrx_word' id='word_1_1' title='bbox 3588 472 3609 483; x_wconf 69' lang='lat'><em>’</em></span> <span class='ocrx_word' id='word_1_2' title='bbox 3656 457 3763 513; x_wconf 63' lang='grc' dir='ltr'><strong>ΞΗ.</strong></span> 
     </span>
    </p>
   </div>
   <div class='ocr_carea' id='block_1_2' title="bbox 494 457 2366 533">
    <p class='ocr_par' dir='ltr' id='par_1_2' title="bbox 494 457 2366 533">
     <span class='ocr_line' id='line_1_2' title="bbox 494 457 2366 533; baseline -0.01 -1"><span class='ocrx_word' id='word_1_3' title='bbox 494 475 594 533; x_wconf 68' lang='grc' dir='ltr'><strong>ΞΗ</strong></span> <span class='ocrx_word' id='word_1_4' title='bbox 1919 459 1977 512; x_wconf 90' lang='lat' dir='ltr'><strong>S.</strong></span> <span class='ocrx_word' id='word_1_5' title='bbox 2018 457 2366 514; x_wconf 82' lang='lat' dir='ltr'>EPIPIIANII</span> 
     </span>
    </p>
   </div>
   <div class='ocr_carea' id='block_1_3' title="bbox 494 571 2074 661">
    <p class='ocr_par' dir='ltr' id='par_1_3' title="bbox 494 575 2073 661">
     <span class='ocr_line' id='line_1_3' title="bbox 494 575 2073 661; baseline -0.011 -11"><span class='ocrx_word' id='word_1_6' title='bbox 494 609 597 650; x_wconf 84' lang='lat' dir='ltr'><strong>rus</strong></span> <span class='ocrx_word' id='word_1_7' title='bbox 632 590 698 647; x_wconf 89' lang='lat' dir='ltr'><strong>ad</strong></span> <span class='ocrx_word' id='word_1_8' title='bbox 730 587 1046 661; x_wconf 69' lang='lat' dir='ltr'><strong>pudicitiam</strong></span> <span class='ocrx_word' id='word_1_9' title='bbox 1083 584 1375 641; x_wconf 89' lang='lat' dir='ltr'><strong>traducite.</strong></span> <span class='ocrx_word' id='word_1_10' title='bbox 1410 580 1596 652; x_wconf 86' lang='lat' dir='ltr'><strong>Neque</strong></span> <span class='ocrx_word' id='word_1_11' title='bbox 1624 579 1800 647; x_wconf 79' lang='lat' dir='ltr'><strong>solum</strong></span> <span class='ocrx_word' id='word_1_12' title='bbox 1838 576 1907 631; x_wconf 88' lang='lat' dir='ltr'><strong>ah</strong></span> <span class='ocrx_word' id='word_1_13' title='bbox 1936 575 2073 632; x_wconf 86' lang='lat' dir='ltr'><strong>alie-</strong></span> 
     </span>
    </p>
   </div>
   <div class='ocr_carea' id='block_1_4' title="bbox 2179 571 3764 661">
    <p class='ocr_par' dir='ltr' id='par_1_4' title="bbox 2179 571 3764 648">
     <span class='ocr_line' id='line_1_4' title="bbox 2179 571 3764 648; baseline -0.001 -20"><span class='ocrx_word' id='word_1_14' title='bbox 2179 577 2441 648; x_wconf 70' lang='grc' dir='ltr'>ψιγαμεῖν</span> <span class='ocrx_word' id='word_1_15' title='bbox 2489 576 2689 639; x_wconf 75' lang='grc' dir='ltr'>αὐτοὺς</span> <span class='ocrx_word' id='word_1_16' title='bbox 2718 574 3127 639; x_wconf 83' lang='grc' dir='ltr'>ἀπαλλάττετε,</span> <span class='ocrx_word' id='word_1_17' title='bbox 3166 571 3303 626; x_wconf 80' lang='grc' dir='ltr'>ἀλλὰ</span> <span class='ocrx_word' id='word_1_18' title='bbox 3345 571 3442 626; x_wconf 75' lang='grc' dir='ltr'><strong>καὶ</strong></span> <span class='ocrx_word' id='word_1_19' title='bbox 3501 571 3637 635; x_wconf 78' lang='grc' dir='ltr'>ἰδίας</span> <span class='ocrx_word' id='word_1_20' title='bbox 3662 572 3764 643; x_wconf 76' lang='grc' dir='ltr'>τῆς</span> 
     </span>
    </p>
   </div>
   <div class='ocr_carea' id='block_1_5' title="bbox 492 664 2074 753">
    <p class='ocr_par' dir='ltr' id='par_1_5' title="bbox 492 670 2074 753">
     <span class='ocr_line' id='line_1_5' title="bbox 492 670 2074 753; baseline -0.012 -11"><span class='ocrx_word' id='word_1_21' title='bbox 492 687 582 742; x_wconf 87' lang='lat' dir='ltr'><strong>nis</strong></span> <span class='ocrx_word' id='word_1_22' title='bbox 627 681 899 739; x_wconf 78' lang='lat' dir='ltr'><strong>viclandis</strong></span> <span class='ocrx_word' id='word_1_23' title='bbox 946 679 1217 753; x_wconf 72' lang='lat' dir='ltr'><strong>coniugiis</strong></span> <span class='ocrx_word' id='word_1_24' title='bbox 1273 675 1568 741; x_wconf 86' lang='lat' dir='ltr'><strong>abducite,</strong></span> <span class='ocrx_word' id='word_1_25' title='bbox 1633 672 1727 728; x_wconf 89' lang='lat' dir='ltr'><strong>sed</strong></span> <span class='ocrx_word' id='word_1_26' title='bbox 1777 679 1835 727; x_wconf 93' lang='lat' dir='ltr'><strong>et</strong></span> <span class='ocrx_word' id='word_1_27' title='bbox 1886 676 1946 724; x_wconf 92' lang='lat' dir='ltr'><strong>ut</strong></span> <span class='ocrx_word' id='word_1_28' title='bbox 2009 670 2074 725; x_wconf 79' lang='lat' dir='ltr'><strong>ab</strong></span> 
     </span>
    </p>
   </div>
   <div class='ocr_carea' id='block_1_6' title="bbox 2179 664 3765 753">
    <p class='ocr_par' dir='ltr' id='par_1_6' title="bbox 2180 664 3765 740">
     <span class='ocr_line' id='line_1_6' title="bbox 2180 664 3765 740; baseline -0.001 -18"><span class='ocrx_word' id='word_1_29' title='bbox 2180 667 2326 724; x_wconf 88' lang='grc' dir='ltr'><strong>κατά</strong></span> <span class='ocrx_word' id='word_1_30' title='bbox 2376 667 2539 738; x_wconf 85' lang='grc' dir='ltr'>φύσιν</span> <span class='ocrx_word' id='word_1_31' title='bbox 2577 668 2985 740; x_wconf 81' lang='grc' dir='ltr'><strong>καταφρονεῖν,</strong></span> <span class='ocrx_word' id='word_1_32' title='bbox 3019 666 3094 730; x_wconf 84' lang='grc' dir='ltr'>ὡς</span> <span class='ocrx_word' id='word_1_33' title='bbox 3151 664 3231 719; x_wconf 79' lang='grc' dir='ltr'>ἔτι</span> <span class='ocrx_word' id='word_1_34' title='bbox 3290 667 3324 720; x_wconf 87' lang='grc' dir='ltr'><strong>ό</strong></span> <span class='ocrx_word' id='word_1_35' title='bbox 3360 664 3566 734; x_wconf 78' lang='grc' dir='ltr'>καιρὸς</span> <span class='ocrx_word' id='word_1_36' title='bbox 3614 679 3765 720; x_wconf 75' lang='grc' dir='ltr'><strong>συν-</strong></span> 
     </span>
    </p>
   </div>
   <div class='ocr_carea' id='block_1_7' title="bbox 492 757 2074 846">
    <p class='ocr_par' dir='ltr' id='par_1_7' title="bbox 492 762 2074 846">
     <span class='ocr_line' id='line_1_7' title="bbox 492 762 2074 846; baseline -0.008 -17"><span class='ocrx_word' id='word_1_37' title='bbox 492 773 755 846; x_wconf 74' lang='lat' dir='ltr'><strong>legitimae</strong></span> <span class='ocrx_word' id='word_1_38' title='bbox 786 772 977 829; x_wconf 81' lang='lat' dir='ltr'><strong>uxoris</strong></span> <span class='ocrx_word' id='word_1_39' title='bbox 1023 768 1423 828; x_wconf 83' lang='lat' dir='ltr'><strong>consuetudine</strong></span> <span class='ocrx_word' id='word_1_40' title='bbox 1470 764 1782 821; x_wconf 83' lang='lat' dir='ltr'><strong>abstineant</strong></span> <span class='ocrx_word' id='word_1_41' title='bbox 1818 762 2074 819; x_wconf 78' lang='lat' dir='ltr'><strong>cohorta-</strong></span> 
     </span>
    </p>
   </div>
   <div class='ocr_carea' id='block_1_8' title="bbox 2179 757 3763 846">
    <p class='ocr_par' dir='ltr' id='par_1_8' title="bbox 2179 757 3763 832">
     <span class='ocr_line' id='line_1_8' title="bbox 2179 757 3763 832; baseline -0.003 -17"><span class='ocrx_word' id='word_1_42' title='bbox 2179 760 2550 831; x_wconf 73' lang='grc' dir='ltr'>εσταλμένος</span> <span class='ocrx_word' id='word_1_43' title='bbox 2583 760 2731 815; x_wconf 79' lang='grc' dir='ltr'>ἐστὶν</span> <span class='ocrx_word' id='word_1_44' title='bbox 2754 800 2771 827; x_wconf 92' lang='grc'><strong>,</strong></span> <span class='ocrx_word' id='word_1_45' title='bbox 2819 759 2896 827; x_wconf 81' lang='grc' dir='ltr'>ὥς</span> <span class='ocrx_word' id='word_1_46' title='bbox 2936 776 3101 832; x_wconf 80' lang='grc' dir='ltr'>φησιν</span> <span class='ocrx_word' id='word_1_47' title='bbox 3133 760 3162 812; x_wconf 91' lang='lat'><strong>6</strong></span> <span class='ocrx_word' id='word_1_48' title='bbox 3219 758 3363 830; x_wconf 78' lang='grc' dir='ltr'>ἱερὸς</span> <span class='ocrx_word' id='word_1_49' title='bbox 3409 757 3494 814; x_wconf 67' lang='lat' dir='ltr'><strong>‘Ar</strong></span> <span class='ocrx_word' id='word_1_50' title='bbox 3508 758 3763 823; x_wconf 73' lang='grc' dir='ltr'>ύστολος·</span> 
     </span>
    </p>
   </div>
   <div class='ocr_carea' id='block_1_9' title="bbox 493 855 2078 937">
    <p class='ocr_par' dir='ltr' id='par_1_9' title="bbox 493 855 2078 937">
     <span class='ocr_line' id='line_1_9' title="bbox 493 855 2078 937; baseline -0.006 -18"><span class='ocrx_word' id='word_1_51' title='bbox 493 866 645 921; x_wconf 89' lang='lat' dir='ltr'><strong>tione</strong></span> <span class='ocrx_word' id='word_1_52' title='bbox 682 876 866 922; x_wconf 89' lang='lat' dir='ltr'><strong>vestra</strong></span> <span class='ocrx_word' id='word_1_53' title='bbox 905 865 1191 937; x_wconf 81' lang='lat' dir='ltr'><strong>perﬁcito:</strong></span> <span class='ocrx_word' id='word_1_54' title='bbox 1236 860 1460 930; x_wconf 79' lang='lat' dir='ltr'><strong>Tempus</strong></span> <span class='ocrx_word' id='word_1_55' title='bbox 1494 858 1632 913; x_wconf 81' lang='lat' dir='ltr'><strong>enim</strong></span> <span class='ocrx_word' id='word_1_56' title='bbox 1666 855 1813 912; x_wconf 81' lang='lat' dir='ltr'><strong>breve</strong></span> <span class='ocrx_word' id='word_1_57' title='bbox 1855 865 1956 920; x_wconf 87' lang='lat' dir='ltr'><strong>est,</strong></span> <span class='ocrx_word' id='word_1_58' title='bbox 2002 856 2078 911; x_wconf 88' lang='lat' dir='ltr'><strong>ait</strong></span> 
     </span>
    </p>
   </div>
   <div class='ocr_carea' id='block_1_10' title="bbox 494 950 2074 1028">
    <p class='ocr_par' dir='ltr' id='par_1_10' title="bbox 494 950 2074 1028">
     <span class='ocr_line' id='line_1_10' title="bbox 494 950 2074 1028; baseline -0.006 -15"><span class='ocrx_word' id='word_1_59' title='bbox 494 959 795 1026; x_wconf 82' lang='lat' dir='ltr'><strong>Apostolus</strong></span> <span class='ocrx_word' id='word_1_60' title='bbox 822 959 862 1012; x_wconf 71' lang='grc' dir='ltr'><strong>ί.</strong></span> <span class='ocrx_word' id='word_1_61' title='bbox 913 956 1072 1028; x_wconf 85' lang='grc' dir='ltr'><strong>ιιο</strong></span> <span class='ocrx_word' id='word_1_62' title='bbox 1115 953 1197 1008; x_wconf 84' lang='lat' dir='ltr'><strong>Ad</strong></span> <span class='ocrx_word' id='word_1_63' title='bbox 1235 953 1351 1010; x_wconf 72' lang='lat' dir='ltr'><strong>hmo</strong></span> <span class='ocrx_word' id='word_1_64' title='bbox 1395 951 1758 1008; x_wconf 78' lang='lat' dir='ltr'><strong>fornicatores</strong></span> <span class='ocrx_word' id='word_1_65' title='bbox 1797 950 2074 1014; x_wconf 89' lang='lat' dir='ltr'><strong>instruite,</strong></span> 
     </span>
    </p>
   </div>
   <div class='ocr_carea' id='block_1_11' title="bbox 495 1041 2077 1116">
    <p class='ocr_par' dir='ltr' id='par_1_11' title="bbox 495 1041 2077 1116">
     <span class='ocr_line' id='line_1_11' title="bbox 495 1041 2077 1116; baseline -0.006 -8"><span class='ocrx_word' id='word_1_66' title='bbox 495 1068 567 1108; x_wconf 88' lang='lat' dir='ltr'><strong>ne</strong></span> <span class='ocrx_word' id='word_1_67' title='bbox 589 1053 661 1108; x_wconf 89' lang='lat' dir='ltr'><strong>ob</strong></span> <span class='ocrx_word' id='word_1_68' title='bbox 688 1050 961 1108; x_wconf 86' lang='lat' dir='ltr'><strong>nefarium</strong></span> <span class='ocrx_word' id='word_1_69' title='bbox 1006 1056 1061 1103; x_wconf 89' lang='lat' dir='ltr'><strong>et</strong></span> <span class='ocrx_word' id='word_1_70' title='bbox 1091 1053 1202 1100; x_wconf 90' lang='lat' dir='ltr'><strong>tam</strong></span> <span class='ocrx_word' id='word_1_71' title='bbox 1248 1043 1392 1116; x_wconf 88' lang='lat' dir='ltr'><strong>apud</strong></span> <span class='ocrx_word' id='word_1_72' title='bbox 1430 1041 1601 1099; x_wconf 88' lang='lat' dir='ltr'><strong>Deum</strong></span> <span class='ocrx_word' id='word_1_73' title='bbox 1630 1057 1795 1114; x_wconf 91' lang='lat' dir='ltr'><strong>quam</strong></span> <span class='ocrx_word' id='word_1_74' title='bbox 1824 1042 2077 1099; x_wconf 80' lang='lat' dir='ltr'><strong>homines</strong></span> 
     </span>
    </p>
   </div>
   <div class='ocr_carea' id='block_1_12' title="bbox 499 1133 2079 1209">
    <p class='ocr_par' dir='ltr' id='par_1_12' title="bbox 499 1133 2079 1209">
     <span class='ocr_line' id='line_1_12' title="bbox 499 1133 2079 1209; baseline -0.008 -7"><span class='ocrx_word' id='word_1_75' title='bbox 499 1145 749 1202; x_wconf 79' lang='lat' dir='ltr'><strong>illicitum</strong></span> <span class='ocrx_word' id='word_1_76' title='bbox 800 1141 1015 1196; x_wconf 78' lang='lat' dir='ltr'><strong>facinus</strong></span> <span class='ocrx_word' id='word_1_77' title='bbox 1058 1152 1253 1209; x_wconf 60' lang='lat' dir='ltr'><strong>paruas</strong></span> <span class='ocrx_word' id='word_1_78' title='bbox 1297 1133 1628 1208; x_wconf 80' lang='lat' dir='ltr'><strong>expendant.</strong></span> <span class='ocrx_word' id='word_1_79' title='bbox 1672 1134 1919 1206; x_wconf 84' lang='lat' dir='ltr'><strong>Cumque</strong></span> <span class='ocrx_word' id='word_1_80' title='bbox 1967 1148 2079 1189; x_wconf 90' lang='lat' dir='ltr'><strong>non</strong></span> 
     </span>
    </p>
   </div>
   <div class='ocr_carea' id='block_1_13' title="bbox 495 1225 2079 1293">
    <p class='ocr_par' dir='ltr' id='par_1_13' title="bbox 495 1225 2079 1293">
     <span class='ocr_line' id='line_1_13' title="bbox 495 1225 2079 1293; baseline -0.009 0"><span class='ocrx_word' id='word_1_81' title='bbox 495 1249 750 1293; x_wconf 82' lang='lat' dir='ltr'><strong>sermone</strong></span> <span class='ocrx_word' id='word_1_82' title='bbox 782 1239 1017 1290; x_wconf 65' lang='lat' dir='ltr'><strong>tantum,</strong></span> <span class='ocrx_word' id='word_1_83' title='bbox 1032 1228 1129 1285; x_wconf 83' lang='lat' dir='ltr'><strong>sed</strong></span> <span class='ocrx_word' id='word_1_84' title='bbox 1154 1237 1209 1285; x_wconf 88' lang='lat' dir='ltr'><strong>et</strong></span> <span class='ocrx_word' id='word_1_85' title='bbox 1239 1227 1401 1283; x_wconf 86' lang='lat' dir='ltr'><strong>factis</strong></span> <span class='ocrx_word' id='word_1_86' title='bbox 1432 1226 1780 1285; x_wconf 82' lang='lat' dir='ltr'><strong>elaborantes</strong></span> <span class='ocrx_word' id='word_1_87' title='bbox 1818 1225 1933 1280; x_wconf 59' lang='lat' dir='ltr'><strong>hac</strong></span> <span class='ocrx_word' id='word_1_88' title='bbox 1965 1241 2079 1280; x_wconf 89' lang='lat' dir='ltr'><strong>om-</strong></span> 
     </span>
    </p>
   </div>
   <div class='ocr_carea' id='block_1_14' title="bbox 492 1316 2077 1392">
    <p class='ocr_par' dir='ltr' id='par_1_14' title="bbox 492 1316 2077 1392">
     <span class='ocr_line' id='line_1_14' title="bbox 492 1316 2077 1392; baseline -0.005 -11"><span class='ocrx_word' id='word_1_89' title='bbox 492 1326 587 1381; x_wconf 86' lang='lat' dir='ltr'><strong>nia</strong></span> <span class='ocrx_word' id='word_1_90' title='bbox 615 1320 973 1384; x_wconf 84' lang='lat' dir='ltr'><strong>tradideritis,</strong></span> <span class='ocrx_word' id='word_1_91' title='bbox 999 1319 1325 1392; x_wconf 86' lang='lat' dir='ltr'><strong>persuadete</strong></span> <span class='ocrx_word' id='word_1_92' title='bbox 1352 1319 1460 1376; x_wconf 88' lang='lat' dir='ltr'><strong>illis</strong></span> <span class='ocrx_word' id='word_1_93' title='bbox 1495 1325 1551 1374; x_wconf 90' lang='lat' dir='ltr'><strong>ut</strong></span> <span class='ocrx_word' id='word_1_94' title='bbox 1575 1318 1691 1373; x_wconf 71' lang='lat' dir='ltr'><strong>haec</strong></span> <span class='ocrx_word' id='word_1_95' title='bbox 1718 1316 1835 1389; x_wconf 89' lang='lat' dir='ltr'><strong>ipsa</strong></span> <span class='ocrx_word' id='word_1_96' title='bbox 1865 1332 1896 1371; x_wconf 89' lang='lat' dir='ltr'><strong>a</strong></span> <span class='ocrx_word' id='word_1_97' title='bbox 1918 1318 2077 1373; x_wconf 81' lang='lat' dir='ltr'><strong>vobis</strong></span> 
     </span>
    </p>
   </div>
   <div class='ocr_carea' id='block_1_15' title="bbox 495 1411 2075 1489">
    <p class='ocr_par' dir='ltr' id='par_1_15' title="bbox 495 1411 2075 1489">
     <span class='ocr_line' id='line_1_15' title="bbox 495 1411 2075 1489; baseline -0.005 -16"><span class='ocrx_word' id='word_1_98' title='bbox 495 1417 808 1489; x_wconf 87' lang='lat' dir='ltr'><strong>accipiant:</strong></span> <span class='ocrx_word' id='word_1_99' title='bbox 842 1424 1201 1488; x_wconf 87' lang='lat' dir='ltr'><strong>posteaquam</strong></span> <span class='ocrx_word' id='word_1_100' title='bbox 1237 1413 1426 1469; x_wconf 91' lang='lat' dir='ltr'><strong>eadem</strong></span> <span class='ocrx_word' id='word_1_101' title='bbox 1456 1411 1562 1484; x_wconf 89' lang='lat' dir='ltr'><strong>ipsi</strong></span> <span class='ocrx_word' id='word_1_102' title='bbox 1600 1411 1992 1483; x_wconf 67' lang='lat' dir='ltr'><strong>praestiteritis,</strong></span> <span class='ocrx_word' id='word_1_103' title='bbox 2020 1419 2075 1467; x_wconf 89' lang='lat' dir='ltr'><strong>et</strong></span> 
     </span>
    </p>
   </div>
   <div class='ocr_carea' id='block_1_16' title="bbox 493 1504 2076 1580">
    <p class='ocr_par' dir='ltr' id='par_1_16' title="bbox 493 1504 2076 1580">
     <span class='ocr_line' id='line_1_16' title="bbox 493 1504 2076 1580; baseline -0.004 -15"><span class='ocrx_word' id='word_1_104' title='bbox 493 1511 551 1565; x_wconf 89' lang='lat' dir='ltr'><strong>in</strong></span> <span class='ocrx_word' id='word_1_105' title='bbox 574 1509 732 1565; x_wconf 83' lang='lat' dir='ltr'><strong>vobis</strong></span> <span class='ocrx_word' id='word_1_106' title='bbox 757 1524 1023 1580; x_wconf 80' lang='lat' dir='ltr'><strong>expresso</strong></span> <span class='ocrx_word' id='word_1_107' title='bbox 1061 1510 1306 1563; x_wconf 89' lang='lat' dir='ltr'><strong>omnium</strong></span> <span class='ocrx_word' id='word_1_108' title='bbox 1342 1506 1614 1577; x_wconf 83' lang='lat' dir='ltr'><strong>exemplo,</strong></span> <span class='ocrx_word' id='word_1_109' title='bbox 1649 1522 1712 1561; x_wconf 90' lang='lat' dir='ltr'><strong>ea</strong></span> <span class='ocrx_word' id='word_1_110' title='bbox 1751 1521 1811 1561; x_wconf 87' lang='lat' dir='ltr'><strong>re</strong></span> <span class='ocrx_word' id='word_1_111' title='bbox 1844 1504 2076 1577; x_wconf 89' lang='lat' dir='ltr'><strong>potissi-</strong></span> 
     </span>
    </p>
   </div>
   <div class='ocr_carea' id='block_1_17' title="bbox 491 1594 2077 1667">
    <p class='ocr_par' dir='ltr' id='par_1_17' title="bbox 491 1594 2077 1667">
     <span class='ocr_line' id='line_1_17' title="bbox 491 1594 2077 1667; baseline -0.003 -12"><span class='ocrx_word' id='word_1_112' title='bbox 491 1614 644 1655; x_wconf 89' lang='lat' dir='ltr'><strong>mum</strong></span> <span class='ocrx_word' id='word_1_113' title='bbox 688 1599 851 1655; x_wconf 86' lang='lat' dir='ltr'><strong>Iidem</strong></span> <span class='ocrx_word' id='word_1_114' title='bbox 894 1598 1130 1655; x_wconf 80' lang='lat' dir='ltr'><strong>orationi</strong></span> <span class='ocrx_word' id='word_1_115' title='bbox 1171 1606 1370 1655; x_wconf 71' lang='lat' dir='ltr'><strong>vestra:</strong></span> <span class='ocrx_word' id='word_1_116' title='bbox 1413 1596 1868 1661; x_wconf 84' lang='lat' dir='ltr'><strong>coneiliaveritis,</strong></span> <span class='ocrx_word' id='word_1_117' title='bbox 1928 1594 2077 1667; x_wconf 86' lang='lat' dir='ltr'><strong>quod</strong></span> 
     </span>
    </p>
   </div>
   <div class='ocr_carea' id='block_1_18' title="bbox 493 1683 2076 1758">
    <p class='ocr_par' dir='ltr' id='par_1_18' title="bbox 493 1683 2076 1758">
     <span class='ocr_line' id='line_1_18' title="bbox 493 1683 2076 1758; baseline 0 -16"><span class='ocrx_word' id='word_1_118' title='bbox 493 1698 625 1744; x_wconf 87' lang='lat' dir='ltr'><strong>ante</strong></span> <span class='ocrx_word' id='word_1_119' title='bbox 651 1687 1017 1758; x_wconf 78' lang='lat' dir='ltr'><strong>vosmetipsos</strong></span> <span class='ocrx_word' id='word_1_120' title='bbox 1051 1684 1215 1743; x_wconf 86' lang='lat' dir='ltr'><strong>factis</strong></span> <span class='ocrx_word' id='word_1_121' title='bbox 1253 1685 1610 1751; x_wconf 87' lang='lat' dir='ltr'><strong>edocueritis,</strong></span> <span class='ocrx_word' id='word_1_122' title='bbox 1644 1700 1809 1757; x_wconf 90' lang='lat' dir='ltr'><strong>quam</strong></span> <span class='ocrx_word' id='word_1_123' title='bbox 1842 1683 1910 1741; x_wconf 88' lang='lat' dir='ltr'><strong>ad</strong></span> <span class='ocrx_word' id='word_1_124' title='bbox 1951 1686 2076 1742; x_wconf 87' lang='lat' dir='ltr'><strong>illos</strong></span> 
     </span>
    </p>
   </div>
   <div class='ocr_carea' id='block_1_19' title="bbox 494 1775 2075 1849">
    <p class='ocr_par' dir='ltr' id='par_1_19' title="bbox 494 1775 2075 1849">
     <span class='ocr_line' id='line_1_19' title="bbox 494 1775 2075 1849; baseline -0.003 -14"><span class='ocrx_word' id='word_1_125' title='bbox 494 1777 864 1836; x_wconf 79' lang='lat' dir='ltr'><strong>instituendos</strong></span> <span class='ocrx_word' id='word_1_126' title='bbox 909 1778 1279 1835; x_wconf 84' lang='lat' dir='ltr'><strong>accesseritis.</strong></span> <span class='ocrx_word' id='word_1_127' title='bbox 1321 1775 1400 1832; x_wconf 87' lang='lat' dir='ltr'><strong>Ita</strong></span> <span class='ocrx_word' id='word_1_128' title='bbox 1431 1777 1635 1849; x_wconf 87' lang='lat' dir='ltr'><strong>quippe</strong></span> <span class='ocrx_word' id='word_1_129' title='bbox 1668 1777 1838 1833; x_wconf 90' lang='lat' dir='ltr'><strong>solem</strong></span> <span class='ocrx_word' id='word_1_130' title='bbox 1870 1777 1955 1832; x_wconf 91' lang='lat' dir='ltr'><strong>vel</strong></span> <span class='ocrx_word' id='word_1_131' title='bbox 1992 1785 2075 1831; x_wconf 85' lang='lat' dir='ltr'><strong>ta-</strong></span> 
     </span>
    </p>
   </div>
   <div class='ocr_carea' id='block_1_20' title="bbox 493 1867 2073 1940">
    <p class='ocr_par' dir='ltr' id='par_1_20' title="bbox 493 1867 2073 1940">
     <span class='ocr_line' id='line_1_20' title="bbox 493 1867 2073 1940; baseline -0.004 -13"><span class='ocrx_word' id='word_1_132' title='bbox 493 1878 681 1927; x_wconf 78' lang='lat' dir='ltr'><strong>centes</strong></span> <span class='ocrx_word' id='word_1_133' title='bbox 708 1869 1021 1934; x_wconf 86' lang='lat' dir='ltr'><strong>imitamini,</strong></span> <span class='ocrx_word' id='word_1_134' title='bbox 1048 1869 1142 1940; x_wconf 88' lang='lat' dir='ltr'><strong>qui</strong></span> <span class='ocrx_word' id='word_1_135' title='bbox 1172 1868 1343 1925; x_wconf 93' lang='lat' dir='ltr'><strong>silens</strong></span> <span class='ocrx_word' id='word_1_136' title='bbox 1369 1869 1487 1940; x_wconf 91' lang='lat' dir='ltr'><strong>ipse</strong></span> <span class='ocrx_word' id='word_1_137' title='bbox 1510 1883 1703 1924; x_wconf 90' lang='lat' dir='ltr'><strong>omnes</strong></span> <span class='ocrx_word' id='word_1_138' title='bbox 1736 1867 1941 1938; x_wconf 88' lang='lat' dir='ltr'><strong>ubique</strong></span> <span class='ocrx_word' id='word_1_139' title='bbox 1963 1875 2073 1924; x_wconf 91' lang='lat' dir='ltr'><strong>ter-</strong></span> 
     </span>
    </p>
   </div>
   <div class='ocr_carea' id='block_1_21' title="bbox 2179 853 3764 927">
    <p class='ocr_par' dir='ltr' id='par_1_21' title="bbox 2179 853 3764 927">
     <span class='ocr_line' id='line_1_21' title="bbox 2179 853 3764 927; baseline -0.002 -19"><span class='ocrx_word' id='word_1_140' title='bbox 2179 853 2492 926; x_wconf 89' lang='grc' dir='ltr'>πόρνουςδέ</span> <span class='ocrx_word' id='word_1_141' title='bbox 2518 857 2836 927; x_wconf 84' lang='grc' dir='ltr'>κατηχεῖτε,</span> <span class='ocrx_word' id='word_1_142' title='bbox 2877 853 2967 910; x_wconf 72' lang='grc' dir='ltr'>ἵνα</span> <span class='ocrx_word' id='word_1_143' title='bbox 3003 856 3078 926; x_wconf 85' lang='grc' dir='ltr'>μὴ</span> <span class='ocrx_word' id='word_1_144' title='bbox 3119 854 3220 924; x_wconf 86' lang='grc' dir='ltr'>τὴν</span> <span class='ocrx_word' id='word_1_145' title='bbox 3259 853 3518 925; x_wconf 80' lang='grc' dir='ltr'>ἀθέμιτον</span> <span class='ocrx_word' id='word_1_146' title='bbox 3565 853 3764 926; x_wconf 80' lang='grc' dir='ltr'>πρᾶξιν</span> 
     </span>
    </p>
   </div>
   <div class='ocr_carea' id='block_1_22' title="bbox 2179 945 3763 1020">
    <p class='ocr_par' dir='ltr' id='par_1_22' title="bbox 2179 945 3763 1020">
     <span class='ocr_line' id='line_1_22' title="bbox 2179 945 3763 1020; baseline 0.001 -21"><span class='ocrx_word' id='word_1_147' title='bbox 2179 946 2333 1019; x_wconf 81' lang='grc' dir='ltr'>παρὰ</span> <span class='ocrx_word' id='word_1_148' title='bbox 2365 946 2484 1019; x_wconf 88' lang='grc' dir='ltr'><strong>Θεῷ</strong></span> <span class='ocrx_word' id='word_1_149' title='bbox 2520 964 2580 1001; x_wconf 88' lang='grc' dir='ltr'><strong>τε</strong></span> <span class='ocrx_word' id='word_1_150' title='bbox 2623 945 2721 1001; x_wconf 71' lang='grc' dir='ltr'>καὶ</span> <span class='ocrx_word' id='word_1_151' title='bbox 2770 946 3077 1020; x_wconf 84' lang='grc' dir='ltr'>ἀνθρώποις</span> <span class='ocrx_word' id='word_1_152' title='bbox 3119 948 3487 1020; x_wconf 71' lang='grc' dir='ltr'><strong>ἐργασάμενοι</strong></span> <span class='ocrx_word' id='word_1_153' title='bbox 3513 965 3763 1019; x_wconf 89' lang='grc' dir='ltr'>τιμωρη-</span> 
     </span>
    </p>
   </div>
   <div class='ocr_carea' id='block_1_23' title="bbox 2180 1038 3763 1113">
    <p class='ocr_par' dir='ltr' id='par_1_23' title="bbox 2180 1038 3763 1113">
     <span class='ocr_line' id='line_1_23' title="bbox 2180 1038 3763 1113; baseline 0.003 -19"><span class='ocrx_word' id='word_1_154' title='bbox 2180 1038 2368 1095; x_wconf 82' lang='grc' dir='ltr'>θῶσιν.</span> <span class='ocrx_word' id='word_1_155' title='bbox 2404 1040 2516 1095; x_wconf 72' lang='grc' dir='ltr'><strong>Καὶ</strong></span> <span class='ocrx_word' id='word_1_156' title='bbox 2542 1042 2634 1096; x_wconf 80' lang='grc' dir='ltr'><strong>ὅτε</strong></span> <span class='ocrx_word' id='word_1_157' title='bbox 2667 1042 2850 1097; x_wconf 86' lang='grc' dir='ltr'>πάντα</span> <span class='ocrx_word' id='word_1_158' title='bbox 2890 1041 3066 1097; x_wconf 77' lang='grc' dir='ltr'>ταῦτα</span> <span class='ocrx_word' id='word_1_159' title='bbox 3109 1042 3198 1097; x_wconf 72' lang='grc' dir='ltr'>διὰ</span> <span class='ocrx_word' id='word_1_160' title='bbox 3249 1043 3520 1113; x_wconf 86' lang='grc' dir='ltr'>στόματος</span> <span class='ocrx_word' id='word_1_161' title='bbox 3557 1043 3649 1096; x_wconf 78' lang='grc' dir='ltr'><strong>καὶ</strong></span> <span class='ocrx_word' id='word_1_162' title='bbox 3696 1043 3763 1099; x_wconf 80' lang='grc' dir='ltr'>δι’</span> 
     </span>
    </p>
   </div>
   <div class='ocr_carea' id='block_1_24' title="bbox 2179 1131 3765 1208">
    <p class='ocr_par' dir='ltr' id='par_1_24' title="bbox 2179 1131 3765 1208">
     <span class='ocr_line' id='line_1_24' title="bbox 2179 1131 3765 1208; baseline 0.001 -21"><span class='ocrx_word' id='word_1_163' title='bbox 2179 1131 2357 1207; x_wconf 80' lang='grc' dir='ltr'>ἔργων</span> <span class='ocrx_word' id='word_1_164' title='bbox 2385 1134 2688 1206; x_wconf 79' lang='grc' dir='ltr'>κάμνοντες</span> <span class='ocrx_word' id='word_1_165' title='bbox 2718 1136 3029 1208; x_wconf 72' lang='grc' dir='ltr'>παραδῶτε,</span> <span class='ocrx_word' id='word_1_166' title='bbox 3061 1135 3281 1190; x_wconf 79' lang='grc' dir='ltr'>πείθετε</span> <span class='ocrx_word' id='word_1_167' title='bbox 3314 1134 3455 1190; x_wconf 78' lang='grc' dir='ltr'><strong>αὐτά</strong></span> <span class='ocrx_word' id='word_1_168' title='bbox 3491 1136 3560 1188; x_wconf 81' lang='grc' dir='ltr'>τὰ</span> <span class='ocrx_word' id='word_1_169' title='bbox 3586 1136 3765 1190; x_wconf 81' lang='grc' dir='ltr'>πάντα</span> 
     </span>
    </p>
   </div>
   <div class='ocr_carea' id='block_1_25' title="bbox 2179 1225 3765 1301">
    <p class='ocr_par' dir='ltr' id='par_1_25' title="bbox 2179 1225 3765 1301">
     <span class='ocr_line' id='line_1_25' title="bbox 2179 1225 3765 1301; baseline 0 -21"><span class='ocrx_word' id='word_1_170' title='bbox 2179 1225 2643 1296; x_wconf 53' lang='grc' dir='ltr'>ἐγκαταδᾶασθαι</span> <span class='ocrx_word' id='word_1_171' title='bbox 2697 1226 2883 1299; x_wconf 84' lang='grc' dir='ltr'>ὑμῶν,</span> <span class='ocrx_word' id='word_1_172' title='bbox 2919 1226 3066 1299; x_wconf 76' lang='grc' dir='ltr'>ἔργῳ</span> <span class='ocrx_word' id='word_1_173' title='bbox 3117 1228 3299 1283; x_wconf 86' lang='grc' dir='ltr'>πάντα</span> <span class='ocrx_word' id='word_1_174' title='bbox 3349 1226 3570 1301; x_wconf 84' lang='grc' dir='ltr'>πρῶτον</span> <span class='ocrx_word' id='word_1_175' title='bbox 3616 1226 3765 1299; x_wconf 81' lang='grc' dir='ltr'>πρά-</span> 
     </span>
    </p>
   </div>
   <div class='ocr_carea' id='block_1_26' title="bbox 2178 1318 3764 1392">
    <p class='ocr_par' dir='ltr' id='par_1_26' title="bbox 2178 1318 3764 1392">
     <span class='ocr_line' id='line_1_26' title="bbox 2178 1318 3764 1392; baseline -0.003 -17"><span class='ocrx_word' id='word_1_176' title='bbox 2178 1319 2389 1388; x_wconf 79' lang='grc' dir='ltr'>ξαντες,</span> <span class='ocrx_word' id='word_1_177' title='bbox 2420 1321 2514 1374; x_wconf 74' lang='grc' dir='ltr'><strong>καὶ</strong></span> <span class='ocrx_word' id='word_1_178' title='bbox 2548 1321 2606 1374; x_wconf 91' lang='grc' dir='ltr'><strong>ἐν</strong></span> <span class='ocrx_word' id='word_1_179' title='bbox 2650 1320 2836 1385; x_wconf 84' lang='grc' dir='ltr'>αὐτοῖς</span> <span class='ocrx_word' id='word_1_180' title='bbox 2871 1320 3382 1392; x_wconf 84' lang='grc' dir='ltr'>ἀνατυπωσάμενοι,</span> <span class='ocrx_word' id='word_1_181' title='bbox 3411 1320 3538 1384; x_wconf 67' lang='grc' dir='ltr'>τοὺς</span> <span class='ocrx_word' id='word_1_182' title='bbox 3568 1318 3764 1387; x_wconf 81' lang='grc' dir='ltr'>λόγους</span> 
     </span>
    </p>
   </div>
   <div class='ocr_carea' id='block_1_27' title="bbox 2179 1404 3763 1483">
    <p class='ocr_par' dir='ltr' id='par_1_27' title="bbox 2179 1404 3763 1483">
     <span class='ocr_line' id='line_1_27' title="bbox 2179 1404 3763 1483; baseline -0.001 -20"><span class='ocrx_word' id='word_1_183' title='bbox 2179 1409 2626 1476; x_wconf 84' lang='grc' dir='ltr'>πιστοποιοῦντες</span> <span class='ocrx_word' id='word_1_184' title='bbox 2642 1428 2656 1441; x_wconf 87' lang='grc'><strong>·</strong></span> <span class='ocrx_word' id='word_1_185' title='bbox 2685 1404 2766 1475; x_wconf 73' lang='grc' dir='ltr'>οἷς</span> <span class='ocrx_word' id='word_1_186' title='bbox 2786 1409 2876 1465; x_wconf 76' lang='grc' dir='ltr'>διὰ</span> <span class='ocrx_word' id='word_1_187' title='bbox 2895 1410 3003 1465; x_wconf 89' lang='grc' dir='ltr'><strong>τῶν</strong></span> <span class='ocrx_word' id='word_1_188' title='bbox 3028 1410 3279 1483; x_wconf 79' lang='grc' dir='ltr'>πράξεων</span> <span class='ocrx_word' id='word_1_189' title='bbox 3299 1409 3528 1474; x_wconf 75' lang='grc' dir='ltr'>ἑαυτοὺς</span> <span class='ocrx_word' id='word_1_190' title='bbox 3547 1409 3763 1480; x_wconf 85' lang='grc' dir='ltr'>πρῶτον</span> 
     </span>
    </p>
   </div>
   <div class='ocr_carea' id='block_1_28' title="bbox 2179 1498 3763 1573">
    <p class='ocr_par' dir='ltr' id='par_1_28' title="bbox 2179 1498 3763 1573">
     <span class='ocr_line' id='line_1_28' title="bbox 2179 1498 3763 1573; baseline -0.003 -18"><span class='ocrx_word' id='word_1_191' title='bbox 2179 1500 2491 1567; x_wconf 81' lang='grc' dir='ltr'>ἐδιδάξατε,</span> <span class='ocrx_word' id='word_1_192' title='bbox 2523 1501 2614 1555; x_wconf 78' lang='grc' dir='ltr'>ἵνα</span> <span class='ocrx_word' id='word_1_193' title='bbox 2655 1501 2753 1555; x_wconf 76' lang='grc' dir='ltr'><strong>καὶ</strong></span> <span class='ocrx_word' id='word_1_194' title='bbox 2808 1500 3030 1572; x_wconf 83' lang='grc' dir='ltr'>ἐτέρους</span> <span class='ocrx_word' id='word_1_195' title='bbox 3070 1498 3448 1573; x_wconf 83' lang='grc' dir='ltr'>μαθητεύοιτε.</span> <span class='ocrx_word' id='word_1_196' title='bbox 3504 1499 3763 1569; x_wconf 82' lang='grc' dir='ltr'>Ἐπέχετε</span> 
     </span>
    </p>
   </div>
   <div class='ocr_carea' id='block_1_29' title="bbox 2178 1589 3763 1667">
    <p class='ocr_par' dir='ltr' id='par_1_29' title="bbox 2178 1589 3763 1667">
     <span class='ocr_line' id='line_1_29' title="bbox 2178 1589 3763 1667; baseline -0.004 -18"><span class='ocrx_word' id='word_1_197' title='bbox 2178 1598 2289 1667; x_wconf 72' lang='grc' dir='ltr'><strong>γὰρ</strong></span> <span class='ocrx_word' id='word_1_198' title='bbox 2329 1595 2425 1649; x_wconf 74' lang='grc' dir='ltr'><strong>καὶ</strong></span> <span class='ocrx_word' id='word_1_199' title='bbox 2454 1592 2773 1660; x_wconf 82' lang='grc' dir='ltr'>σιωπῶντες</span> <span class='ocrx_word' id='word_1_200' title='bbox 2820 1592 3026 1664; x_wconf 85' lang='grc' dir='ltr'>τρόπον</span> <span class='ocrx_word' id='word_1_201' title='bbox 3078 1592 3261 1665; x_wconf 74' lang='grc' dir='ltr'>ἡλίου,</span> <span class='ocrx_word' id='word_1_202' title='bbox 3304 1591 3398 1647; x_wconf 81' lang='grc' dir='ltr'><strong>τοῦ</strong></span> <span class='ocrx_word' id='word_1_203' title='bbox 3445 1589 3544 1645; x_wconf 73' lang='grc' dir='ltr'><strong>καὶ</strong></span> <span class='ocrx_word' id='word_1_204' title='bbox 3581 1591 3763 1661; x_wconf 78' lang='grc' dir='ltr'>σιωπῇ</span> 
     </span>
    </p>
   </div>
   <div class='ocr_carea' id='block_1_30' title="bbox 2179 1683 3762 1759">
    <p class='ocr_par' dir='ltr' id='par_1_30' title="bbox 2179 1683 3762 1759">
     <span class='ocr_line' id='line_1_30' title="bbox 2179 1683 3762 1759; baseline -0.004 -16"><span class='ocrx_word' id='word_1_205' title='bbox 2179 1688 2388 1754; x_wconf 83' lang='grc' dir='ltr'>πάντας</span> <span class='ocrx_word' id='word_1_206' title='bbox 2412 1685 2688 1759; x_wconf 78' lang='grc' dir='ltr'>πανταχοῦ</span> <span class='ocrx_word' id='word_1_207' title='bbox 2713 1686 3058 1750; x_wconf 73' lang='grc' dir='ltr'>διδάσκοντος</span> <span class='ocrx_word' id='word_1_208' title='bbox 3080 1702 3093 1715; x_wconf 81' lang='lat'><strong><em>°</em></strong></span> <span class='ocrx_word' id='word_1_209' title='bbox 3118 1685 3281 1751; x_wconf 77' lang='grc' dir='ltr'>εὐθὺς</span> <span class='ocrx_word' id='word_1_210' title='bbox 3302 1684 3411 1757; x_wconf 81' lang='grc' dir='ltr'><strong>γὰρ</strong></span> <span class='ocrx_word' id='word_1_211' title='bbox 3432 1683 3762 1748; x_wconf 82' lang='grc' dir='ltr'>ἀνατέλλων,</span> 
     </span>
    </p>
   </div>
   <div class='ocr_carea' id='block_1_31' title="bbox 2180 1774 3765 1850">
    <p class='ocr_par' dir='ltr' id='par_1_31' title="bbox 2180 1774 3765 1850">
     <span class='ocr_line' id='line_1_31' title="bbox 2180 1774 3765 1850; baseline -0.004 -16"><span class='ocrx_word' id='word_1_212' title='bbox 2180 1780 2273 1834; x_wconf 74' lang='grc' dir='ltr'><strong>καὶ</strong></span> <span class='ocrx_word' id='word_1_213' title='bbox 2314 1778 2558 1845; x_wconf 85' lang='grc' dir='ltr'>σιωπῶν,</span> <span class='ocrx_word' id='word_1_214' title='bbox 2600 1778 2702 1843; x_wconf 79' lang='grc' dir='ltr'>τὰς</span> <span class='ocrx_word' id='word_1_215' title='bbox 2748 1777 2941 1850; x_wconf 63' lang='grc' dir='ltr'>τέχνας</span> <span class='ocrx_word' id='word_1_216' title='bbox 2984 1776 3200 1832; x_wconf 87' lang='grc' dir='ltr'>πάντων</span> <span class='ocrx_word' id='word_1_217' title='bbox 3246 1775 3614 1830; x_wconf 83' lang='grc' dir='ltr'>ἀναδιδάσκει.</span> <span class='ocrx_word' id='word_1_218' title='bbox 3650 1774 3765 1828; x_wconf 76' lang='grc' dir='ltr'>Καὶ</span> 
     </span>
    </p>
   </div>
   <div class='ocr_carea' id='block_1_32' title="bbox 2179 1865 3785 1944">
    <p class='ocr_par' dir='ltr' id='par_1_32' title="bbox 2179 1865 3785 1944">
     <span class='ocr_line' id='line_1_32' title="bbox 2179 1865 3785 1944; baseline -0.006 -17"><span class='ocrx_word' id='word_1_219' title='bbox 2179 1874 2308 1928; x_wconf 85' lang='grc' dir='ltr'>ὅταν</span> <span class='ocrx_word' id='word_1_220' title='bbox 2339 1872 2438 1944; x_wconf 83' lang='grc' dir='ltr'><strong>μὲν</strong></span> <span class='ocrx_word' id='word_1_221' title='bbox 2470 1870 2675 1926; x_wconf 86' lang='grc' dir='ltr'>τούτων</span> <span class='ocrx_word' id='word_1_222' title='bbox 2705 1869 2961 1925; x_wconf 85' lang='grc' dir='ltr'>ἁπάντων</span> <span class='ocrx_word' id='word_1_223' title='bbox 2986 1869 3088 1941; x_wconf 81' lang='grc' dir='ltr'><strong>τὴν</strong></span> <span class='ocrx_word' id='word_1_224' title='bbox 3119 1865 3387 1937; x_wconf 78' lang='grc' dir='ltr'>ὠφέλειαν</span> <span class='ocrx_word' id='word_1_225' title='bbox 3414 1868 3527 1931; x_wconf 86' lang='grc' dir='ltr'>τοῖς</span> <span class='ocrx_word' id='word_1_226' title='bbox 3551 1865 3785 1919; x_wconf 79' lang='grc' dir='ltr'>ἑαυτῶν·</span> 
     </span>
    </p>
   </div>
   <div class='ocr_carea' id='block_1_33' title="bbox 495 1933 2074 2032">
    <p class='ocr_par' dir='ltr' id='par_1_33' title="bbox 495 1959 2074 2032">
     <span class='ocr_line' id='line_1_33' title="bbox 495 1959 2074 2032; baseline -0.004 -14"><span class='ocrx_word' id='word_1_227' title='bbox 495 1978 683 2018; x_wconf 90' lang='lat' dir='ltr'><strong>rarum</strong></span> <span class='ocrx_word' id='word_1_228' title='bbox 724 1961 989 2018; x_wconf 87' lang='lat' dir='ltr'><strong>instituit.</strong></span> <span class='ocrx_word' id='word_1_229' title='bbox 1025 1959 1162 2016; x_wconf 88' lang='lat' dir='ltr'><strong>Nam</strong></span> <span class='ocrx_word' id='word_1_230' title='bbox 1198 1959 1246 2015; x_wconf 90' lang='lat' dir='ltr'><strong>is</strong></span> <span class='ocrx_word' id='word_1_231' title='bbox 1285 1961 1470 2015; x_wconf 88' lang='lat' dir='ltr'><strong>statim</strong></span> <span class='ocrx_word' id='word_1_232' title='bbox 1502 1971 1667 2032; x_wconf 87' lang='lat' dir='ltr'><strong>atque</strong></span> <span class='ocrx_word' id='word_1_233' title='bbox 1705 1967 1931 2015; x_wconf 84' lang='lat' dir='ltr'><strong>exortus</strong></span> <span class='ocrx_word' id='word_1_234' title='bbox 1966 1968 2074 2025; x_wconf 87' lang='lat' dir='ltr'><strong>est,</strong></span> 
     </span>
    </p>
   </div>
   <div class='ocr_carea' id='block_1_34' title="bbox 2179 1933 3767 2032">
    <p class='ocr_par' dir='ltr' id='par_1_34' title="bbox 2182 1957 3767 2032">
     <span class='ocr_line' id='line_1_34' title="bbox 2182 1957 3767 2032; baseline -0.008 -11"><span class='ocrx_word' id='word_1_235' title='bbox 2182 1968 2411 2032; x_wconf 78' lang='grc' dir='ltr'>τέκνοις,</span> <span class='ocrx_word' id='word_1_236' title='bbox 2436 1964 2612 2018; x_wconf 79' lang='grc' dir='ltr'>είτουν</span> <span class='ocrx_word' id='word_1_237' title='bbox 2643 1961 2890 2032; x_wconf 81' lang='grc' dir='ltr'>ἀδελφοῖς</span> <span class='ocrx_word' id='word_1_238' title='bbox 2914 1960 3258 2023; x_wconf 87' lang='grc' dir='ltr'>πιστοτάτοις</span> <span class='ocrx_word' id='word_1_239' title='bbox 3293 1957 3600 2030; x_wconf 84' lang='grc' dir='ltr'>παραδῶτε,</span> <span class='ocrx_word' id='word_1_240' title='bbox 3631 1973 3767 2028; x_wconf 79' lang='grc' dir='ltr'>προ-</span> 
     </span>
    </p>
   </div>
   <div class='ocr_carea' id='block_1_35' title="bbox 495 2049 2081 2122">
    <p class='ocr_par' dir='ltr' id='par_1_35' title="bbox 495 2049 2081 2122">
     <span class='ocr_line' id='line_1_35' title="bbox 495 2049 2081 2122; baseline -0.003 -12"><span class='ocrx_word' id='word_1_241' title='bbox 495 2064 645 2112; x_wconf 89' lang='lat' dir='ltr'><strong>artcs</strong></span> <span class='ocrx_word' id='word_1_242' title='bbox 679 2069 891 2122; x_wconf 90' lang='lat' dir='ltr'><strong>omnes,</strong></span> <span class='ocrx_word' id='word_1_243' title='bbox 923 2053 1139 2109; x_wconf 86' lang='lat' dir='ltr'><strong>etiamsi</strong></span> <span class='ocrx_word' id='word_1_244' title='bbox 1185 2061 1385 2117; x_wconf 86' lang='lat' dir='ltr'><strong>taceat,</strong></span> <span class='ocrx_word' id='word_1_245' title='bbox 1430 2051 1662 2107; x_wconf 88' lang='lat' dir='ltr'><strong>edocere</strong></span> <span class='ocrx_word' id='word_1_246' title='bbox 1696 2051 1930 2106; x_wconf 88' lang='lat' dir='ltr'><strong>videtur.</strong></span> <span class='ocrx_word' id='word_1_247' title='bbox 1962 2049 2081 2106; x_wconf 74' lang='lat' dir='ltr'><strong>Ca:-</strong></span> 
     </span>
    </p>
   </div>
   <div class='ocr_carea' id='block_1_36' title="bbox 495 2141 2077 2201">
    <p class='ocr_par' dir='ltr' id='par_1_36' title="bbox 495 2141 2077 2201">
     <span class='ocr_line' id='line_1_36' title="bbox 495 2141 2077 2201; baseline -0.002 -1"><span class='ocrx_word' id='word_1_248' title='bbox 495 2155 676 2201; x_wconf 89' lang='lat' dir='ltr'><strong>terum</strong></span> <span class='ocrx_word' id='word_1_249' title='bbox 723 2160 850 2201; x_wconf 90' lang='lat' dir='ltr'><strong>cum</strong></span> <span class='ocrx_word' id='word_1_250' title='bbox 889 2144 1088 2199; x_wconf 87' lang='lat' dir='ltr'><strong>horum</strong></span> <span class='ocrx_word' id='word_1_251' title='bbox 1133 2143 1378 2198; x_wconf 85' lang='lat' dir='ltr'><strong>omnium</strong></span> <span class='ocrx_word' id='word_1_252' title='bbox 1422 2142 1660 2197; x_wconf 88' lang='lat' dir='ltr'><strong>fructum</strong></span> <span class='ocrx_word' id='word_1_253' title='bbox 1693 2149 1747 2197; x_wconf 90' lang='lat' dir='ltr'><strong>et</strong></span> <span class='ocrx_word' id='word_1_254' title='bbox 1785 2141 2077 2197; x_wconf 86' lang='lat' dir='ltr'><strong>utilitatem</strong></span> 
     </span>
    </p>
   </div>
   <div class='ocr_carea' id='block_1_37' title="bbox 474 2234 2081 2310">
    <p class='ocr_par' dir='ltr' id='par_1_37' title="bbox 474 2234 2081 2310">
     <span class='ocr_line' id='line_1_37' title="bbox 474 2234 2081 2310; baseline -0.003 -17"><span class='ocrx_word' id='word_1_255' title='bbox 474 2239 625 2293; x_wconf 84' lang='lat' dir='ltr'><strong>&#39;tiliis</strong></span> <span class='ocrx_word' id='word_1_256' title='bbox 649 2238 851 2295; x_wconf 78' lang='lat' dir='ltr'><strong>vestris</strong></span> <span class='ocrx_word' id='word_1_257' title='bbox 881 2239 997 2294; x_wconf 87' lang='lat' dir='ltr'><strong>sive</strong></span> <span class='ocrx_word' id='word_1_258' title='bbox 1032 2236 1215 2310; x_wconf 88' lang='lat' dir='ltr'><strong>potius</strong></span> <span class='ocrx_word' id='word_1_259' title='bbox 1249 2235 1534 2292; x_wconf 87' lang='lat' dir='ltr'><strong>fidissimis</strong></span> <span class='ocrx_word' id='word_1_260' title='bbox 1567 2234 1831 2290; x_wconf 80' lang='lat' dir='ltr'><strong>fratribus</strong></span> <span class='ocrx_word' id='word_1_261' title='bbox 1878 2235 2081 2304; x_wconf 86' lang='lat' dir='ltr'><strong>imper-</strong></span> 
     </span>
    </p>
   </div>
   <div class='ocr_carea' id='block_1_38' title="bbox 495 2324 2087 2398">
    <p class='ocr_par' dir='ltr' id='par_1_38' title="bbox 495 2324 2087 2398">
     <span class='ocr_line' id='line_1_38' title="bbox 495 2324 2087 2398; baseline 0 -16"><span class='ocrx_word' id='word_1_262' title='bbox 495 2330 716 2397; x_wconf 84' lang='lat' dir='ltr'><strong>tieritis,</strong></span> <span class='ocrx_word' id='word_1_263' title='bbox 771 2330 846 2383; x_wconf 90' lang='lat' dir='ltr'><strong>ita</strong></span> <span class='ocrx_word' id='word_1_264' title='bbox 892 2328 1017 2384; x_wconf 89' lang='lat' dir='ltr'><strong>illos</strong></span> <span class='ocrx_word' id='word_1_265' title='bbox 1062 2327 1374 2391; x_wconf 87' lang='lat' dir='ltr'><strong>informate,</strong></span> <span class='ocrx_word' id='word_1_266' title='bbox 1425 2334 1484 2382; x_wconf 89' lang='lat' dir='ltr'><strong>ut</strong></span> <span class='ocrx_word' id='word_1_267' title='bbox 1523 2326 1580 2381; x_wconf 90' lang='lat' dir='ltr'><strong>in</strong></span> <span class='ocrx_word' id='word_1_268' title='bbox 1634 2333 1781 2382; x_wconf 84' lang='lat' dir='ltr'><strong>terra</strong></span> <span class='ocrx_word' id='word_1_269' title='bbox 1825 2324 2087 2398; x_wconf 85' lang='lat' dir='ltr'><strong>gradien-</strong></span> 
     </span>
    </p>
   </div>
   <div class='ocr_carea' id='block_1_39' title="bbox 496 2416 2077 2492">
    <p class='ocr_par' dir='ltr' id='par_1_39' title="bbox 496 2416 2077 2492">
     <span class='ocr_line' id='line_1_39' title="bbox 496 2416 2077 2492; baseline -0.003 -16"><span class='ocrx_word' id='word_1_270' title='bbox 496 2432 603 2480; x_wconf 88' lang='lat' dir='ltr'><strong>tes.</strong></span> <span class='ocrx_word' id='word_1_271' title='bbox 629 2423 754 2477; x_wconf 70' lang='grc' dir='ltr'>εει)ιί</span> <span class='ocrx_word' id='word_1_272' title='bbox 784 2421 1090 2492; x_wconf 83' lang='lat' dir='ltr'><strong>municipes</strong></span> <span class='ocrx_word' id='word_1_273' title='bbox 1117 2434 1240 2475; x_wconf 91' lang='lat' dir='ltr'><strong>esse</strong></span> <span class='ocrx_word' id='word_1_274' title='bbox 1272 2417 1562 2474; x_wconf 87' lang='lat' dir='ltr'><strong>videantur</strong></span> <span class='ocrx_word' id='word_1_275' title='bbox 1589 2419 1634 2472; x_wconf 75' lang='grc'><strong>⁸.</strong></span> <span class='ocrx_word' id='word_1_276' title='bbox 1675 2416 1962 2474; x_wconf 85' lang='lat' dir='ltr'><strong>Monastici</strong></span> <span class='ocrx_word' id='word_1_277' title='bbox 1990 2418 2077 2473; x_wconf 91' lang='lat' dir='ltr'><strong>in-</strong></span> 
     </span>
    </p>
   </div>
   <div class='ocr_carea' id='block_1_40' title="bbox 498 2509 2079 2569">
    <p class='ocr_par' dir='ltr' id='par_1_40' title="bbox 498 2509 2079 2569">
     <span class='ocr_line' id='line_1_40' title="bbox 498 2509 2079 2569; baseline -0.002 0"><span class='ocrx_word' id='word_1_278' title='bbox 498 2514 675 2569; x_wconf 88' lang='lat' dir='ltr'><strong>stituti</strong></span> <span class='ocrx_word' id='word_1_279' title='bbox 697 2512 1028 2569; x_wconf 85' lang='lat' dir='ltr'><strong>desiderium</strong></span> <span class='ocrx_word' id='word_1_280' title='bbox 1057 2518 1112 2567; x_wconf 88' lang='lat' dir='ltr'><strong>et</strong></span> <span class='ocrx_word' id='word_1_281' title='bbox 1136 2509 1389 2566; x_wconf 87' lang='lat' dir='ltr'><strong>ardorem</strong></span> <span class='ocrx_word' id='word_1_282' title='bbox 1414 2509 1727 2565; x_wconf 86' lang='lat' dir='ltr'><strong>constantia</strong></span> <span class='ocrx_word' id='word_1_283' title='bbox 1747 2517 1931 2567; x_wconf 89' lang='lat' dir='ltr'><strong>vestra</strong></span> <span class='ocrx_word' id='word_1_284' title='bbox 1962 2511 2079 2567; x_wconf 89' lang='lat' dir='ltr'><strong>sin-</strong></span> 
     </span>
    </p>
   </div>
   <div class='ocr_carea' id='block_1_41' title="bbox 496 2603 2071 2678">
    <p class='ocr_par' dir='ltr' id='par_1_41' title="bbox 496 2603 2071 2678">
     <span class='ocr_line' id='line_1_41' title="bbox 496 2603 2071 2678; baseline -0.001 -15"><span class='ocrx_word' id='word_1_285' title='bbox 496 2622 731 2678; x_wconf 82' lang='lat' dir='ltr'><strong>ceraque</strong></span> <span class='ocrx_word' id='word_1_286' title='bbox 778 2607 883 2664; x_wconf 84' lang='lat' dir='ltr'><strong>tide</strong></span> <span class='ocrx_word' id='word_1_287' title='bbox 926 2604 1348 2678; x_wconf 86' lang='lat' dir='ltr'><strong>quamplurimis</strong></span> <span class='ocrx_word' id='word_1_288' title='bbox 1391 2603 1674 2660; x_wconf 89' lang='lat' dir='ltr'><strong>insinuare</strong></span> <span class='ocrx_word' id='word_1_289' title='bbox 1718 2614 2071 2662; x_wconf 84' lang='lat' dir='ltr'><strong>mementote.</strong></span> 
     </span>
    </p>
   </div>
   <div class='ocr_carea' id='block_1_42' title="bbox 496 2694 2072 2767">
    <p class='ocr_par' dir='ltr' id='par_1_42' title="bbox 496 2694 2072 2767">
     <span class='ocr_line' id='line_1_42' title="bbox 496 2694 2072 2767; baseline 0.002 -14"><span class='ocrx_word' id='word_1_290' title='bbox 496 2699 797 2755; x_wconf 69' lang='lat' dir='ltr'><strong>Hmreticos</strong></span> <span class='ocrx_word' id='word_1_291' title='bbox 823 2714 951 2756; x_wconf 82' lang='lat' dir='ltr'><strong>vero</strong></span> <span class='ocrx_word' id='word_1_292' title='bbox 971 2699 1328 2763; x_wconf 86' lang='lat' dir='ltr'><strong>detestantes,</strong></span> <span class='ocrx_word' id='word_1_293' title='bbox 1350 2694 1682 2752; x_wconf 74' lang='lat' dir='ltr'><strong>Manichteos</strong></span> <span class='ocrx_word' id='word_1_294' title='bbox 1701 2712 1802 2752; x_wconf 90' lang='lat' dir='ltr'><strong>con</strong></span> <span class='ocrx_word' id='word_1_295' title='bbox 1812 2697 1864 2752; x_wconf 92' lang='lat' dir='ltr'><strong>fu</strong></span> <span class='ocrx_word' id='word_1_296' title='bbox 1874 2706 2072 2767; x_wconf 88' lang='lat' dir='ltr'><strong>tantes,</strong></span> 
     </span>
    </p>
   </div>
   <div class='ocr_carea' id='block_1_43' title="bbox 496 2786 2074 2856">
    <p class='ocr_par' dir='ltr' id='par_1_43' title="bbox 496 2786 2074 2856">
     <span class='ocr_line' id='line_1_43' title="bbox 496 2786 2074 2856; baseline 0.002 -13"><span class='ocrx_word' id='word_1_297' title='bbox 496 2804 561 2844; x_wconf 88' lang='lat' dir='ltr'><strong>ac</strong></span> <span class='ocrx_word' id='word_1_298' title='bbox 603 2788 989 2845; x_wconf 79' lang='lat' dir='ltr'><strong>Mareionistas</strong></span> <span class='ocrx_word' id='word_1_299' title='bbox 1024 2796 1079 2844; x_wconf 91' lang='lat' dir='ltr'><strong>et</strong></span> <span class='ocrx_word' id='word_1_300' title='bbox 1119 2797 1349 2843; x_wconf 62' lang='lat' dir='ltr'><strong>caeteros</strong></span> <span class='ocrx_word' id='word_1_301' title='bbox 1391 2786 1510 2856; x_wconf 85' lang='lat' dir='ltr'><strong>ejus</strong></span> <span class='ocrx_word' id='word_1_302' title='bbox 1540 2786 1731 2843; x_wconf 76' lang='lat' dir='ltr'><strong>farina:</strong></span> <span class='ocrx_word' id='word_1_303' title='bbox 1760 2788 2010 2845; x_wconf 90' lang='lat' dir='ltr'><strong>homines</strong></span> <span class='ocrx_word' id='word_1_304' title='bbox 2042 2806 2074 2846; x_wconf 89' lang='lat' dir='ltr'><strong>a</strong></span> 
     </span>
    </p>
   </div>
   <div class='ocr_carea' id='block_1_44' title="bbox 501 2879 2072 2952">
    <p class='ocr_par' dir='ltr' id='par_1_44' title="bbox 501 2879 2072 2952">
     <span class='ocr_line' id='line_1_44' title="bbox 501 2879 2072 2952; baseline -0.001 -15"><span class='ocrx_word' id='word_1_305' title='bbox 501 2881 659 2937; x_wconf 88' lang='lat' dir='ltr'><strong>caula</strong></span> <span class='ocrx_word' id='word_1_306' title='bbox 699 2880 793 2936; x_wconf 91' lang='lat' dir='ltr'><strong>Dei</strong></span> <span class='ocrx_word' id='word_1_307' title='bbox 841 2889 897 2936; x_wconf 87' lang='lat' dir='ltr'><strong>et</strong></span> <span class='ocrx_word' id='word_1_308' title='bbox 947 2881 1076 2936; x_wconf 89' lang='lat' dir='ltr'><strong>ovili</strong></span> <span class='ocrx_word' id='word_1_309' title='bbox 1113 2880 1415 2952; x_wconf 88' lang='lat' dir='ltr'><strong>depellite:</strong></span> <span class='ocrx_word' id='word_1_310' title='bbox 1460 2888 1515 2935; x_wconf 89' lang='lat' dir='ltr'><strong>et</strong></span> <span class='ocrx_word' id='word_1_311' title='bbox 1559 2879 1814 2949; x_wconf 86' lang='lat' dir='ltr'><strong>omnibus</strong></span> <span class='ocrx_word' id='word_1_312' title='bbox 1854 2881 2072 2937; x_wconf 86' lang='lat' dir='ltr'><strong>illorum</strong></span> 
     </span>
    </p>
   </div>
   <div class='ocr_carea' id='block_1_45' title="bbox 492 2970 2074 3047">
    <p class='ocr_par' dir='ltr' id='par_1_45' title="bbox 492 2970 2074 3047">
     <span class='ocr_line' id='line_1_45' title="bbox 492 2970 2074 3047; baseline 0.001 -19"><span class='ocrx_word' id='word_1_313' title='bbox 492 2974 829 3047; x_wconf 80' lang='lat' dir='ltr'><strong>argumentis</strong></span> <span class='ocrx_word' id='word_1_314' title='bbox 864 2973 1092 3038; x_wconf 82' lang='lat' dir='ltr'><strong>eversis,</strong></span> <span class='ocrx_word' id='word_1_315' title='bbox 1128 2972 1406 3029; x_wconf 88' lang='lat' dir='ltr'><strong>silentium</strong></span> <span class='ocrx_word' id='word_1_316' title='bbox 1436 2972 1683 3029; x_wconf 89' lang='lat' dir='ltr'><strong>indicite.</strong></span> <span class='ocrx_word' id='word_1_317' title='bbox 1724 2970 2074 3046; x_wconf 73' lang='lat' dir='ltr'><strong>Qumrunque</strong></span> 
     </span>
    </p>
   </div>
   <div class='ocr_carea' id='block_1_46' title="bbox 494 3059 2072 3137">
    <p class='ocr_par' dir='ltr' id='par_1_46' title="bbox 494 3059 2072 3137">
     <span class='ocr_line' id='line_1_46' title="bbox 494 3059 2072 3137; baseline 0.004 -24"><span class='ocrx_word' id='word_1_318' title='bbox 494 3074 659 3130; x_wconf 90' lang='lat' dir='ltr'><strong>porro</strong></span> <span class='ocrx_word' id='word_1_319' title='bbox 704 3060 970 3117; x_wconf 87' lang='lat' dir='ltr'><strong>adversus</strong></span> <span class='ocrx_word' id='word_1_320' title='bbox 1019 3059 1188 3116; x_wconf 86' lang='lat' dir='ltr'><strong>Deum</strong></span> <span class='ocrx_word' id='word_1_321' title='bbox 1221 3074 1286 3115; x_wconf 91' lang='lat' dir='ltr'><strong>ac</strong></span> <span class='ocrx_word' id='word_1_322' title='bbox 1332 3069 1556 3137; x_wconf 85' lang='lat' dir='ltr'><strong>sanctos</strong></span> <span class='ocrx_word' id='word_1_323' title='bbox 1597 3061 1719 3131; x_wconf 85' lang='lat' dir='ltr'><strong>ejus</strong></span> <span class='ocrx_word' id='word_1_324' title='bbox 1772 3064 2072 3134; x_wconf 84' lang='lat' dir='ltr'><strong>prophetas</strong></span> 
     </span>
    </p>
   </div>
   <div class='ocr_carea' id='block_1_47' title="bbox 492 3152 2074 3225">
    <p class='ocr_par' dir='ltr' id='par_1_47' title="bbox 492 3152 2074 3225">
     <span class='ocr_line' id='line_1_47' title="bbox 492 3152 2074 3225; baseline 0.002 -16"><span class='ocrx_word' id='word_1_325' title='bbox 492 3161 697 3209; x_wconf 84' lang='lat' dir='ltr'><strong>temere</strong></span> <span class='ocrx_word' id='word_1_326' title='bbox 719 3153 973 3224; x_wconf 83' lang='lat' dir='ltr'><strong>garriunt</strong></span> <span class='ocrx_word' id='word_1_327' title='bbox 1002 3152 1253 3209; x_wconf 84' lang='lat' dir='ltr'><strong>homines</strong></span> <span class='ocrx_word' id='word_1_328' title='bbox 1279 3152 1567 3219; x_wconf 87' lang='lat' dir='ltr'><strong>levissimi,</strong></span> <span class='ocrx_word' id='word_1_329' title='bbox 1608 3169 1673 3210; x_wconf 93' lang='lat' dir='ltr'><strong>ac</strong></span> <span class='ocrx_word' id='word_1_330' title='bbox 1710 3153 1916 3225; x_wconf 87' lang='lat' dir='ltr'><strong>Spiritu</strong></span> <span class='ocrx_word' id='word_1_331' title='bbox 1947 3172 2074 3212; x_wconf 85' lang='lat' dir='ltr'><strong>san-</strong></span> 
     </span>
    </p>
   </div>
   <div class='ocr_carea' id='block_1_48' title="bbox 2184 2049 3764 2128">
    <p class='ocr_par' dir='ltr' id='par_1_48' title="bbox 2184 2049 3764 2128">
     <span class='ocr_line' id='line_1_48' title="bbox 2184 2049 3764 2128; baseline -0.008 -14"><span class='ocrx_word' id='word_1_332' title='bbox 2184 2056 2435 2122; x_wconf 76' lang='grc' dir='ltr'>6ι6άζετε</span> <span class='ocrx_word' id='word_1_333' title='bbox 2472 2056 2569 2128; x_wconf 81' lang='grc' dir='ltr'><strong>μὲν</strong></span> <span class='ocrx_word' id='word_1_334' title='bbox 2602 2055 2799 2118; x_wconf 78' lang='grc' dir='ltr'>αὐτοὺς</span> <span class='ocrx_word' id='word_1_335' title='bbox 2837 2053 2931 2108; x_wconf 72' lang='grc' dir='ltr'><strong>ἐπὶ</strong></span> <span class='ocrx_word' id='word_1_336' title='bbox 2966 2052 3068 2123; x_wconf 81' lang='grc' dir='ltr'><strong>γῆς</strong></span> <span class='ocrx_word' id='word_1_337' title='bbox 3109 2051 3206 2122; x_wconf 77' lang='grc' dir='ltr'><strong>μὲν</strong></span> <span class='ocrx_word' id='word_1_338' title='bbox 3247 2049 3504 2121; x_wconf 75' lang='grc' dir='ltr'>βαδίζειν,</span> <span class='ocrx_word' id='word_1_339' title='bbox 3554 2049 3613 2103; x_wconf 88' lang='grc' dir='ltr'><strong>ἐν</strong></span> <span class='ocrx_word' id='word_1_340' title='bbox 3667 2050 3764 2102; x_wconf 74' lang='grc' dir='ltr'>ού-</span> 
     </span>
    </p>
   </div>
   <div class='ocr_carea' id='block_1_49' title="bbox 2184 2139 3867 2226">
    <p class='ocr_par' dir='ltr' id='par_1_49' title="bbox 2184 2139 3867 2226">
     <span class='ocr_line' id='line_1_49' title="bbox 2184 2139 3867 2226; baseline -0.009 -21"><span class='ocrx_word' id='word_1_341' title='bbox 2184 2149 2332 2226; x_wconf 86' lang='grc' dir='ltr'>ρανῷ</span> <span class='ocrx_word' id='word_1_342' title='bbox 2357 2150 2415 2204; x_wconf 83' lang='grc' dir='ltr'>δὲ</span> <span class='ocrx_word' id='word_1_343' title='bbox 2445 2148 2590 2220; x_wconf 80' lang='grc' dir='ltr'>ἐχειν</span> <span class='ocrx_word' id='word_1_344' title='bbox 2622 2148 2683 2202; x_wconf 82' lang='grc' dir='ltr'><strong>τὸ</strong></span> <span class='ocrx_word' id='word_1_345' title='bbox 2713 2146 3035 2216; x_wconf 89' lang='grc' dir='ltr'>πολίτευμα.</span> <span class='ocrx_word' id='word_1_346' title='bbox 3067 2141 3332 2213; x_wconf 80' lang='grc' dir='ltr'>Μοναχῶν</span> <span class='ocrx_word' id='word_1_347' title='bbox 3360 2142 3417 2195; x_wconf 86' lang='grc' dir='ltr'><strong>δέ</strong></span> <span class='ocrx_word' id='word_1_348' title='bbox 3452 2139 3612 2212; x_wconf 78' lang='grc' dir='ltr'>ζῆλον</span> <span class='ocrx_word' id='word_1_349' title='bbox 3647 2139 3763 2202; x_wconf 74' lang='grc' dir='ltr'>τοῖς</span> <span class='ocrx_word' id='word_1_350' title='bbox 3856 2154 3867 2158; x_wconf 62' lang='lat'><em>‘</em></span> 
     </span>
    </p>
   </div>
   <div class='ocr_carea' id='block_1_50' title="bbox 2181 2232 3764 2311">
    <p class='ocr_par' dir='ltr' id='par_1_50' title="bbox 2181 2232 3764 2311">
     <span class='ocr_line' id='line_1_50' title="bbox 2181 2232 3764 2311; baseline -0.008 -14"><span class='ocrx_word' id='word_1_351' title='bbox 2181 2244 2451 2306; x_wconf 79' lang='grc' dir='ltr'>πλείστοις</span> <span class='ocrx_word' id='word_1_352' title='bbox 2481 2241 2774 2311; x_wconf 79' lang='grc' dir='ltr'>ἐγγεννᾶτε</span> <span class='ocrx_word' id='word_1_353' title='bbox 2793 2238 2879 2294; x_wconf 73' lang='grc' dir='ltr'><strong>διὰ</strong></span> <span class='ocrx_word' id='word_1_354' title='bbox 2903 2238 3003 2308; x_wconf 79' lang='grc' dir='ltr'><strong>τῆς</strong></span> <span class='ocrx_word' id='word_1_355' title='bbox 3030 2238 3087 2290; x_wconf 86' lang='grc' dir='ltr'><strong>ἐν</strong></span> <span class='ocrx_word' id='word_1_356' title='bbox 3119 2236 3247 2306; x_wconf 82' lang='grc' dir='ltr'>ὑμῖν</span> <span class='ocrx_word' id='word_1_357' title='bbox 3282 2232 3642 2306; x_wconf 74' lang='grc' dir='ltr'>στερρότητος</span> <span class='ocrx_word' id='word_1_358' title='bbox 3667 2233 3764 2285; x_wconf 70' lang='grc' dir='ltr'><strong>καὶ</strong></span> 
     </span>
    </p>
   </div>
   <div class='ocr_carea' id='block_1_51' title="bbox 2179 2324 3765 2406">
    <p class='ocr_par' dir='ltr' id='par_1_51' title="bbox 2179 2324 3765 2406">
     <span class='ocr_line' id='line_1_51' title="bbox 2179 2324 3765 2406; baseline -0.009 -15"><span class='ocrx_word' id='word_1_359' title='bbox 2179 2334 2543 2406; x_wconf 78' lang='grc' dir='ltr'>ἀνυποκρίτου</span> <span class='ocrx_word' id='word_1_360' title='bbox 2571 2331 2833 2394; x_wconf 81' lang='grc' dir='ltr'>πίστεως·</span> <span class='ocrx_word' id='word_1_361' title='bbox 2862 2327 3190 2401; x_wconf 82' lang='grc' dir='ltr'>αἱρεσιώτας</span> <span class='ocrx_word' id='word_1_362' title='bbox 3209 2324 3553 2396; x_wconf 77' lang='grc' dir='ltr'>στυγοῦντες,</span> <span class='ocrx_word' id='word_1_363' title='bbox 3586 2324 3765 2379; x_wconf 85' lang='grc' dir='ltr'>Μανι-</span> 
     </span>
    </p>
   </div>
   <div class='ocr_carea' id='block_1_52' title="bbox 2179 2415 3765 2500">
    <p class='ocr_par' dir='ltr' id='par_1_52' title="bbox 2179 2415 3765 2500">
     <span class='ocr_line' id='line_1_52' title="bbox 2179 2415 3765 2500; baseline -0.009 -18"><span class='ocrx_word' id='word_1_364' title='bbox 2179 2427 2366 2500; x_wconf 76' lang='grc' dir='ltr'>χαίους</span> <span class='ocrx_word' id='word_1_365' title='bbox 2395 2425 2710 2497; x_wconf 81' lang='grc' dir='ltr'>φιμοῦντες,</span> <span class='ocrx_word' id='word_1_366' title='bbox 2732 2419 3151 2495; x_wconf 79' lang='grc' dir='ltr'>Μαρκιωνιστάς</span> <span class='ocrx_word' id='word_1_367' title='bbox 3178 2418 3274 2473; x_wconf 75' lang='grc' dir='ltr'>καὶ</span> <span class='ocrx_word' id='word_1_368' title='bbox 3297 2417 3521 2480; x_wconf 70' lang='grc' dir='ltr'>λοιποὺς</span> <span class='ocrx_word' id='word_1_369' title='bbox 3541 2415 3765 2487; x_wconf 79' lang='grc' dir='ltr'>ὁμοίους</span> 
     </span>
    </p>
   </div>
   <div class='ocr_carea' id='block_1_53' title="bbox 2178 2507 3761 2591">
    <p class='ocr_par' dir='ltr' id='par_1_53' title="bbox 2178 2507 3761 2591">
     <span class='ocr_line' id='line_1_53' title="bbox 2178 2507 3761 2591; baseline -0.009 -17"><span class='ocrx_word' id='word_1_370' title='bbox 2178 2519 2358 2575; x_wconf 79' lang='grc' dir='ltr'>αὐτῶν</span> <span class='ocrx_word' id='word_1_371' title='bbox 2404 2519 2505 2591; x_wconf 83' lang='grc' dir='ltr'>τῆς</span> <span class='ocrx_word' id='word_1_372' title='bbox 2536 2515 2630 2570; x_wconf 81' lang='grc' dir='ltr'><strong>τοῦ</strong></span> <span class='ocrx_word' id='word_1_373' title='bbox 2684 2512 2818 2569; x_wconf 84' lang='grc' dir='ltr'><strong>Θεοῦ</strong></span> <span class='ocrx_word' id='word_1_374' title='bbox 2882 2511 3123 2586; x_wconf 80' lang='grc' dir='ltr'>μάνδρας</span> <span class='ocrx_word' id='word_1_375' title='bbox 3169 2508 3534 2573; x_wconf 87' lang='grc' dir='ltr'>ἀπελαύνετε,</span> <span class='ocrx_word' id='word_1_376' title='bbox 3577 2507 3761 2572; x_wconf 85' lang='grc' dir='ltr'>πάσας</span> 
     </span>
    </p>
   </div>
   <div class='ocr_carea' id='block_1_54' title="bbox 2178 2598 3765 2679">
    <p class='ocr_par' dir='ltr' id='par_1_54' title="bbox 2178 2598 3765 2679">
     <span class='ocr_line' id='line_1_54' title="bbox 2178 2598 3765 2679; baseline -0.01 -12"><span class='ocrx_word' id='word_1_377' title='bbox 2178 2611 2358 2667; x_wconf 80' lang='grc' dir='ltr'>αὐτῶν</span> <span class='ocrx_word' id='word_1_378' title='bbox 2398 2610 2496 2674; x_wconf 81' lang='grc' dir='ltr'><strong>τάς</strong></span> <span class='ocrx_word' id='word_1_379' title='bbox 2546 2607 2849 2679; x_wconf 81' lang='grc' dir='ltr'>προφάσεις</span> <span class='ocrx_word' id='word_1_380' title='bbox 2919 2602 3290 2678; x_wconf 81' lang='grc' dir='ltr'>παραλύοντες</span> <span class='ocrx_word' id='word_1_381' title='bbox 3333 2601 3427 2655; x_wconf 76' lang='grc' dir='ltr'>καὶ</span> <span class='ocrx_word' id='word_1_382' title='bbox 3473 2598 3765 2670; x_wconf 84' lang='grc' dir='ltr'>ἐπιστομί-</span> 
     </span>
    </p>
   </div>
   <div class='ocr_carea' id='block_1_55' title="bbox 2177 2691 3763 2772">
    <p class='ocr_par' dir='ltr' id='par_1_55' title="bbox 2177 2691 3763 2772">
     <span class='ocr_line' id='line_1_55' title="bbox 2177 2691 3763 2772; baseline -0.009 -14"><span class='ocrx_word' id='word_1_383' title='bbox 2177 2704 2381 2771; x_wconf 83' lang='grc' dir='ltr'>ζοντες.</span> <span class='ocrx_word' id='word_1_384' title='bbox 2406 2702 2547 2756; x_wconf 85' lang='grc' dir='ltr'>Ὅσα</span> <span class='ocrx_word' id='word_1_385' title='bbox 2581 2701 2690 2772; x_wconf 79' lang='grc' dir='ltr'><strong>γὰρ</strong></span> <span class='ocrx_word' id='word_1_386' title='bbox 2718 2697 2861 2754; x_wconf 83' lang='grc' dir='ltr'>κατὰ</span> <span class='ocrx_word' id='word_1_387' title='bbox 2886 2696 2985 2752; x_wconf 82' lang='grc' dir='ltr'><strong>τοῦ</strong></span> <span class='ocrx_word' id='word_1_388' title='bbox 3003 2692 3137 2750; x_wconf 78' lang='grc' dir='ltr'>Θεοῦ</span> <span class='ocrx_word' id='word_1_389' title='bbox 3166 2695 3261 2748; x_wconf 75' lang='grc' dir='ltr'><strong>καὶ</strong></span> <span class='ocrx_word' id='word_1_390' title='bbox 3284 2693 3425 2748; x_wconf 87' lang='grc' dir='ltr'><strong>κατά</strong></span> <span class='ocrx_word' id='word_1_391' title='bbox 3451 2693 3560 2747; x_wconf 88' lang='grc' dir='ltr'><strong>τῶν</strong></span> <span class='ocrx_word' id='word_1_392' title='bbox 3587 2691 3763 2760; x_wconf 78' lang='grc' dir='ltr'>ἁγίων</span> 
     </span>
    </p>
   </div>
   <div class='ocr_carea' id='block_1_56' title="bbox 2176 2781 3762 2866">
    <p class='ocr_par' dir='ltr' id='par_1_56' title="bbox 2176 2781 3762 2866">
     <span class='ocr_line' id='line_1_56' title="bbox 2176 2781 3762 2866; baseline -0.011 -15"><span class='ocrx_word' id='word_1_393' title='bbox 2176 2794 2341 2851; x_wconf 82' lang='grc' dir='ltr'>αὐτοῦ</span> <span class='ocrx_word' id='word_1_394' title='bbox 2378 2792 2676 2866; x_wconf 79' lang='grc' dir='ltr'>προφητῶν</span> <span class='ocrx_word' id='word_1_395' title='bbox 2711 2789 2999 2862; x_wconf 84' lang='grc' dir='ltr'>τολμηρῶς</span> <span class='ocrx_word' id='word_1_396' title='bbox 3036 2785 3530 2857; x_wconf 80' lang='grc' dir='ltr'>καταφθέγγονται,</span> <span class='ocrx_word' id='word_1_397' title='bbox 3564 2781 3762 2850; x_wconf 78' lang='grc' dir='ltr'>κοῦφοι</span> 
     </span>
    </p>
   </div>
   <div class='ocr_carea' id='block_1_57' title="bbox 2175 2872 3763 2953">
    <p class='ocr_par' dir='ltr' id='par_1_57' title="bbox 2175 2872 3763 2953">
     <span class='ocr_line' id='line_1_57' title="bbox 2175 2872 3763 2953; baseline -0.011 -11"><span class='ocrx_word' id='word_1_398' title='bbox 2175 2888 2328 2952; x_wconf 71' lang='grc' dir='ltr'>ὄντες</span> <span class='ocrx_word' id='word_1_399' title='bbox 2353 2887 2447 2941; x_wconf 72' lang='grc' dir='ltr'>καὶ</span> <span class='ocrx_word' id='word_1_400' title='bbox 2477 2885 2624 2942; x_wconf 73' lang='grc' dir='ltr'>κενοὶ</span> <span class='ocrx_word' id='word_1_401' title='bbox 2647 2884 2758 2939; x_wconf 78' lang='grc' dir='ltr'><strong>ἀπὸ</strong></span> <span class='ocrx_word' id='word_1_402' title='bbox 2788 2882 2945 2952; x_wconf 81' lang='grc' dir='ltr'>ἁγίου</span> <span class='ocrx_word' id='word_1_403' title='bbox 2973 2880 3114 2935; x_wconf 89' lang='grc' dir='ltr'>Πνεύ</span> <span class='ocrx_word' id='word_1_404' title='bbox 3124 2896 3312 2953; x_wconf 82' lang='grc' dir='ltr'>ματος,</span> <span class='ocrx_word' id='word_1_405' title='bbox 3353 2878 3433 2941; x_wconf 81' lang='grc' dir='ltr'><strong>είς</strong></span> <span class='ocrx_word' id='word_1_406' title='bbox 3456 2875 3512 2929; x_wconf 82' lang='grc' dir='ltr'><strong>δὲ</strong></span> <span class='ocrx_word' id='word_1_407' title='bbox 3532 2874 3625 2928; x_wconf 77' lang='grc' dir='ltr'><strong>τὸν</strong></span> <span class='ocrx_word' id='word_1_408' title='bbox 3647 2872 3763 2927; x_wconf 86' lang='grc' dir='ltr'><strong>τῶν</strong></span> 
     </span>
    </p>
   </div>
   <div class='ocr_carea' id='block_1_58' title="bbox 2175 2964 3764 3052">
    <p class='ocr_par' dir='ltr' id='par_1_58' title="bbox 2175 2964 3764 3052">
     <span class='ocr_line' id='line_1_58' title="bbox 2175 2964 3764 3052; baseline -0.009 -16"><span class='ocrx_word' id='word_1_409' title='bbox 2175 2981 2313 3036; x_wconf 85' lang='grc' dir='ltr'>ὅλων</span> <span class='ocrx_word' id='word_1_410' title='bbox 2340 2977 2674 3052; x_wconf 76' lang='grc' dir='ltr'>δημιουργὸν</span> <span class='ocrx_word' id='word_1_411' title='bbox 2702 2971 3103 3047; x_wconf 78' lang='grc' dir='ltr'>βλασφημοῦσι,</span> <span class='ocrx_word' id='word_1_412' title='bbox 3130 2970 3222 3025; x_wconf 68' lang='grc' dir='ltr'><strong>καὶ</strong></span> <span class='ocrx_word' id='word_1_413' title='bbox 3245 2970 3346 3024; x_wconf 83' lang='grc' dir='ltr'>ὅσα</span> <span class='ocrx_word' id='word_1_414' title='bbox 3366 2966 3508 3022; x_wconf 87' lang='grc' dir='ltr'><strong>καλά</strong></span> <span class='ocrx_word' id='word_1_415' title='bbox 3530 2966 3619 3020; x_wconf 78' lang='grc' dir='ltr'>διὰ</span> <span class='ocrx_word' id='word_1_416' title='bbox 3646 2964 3764 3021; x_wconf 80' lang='grc' dir='ltr'><strong>τῶν</strong></span> 
     </span>
    </p>
   </div>
   <div class='ocr_carea' id='block_1_59' title="bbox 2176 3054 3761 3142">
    <p class='ocr_par' dir='ltr' id='par_1_59' title="bbox 2176 3054 3761 3142">
     <span class='ocr_line' id='line_1_59' title="bbox 2176 3054 3761 3142; baseline -0.012 -16"><span class='ocrx_word' id='word_1_417' title='bbox 2176 3071 2349 3142; x_wconf 81' lang='grc' dir='ltr'>ἁγίων</span> <span class='ocrx_word' id='word_1_418' title='bbox 2388 3066 2554 3125; x_wconf 81' lang='grc' dir='ltr'>αὑτοῦ</span> <span class='ocrx_word' id='word_1_419' title='bbox 2590 3063 2887 3141; x_wconf 78' lang='grc' dir='ltr'>προφητῶν</span> <span class='ocrx_word' id='word_1_420' title='bbox 2920 3064 3031 3127; x_wconf 87' lang='grc' dir='ltr'>τοῖς</span> <span class='ocrx_word' id='word_1_421' title='bbox 3073 3062 3238 3116; x_wconf 81' lang='grc' dir='ltr'>πᾶσιν</span> <span class='ocrx_word' id='word_1_422' title='bbox 3276 3054 3581 3130; x_wconf 79' lang='grc' dir='ltr'>ἀνθρώποις</span> <span class='ocrx_word' id='word_1_423' title='bbox 3610 3054 3761 3107; x_wconf 82' lang='grc' dir='ltr'>κατὰ</span> 
     </span>
    </p>
   </div>
   <div class='ocr_carea' id='block_1_60' title="bbox 2177 3146 3763 3236">
    <p class='ocr_par' dir='ltr' id='par_1_60' title="bbox 2177 3146 3763 3236">
     <span class='ocr_line' id='line_1_60' title="bbox 2177 3146 3763 3236; baseline -0.009 -19"><span class='ocrx_word' id='word_1_424' title='bbox 2177 3161 2516 3236; x_wconf 83' lang='grc' dir='ltr'>προφητείαν</span> <span class='ocrx_word' id='word_1_425' title='bbox 2555 3163 2584 3215; x_wconf 97' lang='lat'><strong>6</strong></span> <span class='ocrx_word' id='word_1_426' title='bbox 2618 3160 2751 3222; x_wconf 85' lang='grc' dir='ltr'>Θεὸς</span> <span class='ocrx_word' id='word_1_427' title='bbox 2789 3155 3105 3229; x_wconf 86' lang='grc' dir='ltr'>ἐχαρίσατο,</span> <span class='ocrx_word' id='word_1_428' title='bbox 3134 3146 3281 3207; x_wconf 75' lang='grc' dir='ltr'>οὗτοι</span> <span class='ocrx_word' id='word_1_429' title='bbox 3317 3149 3557 3220; x_wconf 78' lang='grc' dir='ltr'>μισοῦσι,</span> <span class='ocrx_word' id='word_1_430' title='bbox 3594 3146 3667 3201; x_wconf 83' lang='grc' dir='ltr'><strong>τά</strong></span> <span class='ocrx_word' id='word_1_431' title='bbox 3699 3162 3763 3202; x_wconf 68' lang='grc' dir='ltr'><strong>τε</strong></span> 
     </span>
    </p>
   </div>
   <div class='ocr_carea' id='block_1_61' title="bbox 492 3236 2074 3338">
    <p class='ocr_par' dir='ltr' id='par_1_61' title="bbox 492 3244 2072 3315">
     <span class='ocr_line' id='line_1_61' title="bbox 492 3244 2072 3315; baseline 0.002 -15"><span class='ocrx_word' id='word_1_432' title='bbox 492 3253 585 3300; x_wconf 91' lang='lat' dir='ltr'><strong>cto</strong></span> <span class='ocrx_word' id='word_1_433' title='bbox 613 3244 901 3301; x_wconf 88' lang='lat' dir='ltr'><strong>destituti:</strong></span> <span class='ocrx_word' id='word_1_434' title='bbox 943 3251 1059 3298; x_wconf 88' lang='lat' dir='ltr'><strong>tum</strong></span> <span class='ocrx_word' id='word_1_435' title='bbox 1091 3260 1213 3315; x_wconf 76' lang='lat' dir='ltr'><strong>qua:</strong></span> <span class='ocrx_word' id='word_1_436' title='bbox 1259 3244 1316 3299; x_wconf 90' lang='lat' dir='ltr'><strong>in</strong></span> <span class='ocrx_word' id='word_1_437' title='bbox 1347 3245 1689 3302; x_wconf 85' lang='lat' dir='ltr'><strong>conditorem</strong></span> <span class='ocrx_word' id='word_1_438' title='bbox 1722 3263 1909 3304; x_wconf 85' lang='lat' dir='ltr'><strong>rerum</strong></span> <span class='ocrx_word' id='word_1_439' title='bbox 1955 3264 2072 3304; x_wconf 85' lang='lat' dir='ltr'><strong>om-</strong></span> 
     </span>
    </p>
   </div>
   <div class='ocr_carea' id='block_1_62' title="bbox 2179 3236 3763 3338">
    <p class='ocr_par' dir='ltr' id='par_1_62' title="bbox 2180 3236 3763 3338">
     <span class='ocr_line' id='line_1_62' title="bbox 2180 3236 3763 3338; baseline -0.012 -28"><span class='ocrx_word' id='word_1_440' title='bbox 2180 3255 2455 3327; x_wconf 82' lang='grc' dir='ltr'>βαθύτατα</span> <span class='ocrx_word' id='word_1_441' title='bbox 2476 3252 2572 3307; x_wconf 79' lang='grc' dir='ltr'><strong>τοῦ</strong></span> <span class='ocrx_word' id='word_1_442' title='bbox 2603 3251 2771 3323; x_wconf 88' lang='grc' dir='ltr'>νόμου</span> <span class='ocrx_word' id='word_1_443' title='bbox 2801 3252 2897 3304; x_wconf 70' lang='grc' dir='ltr'><strong>καὶ</strong></span> <span class='ocrx_word' id='word_1_444' title='bbox 2918 3248 3028 3302; x_wconf 88' lang='grc' dir='ltr'><strong>τῶν</strong></span> <span class='ocrx_word' id='word_1_445' title='bbox 3063 3243 3379 3317; x_wconf 86' lang='grc' dir='ltr'>προφητῶν,</span> <span class='ocrx_word' id='word_1_446' title='bbox 3410 3236 3496 3295; x_wconf 69' lang='grc' dir='ltr'>οἷα</span> <span class='ocrx_word' id='word_1_447' title='bbox 3519 3240 3585 3312; x_wconf 84' lang='grc' dir='ltr'>δὴ</span> <span class='ocrx_word' id='word_1_448' title='bbox 3617 3238 3763 3338; x_wconf 66' lang='grc' dir='ltr'>γεώ-</span> 
     </span>
    </p>
   </div>
   <div class='ocr_carea' id='block_1_63' title="bbox 492 3330 2074 3410">
    <p class='ocr_par' dir='ltr' id='par_1_63' title="bbox 492 3334 2072 3406">
     <span class='ocr_line' id='line_1_63' title="bbox 492 3334 2072 3406; baseline 0.004 -16"><span class='ocrx_word' id='word_1_449' title='bbox 492 3336 646 3390; x_wconf 83' lang='grc' dir='ltr'>ιιίιιιιι</span> <span class='ocrx_word' id='word_1_450' title='bbox 680 3335 1077 3392; x_wconf 89' lang='lat' dir='ltr'><strong>contumeliose</strong></span> <span class='ocrx_word' id='word_1_451' title='bbox 1104 3334 1343 3406; x_wconf 88' lang='lat' dir='ltr'><strong>jaciunt,</strong></span> <span class='ocrx_word' id='word_1_452' title='bbox 1371 3352 1496 3391; x_wconf 92' lang='lat' dir='ltr'><strong>cum</strong></span> <span class='ocrx_word' id='word_1_453' title='bbox 1527 3338 1741 3394; x_wconf 88' lang='lat' dir='ltr'><strong>scilicet</strong></span> <span class='ocrx_word' id='word_1_454' title='bbox 1782 3339 2072 3397; x_wconf 89' lang='lat' dir='ltr'><strong>innumera</strong></span> 
     </span>
    </p>
   </div>
   <div class='ocr_carea' id='block_1_64' title="bbox 2179 3330 3759 3410">
    <p class='ocr_par' dir='ltr' id='par_1_64' title="bbox 2179 3330 3759 3410">
     <span class='ocr_line' id='line_1_64' title="bbox 2179 3330 3759 3410; baseline -0.008 -12"><span class='ocrx_word' id='word_1_455' title='bbox 2179 3344 2287 3407; x_wconf 85' lang='grc' dir='ltr'>δεις</span> <span class='ocrx_word' id='word_1_456' title='bbox 2312 3344 2463 3407; x_wconf 73' lang='grc' dir='ltr'>ὄντες</span> <span class='ocrx_word' id='word_1_457' title='bbox 2494 3342 2589 3395; x_wconf 72' lang='grc' dir='ltr'><strong>καὶ</strong></span> <span class='ocrx_word' id='word_1_458' title='bbox 2630 3338 2964 3410; x_wconf 74' lang='grc' dir='ltr'>σωματικοὶ,</span> <span class='ocrx_word' id='word_1_459' title='bbox 2996 3332 3413 3404; x_wconf 83' lang='grc' dir='ltr'>ἀνακρινόμενοι</span> <span class='ocrx_word' id='word_1_460' title='bbox 3453 3331 3515 3385; x_wconf 82' lang='grc' dir='ltr'><strong>ού</strong></span> <span class='ocrx_word' id='word_1_461' title='bbox 3551 3330 3759 3392; x_wconf 82' lang='grc' dir='ltr'>νοοῦσι,</span> 
     </span>
    </p>
   </div>
   <div class='ocr_carea' id='block_1_65' title="bbox 492 3426 2072 3503">
    <p class='ocr_par' dir='ltr' id='par_1_65' title="bbox 492 3426 2072 3503">
     <span class='ocr_line' id='line_1_65' title="bbox 492 3426 2072 3503; baseline 0.004 -21"><span class='ocrx_word' id='word_1_462' title='bbox 492 3428 637 3482; x_wconf 85' lang='lat' dir='ltr'><strong>bona</strong></span> <span class='ocrx_word' id='word_1_463' title='bbox 690 3426 1063 3497; x_wconf 82' lang='lat' dir='ltr'><strong>beneficiaque</strong></span> <span class='ocrx_word' id='word_1_464' title='bbox 1104 3428 1162 3482; x_wconf 90' lang='lat' dir='ltr'><strong>in</strong></span> <span class='ocrx_word' id='word_1_465' title='bbox 1196 3427 1510 3483; x_wconf 88' lang='lat' dir='ltr'><strong>universum</strong></span> <span class='ocrx_word' id='word_1_466' title='bbox 1532 3428 1816 3486; x_wconf 85' lang='lat' dir='ltr'><strong>hominum</strong></span> <span class='ocrx_word' id='word_1_467' title='bbox 1844 3448 2021 3503; x_wconf 88' lang='lat' dir='ltr'><strong>genus</strong></span> <span class='ocrx_word' id='word_1_468' title='bbox 2041 3448 2072 3489; x_wconf 88' lang='lat' dir='ltr'><strong>a</strong></span> 
     </span>
    </p>
   </div>
   <div class='ocr_carea' id='block_1_66' title="bbox 493 3515 2072 3591">
    <p class='ocr_par' dir='ltr' id='par_1_66' title="bbox 493 3515 2072 3591">
     <span class='ocr_line' id='line_1_66' title="bbox 493 3515 2072 3591; baseline 0.004 -21"><span class='ocrx_word' id='word_1_469' title='bbox 493 3515 604 3571; x_wconf 81' lang='lat' dir='ltr'><strong>Deo</strong></span> <span class='ocrx_word' id='word_1_470' title='bbox 634 3533 729 3586; x_wconf 84' lang='lat' dir='ltr'><strong>per</strong></span> <span class='ocrx_word' id='word_1_471' title='bbox 756 3518 1134 3572; x_wconf 90' lang='lat' dir='ltr'><strong>sanctissimos</strong></span> <span class='ocrx_word' id='word_1_472' title='bbox 1159 3517 1455 3587; x_wconf 86' lang='lat' dir='ltr'><strong>prophetas</strong></span> <span class='ocrx_word' id='word_1_473' title='bbox 1488 3533 1789 3591; x_wconf 87' lang='lat' dir='ltr'><strong>eorumque</strong></span> <span class='ocrx_word' id='word_1_474' title='bbox 1813 3521 2072 3577; x_wconf 83' lang='lat' dir='ltr'><strong>vaticinia</strong></span> 
     </span>
    </p>
   </div>
   <div class='ocr_carea' id='block_1_67' title="bbox 490 3607 2073 3682">
    <p class='ocr_par' dir='ltr' id='par_1_67' title="bbox 490 3607 2073 3682">
     <span class='ocr_line' id='line_1_67' title="bbox 490 3607 2073 3682; baseline 0.006 -22"><span class='ocrx_word' id='word_1_475' title='bbox 490 3607 737 3663; x_wconf 81' lang='lat' dir='ltr'><strong>derivata</strong></span> <span class='ocrx_word' id='word_1_476' title='bbox 765 3607 1109 3663; x_wconf 89' lang='lat' dir='ltr'><strong>insectentur</strong></span> <span class='ocrx_word' id='word_1_477' title='bbox 1135 3614 1191 3663; x_wconf 83' lang='lat' dir='ltr'><strong>et</strong></span> <span class='ocrx_word' id='word_1_478' title='bbox 1219 3607 1466 3679; x_wconf 88' lang='lat' dir='ltr'><strong>oderint;</strong></span> <span class='ocrx_word' id='word_1_479' title='bbox 1496 3623 1562 3665; x_wconf 86' lang='lat' dir='ltr'><strong>ac</strong></span> <span class='ocrx_word' id='word_1_480' title='bbox 1589 3610 1727 3682; x_wconf 81' lang='lat' dir='ltr'><strong>legis</strong></span> <span class='ocrx_word' id='word_1_481' title='bbox 1754 3619 1808 3665; x_wconf 90' lang='lat' dir='ltr'><strong>et</strong></span> <span class='ocrx_word' id='word_1_482' title='bbox 1835 3613 2073 3682; x_wconf 82' lang='lat' dir='ltr'><strong>prophe-</strong></span> 
     </span>
    </p>
   </div>
   <div class='ocr_carea' id='block_1_68' title="bbox 492 3694 2075 3768">
    <p class='ocr_par' dir='ltr' id='par_1_68' title="bbox 492 3694 2075 3768">
     <span class='ocr_line' id='line_1_68' title="bbox 492 3694 2075 3768; baseline 0.006 -21"><span class='ocrx_word' id='word_1_483' title='bbox 492 3705 670 3749; x_wconf 88' lang='lat' dir='ltr'><strong>tarum</strong></span> <span class='ocrx_word' id='word_1_484' title='bbox 705 3694 978 3751; x_wconf 87' lang='lat' dir='ltr'><strong>altissima</strong></span> <span class='ocrx_word' id='word_1_485' title='bbox 1008 3694 1292 3767; x_wconf 88' lang='lat' dir='ltr'><strong>mysteria,</strong></span> <span class='ocrx_word' id='word_1_486' title='bbox 1322 3707 1587 3768; x_wconf 89' lang='lat' dir='ltr'><strong>tanquam</strong></span> <span class='ocrx_word' id='word_1_487' title='bbox 1610 3712 1737 3753; x_wconf 91' lang='lat' dir='ltr'><strong>cum</strong></span> <span class='ocrx_word' id='word_1_488' title='bbox 1769 3707 1914 3754; x_wconf 87' lang='lat' dir='ltr'><strong>terra</strong></span> <span class='ocrx_word' id='word_1_489' title='bbox 1949 3715 2075 3756; x_wconf 90' lang='lat' dir='ltr'><strong>cor-</strong></span> 
     </span>
    </p>
   </div>
   <div class='ocr_carea' id='block_1_69' title="bbox 490 3786 2074 3865">
    <p class='ocr_par' dir='ltr' id='par_1_69' title="bbox 490 3786 2074 3865">
     <span class='ocr_line' id='line_1_69' title="bbox 490 3786 2074 3865; baseline 0.006 -24"><span class='ocrx_word' id='word_1_490' title='bbox 490 3786 832 3857; x_wconf 88' lang='lat' dir='ltr'><strong>poribusque</strong></span> <span class='ocrx_word' id='word_1_491' title='bbox 883 3788 1128 3843; x_wconf 89' lang='lat' dir='ltr'><strong>concreti</strong></span> <span class='ocrx_word' id='word_1_492' title='bbox 1165 3787 1436 3854; x_wconf 88' lang='lat' dir='ltr'><strong>homines,</strong></span> <span class='ocrx_word' id='word_1_493' title='bbox 1487 3790 1818 3860; x_wconf 88' lang='lat' dir='ltr'><strong>inquirendo</strong></span> <span class='ocrx_word' id='word_1_494' title='bbox 1850 3796 2074 3865; x_wconf 88' lang='lat' dir='ltr'><strong>assequi</strong></span> 
     </span>
    </p>
   </div>
   <div class='ocr_carea' id='block_1_70' title="bbox 2184 3416 3762 3508">
    <p class='ocr_par' dir='ltr' id='par_1_70' title="bbox 2184 3416 3762 3508">
     <span class='ocr_line' id='line_1_70' title="bbox 2184 3416 3762 3508; baseline -0.011 -19"><span class='ocrx_word' id='word_1_495' title='bbox 2184 3435 2360 3508; x_wconf 83' lang='grc' dir='ltr'>μάτην</span> <span class='ocrx_word' id='word_1_496' title='bbox 2393 3428 2804 3504; x_wconf 71' lang='grc' dir='ltr'>βλασφημοῦσιν</span> <span class='ocrx_word' id='word_1_497' title='bbox 2832 3427 2992 3490; x_wconf 74' lang='grc' dir='ltr'>εὐθὺς</span> <span class='ocrx_word' id='word_1_498' title='bbox 3014 3427 3054 3458; x_wconf 80' lang='grc'>¹¹</span> <span class='ocrx_word' id='word_1_499' title='bbox 3084 3423 3183 3498; x_wconf 78' lang='grc' dir='ltr'>τὴν</span> <span class='ocrx_word' id='word_1_500' title='bbox 3204 3421 3384 3477; x_wconf 73' lang='grc' dir='ltr'>αὐτῶν</span> <span class='ocrx_word' id='word_1_501' title='bbox 3414 3416 3646 3493; x_wconf 80' lang='grc' dir='ltr'>πλάνην,</span> <span class='ocrx_word' id='word_1_502' title='bbox 3679 3422 3762 3493; x_wconf 77' lang='grc' dir='ltr'>μὴ</span> 
     </span>
    </p>
   </div>
   <div class='ocr_carea' id='block_1_71' title="bbox 2179 3511 3765 3583">
    <p class='ocr_par' dir='ltr' id='par_1_71' title="bbox 2179 3511 3765 3583">
     <span class='ocr_line' id='line_1_71' title="bbox 2179 3511 3765 3583; baseline -0.008 -5"><span class='ocrx_word' id='word_1_503' title='bbox 2179 3526 2387 3581; x_wconf 82' lang='grc' dir='ltr'>ὀκνεῖτε</span> <span class='ocrx_word' id='word_1_504' title='bbox 2419 3523 2527 3577; x_wconf 72' lang='grc' dir='ltr'>ἀπὸ</span> <span class='ocrx_word' id='word_1_505' title='bbox 2554 3522 2663 3576; x_wconf 88' lang='grc' dir='ltr'><strong>τῶν</strong></span> <span class='ocrx_word' id='word_1_506' title='bbox 2700 3518 3032 3583; x_wconf 85' lang='grc' dir='ltr'>ἀκουόντων,</span> <span class='ocrx_word' id='word_1_507' title='bbox 3065 3513 3388 3572; x_wconf 80' lang='grc' dir='ltr'>ἀποσείεσθε</span> <span class='ocrx_word' id='word_1_508' title='bbox 3424 3514 3622 3576; x_wconf 74' lang='grc' dir='ltr'>αὐτοὺς</span> <span class='ocrx_word' id='word_1_509' title='bbox 3647 3511 3765 3567; x_wconf 74' lang='grc' dir='ltr'><strong>ἀπὸ</strong></span> 
     </span>
    </p>
   </div>
   <div class='ocr_carea' id='block_1_72' title="bbox 2176 3605 3762 3686">
    <p class='ocr_par' dir='ltr' id='par_1_72' title="bbox 2176 3605 3762 3686">
     <span class='ocr_line' id='line_1_72' title="bbox 2176 3605 3762 3686; baseline -0.008 -17"><span class='ocrx_word' id='word_1_510' title='bbox 2176 3615 2286 3670; x_wconf 85' lang='grc' dir='ltr'><strong>τῶν</strong></span> <span class='ocrx_word' id='word_1_511' title='bbox 2306 3613 2575 3686; x_wconf 78' lang='grc' dir='ltr'>ἀληθινῶν</span> <span class='ocrx_word' id='word_1_512' title='bbox 2603 3610 2931 3677; x_wconf 80' lang='grc' dir='ltr'>ἀποδείξεων</span> <span class='ocrx_word' id='word_1_513' title='bbox 2950 3628 2964 3643; x_wconf 74' lang='grc' dir='ltr'><strong>ο</strong></span> <span class='ocrx_word' id='word_1_514' title='bbox 2990 3611 3078 3665; x_wconf 77' lang='grc' dir='ltr'><strong>διὰ</strong></span> <span class='ocrx_word' id='word_1_515' title='bbox 3109 3609 3220 3681; x_wconf 77' lang='grc' dir='ltr'>γὰρ</span> <span class='ocrx_word' id='word_1_516' title='bbox 3238 3607 3345 3662; x_wconf 90' lang='grc' dir='ltr'><strong>τῶν</strong></span> <span class='ocrx_word' id='word_1_517' title='bbox 3372 3605 3628 3661; x_wconf 88' lang='grc' dir='ltr'>τοιούτων</span> <span class='ocrx_word' id='word_1_518' title='bbox 3661 3607 3762 3676; x_wconf 72' lang='grc' dir='ltr'><strong>ῥη-</strong></span> 
     </span>
    </p>
   </div>
   <div class='ocr_carea' id='block_1_73' title="bbox 2181 3694 3760 3776">
    <p class='ocr_par' dir='ltr' id='par_1_73' title="bbox 2181 3694 3760 3776">
     <span class='ocr_line' id='line_1_73' title="bbox 2181 3694 3760 3776; baseline -0.006 -18"><span class='ocrx_word' id='word_1_519' title='bbox 2181 3703 2368 3776; x_wconf 82' lang='grc' dir='ltr'>μάτων</span> <span class='ocrx_word' id='word_1_520' title='bbox 2399 3704 2450 3757; x_wconf 84' lang='grc' dir='ltr'><strong>οί</strong></span> <span class='ocrx_word' id='word_1_521' title='bbox 2479 3702 2900 3773; x_wconf 82' lang='grc' dir='ltr'>ματαιόφρονες,</span> <span class='ocrx_word' id='word_1_522' title='bbox 2933 3699 3121 3774; x_wconf 81' lang='grc' dir='ltr'>ὥσπερ</span> <span class='ocrx_word' id='word_1_523' title='bbox 3158 3696 3411 3771; x_wconf 84' lang='grc' dir='ltr'>φρύγανα</span> <span class='ocrx_word' id='word_1_524' title='bbox 3442 3698 3500 3753; x_wconf 84' lang='grc' dir='ltr'><strong>ἐν</strong></span> <span class='ocrx_word' id='word_1_525' title='bbox 3524 3694 3760 3770; x_wconf 60' lang='grc' dir='ltr'>ῥεύματι</span> 
     </span>
    </p>
   </div>
   <div class='ocr_carea' id='block_1_74' title="bbox 2177 3788 3176 3863">
    <p class='ocr_par' dir='ltr' id='par_1_74' title="bbox 2177 3788 3176 3863">
     <span class='ocr_line' id='line_1_74' title="bbox 2177 3788 3176 3863; baseline -0.003 -15"><span class='ocrx_word' id='word_1_526' title='bbox 2177 3793 2435 3849; x_wconf 81' lang='grc' dir='ltr'>πλουσίου</span> <span class='ocrx_word' id='word_1_527' title='bbox 2470 3788 2717 3863; x_wconf 81' lang='grc' dir='ltr'>ποταμοῦ</span> <span class='ocrx_word' id='word_1_528' title='bbox 2754 3789 3176 3862; x_wconf 82' lang='grc' dir='ltr'>καταφέρονται.</span> 
     </span>
    </p>
   </div>
   <div class='ocr_carea' id='block_1_75' title="bbox 491 3881 3757 3957">
    <p class='ocr_par' dir='ltr' id='par_1_75' title="bbox 491 3881 3757 3957">
     <span class='ocr_line' id='line_1_75' title="bbox 491 3881 3757 3957; baseline 0.001 -25"><span class='ocrx_word' id='word_1_529' title='bbox 491 3888 788 3951; x_wconf 85' lang='lat' dir='ltr'><strong>nequeant,</strong></span> <span class='ocrx_word' id='word_1_530' title='bbox 835 3889 891 3937; x_wconf 92' lang='lat' dir='ltr'><strong>et</strong></span> <span class='ocrx_word' id='word_1_531' title='bbox 936 3881 1146 3938; x_wconf 89' lang='lat' dir='ltr'><strong>idcirco</strong></span> <span class='ocrx_word' id='word_1_532' title='bbox 1178 3884 1576 3940; x_wconf 87' lang='lat' dir='ltr'><strong>contumeliose</strong></span> <span class='ocrx_word' id='word_1_533' title='bbox 1625 3883 1832 3942; x_wconf 84' lang='lat' dir='ltr'><strong>frustra</strong></span> <span class='ocrx_word' id='word_1_534' title='bbox 1872 3886 2216 3948; x_wconf 85' lang='lat' dir='ltr'><strong>detrahant:</strong></span> <span class='ocrx_word' id='word_1_535' title='bbox 2271 3904 2373 3945; x_wconf 87' lang='lat' dir='ltr'><strong>vos</strong></span> <span class='ocrx_word' id='word_1_536' title='bbox 2411 3888 2550 3954; x_wconf 78' lang='lat' dir='ltr'><strong>hzec,</strong></span> <span class='ocrx_word' id='word_1_537' title='bbox 2611 3887 2853 3957; x_wconf 82' lang='lat' dir='ltr'><strong>inquam,</strong></span> <span class='ocrx_word' id='word_1_538' title='bbox 2923 3885 3108 3941; x_wconf 87' lang='lat' dir='ltr'><strong>omnia</strong></span> <span class='ocrx_word' id='word_1_539' title='bbox 3165 3892 3221 3940; x_wconf 89' lang='lat' dir='ltr'><strong>et</strong></span> <span class='ocrx_word' id='word_1_540' title='bbox 3280 3897 3499 3940; x_wconf 83' lang='lat' dir='ltr'><strong>errores</strong></span> <span class='ocrx_word' id='word_1_541' title='bbox 3537 3882 3757 3937; x_wconf 87' lang='lat' dir='ltr'><strong>illorum</strong></span> 
     </span>
    </p>
   </div>
   <div class='ocr_carea' id='block_1_76' title="bbox 398 3970 3760 4053">
    <p class='ocr_par' dir='ltr' id='par_1_76' title="bbox 398 3970 3760 4053">
     <span class='ocr_line' id='line_1_76' title="bbox 398 3970 3760 4053; baseline 0.003 -28"><span class='ocrx_word' id='word_1_542' title='bbox 398 4022 399 4025; x_wconf 44' lang='grc' dir='ltr'><strong>η</strong></span> <span class='ocrx_word' id='word_1_543' title='bbox 490 3970 813 4033; x_wconf 81' lang='lat' dir='ltr'><strong>certissimis</strong></span> <span class='ocrx_word' id='word_1_544' title='bbox 843 3978 1149 4035; x_wconf 87' lang='lat' dir='ltr'><strong>rationibus</strong></span> <span class='ocrx_word' id='word_1_545' title='bbox 1169 3979 1401 4050; x_wconf 83' lang='lat' dir='ltr'><strong>impigre</strong></span> <span class='ocrx_word' id='word_1_546' title='bbox 1426 3994 1492 4034; x_wconf 82' lang='lat' dir='ltr'><strong>ex</strong></span> <span class='ocrx_word' id='word_1_547' title='bbox 1517 3980 1830 4037; x_wconf 82' lang='lat' dir='ltr'><strong>auditorum</strong></span> <span class='ocrx_word' id='word_1_548' title='bbox 1861 3984 2063 4042; x_wconf 89' lang='lat' dir='ltr'><strong>animis</strong></span> <span class='ocrx_word' id='word_1_549' title='bbox 2099 3987 2336 4043; x_wconf 86' lang='lat' dir='ltr'><strong>evellite.</strong></span> <span class='ocrx_word' id='word_1_550' title='bbox 2373 3983 2696 4041; x_wconf 84' lang='lat' dir='ltr'><strong>Istiusmodi</strong></span> <span class='ocrx_word' id='word_1_551' title='bbox 2723 3983 2927 4053; x_wconf 89' lang='lat' dir='ltr'><strong>quippe</strong></span> <span class='ocrx_word' id='word_1_552' title='bbox 2981 3980 3213 4037; x_wconf 85' lang='lat' dir='ltr'><strong>vocibus</strong></span> <span class='ocrx_word' id='word_1_553' title='bbox 3265 3979 3519 4037; x_wconf 88' lang='lat' dir='ltr'><strong>homines</strong></span> <span class='ocrx_word' id='word_1_554' title='bbox 3573 3979 3760 4036; x_wconf 66' lang='lat' dir='ltr'><strong>vanis~</strong></span> 
     </span>
    </p>
   </div>
   <div class='ocr_carea' id='block_1_77' title="bbox 489 4070 2956 4151">
    <p class='ocr_par' dir='ltr' id='par_1_77' title="bbox 489 4070 2956 4151">
     <span class='ocr_line' id='line_1_77' title="bbox 489 4070 2956 4151; baseline 0.002 -25"><span class='ocrx_word' id='word_1_555' title='bbox 489 4070 638 4134; x_wconf 88' lang='lat' dir='ltr'><strong>simi,</strong></span> <span class='ocrx_word' id='word_1_556' title='bbox 674 4079 936 4143; x_wconf 87' lang='lat' dir='ltr'><strong>tanquam</strong></span> <span class='ocrx_word' id='word_1_557' title='bbox 985 4073 1210 4129; x_wconf 88' lang='lat' dir='ltr'><strong>inutiles</strong></span> <span class='ocrx_word' id='word_1_558' title='bbox 1258 4073 1506 4139; x_wconf 81' lang='lat' dir='ltr'><strong>frutices,</strong></span> <span class='ocrx_word' id='word_1_559' title='bbox 1560 4075 1807 4134; x_wconf 88' lang='lat' dir='ltr'><strong>secundo</strong></span> <span class='ocrx_word' id='word_1_560' title='bbox 1853 4079 2068 4151; x_wconf 87' lang='lat' dir='ltr'><strong>copiosi</strong></span> <span class='ocrx_word' id='word_1_561' title='bbox 2105 4081 2351 4138; x_wconf 82' lang='lat' dir='ltr'><strong>ﬂuminis</strong></span> <span class='ocrx_word' id='word_1_562' title='bbox 2377 4079 2616 4136; x_wconf 89' lang='lat' dir='ltr'><strong>decursu</strong></span> <span class='ocrx_word' id='word_1_563' title='bbox 2647 4077 2956 4149; x_wconf 87' lang='lat' dir='ltr'><strong>rapiuntur.</strong></span> 
     </span>
    </p>
   </div>
   <div class='ocr_carea' id='block_1_78' title="bbox 558 4158 2069 4243">
    <p class='ocr_par' dir='ltr' id='par_1_78' title="bbox 558 4158 2069 4243">
     <span class='ocr_line' id='line_1_78' title="bbox 558 4158 2069 4243; baseline 0.007 -26"><span class='ocrx_word' id='word_1_564' title='bbox 558 4158 742 4217; x_wconf 81' lang='lat' dir='ltr'><strong>CVIII.</strong></span> <span class='ocrx_word' id='word_1_565' title='bbox 770 4161 877 4218; x_wconf 87' lang='lat' dir='ltr'><strong>Sed</strong></span> <span class='ocrx_word' id='word_1_566' title='bbox 906 4163 1042 4219; x_wconf 90' lang='lat' dir='ltr'><strong>illud</strong></span> <span class='ocrx_word' id='word_1_567' title='bbox 1073 4164 1348 4236; x_wconf 85' lang='lat' dir='ltr'><strong>inprimis</strong></span> <span class='ocrx_word' id='word_1_568' title='bbox 1379 4165 1621 4237; x_wconf 84' lang='lat' dir='ltr'><strong>objicere</strong></span> <span class='ocrx_word' id='word_1_569' title='bbox 1654 4168 1828 4225; x_wconf 90' lang='lat' dir='ltr'><strong>solent</strong></span> <span class='ocrx_word' id='word_1_570' title='bbox 1858 4189 1872 4227; x_wconf 90' lang='lat'><strong>:</strong></span> <span class='ocrx_word' id='word_1_571' title='bbox 1900 4169 2069 4243; x_wconf 88' lang='lat' dir='ltr'><strong>Egre-</strong></span> 
     </span>
    </p>
   </div>
   <div class='ocr_carea' id='block_1_79' title="bbox 490 4255 2071 4330">
    <p class='ocr_par' dir='ltr' id='par_1_79' title="bbox 490 4255 2071 4330">
     <span class='ocr_line' id='line_1_79' title="bbox 490 4255 2071 4330; baseline 0.008 -23"><span class='ocrx_word' id='word_1_572' title='bbox 490 4255 641 4324; x_wconf 88' lang='lat' dir='ltr'><strong>gium</strong></span> <span class='ocrx_word' id='word_1_573' title='bbox 668 4270 799 4310; x_wconf 87' lang='lat' dir='ltr'><strong>vero</strong></span> <span class='ocrx_word' id='word_1_574' title='bbox 830 4256 964 4326; x_wconf 87' lang='lat' dir='ltr'><strong>legis</strong></span> <span class='ocrx_word' id='word_1_575' title='bbox 996 4256 1149 4310; x_wconf 92' lang='lat' dir='ltr'><strong>illum</strong></span> <span class='ocrx_word' id='word_1_576' title='bbox 1190 4272 1316 4313; x_wconf 84' lang='lat' dir='ltr'><strong>esse</strong></span> <span class='ocrx_word' id='word_1_577' title='bbox 1335 4257 1525 4324; x_wconf 90' lang='lat' dir='ltr'><strong>Deum,</strong></span> <span class='ocrx_word' id='word_1_578' title='bbox 1562 4260 1655 4330; x_wconf 83' lang='lat' dir='ltr'><strong>qui</strong></span> <span class='ocrx_word' id='word_1_579' title='bbox 1703 4261 1926 4317; x_wconf 90' lang='lat' dir='ltr'><strong>ubinam</strong></span> <span class='ocrx_word' id='word_1_580' title='bbox 1963 4264 2071 4319; x_wconf 92' lang='lat' dir='ltr'><strong>loci</strong></span> 
     </span>
    </p>
   </div>
   <div class='ocr_carea' id='block_1_80' title="bbox 489 4343 2071 4421">
    <p class='ocr_par' dir='ltr' id='par_1_80' title="bbox 489 4343 2071 4421">
     <span class='ocr_line' id='line_1_80' title="bbox 489 4343 2071 4421; baseline 0.006 -22"><span class='ocrx_word' id='word_1_581' title='bbox 489 4343 734 4402; x_wconf 85' lang='lat' dir='ltr'><strong>Adamus</strong></span> <span class='ocrx_word' id='word_1_582' title='bbox 762 4353 912 4401; x_wconf 88' lang='lat' dir='ltr'><strong>esset</strong></span> <span class='ocrx_word' id='word_1_583' title='bbox 941 4346 1088 4400; x_wconf 88' lang='lat' dir='ltr'><strong>velut</strong></span> <span class='ocrx_word' id='word_1_584' title='bbox 1115 4346 1338 4416; x_wconf 82' lang='lat' dir='ltr'><strong>ignarus</strong></span> <span class='ocrx_word' id='word_1_585' title='bbox 1368 4350 1669 4421; x_wconf 83' lang='lat' dir='ltr'><strong>interroget</strong></span> <span class='ocrx_word' id='word_1_586' title='bbox 1702 4369 1717 4406; x_wconf 91' lang='lat'><strong>:</strong></span> <span class='ocrx_word' id='word_1_587' title='bbox 1752 4352 1948 4418; x_wconf 85' lang='lat' dir='ltr'><strong>Adam,</strong></span> <span class='ocrx_word' id='word_1_588' title='bbox 1984 4355 2071 4408; x_wconf 87' lang='lat' dir='ltr'><strong>in-</strong></span> 
     </span>
    </p>
   </div>
   <div class='ocr_carea' id='block_1_81' title="bbox 489 4433 2070 4511">
    <p class='ocr_par' dir='ltr' id='par_1_81' title="bbox 489 4433 2070 4511">
     <span class='ocr_line' id='line_1_81' title="bbox 489 4433 2070 4511; baseline 0.006 -21"><span class='ocrx_word' id='word_1_589' title='bbox 489 4438 631 4508; x_wconf 86' lang='lat' dir='ltr'><strong>quit,</strong></span> <span class='ocrx_word' id='word_1_590' title='bbox 699 4438 790 4490; x_wconf 82' lang='lat' dir='ltr'><strong>ubi</strong></span> <span class='ocrx_word' id='word_1_591' title='bbox 840 4433 1134 4490; x_wconf 69' lang='lat' dir='ltr'><strong>es’TTum</strong></span> <span class='ocrx_word' id='word_1_592' title='bbox 1186 4436 1420 4492; x_wconf 82' lang='lat' dir='ltr'><strong>Cainum</strong></span> <span class='ocrx_word' id='word_1_593' title='bbox 1465 4440 1793 4511; x_wconf 88' lang='lat' dir='ltr'><strong>alloquens:</strong></span> <span class='ocrx_word' id='word_1_594' title='bbox 1831 4440 1932 4497; x_wconf 81' lang='lat' dir='ltr'><strong>Ubi</strong></span> <span class='ocrx_word' id='word_1_595' title='bbox 1969 4454 2070 4511; x_wconf 83' lang='lat' dir='ltr'><strong>est,</strong></span> 
     </span>
    </p>
   </div>
   <div class='ocr_carea' id='block_1_82' title="bbox 489 4527 2067 4600">
    <p class='ocr_par' dir='ltr' id='par_1_82' title="bbox 489 4527 2067 4600">
     <span class='ocr_line' id='line_1_82' title="bbox 489 4527 2067 4600; baseline 0.006 -17"><span class='ocrx_word' id='word_1_596' title='bbox 489 4532 687 4600; x_wconf 89' lang='lat' dir='ltr'><strong>inquit,</strong></span> <span class='ocrx_word' id='word_1_597' title='bbox 735 4527 868 4583; x_wconf 76' lang='lat' dir='ltr'><strong>Abel</strong></span> <span class='ocrx_word' id='word_1_598' title='bbox 909 4528 1080 4595; x_wconf 77' lang='lat' dir='ltr'><strong>frater</strong></span> <span class='ocrx_word' id='word_1_599' title='bbox 1123 4529 1483 4586; x_wconf 63' lang='lat' dir='ltr'><strong>tuus‘Htem</strong></span> <span class='ocrx_word' id='word_1_600' title='bbox 1539 4533 1605 4587; x_wconf 79' lang='lat' dir='ltr'><strong>ad</strong></span> <span class='ocrx_word' id='word_1_601' title='bbox 1657 4534 2067 4593; x_wconf 85' lang='lat' dir='ltr'><strong>Abrahamum:</strong></span> 
     </span>
    </p>
   </div>
   <div class='ocr_carea' id='block_1_83' title="bbox 496 4618 2075 4695">
    <p class='ocr_par' dir='ltr' id='par_1_83' title="bbox 496 4618 2075 4695">
     <span class='ocr_line' id='line_1_83' title="bbox 496 4618 2075 4695; baseline 0.005 -21"><span class='ocrx_word' id='word_1_602' title='bbox 496 4618 597 4674; x_wconf 84' lang='lat' dir='ltr'><strong>Ubi</strong></span> <span class='ocrx_word' id='word_1_603' title='bbox 644 4634 724 4675; x_wconf 73' lang='lat' dir='ltr'><strong>est</strong></span> <span class='ocrx_word' id='word_1_604' title='bbox 762 4620 931 4675; x_wconf 89' lang='lat' dir='ltr'><strong>Sarra</strong></span> <span class='ocrx_word' id='word_1_605' title='bbox 976 4636 1114 4675; x_wconf 79' lang='lat' dir='ltr'><strong>uxor</strong></span> <span class='ocrx_word' id='word_1_606' title='bbox 1143 4633 1236 4676; x_wconf 81' lang='lat' dir='ltr'><strong>tua</strong></span> <span class='ocrx_word' id='word_1_607' title='bbox 1260 4622 1323 4677; x_wconf 70' lang='grc'><strong>⁸2</strong></span> <span class='ocrx_word' id='word_1_608' title='bbox 1366 4622 1595 4694; x_wconf 82' lang='lat' dir='ltr'><strong>Al‘iaque</strong></span> <span class='ocrx_word' id='word_1_609' title='bbox 1625 4633 1889 4695; x_wconf 74' lang='lat' dir='ltr'><strong>prmterea</strong></span> <span class='ocrx_word' id='word_1_610' title='bbox 1921 4641 2075 4682; x_wconf 89' lang='lat' dir='ltr'><strong>com-</strong></span> 
     </span>
    </p>
   </div>
   <div class='ocr_carea' id='block_1_84' title="bbox 495 4712 2077 4788">
    <p class='ocr_par' dir='ltr' id='par_1_84' title="bbox 495 4712 2077 4788">
     <span class='ocr_line' id='line_1_84' title="bbox 495 4712 2077 4788; baseline 0.006 -22"><span class='ocrx_word' id='word_1_611' title='bbox 495 4721 889 4776; x_wconf 82' lang='lat' dir='ltr'><strong>memorantes,</strong></span> <span class='ocrx_word' id='word_1_612' title='bbox 947 4714 1217 4768; x_wconf 85' lang='lat' dir='ltr'><strong>servatori</strong></span> <span class='ocrx_word' id='word_1_613' title='bbox 1279 4712 1411 4782; x_wconf 90' lang='lat' dir='ltr'><strong>Deo,</strong></span> <span class='ocrx_word' id='word_1_614' title='bbox 1475 4716 1764 4788; x_wconf 86' lang='lat' dir='ltr'><strong>eidemque</strong></span> <span class='ocrx_word' id='word_1_615' title='bbox 1819 4734 1968 4786; x_wconf 89' lang='lat' dir='ltr'><strong>vero,</strong></span> <span class='ocrx_word' id='word_1_616' title='bbox 2021 4730 2077 4776; x_wconf 89' lang='lat' dir='ltr'><strong>et</strong></span> 
     </span>
    </p>
   </div>
   <div class='ocr_carea' id='block_1_85' title="bbox 493 4803 2074 4875">
    <p class='ocr_par' dir='ltr' id='par_1_85' title="bbox 493 4803 2074 4875">
     <span class='ocr_line' id='line_1_85' title="bbox 493 4803 2074 4875; baseline 0.006 -19"><span class='ocrx_word' id='word_1_617' title='bbox 493 4803 752 4857; x_wconf 89' lang='lat' dir='ltr'><strong>universa</strong></span> <span class='ocrx_word' id='word_1_618' title='bbox 794 4803 1128 4873; x_wconf 68' lang='lat' dir='ltr'><strong>praescienti,</strong></span> <span class='ocrx_word' id='word_1_619' title='bbox 1161 4818 1258 4859; x_wconf 88' lang='lat' dir='ltr'><strong>ore</strong></span> <span class='ocrx_word' id='word_1_620' title='bbox 1306 4819 1371 4859; x_wconf 91' lang='lat' dir='ltr'><strong>ac</strong></span> <span class='ocrx_word' id='word_1_621' title='bbox 1403 4806 1588 4862; x_wconf 87' lang='lat' dir='ltr'><strong>verbis</strong></span> <span class='ocrx_word' id='word_1_622' title='bbox 1625 4806 1914 4875; x_wconf 82' lang='lat' dir='ltr'><strong>duntaxat,</strong></span> <span class='ocrx_word' id='word_1_623' title='bbox 1964 4822 2074 4864; x_wconf 88' lang='lat' dir='ltr'><strong>non</strong></span> 
     </span>
    </p>
   </div>
   <div class='ocr_carea' id='block_1_86' title="bbox 493 4895 2076 4970">
    <p class='ocr_par' dir='ltr' id='par_1_86' title="bbox 493 4895 2076 4970">
     <span class='ocr_line' id='line_1_86' title="bbox 493 4895 2076 4970; baseline 0.004 -19"><span class='ocrx_word' id='word_1_624' title='bbox 493 4911 564 4951; x_wconf 76' lang='lat' dir='ltr'><strong>ex</strong></span> <span class='ocrx_word' id='word_1_625' title='bbox 613 4895 798 4950; x_wconf 91' lang='lat' dir='ltr'><strong>animo</strong></span> <span class='ocrx_word' id='word_1_626' title='bbox 846 4909 911 4951; x_wconf 91' lang='lat' dir='ltr'><strong>ac</strong></span> <span class='ocrx_word' id='word_1_627' title='bbox 954 4896 1184 4954; x_wconf 85' lang='lat' dir='ltr'><strong>veritate</strong></span> <span class='ocrx_word' id='word_1_628' title='bbox 1219 4897 1473 4953; x_wconf 84' lang='lat' dir='ltr'><strong>credunt.</strong></span> <span class='ocrx_word' id='word_1_629' title='bbox 1520 4898 1674 4970; x_wconf 90' lang='grc' dir='ltr'><strong>ιιι</strong></span> <span class='ocrx_word' id='word_1_630' title='bbox 1709 4898 1874 4970; x_wconf 80' lang='lat' dir='ltr'><strong>Atqui</strong></span> <span class='ocrx_word' id='word_1_631' title='bbox 1929 4900 2076 4959; x_wconf 86' lang='lat' dir='ltr'><strong>idem</strong></span> 
     </span>
    </p>
   </div>
   <div class='ocr_carea' id='block_1_87' title="bbox 495 4985 2079 5059">
    <p class='ocr_par' dir='ltr' id='par_1_87' title="bbox 495 4985 2079 5059">
     <span class='ocr_line' id='line_1_87' title="bbox 495 4985 2079 5059; baseline 0.006 -19"><span class='ocrx_word' id='word_1_632' title='bbox 495 4986 614 5055; x_wconf 90' lang='lat' dir='ltr'><strong>ipse</strong></span> <span class='ocrx_word' id='word_1_633' title='bbox 645 5000 759 5039; x_wconf 89' lang='lat' dir='ltr'><strong>non</strong></span> <span class='ocrx_word' id='word_1_634' title='bbox 792 4985 1032 5042; x_wconf 89' lang='lat' dir='ltr'><strong>absimili</strong></span> <span class='ocrx_word' id='word_1_635' title='bbox 1068 4995 1233 5059; x_wconf 86' lang='lat' dir='ltr'><strong>atque</strong></span> <span class='ocrx_word' id='word_1_636' title='bbox 1284 4991 1342 5043; x_wconf 81' lang='lat' dir='ltr'><strong>in</strong></span> <span class='ocrx_word' id='word_1_637' title='bbox 1374 4986 1558 5045; x_wconf 78' lang='lat' dir='ltr'><strong>Veteri</strong></span> <span class='ocrx_word' id='word_1_638' title='bbox 1589 4990 1942 5048; x_wconf 88' lang='lat' dir='ltr'><strong>Testamento</strong></span> <span class='ocrx_word' id='word_1_639' title='bbox 1985 5009 2079 5049; x_wconf 80' lang='lat' dir='ltr'><strong>ra-</strong></span> 
     </span>
    </p>
   </div>
   <div class='ocr_carea' id='block_1_88' title="bbox 493 5077 2067 5155">
    <p class='ocr_par' dir='ltr' id='par_1_88' title="bbox 493 5077 2067 5155">
     <span class='ocr_line' id='line_1_88' title="bbox 493 5077 2067 5155; baseline 0.007 -25"><span class='ocrx_word' id='word_1_640' title='bbox 493 5077 642 5132; x_wconf 89' lang='lat' dir='ltr'><strong>tione</strong></span> <span class='ocrx_word' id='word_1_641' title='bbox 693 5078 956 5133; x_wconf 89' lang='lat' dir='ltr'><strong>nonnulla</strong></span> <span class='ocrx_word' id='word_1_642' title='bbox 996 5080 1310 5136; x_wconf 86' lang='lat' dir='ltr'><strong>sciscitatur</strong></span> <span class='ocrx_word' id='word_1_643' title='bbox 1336 5099 1351 5148; x_wconf 91' lang='lat'><strong>;</strong></span> <span class='ocrx_word' id='word_1_644' title='bbox 1381 5082 1690 5155; x_wconf 74' lang='lat' dir='ltr'><strong>cuiusmodi</strong></span> <span class='ocrx_word' id='word_1_645' title='bbox 1747 5085 1882 5141; x_wconf 84' lang='lat' dir='ltr'><strong>illud</strong></span> <span class='ocrx_word' id='word_1_646' title='bbox 1936 5094 2017 5144; x_wconf 88' lang='lat' dir='ltr'><strong>est</strong></span> <span class='ocrx_word' id='word_1_647' title='bbox 2053 5106 2067 5142; x_wconf 94' lang='lat'><strong>:</strong></span> 
     </span>
    </p>
   </div>
   <div class='ocr_carea' id='block_1_89' title="bbox 433 5165 2074 5250">
    <p class='ocr_par' dir='ltr' id='par_1_89' title="bbox 433 5165 2074 5250">
     <span class='ocr_line' id='line_1_89' title="bbox 433 5165 2074 5250; baseline 0.008 -30"><span class='ocrx_word' id='word_1_648' title='bbox 433 5196 443 5206; x_wconf 88' lang='lat'><strong>-</strong></span> <span class='ocrx_word' id='word_1_649' title='bbox 499 5165 601 5222; x_wconf 84' lang='lat' dir='ltr'><strong>Ubi</strong></span> <span class='ocrx_word' id='word_1_650' title='bbox 654 5169 912 5238; x_wconf 78' lang='lat' dir='ltr'><strong>posuistis</strong></span> <span class='ocrx_word' id='word_1_651' title='bbox 965 5168 1320 5227; x_wconf 58' lang='lat' dir='ltr'><strong>Lazarum“?</strong></span> <span class='ocrx_word' id='word_1_652' title='bbox 1372 5182 1427 5229; x_wconf 89' lang='lat' dir='ltr'><strong>ct</strong></span> <span class='ocrx_word' id='word_1_653' title='bbox 1458 5193 1472 5230; x_wconf 93' lang='lat'><strong>:</strong></span> <span class='ocrx_word' id='word_1_654' title='bbox 1506 5174 1639 5242; x_wconf 84' lang='lat' dir='ltr'><strong>Quis</strong></span> <span class='ocrx_word' id='word_1_655' title='bbox 1689 5192 1770 5231; x_wconf 84' lang='lat' dir='ltr'><strong>me</strong></span> <span class='ocrx_word' id='word_1_656' title='bbox 1819 5177 2074 5250; x_wconf 81' lang='lat' dir='ltr'><strong>tetigit&#39;?</strong></span> 
     </span>
    </p>
   </div>
   <div class='ocr_carea' id='block_1_90' title="bbox 492 5260 2071 5337">
    <p class='ocr_par' dir='ltr' id='par_1_90' title="bbox 492 5260 2071 5337">
     <span class='ocr_line' id='line_1_90' title="bbox 492 5260 2071 5337; baseline 0.006 -21"><span class='ocrx_word' id='word_1_657' title='bbox 492 5260 624 5317; x_wconf 86' lang='lat' dir='ltr'><strong>item</strong></span> <span class='ocrx_word' id='word_1_658' title='bbox 653 5281 666 5317; x_wconf 91' lang='lat'><strong>:</strong></span> <span class='ocrx_word' id='word_1_659' title='bbox 693 5262 912 5318; x_wconf 75' lang='lat' dir='ltr'><strong>Habetis</strong></span> <span class='ocrx_word' id='word_1_660' title='bbox 950 5279 1112 5335; x_wconf 84' lang='lat' dir='ltr'><strong>panes</strong></span> <span class='ocrx_word' id='word_1_661' title='bbox 1151 5266 1491 5322; x_wconf 71' lang='lat' dir='ltr'><strong>vobiscum“?</strong></span> <span class='ocrx_word' id='word_1_662' title='bbox 1546 5268 1675 5324; x_wconf 90' lang='lat' dir='ltr'><strong>item</strong></span> <span class='ocrx_word' id='word_1_663' title='bbox 1715 5289 1727 5324; x_wconf 92' lang='lat'><strong>:</strong></span> <span class='ocrx_word' id='word_1_664' title='bbox 1763 5270 1929 5337; x_wconf 80' lang='lat' dir='ltr'><strong>Quem</strong></span> <span class='ocrx_word' id='word_1_665' title='bbox 1953 5271 2071 5325; x_wconf 76' lang='lat' dir='ltr'><strong>vul-</strong></span> 
     </span>
    </p>
   </div>
   <div class='ocr_carea' id='block_1_91' title="bbox 401 5354 2075 5431">
    <p class='ocr_par' dir='ltr' id='par_1_91' title="bbox 401 5354 2075 5431">
     <span class='ocr_line' id='line_1_91' title="bbox 401 5354 2075 5431; baseline 0.006 -24"><span class='ocrx_word' id='word_1_666' title='bbox 401 5427 405 5431; x_wconf 17' lang='grc' dir='ltr'><strong><em>ν</em></strong></span> <span class='ocrx_word' id='word_1_667' title='bbox 491 5354 563 5409; x_wconf 78' lang='lat' dir='ltr'><strong>tis</strong></span> <span class='ocrx_word' id='word_1_668' title='bbox 583 5355 644 5411; x_wconf 72' lang='grc' dir='ltr'>’ί</span> <span class='ocrx_word' id='word_1_669' title='bbox 671 5364 764 5410; x_wconf 91' lang='lat' dir='ltr'><strong>aut</strong></span> <span class='ocrx_word' id='word_1_670' title='bbox 793 5375 806 5409; x_wconf 89' lang='lat'><strong>:</strong></span> <span class='ocrx_word' id='word_1_671' title='bbox 839 5356 1006 5424; x_wconf 83' lang='lat' dir='ltr'><strong>Quem</strong></span> <span class='ocrx_word' id='word_1_672' title='bbox 1029 5360 1264 5425; x_wconf 76' lang='lat' dir='ltr'><strong>qucerilis</strong></span> <span class='ocrx_word' id='word_1_673' title='bbox 1285 5359 1368 5414; x_wconf 79' lang='lat'><strong>’°?</strong></span> <span class='ocrx_word' id='word_1_674' title='bbox 1403 5359 1766 5426; x_wconf 79' lang='lat' dir='ltr'><strong>Quamobrem</strong></span> <span class='ocrx_word' id='word_1_675' title='bbox 1798 5361 1974 5417; x_wconf 89' lang='lat' dir='ltr'><strong>facilis</strong></span> <span class='ocrx_word' id='word_1_676' title='bbox 1989 5371 2075 5417; x_wconf 91' lang='lat' dir='ltr'><strong>est</strong></span> 
     </span>
    </p>
   </div>
   <div class='ocr_carea' id='block_1_92' title="bbox 491 5446 2073 5521">
    <p class='ocr_par' dir='ltr' id='par_1_92' title="bbox 491 5446 2073 5521">
     <span class='ocr_line' id='line_1_92' title="bbox 491 5446 2073 5521; baseline 0.003 -19"><span class='ocrx_word' id='word_1_677' title='bbox 491 5446 760 5506; x_wconf 86' lang='lat' dir='ltr'><strong>adversus</strong></span> <span class='ocrx_word' id='word_1_678' title='bbox 791 5449 914 5505; x_wconf 90' lang='lat' dir='ltr'><strong>illos</strong></span> <span class='ocrx_word' id='word_1_679' title='bbox 949 5456 1007 5506; x_wconf 88' lang='lat' dir='ltr'><strong>et</strong></span> <span class='ocrx_word' id='word_1_680' title='bbox 1037 5451 1288 5521; x_wconf 82' lang='lat' dir='ltr'><strong>expedita</strong></span> <span class='ocrx_word' id='word_1_681' title='bbox 1312 5452 1472 5508; x_wconf 89' lang='lat' dir='ltr'><strong>ratio.</strong></span> <span class='ocrx_word' id='word_1_682' title='bbox 1503 5451 1638 5508; x_wconf 86' lang='lat' dir='ltr'><strong>Nam</strong></span> <span class='ocrx_word' id='word_1_683' title='bbox 1665 5463 1728 5508; x_wconf 90' lang='lat' dir='ltr'><strong>ut</strong></span> <span class='ocrx_word' id='word_1_684' title='bbox 1759 5453 1932 5511; x_wconf 83' lang='lat' dir='ltr'><strong>Filius</strong></span> <span class='ocrx_word' id='word_1_685' title='bbox 1968 5453 2073 5508; x_wconf 82' lang='lat' dir='ltr'><strong>etsi</strong></span> 
     </span>
    </p>
   </div>
   <div class='ocr_carea' id='block_1_93' title="bbox 487 5540 2073 5614">
    <p class='ocr_par' dir='ltr' id='par_1_93' title="bbox 487 5540 2073 5614">
     <span class='ocr_line' id='line_1_93' title="bbox 487 5540 2073 5614; baseline 0.004 -23"><span class='ocrx_word' id='word_1_686' title='bbox 487 5541 797 5610; x_wconf 64' lang='lat' dir='ltr'><strong>prasciret,</strong></span> <span class='ocrx_word' id='word_1_687' title='bbox 842 5540 1238 5614; x_wconf 80' lang='lat' dir='ltr'><strong>interrogavit:</strong></span> <span class='ocrx_word' id='word_1_688' title='bbox 1273 5543 1355 5600; x_wconf 91' lang='lat' dir='ltr'><strong>sic</strong></span> <span class='ocrx_word' id='word_1_689' title='bbox 1384 5553 1437 5600; x_wconf 91' lang='lat' dir='ltr'><strong>et</strong></span> <span class='ocrx_word' id='word_1_690' title='bbox 1474 5543 1638 5601; x_wconf 90' lang='lat' dir='ltr'><strong>Pater</strong></span> <span class='ocrx_word' id='word_1_691' title='bbox 1680 5560 1807 5600; x_wconf 91' lang='lat' dir='ltr'><strong>cum</strong></span> <span class='ocrx_word' id='word_1_692' title='bbox 1842 5544 1985 5600; x_wconf 89' lang='lat' dir='ltr'><strong>idem</strong></span> <span class='ocrx_word' id='word_1_693' title='bbox 2018 5553 2073 5600; x_wconf 89' lang='lat' dir='ltr'><strong>et</strong></span> 
     </span>
    </p>
   </div>
   <div class='ocr_carea' id='block_1_94' title="bbox 384 5630 2070 5709">
    <p class='ocr_par' dir='ltr' id='par_1_94' title="bbox 384 5630 2070 5709">
     <span class='ocr_line' id='line_1_94' title="bbox 384 5630 2070 5709; baseline 0.003 -22"><span class='ocrx_word' id='word_1_694' title='bbox 384 5692 387 5693; x_wconf 24' lang='grc' dir='ltr'><strong>ν</strong></span> <span class='ocrx_word' id='word_1_695' title='bbox 491 5630 850 5689; x_wconf 88' lang='lat' dir='ltr'><strong>immutabilis</strong></span> <span class='ocrx_word' id='word_1_696' title='bbox 911 5645 1157 5703; x_wconf 88' lang='lat' dir='ltr'><strong>maneat,</strong></span> <span class='ocrx_word' id='word_1_697' title='bbox 1226 5636 1282 5691; x_wconf 92' lang='lat' dir='ltr'><strong>in</strong></span> <span class='ocrx_word' id='word_1_698' title='bbox 1334 5637 1449 5708; x_wconf 89' lang='lat' dir='ltr'><strong>lege</strong></span> <span class='ocrx_word' id='word_1_699' title='bbox 1508 5644 1884 5709; x_wconf 86' lang='lat' dir='ltr'><strong>percontatur.</strong></span> <span class='ocrx_word' id='word_1_700' title='bbox 1934 5635 2070 5692; x_wconf 84' lang='lat' dir='ltr'><strong>Nam</strong></span> 
     </span>
    </p>
   </div>
   <div class='ocr_carea' id='block_1_95' title="bbox 564 5785 1373 5858">
    <p class='ocr_par' dir='ltr' id='par_1_95' title="bbox 564 5785 1373 5858">
     <span class='ocr_line' id='line_1_95' title="bbox 564 5785 1373 5858; baseline 0.002 -19"><span class='ocrx_word' id='word_1_701' title='bbox 564 5785 581 5815; x_wconf 85' lang='grc'>¹</span> <span class='ocrx_word' id='word_1_702' title='bbox 613 5787 630 5839; x_wconf 92' lang='lat' dir='ltr'><strong>I</strong></span> <span class='ocrx_word' id='word_1_703' title='bbox 657 5788 788 5858; x_wconf 72' lang='lat' dir='ltr'><strong>Cor.</strong></span> <span class='ocrx_word' id='word_1_704' title='bbox 814 5804 915 5852; x_wconf 83' lang='lat' dir='ltr'><strong>vn,</strong></span> <span class='ocrx_word' id='word_1_705' title='bbox 940 5791 1034 5845; x_wconf 76' lang='lat'><strong>29.</strong></span> <span class='ocrx_word' id='word_1_706' title='bbox 1109 5790 1130 5821; x_wconf 79' lang='grc'><strong><em>²</em></strong></span> <span class='ocrx_word' id='word_1_707' title='bbox 1158 5787 1373 5858; x_wconf 88' lang='lat' dir='ltr'><strong>Philipp</strong></span> 
     </span>
    </p>
   </div>
   <div class='ocr_carea' id='block_1_96' title="bbox 491 5804 1347 5982">
    <p class='ocr_par' dir='ltr' id='par_1_96' title="bbox 491 5804 1347 5980">
     <span class='ocr_line' id='line_1_96' title="bbox 565 5804 1347 5857; baseline 0.001 -17"><span class='ocrx_word' id='word_1_708' title='bbox 565 5804 581 5815; x_wconf 83' lang='lat'><strong><em>-</em></strong></span> <span class='ocrx_word' id='word_1_709' title='bbox 613 5804 630 5839; x_wconf 87' lang='grc' dir='ltr'><strong>ι</strong></span> <span class='ocrx_word' id='word_1_710' title='bbox 657 5804 788 5843; x_wconf 70' lang='lat' dir='ltr'><strong>uor.</strong></span> <span class='ocrx_word' id='word_1_711' title='bbox 814 5804 915 5852; x_wconf 84' lang='lat' dir='ltr'><strong>vn,</strong></span> <span class='ocrx_word' id='word_1_712' title='bbox 940 5804 1034 5845; x_wconf 71' lang='lat' dir='ltr'><strong>zu.</strong></span> <span class='ocrx_word' id='word_1_713' title='bbox 1110 5804 1130 5821; x_wconf 75' lang='grc' dir='ltr'><strong>ι</strong></span> <span class='ocrx_word' id='word_1_714' title='bbox 1159 5804 1296 5842; x_wconf 81' lang='lat' dir='ltr'><strong>rnm</strong></span> <span class='ocrx_word' id='word_1_715' title='bbox 1339 5805 1347 5857; x_wconf 83' lang='grc' dir='ltr'>ι</span> 
     </span>
     <span class='ocr_line' id='line_1_97' title="bbox 491 5804 1347 5980; baseline -0.005 -65"><span class='ocrx_word' id='word_1_716' title='bbox 665 5857 754 5915; x_wconf 71' lang='lat'><strong>65.</strong></span> <span class='ocrx_word' id='word_1_717' title='bbox 886 5861 908 5890; x_wconf 83' lang='grc'>⁸</span> <span class='ocrx_word' id='word_1_718' title='bbox 945 5859 1116 5914; x_wconf 85' lang='lat' dir='ltr'><strong>Marc.</strong></span> <span class='ocrx_word' id='word_1_719' title='bbox 1155 5804 1347 5921; x_wconf 84' lang='lat' dir='ltr'><strong>vr,</strong></span> 
     </span>
    </p>
   </div>
   <div class='ocr_carea' id='block_1_97' title="bbox 1450 5855 2011 5923">
    <p class='ocr_par' dir='ltr' id='par_1_97' title="bbox 1450 5855 2011 5923">
     <span class='ocr_line' id='line_1_98' title="bbox 1450 5855 2011 5923; baseline 0.007 -15"><span class='ocrx_word' id='word_1_720' title='bbox 1450 5858 1472 5887; x_wconf 81' lang='grc'><strong><em>⁹</em></strong></span> <span class='ocrx_word' id='word_1_721' title='bbox 1510 5855 1894 5923; x_wconf 78' lang='lat' dir='ltr'><strong>Matth.xxvu,</strong></span> <span class='ocrx_word' id='word_1_722' title='bbox 1920 5857 2011 5912; x_wconf 72' lang='lat' dir='ltr'><strong>2L</strong></span> 
     </span>
    </p>
   </div>
   <div class='ocr_carea' id='block_1_98' title="bbox 2107 4583 2151 4638">
    <p class='ocr_par' dir='ltr' id='par_1_98' title="bbox 2107 4583 2151 4638">
     <span class='ocr_line' id='line_1_99' title="bbox 2107 4583 2151 4638; baseline 0 0"><span class='ocrx_word' id='word_1_723' title='bbox 2107 4583 2151 4638; x_wconf 85' lang='lat' dir='ltr'><strong>D</strong></span> 
     </span>
    </p>
   </div>
   <div class='ocr_carea' id='block_1_99' title="bbox 2241 4164 3758 4236">
    <p class='ocr_par' dir='ltr' id='par_1_99' title="bbox 2241 4164 3758 4236">
     <span class='ocr_line' id='line_1_100' title="bbox 2241 4164 3758 4236; baseline -0.007 -9"><span class='ocrx_word' id='word_1_724' title='bbox 2241 4173 2373 4227; x_wconf 87' lang='lat' dir='ltr'><strong>PH’.</strong></span> <span class='ocrx_word' id='word_1_725' title='bbox 2416 4169 2617 4225; x_wconf 83' lang='grc' dir='ltr'>Εἶπασι</span> <span class='ocrx_word' id='word_1_726' title='bbox 2647 4169 2725 4233; x_wconf 75' lang='grc' dir='ltr'><strong>δὲ,</strong></span> <span class='ocrx_word' id='word_1_727' title='bbox 2758 4168 2841 4222; x_wconf 86' lang='grc' dir='ltr'>ὅτι</span> <span class='ocrx_word' id='word_1_728' title='bbox 2892 4167 3074 4230; x_wconf 82' lang='grc' dir='ltr'>Καλὸς</span> <span class='ocrx_word' id='word_1_729' title='bbox 3105 4168 3134 4222; x_wconf 92' lang='lat'><strong>6</strong></span> <span class='ocrx_word' id='word_1_730' title='bbox 3177 4165 3312 4231; x_wconf 80' lang='grc' dir='ltr'>Θεὸς</span> <span class='ocrx_word' id='word_1_731' title='bbox 3337 4164 3433 4220; x_wconf 84' lang='grc' dir='ltr'><strong>τοῦ</strong></span> <span class='ocrx_word' id='word_1_732' title='bbox 3469 4164 3658 4236; x_wconf 88' lang='grc' dir='ltr'>νόμου,</span> <span class='ocrx_word' id='word_1_733' title='bbox 3697 4164 3758 4229; x_wconf 72' lang='grc' dir='ltr'>ὃς</span> 
     </span>
    </p>
   </div>
   <div class='ocr_carea' id='block_1_100' title="bbox 2172 4255 3755 4334">
    <p class='ocr_par' dir='ltr' id='par_1_100' title="bbox 2172 4255 3755 4334">
     <span class='ocr_line' id='line_1_101' title="bbox 2172 4255 3755 4334; baseline -0.006 -16"><span class='ocrx_word' id='word_1_734' title='bbox 2172 4265 2266 4318; x_wconf 77' lang='grc' dir='ltr'><strong>τὸν</strong></span> <span class='ocrx_word' id='word_1_735' title='bbox 2303 4261 2477 4334; x_wconf 77' lang='grc' dir='ltr'>Ἀδὰμ</span> <span class='ocrx_word' id='word_1_736' title='bbox 2496 4259 2708 4330; x_wconf 88' lang='grc' dir='ltr'>ἀγνοῶν</span> <span class='ocrx_word' id='word_1_737' title='bbox 2747 4259 2851 4314; x_wconf 82' lang='grc' dir='ltr'><strong>ποῦ</strong></span> <span class='ocrx_word' id='word_1_738' title='bbox 2883 4259 3030 4314; x_wconf 79' lang='grc' dir='ltr'>ἐστιν</span> <span class='ocrx_word' id='word_1_739' title='bbox 3065 4256 3273 4330; x_wconf 80' lang='grc' dir='ltr'>ἠρώτα,</span> <span class='ocrx_word' id='word_1_740' title='bbox 3299 4257 3473 4327; x_wconf 81' lang='grc' dir='ltr'>λέγων</span> <span class='ocrx_word' id='word_1_741' title='bbox 3495 4273 3509 4288; x_wconf 75' lang='grc' dir='ltr'><strong><em>ο</em></strong></span> <span class='ocrx_word' id='word_1_742' title='bbox 3551 4255 3755 4325; x_wconf 79' lang='grc' dir='ltr'>Ἀδὰμ,</span> 
     </span>
    </p>
   </div>
   <div class='ocr_carea' id='block_1_101' title="bbox 2158 4344 3758 4424">
    <p class='ocr_par' dir='ltr' id='par_1_101' title="bbox 2158 4344 3758 4424">
     <span class='ocr_line' id='line_1_102' title="bbox 2158 4344 3758 4424; baseline -0.006 -16"><span class='ocrx_word' id='word_1_743' title='bbox 2158 4355 2292 4410; x_wconf 67' lang='grc' dir='ltr'>οποῦ</span> <span class='ocrx_word' id='word_1_744' title='bbox 2318 4350 2406 4418; x_wconf 74' lang='lat' dir='ltr'><strong>sl;</strong></span> <span class='ocrx_word' id='word_1_745' title='bbox 2434 4352 2529 4407; x_wconf 69' lang='grc' dir='ltr'><strong>καὶ</strong></span> <span class='ocrx_word' id='word_1_746' title='bbox 2553 4351 2632 4424; x_wconf 79' lang='grc' dir='ltr'>τῷ</span> <span class='ocrx_word' id='word_1_747' title='bbox 2664 4351 2805 4406; x_wconf 84' lang='grc' dir='ltr'>Κάῖν</span> <span class='ocrx_word' id='word_1_748' title='bbox 2825 4351 3010 4421; x_wconf 77' lang='grc' dir='ltr'>λέγει·</span> <span class='ocrx_word' id='word_1_749' title='bbox 3043 4349 3169 4405; x_wconf 96' lang='grc' dir='ltr'><strong>Ποῦ</strong></span> <span class='ocrx_word' id='word_1_750' title='bbox 3211 4349 3390 4402; x_wconf 73' lang='grc' dir='ltr'><strong>Ἀϐελ</strong></span> <span class='ocrx_word' id='word_1_751' title='bbox 3422 4350 3455 4402; x_wconf 85' lang='grc' dir='ltr'><strong>ό</strong></span> <span class='ocrx_word' id='word_1_752' title='bbox 3492 4344 3758 4416; x_wconf 64' lang='grc' dir='ltr'>ἀδελφός</span> 
     </span>
    </p>
   </div>
   <div class='ocr_carea' id='block_1_102' title="bbox 2173 4435 3754 4514">
    <p class='ocr_par' dir='ltr' id='par_1_102' title="bbox 2173 4435 3754 4514">
     <span class='ocr_line' id='line_1_103' title="bbox 2173 4435 3754 4514; baseline -0.008 -14"><span class='ocrx_word' id='word_1_753' title='bbox 2173 4459 2331 4509; x_wconf 83' lang='grc' dir='ltr'>σου;</span> <span class='ocrx_word' id='word_1_754' title='bbox 2361 4443 2619 4514; x_wconf 72' lang='grc' dir='ltr'>καὶπρὸς</span> <span class='ocrx_word' id='word_1_755' title='bbox 2653 4442 2744 4496; x_wconf 79' lang='grc' dir='ltr'><strong>τὸν</strong></span> <span class='ocrx_word' id='word_1_756' title='bbox 2785 4441 3067 4513; x_wconf 71' lang='grc' dir='ltr'>’Δὸραάμσ</span> <span class='ocrx_word' id='word_1_757' title='bbox 3112 4436 3237 4494; x_wconf 88' lang='grc' dir='ltr'><strong>Ποῦ</strong></span> <span class='ocrx_word' id='word_1_758' title='bbox 3270 4435 3469 4507; x_wconf 78' lang='grc' dir='ltr'><strong>Σὰρῤα</strong></span> <span class='ocrx_word' id='word_1_759' title='bbox 3514 4437 3553 4505; x_wconf 77' lang='grc' dir='ltr'>ἡ</span> <span class='ocrx_word' id='word_1_760' title='bbox 3598 4436 3754 4508; x_wconf 72' lang='grc' dir='ltr'><strong>γυνή</strong></span> 
     </span>
    </p>
   </div>
   <div class='ocr_carea' id='block_1_103' title="bbox 2177 4526 3755 4603">
    <p class='ocr_par' dir='ltr' id='par_1_103' title="bbox 2177 4526 3755 4603">
     <span class='ocr_line' id='line_1_104' title="bbox 2177 4526 3755 4603; baseline -0.009 -9"><span class='ocrx_word' id='word_1_761' title='bbox 2177 4553 2327 4603; x_wconf 86' lang='grc' dir='ltr'>σου;</span> <span class='ocrx_word' id='word_1_762' title='bbox 2356 4537 2453 4591; x_wconf 77' lang='grc' dir='ltr'><strong>καὶ</strong></span> <span class='ocrx_word' id='word_1_763' title='bbox 2495 4534 2629 4591; x_wconf 81' lang='grc' dir='ltr'>ἄλλα</span> <span class='ocrx_word' id='word_1_764' title='bbox 2675 4533 2846 4589; x_wconf 79' lang='grc' dir='ltr'>πολλὰ</span> <span class='ocrx_word' id='word_1_765' title='bbox 2881 4531 3103 4588; x_wconf 75' lang='grc' dir='ltr'>τοιαῦτα</span> <span class='ocrx_word' id='word_1_766' title='bbox 3133 4531 3286 4585; x_wconf 74' lang='grc' dir='ltr'>αὐτοὶ</span> <span class='ocrx_word' id='word_1_767' title='bbox 3316 4532 3365 4585; x_wconf 77' lang='grc' dir='ltr'>οἱ</span> <span class='ocrx_word' id='word_1_768' title='bbox 3400 4527 3625 4583; x_wconf 82' lang='grc' dir='ltr'>τοιαῦτα</span> <span class='ocrx_word' id='word_1_769' title='bbox 3664 4526 3755 4581; x_wconf 76' lang='grc' dir='ltr'>λέ-</span> 
     </span>
    </p>
   </div>
   <div class='ocr_carea' id='block_1_104' title="bbox 2178 4619 3759 4701">
    <p class='ocr_par' dir='ltr' id='par_1_104' title="bbox 2178 4619 3759 4701">
     <span class='ocr_line' id='line_1_105' title="bbox 2178 4619 3759 4701; baseline -0.008 -16"><span class='ocrx_word' id='word_1_770' title='bbox 2178 4647 2365 4701; x_wconf 86' lang='grc' dir='ltr'>γοντες</span> <span class='ocrx_word' id='word_1_771' title='bbox 2400 4627 2716 4683; x_wconf 82' lang='grc' dir='ltr'>πιστεύουσι</span> <span class='ocrx_word' id='word_1_772' title='bbox 2746 4627 2823 4699; x_wconf 78' lang='grc' dir='ltr'>τῷ</span> <span class='ocrx_word' id='word_1_773' title='bbox 2850 4625 3067 4697; x_wconf 74' lang='grc' dir='ltr'>Σωτῆρι</span> <span class='ocrx_word' id='word_1_774' title='bbox 3094 4623 3216 4695; x_wconf 84' lang='grc' dir='ltr'><strong>Θεῷ</strong></span> <span class='ocrx_word' id='word_1_775' title='bbox 3255 4621 3506 4694; x_wconf 85' lang='grc' dir='ltr'>στόματι,</span> <span class='ocrx_word' id='word_1_776' title='bbox 3538 4620 3630 4674; x_wconf 70' lang='grc' dir='ltr'><strong>καὶ</strong></span> <span class='ocrx_word' id='word_1_777' title='bbox 3658 4619 3759 4673; x_wconf 80' lang='grc' dir='ltr'><strong>οὐκ</strong></span> 
     </span>
    </p>
   </div>
   <div class='ocr_carea' id='block_1_105' title="bbox 2180 4708 3755 4793">
    <p class='ocr_par' dir='ltr' id='par_1_105' title="bbox 2180 4708 3755 4793">
     <span class='ocr_line' id='line_1_106' title="bbox 2180 4708 3755 4793; baseline -0.008 -16"><span class='ocrx_word' id='word_1_778' title='bbox 2180 4720 2433 4793; x_wconf 78' lang='grc' dir='ltr'>ἀληθείᾳ,</span> <span class='ocrx_word' id='word_1_779' title='bbox 2469 4718 2589 4791; x_wconf 83' lang='grc' dir='ltr'><strong>Θεῷ</strong></span> <span class='ocrx_word' id='word_1_780' title='bbox 2617 4718 2730 4774; x_wconf 76' lang='grc' dir='ltr'>ὄντι</span> <span class='ocrx_word' id='word_1_781' title='bbox 2762 4719 2855 4772; x_wconf 71' lang='grc' dir='ltr'>καὶ</span> <span class='ocrx_word' id='word_1_782' title='bbox 2877 4717 3184 4789; x_wconf 76' lang='grc' dir='ltr'>πρόγνωσιν</span> <span class='ocrx_word' id='word_1_783' title='bbox 3216 4712 3414 4785; x_wconf 73' lang='grc' dir='ltr'>ἔχοντι,</span> <span class='ocrx_word' id='word_1_784' title='bbox 3439 4711 3508 4764; x_wconf 83' lang='grc' dir='ltr'>τὰ</span> <span class='ocrx_word' id='word_1_785' title='bbox 3533 4709 3590 4764; x_wconf 78' lang='grc' dir='ltr'>δὲ</span> <span class='ocrx_word' id='word_1_786' title='bbox 3614 4708 3755 4764; x_wconf 69' lang='grc' dir='ltr'>αὐτὰ</span> 
     </span>
    </p>
   </div>
   <div class='ocr_carea' id='block_1_106' title="bbox 2179 4800 3760 4886">
    <p class='ocr_par' dir='ltr' id='par_1_106' title="bbox 2179 4800 3760 4886">
     <span class='ocr_line' id='line_1_107' title="bbox 2179 4800 3760 4886; baseline -0.008 -19"><span class='ocrx_word' id='word_1_787' title='bbox 2179 4816 2248 4886; x_wconf 84' lang='grc' dir='ltr'>τῇ</span> <span class='ocrx_word' id='word_1_788' title='bbox 2277 4812 2489 4885; x_wconf 80' lang='grc' dir='ltr'>Παλαιᾷ</span> <span class='ocrx_word' id='word_1_789' title='bbox 2514 4812 2716 4884; x_wconf 84' lang='grc' dir='ltr'>ὁμοίως</span> <span class='ocrx_word' id='word_1_790' title='bbox 2747 4808 3097 4882; x_wconf 76' lang='grc' dir='ltr'>ἐπερωτῶντι</span> <span class='ocrx_word' id='word_1_791' title='bbox 3114 4824 3130 4840; x_wconf 76' lang='grc' dir='ltr'><strong><em>ο</em></strong></span> <span class='ocrx_word' id='word_1_792' title='bbox 3175 4804 3300 4861; x_wconf 87' lang='grc' dir='ltr'><strong>Ποῦ</strong></span> <span class='ocrx_word' id='word_1_793' title='bbox 3323 4804 3625 4859; x_wconf 80' lang='grc' dir='ltr'>τεθείκατε</span> <span class='ocrx_word' id='word_1_794' title='bbox 3650 4800 3760 4856; x_wconf 79' lang='grc' dir='ltr'>τόν</span> 
     </span>
    </p>
   </div>
   <div class='ocr_carea' id='block_1_107' title="bbox 2179 4896 3761 4976">
    <p class='ocr_par' dir='ltr' id='par_1_107' title="bbox 2179 4896 3761 4976">
     <span class='ocr_line' id='line_1_108' title="bbox 2179 4896 3761 4976; baseline -0.009 -15"><span class='ocrx_word' id='word_1_795' title='bbox 2179 4905 2447 4976; x_wconf 79' lang='grc' dir='ltr'>Λάζαρον</span> <span class='ocrx_word' id='word_1_796' title='bbox 2460 4921 2481 4971; x_wconf 81' lang='grc'><strong><em>;</em></strong></span> <span class='ocrx_word' id='word_1_797' title='bbox 2529 4905 2647 4971; x_wconf 75' lang='grc' dir='ltr'>καὶ,</span> <span class='ocrx_word' id='word_1_798' title='bbox 2705 4903 2803 4970; x_wconf 83' lang='grc' dir='ltr'>Τίς</span> <span class='ocrx_word' id='word_1_799' title='bbox 2842 4919 2965 4972; x_wconf 84' lang='grc' dir='ltr'><strong>μου</strong></span> <span class='ocrx_word' id='word_1_800' title='bbox 3007 4900 3246 4970; x_wconf 46' lang='lat' dir='ltr'><strong>iurato;</strong></span> <span class='ocrx_word' id='word_1_801' title='bbox 3278 4897 3396 4958; x_wconf 68' lang='lat' dir='ltr'><strong>xui,</strong></span> <span class='ocrx_word' id='word_1_802' title='bbox 3425 4896 3506 4951; x_wconf 82' lang='grc' dir='ltr'>ὅτι</span> <span class='ocrx_word' id='word_1_803' title='bbox 3546 4896 3761 4965; x_wconf 81' lang='grc' dir='ltr'>Ἔχετε</span> 
     </span>
    </p>
   </div>
   <div class='ocr_carea' id='block_1_108' title="bbox 2178 4985 3761 5070">
    <p class='ocr_par' dir='ltr' id='par_1_108' title="bbox 2178 4985 3761 5070">
     <span class='ocr_line' id='line_1_109' title="bbox 2178 4985 3761 5070; baseline -0.008 -20"><span class='ocrx_word' id='word_1_804' title='bbox 2178 4998 2399 5066; x_wconf 78' lang='grc' dir='ltr'>ἄρτους</span> <span class='ocrx_word' id='word_1_805' title='bbox 2430 4997 2559 5067; x_wconf 82' lang='grc' dir='ltr'>μεθ’</span> <span class='ocrx_word' id='word_1_806' title='bbox 2581 4993 2863 5070; x_wconf 51' lang='grc' dir='ltr'><strong>⁸ιέιειυτῶιπ</strong></span> <span class='ocrx_word' id='word_1_807' title='bbox 2907 4993 3024 5058; x_wconf 68' lang='grc' dir='ltr'>καὶ,</span> <span class='ocrx_word' id='word_1_808' title='bbox 3078 4992 3220 5048; x_wconf 77' lang='grc' dir='ltr'>Τίνα</span> <span class='ocrx_word' id='word_1_809' title='bbox 3259 4987 3497 5053; x_wconf 64' lang='lat' dir='ltr'><strong>aelate;</strong></span> <span class='ocrx_word' id='word_1_810' title='bbox 3523 4985 3581 5059; x_wconf 80' lang='grc' dir='ltr'>ἦ,</span> <span class='ocrx_word' id='word_1_811' title='bbox 3619 4986 3761 5040; x_wconf 73' lang='grc' dir='ltr'>Τίνα</span> 
     </span>
    </p>
   </div>
   <div class='ocr_carea' id='block_1_109' title="bbox 2179 5076 3759 5156">
    <p class='ocr_par' dir='ltr' id='par_1_109' title="bbox 2179 5076 3759 5156">
     <span class='ocr_line' id='line_1_110' title="bbox 2179 5076 3759 5156; baseline -0.008 -15"><span class='ocrx_word' id='word_1_812' title='bbox 2179 5084 2436 5156; x_wconf 64' lang='lat' dir='ltr'><strong>(meite;</strong></span> <span class='ocrx_word' id='word_1_813' title='bbox 2466 5083 2713 5156; x_wconf 78' lang='grc' dir='ltr'>Εὐχερὴς</span> <span class='ocrx_word' id='word_1_814' title='bbox 2739 5082 2926 5137; x_wconf 83' lang='grc' dir='ltr'>λοιπὸν</span> <span class='ocrx_word' id='word_1_815' title='bbox 2964 5085 3061 5137; x_wconf 71' lang='grc' dir='ltr'><strong>καὶ</strong></span> <span class='ocrx_word' id='word_1_816' title='bbox 3091 5082 3272 5155; x_wconf 77' lang='grc' dir='ltr'>ῥᾴδιος</span> <span class='ocrx_word' id='word_1_817' title='bbox 3305 5082 3334 5135; x_wconf 86' lang='lat'><strong>6</strong></span> <span class='ocrx_word' id='word_1_818' title='bbox 3370 5079 3508 5151; x_wconf 73' lang='grc' dir='ltr'>πρὸς</span> <span class='ocrx_word' id='word_1_819' title='bbox 3534 5076 3759 5141; x_wconf 90' lang='grc' dir='ltr'>τούτους</span> 
     </span>
    </p>
   </div>
   <div class='ocr_carea' id='block_1_110' title="bbox 2178 5167 3755 5251">
    <p class='ocr_par' dir='ltr' id='par_1_110' title="bbox 2178 5167 3755 5251">
     <span class='ocr_line' id='line_1_111' title="bbox 2178 5167 3755 5251; baseline -0.008 -18"><span class='ocrx_word' id='word_1_820' title='bbox 2178 5180 2417 5251; x_wconf 77' lang='grc' dir='ltr'>ἐλεγχος.</span> <span class='ocrx_word' id='word_1_821' title='bbox 2456 5178 2544 5241; x_wconf 80' lang='grc' dir='ltr'>Ὠς</span> <span class='ocrx_word' id='word_1_822' title='bbox 2573 5177 2683 5247; x_wconf 83' lang='grc' dir='ltr'>γὰρ</span> <span class='ocrx_word' id='word_1_823' title='bbox 2726 5176 2979 5247; x_wconf 79' lang='grc' dir='ltr'>ἐπερωτᾷ</span> <span class='ocrx_word' id='word_1_824' title='bbox 3019 5176 3048 5227; x_wconf 88' lang='lat'><strong>6</strong></span> <span class='ocrx_word' id='word_1_825' title='bbox 3081 5173 3209 5238; x_wconf 76' lang='grc' dir='ltr'>Υἱὸς</span> <span class='ocrx_word' id='word_1_826' title='bbox 3235 5171 3543 5243; x_wconf 88' lang='grc' dir='ltr'>πρόγνωσιν</span> <span class='ocrx_word' id='word_1_827' title='bbox 3586 5167 3755 5238; x_wconf 75' lang='grc' dir='ltr'>ἔχων,</span> 
     </span>
    </p>
   </div>
   <div class='ocr_carea' id='block_1_111' title="bbox 2178 5258 3759 5339">
    <p class='ocr_par' dir='ltr' id='par_1_111' title="bbox 2178 5258 3759 5339">
     <span class='ocr_line' id='line_1_112' title="bbox 2178 5258 3759 5339; baseline -0.008 -13"><span class='ocrx_word' id='word_1_828' title='bbox 2178 5272 2353 5335; x_wconf 80' lang='grc' dir='ltr'>οὕτως</span> <span class='ocrx_word' id='word_1_829' title='bbox 2403 5269 2500 5323; x_wconf 68' lang='grc' dir='ltr'><strong>καὶ</strong></span> <span class='ocrx_word' id='word_1_830' title='bbox 2549 5272 2578 5323; x_wconf 92' lang='lat'><strong>6</strong></span> <span class='ocrx_word' id='word_1_831' title='bbox 2623 5266 2814 5339; x_wconf 75' lang='grc' dir='ltr'>Πατὴρ</span> <span class='ocrx_word' id='word_1_832' title='bbox 2860 5268 2910 5320; x_wconf 87' lang='grc' dir='ltr'><strong>εί</strong></span> <span class='ocrx_word' id='word_1_833' title='bbox 2958 5266 3122 5330; x_wconf 80' lang='grc' dir='ltr'>αὐτὸς</span> <span class='ocrx_word' id='word_1_834' title='bbox 3153 5265 3249 5319; x_wconf 80' lang='grc' dir='ltr'><strong>καὶ</strong></span> <span class='ocrx_word' id='word_1_835' title='bbox 3297 5264 3342 5295; x_wconf 82' lang='grc'>¹¹</span> <span class='ocrx_word' id='word_1_836' title='bbox 3381 5264 3440 5316; x_wconf 87' lang='grc' dir='ltr'><strong>ἐν</strong></span> <span class='ocrx_word' id='word_1_837' title='bbox 3482 5259 3562 5333; x_wconf 83' lang='grc' dir='ltr'><strong>τῷ</strong></span> <span class='ocrx_word' id='word_1_838' title='bbox 3604 5258 3759 5331; x_wconf 82' lang='grc' dir='ltr'>νόμῳ</span> 
     </span>
    </p>
   </div>
   <div class='ocr_carea' id='block_1_112' title="bbox 2182 5352 3754 5434">
    <p class='ocr_par' dir='ltr' id='par_1_112' title="bbox 2182 5352 3754 5434">
     <span class='ocr_line' id='line_1_113' title="bbox 2182 5352 3754 5434; baseline -0.008 -17"><span class='ocrx_word' id='word_1_839' title='bbox 2182 5362 2455 5434; x_wconf 82' lang='grc' dir='ltr'>ἐπερωτᾷ,</span> <span class='ocrx_word' id='word_1_840' title='bbox 2484 5362 2514 5414; x_wconf 91' lang='lat'><strong>6</strong></span> <span class='ocrx_word' id='word_1_841' title='bbox 2541 5357 2705 5424; x_wconf 81' lang='grc' dir='ltr'>αὐτὸς</span> <span class='ocrx_word' id='word_1_842' title='bbox 2731 5357 2807 5414; x_wconf 86' lang='grc' dir='ltr'><strong>ῶν</strong></span> <span class='ocrx_word' id='word_1_843' title='bbox 2839 5357 2949 5423; x_wconf 77' lang='grc' dir='ltr'>ἀεὶ,</span> <span class='ocrx_word' id='word_1_844' title='bbox 2976 5358 3071 5412; x_wconf 73' lang='grc' dir='ltr'>καὶ</span> <span class='ocrx_word' id='word_1_845' title='bbox 3111 5357 3186 5429; x_wconf 78' lang='grc' dir='ltr'>μὴ</span> <span class='ocrx_word' id='word_1_846' title='bbox 3231 5352 3754 5428; x_wconf 82' lang='grc' dir='ltr'>μεταλλασσόμενος.</span> 
     </span>
    </p>
   </div>
   <div class='ocr_carea' id='block_1_113' title="bbox 2193 5441 3758 5527">
    <p class='ocr_par' dir='ltr' id='par_1_113' title="bbox 2193 5441 3758 5527">
     <span class='ocr_line' id='line_1_114' title="bbox 2193 5441 3758 5527; baseline -0.008 -19"><span class='ocrx_word' id='word_1_847' title='bbox 2193 5454 2321 5508; x_wconf 84' lang='grc' dir='ltr'><strong>Ἐὰν</strong></span> <span class='ocrx_word' id='word_1_848' title='bbox 2354 5452 2461 5526; x_wconf 84' lang='grc' dir='ltr'><strong>γὰρ</strong></span> <span class='ocrx_word' id='word_1_849' title='bbox 2492 5452 2656 5527; x_wconf 71' lang='grc' dir='ltr'>εἴπῃ*</span> <span class='ocrx_word' id='word_1_850' title='bbox 2692 5451 2817 5506; x_wconf 85' lang='grc' dir='ltr'><strong>Ποῦ</strong></span> <span class='ocrx_word' id='word_1_851' title='bbox 2849 5451 3148 5507; x_wconf 78' lang='grc' dir='ltr'>τεθείκατε</span> <span class='ocrx_word' id='word_1_852' title='bbox 3174 5449 3284 5503; x_wconf 82' lang='grc' dir='ltr'><strong>τὸν</strong></span> <span class='ocrx_word' id='word_1_853' title='bbox 3309 5444 3612 5514; x_wconf 56' lang='grc' dir='ltr'>ΛὰᾇιρωἾ</span> <span class='ocrx_word' id='word_1_854' title='bbox 3632 5441 3758 5497; x_wconf 76' lang='grc' dir='ltr'>οὒτε</span> 
     </span>
    </p>
   </div>
   <div class='ocr_carea' id='block_1_114' title="bbox 2179 5535 3755 5617">
    <p class='ocr_par' dir='ltr' id='par_1_114' title="bbox 2179 5535 3755 5617">
     <span class='ocr_line' id='line_1_115' title="bbox 2179 5535 3755 5617; baseline -0.008 -16"><span class='ocrx_word' id='word_1_855' title='bbox 2179 5547 2242 5601; x_wconf 77' lang='grc' dir='ltr'><strong>τὸ</strong></span> <span class='ocrx_word' id='word_1_856' title='bbox 2274 5546 2607 5617; x_wconf 81' lang='grc' dir='ltr'>Εὐαγγέλιον</span> <span class='ocrx_word' id='word_1_857' title='bbox 2632 5545 2839 5615; x_wconf 80' lang='grc' dir='ltr'>ἀγνοεῖ,</span> <span class='ocrx_word' id='word_1_858' title='bbox 2874 5541 3001 5598; x_wconf 71' lang='grc' dir='ltr'>οὔτε</span> <span class='ocrx_word' id='word_1_859' title='bbox 3036 5542 3135 5615; x_wconf 75' lang='grc' dir='ltr'>τὴν</span> <span class='ocrx_word' id='word_1_860' title='bbox 3163 5539 3411 5596; x_wconf 82' lang='grc' dir='ltr'>Παλαιὰν</span> <span class='ocrx_word' id='word_1_861' title='bbox 3457 5535 3755 5608; x_wconf 83' lang='grc' dir='ltr'>Διαθήκην.</span> 
     </span>
    </p>
   </div>
   <div class='ocr_carea' id='block_1_115' title="bbox 2179 5624 3759 5705">
    <p class='ocr_par' dir='ltr' id='par_1_115' title="bbox 2179 5624 3759 5705">
     <span class='ocr_line' id='line_1_116' title="bbox 2179 5624 3759 5705; baseline -0.007 -13"><span class='ocrx_word' id='word_1_862' title='bbox 2179 5636 2305 5693; x_wconf 87' lang='grc' dir='ltr'>Ποῦ</span> <span class='ocrx_word' id='word_1_863' title='bbox 2332 5636 2629 5692; x_wconf 78' lang='grc' dir='ltr'>τεθείκατε</span> <span class='ocrx_word' id='word_1_864' title='bbox 2665 5635 2883 5700; x_wconf 65' lang='lat' dir='ltr'><strong>mittor;</strong></span> <span class='ocrx_word' id='word_1_865' title='bbox 2914 5633 3087 5705; x_wconf 81' lang='grc' dir='ltr'>λέγει,</span> <span class='ocrx_word' id='word_1_866' title='bbox 3131 5630 3411 5701; x_wconf 77' lang='grc' dir='ltr'>ἐξελέγξαι</span> <span class='ocrx_word' id='word_1_867' title='bbox 3458 5628 3629 5683; x_wconf 83' lang='grc' dir='ltr'>θέλων</span> <span class='ocrx_word' id='word_1_868' title='bbox 3657 5624 3759 5692; x_wconf 77' lang='grc' dir='ltr'>τὰς</span> 
     </span>
    </p>
   </div>
   <div class='ocr_carea' id='block_1_116' title="bbox 1378 5781 2074 5857">
    <p class='ocr_par' dir='ltr' id='par_1_116' title="bbox 1378 5782 2074 5857">
     <span class='ocr_line' id='line_1_117' title="bbox 1378 5782 2074 5857; baseline 0.004 -17"><span class='ocrx_word' id='word_1_869' title='bbox 1378 5826 1393 5840; x_wconf 97' lang='grc'><strong>.</strong></span> <span class='ocrx_word' id='word_1_870' title='bbox 1417 5785 1621 5857; x_wconf 67' lang='lat' dir='ltr'><strong>tn,_20.</strong></span> <span class='ocrx_word' id='word_1_871' title='bbox 1649 5855 1659 5857; x_wconf 22' lang='grc'><strong><em>4</em></strong></span> <span class='ocrx_word' id='word_1_872' title='bbox 1698 5788 1720 5818; x_wconf 87' lang='grc'>³</span> <span class='ocrx_word' id='word_1_873' title='bbox 1741 5785 1881 5840; x_wconf 81' lang='lat' dir='ltr'><strong>Gen.</strong></span> <span class='ocrx_word' id='word_1_874' title='bbox 1906 5804 1987 5845; x_wconf 87' lang='lat' dir='ltr'><strong>tu.</strong></span> <span class='ocrx_word' id='word_1_875' title='bbox 2015 5782 2074 5845; x_wconf 63' lang='lat'><strong>9.</strong></span> 
     </span>
    </p>
   </div>
   <div class='ocr_carea' id='block_1_117' title="bbox 2179 5781 3755 5857">
    <p class='ocr_par' dir='ltr' id='par_1_117' title="bbox 2185 5781 3755 5857">
     <span class='ocr_line' id='line_1_118' title="bbox 2185 5781 3755 5857; baseline -0.007 -10"><span class='ocrx_word' id='word_1_876' title='bbox 2185 5791 2321 5849; x_wconf 87' lang='lat' dir='ltr'><strong>Gen.</strong></span> <span class='ocrx_word' id='word_1_877' title='bbox 2344 5809 2418 5857; x_wconf 82' lang='lat' dir='ltr'><strong>tv,</strong></span> <span class='ocrx_word' id='word_1_878' title='bbox 2438 5792 2492 5847; x_wconf 88' lang='lat'><strong>9.</strong></span> <span class='ocrx_word' id='word_1_879' title='bbox 2567 5792 2590 5824; x_wconf 87' lang='lat'><strong>&#39;</strong></span> <span class='ocrx_word' id='word_1_880' title='bbox 2612 5791 2927 5854; x_wconf 67' lang='lat' dir='ltr'><strong>GenJvm,</strong></span> <span class='ocrx_word' id='word_1_881' title='bbox 2958 5788 3012 5844; x_wconf 92' lang='lat'><strong>9.</strong></span> <span class='ocrx_word' id='word_1_882' title='bbox 3089 5787 3111 5820; x_wconf 82' lang='grc'><strong><em>⁸</em></strong></span> <span class='ocrx_word' id='word_1_883' title='bbox 3134 5786 3395 5852; x_wconf 75' lang='lat' dir='ltr'><strong>Joatmx,</strong></span> <span class='ocrx_word' id='word_1_884' title='bbox 3417 5785 3510 5857; x_wconf 68' lang='lat'><strong>34.</strong></span> <span class='ocrx_word' id='word_1_885' title='bbox 3546 5853 3566 5857; x_wconf 94' lang='lat'><strong>_</strong></span> <span class='ocrx_word' id='word_1_886' title='bbox 3584 5785 3603 5816; x_wconf 87' lang='lat'><strong>&#39;</strong></span> <span class='ocrx_word' id='word_1_887' title='bbox 3621 5781 3755 5857; x_wconf 71' lang='lat' dir='ltr'><strong>Luc.</strong></span> 
     </span>
    </p>
   </div>
   <div class='ocr_carea' id='block_1_118' title="bbox 2150 5853 3757 5929">
    <p class='ocr_par' dir='ltr' id='par_1_118' title="bbox 2150 5853 3757 5929">
     <span class='ocr_line' id='line_1_119' title="bbox 2150 5853 3757 5929; baseline -0.007 -10"><span class='ocrx_word' id='word_1_888' title='bbox 2150 5863 2196 5896; x_wconf 84' lang='grc'><strong>¹⁰</strong></span> <span class='ocrx_word' id='word_1_889' title='bbox 2222 5863 2380 5919; x_wconf 84' lang='lat' dir='ltr'><strong>Joan.</strong></span> <span class='ocrx_word' id='word_1_890' title='bbox 2407 5853 2552 5918; x_wconf 70' lang='grc' dir='ltr'>ἰνιιι</span> <span class='ocrx_word' id='word_1_891' title='bbox 2588 5864 2641 5918; x_wconf 75' lang='grc'><strong>4.</strong></span> <span class='ocrx_word' id='word_1_892' title='bbox 2774 5862 2816 5892; x_wconf 84' lang='lat'>“</span> <span class='ocrx_word' id='word_1_893' title='bbox 2850 5853 3157 5929; x_wconf 80' lang='lat' dir='ltr'><strong>Gerruptus</strong></span> <span class='ocrx_word' id='word_1_894' title='bbox 3181 5858 3356 5915; x_wconf 87' lang='lat' dir='ltr'><strong>locus.</strong></span> <span class='ocrx_word' id='word_1_895' title='bbox 3462 5856 3506 5889; x_wconf 79' lang='lat'><strong>&quot;</strong></span> <span class='ocrx_word' id='word_1_896' title='bbox 3542 5853 3674 5928; x_wconf 87' lang='lat' dir='ltr'><strong>ch.</strong></span> <span class='ocrx_word' id='word_1_897' title='bbox 3708 5854 3757 5907; x_wconf 75' lang='lat' dir='ltr'><strong>si</strong></span> 
     </span>
    </p>
   </div>
  </div>
