4018 6210
351 404 457 460 9.ὶο

1741 386 1798 441 S.
1840 383 2181 442 EPIPHANH

3506 390 3628 451 ﬁo

362 507 518 575 Quod
553 508 604 566 si
638 506 915 581 quispiam
957 521 1065 562 non
1114 520 1236 562 eam
1283 519 1406 561 esse
1449 517 1717 561 summam
1760 518 1933 559 anno-

2069 504 2208 570 ὒτως
2241 505 2650 579 ἐξαριθμεῖσθαι
2695 505 2762 560 τὰ
2784 504 2902 576 ἔτη,
2943 503 3187 559 ἀκουέτω
3221 503 3500 570 Μωῦσέως
3523 503 3620 558 λέ-

359 615 481 652 rum
514 614 578 654 ac
612 600 879 654 rationem
919 597 1218 660 existimet,
1246 595 1467 667 Moysen
1499 594 1686 648 audiat
1712 613 1723 648 :
1754 593 1927 650 Porro

356 689 639 757 Ιιιιὺίξαιίο,
671 690 868 760 inquit,
920 689 1155 758 ﬁliorum
1211 685 1379 742 Israel
1429 685 1486 738 in
1529 683 1840 738 Cltauanaza
1883 693 1934 740 et

362 779 590 853 lEgypto
625 798 883 836 anuorum
924 781 1026 850 fuit
1064 794 1238 835 coxxx
1279 779 1321 830 ί.
1368 776 1504 831 Cum
1554 775 1718 847 igitur
1761 775 1933 831 Domi-

364 891 467 930 nus
500 874 774 930 mercedis
809 874 1134 945 justissimae
1180 884 1366 925 curam
1415 877 1648 939 gereret,
1682 883 1933 939 quamam

361 981 484 1022 esse
534 974 714 1036 potest
748 967 930 1020 inanis
966 965 1184 1018 illorum
1219 961 1488 1026 defensio,
1522 962 1615 1032 qui
1647 962 1936 1018 sanctissi-

363 1074 511 1112 mum
534 1057 703 1113 Deum
732 1057 1045 1125 vituperare
1073 1070 1182 1109 non
1205 1054 1496 1109 dubitant?
1516 1052 1714 1108 Verum
1735 1053 1939 1123 quippe

365 1145 534 1199 Deum
568 1146 884 1214 vituperare
917 1158 1078 1197 nemo
1118 1143 1323 1214 poterit
1349 1157 1631 1213 unquam;
1666 1149 1720 1198 et
1756 1143 1849 1213 qui
1883 1142 1939 1198 id

364 1252 529 1306 agere
571 1235 784 1299 volunt,
838 1235 1167 1306 semetipsos
1196 1234 1384 1305 potius
1417 1235 1576 1306 116
1601 1235 1936 1305 vituperant.

367 1331 582 1384 Rursus
619 1327 769 1381 aliud
808 1326 1069 1397 quiddam
1124 1326 1322 1383 afferre
1379 1327 1580 1392 solent,
1627 1335 1681 1382 et
1720 1325 1941 1397 quidem

368 1419 673 1475 absurdum
712 1434 814 1475 nec
853 1419 1059 1490 prioris
1104 1419 1412 1475 dissimile:
1441 1417 1771 1473 Praeclarum
1809 1431 1943 1474 vero

367 1508 541 1563 Deum
576 1509 732 1580 legis,
768 1508 1042 1580 inquiunt,
1075 1510 1169 1580 qui
1215 1508 1472 1579 iniuriam
1498 1507 1825 1563 Chananazis
1857 1508 1942 1562 in-

375 1601 536 1664 ﬂixit,
567 1611 625 1657 ut
656 1603 873 1658 illorum
895 1619 1054 1675 agros
1075 1602 1294 1659 Israelis
1326 1603 1561 1674 posteris
1597 1602 1943 1674 assignaret,

368 1692 553 1748 dantes
594 1695 882 1760 videlicet,
920 1712 1053 1766 quas
1094 1712 1197 1749 nou
1245 1696 1654 1763 mdi/icarerant,
1682 1705 1730 1748 et
1758 1694 1946 1749 oliveta

2033 613 2241 666 γοντος’
2275 597 2345 651 Ἦ
2362 596 2430 650 δὲ
2449 596 2800 665 κατοίκησις
2826 594 2949 650 τῶν
2972 593 3121 650 υἱῶν
3149 595 3259 667 (97)
3280 596 3530 665 Ἰσραὴλ
3546 597 3624 651 ἐν

2034 685 2110 755 τῇ
2136 687 2380 742 Χαναὰν
2406 688 2507 742 και
2539 689 2610 742 ἐν
2645 688 2720 758 τῇ
2750 689 3043 759 Αἰγύπτῳ,
3084 687 3189 757 ἐτη
3211 691 3309 743 v.1"
3330 705 3346 721 ο
3394 688 3488 742 τοῦ
3524 684 3625 744 οὗν

2032 778 2372 833 δικαιοτάτου
2407 779 2600 850 μισθοῦ
2633 780 2725 835 τοῦ
2772 781 2975 855 Κυρίου
3022 780 3436 852 ὲπιμελομένου,
3489 781 3623 835 ποία

2032 887 2118 934 τις
2158 869 2239 924 ἔτι
2286 870 2637 925 ὑπολείπεται
2690 873 2919 943 μάταιος
2967 871 3242 941 ἀντιλογία
3284 874 3397 936 τοῖς
3435 862 3626 942 βουλο-

2040 962 2222 1033 μένοις
2258 962 2400 1017 κατά
2425 963 2518 1018 τοῦ
2545 966 2701 1033 ἁγίου
2731 965 2866 1019 Θεοῦ
2892 966 3221 1035 καταφέρειν
3257 965 3457 1036 “you;
3486 965 3624 1020 Θεὸν

2036 1054 2095 1107 δὲ
2118 1053 2372 1127 ἀληθινὸν
2395 1055 2495 1109 οὐκ
2525 1056 2591 1110 ἄν
2617 1056 2750 1110 ποτέ
2780 1074 2865 1121 τις
2901 1053 3136 1128 ψέξειεν.
3170 1057 3313 1110 Ἀλλ’
3345 1058 3395 1110 οἱ
3425 1056 3623 1126 ψέγον-

2036 1164 2126 1211 τες
2156 1148 2382 1212 ἑαυτοὺς
2406 1147 2681 1218 ψέγουσιν.
2719 1149 2912 1221 Ἑτέρα
2939 1149 2996 1203 δέ
3028 1167 3112 1214 τις
3145 1150 3276 1217 παρ’
3295 1148 3475 1203 αὐτῶν
3504 1148 3619 1220 (98)

2042 1234 2271 1306 μάταιος
2308 1237 2740 1308 καταγγέλλεται
2780 1237 3058 1309 ἀντιλογία
3103 1240 3263 1309 ὁμοία
3292 1242 3360 1310 τῇ
3403 1238 3622 1310 πρώτῃ,

2039 1328 2121 1382 ὅτι
2150 1328 2328 1395 Καλὸς
2359 1332 2387 1384 ὁ
2432 1331 2565 1396 Θεὸς
2600 1331 2692 1385 τοῦ
2730 1331 2919 1402 νόμου,
2969 1332 3030 1395 ὃς
3066 1331 3457 1401 ὲπλεονέκτησε
3495 1332 3624 1395 τοὺς

2040 1420 2394 1486 Χαναναίους,
2439 1422 2525 1475 ἵνα
2558 1422 2634 1494 δῷ
2671 1425 2782 1486 τοῖς
2810 1423 3170 1495 Ἰσραηλίταις
3207 1424 3298 1477 τὸν
3329 1423 3507 1477 αὐτῶν
3534 1423 3622 1477 τό-

2041 1525 2163 1575 πον,
2190 1511 2383 1577 οἰκίας
2402 1508 2476 1576 ἅς
2493 1511 2513 1543 ³
2531 1511 2946 1580 ᾠκοδόμησαν,
2967 1511 3063 1565 καὶ
3084 1510 3374 1576 ἐλαιῶνας
3394 1510 3491 1565 καὶ
3508 1523 3626 1563 συ-

2041 1601 2259 1668 κῶνας,
2291 1601 2388 1655 καὶ
2408 1601 2789 1672 ἀμπελῶνας,
2809 1602 2915 1670 οῦς
2943 1605 3051 1657 οὐκ
3077 1603 3443 1674 ἐφύτευσαν.
3483 1602 3633 1674 Πρὸς

2042 1691 2138 1756 οὓς
2157 1692 2286 1764 ἐρῶ·
2303 1687 2375 1746 Ὦ
2393 1694 2640 1764 μάταιοιι
2671 1695 2718 1747 εί
2744 1695 2842 1765 μὲν
2861 1689 2928 1765 ἦν
2947 1695 3079 1758 θεὸς
3110 1694 3416 1766 ἄνθρωπος,
3443 1694 3508 1749 τὰ
3531 1695 3631 1765 σή-

371 1799 437 1838 ac
474 1784 632 1855 ﬁcela
670 1795 720 1841 et
751 1788 924 1841 uineta
969 1803 1086 1858 qua:
1129 1803 1232 1841 non
1272 1786 1639 1858 plantareraut
1662 1789 1703 1841 ³.
1735 1786 1945 1852 Quibus

2069 1802 2213 1858 ιερον
2245 1785 2511 1857 λεγόμενα
2544 1786 2577 1857 ἢ
2614 1786 2965 1858 πραττόμενα
2991 1789 3327 1859 παρήρχετο,
3355 1788 3450 1842 καὶ
3475 1788 3631 1842 οὐδὲν

378 1876 515 1931 illud
584 1880 969 1949 opponendum
1022 1876 1223 1934 est:0
1283 1877 1565 1934 hominum
1620 1879 1944 1932 vanitatem!

2069 1872 2117 1946 Ειν
2144 1876 2293 1946 αὐτῷ
2320 1878 2378 1930 ὲν
2408 1877 2703 1948 ὲνθυμήσει
2722 1893 2736 1909 ο
2761 1877 2948 1949 ἐπειδὴ
2971 1878 2993 1909 ⁸
3017 1880 3044 1931 ὁ
3062 1877 3205 1941 ,Θεὸς
3230 1878 3362 1943 Θεός
3390 1881 3504 1932 ἐστι
3536 1880 3633 1933 καὶ

372 1967 506 2022 Nam
534 1969 580 2025 si
613 1971 754 2025 Deus
810 1970 975 2024 homo
1007 1979 1175 2036 esset,
1212 1984 1333 2040 qua:
1366 1968 1528 2024 hodie
1571 1968 1829 2023 dicuntur
1853 1975 1948 2023 aut

375 2061 533 2126 fiunt,
563 2062 755 2131 utique
784 2062 1128 2131 prattcrirent
1156 2077 1171 2127 ;
1209 2076 1387 2130 neque
1421 2059 1487 2114 ad
1524 2059 1672 2114 illius
1704 2058 1946 2113 animum

375 2152 833 2208 adhaerescerent.
900 2153 1007 2207 Sed
1063 2167 1188 2206 cum
1256 2151 1402 2206 Deus
1468 2165 1579 2204 non
1644 2150 1805 2204 homo
1853 2149 1946 2211 sit,

2051 1967 2152 2022 οὐκ
2182 1967 2487 2039 ἄνθρωπος,
2526 1968 2594 2022 τὰ
2628 1969 2708 2032 είς
2755 1968 2915 2022 αὑτὸν
2962 1969 3340 2040 ἀναφερόμενα
3381 1972 3461 2033 είς
3497 1970 3631 2022 πολ-

2050 2056 2147 2121 λὰς
2172 2057 2364 2127 γενεὰς
2392 2056 2623 2112 ἐκδικῶν
2651 2058 2751 2112 οὐκ
2789 2059 3220 2115 ἐπιλανθάνεται.
3246 2060 3310 2113 El
3335 2060 3443 2131 γὰρ
3473 2060 3637 2130 ἀγνο-

2051 2148 2169 2202 οὖσι
2202 2149 2261 2202 τὸ
2289 2151 2520 2220 πρᾶγμα
2550 2147 2728 2212 τοῦτο,
2761 2150 3102 2222 μαθέτωσαν,

376 2262 562 2300 verum
606 2246 919 2317 Deus,qum
948 2247 1002 2300 in
1058 2247 1298 2317 seipsum
1345 2245 1711 2300 admittuntur
1763 2243 1996 2298 crimina
2059 2243 2126 2297 ad
2173 2243 2493 2313 complures
2546 2260 2719 2314 usque
2764 2245 3148 2315 generationes
3190 2245 3311 2301 sine
3361 2244 3637 2302 oblivione

379 2337 696 2391 ulciscendo
751 2337 1117 2407 persequitur.
1171 2336 1327 2402 Quod
1378 2336 1596 2407 quidem
1652 2335 1702 2391 si
1754 2334 1932 2389 adlme
1964 2334 2232 2405 ignorent,
2269 2337 2482 2391 discant
2515 2336 2697 2402 modo,
2732 2336 2778 2393 si
2809 2337 2977 2393 lubet.

450 2428 610 2485 CXII.
654 2428 852 2485 Notum
902 2431 1072 2493 illud,
1128 2431 1347 2501 opinor,
1407 2430 1664 2485 omnibus
1714 2429 1958 2499 est:ju-

380 2530 527 2577 stum
571 2521 723 2575 illum
754 2523 1026 2576 Noemum
1056 2523 1204 2576 velut
1240 2522 1427 2577 mundi
1463 2522 1725 2591 reliquias
1755 2521 1959 2576 diluvio

383 2612 747 2683 superfuisse.
779 2612 884 2679 Qui
915 2628 1058 2669 cum-
1084 2629 1192 2668 una
1239 2629 1361 2668 cum
1406 2613 1583 2669 tribus
1622 2612 1746 2667 ﬁliis
1779 2627 1964 2683 super-

384 2713 497 2760 stes
562 2704 792 2769 fuisset,
861 2710 1050 2774 utpote
1108 2705 1341 2775 justitiae
1394 2704 1571 2759 cultor
1625 2703 1957 2769 acerrimus,

382 2795 630 2850 eamdem
690 2796 744 2850 in
797 2796 1002 2852 liberos
1050 2797 1378 2867 probitatem
1432 2794 1821 2852 transfundere
1865 2809 1962 2850 cu-

387 2887 566 2957 piens,
626 2895 685 2941 ut
730 2903 798 2943 ne
840 2887 895 2942 in
936 2888 1156 2944 easdem
1201 2887 1548 2944 calamitates
1595 2888 1958 2949 incurrerent,

391 2994 501 3033 non
541 2978 724 3035 verbis
768 2979 932 3034 modo
974 2980 1118 3037 hanc
1148 2979 1257 3034 illis
1287 2979 1607 3049 religionem
1654 2975 1962 3048 proposuit,

393 3070 487 3126 sed
517 3076 571 3125 et
599 3068 956 3139 jurejurando
1001 3068 1256 3124 fraterna:
1314 3069 1705 3126 benevolentia
1751 3068 1964 3123 cantio-

2128 2430 2273 2483 PlB’.
2302 2432 2479 2485 Ἴσασι
2513 2430 2716 2494 πάντες
2740 2430 2833 2483 τὸν
2860 2429 3066 2484 δίκαιον
3106 2430 3215 2502 (99)
3242 2431 3363 2485 Νῶε
3389 2431 3639 2501 λείψανον

2058 2519 2151 2573 τοῦ
2181 2520 2387 2591 κόσμον
2416 2520 2678 2590 γεγονότα
2713 2520 2850 2591 μετὰ
2872 2521 2963 2574 τὸν
2993 2522 3396 2592 κατακλυσμόν.
3431 2522 3516 2586 Ὠς
3543 2518 3639 2575 οὖν

2062 2611 2400 2683 παρελείφθη
2439 2612 2600 2676 αὐτός
2637 2628 2698 2664 τε
2747 2614 2842 2667 καὶ
2906 2614 2956 2665 οἱ
3004 2615 3153 2684 τρεῖς
3191 2612 3518 2678 αὐτοῦὐὶοὶ,
3552 2608 3640 2666 οἷα

2065 2703 2273 2767 δίκαιος
2296 2702 2391 2766 ὢν,
2416 2704 2656 2768 καὶτοὺς
2678 2703 2872 2758 ἑαυτοῦ
2894 2705 3089 2769 παῖδας
3114 2704 3358 2769 εὐλαϐεῖς
3380 2705 3641 2777 καοιστᾷν

2068 2795 2427 2868 πειρώμενος,
2462 2797 2549 2850 ἴνα
2595 2796 2670 2868 μὴ
2710 2799 2819 2861 τοῖς
2862 2797 3049 2860 αὐτοῖς
3088 2797 3399 2852 ὑποπέσωσι
3429 2799 3644 2861 κακοῖς.

2065 2887 2141 2953 ὡς
2170 2889 2262 2942 καὶ
2305 2889 2354 2942 οί
2388 2890 2444 2941 ὲν
2477 2887 2556 2958 τῷ
2597 2888 2993 2960 κατακλυσμῷ⁶
3040 2888 3099 2940 οὐ
3146 2887 3302 2959 μόνον
3343 2887 3429 2941 διὰ
3471 2888 3642 2956 λόγων

2066 2980 2275 3044 τούτοις
2296 2981 2395 3052 τὴν
2424 2979 2709 3035 εὐλάϐειαν
2748 2979 3049 3051 παρετίθει,
3090 2979 3225 3034 ἀλλὰ
3253 2983 3348 3035 καὶ
3384 2979 3454 3031 δι’
3478 2980 3643 3050 ὅρκου

2068 3072 2164 3143 ἀφ’
2188 3072 2305 3135 ἐνὸς
2331 3071 2561 3125 ἑκάστου
2597 3070 2796 3134 αὐτῶν,
2836 3072 2937 3141 τὴν
2974 3072 3111 3143 πρὸς
3156 3071 3244 3123 τὸν
3284 3069 3511 3139 ἀδελφὸν
3553 3069 3645 3122 εὔ-

392 3177 513 3216 uem
545 3177 576 3214 a
607 3161 837 3230 singulis
885 3162 1137 3216 extorsit.
1184 3160 1323 3216 Tum
1368 3162 1513 3217 velut
1560 3162 1733 3216 haeres
1774 3159 1962 3215 mundi

2071 3180 2217 3216 νοιαν
2254 3162 2522 3235 ἀπῄτησε.
2564 3162 2668 3215 Καὶ
2705 3162 3010 3234 διαμερίζει
3061 3163 3159 3234 μὲν
3199 3162 3274 3225 ὡς
3311 3160 3648 3231 κληρονόμος
3729 3181 3740 3188 -

393 3254 563 3309 totius
610 3254 897 3309 institutus
931 3269 963 3307 a
995 3253 1126 3319 Deo,
1164 3261 1338 3309 totum
1371 3255 1559 3309 orbem
1595 3263 1863 3308 terrarum
1910 3253 1966 3307 in

393 3351 507 3398 tres
545 3342 685 3398 filios
736 3345 934 3400 sortito
977 3344 1282 3412 distribuit,
1325 3353 1385 3400 et
1428 3344 1723 3415 unicuique
1766 3352 1969 3400 sortem

396 3449 554 3490 suam
590 3449 654 3488 ac
685 3435 989 3504 portionem
1014 3436 1333 3506 assignavit.
1365 3434 1424 3490 In
1453 3435 1647 3506 primis
1687 3435 1811 3491 Sem
1856 3436 1970 3506 pri-

398 3524 678 3595 mogenita
721 3540 843 3580 sors
891 3525 984 3579 illa
1036 3527 1288 3598 contigit,
1331 3542 1453 3595 quae
1488 3526 1755 3597 quidquid
1800 3536 1973 3581 terra-

399 3632 522 3671 rum
556 3624 641 3672 est
669 3634 699 3671 ει
724 3616 950 3674 Perside
980 3627 1035 3673 et
1064 3618 1364 3684 Bactris,et
1397 3619 1466 3674 ab
1500 3618 1650 3674 India
1686 3635 1860 3690 usque
1903 3620 1971 3676 ad

397 3708 906 3765 lihinocorurorum
931 3711 1209 3781 regionem
1235 3712 1401 3767 situm
1430 3720 1536 3776 est,
1564 3711 1971 3782 complectitur.

306 3874 307 3877 η
400 3798 909 3854 Rhinocorurorum
961 3813 1130 3870 porro
1181 3814 1314 3870 ager
1370 3799 1667 3872 Egyptum
1721 3801 1865 3855 inter
1910 3814 1976 3856 ac

397 3889 744 3946 Palaestinam
789 3906 856 3947 ex
901 3891 1132 3947 adverso
1177 3889 1349 3947 Rubri
1396 3891 1566 3947 maris
1595 3891 1762 3960 jacet.
1803 3891 1973 3946 Cham

399 3983 643 4040 secundo
690 3983 811 4039 loco
856 3994 1020 4040 natus
1062 3984 1330 4056 quidquid
1382 3999 1413 4038 a
1469 3982 1869 4040 Rhinocoruris
1907 3981 1975 4038 ad

396 4076 571 4133 Gades
600 4077 653 4131 in
683 4077 959 4133 meriJiem
999 4077 1295 4149 porrigitur
1328 4076 1584 4133 obtinuit.
1624 4074 1979 4146 Japhethgde-

399 4170 563 4240 nique
594 4170 756 4226 tertio
783 4170 900 4227 loco
929 4178 1060 4225 nato
1080 4170 1246 4226 cessit
1274 4169 1327 4224 id
1350 4186 1531 4235 omne,
1550 4171 1711 4241 quod
1740 4184 1771 4224 a
1801 4168 1977 4223 Media

398 4262 467 4316 ad
486 4261 664 4316 Gades
685 4270 736 4317 et
754 4260 1133 4316 Rhinocorura
1152 4262 1216 4316 ad
1236 4260 1635 4331 septentriones
1652 4260 1971 4315 ohvertitur.

469 4350 655 4405 CXIII.
699 4350 949 4405 Pustharc
1001 4348 1127 4403 Sem
1182 4350 1387 4405 liberos
1439 4352 1646 4421 genuit,
1696 4364 1727 4402 a
1776 4348 1979 4419 quibus

403 4448 760 4512 propagatum
803 4455 977 4510 genus
1011 4447 1096 4494 est
1125 4438 1373 4510 adusque
1404 4440 1714 4511 linguarum
1751 4439 1977 4496 divisio-

454 4550 475 4587 ι
524 4547 697 4603 Exod.
740 4563 845 4613 ιιι,
876 4548 970 4606 ιο.
1068 4552 1092 4583 ¹
1127 4549 1286 4608 Deut.
1332 4566 1408 4617 vr,
1451 4551 1537 4606 Η.

389 4621 491 4678 ἀπὸ
522 4620 749 4690 Ἰνδικῆς
772 4619 918 4684 ἕωςῖ
989 4622 1012 4654 ⁵
1043 4620 1173 4677 Cor.
1201 4622 1388 4677 Νότον.

1634 4549 1657 4582 ³
1684 4547 1849 4604 Deest
1890 4545 2011 4601 οὐκ.

2068 3252 2162 3307 τοῦ
2196 3254 2400 3326 κόσμου
2426 3253 2699 3317 καταστὰς
2729 3253 2834 3307 ὑπὸ
2863 3252 2955 3306 τοῦ
2989 3253 3144 3316 Θεοῦ,
3176 3255 3286 3316 τοῖς
3308 3250 3484 3322 τρισὶν
3514 3253 3649 3315 υἱοῖς

2070 3345 2234 3402 αὐτοῦ
2271 3346 2362 3399 τὸν
2404 3347 2583 3402 πάντα
2628 3345 2829 3415 κόσμον
2860 3344 2964 3398 ὑπὸ
3007 3345 3238 3415 κλήρους
3295 3342 3507 3408 διελὼν,
3555 3344 3651 3398 καὶ

2071 3439 2309 3511 ἑκάστην
2353 3439 2547 3510 μερίδα
2575 3439 2719 3493 κατὰ
2743 3438 2941 3508 κλῆρον
2973 3438 3186 3509 ἑκάστῳ
3214 3437 3521 3509 ἀπονέμων,
3557 3437 3652 3490 καὶ
3746 3496 3749 3499 η

2071 3529 2148 3601 τῷ
2183 3530 2280 3601 μὲν
2308 3530 2429 3600 Σὴμ
2453 3529 2529 3601 τῷ
2574 3529 2902 3602 πρωτοτὸκῳ
2932 3529 3204 3587 ὑπέπεσεν
3242 3529 3271 3583 ὁ
3313 3528 3512 3601 κλῆρος
3545 3527 3659 3583 ἀπὸ

2072 3621 2327 3693 Περσίδος
2358 3622 2452 3675 καὶ
2490 3621 2749 3694 Βάκτρων
2780 3621 2884 3685 ἓως
2912 3620 3155 3691 Ἰνδικῆς,
3178 3622 3442 3694 ἕωςδ⁴τῆς
3471 3619 3656 3692 χώρας

2084 3714 2562 3787 Ῥινοκουρούρων.
2601 3715 2795 3768 Kef-cat
2838 3713 2896 3767 δὲ
2925 3713 3061 3784 αὕτη
3110 3714 3143 3783 ἡ
3198 3712 3654 3783 Ῥινοκουρούρων

2074 3805 2178 3860 ἀνὰ
2225 3807 2389 3876 μέσον
2446 3805 2723 3874 Αἰγύπτου
2770 3806 2863 3860 καὶ
2884 3804 3248 3875 Παλαιστίνης
3284 3805 3508 3874 ἀντικρὺ
3557 3802 3657 3873 τῆς

2076 3899 2345 3971 Ἐρυθρᾶς
2388 3897 2684 3968 Θαλάσσης.
2716 3899 2847 3971 Χὰμ
2893 3899 2950 3953 δὲ
2998 3897 3077 3969 τῷ
3101 3897 3357 3970 δευτέρῳ,
3400 3896 3509 3951 ἀπὸ
3553 3895 3656 3965 τῆς

2076 3992 2244 4063 αὐτῆς
2287 3989 2764 4064 Ῥινοκουρούρων,
2811 3991 2917 4056 ἓως
2960 3989 3234 4060 Γαδείρων
3274 3987 3344 4042 τὰ
3387 3986 3522 4058 πρὸς
3549 3985 3658 4040 νῶ-

2076 4099 2165 4136 τον
2197 4082 2448 4151 ’.θἸἁιρεο
2490 4082 2566 4154 τῷ
2606 4081 2775 4154 τρίτῳ
2815 4081 2922 4143 ἀπὸ
2969 4080 3182 4151 Μηδίας
3238 4079 3345 4143 ἕως
3386 4078 3660 4149 Γαδείρων

2078 4175 2173 4229 καὶ
2222 4174 2675 4247 Ῥινοκουρούρων
2710 4173 2779 4229 τὰ
2820 4173 2955 4247 πρὸς
2981 4174 3200 4246 βορρᾶν.

2149 4348 2294 4403 PII".
2329 4346 2435 4401 Τοῦ
2474 4342 2567 4402 οὖν
2622 4347 2743 4417 Σὴμ
2798 4346 3035 4415 γίνονται
3083 4346 3273 4409 παῖδες
3315 4346 3406 4399 καὶ
3460 4344 3661 4397 παίδων

2081 4439 2288 4503 παῖδες,
2321 4439 2417 4493 καὶ
2452 4439 2557 4503 ἕως
2588 4439 2678 4492 ὅτε
2714 4436 3135 4509 διεμερίσθησαν
3157 4438 3213 4489 αί
3254 4436 3517 4506 γλῶσσαι.
3553 4436 3663 4488 Καὶ

2108 4547 2133 4581 ⁸
2162 4546 2294 4606 Cor.
2339 4548 2466 4605 ἐπεὶ
2491 4548 2572 4606 δέ.
2682 4546 2731 4585 δ’
2761 4546 2845 4604 An
2872 4545 3162 4623 legendum
3197 4565 3211 4603 :
3242 4547 3530 4617 Βάκτρων,
3563 4547 3664 4603 καὶ

467 4732 577 4801 (97)
611 4733 676 4808 _'H
701 4731 770 4785 δὲ
802 4734 1153 4808 κατοίκησις
1174 4732 1297 4808 τῶν
1323 4736 1491 4808 υἱῶν.
1516 4735 1643 4793 Ilaec
1675 4735 1794 4804 ipsa
1825 4733 1962 4808 Moy-

2076 4749 2268 4805 omnes
2305 4733 2571 4808 haeretici,
2600 4733 2694 4804 qui
2733 4732 2999 4808 malorum
3046 4733 3277 4808 alterum
3326 4730 3653 4808 principium

391 4804 473 4860 sis
512 4804 676 4876 verba
714 4805 1050 4873 superiorem
1106 4805 1375 4876 calculum
1417 4806 1671 4864 falsitatis
1716 4804 1969 4876 arguunt.

394 4877 530 4948 Nam
564 4875 1021 4948 ah_eo_tempore,
1039 4891 1159 4948 quo
1199 4875 1254 4930 in
1283 4874 1591 4948 Chananata
1641 4874 1974 4948 peregrinari

395 4945 561 5014 saepit
591 4944 954 5020 Abrahamus,
988 4945 1054 5000 ad
1078 4947 1284 5020 exitum
1315 4944 1682 5020 lsraelitarum
1715 4944 1976 5020 in‘AEgy-

401 5025 514 5085 pto,
550 5014 840 5088 anni_sunt
876 5030 1076 5072 cnxxx.
1133 5017 1251 5072 Non
1312 5017 1477 5088 igitur
1506 5019 1840 5088 totidem__ad
1883 5014 1977 5073 iit-

396 5082 975 5158 gressumPalzestinae
1007 5082 1359 5158 computandi
1388 5098 1535 5145 sunt.
1567 5088 1700 5143 Nam
1748 5085 1981 5158 Epipha-

400 5155 527 5212 nius
577 5155 970 5238 quinquaginta
1029 5155 1203 5238 annos
1255 5156 1458 5228 Moysis
1491 5160 1653 5238 ,σειοιί
1704 5155 1979 5238 detractos

400 5229 794 5296 compensavit,
833 5236 1126 5297 prorogato
1174 5243 1445 5282 annorum
1489 5230 1709 5295 illorum
1745 5229 1980 5283 termino

399 5298 470 5354 ad
494 5297 894 5370 possessionem
938 5304 1097 5370 teme
1149 5308 1370 5370 sanctae.
1405 5299 1473 5356 ad
1522 5314 1686 5370 quam
1725 5299 1794 5352 ab
1829 5300 1977 5370 exitu

397 5365 526 5440 anni
563 5374 693 5440 sunt
731 5382 819 5432 XL,
862 5365 1062 5440 quibus
1095 5383 1144 5440 _x_
1188 5368 1421 5440 addidit,
1473 5365 1555 5426 ut'
1585 5369 1980 5440 quinquaginta

400 5439 524 5497 illos
543 5437 867 5495 absolveret.
891 5434 1064 5501 Porro
1093 5436 1235 5492 idem
1260 5439 1350 5494 ille
1380 5439 1531 5496 locus
1554 5434 1626 5495 ei
1652 5434 1795 5493 LXX
1816 5434 1983 5494 litter-

398 5518 611 5581 pretum
651 5508 889 5581 editione
927 5506 1082 5562 valde
1118 5508 1393 5581 notandus
1427 5518 1534 5575 est,
1559 5510 1703 5580 quod
1728 5507 1982 5581 ejusau-

399 5574 652 5638 etoritate
670 5578 985 5635 Latinorum
1014 5586 1177 5648 atque
1192 5574 1542 5635 Hebmorum
1562 5574 1980 5646 impeditissima

401 5650 571 5721 lectio,
595 5665 777 5721 veram
811 5651 876 5703 ad
918 5650 1251 5721 sententiam
1276 5652 1599 5721 applicetur.
1630 5649 1836 5707 Parav.

473 5720 585 5791 (98)
626 5719 1084 5802 Ἑτέρα-δέητις
1121 5720 1257 5802 ἕταρ’
1279 5719 1661 5802 garum-[loc
1717 5726 1772 5802 et
1822 5732 1983 5802 snpe:

405 5789 905 5862 riore'argtnncnto
935 5789 1243 5859 Manichaei,
1278 5789 1664 5861 Marcionistae,
1694 5799 1859 5863 atque
1893 5789 1980 5847 illi

2081 4802 2470 4875 auctoremque
2499 4802 2664 4860 Deum
2687 4804 3023 4875 asserebant,
3055 4802 3318 4875 adversus
3345 4802 3657 4875 Cathplieos

2083 4877 2168 4931 usi
2199 4883 2347 4932 sunt.
2376 4870 2526 4942 Quos
2549 4874 2762 4945 egregie
2790 4874 3035 4930 confutat
3062 4872 3414 4945 _Augusﬁnus
3458 4870 3660 4945 Qontra

2083 4945 2370 5016 Faustum.
2403 4940 2720 5016 pmsertini
2735 4945 2830 5016 lib.
2856 4959 3014 5016 Jun,
3045 4940 3654 5016 _'l‘_ertullianus_Con_tr.

2086 5015 2282 5081 Mam,
2323 5010 2423 5070 lib:
2450 5030 2512 5081 ll,
2544 5013 2786 5085 cap.720,
2814 5010 3170 5085 aliique_PP.,
3184 5029 3396 5085 necnon
3433 5011 3663 5085 Epipha-

2085 5086 2210 5141 nius
2248 5097 2434 5141 noster
2465 5082 2713 5155 haerftiti.
2746 5101 2868 5155 qua:
2902 5082 2987 5139 est
3017 5082 3276 5151 Manich.,
3307 5099 3459 5155 num.
3484 5082 3662 5155 85,_et

2085 5155 2361 5225 deinceps.
2418 5155 2589 5210 Rahbi
2648 5151 2901 5209 Selomoh
2959 5155 3012 5209 in
3062 5169 3184 5223 cap.
3234 5170 3249 5207 ι
3300 5151 3662 5225 Geu._scrihit

2083 5220 2306 5296 Moysen
2354 5240 2564 5296 sacram
2611 5225 2741 5279 hinc
2763 5240 3021 5296 exorsum
3063 5220 3344 5289 historiam
3378 5240 3393 5276 :
3423 5220 3491 5296 In
3520 5223 3664 5290 priu-

2085 5292 2223 5364 cipio
2264 5297 2457 5351 creavit
2504 5294 2645 5349 Deus
2691 5294 2877 5350 caelum
2909 5304 2960 5350 et
2998 5304 3253 5364 terram;
3299 5301 3365 5364 ut
3402 5292 3663 5347 adversus

2084 5361 2285 5437 gentes
2310 5368 2449 5421 tueri
2486 5372 2666 5437 atque
2706 5376 2970 5437 excusare
3026 5380 3148 5422 sese
3198 5361 3384 5437 Judaei
3416 5371 3662 5437 possent,

2086 5433 2210 5490 cum
2241 5436 2445 5493 abillis
2484 5433 2758 5492 latrocinii
2802 5442 3217 5499 accusarentur,
3240 5433 3388 5505 quod
3425 5433 3664 5488 alienum

2085 5517 2467 5561 occupassent.
2499 5504 2575 5561 In.

2156 5572 2497 5648 (99)»701a0ft
2517 5576 2742 5648 πάντες
2769 5576 2877 5631 τὸν
2894 5574 3147 5648 δίκαιον.
3175 5572 3249 5648 De
3267 5573 3371 5648 hac
3394 5580 3667 5648 terrarum

2087 5642 2330 5703 orhis'in
2370 5642 2559 5703 Noemi
2596 5642 2736 5704 filios
2768 5647 3063 5717 partitipne
3089 5642 3265 5717 fusius
3286 5644 3342 5717 in
3375 5643 3664 5717 annalibus

2088 5718 2259 5788 sacris
2288 5732 2353 5773 ac
2382 5718 2751 5788 chronologiis
2770 5712 3146 5788 ’βείω-,θυαε
3171 5714 3389 5788 quidem
3424 5712 3572 5772 varie
3597 5726 3665 5769 ex

2086 5787 2345 5863 Josepho,
2377 5786 2613 5849 Eusebio
2646 5782 2710 5842 ac
2736 5782 2960 5858 reliquis
2993 5782 3318 5845 instituitur.
3370 5782 3446 5839 1ο.
