4018 6210
321 423 430 478 2‘23

1751 418 1808 475 S.
1851 418 2187 477 EPlPli.\Nll

3492 414 3609 478 29.4

321 541 582 612 Gargani,
597 539 861 604 Armenii,
884 536 1449 605 Arrhei,'Amazones,
1470 535 1631 603 Colli,
1647 535 1901 603 Corzcui,

2026 539 2192 606 τέντε,
2237 536 2345 601 ἕως
2396 535 2491 590 τοῦ
2540 532 2707 589 αὑτοῦ
2750 529 3115 604 διαμερισμοῦ
3168 527 3278 583 τῶν
3318 526 3608 598 γλωσσῶν,

326 631 651 703 Beneageni,
683 631 910 697 Galatae,
943 629 1321 699 Cappadoces,
1353 626 1752 697 Paphlagones,
1789 627 1903 681 Ma-

324 721 597 786 riandeni.
628 720 909 785 Tibareni,
960 720 1257 790 Chalybes,
1307 716 1658 787 Mossynoeci,
1689 710 1905 782 Culchi,

328 810 725 876 Melanchlaeni,
769 810 1055 875 Sarmatae,
1120 807 1354 874 Mteotzr,
1410 808 1657 880 Scythzc,
1696 809 1905 874 Tauri,

324 902 590 968 Thraces,
608 903 877 967 Basterni,
910 900 1101 973 illyrii,
1121 899 1469 961 Macedones.
1491 898 1688 963 Graeci,
1712 899 1905 970 Lybcs,

323 995 584 1065 Phryges,
604 993 894 1059 Pannonii,
923 991 1160 1056 Uosteri,
1183 990 1381 1053 Uenni,
1408 989 1626 1055 Daunii,
1652 988 1906 1062 Japyges,

322 1085 802 1155 Calabri,llippiei,
825 1083 1000 1137 Latini
1016 1083 1107 1154 qui
1124 1093 1175 1137 et
1192 1081 1906 1153 Romani,Tyrrltetti,Galli,

322 1179 510 1241 Celtae,
549 1177 871 1249 Lybisteni,
917 1175 1217 1247 Campani,
1276 1175 1562 1241 Celtiberi,
1624 1174 1907 1245 Aquitani,

324 1269 585 1341 lllyriani,
605 1269 1081 1334 Bas:mtes,Samii,
1096 1268 1412 1338 Carpetani,
1432 1267 1909 1336 Lusitani,Uacaai,

323 1362 601 1426 Britanni,
636 1361 810 1428 Scoti,
843 1360 1092 1432 Hispani.
1132 1359 1334 1416 Insulae
1357 1375 1489 1417 vero
1525 1361 1770 1431 ipsorum
1795 1360 1913 1415 Bri-

324 1455 538 1518 tannia,
599 1452 808 1517 Sicilia,
863 1451 1093 1516 Euboea,
1144 1451 1396 1517 Rhodus,
1442 1452 1633 1516 Chios,
1678 1451 1910 1521 Lesbos,

324 1544 585 1615 Cythera,
621 1542 959 1614 Zacynthus,
993 1542 1356 1613 Cephalenia,
1394 1543 1598 1605 Ithaca,
1651 1541 1911 1614 Corcyra,

324 1636 563 1706 Cyprus.
595 1633 653 1689 lu
695 1635 781 1691 his
807 1635 1069 1689 omnibus
1099 1635 1493 1691 enumerandis
1525 1634 1571 1689 si
1604 1634 1912 1705 cuiuspiam

329 1725 508 1793 gentis
542 1733 636 1778 aut
667 1724 864 1780 insula:
909 1738 1110 1779 nomen
1153 1724 1240 1779 bis
1287 1725 1342 1778 in
1379 1724 1547 1781 unius
1590 1733 1645 1780 et
1686 1726 1913 1780 alterius

327 1823 477 1871 sorte
526 1823 1009 1872 commemoratum
1075 1824 1159 1871 est
1186 1833 1199 1870 :
1230 1818 1346 1871 sive
1386 1816 1438 1870 id
1479 1831 1543 1872 ex
1587 1831 1655 1872 eo
1706 1817 1910 1871 factum

2009 631 2207 703 Μῆδοι,
2228 628 2499 702 Γαργανοὶ
2519 626 2963 700 (15),’Λρμὲνιοι,
2989 620 3349 694 ’Λρρεοιῌλίλ
3379 620 3435 673 Ἀ
3446 620 3609 691 μαζό-

2009 741 2123 789 νες,
2146 722 2342 775 Κόλλοι
2365 721 2500 791 (l5),
2525 717 2798 790 Κορζηνοὶ
2818 716 2953 787 (16),
2976 712 3323 783 Βενεαγηνοὶ,
3348 712 3604 778 Γαλάται,

2009 815 2413 878 Καππάδοκες,
2464 811 2736 875 Γαλάται,
2790 806 3162 877 Παφλαγόνες,
3207 805 3612 875 Μαριανδηνοὶ,

2010 906 2325 977 Τιϐαρηνοὶ,
2352 902 2620 967 Χάλυϐες,
2655 900 3038 961 Μοσσυνοικοὶ,
3069 897 3286 968 Κόλχοι,
3318 896 3608 965 Μελασχη-

2009 1000 2091 1053 νο).
2122 1001 2166 1062 ¹,
2194 996 2568 1068 Σαυρομάται,
2612 993 2886 1055 Μαιῶται,
2924 990 3151 1055 Σκύθαι,
3196 988 3422 1061 Ταῦροι,
3461 988 3607 1058 Θρᾷ-

2010 1107 2127 1155 κες,
2163 1090 2486 1159 Βάστερνοι,
2523 1085 2795 1157 Ἰλλυριοὶ,
2834 1083 3165 1146 Μακεδόνες,
3205 1080 3422 1143 Λίϐυες,
3464 1078 3607 1149 Φρύ-

2011 1200 2129 1253 γες,
2161 1182 2466 1245 Παννόνιοι,
2492 1179 2808 1249 Οὑέστεροι,
2839 1176 3057 1230 Οὐέννοι
3092 1174 3133 1238 ³,
3163 1174 3405 1235 Δαυνεῖς.
3424 1171 3606 1224 Ἰάπυ-

2011 1293 2129 1347 γες,
2147 1274 2451 1346 Καλαϐροὶ,
2478 1272 2713 1326 Ὶιτπικο)¹
2733 1270 2865 1341 (17),
2893 1270 3112 1321 Λατῖνοι
3133 1267 3183 1320 οἱ
3205 1264 3297 1318 καὶ
3321 1265 3602 1333 Ῥωμαῖοι,

2011 1365 2302 1440 Τυρρηνοὶ,
2334 1365 2549 1430 Γαλλοὶ,
2597 1362 2880 1417 Κεκέλτιοι
2928 1361 2971 1424 ⁸,
3003 1357 3607 1426 Λιϐυστηνοὶ,Καμπα-

2013 1460 2115 1524 vol,
2152 1456 2481 1529 Κελτίϐηρες
2521 1497 2536 1523 ,
2576 1455 2790 1521 Γάλλοι,
2836 1452 3194 1516 ’Λκουῖτανοὶ,
3265 1448 3602 1521 Ἰλλυριανοὶ,

2015 1551 2290 1613 Βὰσαντες
2317 1548 2453 1621 (18),
2487 1548 2705 1619 Σάμιοι,
2741 1544 3022 1618 Καρτανο).
3054 1545 3099 1612 ⁵,
3129 1541 3438 1605 Λυσιτανοὶ,
3465 1540 3603 1594 Ούα·

2015 1643 2181 1704 καῖοι,
2210 1638 2584 1711 Βρεττανικοὶ,
2609 1635 2857 1707 Σκόρτοι,
2883 1633 3108 1686 Σπάνοι.
3134 1631 3310 1700 Νῆσοι
3339 1628 3395 1681 δὲ
3425 1626 3607 1681 αὐτῶν

2014 1731 2334 1803 Βρεττανία,
2377 1728 2621 1792 Σικελία,
2662 1725 2885 1790 Εὔϐοια,
2929 1723 3128 1786 Ῥόδος,
3182 1721 3334 1784 Χίος,
3379 1714 3605 1781 Λέσϐος,

2016 1823 2289 1895 Κύθηρα,
2330 1821 2627 1887 Ζάκυνθος,
2681 1816 3023 1888 Κεφαληνία,
3057 1813 3267 1885 Ἰθάκη,
3322 1811 3604 1881 Κέρκυρα,

324 1915 432 1970 est,
463 1905 611 1977 quod
641 1908 919 1962 eouununi
956 1908 1246 1978 utriusque
1281 1906 1453 1962 limite
1497 1907 1903 1973 contineretur;

2026 1914 2257 1987 Κύπρος.
2287 1913 2355 1968 El
2374 1928 2477 1966 που
2501 1912 2558 1966 δὲ
2595 1911 2768 1983 ὄνομα
2806 1909 2993 1973 ἔθνους
3035 1907 3068 1978 ἢ
3122 1908 3287 1977 νήσου
3328 1902 3609 1957 ἐντέταται

326 2000 444 2055 sive
477 2000 795 2072 propagatis
823 1999 1120 2056 identidem
1161 2000 1395 2056 coloniis
1428 1998 1780 2055 tribuendum
1805 2006 1911 2063 est,

233 2110 261 2133 ο
324 2093 444 2147 sive
484 2092 646 2163 118
700 2090 904 2163 iniusta
924 2091 1101 2147 Cham
1134 2092 1494 2161 usurpatione
1552 2091 1757 2145 factum
1803 2101 1910 2157 est,

326 2181 422 2250 qui
440 2181 598 2236 fratri
635 2182 761 2237 Sem
792 2182 1052 2251 iniuriam
1076 2181 1304 2249 faciens,
1328 2183 1395 2237 de
1417 2182 1565 2237 illius
1596 2190 1744 2237 sorte
1774 2196 1913 2235 non-

328 2273 463 2328 nihil
490 2273 799 2343 occupavit,
829 2288 990 2329 nemo
1012 2280 1299 2344 propterea
1328 2273 1517 2329 mirari
1545 2281 1640 2327 aut
1659 2272 1913 2330 haesitare

326 2364 505 2419 debet.

399 2453 587 2511 CXIV.
629 2455 768 2511 Cum
819 2456 988 2527 igitur
1025 2456 1280 2513 nationes
1310 2457 1418 2512 illa:
1446 2471 1641 2515 omnes
1675 2476 1706 2515 a
1735 2460 1915 2517 tribus

329 2547 519 2603 Noemi
570 2547 696 2604 (iliis
738 2548 887 2603 hunc
929 2548 985 2602 in
1030 2546 1250 2601 modum
1305 2559 1622 2619 propagatae
1649 2549 1907 2617 fuissent,

333 2656 400 2695 ac
429 2642 670 2697 mundus
701 2641 755 2695 in
788 2648 903 2696 tres
944 2641 1086 2697 filios
1120 2640 1389 2696 trifariam
1422 2640 1774 2708 distributus,
1803 2643 1917 2714 ius-

332 2732 654 2801 iurandum,
702 2734 782 2787 uti
815 2732 951 2800 dixi,
985 2741 1140 2803 pater
1165 2747 1197 2786 a
1226 2732 1457 2803 singulis
1484 2733 1687 2806 exegit,
1737 2735 1912 2790 nemi-

330 2839 456 2878 nem
502 2824 557 2879 in
610 2832 816 2880 sortem
857 2824 1044 2881 fratris
1068 2825 1387 2882 invasurum
1427 2840 1554 2882 esse
1586 2844 1600 2880 :
1634 2827 1728 2899 qui
1751 2820 1917 2897 iuris-

326 2913 551 2985 iurandi
605 2914 764 2970 ﬁdem
809 2915 1094 2980 violasset,
1142 2916 1222 2971 uti
1264 2931 1391 2971 cum
1435 2924 1551 2972 tota
1594 2933 1696 2973 sua
1742 2919 1916 2990 stirpe

331 3006 638 3063 miserrime
671 3008 895 3079 periret.
938 3007 1213 3075 Quocirca
1253 3024 1379 3065 cum
1412 3010 1468 3065 in
1502 3009 1651 3066 Semi
1703 3020 1914 3067 sortem

330 3096 622 3154 Palaestina
660 3099 922 3155 cessisset
969 3115 1093 3155 cum
1144 3099 1525 3171 adiacentibus
1573 3103 1912 3173 regionibus,

328 3188 591 3243 Chanaan
640 3190 783 3245 ﬁlius
832 3189 1001 3246 Cham
1060 3193 1223 3248 alieni
1282 3194 1516 3264 cupidus
1570 3204 1623 3250 et
1676 3196 1914 3265 iniurius

329 3294 474 3345 eam,
517 3295 638 3350 qua:
672 3290 863 3352 postea
895 3282 1185 3339 Palaestina
1215 3260 1369 3343 dicta
1385 3295 1489 3352 est,
1528 3286 1634 3341 hoc
1673 3260 1781 3351 est,
1814 3286 1917 3342 Ju-
1943 3260 1985 3316 θ

330 3370 505 3426 dmam
557 3372 790 3438 invadit,
842 3387 906 3430 ae
955 3389 1056 3446 per
1108 3375 1216 3429 vim
1260 3377 1470 3447 eripit:
1504 3375 1648 3433 Deus
1694 3377 1916 3432 interim

332 3463 607 3531 patienter
655 3463 1064 3530 dissimulabat,
1101 3480 1166 3520 ac
1198 3467 1536 3538 poenitentia:
1572 3475 1790 3539 tempus
1836 3470 1920 3523 in-

331 3552 593 3623 dulgebat
623 3563 683 3609 ut
710 3554 903 3609 Chami
934 3557 1234 3627 posteritas
1263 3558 1635 3629 resipisceret,
1665 3559 1921 3633 Semique

337 3642 464 3698 filiis
495 3644 901 3713 possessionem
933 3660 1091 3702 suam
1125 3648 1461 3703 restitueret.
1499 3648 1569 3703 At
1601 3650 1679 3705 illi
1707 3658 1922 3705 tantum

336 3734 491 3789 abest
545 3742 603 3788 ut
644 3736 971 3804 ptenitentia
1027 3735 1386 3805 ducerentur,
1424 3747 1484 3793 ut
1519 3740 1739 3795 modum
1770 3756 1927 3795 men-

337 3840 639 3896 suramque
671 3826 941 3883 scelerum
987 3843 1215 3884 suorum
1262 3830 1492 3902 implere
1522 3832 1740 3887 vellent.
1783 3830 1921 3891 Tum

338 3918 871 3989 igiturinstissimus
905 3919 1053 3977 Deus
1087 3922 1276 3977 multis
1306 3925 1755 3993 generationibus
1789 3940 1924 3981 evo-

338 4010 472 4065 lutis
518 4010 779 4066 violatam
826 4011 1196 4084 iurisiurandi
1253 4015 1569 4086 religionem
1621 4018 1773 4074 ultus
1817 4027 1923 4074 est.

337 4103 416 4159 Ita
443 4104 645 4176 quippe
677 4103 1120 4161 Antorrhaeorum
1159 4106 1261 4163 fuit
1292 4108 1569 4180 implenda
1597 4126 1858 4168 mensura
1883 4112 1923 4169 ¹.

338 4197 554 4252 Etenim
586 4196 713 4253 Sem
741 4199 938 4268 genuit
974 4200 1308 4270 Arphaxad;
1352 4201 1526 4257 Cham
1558 4204 1749 4274 genuit
1780 4204 1925 4260 Cha-

339 4304 523 4355 naan;
576 4289 841 4344 Chanaan
898 4299 1027 4360 post
1064 4291 1259 4346 alienae
1297 4294 1464 4350 sortis
1517 4296 1927 4366 usurpationem

338 4382 527 4450 genuit
556 4380 958 4446 Amorrhaeum,
981 4389 1037 4436 et
1066 4379 1436 4453 Gergeszeum,
1470 4392 1526 4442 et
1555 4383 1925 4455 Pherezazum,

336 4480 394 4526 et
425 4472 675 4540 livzeum,
701 4481 756 4527 et
779 4472 1094 4537 Arucatum,
1127 4481 1182 4529 et
1213 4473 1501 4542 Aradium,
1532 4486 1586 4534 et
1619 4479 1924 4536 Sidonium.

2014 2007 2233 2073 δισσῶς,
2265 2008 2324 2060 ὲν
2352 2006 2541 2078 κλήρῳ
2575 2004 2733 2060 ἄλλου
2755 2004 2849 2058 καὶ
2876 2002 3035 2056 πάλιν
3063 2000 3245 2063 ἄλλου,
3275 1995 3415 2051 κατὰ
3453 1993 3608 2048 κοινὰ

2015 2099 2157 2171 ὅρια,
2194 2098 2227 2170 ἢ
2264 2097 2409 2152 κατὰ
2434 2097 2532 2160 τὰς
2558 2096 2857 2165 γενομένας
2905 2092 3047 2147 κατὰ
3095 2089 3285 2160 καιρὸν
3326 2085 3606 2148 ἀποικίας,

2015 2190 2049 2261 ἢ
2092 2190 2238 2244 κατὰ
2284 2187 2589 2262 πρόσληψιν
2633 2186 2729 2240 τοῦ
2762 2188 2910 2256 Χὰμ,
2966 2184 3026 2248 ὃς
3075 2181 3464 2251 ὲπλεονέκτησε
3515 2177 3609 2230 καὶ

2016 2281 2177 2336 ἔλαϐε
2216 2280 2312 2335 τοῦ
2347 2281 2470 2353 Σὴμ
2502 2279 2727 2352 μέρους,
2761 2277 2949 2349 μηδεὶς
2981 2272 3310 2345 θαυμαζέτω
3361 2272 3395 2343 ἦ
3439 2271 3609 2341 ἀμφι·-

2016 2370 2279 2443 ϐαλλέτω.
2450 2353 2484 2378 ’

2087 2461 2230 2517 Ρ1Δ’.
2272 2461 2490 2517 Τούτων
2536 2460 2716 2515 τοίνυν
2751 2459 2863 2515 τῶν
2915 2458 3088 2514 ἐθνῶν
3146 2455 3323 2520 οὕτως
3377 2457 3442 2510 ὲκ
3498 2452 3611 2507 τῶν

2013 2552 2184 2625 τριῶν
2211 2553 2345 2606 υίῶν
2389 2551 2485 2606 τοῦ
2517 2551 2642 2605 Νῶε
2671 2550 3005 2621 γεγονότων,
3045 2549 3141 2602 καὶ
3179 2546 3344 2618 τριχῆ
3366 2543 3478 2607 ,τοῦ
3516 2542 3612 2597 κό-

2018 2663 2156 2716 σμου
2190 2648 2305 2710 τοῖς
2332 2646 2511 2718 τρισὶν
2542 2647 2680 2711 υἱοῖς
2712 2644 3156 2717 διαμερισθέντος
3180 2683 3195 2708 ,
3228 2642 3305 2705 ὡς
3325 2642 3607 2711 προεῖπον,

2015 2741 2179 2812 ὅρκος
2230 2738 2490 2813 ἀπῃτήθη
2520 2739 2633 2808 (19)
2696 2740 2825 2810 παρ’
2869 2737 3045 2791 αὐτῶν
3096 2735 3203 2789 ὑπὸ
3251 2734 3346 2788 τοῦ
3382 2730 3607 2804 πατρὸς,

2020 2829 2223 2900 μηδένα
2273 2828 2630 2901 ἐπεμϐαίνειν
2678 2828 2756 2901 τῷ
2810 2828 2905 2882 τοῦ
2961 2825 3194 2897 ἀδελφοῦ
3248 2825 3472 2897 κλήρῳ,
3518 2823 3608 2876 τὸν

2015 2921 2073 2974 δὲ
2111 2920 2509 2993 ὑπερϐαίνοντα
2565 2920 2663 2992 τὴν
2721 2920 2815 2974 τοῦ
2866 2920 3031 2992 ὅρκου
3077 2918 3376 2989 διαταγὴν,
3436 2915 3611 2981 ἐξολο-

2018 3013 2308 3086 ορεύεσθαι
2342 3015 2400 3069 ὲν
2448 3012 2529 3086 τῶ
2577 3013 2726 3084 ὅρκῳ
2779 3013 2875 3067 καὶ
2918 3014 3026 3066 πᾶν
3062 3010 3126 3065 τὸ
3159 3010 3381 3082 σπέρμα
3420 3005 3608 3062 αὐτοῦ.

2029 3107 2181 3161 Ἐπεὶ
2210 3102 2302 3161 οὖν
2347 3108 2404 3161 ὲν
2425 3105 2503 3178 τῷ
2533 3106 2719 3178 κλήρῳ
2748 3104 2870 3176 Σὴμ
2894 3106 2927 3176 ἡ
2969 3101 3296 3173 Παλαιστίνη
3347 3100 3613 3164 ὑπέπεσε,

2017 3201 2113 3255 καὶ
2145 3200 2326 3254 πάντα
2373 3198 2442 3253 τὰ
2470 3198 2696 3270 πλησίον
2728 3197 2933 3268 αὐτῆς,
2984 3195 3314 3263 πλεονέκτης
3351 3191 3408 3246 δὲ
3458 3190 3534 3245 ῶν
3586 3194 3616 3244 ὁ

2020 3293 2244 3348 Χαναὰν
2278 3293 2394 3357 υίὸς
2439 3292 2571 3363 Χάμ
2604 3289 2841 3362 ἐπῆλθεν
2872 3292 2936 3361 τῇ
2975 3287 3350 3342 Παλαιστίνων
3388 3283 3616 3355 ὕστερον

2019 3385 2123 3455 γῇ,
2173 3381 2421 3436 τουτέστι
2457 3384 2526 3454 τῇ
2574 3381 2839 3452 Ἰουδαίᾳ,
2897 3381 2992 3433 καὶ
3037 3376 3356 3449 ἀφαρπάζει
3410 3374 3613 3444 αὐτήν·

2022 3472 2402 3545 ὲμακροθύμει
2448 3471 2504 3525 δὲ
2537 3472 2755 3537 όΘεὺς,
2808 3471 2984 3535 διδοὺς
3036 3469 3263 3542 χρόνους
3306 3465 3616 3538 μετανοίας,

2023 3565 2111 3621 ἵνα
2138 3565 2533 3637 μετανοήσειαν
2564 3565 2613 3618 οἱ
2653 3566 2718 3617 ὲκ
2751 3562 2846 3617 τοῦ
2891 3562 3023 3633 Χὰμ
3045 3602 3059 3626 ,
3108 3561 3205 3614 καὶ
3231 3557 3474 3613 ἀποδῶσι
3503 3557 3617 3619 τοῖς

2022 3655 2117 3710 τοῦ
2149 3655 2272 3728 Σήμ
2307 3655 2406 3727 τὴν
2440 3655 2578 3709 ἰδίαν
2617 3652 2985 3726 κληρουχίανο
3029 3650 3229 3704 ἐκεῖνοι
3278 3647 3336 3701 δὲ
3377 3647 3438 3699 οὗ
3487 3662 3617 3715 μετ-
3697 3705 3701 3707 _

2025 3748 2233 3812 ενόουν,
2265 3746 2381 3801 ἀλλ’
2414 3746 2608 3817 ἧΟελον
2630 3745 2692 3800 τὸ
2720 3745 2919 3819 μέτρον
2947 3741 3126 3798 αὐτῶν
3158 3736 3615 3814 πληρῶσαι.Τότε

2024 3838 2053 3891 ὁ
2077 3836 2208 3902 Θεὸς
2237 3837 2374 3910 μετὰ
2406 3837 2609 3903 πολλὰς
2637 3838 2865 3907 ὕστερον
2894 3834 3088 3906 γενεὰς
3116 3833 3325 3896 δίκαιος
3357 3829 3433 3884 ῶν
3471 3826 3616 3882 ἐκδι-

2026 3932 2113 3984 κεῖ
2141 3931 2239 4000 τὴν
2276 3929 2588 4002 παράϐασιν
2630 3929 2727 3983 τοῦ
2776 3930 2965 4001 ὅρκου.
3005 3926 3162 3981 Οὕτω
3193 3925 3301 3998 γὰρ
3339 3923 3444 3978 ἔδει
3479 3921 3617 3993 πλη-

2028 4017 2269 4092 ρωθῆναι
2298 4020 2358 4074 τὸ
2399 4020 2748 4093 Ἀμορραίων
2777 4018 2975 4091 μέτρον
3000 4034 3014 4049 ’
3044 4017 3166 4089 Σὴμ
3194 4016 3305 4086 γὰρ
3335 4013 3500 4084 γεννᾷ
3531 4011 3620 4064 τὸν

2040 4111 2343 4185 Ἀρφαξάδο
2396 4111 2529 4185 Χὰμ
2560 4112 2616 4166 δὲ
2645 4113 2813 4184 γεννᾷ
2859 4111 2951 4166 τὸν
2990 4108 3235 4163 Χαναὰν·
3290 4104 3515 4161 Χαναὰν
3563 4103 3620 4155 δὲ

2028 4206 2195 4277 γεννᾷ
2220 4205 2360 4275 μετὰ
2387 4205 2487 4278 τὴν
2517 4204 2832 4272 πλεονεξίαν
2856 4203 2948 4258 τὸν
2988 4202 3346 4273 ’Δμορῤαϊον,
3393 4197 3487 4252 καὶ
3527 4193 3621 4248 τὸν

2030 4298 2096 4350 Γε
2107 4300 2357 4369 ργεσαϊον
2378 4339 2392 4363 ,
2424 4298 2523 4351 καὶ
2550 4297 2843 4369 Φερεζαῖον
2864 4336 2879 4361 ,
2917 4296 3012 4349 καὶ
3037 4293 3233 4347 Εὑαῖον
3252 4332 3267 4357 ,
3298 4292 3394 4345 καὶ
3427 4292 3617 4361 Ἀρου-

2030 4392 2186 4444 καῖον
2210 4430 2225 4454 ,
2253 4390 2347 4443 καὶ
2381 4388 2647 4459 ’Δράδιον,
2682 4393 2775 4441 κα)⁵
2804 4386 3060 4440 Σιδόνιον.
3103 4381 3491 4455 Ἀριομοῦνται
3521 4378 3622 4433 τοί-

2030 4500 2126 4537 νυν
2158 4480 2335 4545 οῢτως
2361 4483 2416 4534 αἱ
2446 4480 2635 4550 γενεαὶ
2664 4480 2770 4544 ἕως
2797 4480 2896 4551 τῆς
2928 4477 3024 4532 τοῦ
3054 4477 3175 4549 Σημ
3201 4476 3473 4539 ἐκδικίαςι
3502 4474 3623 4545 Σὴμ

341 4562 499 4619 llune
524 4563 580 4618 in
615 4563 834 4619 modum
863 4567 1246 4636 generationes
1282 4577 1645 4625 recensentur
1672 4572 1741 4627 ad
1779 4571 1918 4627 Semi

2029 4575 2059 4627 ό
2089 4570 2505 4643 πλεονεκτηθεὶς
2549 4574 2716 4644 γεννᾷ
2757 4571 2851 4625 τὸν
2892 4568 3167 4642 Ἀρφαξὰδ
3191 4610 3206 4634 ,
3249 4568 3326 4632 ὼς
3365 4566 3615 4657 εἴπομεν·

341 4672 517 4728 usque
551 4656 847 4712 vindictam
870 4677 883 4712 :
906 4656 1033 4713 Sem
1079 4660 1175 4730 qui
1218 4660 1476 4733 iniuriam
1503 4675 1807 4736 acceperat,
1836 4682 1929 4737 ge-

341 4748 464 4803 nuit
508 4746 820 4818 Arphaxad,
864 4749 941 4803 uti
968 4749 1175 4805 dictum
1208 4759 1329 4820 est;
1381 4754 1675 4825 Arphaxad
1730 4757 1920 4826 genuit

294 4912 319 4941 .
339 4836 610 4907 Cainam;
640 4837 865 4895 Cainam
896 4837 1077 4896 Salam
1102 4860 1118 4911 ;
1149 4840 1277 4898 Sala
1307 4840 1504 4912 Heber,
1537 4844 1640 4902 sub
1669 4861 1779 4918 quo
1807 4855 1925 4902 tur-

2051 4663 2327 4736 Ἀρφαξὰδ
2370 4664 2534 4734 γεννᾷ
2585 4662 2677 4717 τὸν
2731 4663 2912 4715 Κινᾶ·
2964 4660 3109 4715 Κινᾶ
3145 4659 3237 4713 τὸν
3263 4657 3441 4712 Σάλα·
3478 4656 3626 4711 Σάλα

2026 4755 2120 4810 τὸν
2149 4754 2353 4825 Ἕϐερ’
2401 4754 2497 4809 καὶ
2544 4753 2757 4825 γίνεται
2786 4755 2820 4825 ἡ
2871 4749 3230 4825 πυργοποιία.
3261 4748 3432 4821 Ἔϐερ
3458 4748 3624 4819 γεννᾷ

2028 4849 2125 4905 τὸν
2171 4848 2351 4903 Φαλὲκ
2373 4887 2390 4915 ,
2426 4847 2522 4903 καὶ¹
2575 4846 2787 4917 γίνεται
2833 4847 2938 4919 γῆς
2993 4845 3088 4900 καὶ
3126 4842 3389 4915 γλωσσῶν
3436 4842 3623 4913 διαμε-

417 4993 853 5089 £99311?-
894 4997 1538 5089 ..'_!.‘e.s:_M.si°.wxnxof;
1578 5000 1640 5057 ει
1672 5003 1918 5078 Mam?

2026 5004 2087 5060 οί.
2195 5003 2217 5037 ³
2249 5002 2314 5060 F.
2355 4997 2568 5060 Οὗννοι.
2646 5001 2825 5076 διες.
2856 5000 3097 5057 Κέλτιοι.
3148 4998 3213 5058 F.
3272 4999 3366 5089 καὶ
3405 4994 3620 5052 Κέλτοι.

341 5063 429 5120 ‘F
484 5067 853 5140 Καρπετανοί.
890 5068 1015 5126 Mox
1056 5063 1157 5142 pro
1183 5063 1644 5150 ΣκόρτόιξΣκότοι.

416 5224 560 5302 (15)-
588 5226 921 5302 I‘aprarol.
970 5224 1165 5283 Utrum
1216 5225 1637 5302 Georgii‘sintA
1674 5226 1937 5302 sarmata:
2041 5227 2379 5302 Beneagenis
2439 5229 2573 5302 quid
2647 5242 2952 5302 reponam,
3015 5226 3165 5302 aliud
3224 5225 3401 5302 habeo
3463 5222 3623 5286 nihil,

341 5295 493 5369 circa
524 5294 757 5369 Pontum
789 5296 1100 5353 Euxinum:
1136 5313 1169 5352 a
1199 5294 1409 5369 quibus
1445 5298 1735 5369 Georgiani
1774 5298 1936 5356 hodie
2042 5301 2149 5356 nisi

342 5364 881 5440 lberignominantur,
901 5369 1153 5440 judicent
1177 5364 1358 5440 periti.
1388 5368 1592 5424 Penv.

417 5438 530 5510 (14)
558 5439 803 5508 Ἀρῤεοι.
844 5438 1147 5495 Arrbenem
1179 5438 1409 5508 inaioris
1454 5439 1727 5494 Armenia:
1761 5454 1819 5495 re
1860 5440 1940 5495 io-

420 5525 470 5563 m
517 5508 730 5565 Plinius
770 5515 1183 5565 commemorat.
1228 5508 1368 5564 Sunt
1413 5518 1467 5566 et
1502 5509 1767 5567 Ἀρὸηλοι
1816 5456 1940 5567 ξιο-

344 5524 470 5583 ncm
512 5508 730 5583 Plinius
770 5515 1183 5583 commemorat.
1228 5508 1384 5583 Sunt;
1413 5518 1467 5566 et
1492 5509 1767 5583 flaminio:

346 5579 530 5650 phano
551 5594 615 5634 ex
650 5578 922 5636 Strabone
950 5578 1205 5635 Meotidis
1236 5581 1457 5650 accolae.
1491 5581 1568 5637 in.

418 5648 531 5728 (ιε)
565 5650 811 5705 Κόλλοι.
843 5650 1153 5722 Stephanus
1178 5648 1403 5716 Κώλους
1435 5651 1668 5776 appellat
1683 5650 1935 5709 Caucaso

418 5733 712 5776 oninauos.
753 5736 783 5774 a
808 5720 1011 5776 quibus
1047 5721 1234 5776 Colica
1263 5723 1434 5776 reaio.
1505 5740 1555 5776 ι).

348 5721 783 5791 ντοριῃιιυοεηε
808 5721 1011 5791 quibus
1038 5721 1234 5791 Colica
1263 5723 1434 5791 regio.
1470 5721 1555 5778 lo.

418 5734 712 5840 ermquos.
753 5736 783 5774 a
808 5734 1011 5791 qtllDllS
1047 5734 1234 5776 uouca
1263 5736 1434 5791 regio.
1477 5734 1555 5778 ID.

418 5787 890 5895 emanasse-
910 5790 1135 5895 ἔθελξε
1167 5791 1749 5895 ’ἳέἫ.Υ3ξ;Εῗὶξὲί.Ἦ
1796 5794 1933 5895 ’(ἒίζῖ

354 5856 487 5929 om
515 5856 833 5916 Ptolemaeo
909 5860 1138 5921 minoris
1192 5856 1468 5923 Armeniae
1536 5873 1768 5923 tractus.
1829 5856 1933 5923 l‘ro

2250 5298 2572 5376 ωμαγηνοί,
2621 5298 2764 5376 (μιρε
2802 5314 2968 5370 supra
3021 5299 3076 5376 i_n
3129 5298 3300 5376 Semi.
3330 5302 3479 5376 sorte
3527 5310 3626 5376 po-

2042 5382 2247 5426 suerat.
2292 5366 2400 5428 Sed
2425 5366 2447 5436 ,’
2496 5366 2563 5427 ut
2612 5366 2775 5442 p'aulo
2830 5366 2955 5442 post
2989 5367 3345 5442 admonet,in
3393 5366 3628 5421 diversis

2085 5442 2491 5501 ossessionibus
2524 5439 2688 5500 iidem
2724 5439 2935 5498 tractus
2967 5439 3265 5513 populique
3304 5444 3622 5493 censentur.

2071 5528 2121 5566 Ι).

2114 5580 2227 5653 (17)
2261 5582 2529 5653 Ἱππικοί.
2551 5582 2681 5641 For.
2718 5580 2954 5647 Ὀπικοί,
2978 5587 3072 5635 aut
3106 5571 3343 5653 ’Ῑρσζνοιο
3369 5575 3491 5633 MO‘
3525 5589 3626 5648 Pi“

2114 5596 2227 5653 ut)
2262 5596 2529 5638 ‘ummot.
2553 5596 2681 5641 r'or.
2719 5596 2954 5647 ‘tmtxat,
2978 5596 3072 5635 aut
3110 5596 3300 5702 ἰρσινο

2046 5652 2373 5722 Διϐυστηνοί
2405 5656 2661 5722 suspicor
2698 5654 2803 5722 leg.
2839 5656 3144 5722 Λιγυστηνο
3173 5689 3187 5704 .
3228 5647 3306 5703 ln.

2113 5723 2227 5798 (l3)
2262 5719 2599 5798 Δζῐῑάοναντξες.
2633 5719 2997 5798 ΑῃῨεξθιὸεῖ
3028 5719 3106 5775 In.

2112 5786 2225 5867 (l9)
2261 5794 2473 5865 Ὅρκος
2500 5786 2798 5867 (iamnon.
2824 5791 3027 5852 Confer
3059 5804 3349 5848 numerum
3412 5787 3482 5846 86
3512 5786 3634 5845 ha:-

2039 5880 2226 5925 rcscos
2267 5880 2394 5923 xxvi
2427 5867 2484 5923 in
2513 5866 2773 5923 Panario.
