4018 6210
275 250 388 306 ὶὲὒ

1704 255 2145 315 ANCORATUS.

3468 275 3572 334 2‘26

287 363 507 434 ρισμός.
546 363 726 417 Φαλὲκ
755 365 919 434 γεννᾷ
961 365 1052 419 τὸν
1111 367 1315 437 Ῥαγαῦ
1345 409 1359 435 ,
1409 366 1610 436 Ῥαγαῢ
1654 369 1743 423 τὸν
1795 373 1890 423 Σε-

1997 374 2070 427 ris
2125 384 2207 429 est
2264 384 2563 430 exstructa.
2636 376 2814 432 lleber
2867 382 3053 450 genuit
3115 382 3344 449 Phalee,
3412 391 3566 459 cujus

289 456 422 526 ροὺχ
441 499 456 519 ,
490 457 695 528 Σεροὺχ
725 458 814 510 τὸν
839 458 1042 530 Ναχὼρ
1060 501 1074 525 ,
1104 459 1309 531 Ναχὼρ
1336 461 1426 514 τὸν
1445 461 1658 533 ossea,
1694 462 1885 534 Θάῤῥα

286 547 378 599 τὸν
441 547 733 620 Ἁϐραάμ,
799 549 1052 621 Ἀϐραὰμ
1101 553 1194 606 τὸν
1261 553 1488 617 Ἰσαὰκ,
1553 555 1739 610 Ἰσαὰκ
1793 557 1885 610 τὸν

297 636 494 690 Ἰακὼὸ
566 639 657 691 τὸν
719 641 1166 712 ἐπονομασθέντα
1239 644 1456 716 Ἰσραὴλ
1492 683 1507 709 ,
1580 645 1638 711 ἐξ
1715 641 1885 720 οὗπερ

297 727 654 800 Ἰσραηλῖται,
701 730 895 785 Ἰακὼϐ
926 733 1017 787 τὸν
1059 735 1259 790 Ἰούδαν
1282 777 1297 803 ,
1331 736 1533 800 Ἰούδας
1562 738 1654 791 τὸν
1684 739 1882 812 Φαρὲς,

283 821 460 891 Φαρὲς
515 820 605 874 τὸν
661 821 920 894 Ἐσρὼμ,
993 823 1214 894 Ἐσρὼμ
1274 825 1366 878 τὸν
1428 826 1645 898 Ἀρὰμ,
1707 829 1884 899 Ἀρὰμ

284 911 376 965 τὸν
436 913 769 982 Ἀμιναδάϐ,
819 915 1117 986 Ἀμιναδάϐ
1169 916 1260 969 τὸν
1308 916 1601 971 Ναασσὼν’
1637 918 1733 972 καὶ
1792 921 1884 973 τὸν

288 1005 516 1076 Σαλμών
553 1006 688 1075 (20).
716 1006 866 1077 Αὕτη
899 1009 931 1078 ἡ
985 1008 1148 1078 γενεὰ
1179 1009 1286 1064 τῶν
1319 1009 1428 1062 ἀπὸ
1473 1009 1593 1082 Σὴμ
1623 1028 1884 1082 γεγεννη-

289 1098 486 1167 μένων.
525 1097 761 1163 Τούτους
791 1096 885 1154 οὖν
910 1101 1271 1172 ἀδικηθέντας
1303 1102 1409 1155 ὑπὸ
1434 1103 1541 1156 τῶν
1571 1103 1702 1156 υἱῶν
1729 1105 1880 1174 Χάμ,

288 1196 382 1248 καὶ
435 1195 525 1247 τὸν
575 1193 704 1248 ἴδιον
752 1196 915 1250 τόπον
960 1197 1360 1268 ἀφαιρεθέντας
1393 1200 1600 1252 ὲκδικεῖ
1649 1202 1677 1253 6
1724 1201 1879 1266 Θεὸς,

285 1285 674 1358 ἑξολοθρεύσας
705 1287 832 1352 τοὺς
867 1289 962 1342 τοῦ
1012 1289 1235 1345 Χαναὰν
1282 1290 1424 1345 κατά
1460 1291 1552 1344 τὸν
1583 1291 1744 1364 ὅρκον
1779 1294 1878 1346 αὐ·-

284 1379 394 1434 τῶν
416 1397 428 1410 ’
464 1381 557 1432 καὶ
589 1379 650 1432 τὸ
678 1381 902 1452 σπέρμα
938 1381 1032 1434 τοῦ
1073 1382 1196 1453 Σὴμ
1244 1381 1344 1452 τὴν
1379 1383 1517 1436 ἰδίαν
1562 1383 1883 1453 ἀπολαμϐά-

287 1488 368 1523 νει
419 1470 626 1543 χώραν.
677 1472 792 1526 Οὐκ
839 1472 1096 1542 ἠδίκησεν
1143 1467 1236 1525 οὖν
1296 1474 1324 1525 6
1362 1472 1535 1539 Θεὸς,
1593 1473 1661 1526 τὰ
1700 1473 1880 1528 δίκαια

289 1563 506 1632 ἑκάστῳ
552 1563 692 1634 μέρη
733 1565 747 1594 ¹
790 1564 1080 1635 ἀπονέμων
1107 1582 1120 1596 ·
1180 1567 1263 1620 Οὐ
1305 1565 1417 1635 γὰρ
1462 1564 1880 1634 μυκτηρίζεται

287 1658 320 1710 ὀ
352 1655 498 1722 Θεὸς
519 1696 534 1722 ,
561 1655 638 1720 ὡς
673 1658 957 1727 προεῖπον.

357 1925 507 1980 Ρ1Ε’.
553 1925 643 1978 Ἐν
681 1927 747 1996 τῇ
781 1918 872 1978 οὖν
903 1923 1067 1995 ἐξόδῳ
1105 1922 1440 1994 Συναγωγὴν
1474 1921 1655 1993 ἑαυτῷ
1687 1923 1714 1974 ὁ
1751 1920 1883 1986 Θεὸς

288 2017 546 2088 ἁρμόζων
564 2058 579 2084 ,
609 2018 744 2088 φησὶ
775 2018 984 2089 Μωῦσῇ
1007 2034 1019 2047 ·
1068 2016 1408 2070 Ὑπόλυσαι
1431 2015 1503 2068 τὰ
1528 2013 1886 2082 ὑποδήματα

287 2113 356 2166 ἐκ
402 2111 522 2165 τῶν
552 2110 755 2166 ποδῶν
786 2127 924 2165 σου.
962 2113 1086 2175 Πᾶς
1123 2110 1233 2182 γὰρ
1280 2111 1309 2163 6
1363 2109 1572 2179 μέλλων
1623 2107 1886 2178 καθαροῖς

289 2202 532 2274 λουτροῖς
567 2202 872 2274 προσιέναι,
920 2201 1139 2271 πρῶτον
1164 2199 1483 2254 ὑπολύεται.
1525 2199 1743 2268 Ἐπειδὴ
1770 2197 1883 2250 τοί-

287 2310 384 2346 νυν
424 2293 612 2364 χρόνος
641 2292 806 2357 πολὺς
835 2291 1115 2363 διελήλυθε
1145 2331 1161 2355 ,
1193 2290 1288 2344 καὶ
1340 2291 1447 2353 πᾶς
1486 2306 1570 2352 τις
1599 2289 1656 2342 ὲν
1687 2291 1754 2359 τῇ
1781 2285 1885 2358 ὁδῷ

289 2385 456 2440 αὑτοῦ
483 2386 871 2456 ὲπλανήθημεν
891 2426 906 2450 ,
936 2384 1030 2438 καὶ
1059 2381 1198 2454 αὕτη
1235 2383 1269 2452 ἡ
1318 2379 1620 2450 Συναγωγὴ
1671 2381 1727 2431 ὲν
1772 2380 1885 2442 τοῖς

295 2479 442 2542 ἰδίοις
474 2480 664 2541 κακοῖς
697 2477 910 2547 ἔμεινεν
936 2514 950 2539 ,
1000 2474 1152 2526 οὒπω
1188 2472 1248 2526 τὸ
1286 2471 1511 2544 λουτρὸν
1556 2472 1584 2524 6
1622 2470 1754 2534 Θεὸς
1787 2470 1886 2540 τῆς

293 2570 716 2641 παλιγγενεσίας
753 2568 1136 2624 ἀπεκάλυπτεν
1165 2583 1178 2597 ’
1235 2565 1351 2619 ἀλλ’
1399 2564 1543 2617 ἔτεσι
1593 2563 1692 2634 μὲν
1759 2562 1888 2615 πολ-

293 2663 410 2728 λοῖς
436 2663 798 2717 ὰνεϐἀλλετο’
837 2661 1062 2731 ὕστερον
1101 2658 1158 2710 δὲ
1205 2659 1270 2728 τῇ
1318 2657 1450 2728 ἁγίᾳ.
1491 2655 1788 2727 Ἐκκλησία
1827 2653 1888 2707 τὸ

294 2757 560 2824 πανάγιον
587 2755 811 2825 λουτρὸν
863 2749 1213 2820 ἀπεκάλυψεν
1233 2766 1247 2780 ⁸
1289 2751 1347 2802 ὲν
1382 2750 1480 2820 μὲν
1508 2749 1718 2819 Μωῦσῇ
1752 2748 1886 2802 ύπο-

294 2849 510 2920 δήματα
541 2846 826 2901 ύπολύων·
865 2847 923 2899 ἐν
957 2844 1012 2896 δὲ
1066 2844 1371 2916 προφήταις
1409 2841 1500 2894 τὸν
1551 2840 1750 2908 ἔξωθεν
1802 2858 1888 2911 χι-

295 2942 441 2995 τῶνα
493 2939 784 3002 ἀποδύων,
841 2937 1132 3009 περίζωμα
1164 2935 1278 3005 (21)
1343 2934 1502 3006 μόνον
1554 2933 1888 3002 καταλείψας

297 3032 374 3104 τῷ
413 3033 655 3103 Ἱερεμίᾳ
678 3049 691 3062 ·
719 3034 775 3085 ἐν
808 3030 865 3083 δὲ
917 3029 1140 3102 Ἰωάννῃ
1165 3028 1261 3081 ὅλα
1286 3026 1356 3080 τὰ
1394 3027 1485 3081 τοῦ
1521 3027 1725 3097 κόσμου
1763 3027 1888 3096 ἰμά-

298 3142 388 3176 τια
415 3122 706 3178 ἀποϐαλὼν
730 3164 744 3184 ,
777 3124 841 3176 ὲκ
865 3121 1069 3192 τριχῶν
1103 3119 1352 3191 καμήλου
1392 3117 1884 3190 μετεσχημάτιζεν.

311 3219 399 3271 Ἑν
429 3218 488 3270 δὲ
537 3217 687 3288 αὐτῷ
732 3215 809 3287 τῷ
853 3214 1070 3286 Σωτῆρι
1102 3213 1195 3266 καὶ
1237 3215 1350 3277 τοῖς
1398 3211 1563 3266 αὑτοῦ
1621 3211 1891 3284 μαθηταῖς

300 3311 508 3383 κόσμου
539 3311 600 3364 τὸ
635 3309 822 3380 σχῆμα
866 3307 1117 3373 ὲξέδυσεν
1139 3323 1150 3337 ·
1200 3306 1406 3361 ἄνωθεν
1431 3305 1488 3358 δὲ
1518 3305 1612 3360 ἀπ’
1646 3305 1892 3377 οὐρανῶν

303 3402 444 3473 μετά
475 3403 574 3474 τὴν
594 3401 704 3454 τῶν
736 3400 942 3454 ὑδάτων
976 3399 1244 3470 κάθαρσιν
1266 3437 1281 3462 ,
1318 3397 1490 3469 πυρὸς
1513 3399 1606 3451 καὶ
1633 3396 1889 3468 Πνεύμα-

300 3513 392 3560 τος
424 3495 634 3549 ἔνδυσιν
666 3493 1024 3547 ὲνεδίδυσκεν.
1085 3490 1224 3545 Ἀλλ’
1253 3489 1488 3562 ὁρῶντες
1529 3491 1577 3543 οἱ
1629 3487 1892 3560 Ἰσραηλῖ-

299 3605 390 3642 ται
445 3588 546 3658 τὴν
593 3586 751 3657 χάριν
784 3584 972 3638 τούτου
994 3623 1009 3649 ,
1041 3583 1141 3637 οὐκ
1185 3581 1427 3651 ἔγνωσαν
1465 3581 1548 3633 ὅτι
1590 3579 1724 3642 Θεὸς
1751 3581 1890 3633 ἐστι.

302 3676 395 3729 Διὸ
424 3676 519 3728 καὶ
563 3677 591 3728 6
621 3675 908 3746 προφήτης
949 3669 1372 3742 ὲγκληματικῶς
1413 3667 1624 3732 τούτοις
1673 3667 1892 3721 ἀπωδύ-

307 3786 460 3841 ρετο,
488 3767 576 3822 διὰ
609 3767 708 3838 τὴν
741 3768 821 3829 εἰς
858 3764 950 3818 τὸν
1004 3763 1236 3834 Σωτῆρα
1290 3762 1380 3815 ὑπ’
1414 3760 1593 3814 αὐτῶν
1627 3759 1894 3831 ἐσομένην

304 3860 526 3931 ἀτιμίαν
547 3875 560 3889 °
598 3858 790 3912 Ταῦτα
814 3857 1009 3926 Κυρίῳ
1037 3853 1494 3935 ἀνταποδίδρτε,
1521 3850 1673 3917 λαὸς
1695 3851 1896 3921 μωρὸς

306 3953 404 4006 καὶ
433 3951 754 4020 ἀκάρδιος;
799 3951 914 4004 Οὐκ
967 3949 1141 4017 ἔγνων
1191 3947 1301 4019 γὰρ
1348 3945 1536 4000 τοῦτον
1564 3986 1578 4009 ,
1623 3947 1706 3999 ὅτι
1744 3939 1896 4008 οὗτος

304 4039 373 4114 ἦν
405 4046 462 4098 ὲν
491 4029 670 4115 ἀρχῇ,
721 4041 839 4112 μεθ’
880 4033 941 4094 οὗ
977 4039 1164 4112 Πατὴρ
1194 4036 1651 4092 συνεϐουλεύσατο
1676 4077 1688 4100 ,
1718 4033 1896 4101 Ποιή-

307 4153 509 4206 σωμεν
537 4136 650 4206 (22)
703 4136 1021 4203 ἄνθρωπον
1048 4135 1176 4187 κατ’
1201 4133 1405 4186 εἰκόνα
1451 4128 1748 4199 ἡμετέραν
1796 4129 1896 4182 καί

309 4232 436 4284 καθ’
475 4229 762 4298 ὁμοίωσιν
786 4268 800 4292 ,
827 4227 1024 4295 λέγων.
1080 4227 1153 4278 Τὸ
1186 4225 1314 4296 γὰρ,
1356 4222 1710 4291 Ποιήσωμεν
1733 4261 1747 4284 ,
1801 4222 1899 4292 οὐχ

310 4323 428 4385 ἐνὸς
470 4319 703 4391 ἀριθμοῦ
736 4320 852 4371 ἐστι
895 4315 1264 4388 σημαντικόν·
1313 4313 1448 4368 ἀλλά
1474 4311 1607 4381 γοῦν
1645 4310 1900 4365 συνεϐου-

1991 478 2235 538 tempore
2305 479 2462 524 terrrc
2514 485 2575 524 ac
2629 471 2936 541 linguarum
2996 486 3079 528 est
3148 475 3290 528 facta
3339 478 3570 546 divisio;

1991 558 2191 614 Phalec
2255 566 2441 630 genuit
2497 561 2744 632 Rhagau,
2797 563 3020 634 Rbagau
3075 566 3305 632 Serucb,
3362 568 3570 626 Scruch

1987 646 2224 712 Naehor,
2258 648 2476 703 Nachor
2506 649 2794 714 Tharratn,
2825 653 3036 706 Tharra
3066 655 3361 722 Abraham,
3398 658 3578 714 Abra-

1988 737 2112 791 ham
2157 736 2329 802 Isaac,
2374 739 2524 815 Isaae
2567 739 2737 795 Jaeob
2782 744 2874 813 qui
2925 747 3345 815 cognominatus
3390 759 3476 804 est
3503 748 3579 805 ls-

1988 828 2125 892 rael,
2167 842 2194 880 a
2235 845 2346 898 quo
2390 828 2668 891 Israelitte,
2705 829 2873 887 Jacob
2901 833 3118 902 ludam,
3148 835 3318 890 ludas
3345 837 3573 902 Phares.

1986 917 2195 973 Phares
2255 919 2450 984 Esron,
2523 920 2696 975 Esron
2756 923 2944 987 Aram,
3007 927 3170 980 Aram
3229 928 3565 994 Aminadab,

1986 1008 2293 1064 Aminadab
2329 1009 2548 1066 Naason
2599 1019 2652 1067 et
2699 1013 2944 1068 Saltnou.
2989 1015 3260 1073 llactenus
3293 1019 3438 1074 Semi
3473 1038 3570 1092 ge-

1985 1101 2252 1172 nealogia.
2280 1101 2389 1158 llos
2409 1104 2592 1174 itaque
2621 1106 2823 1174 posteri
2856 1104 3023 1160 Cham
3051 1125 3171 1161 cum
3201 1125 3294 1178 per
3313 1111 3566 1180 iujuriam

1983 1193 2422 1259 oppressissent,
2475 1210 2776 1264 eorumque
2837 1198 3242 1264 possessionem
3302 1199 3568 1255 interver-

1985 1283 2202 1346 tisscnt,
2247 1283 2389 1339 Deus
2438 1287 2656 1340 tandem
2707 1288 2830 1342 illos
2871 1289 3190 1353 vindicavit,
3237 1305 3298 1344 ac
3350 1291 3567 1346 Chana-

1984 1390 2132 1432 naeos
2179 1391 2245 1430 ex
2300 1387 2561 1445 concepta
2615 1379 2983 1448 jurisjurandi
3039 1381 3273 1435 formula
3326 1383 3569 1441 funditus

1982 1470 2266 1524 exstinxit.
2328 1469 2405 1524 Ita
2460 1471 2606 1526 Scuti
2666 1474 2954 1543 progenies
3007 1475 3060 1528 in
3117 1476 3371 1546 proprias
3413 1479 3571 1534 sedes

1983 1560 2319 1627 postliminio
2349 1564 2678 1618 restituitur.
2708 1563 3053 1636 Quapropter
3081 1568 3286 1622 nullam
3313 1570 3569 1640 cuiquam

1998 1653 2141 1708 Deus
2185 1653 2441 1724 injuriam
2483 1657 2630 1719 l‘rcit,
2673 1659 2765 1726 qui
2802 1659 3022 1727 utrique
3057 1661 3192 1728 parti
3226 1661 3367 1730 quod
3396 1677 3572 1717 merc-

1909 1744 1953 1798 B
1983 1746 2142 1799 batur
2169 1747 2420 1801 attribuit
2450 1765 2465 1800 :
2502 1749 2663 1818 119
2687 1748 2808 1804 Non
2836 1752 2974 1804 enim
3002 1750 3142 1806 Deus
3165 1752 3419 1808 irridetur
3442 1756 3485 1818 ³,
3511 1765 3570 1809 ιιι

1987 1837 2144 1890 initio
2176 1838 2312 1890 diu.

2057 1927 2222 1982 CXV.
2266 1925 2537 1984 Cteterutn
2592 1932 2695 1984 sub
2749 1929 3116 1986 lsraelitarum
3175 1942 3380 1988 emtum
3443 1950 3566 1988 eum

1991 2018 2336 2091 Synagogam
2387 2020 2530 2076 Deus
2564 2022 2670 2076 sibi
2705 2023 3046 2093 despondere
3081 2026 3266 2088 vellet,
3315 2027 3388 2079 ita
3419 2026 3569 2098 Μογ-

1987 2123 2084 2164 sen
2128 2111 2428 2180 alloquitur
2457 2130 2471 2165 :
2502 2111 2656 2166 Solve
2703 2114 3062 2168 calceamenta
3091 2132 3116 2168 ε
3149 2116 3364 2176 pedibus
3397 2120 3502 2171 tuis
3525 2119 3566 2172 ³.

1982 2201 2173 2257 Omnis
2193 2203 2338 2257 enim
2363 2203 2454 2272 qui
2479 2218 2676 2272 purum
2699 2203 2768 2258 ad
2787 2202 3063 2257 lavacrum
3086 2204 3317 2267 accedit,
3338 2218 3387 2272 pa
3406 2204 3573 2256 imum

1981 2296 2352 2352 ealeeamenta
2394 2295 2640 2366 deponit.
2673 2297 2876 2353 Verum
2911 2297 3072 2364 longo
3123 2293 3406 2363 interjecto
3436 2303 3575 2351 tem-

1989 2385 2140 2453 poris
2185 2384 2387 2453 spatio,
2438 2401 2562 2438 eum
2595 2401 2625 2438 a
2657 2386 2739 2438 via
2770 2401 2869 2439 sua
2905 2381 3286 2456 unusquisque
3321 2397 3569 2442 nostrum

1989 2473 2360 2538 abcrrasset‘,
2395 2490 2457 2529 ac
2486 2474 2769 2546 Syuagoga
2805 2477 2920 2546 ipsa
2960 2478 3077 2531 suis
3118 2479 3171 2531 in
3203 2474 3363 2534 hialis
3399 2479 3572 2533 obso-

1989 2566 2248 2629 lesceret,
2281 2567 2522 2621 nondum
2557 2576 2738 2623 tamen
2779 2567 2918 2623 Deus
2953 2569 3233 2622 lavacrum
3287 2585 3572 2640 regenera-

1991 2655 2156 2711 tionis
2185 2659 2520 2714 ostenderat.
2554 2659 2659 2713 Sed
2685 2675 2808 2714 cum
2843 2660 3027 2730 plures
3053 2661 3164 2731 jam
3197 2677 3372 2716 annos
3403 2662 3576 2716 distu-

1989 2748 2167 2810 lisset,
2222 2751 2569 2816 postmodum
2619 2760 2823 2805 sancta:
2858 2767 2972 2806 smn
3011 2751 3266 2807 Ecclesia:
3298 2755 3576 2808 sanctissi-

1993 2854 2142 2892 mum
2175 2841 2305 2894 illud
2339 2842 2618 2914 lavacrum
2655 2842 2888 2910 aperuit.
2934 2842 3011 2895 Ac
3036 2843 3271 2911 primum
3303 2842 3354 2896 in
3388 2842 3575 2912 Moyse

1991 2932 2365 2986 calceamenla
2414 2934 2616 2988 solvit:
2648 2941 2761 2986 tum
2814 2933 2868 2986 in
2921 2933 3200 3002 prophetis
3248 2931 3571 2988 exteriorem

1997 3023 2239 3077 tunicam
2289 3023 2476 3085 exuit,
2544 3038 2668 3076 cum
2717 3021 2966 3076 Jeremiae
3019 3023 3196 3078 solum
3247 3023 3572 3077 einetorium

1994 3114 2288 3180 reliquit";
2350 3115 2404 3167 in
2455 3111 2669 3168 Joanne
2726 3129 2894 3184 porro
2946 3115 3130 3168 omnia
3178 3114 3364 3168 mundi
3408 3117 3573 3170 vcsti-

1992 3213 2179 3260 menta
2231 3205 2510 3274 rejiciens,
2563 3205 2746 3259 cilicio
2793 3221 2824 3259 ο
2873 3205 3066 3259 cameli
3127 3207 3253 3276 pilis
3309 3206 3573 3260 induit“:

1992 3305 2269 3366 postremo
2331 3297 2385 3352 in
2451 3297 2570 3367 ipso
2627 3297 2912 3354 Salvatore
2960 3309 3014 3353 et
3060 3300 3234 3369 ipsius
3289 3300 3576 3370 discipulis

1994 3388 2183 3460 tpundi
2235 3390 2442 3443 cultum
2505 3405 2720 3444 omnem
2777 3389 3133 3461 habitumque
3185 3392 3470 3459 deposuit;
3513 3407 3576 3446 ac

1998 3486 2122 3549 post
2157 3494 2424 3548 aquarum
2460 3479 2852 3549 expiationem,
2898 3479 3040 3549 ignis
3069 3488 3122 3533 ct
3154 3477 3393 3552 Spiritus
3423 3480 3573 3533 indu-

1994 3579 2176 3627 mento
2204 3572 2425 3628 caelitus
2479 3571 2676 3626 induit.
2721 3572 2982 3626 Israelita:
3031 3587 3161 3626 vero
3221 3586 3346 3626 cum
3399 3573 3582 3642 singu-

1994 3665 2164 3728 larem
2213 3664 2363 3718 illius
2397 3663 2632 3733 gratiam
2668 3663 2938 3726 viderent,
2970 3664 3221 3717 etundem
3255 3662 3423 3717 Deum
3457 3679 3580 3718 esse

1973 3755 2221 3810 minime
2263 3763 2662 3825 cognoverunt.
2713 3755 2793 3809 Ob
2833 3755 2886 3809 id
2920 3755 3135 3826 Moyses
3169 3755 3435 3825 propheta
3471 3770 3579 3809 non

1995 3848 2116 3903 sine
2152 3848 2262 3901 acri
2288 3847 2502 3902 illorum
2539 3847 2944 3918 objurgatione,
2982 3862 3146 3916 quam
3186 3845 3457 3900 Salvatori
3481 3847 3580 3899 im-

1996 3940 2231 4010 posituri
2277 3948 2456 4002 erant,
2513 3940 2870 4010 ignominiam
2919 3933 3167 4008 deplorat
3217 3937 3304 3992 his
3353 3937 3581 3992 verbis:

2001 4032 2045 4085 11
2055 4033 2248 4086 reccine
2275 4030 2500 4088 Domino
2538 4030 2738 4095 reddis,
2765 4031 2955 4100 popula
2979 4031 3140 4086 stulte
3173 4038 3222 4084 et
3257 4028 3506 4096 insipiens
3525 4028 3543 4058 ⁷
3561 4029 3583 4081 ‘.’

1996 4123 2116 4179 Non
2150 4124 2298 4178 enim
2329 4125 2726 4178 intellexerunt
2759 4123 2827 4176 ab
2849 4130 3058 4176 aeterno
3094 4122 3244 4175 illum
3277 4121 3582 4184 exstitisse,

1999 4229 2232 4286 quocum
2295 4213 2452 4269 Pater
2496 4213 2614 4284 ipse
2648 4213 3015 4269 deliberavit:
3049 4210 3580 4279 Faciamus,inquit,

2000 4304 2258 4358 hominem
2282 4303 2350 4357 ad
2376 4305 2660 4374 imaginem
2690 4321 2929 4359 nostram
2954 4314 3002 4358 et
3029 4305 3097 4358 ad
3123 4301 3582 4359 similitudinem“.

310 4413 539 4466 λεύσατο
584 4414 612 4466 6
659 4411 848 4482 Πατὴρ
880 4408 996 4480 Υίῷ
1028 4409 1122 4462 καὶ
1159 4406 1300 4476 ἁγίῳ
1327 4404 1625 4476 Πνεύματι.
1670 4401 1760 4474 Τῷ
1787 4401 1890 4474 γάρ

2002 4396 2119 4451 Hoc
2160 4397 2304 4451 enim
2336 4398 2563 4452 verbum
2596 4397 2880 4452 Faciamus
2910 4412 3020 4451 non
3052 4411 3222 4450 unum
3250 4410 3312 4449 ac
3339 4394 3586 4464 singula-

312 4505 734 4575 Λόγῳκυρίου
769 4505 823 4557 oi
881 4500 1126 4570 οὐρανοὶ
1165 4496 1652 4566 ἐστερεώθησαν,
1686 4494 1783 4548 καὶ
1823 4494 1906 4560 τῷ

2007 4505 2123 4545 rem
2156 4488 2450 4561 significat.
2491 4487 2731 4545 Proinde
2759 4489 2923 4545 Pater
2950 4505 3074 4544 cum
3108 4489 3249 4543 Filio
3278 4503 3343 4544 ac
3373 4488 3584 4558 Spiritu

312 4597 612 4666 Πνεὺματι
637 4593 746 4648 τοῦ
769 4594 1068 4662 στόματος
1106 4589 1292 4645 αὐτοῦ
1337 4586 1505 4643 πᾶσα
1549 4587 1589 4654 ἡ
1646 4584 1890 4654 δύναμις

2003 4591 2198 4638 sancto
2248 4583 2653 4637 consultabat:
2715 4582 2882 4638 Verbo
2937 4584 3140 4653 quippe
3205 4582 3417 4636 Domini
3471 4583 3587 4636 caeli

313 4689 528 4746 αὐτῶν.
561 4688 682 4743 Οὐδ’
714 4688 779 4742 ἂν
819 4685 1234 4759 (25),συνήκασι
1279 4680 1375 4736 τοῦ
1428 4679 1680 4747 λέγοντος
1728 4679 1786 4731 ἐν
1832 4678 1900 4747 τῇ

389 4847 404 4877 ¹
434 4845 561 4899 Cor.
591 4844 764 4915 μέρει.
843 4845 863 4874 ²
886 4840 1062 4915 Galat.
1084 4826 1158 4904 vl,
1195 4837 1256 4894 7.

320 4933 488 4981 usu,
519 4911 602 4971 6.“
653 4911 677 4953 ⁸
709 4913 845 4970 Gen.
872 4928 913 4980 ι,
944 4911 1036 4965 26.

393 5069 503 5140 (20)
526 5068 870 5140 ίἈμιναδὰϐ
912 5066 1022 5140 τὸν
1054 5057 1564 5140 μΝαασσὼνηκαὶῇ
1590 5057 1700 5140 tor
1749 5058 1902 5140 Σιιὲ.

487 5129 742 5196 ’Νιιιιὲεοιι
767 5136 954 5209 genuit
978 5135 1222 5196 Salmon,
1251 5147 1363 5186 non
1386 5130 1508 5201 ejus
1541 5129 1711 5184 frater
1740 5129 1903 5182 exsti-

321 5211 408 5266 tit.
441 5211 646 5264 Psnv.
864 5258 868 5262 .

393 5281 504 5351 (21)
544 5276 840 5351 Περίζωμα
866 5317 898 5351 _._
934 5284 1238 5351 campestre
1279 5271 1529 5328 redditur
1550 5285 1608 5351 _a
1633 5269 1898 5351 __Petavio.

323 5340 652 5406 Tlioniasids
682 5340 814 5403 illud
849 5347 984 5398 dixit
1012 5340 1328 5398 cinctorium
1362 5353 1521 5397 utens
1549 5340 1743 5394 Latina
1781 5355 1902 5394 rer-

327 5423 480 5476 siune
535 5423 790 5474 editionis
841 5416 1056 5471 Veteris
1117 5414 1452 5469 Testamenti
1496 5412 1632 5465 Sixti
1676 5409 1716 5464 V
1774 5409 1902 5463 anui

331 5491 488 5561 1ὺ88.
519 5489 746 5561 Vulgata
784 5489 941 5542 habet
973 5484 1230 5561 lumbare.
1258 5485 1323 5561 _S.
1353 5482 1572 5536 llicron.
1611 5481 1820 5561 lfroem.
1850 5481 1903 5533 in

333 5560 522 5614 Oscam
564 5553 871 5615 v'estiniettti
913 5571 1084 5626 genus
1138 5553 1275 5626 illud
1327 5568 1449 5608 esse
1503 5553 1733 5626 credidit
1783 5566 1903 5602 mu-

354 5631 522 5688 iehre.
567 5622 938 5685 Consulantur
1006 5624 1146 5681 sacri
1221 5624 1566 5691 interpretes.
1625 5622 1903 5691 Callinetus

331 5721 452 5760 tum
490 5700 741 5772 p'uriltus
798 5699 865 5755 de
903 5698 996 5753 illo
1044 5689 1590 5758 intlumcntoegissct
1636 5691 1701 5747 ad
1735 5689 1905 5746 Exodi

1328 4833 1543 4890 'Exod.
1583 4848 1663 4898 ιιι,
1696 4831 1750 4886 5.
1824 4829 1846 4860 ⁸
1871 4827 1975 4885 lsa.
2011 4845 2132 4894 Litt,
2164 4828 2218 4884 6.

2005 4675 2210 4743 ﬁrmati
2255 4683 2412 4740 sunt;
2442 4684 2488 4728 et
2520 4673 2725 4742 Spiritu
2769 4676 2878 4728 oris
2927 4675 3042 4745 ejus
3079 4675 3248 4728 omnis
3298 4675 3461 4728 virtus
3501 4690 3590 4728 eo-

2296 4831 2316 4861 ³
2343 4828 2543 4886 Jerem.
2582 4845 2702 4896 xm,
2741 4829 2792 4885 1.
2871 4832 2891 4862 ⁸
2921 4829 3109 4884 Matth.
3149 4845 3231 4894 tn,
3261 4830 3316 4883 4.
3393 4828 3591 4884 70cm.

2007 5068 2129 5122 cap.
2163 5068 2354 5114 xxvm,
2387 5049 2566 5122 42,θά
2588 5047 2838 5122 Jeremite
2869 5056 3034 5117 caput
3061 5056 3242 5122 xut,e_t
3272 5047 3338 5102 ad
3368 5047 3594 5104 verbum

2008 5119 2248 5177 lumbare
2279 5122 2391 5176 ait:
2450 5121 2575 5174 llam
2620 5119 2868 5174 Jeremia:
2900 5136 3035 5172 zona
3082 5134 3147 5172 ea:
3185 5120 3249 5172 iis
3299 5135 3398 5172 non
3455 5130 3596 5181 erat,

2014 5195 2202 5265 quibus
2257 5201 2418 5245 vestes
2477 5203 2854 5265 coerce_ntt_tr_:__
2889 5189 3360 5265 amplioris-{tome
3430 5207 3595 5265 genus

1998 5258 2142 5327 erat,
2180 5265 2371 5316 tuuicw
2415 5261 2663 5314 muliebri
2688 5261 2902 5321 similis,
2936 5265 3024 5313 sed
3061 5259 3262 5314 brevius
3288 5300 3302 5320 ,
3345 5277 3448 5328 qua
3495 5258 3594 5313 viri

1998 5335 2297 5404 prwsertim
2327 5333 2438 5404 iter,
2464 5333 2717 5400 facientes
2743 5369 2757 5391 ,
2787 5333 2894 5404 sive
2949 5346 3136 5395 agrum
3183 5331 3410 5384 colentes
3430 5367 3445 5392 ,
3500 5343 3594 5382 ceu

2003 5400 2097 5459 nos
2122 5403 2492 5471 subligaculis,
2517 5418 2579 5455 ea
2609 5412 2765 5456 (etate
2787 5400 3093 5471 utebantur.

2079 5476 2190 5547 (22.)
2220 5466 2423 5547 Confer
2447 5488 2569 5542 qua:
2601 5473 2669 5526 de
2690 5472 2880 5547 eodem
2920 5470 3308 5547 illeAGenescos
3351 5470 3472 5522 loco
3493 5466 3599 5547 lno

2008 5537 2099 5601 bei
2125 5537 2658 5616 Epipltanius'supra
2693 5542 2762 5596 ad
2794 5556 2944 5595 num.
2969 5539 3060 5606 28,
3087 5555 3316 5610 quaeque
3359 5553 3459 5593 nos
3490 5537 3596 5590 ibt-

2009 5616 2131 5672 dem
2165 5616 2568 5668 adnotavimus.

2084 5686 2196 5754 (2'5)
2226 5685 2369 5753 Lege
2392 5680 2481 5741 αὖ.
2512 5682 2670 5737 Ευιτ.
