4018 6210
413 257 516 315 227

1792 250 1850 309 S.
1892 246 2229 306 EPIPHANII

3573 242 3690 300 9.28

413 397 532 437 rum
554 382 596 434 ί.
651 378 756 434 Sed
805 393 907 435 nec
936 377 1070 434 illud
1104 376 1513 441 intellexerunt,
1538 374 1682 446 quod
1716 375 1769 430 in
1805 374 1990 430 eodem

2104 372 2240 445 αὐτῇ
2299 370 2465 442 βίϐλῳ
2510 368 2674 442 ῥητοῦ
2703 409 2719 434 ,
2770 370 2851 423 ὅτι
2909 366 3147 437 Ἕϐρεξε
3177 367 3391 436 Κύριος
3444 364 3600 434 πῦρ,
3657 359 3691 414 ό

413 472 552 527 libro
592 471 856 541 scriptum
889 479 972 526 est
996 488 1011 525 :
1039 469 1187 523 Pluit
1233 468 1405 539 ignem
1434 466 1716 530 Dominus,
1755 465 1802 519 is
1837 464 2002 518 nimi-

2107 464 2244 538 πρὸς
2284 462 2538 536 ’Λϐραὰμ
2589 462 2861 533 ἐληλυθὼς
2886 502 2901 525 ,
2961 460 3121 530 παρὰ
3166 460 3388 528 Κυρίου
3422 458 3525 513 ἀπ’
3582 462 3689 514 οὺ-

414 581 532 618 rum
579 566 672 635 qui
719 563 788 617 ad
826 564 1195 619 Abrahamum
1241 561 1573 623 diverterat,
1606 575 1639 612 a
1667 558 1890 612 Domino
1938 555 1990 611 de

2096 557 2289 627 ρανοῦ
2311 596 2326 622 ,
2356 555 2452 609 τοῦ
2481 554 2645 609 αὐτὸν
2678 553 3120 617 ἀποστείλαντος.
3150 553 3289 627 Οὐδὲ
3319 552 3562 619 ἔγνωσαν
3588 550 3690 605 αὖ-

410 655 544 711 caelo
561 660 606 723 ',
638 656 708 711 ab
743 671 809 712 eo
840 654 1091 710 videlicet
1133 653 1229 724 qui
1263 666 1387 708 sese
1416 651 1659 706 miserat.
1704 648 1816 703 Nec
1845 645 1999 702 illum

414 746 583 803 fuisse
631 753 953 817 cognorunt,
978 744 1070 814 qui
1102 759 1163 799 se
1191 744 1259 798 ab
1287 740 1524 812 Egypto
1555 740 1841 795 liberarat.
1889 737 2000 793 Nec

414 841 693 911 prophetae
724 853 912 893 vocem
949 837 1097 892 illam
1160 834 1584 888 intellexerunt:
1623 832 1688 887 Et
1726 840 1782 885 tu
1835 828 1999 884 Betho

415 933 581 987 {ehem
633 947 963 1002 nequaquam
1012 928 1232 981 minima
1277 942 1332 979 es
1357 925 1396 979 ⁹.
1423 923 1557 978 Nam
1607 924 1698 994 qui
1760 922 1982 978 tandem

412 1026 636 1079 minima
671 1026 760 1079 illa
790 1023 894 1077 dici
920 1027 1119 1092 potest,
1150 1035 1271 1089 quae
1292 1019 1443 1072 illum
1464 1018 1691 1088 ceperit,
1724 1017 1819 1087 qui
1850 1015 1993 1070 caelo

412 1120 667 1188 terraque
695 1112 1081 1185 comprehendi
1112 1127 1219 1166 non
1249 1110 1462 1182 potest?
1488 1109 1617 1165 Item
1643 1128 1653 1162 :
1676 1107 1761 1162 Ea:
1794 1117 1842 1163 te
1863 1110 2000 1163 exiet

412 1210 543 1263 dum.
603 1209 737 1274 Quis
770 1213 854 1260 est
889 1213 1068 1259 autem
1108 1203 1198 1257 ille
1238 1201 1330 1273 qui
1374 1201 1727 1256 Bethlehemo
1759 1201 1976 1271 egredi-

412 1303 545 1357 tur?
573 1299 744 1354 llomo
775 1305 877 1352 est.
913 1295 1055 1351 Deus
1076 1310 1210 1350 vero
1243 1310 1340 1350 cur
1367 1292 1599 1348 dicitur?

481 1389 671 1444 CXVI.
712 1386 824 1442 lloc
867 1387 1011 1441 enim
1057 1385 1135 1439 illi
1183 1384 1592 1455 perturbantur,
1639 1381 1782 1452 quod
1831 1376 1986 1439 Deus

413 1481 556 1537 idem
595 1488 649 1536 et
692 1479 853 1533 homo
894 1477 986 1532 sit.
1021 1474 1155 1530 Nam
1203 1475 1257 1528 in
1302 1475 1524 1530 eodem:
1573 1473 1829 1545 Egressus
1878 1474 1993 1543 ejus

411 1580 536 1627 sunt
568 1588 601 1625 α
634 1570 963 1641 principio,a
990 1567 1348 1639 procreatione
1396 1565 1599 1631 mundi,
1646 1566 1804 1635 120
1844 1565 1993 1636 quod

411 1666 635 1739 quidem
666 1680 775 1719 non
805 1664 917 1734 jam
953 1660 1020 1716 ad
1053 1661 1352 1724 hominem,
1374 1658 1469 1714 sed
1503 1658 1569 1713 ad
1603 1657 1773 1713 Deum
1817 1658 1990 1713 refer—

2103 651 2192 704 τδν
2247 648 2342 702 ἀπ’
2380 645 2656 715 Αἰγύπτου
2705 643 3034 699 ἐκϐάλλοντα
3054 685 3067 709 ,
3127 642 3247 697 οὑδὲ
3302 642 3541 711 συνῆκαν
3590 641 3689 697 τοῦ

2102 739 2381 812 προφήτου
2422 736 2669 805 λέγοντος
2693 752 2707 767 ·
2743 733 2853 791 Καὶ
2889 734 2992 800 σὺ,
3021 731 3314 802 Βηθλεὲμ,
3355 731 3493 802 οὐχὶ
3545 733 3690 788 ἐλα-

2102 834 2304 904 κίστη.
2338 829 2463 897 Πῷς
2495 828 2605 901 γὰρ
2625 824 2735 881 οἷόν
2764 844 2823 881 τε
2837 825 3363 900 ἐλαχίστηνκαλεῖν
3392 827 3544 880 πόλιν
3574 846 3687 899 χω-

2103 927 2348 997 ρήσασαν
2367 922 2425 975 ὃν
2455 920 2684 995 οὐρανὸς
2708 918 2803 973 καὶ
2825 921 3003 972 πάντα
3028 919 3224 990 χωρεῖν
3252 917 3314 971 οὐ
3335 917 3646 988 δεδύνηνται
3669 938 3684 980 ;

2100 1017 2235 1083 Καὶ,
2270 1017 2347 1069 ὅτι
2394 1014 2489 1067 Ἐκ
2521 1011 2638 1067 σοῦ
2691 1028 2793 1082 μοι
2823 1010 3205 1076 ἐξελεύσεται
3232 1011 3581 1081 ἡγούμενος.
3617 1011 3688 1065 Τί

2097 1108 2156 1162 δὲ
2206 1107 2314 1161 ἀπὸ
2341 1103 2590 1176 Βηθλεὲμ
2630 1101 3029 1177 ἑκπορεύεταις
3063 1100 3176 1156 Καὶ
3222 1101 3507 1174 ἄνθρωπός
3543 1104 3682 1168 ἐστι,

2098 1199 2194 1253 καὶ
2218 1197 2336 1261 πῶς
2361 1196 2730 1264 θεολογεῖταις

2167 1374 2331 1441 qu'.
2364 1370 2641 1443 Ταράσσει
2680 1369 2882 1434 αὐτοὺς
2921 1370 2984 1423 τὸ
3010 1365 3151 1423 εἶναι
3188 1370 3320 1423 Θεὸν
3348 1369 3441 1424 καὶ
3472 1368 3684 1441 ἀνθρω-

2097 1476 2217 1516 πον.
2260 1458 2349 1513 Ἐν
2371 1456 2554 1529 ταυτῷ
2584 1456 2692 1529 γάρ
2718 1496 2734 1523 ,
2774 1460 2843 1512 Αἱ
2868 1456 3128 1523 διέξοδοι
3157 1458 3344 1513 αὑτοῦ
3375 1458 3677 1530 άπαρχῆς.

2095 1548 2216 1607 ἀπὸ
2254 1551 2504 1615 κτίσεως
2544 1548 2811 1617 κόσμου·
2852 1547 3011 1601 τοῦτο
3057 1547 3113 1600 δὲ
3162 1548 3262 1601 οὐκ
3304 1548 3450 1602 ἔστιν
3494 1549 3682 1603 οὐκέτι

2096 1646 2384 1720 ἀνθρώπου
2407 1685 2421 1711 ,
2472 1644 2606 1699 ἀλλά
2632 1641 2789 1698 Θεοῦ.
2822 1643 2897 1696 Οὐ
2930 1642 3226 1715 μέμνηνται
3273 1641 3363 1707 δὲ,
3405 1642 3487 1694 ὅτι
3530 1640 3679 1695 Ἰδοὺ

412 1721 524 1811 ιύι.
573 1754 758 1825 Neque
791 1767 923 1808 vero
966 1751 1126 1807 istius
1165 1749 1376 1804 oraculi
1424 1747 1824 1803 recordamur:
1858 1746 1990 1802 Ecce

2096 1737 2390 1809 παρθένος
2425 1737 2495 1791 ἐν
2526 1736 2736 1807 γαστρὶ
2768 1734 2928 1800 ἕξει,
2962 1733 3062 1787 καὶ
3100 1733 3332 1798 τέξεται
3376 1733 3545 1823 υἱόν)
3578 1733 3681 1786 καὶ

411 1847 555 1917 virgo
588 1844 864 1913 concipiet,
906 1851 955 1896 et
992 1842 1161 1910 pariet
1192 1839 1387 1910 ﬁlium,
1428 1848 1477 1893 et
1507 1837 1763 1892 uocabunt
1806 1854 1992 1895 nomen

409 1940 526 2009 ejus
560 1936 874 1991 Emmanuel
896 1934 937 1990 ⁸.
969 1934 1125 2002 Quod
1154 1933 1403 1998 verbum,
1450 1931 1729 1996 vocabunt,
1775 1934 1989 2003 piorum

411 2045 477 2085 ac
528 2029 767 2085 ﬁdelium
828 2026 1086 2082 Ecclesiae
1148 2025 1382 2079 ﬁliorum
1433 2039 1640 2079 morem
1693 2025 1988 2095 signiﬁcat.

411 2121 546 2175 Nam
575 2121 652 2187 hi,
692 2119 895 2175 Iudaeis
934 2116 1141 2172 Christi
1182 2115 1397 2169 Domini
1438 2113 1881 2171 interfectoribus
1924 2116 1992 2171 de

413 2213 697 2268 Salvntorc
734 2209 1171 2274 sciscitantibus,
1202 2223 1302 2263 cur
1330 2208 1384 2262 in
1413 2222 1535 2262 eum
1563 2208 1657 2279 qui
1684 2209 1838 2263 cruci
1874 2207 1992 2263 suf-

413 2299 554 2355 ﬁxus
582 2307 668 2355 est
696 2299 921 2355 credere
962 2312 1084 2353 sese
1140 2296 1541 2367 proﬁteantur,
1576 2296 1650 2350 ita
1684 2296 1872 2355 ﬁdeles
1901 2314 1992 2354 re-

2094 1831 2429 1887 καλέσουσι
2474 1831 2543 1884 τὸ
2584 1830 2773 1900 ὄνομα
2816 1828 3004 1883 αὐτοῦ
3056 1827 3452 1897 Ἐμμανουήλ.
3494 1812 3568 1882 Τὸ
3592 1827 3677 1891 δὲ.

2093 1924 2451 1989 καλέσουσι,
2489 1922 2744 1994 σημαίνει
2772 1920 2862 1975 τὸν
2890 1920 3091 1994 τρόπον
3121 1920 3229 1973 τῶν
3255 1921 3426 1989 ἁγίων
3453 1919 3544 1973 καὶ
3581 1938 3678 1975 πι-

2093 2015 2235 2069 στῶν
2274 2013 2384 2068 τῶν
2423 2012 2556 2068 υἱῶν
2580 2013 2683 2084 τῆς
2725 2011 3071 2083 Ἐκκλησίας.
3122 2010 3534 2082 Ἐξεταζόμενοι
3564 2010 3677 2082 γάρ

2094 2108 2199 2161 ὑπὸ
2223 2107 2328 2161 τῶν
2359 2106 2740 2179 Κυριοκτόνων
2784 2105 3055 2160 Ἰουδαίων
3088 2105 3217 2177 περὶ
3264 2104 3357 2158 τοῦ
3388 2105 3539 2175 Σωτῆ
3550 2121 3666 2175 ρος,

2092 2199 2174 2253 ὅτι
2225 2199 2350 2263 Πῶς
2370 2200 2447 2264 είς
2474 2199 2567 2253 τὸν
2599 2197 2985 2270 σταυρωθέντα
3007 2196 3388 2268 ὁμολογοῦσινς
3415 2197 3672 2251 ἀκούουσι

2093 2290 2243 2362 παρά
2262 2289 2372 2344 τῶν
2399 2288 2579 2344 αὐτῶν
2605 2288 2836 2353 πιστῶν,
2870 2289 2951 2341 ὅτι
2976 2287 3114 2359 Παρ’
3148 2289 3275 2358 ὑμῖν
3308 2287 3671 2359 ἐσταύρωται,

411 2390 722 2461 spondent:
752 2389 844 2469 Ille
877 2390 995 2459 ipse
1025 2389 1120 2460 qui
1164 2387 1307 2459 apud
1347 2402 1445 2443 vos
1473 2388 1527 2443 in
1567 2403 1787 2444 erucem
1832 2397 1989 2447 actus

2096 2382 2217 2450 μεθ’
2237 2381 2407 2450 ἡμῶν
2423 2378 2480 2433 δὲ
2506 2381 2658 2446 θεός
2677 2381 2828 2434 ἐστι.
2861 2378 2968 2433 Τοῦ
2996 2379 3051 2432 δὲ
3088 2379 3252 2432 Δαὸἳδ
3274 2380 3374 2433 οὐκ
3411 2380 3669 2451 ἥκουσαν,

410 2491 527 2550 est,
566 2482 838 2536 nobiscum
880 2480 1021 2535 Deus
1062 2488 1161 2535 est.
1201 2479 1470 2535 Praeterea
1512 2495 1691 2551 neque
1730 2480 1985 2538 Davidem

413 2573 662 2635 audiunt,
692 2586 795 2626 nec
838 2572 1089 2627 timorem
1138 2571 1286 2626 illius
1332 2571 1667 2642 intelligunt,
1700 2588 1861 2643 quem
1912 2575 1990 2629 vi-

411 2662 547 2717 dens
573 2676 671 2732 per
696 2660 959 2731 Spiritum
991 2668 1242 2716 sanctum
1275 2658 1514 2723 dicebat,
1549 2660 1988 2717 contremiscens

411 2752 655 2823 ejusdem
692 2749 906 2807 Domini
951 2751 1190 2805 futuram
1238 2751 1701 2817 incarnationem,
1750 2752 1983 2808 dicens:

410 2845 563 2899 Dixit
593 2843 849 2898 Dominus
884 2841 1109 2898 Domino
1144 2859 1277 2908 meo,
1317 2842 1448 2899 Sede
1480 2861 1510 2897 a
1538 2845 1738 2899 dextris
1772 2846 1901 2899 meis
1925 2845 1948 2876 ⁸
1968 2883 1985 2910 ,

2093 2472 2188 2526 καὶ
2217 2472 2318 2525 οὐκ
2352 2470 2595 2540 ἔγνωσαν
2641 2470 2806 2525 αὐτοῦ
2832 2471 2923 2525 τὸν
2949 2470 3112 2541 φόϐον
3133 2514 3147 2537 ,
3171 2470 3232 2524 ὃν
3275 2469 3417 2540 ὀρῶν
3443 2473 3502 2524 ὲν
3532 2471 3679 2538 ἁγίῳ

2091 2562 2365 2634 Πνεῦματι
2395 2603 2410 2627 ,
2465 2563 2653 2631 ἔλεγε,
2690 2563 2929 2634 φρίττων
2974 2563 3076 2635 τὴν
3125 2561 3290 2616 αὑτοῦ
3336 2562 3432 2615 τοῦ
3465 2562 3673 2630 Κυρίου

2092 2656 2390 2727 μέλλουσαν
2418 2654 2636 2709 ἔσεσθαι
2669 2655 2979 2727 οἰκονομίαν
2998 2695 3014 2721 ,
3042 2655 3216 2724 λέγων
3234 2670 3254 2689 ο
3285 2650 3474 2710 Εἶπεν
3497 2658 3530 2709 ό
3558 2656 3671 2710 Κύο

2080 2764 2215 2815 ριος
2245 2745 2329 2812 τῷ
2355 2746 2551 2816 Κυρίῳ
2575 2763 2716 2816 μου,
2744 2745 2943 2802 Κάθου
2974 2744 3043 2799 ἐκ
3072 2745 3288 2810 δεξιῶν
3307 2764 3446 2816 μου,
3481 2747 3575 2801 καὶ
3599 2746 3671 2800 τά

2089 2837 2238 2909 ἑξῆς.
2258 2837 2511 2892 Σάϐϐατα
2536 2839 2717 2892 τοίνυν
2740 2838 2809 2892 τὰ
2837 2839 3037 2908 ἀρχαῖα
3067 2836 3429 2909 παρελήλυθε,
3453 2838 3672 2891 Σάϐϐα-

409 2945 521 2994 etc.
565 2935 704 3007 Ergo
746 2945 931 2991 vetera
976 2934 1066 2989 illa
1114 2934 1353 2990 Sabbata
1398 2938 1783 3007 praeterierunt
1828 2953 1843 2990 :
1888 2951 1988 3007 pro

2096 2947 2180 2985 τον
2205 2929 2264 2984 δὲ
2303 2930 2552 3003 ἀληθινὸν
2584 2933 2716 3004 παρ’
2755 2932 2888 3002 ἡμῖν
2939 2930 3291 3002 κηρύττεται.
3334 2931 3585 3003 Ἥργησε
3610 2930 3671 2985 δὴ

410 3028 610 3100 quibus
635 3042 824 3083 verum
866 3041 895 3081 a
931 3025 1091 3082 nobis
1125 3028 1459 3098 praedicatur
1492 3026 1815 3085 Sabbatum.
1851 3026 1984 3082 ltem

2096 3027 2125 3099 ἡ
2178 3024 2371 3097 πρώτη
2432 3022 2700 3096 περιτομὴ
2763 3022 2823 3076 ἓν
2899 3022 3059 3093 μέλος
3111 3025 3469 3095 σμικρότατον
3518 3041 3671 3096 περιρ

408 3120 560 3190 prior
587 3118 682 3174 illa
716 3118 928 3174 sublata
958 3126 1012 3174 et
1042 3120 1326 3189 antiquata
1356 3119 1707 3176 circumcisio
1736 3129 1840 3184 est,
1865 3133 1988 3189 quae

2096 3119 2383 3191 τέμνουσα,
2406 3117 2620 3188 ἐνεργεῖ
2642 3116 2699 3169 δὲ
2724 3110 2782 3170 εὖ
2811 3115 2954 3187 μάλα
2982 3117 3015 3187 ἡ
3042 3117 3357 3187 ἐπουράνιος
3377 3118 3667 3188 περιτομὴ.

410 3226 574 3266 unam
614 3226 678 3265 ac
720 3209 1070 3281 perexiguam
1103 3218 1314 3280 partem
1351 3211 1599 3280 corporis
1648 3209 1987 3281 amputabat.

408 3299 566 3355 Nunc
596 3315 725 3356 vero
763 3300 1005 3355 cmlcstis
1036 3299 1130 3353 illa
1160 3298 1513 3354 circumcisio
1545 3313 1667 3370 quae
1701 3299 1768 3354 ad
1816 3308 1989 3355 totum

408 3408 613 3463 corpus
650 3394 907 3464 pertinet,
942 3392 1101 3463 longe
1140 3397 1224 3446 est
1267 3389 1665 3447 eﬁicacissima.
1703 3391 1993 3462 Siquidem

409 3501 566 3556 aquae
587 3494 641 3541 et
674 3485 946 3540 invocatio
968 3489 1158 3539 sancta
1181 3498 1292 3537 non
1325 3498 1493 3537 unum
1524 3482 1791 3538 duntaxat
1814 3499 1989 3540 mem-

408 3577 568 3632 brum
603 3576 843 3631 hominis
881 3580 1177 3645 occupant,
1222 3574 1315 3630 sed
1364 3575 1633 3645 integrum
1678 3590 1879 3646 corpus
1909 3590 1993 3630 rc-

407 3674 665 3739 purgant,
705 3665 1143 3730 circumcidunt,
1203 3680 1266 3720 ac
1306 3665 1466 3722 malis
1511 3668 1767 3723 omnibus
1805 3669 1990 3725 exsol-

408 3766 567 3813 vunt.
599 3757 880 3827 Ejusmodi
912 3757 1173 3828 mysteria
1201 3768 1568 3814 sacrosanctae
1596 3758 1692 3815 Dei
1727 3758 1989 3816 Ecclesia:

410 3844 612 3898 tradita
644 3852 790 3898 sunt.
818 3841 1022 3911 Verum
1049 3843 1315 3901 adversus
1340 3846 1485 3901 illam
1516 3849 1848 3904 atrocissimi
1877 3851 1992 3922 qui-

410 3936 533 3989 dam
569 3935 754 3990 hostes
791 3935 1014 3990 excitati
1050 3944 1198 4001 sunt,
1230 3938 1324 4007 qui
1365 3938 1651 3994 domestici
1693 3940 1990 3996 nominan-

410 4034 521 4088 tur,
551 4037 676 4077 cnm
712 4023 779 4078 ad
812 4024 1185 4095 apostolorum
1219 4023 1435 4081 Domini
1464 4041 1652 4082 veram
1684 4028 1992 4084 sinceram-

408 4130 516 4186 que
555 4115 714 4172 ﬁdem
759 4117 911 4172 nullo
952 4117 1113 4173 modo
1144 4118 1489 4189 pertineant;
1517 4119 1566 4174 si
1595 4121 1740 4175 enim
1772 4136 1839 4177 ex
1882 4121 1991 4178 illis

408 4220 619 4276 essent,
654 4226 779 4266 cum
822 4212 931 4267 illis
983 4213 1173 4284 utique
1209 4212 1648 4284 permansissent
1680 4212 1724 4268 ⁵.
1762 4211 1867 4269 Sed
1903 4213 1992 4268 ni-

407 4301 610 4353 mirum
656 4301 832 4370 spurii
872 4301 1096 4371 quidam
1129 4316 1196 4356 ac
1234 4302 1536 4372 promiscui
1568 4302 1785 4373 generis
1815 4301 1991 4374 Egy-

2092 3211 2211 3266 ὅλον
2255 3212 2317 3265 τὸ
2364 3210 2523 3276 σῶμα
2574 3210 2998 3282 περιτέμνουσα.
3038 3210 3120 3264 Τὰ
3155 3212 3262 3282 γὰρ
3295 3210 3460 3263 ὕδατα
3495 3211 3590 3263 καὶ
3631 3209 3668 3280 ἡ

2093 3305 2223 3374 ἀγία
2249 3304 2534 3375 ἐπίκλησις
2573 3303 2676 3357 οὐκ
2724 3303 2783 3356 ὲν
2834 3302 2911 3358 ἑνὶ
2958 3302 3105 3374 μέλει
3129 3302 3224 3355 τοῦ
3263 3301 3553 3374 ἀνθρώπου
3581 3302 3672 3372 γί-

2091 3413 2241 3450 νεται
2269 3435 2285 3461 ,
2342 3393 2457 3448 ἀλλ’
2489 3393 2611 3448 ὅλον
2652 3392 2715 3446 τὸ
2756 3393 2914 3465 σῶμα
2962 3392 3244 3465 ἀνθρώπου
3295 3393 3668 3459 καθαροποιετ,

2093 3485 2431 3557 περιτέμνει,
2464 3484 2685 3538 πάντων
2704 3484 2815 3537 τῶν
2837 3483 3023 3538 κακῶν
3049 3484 3401 3538 ἀπαλλάττει.
3442 3486 3507 3539 ’Π
3537 3485 3671 3553 γοῦν

2090 3578 2223 3645 ἁγία
2294 3575 2590 3647 Ἐκκλησία
2640 3577 2916 3648 παρέλαϐε
2992 3576 3164 3631 ταῦτα
3226 3577 3294 3630 τὰ
3352 3579 3623 3648 μυστήρια
3647 3587 3668 3608 ⁹

2092 3665 2472 3738 ἐπανέστησαν
2504 3665 2561 3719 δὲ
2592 3666 2731 3737 αὐτῇ
2755 3666 2850 3719 καὶ
2884 3666 3047 3720 δεινοὶ
3070 3667 3253 3737 ἐχθροὶ
3283 3666 3543 3720 οἰκειακοὶ
3582 3665 3671 3719 λεο

2091 3757 2311 3828 γόμενοι
2332 3796 2347 3821 ,
2376 3756 2451 3829 μὴ
2477 3756 2629 3820 ὄντες
2648 3756 2707 3810 δὲ
2737 3758 2801 3811 ὲκ
2833 3758 2931 3827 τῆς
2954 3756 3061 3811 τῶν
3086 3757 3398 3811 ἀποστόλων
3432 3756 3525 3810 τοῦ
3553 3757 3669 3810 Κυ-

2095 3850 2213 3921 ρίου
2260 3847 2494 3920 ἀληθοῦς
2522 3847 2759 3913 πίστεως
2780 3865 2796 3881 ο
2828 3849 2877 3901 εί
2920 3848 3030 3918 γὰρ
3053 3843 3193 3920 ἦσαν
3235 3847 3296 3913 ἐξ
3322 3847 3500 3901 αὐτῶν
3521 3887 3536 3913 ,
3571 3862 3671 3919 με-

2094 3941 2400 4013 μενήκεσαν
2447 3940 2513 3995 ἂν
2570 3943 2688 4012 μετ’
2719 3940 2917 3995 αὐτῶν.
2963 3940 3127 3994 ’Δλλά
3175 3941 3320 3994 νόθοι
3371 3938 3525 4002 ὄντες
3573 3939 3670 3992 καὶ

2094 4033 2392 4105 σύμμικτοι
2417 4072 2433 4098 ,
2488 4033 2784 4105 ἐπιθυμίαν
2834 4033 3011 4105 κακὴν
3065 4032 3167 4104 τῆς
3222 4031 3290 4086 δι’
3326 4031 3523 4103 ἰχθύων
3576 4032 3672 4086 καὶ

2094 4125 2297 4179 ωκιῶν
2319 4125 2631 4194 Αἰγυπτίων
2654 4126 2853 4197 ὀδωδῆς
2877 4125 3041 4179 πάλιν
3061 4123 3409 4195 ἐπιθυμοῦσι,
3436 4123 3672 4193 βλασφη-

2097 4217 2324 4288 μοῦντες
2367 4217 2480 4272 ἀνω
2507 4218 2602 4272 καὶ
2647 4218 2799 4272 κάτω
2827 4218 2919 4271 τὸν
2958 4218 3087 4272 Υίὸν
3120 4216 3215 4270 τοῦ
3246 4215 3382 4269 Θεοῦ
3408 4233 3421 4247 ·
3468 4216 3673 4284 Ἀρειο-

2098 4309 2355 4378 μανῖται,
2412 4305 2506 4371 οὓς
2556 4307 2656 4378 ἤδη
2702 4308 2760 4360 ἐν
2811 4310 2924 4371 τοῖς
2977 4307 3085 4379 πρὸ
3134 4304 3324 4359 τούτου
3352 4306 3533 4374 λόγοις
3559 4304 3669 4375 (24)

412 4391 651 4459 ptiorum
680 4392 877 4445 iterum
925 4392 1158 4459 piscium
1190 4406 1256 4447 ac
1295 4406 1649 4448 eucumerum
1684 4392 1990 4448 odorando-

2096 4397 2554 4469 ὲστηλιτεύσαμεν
2581 4414 2595 4428 ·
2660 4398 2810 4451 ἄλλοι
2859 4397 2916 4451 δὲ
2961 4397 3259 4451 Σαϐέλλιοι.
3311 4396 3423 4452 Καὶ
3473 4398 3521 4450 οι
3572 4397 3670 4466 μὲν

411 4495 532 4534 rum
573 4488 903 4551 praepostera
932 4480 1230 4551 cupiditate
1270 4488 1547 4545 tenentur,
1580 4494 1645 4537 ac
1672 4481 1764 4537 Dei
1788 4482 1988 4537 Filium

410 4572 639 4627 inﬁnitis
683 4571 889 4641 passim
938 4572 1291 4629 contumeliis
1341 4579 1593 4627 onerant.
1647 4572 1807 4630 Tales
1858 4583 1990 4631 sunt

408 4661 802 4726 Ariomanitae,
841 4677 982 4733 quos
1015 4663 1071 4718 in
1117 4663 1493 4734 superioribus
1540 4663 1699 4720 libris
1744 4666 1989 4735 proscri-

411 4756 642 4826 psimus.
674 4753 837 4811 Tales
869 4764 1072 4812 suntet
1097 4754 1341 4813 Sabellii.
1372 4756 1476 4823 Qui
1506 4756 1724 4827 quidem
1758 4755 1986 4814 Sabellii

412 4846 608 4902 Filium
642 4863 708 4903 ac
744 4847 1008 4919 Spiritum
1049 4858 1298 4906 sanctum
1333 4866 1561 4920 prorsus
1589 4867 1620 4907 e
1654 4852 1831 4908 medio
1881 4852 1988 4906 tol-

410 4939 565 4995 lunt:
591 4951 844 4997 asserunt
877 4943 1024 4998 enim
1055 4941 1274 5011 Filium,
1303 4945 1478 5014 ipsum
1510 4960 1632 5000 esse
1658 4944 1904 5012 Patrem,
1935 4952 1990 4999 et

410 5032 651 5097 Patrem,
695 5035 872 5104 ipsum
898 5050 1022 5093 esse
1056 5034 1282 5103 Filium,
1314 5050 1369 5093 et
1397 5037 1663 5109 Spiritum
1696 5046 1949 5093 sanctum
1972 5077 1990 5103 ,

410 5125 588 5194 ipsum
627 5140 752 5181 esse
790 5124 1008 5182 Patrem
1034 5145 1048 5183 :
1080 5144 1351 5201 nusquam
1378 5140 1440 5186 ut
1468 5132 1541 5188 sit
1567 5128 1739 5184 Filius
1769 5144 1834 5185 ac
1865 5130 1993 5199 Spi-

482 5302 674 5362 ‘Psal.
702 5322 874 5373 um,
904 5308 959 5363 6.
1035 5311 1056 5340 ³
1095 5307 1233 5365 Gen.
1264 5324 1379 5374 xu,
1414 5308 1507 5361 24.
1583 5307 1606 5338 ³
1632 5304 1795 5362 Mich.
1833 5323 1888 5372 ν,
1925 5305 1990 5359 2:

2097 5341 2114 5359 .
2187 5304 2209 5337 δ
2239 5302 2343 5360 lsa.
2372 5317 2471 5371 vn,
2498 5303 2585 5360 Η.
2661 5305 2683 5337 ⁸
2714 5303 2861 5361 Psal.
2894 5319 3008 5371 cu,
3041 5303 3094 5359 i.

478 5486 589 5559 (24)
628 5487 733 5559 Ἐν
772 5487 897 5559 rei}:
950 5486 1063 5557 πρὸ
1113 5488 1328 5559 τούτου
1372 5487 1601 5559 ,ἳᾷγοιςἶ
1645 5486 1981 5559 Crediderim

405 5555 530 5614 esse
554 5555 887 5613 reddendum
913 5555 1020 5613 non
1053 5559 1108 5610 in
1149 5555 1511 5627 superiOribus
1540 5557 1727 5627 libris,
1762 5558 1857 5612 sed
1884 5573 1980 5627 p0-

408 5629 518 5682 tius
547 5630 599 5681 in
628 5628 985 5697 superioribus
1016 5626 1175 5694 hujus
1208 5626 1335 5697 libri
1370 5627 1633 5693 partibus.
1676 5626 1790 5683 Non
1837 5626 1983 5683 enim

406 5707 624 5754 constat
649 5698 1009 5771 Epiphanium
1041 5705 1168 5752 ante
1208 5696 1533 5752 Ancoratum
1578 5700 1717 5755 alios
1744 5698 1987 5755 edidisse

2093 4487 2373 4542 Σαϐέλλιοι
2405 4488 2588 4543 τέλεον
2632 4486 2921 4559 ἀρνοῦνται
2968 4486 3063 4540 τοῦ
3105 4482 3245 4539 εἶναι
3275 4485 3368 4540 τὸν
3398 4484 3528 4539 Υἱὸν
3577 4484 3673 4539 καὶ

2093 4578 2250 4647 ἅγιον
2299 4576 2526 4649 Πνεῦμα
2554 4617 2569 4643 ,
2625 4575 2874 4644 λέγοντες
2904 4576 2986 4629 ὅτι
3032 4577 3063 4629 ό
3096 4575 3226 4639 Υἱὸς
3270 4575 3436 4639 αὐτός
3466 4577 3613 4628 ἐστιν
3643 4574 3673 4626 ὀ

2094 4669 2319 4742 Πατὴρ,
2373 4669 2469 4722 καὶ
2525 4670 2555 4722 ό
2598 4667 2790 4740 Πατὴρ
2831 4668 2992 4732 αὑτός
3047 4669 3194 4733 ἐστιν
3243 4669 3274 4720 ὁ
3301 4667 3467 4735 Υἱὸς,
3495 4665 3675 4721 καὶτὸ

2095 4761 2248 4830 ἆγιον
2295 4758 2520 4831 Πνεῦμα
2549 4760 2712 4823 αὐτός
2760 4762 2908 4814 ἐστιν
2960 4762 2986 4814 ὀ
3026 4762 3249 4832 Πατὴρ’
3299 4761 3375 4825 ὡς
3426 4760 3499 4832 μὴ
3536 4755 3673 4812 εἶναι

2097 4855 2228 4908 Υἱὸν
2254 4855 2347 4908 καὶ
2387 4853 2542 4921 ἅγιον
2564 4851 2809 4923 Πνεῦμα.
2844 4851 3098 4922 Δεύτεροι
3138 4851 3407 4915 Ἰουδαῖοι,
3438 4850 3531 4904 καὶ
3561 4850 3675 4902 Κυ-

2100 4945 2366 5017 ριοκτόνοι
2391 4944 2843 5015 ἀπελεγχόμενοι.
2892 4945 3296 5015 ’Λρειομανῖται
3346 4942 3403 4995 δὲ
3440 4944 3489 4994 οί
3540 4941 3674 4994 πάν-

2098 5054 2207 5090 των
2240 5035 2632 5102 ἀσεϐέστατοι,
2662 5036 2714 5089 οἱ
2744 5035 2836 5090 τὸν
2868 5035 2996 5090 my
3018 5036 3130 5089 ἀπὸ
3154 5036 3253 5105 τῆς
3299 5032 3561 5105 πατρῴας
3584 5033 3674 5085 ob-

2102 5130 2225 5194 σίας
2278 5128 2506 5200 διαιρεῖν
2567 5129 2661 5185 καὶ
2716 5127 3114 5200 ἀπαλλοτριοῦν
3171 5124 3479 5197 τολμῶντες
3502 5163 3518 5191 ,
3577 5122 3676 5178 οὐκ

3193 5302 3214 5335 ⁸
3240 5301 3261 5357 1
3288 5299 3451 5357 Joan.
3492 5317 3554 5367 ιι,
3584 5301 3676 5356 29.
3710 5326 3716 5330 -

2091 5486 2264 5542 libros
2317 5486 2583 5543 adversus
2612 5487 2984 5543 Ariomanitas
3034 5485 3149 5542 sive
3187 5483 3443 5539 Arianos.
3505 5481 3675 5539 Pana-

2093 5559 2271 5622 rium,
2305 5557 2396 5612 ubi
2431 5557 2671 5614 baaretici
2706 5559 2782 5613 illi
2810 5557 3183 5621 confutantur,
3213 5553 3672 5626 quemadmodum

2094 5643 2204 5682 non
2241 5629 2408 5683 semel
2443 5630 2792 5691 monuimus,
2845 5628 3067 5685 biennio
3110 5624 3402 5698 postquam
3432 5624 3672 5681 Ancora-

2097 5708 2205 5752 tum
2237 5698 2517 5767 emiserat,
2547 5699 2809 5771 scripsit.
