4018 6210
316 222 424 320 τωο
1721 261 2162 318 ANCOBATUS.
3387 264 3389 268 '
3482 269 3591 328 εει)

320 380 536 448 ἀξιοῦσι
577 380 669 437 τὸν
720 382 847 438 Υίδν
882 384 1142 454 ὁμότιμον
1183 378 1322 437 εἶναι
1353 382 1431 454 τῷ
1459 382 1632 454 Πατρὶ¹
1651 422 1670 449 ,
1693 381 1814 435 οὐδὲ
1844 382 1910 434 ὲκ

2024 381 2156 435 ritus
2186 388 2448 448 sanctus;
2478 381 2652 437 Judaei
2691 382 2912 453 quidam
2943 384 3101 440 alteri
3125 400 3188 440 ac
3227 384 3438 440 Domini
3465 400 3591 456 par-

321 475 424 544 τῆς
478 475 668 538 οὐσίας
699 476 794 529 τοῦ
841 475 1054 546 Πατρὸς
1106 476 1269 530 αὐτὸν
1307 475 1687 546 γεγεννῆσθαι.
1725 475 1910 528 Ἀλλοι

2024 472 2215 526 τίοἰδοε.
2252 473 2358 527 Sed
2399 475 2752 529 Ariomanitae
2796 483 3026 532 caeteros
3079 491 3270 532 omnes
3313 477 3590 546 impietate

323 568 381 621 δὲ
430 567 634 622 τούτων
685 568 916 636 ἔκγονοι,
953 570 1004 621 οἱ
1044 569 1150 640 πρὸ
1191 569 1381 622 τούτου
1416 569 1554 638 μετά
1599 568 1706 621 τῶν
1735 567 1911 622 ἄλλων

2024 573 2298 634 superant,
2330 566 2422 635 qui
2454 565 2651 623 Filium
2679 583 2708 622 a
2733 568 2894 624 Patre
2923 570 3233 626 substantia
3267 571 3511 626 dividere
3535 578 3591 624 et

322 659 432 711 τῶν
489 659 902 731 προταχθέντων
933 699 948 723 ,
1003 659 1110 714 εἴθε
1164 661 1305 715 κατὰ
1370 661 1661 724 Ἰουδαίους
1714 661 1911 724 αὐτοὺς

2024 657 2328 711 abalienare
2362 658 2500 712 nihil
2535 660 2715 726 veriti,
2748 662 3012 732 aqualem
3051 662 3198 716 Patri
3235 661 3430 716 Filium
3463 677 3592 719 esse

323 751 696 822 ἀπηρίθμουν,
737 753 864 815 τοὺς
883 751 1339 823 βλασφημοῦντας
1368 752 1431 806 τὸ
1459 752 1612 821 ἆγιον
1644 751 1870 823 Πνεῦμα
1891 766 1906 780 ·

2024 746 2338 814 diﬁitcntur;
2371 762 2472 802 nec
2493 763 2618 803 eum
2645 758 2848 818 putant
2876 767 2907 806 e
2936 751 3115 807 Patris
3140 767 3262 807 esse
3284 752 3591 808 substantia

325 840 568 912 δεύτεροι
592 843 936 898 Σαδδουκαῖοι
988 845 1082 899 καὶ
1116 847 1482 916 Σαμαρεῖται,
1520 844 1614 898 καὶ
1641 843 1906 912 ἄγνωστοι

2024 841 2278 913 genitum.
2321 841 2426 894 Alii
2457 848 2588 896 sunt
2637 842 2855 896 illorum
2889 845 3036 899 velut
3081 845 3310 915 posteri.
3340 846 3437 915 qui
3465 854 3592 899 ante

326 934 512 1004 νεκροὶ
546 936 639 986 καὶ
672 935 912 992 ἄπιστοι.

2024 936 2123 990 hoc
2171 941 2386 1004 tempus
2433 933 2634 989 emersi
2704 950 2739 988 n
2785 942 3107 991 caaterorum
3161 953 3391 992 numero
3441 952 3592 992 com-

327 1028 582 1099 prehensi
619 1038 777 1083 sunt:
801 1046 938 1099 quos
978 1031 1186 1085 utinam
1215 1031 1355 1086 inter
1372 1029 1589 1086 Judaaos
1615 1031 1766 1100 121
1794 1030 1984 1085 saltem
2018 1044 2303 1085 recensere
2335 1028 2417 1084 fas
2450 1037 2630 1084 esset:
2657 1041 2785 1081 nam
2818 1027 3082 1096 Spiritum
3119 1042 3366 1084 sanctum
3393 1037 3593 1084 contu-

327 1120 505 1174 meliis
544 1130 858 1190 aspergunt,
891 1122 1045 1176 alteri
1081 1122 1303 1191 quidam
1345 1120 1626 1175 Sadducwi
1669 1129 1762 1174 aut
1803 1120 2110 1183 Samaritze,
2147 1127 2201 1174 et
2229 1118 2453 1176 obscuri
2491 1117 2691 1172 mortui
2716 1125 2770 1172 et
2801 1116 3067 1172 inﬁdeles.

398 1215 543 1268 PIZ'.
575 1213 693 1265 Ἵνα
721 1213 778 1266 δὲ
816 1213 890 1284 μὴ
915 1214 1002 1268 διὰ
1035 1215 1262 1286 μέλανος
1287 1216 1382 1268 καὶ
1413 1215 1615 1284 χάρτου
1644 1213 1742 1276 τὰς
1770 1213 1911 1268 κατὰ

326 1303 531 1356 τούτων
573 1304 878 1374 μαρτυρίας
917 1305 1007 1359 διὰ
1051 1305 1246 1360 πολλοῦ
1294 1305 1694 1377 ποιησώμεθα,
1735 1306 1816 1368 είς
1850 1304 1910 1358 τὸ

332 1394 408 1465 μὴ
460 1397 782 1464 περικακεῖν
826 1397 952 1459 τοὺς
1008 1395 1520 1464 ἀναγινώσκοντας,
1579 1395 1908 1466 ἀρκέσουσιν

327 1487 532 1548 αὐτοῖς,
567 1486 940 1550 Σαϐελλιανοίς
966 1487 1065 1557 μὲν
1090 1487 1227 1559 μετά
1255 1487 1362 1542 τῶν
1386 1488 1559 1543 ἄλλων
1591 1488 1910 1560 μαρτυριῶν

328 1578 363 1646 ἡ
399 1575 672 1646 μαρτυρία
707 1575 802 1628 τοῦ
845 1575 1107 1648 Ἰορδάνου
1133 1616 1148 1640 ,
1191 1578 1267 1640 ὡς
1298 1577 1396 1648 ἤδη
1423 1572 1597 1630 εἷπον.
1635 1577 1762 1640 Υἱὸς
1802 1577 1910 1647 γὰρ

329 1669 390 1720 ὲν
448 1668 687 1740 Ἰορδάνῃ
745 1669 959 1739 ἀληθῶς
1000 1668 1390 1740 παραγίνεται,
1447 1668 1579 1733 Θεὸς
1627 1668 1912 1741 ἄνθρωπος

331 1757 608 1826 γεγονὼς,
649 1760 707 1814 οῦ
747 1759 955 1832 τροπὴν
990 1761 1263 1824 ὑποστὰς,
1299 1760 1434 1814 ἀλλά
1483 1761 1663 1832 σάρκα
1705 1759 1909 1826 λαϐὼν,

330 1850 392 1903 οὐ
424 1849 513 1902 διὰ
542 1849 855 1920 σπέρματος
902 1851 1094 1921 ἀνδρὸς
1113 1890 1128 1914 ,
1161 1851 1276 1906 ἀλλ’
1303 1851 1410 1904 ἀπὸ
1439 1851 1538 1922 τῆς
1568 1852 1728 1919 ἁγίας
1765 1853 1914 1923 Παρ-

332 1941 486 1996 θένου
517 1940 678 2012 σῶμα
702 1940 1010 2013 ἀνειληφὼς
1029 1983 1043 2007 ,
1087 1943 1152 1996 δι’
1181 1943 1337 2013 ἁγίου
1370 1943 1687 2014 Πνεῦματος
1719 1943 1915 2012 συλλη-

332 2033 463 2102 φθὲν
492 2033 651 2106 σῶμα
685 2035 920 2098 τέλειον,
961 2035 1237 2089 τουτέστιν
1266 2035 1550 2108 ἄνθρωπον
1579 2035 1786 2088 τέλειον
1813 2035 1916 2104 ψυ-

332 2129 399 2197 κῇ
431 2127 526 2180 καὶ
561 2126 794 2197 σώματι.
828 2127 1056 2196 Γέγονεν
1098 2123 1191 2181 οῦν
1224 2129 1252 2180 ὁ
1312 2127 1444 2190 Θεὸς
1489 2129 1586 2181 καὶ
1629 2127 1916 2198 ἄνθρωπος

333 2218 469 2288 πρὸς
535 2218 788 2288 Ἰωάννην
846 2219 905 2271 ὲν
975 2217 1055 2290 τῷ
1116 2219 1390 2292 Ἰορδάνῃ,
1439 2212 1520 2280 εἷς
1574 2216 1648 2271 ὢν
1685 2219 1712 2270 ὁ
1755 2217 1917 2279 αὐτὸς

332 2310 461 2373 Υἱὸς
511 2311 606 2365 καὶ
659 2311 894 2382 Χριστὸς
953 2311 1048 2365 καὶ
1099 2311 1326 2382 Κύριος.
1369 2311 1556 2381 Πατὴρ
1607 2311 1662 2363 δὲ
1710 2309 1957 2364 ἄνωθεν’

334 2402 433 2472 βοᾷ
452 2445 465 2467 ,
499 2401 792 2473 μαρτυρῶν
819 2402 894 2474 τῷ
922 2403 1032 2474 Υίῷ
1061 2402 1138 2473 τῷ
1167 2407 1223 2457 ἐν
1248 2402 1326 2474 τῷ
1372 2403 1609 2474 Ἰορδάνῃ
1642 2401 1914 2471 γεγονότι·

336 2491 524 2562 Οὗτός
556 2497 728 2549 ἐστιν
763 2500 796 2551 ό
834 2497 969 2564 Υἱός
992 2515 1111 2566 μου
1145 2501 1178 2552 ὀ
1205 2497 1525 2565 ἀγαπητός.
1570 2496 1642 2550 Τὸ
1671 2497 1727 2550 δὲ
1764 2497 1917 2565 ἅγιον

335 2584 561 2654 Πνεῦμα
595 2587 650 2639 ἐν
703 2588 831 2640 εῖδει
878 2590 1205 2660 περιστερᾶς
1264 2589 1583 2642 κατέϐαινεν
1634 2590 1720 2642 ἐπ’
1753 2589 1916 2642 αὑτὸν

335 2678 415 2738 εἰς
455 2677 524 2728 τὰ
551 2674 717 2730 ’ύδατα
744 2678 1146 2749 κατεληλυθότα
1179 2681 1218 2748 ¹,
1262 2680 1351 2734 ἵνα
1377 2681 1591 2752 καθαρὰ
1618 2680 1755 2735 αὐτὰ
1785 2683 1919 2734 ἀποο

334 2764 482 2838 δείξῃ
519 2767 632 2834 (95)
655 2807 670 2831 ,
703 2768 889 2822 ἕνεκεν
920 2769 1027 2822 τῶν
1057 2770 1358 2840 μελλόντων
1389 2773 1467 2835 είς
1508 2771 1676 2841 ὄνομα
1705 2772 1920 2842 Πατρὸς

337 2856 430 2908 καὶ
466 2855 593 2907 Υίοῦ
624 2856 718 2908 καὶ
748 2856 903 2924 ἁγίου
937 2857 1254 2928 Πνεύματος
1294 2857 1682 2928 βαπτίζεσθαι·
1712 2861 1825 2922 τοῖς
1863 2859 1920 2912 δὲ

351 2948 646 3018 ’Λρειανοίς
697 2948 833 3018 μετὰ
867 2949 972 3001 τῶν
1008 2949 1408 3021 προλεχθεισῶν
1435 2949 1548 3020 (9.6)
1591 2950 1814 3021 ἀρκέσει
1841 2949 1918 3023 τῷ

338 3041 513 3094 εἰπεῖν
551 3039 641 3092 τὸν
681 3041 807 3094 Υίόν
833 3059 847 3071 ·
894 3041 1035 3112 Ἐγὼ
1065 3043 1134 3096 ἐν
1174 3043 1254 3109 τῷ
1285 3043 1487 3112 Πατρὶ,
1514 3044 1611 3098 καὶ
1639 3047 1685 3097 ’ό
1717 3043 1920 3113 Πατὴρ

338 3136 408 3182 ἐν·
441 3129 608 3199 ἐμοί·
663 3130 882 3202 ἰσότητα
930 3132 1038 3203 γὰρ
1086 3131 1321 3185 ἐνταῦθα
1364 3132 1500 3204 πρὸς
1543 3133 1764 3205 Πατέρα
1815 3135 1922 3188 ἀπ·
1949 3117 1990 3173 c

339 3219 505 3285 ἔδειξε
550 3221 644 3276 καὶ
671 3220 1026 3292 γνησιότητα.
1058 3220 1182 3285 Τοῖς
1207 3222 1454 3291 ἐκγόνοις
1482 3222 1590 3275 τῶν
1628 3223 1921 3295 Ἀρειανῶν

337 3313 451 3375 τοῖς
497 3313 557 3366 τὸ
588 3315 742 3383 ἅγιον
772 3313 996 3385 Πνεῦμα
1040 3313 1458 3385 βλασφημοῦσι,
1507 3316 1800 3387 ἀρκέσουσι
1831 3316 1924 3370 δύο

343 3404 641 3476 μαρτυρίαι
691 3407 748 3459 αί
790 3407 888 3478 ἤδη
948 3408 1348 3478 προτεταμέναι
1417 3407 1558 3479 μετὰ
1607 3407 1705 3472 τὰς
1758 3408 1924 3473 ἄλλας

345 3497 679 3565 μαρτυρίας·
732 3498 831 3565 μία
860 3497 957 3567 μὲν
984 3497 1091 3551 ἀπὸ
1115 3497 1208 3550 τοῦ
1235 3498 1434 3570 Δανιὴλ
1464 3498 1638 3562 οὕτως
1683 3499 1880 3569 ἔχουσα
1906 3517 1921 3532 ·

353 3586 440 3638 Ἐν
470 3590 532 3657 τῇ
560 3588 774 3658 καμίνῳ
793 3589 886 3642 τοῦ
917 3588 1087 3661 πυρὸς
1112 3590 1348 3661 Σεδρὰχ,
1373 3592 1580 3655 Μισάκ,
1620 3590 1926 3661 ’Λϐδεναγὼ

342 3678 620 3744 αἰνοῦντες
648 3681 736 3734 τὸν
765 3682 920 3746 Θεὸν,
948 3683 1530 3756 συμπεριλαμϐάνουσι
1566 3685 1684 3756 μεθ’
1716 3686 1924 3740 ἑαυτῶν

341 3770 441 3840 τὴν
491 3773 667 3825 πᾶσαν
701 3772 796 3827 τοῦ
842 3773 976 3827 Θεοῦ
1032 3772 1246 3841 κτίσιν,
1298 3777 1391 3828 καὶ
1421 3767 1928 3844 λέγουσιν·Ἐύλο-

343 3862 530 3932 γεῖτε,
583 3864 778 3919 πάντα
823 3865 896 3920 τὰ
943 3865 1088 3936 ἔργα
1118 3869 1377 3936 Κυρίου,
1413 3867 1522 3922 τὸν
1552 3869 1798 3936 Κύριον·
1832 3869 1928 3923 καὶ

341 3953 655 4026 ἠρίθμησαν
683 3957 944 4027 οὐρανοὺς
980 3958 1072 4010 καὶ
1101 3958 1387 4028 ἀγγέλους,
1419 3960 1801 4031 καὶησελήνην,
1834 3962 1927 4014 καὶ

342 4045 513 4114 ἥλιον,
545 4048 640 4099 καὶ
668 4047 943 4118 δυνάμεις,
973 4048 1078 4118 γῆν
1110 4065 1166 4102 τε
1195 4051 1289 4102 καὶ
1305 4049 1599 4116 θάλασσαν,
1629 4051 1720 4105 καὶ
1749 4051 1929 4105 πάντα

343 4135 411 4189 τὰ
437 4138 494 4189 ὲν
524 4138 706 4202 αὐτοῖς
731 4179 745 4203 ,
782 4140 876 4192 καὶ
915 4139 1153 4210 οὐδαμοῦ
1181 4140 1309 4194 Υίὸν
1332 4182 1348 4209 ,
1383 4143 1478 4195 καὶ
1522 4143 1676 4210 διγιον
1702 4142 1930 4212 Πνεῦμα

344 4230 758 4301 συνηρίθμησαν
806 4235 928 4296 ταῖς
985 4234 1216 4289 κτίσεσι.
1271 4235 1354 4288 Τὰ
1409 4237 1652 4307 σεραφὶμ
1717 4236 1930 4306 ἁγιάζει

344 4321 549 4391 Τριὰδα
580 4323 709 4387 ἴσως
739 4324 837 4394 οὐχ
867 4325 1013 4392 ἅπαξ
1035 4367 1048 4391 ,
1097 4327 1159 4380 οὐ
1205 4327 1284 4391 δὶς
1309 4368 1325 4393 ,
1377 4329 1437 4381 οὐ
1466 4328 1724 4401 τέταρτον
1747 4371 1763 4396 ,
1793 4328 1932 4383 ἀλλά

342 4411 464 4480 τρὶς
493 4413 552 4464 τὸ
576 4413 769 4482 ’Ἄγιος
803 4415 1054 4483 λέγοντα.

2094 1210 2304 1268 CXVlI.
2349 1210 2546 1282 Verum
2581 1226 2650 1266 ne
2683 1208 2750 1264 ad
2793 1209 2918 1264 illos
2951 1208 3362 1266 convincendos
3401 1218 3595 1266 aucto-

2017 1306 2208 1362 ritates
2239 1321 2303 1360 ac
2333 1303 2645 1360 testimonia
2680 1303 2898 1373 longius
2925 1318 3085 1373 quam
3122 1318 3222 1372 par
3253 1311 3336 1357 est
3371 1306 3595 1376 scriptis

2016 1407 2180 1467 atque
2208 1403 2516 1450 atramento
2555 1409 2881 1464 prosequar,
2913 1410 2980 1449 ne
3011 1393 3066 1448 id
3109 1394 3409 1450 lectoribus
3447 1395 3597 1449 fasti-

2017 1489 2166 1544 dium
2210 1487 2445 1542 afferat:
2487 1485 2750 1542 adversus
2798 1485 3140 1541 Sabellianos
3185 1485 3404 1556 quidem
3455 1487 3597 1542 inter

2020 1581 2124 1634 alia
2153 1577 2467 1634 testimonia
2499 1579 2635 1634 satis
2674 1577 2779 1632 erit
2822 1576 2975 1641 illud,
3018 1575 3164 1646 quod
3204 1577 3272 1630 ad
3301 1575 3595 1632 Jordanem

2019 1678 2103 1725 est
2149 1669 2383 1734 editum,
2428 1676 2488 1721 ut
2523 1676 2685 1722 antea
2730 1667 2865 1721 dixi.
2916 1667 3128 1737 Quippe
3169 1664 3340 1722 Filius
3369 1683 3496 1724 vere
3527 1669 3596 1722 ad

2011 1754 2304 1812 Jordanem
2348 1755 2604 1819 accessit,
2656 1755 2798 1811 Deus
2849 1755 3012 1809 homo
3069 1755 3268 1821 factus,
3307 1757 3426 1812 sine
3480 1758 3596 1812 ulla

2013 1859 2191 1905 tamen
2221 1846 2525 1901 mutatione
2549 1846 2658 1912 sui,
2685 1846 2782 1902 sed
2809 1861 2975 1902 carne
2999 1846 3265 1901 duntaxat
3289 1857 3596 1919 assumpta,

2013 1956 2136 1998 cum
2169 1943 2318 1997 nullo
2342 1943 2502 2012 plane
2534 1942 2679 1996 virili
2703 1949 2822 1997 satu
2856 1943 3122 2011 genitum,
3152 1943 3246 1998 sed
3277 1953 3593 2014 susceptum

2013 2049 2043 2089 c
2073 2033 2241 2088 Maria
2275 2033 2499 2105 Virgine
2528 2035 2800 2106 integrum
2835 2049 3034 2104 corpus
3063 2035 3327 2102 induerit,
3363 2035 3466 2091 hoc
3487 2045 3594 2100 est,

2017 2125 2292 2179 hominem
2335 2141 2366 2179 e
2401 2140 2632 2194 corpore
2689 2126 2983 2194 auitnaque
3038 2124 3358 2193 perfectum.
3417 2125 3600 2191 Quare

2018 2216 2162 2272 Deus
2194 2215 2334 2271 idem
2373 2224 2428 2271 et
2459 2217 2644 2281 homo,
2678 2233 2841 2282 unus,
2881 2216 3126 2285 inquam,
3169 2223 3222 2269 ct
3254 2215 3392 2269 idem
3426 2214 3600 2269 Filius

2019 2323 2082 2362 ac
2123 2309 2378 2365 Christus
2417 2316 2471 2364 et
2509 2308 2771 2364 Dominus
2802 2307 2996 2364 Joanni
3040 2323 3158 2360 sese
3195 2307 3263 2360 ad
3303 2305 3599 2361 Jordanem

2019 2401 2234 2456 obtulit.
2289 2400 2451 2456 Pater
2476 2417 2609 2457 vero
2640 2402 2860 2457 coalitus
2889 2401 3205 2456 exclamans
3236 2399 3302 2453 de
3333 2397 3472 2452 Filio
3508 2399 3601 2468 qui

2020 2494 2086 2547 ad
2134 2492 2426 2548 Jordanem
2472 2502 2613 2558 erat,
2666 2494 2766 2547 hac
2802 2508 2935 2548 voce
2976 2493 3340 2548 testificatur:
3377 2489 3480 2548 llic
3524 2499 3601 2548 est

2020 2583 2197 2638 Filius
2229 2601 2372 2639 meus
2411 2584 2634 2639 dilectus
2662 2588 2701 2639 '.
2744 2583 2983 2654 Spiritus
3013 2585 3248 2656 denique
3289 2593 3514 2642 sanctus
3546 2586 3600 2641 in

2019 2676 2270 2732 eumdem
2303 2693 2426 2731 cum
2458 2677 2524 2731 ad
2551 2693 2722 2747 aquas
2754 2677 3148 2740 descendisset,
3183 2678 3451 2732 columbae
3477 2694 3602 2748 spc—

2021 2767 2105 2822 cie
2156 2767 2434 2837 delapsus,
2463 2778 2568 2833 cst,
2615 2768 2694 2822 uti
2750 2782 2917 2836 puras
2949 2767 3066 2822 illas
3109 2783 3280 2837 aquas
3320 2769 3373 2823 in
3410 2785 3600 2823 eorum

2020 2860 2252 2930 gratiam
2292 2860 2627 2923 ostenderet,
2661 2861 2753 2930 qui
2785 2861 2838 2914 in
2865 2858 3066 2924 Patris,
3099 2859 3220 2914 Filii
3253 2875 3316 2914 ac
3361 2860 3603 2931 Spiritus

2022 2953 2200 3009 sancti
2253 2954 2475 3008 nomine
2523 2953 2716 3009 iisdem
2757 2961 2944 3007 essent
2989 2953 3262 3007 initiandi.
3307 2951 3461 3018 Quod
3535 2955 3602 3008 ad

2021 3042 2259 3098 Arianos
2292 3050 2521 3112 spectat,
2552 3042 2656 3097 hoc
2683 3043 2948 3098 adversus
2970 3058 3065 3099 eos
3096 3044 3232 3098 satis
3253 3059 3376 3100 esse
3400 3055 3604 3116 potest,

2024 3134 2170 3204 quod
2205 3134 2436 3204 ipsemet
2470 3133 2642 3189 Filius
2670 3134 2808 3189 dixit
2837 3153 2850 3189 :
2895 3134 3008 3202 Ego
3033 3135 3089 3188 in
3125 3135 3303 3200 Patre,
3352 3145 3404 3189 et
3446 3136 3606 3190 Pater

2023 3226 2076 3279 in
2115 3243 2194 3280 me
2236 3236 2315 3281 est
2339 3226 2378 3281 ³.
2414 3226 2626 3293 Quibus
2654 3226 2834 3281 verbis
2870 3226 3136 3296 aequalem
3168 3241 3291 3281 esse
3329 3225 3475 3281 Patri
3518 3225 3607 3280 Fi-

2023 3319 2154 3374 lium
2178 3333 2241 3374 ac
2266 3319 2566 3390 legitimum
2596 3318 2959 3373 demonstrat.
2987 3316 3122 3371 Nam
3154 3317 3422 3374 adversus
3449 3319 3608 3372 Aria—

2024 3425 2220 3464 norum
2260 3417 2533 3480 posteros,
2569 3410 2663 3479 qui
2699 3409 2937 3478 Spiritus
2968 3409 3146 3464 sancti
3177 3409 3429 3479 dignitati
3465 3424 3605 3463 con-

2026 3503 2320 3558 tumeliose
2359 3501 2679 3568 detrahunt,
2725 3502 2836 3556 duo
2872 3503 2964 3556 illa
3008 3501 3324 3558 testimonia
3356 3502 3608 3558 sufﬁcere

2025 3604 2277 3666 possunt,
2329 3609 2451 3665 quae
2493 3602 2616 3664 post
2657 3595 2762 3648 alia
2794 3594 3154 3663 subiecimus.
3191 3594 3436 3661 Quorum
3473 3596 3609 3649 alte-

2027 3705 2146 3743 rum
2193 3704 2224 3744 e
2279 3687 2498 3742 Dauiele
2549 3685 2934 3756 depromptum
2982 3693 3069 3741 est
3119 3686 3435 3755 hujusmodi
3467 3705 3481 3740 :
3516 3684 3607 3739 Si-

2027 3779 2218 3842 drach,
2269 3778 2436 3832 Nisae
2496 3784 2548 3831 et
2576 3776 2872 3848 Abdenago
2919 3756 3089 3831 Deum
3135 3776 3188 3829 in
3220 3791 3488 3830 succensa
3518 3775 3610 3828 illa

2029 3872 2252 3926 fornace
2300 3867 2701 3930 collaudanles,
2759 3866 3013 3922 conditas
3063 3867 3132 3922 ab
3164 3883 3229 3921 eo
3276 3884 3368 3924 res
3415 3882 3610 3923 omnes

2029 3975 2214 4016 secum
2251 3957 2317 4011 ad
2355 3956 2762 4028 praedicandum
2803 3956 2888 4011 his
2919 3957 3103 4011 verbis
3137 3956 3411 4010 invitant:
3447 3957 3614 4012 Bene-

2028 4049 2208 4114 dicite,
2255 4049 2434 4102 omnia
2462 4060 2620 4113 opem
2646 4044 2886 4110 Domini,
2937 4045 3162 4098 Domino
3188 4045 3229 4100 ".
3266 4044 3404 4099 Tum
3440 4047 3613 4101 ccelos

2029 4149 2082 4196 et
2113 4140 2352 4208 angelos,
2377 4146 2431 4191 et
2452 4137 2658 4198 lunam,
2698 4142 2752 4190 et
2775 4136 2967 4198 solem,
2995 4143 3050 4190 et
3089 4135 3340 4200 virtutes,
3384 4145 3610 4200 terram,

2030 4247 2201 4296 mare,
2244 4246 2308 4284 ac
2349 4226 2612 4297 quidquid
2657 4240 2721 4280 ea
2761 4225 3078 4290 continent,
3122 4226 3442 4296 singillatim
3475 4241 3616 4280 enu-

2030 4334 2268 4389 merant;
2305 4320 2502 4375 Filium
2543 4335 2694 4385 vero,
2723 4333 2789 4373 ac
2820 4316 3084 4389 Spiritum
3121 4326 3373 4373 sanctum
3401 4333 3490 4372 rcs
3524 4317 3615 4370 in-

2030 4425 2115 4474 ter
2151 4425 2363 4471 creatas
2396 4413 2649 4483 nuspiam
2698 4410 2965 4468 referunt.
3013 4410 3287 4467 Praeterea
3333 4410 3611 4481 seraphim

345 4502 664 4558 Trinitatem
686 4508 966 4577 azqualiter
989 4508 1289 4576 celebrant,
1320 4526 1386 4567 ac
1411 4527 1519 4568 non
1541 4513 1709 4569 semel
1736 4529 1915 4584 neque

2024 4529 2038 4570 ι
2080 4525 2258 4581 neque
2313 4514 2544 4578 quater,
2596 4505 2694 4562 sed
2733 4513 2819 4561 ter
2868 4504 3114 4571 omnino,
3151 4503 3416 4573 Sanctus,
3479 4519 3612 4575 pro-

344 4597 600 4650 nuntiant
624 4598 668 4652 ⁵.

415 4687 566 4740 Pill'.
619 4687 921 4756 Ἐλεγξάτω
960 4690 1018 4744 δὲ
1070 4692 1230 4746 πάλιν
1258 4694 1482 4760 τούτους
1521 4698 1729 4770 Πέτρος
1755 4699 1923 4752 ἐπιτι-

2106 4688 2338 4747 CXV'lll.
2383 4683 2624 4741 Accedat
2653 4682 2720 4736 ad
2752 4681 2876 4734 illos
2913 4679 3234 4736 refutandos
3267 4680 3410 4737 Petri
3455 4683 3613 4739 insu-

348 4779 464 4849 μῶν
497 4783 610 4844 τοῖς
658 4783 784 4852 περὶ
831 4785 1097 4853 Ἀνανίαν,
1139 4788 1233 4840 καὶ
1281 4787 1454 4857 λέγων
1474 4805 1489 4819 ·
1547 4790 1930 4858 Ἐπειράσατε

343 4872 410 4926 τὸ
439 4873 609 4941 ἅγιον
639 4875 899 4944 Πνεῦμα.
939 4877 1045 4930 Καί
1077 4895 1242 4948 φησι·
1284 4881 1405 4934 Οὐκ
1444 4881 1792 4950 ἐψεύσασθε
1820 4883 1928 4935 ἁν-

346 4961 574 5030 Ορὼπῳ,
608 4965 768 5020 ἀλλὰ
798 4965 878 5031 τῷ
905 4966 1045 5033 Θεῷ.
1097 4971 1156 5022 '0
1187 4969 1246 5024 δὲ
1279 4971 1598 5036 Ἀπόστολος
1642 4968 1802 5037 οἶδεν,
1847 4973 1924 5037 ὡς

347 5055 441 5107 καὶ
474 5055 735 5121 πολλάκις
759 5056 1006 5130 εἴπομεν,
1037 5059 1099 5112 τὸ
1126 5060 1351 5132 Πνεῦμα
1383 5061 1457 5134 μὴ
1481 5063 1760 5136 ἀλλότριον
1783 5062 1922 5118 εἶναι

349 5147 438 5200 τοῦ
468 5147 625 5215 Θεοῦ,
656 5148 828 5218 λέγων
846 5167 860 5180 ·
903 5151 1152 5221 Ἐρευνᾷ
1177 5153 1276 5206 καὶ
1307 5153 1381 5208 τὰ
1402 5154 1566 5222 βάθη
1599 5155 1705 5209 τοῦ
1743 5154 1889 5209 Θεοῦ
1910 5169 1926 5185 ·

347 5239 408 5292 τὸ
434 5241 492 5296 δὲ
533 5241 608 5314 μὴ
632 5241 690 5296 ὃν
719 5244 784 5296 ἐκ
818 5243 918 5313 τῆς
947 5245 1134 5310 οὐσίας
1176 5246 1271 5300 τοῦ
1310 5246 1468 5313 Θεοῦ,
1520 5246 1779 5302 ἀδύνατόν
1812 5248 1929 5300 ἐστι

423 5376 438 5407 ⁸
481 5375 1080 5450 δεῖ-ἰμ-κατεληλυθός.
1153 5380 1173 5410 '
1205 5379 1394 5436 Matth.
1428 5395 1513 5450 Ill,
1545 5383 1633 5438 i7.
1711 5383 1730 5414 ³
1757 5380 1916 5439 Joan.

2024 5399 2072 5446 ν,
2107 5381 2196 5436 ii).
2275 5379 2297 5412 ⁸
2327 5377 2465 5431 Dan.
2498 5389 2580 5439 ut,
2611 5369 2680 5425 57
2711 5385 2834 5439 sqq.

351 5445 386 5500 ’ὁ
410 5462 530 5515 sqq.
660 5446 677 5499 l
708 5448 834 5501 Cor.
869 5445 928 5509 tt,
961 5447 1046 5501 10.

423 5558 535 5627 (25)
573 5559 708 5613 Ἵνα
761 5561 990 5628 καθαρὰ
1033 5559 1188 5614 αὐτὰ
1227 5557 1538 5626 ἀποδείξῃ.
1600 5557 1724 5613 Haac
1757 5560 1921 5615 verba

353 5625 608 5684 Petavius
653 5625 1088 5699 reddidit-modo
1131 5630 1410 5699 aliquanto
1450 5625 1666 5684 diverso
1701 5645 1764 5684 ac
1797 5629 1924 5684 red-

355 5699 552 5754 dantur
583 5713 613 5753 a
650 5695 974 5765 Thomasio;
1013 5701 1089 5755 ait
1117 5695 1262 5756 enim
1295 5719 1308 5754 :
1348 5698 1440 5754 Uti
1485 5716 1643 5768 puros
1685 5701 1804 5754 illos
1844 5701 1925 5753 la-

2031 4800 2129 4856 per
2163 4780 2463 4836 auctoritas
2484 4816 2498 4840 ,
2535 4774 2627 4845 qui
2662 4771 2930 4827 Ananiam
2961 4779 3016 4826 et
3049 4771 3377 4842 Sapphiram
3423 4776 3612 4844 objur-

2027 4892 2185 4950 gans.
2235 4871 2525 4935 Tentastis,
2573 4867 2798 4936 inquit,
2861 4863 3117 4933 Spiritum
3160 4876 3421 4919 sanctum.
3473 4866 3611 4922 Tum

2030 4966 2254 5036 subjicit
2284 4983 2296 5019 :
2324 4961 2449 5016 Non
2485 4958 2688 5013 ntentiti
2725 4956 2851 5010 estis
2894 4955 3114 5019 homini,
3148 4955 3240 5008 sed
3271 4956 3374 5010 Dea
3401 4959 3443 5012 ⁶.
3477 4959 3612 5013 bam

2027 5059 2401 5130 A-postolus,ut
2415 5067 2556 5122 saepe
2571 5047 2904 5114 monuimus,
2919 5046 3177 5116 Spiritum
3197 5048 3352 5116 122
3366 5056 3615 5103 sanctum

2035 5168 2066 5208 a
2109 5152 2270 5206 Patre
2299 5163 2409 5203 non
2439 5145 2676 5199 alienum
2709 5155 2832 5196 esse
2862 5147 3071 5202 censet,
3105 5155 3227 5194 cum
3261 5156 3382 5194 eum
3415 5143 3618 5196 asserit

2035 5243 2133 5299 Dei
2163 5240 2431 5312 profunda
2453 5234 2684 5293 scrutari
2707 5233 2749 5285 ⁷.
2770 5230 2904 5284 Nam
2939 5231 3080 5304 quod
3114 5246 3146 5286 e
3179 5233 3487 5288 substantia
3523 5233 3617 5289 Dei

2941 5367 2961 5398 ⁸
2991 5366 3094 5422 lsa.
3131 5381 3208 5431 τι,
3231 5368 3287 5424 '5.
3367 5369 3534 5422 Ἀρι.
3563 5388 3618 5432 v,

2033 5559 2158 5613 tice:
2189 5558 2244 5610 in
2274 5573 2456 5612 eorum
2485 5556 2714 5626 gratiam
2743 5552 2984 5622 efﬁceret,
3004 5551 3259 5626 μέχρις.

2105 5627 2215 5697 (‘26)
2268 5614 2578 5696 Legeuditm
2633 5614 2848 5679 videtur
2897 5614 3340 5688 προλεχθέντων,
3387 5625 3442 5670 et
3493 5629 3616 5670 mox

2031 5698 2093 5752 τὸ
2116 5700 2314 5752 εἰπεῖν.
2349 5699 2505 5753 Enn.
