4018 6210
372 276 468 335 251

377 492 547 561 igitur
581 486 801 540 Patrem
828 486 1145 553 proﬁtentur
1171 497 1295 537 esse
1323 481 1576 544 Patrem;
1613 478 1834 542 Filium,
1869 477 1958 530 Fi-

376 582 545 647 lium;
601 578 866 649 Spiritum
924 583 1174 629 sanctum
1232 574 1469 642 denique
1524 571 1787 641 Spiritum
1836 584 1959 624 esse

376 681 668 729 sanctum:
706 670 809 724 hoc
839 675 942 728 est,
976 663 1303 722 Trinitatem
1339 666 1392 718 in
1430 665 1638 718 unitate
1701 663 1957 732 positam.

378 762 685 834 Singularis
717 762 917 832 quippe
949 758 1126 813 Patris
1155 773 1218 811 ac
1250 755 1373 809 Filii
1414 762 1469 808 et
1509 753 1751 823 Spiritus
1783 756 1961 808 sancti

375 856 559 909 unitas
599 861 713 919 est,
761 867 869 906 una
905 849 1237 913 substantia,
1282 846 1597 901 dominatus
1634 861 1812 910 unus,
1853 861 1962 900 una

374 946 787 999 voluntaszuna
819 942 1086 1002 Ecclesia,
1116 938 1405 1006 baptisma:
1440 952 1597 1002 unus,
1629 952 1738 989 una
1765 935 1895 1005 ﬁdes
1919 936 1960 990 ί.

375 1034 722 1105 Proindeque
758 1035 1012 1088 desinant
1047 1030 1139 1084 isti
1174 1037 1421 1083 sanctam
1453 1027 1661 1083 Christi
1694 1028 1961 1099 virginem

375 1141 442 1181 ac
481 1126 849 1181 castissimam
893 1135 1211 1191 oppugnare
1248 1133 1532 1189 sponsam,
1579 1127 1829 1185 matrem,
1875 1120 1965 1174 in-

377 1235 568 1291 quam,
603 1224 847 1271 nostram
888 1213 1223 1279 Eeclesiam;
1268 1212 1428 1283 cujus
1478 1213 1569 1267 ﬁlii
1608 1228 1638 1267 a
1685 1214 1967 1269 sanctissi-

376 1313 480 1366 mis
503 1312 620 1366 suis
640 1307 919 1373 Patribus,
938 1307 1041 1360 hoc
1063 1314 1147 1360 est
1193 1305 1477 1375 apostolis,
1506 1319 1629 1358 cum
1652 1304 1966 1360 enatodien-

373 1404 498 1458 dam
541 1402 723 1467 ﬁdem,
765 1409 879 1454 tum
911 1400 1027 1455 suis
1055 1413 1275 1469 quoque
1309 1397 1496 1453 liberis
1544 1395 1869 1453 tradendam
1902 1411 1966 1452 ac

373 1494 778 1566 praedicandam
821 1498 1174 1562 acceperunt.
1219 1491 1464 1557 Quorum
1510 1505 1541 1545 e
1586 1489 1821 1543 ﬁliorum
1863 1505 1966 1544 nu-

380 1603 533 1642 mero
562 1588 688 1641 date
715 1599 935 1654 operam
962 1591 1021 1637 ut
1045 1583 1189 1647 sitis,
1222 1581 1419 1636 fratres
1448 1580 1786 1643 charissimi,
1815 1584 1981 1635 eam-1

374 1678 606 1745 nemque
642 1673 950 1728 doctrinam
983 1674 1037 1725 in
1073 1672 1274 1726 liberos
1313 1678 1529 1726 vestros
1574 1668 1960 1724 transfunditc.

1770 272 1827 327 S.
1870 269 2211 327 EPIPHANH

260 430 271 439 .
378 411 487 454 ιιοιι
534 403 642 455 εει,
692 394 811 463 ejus
851 389 1121 460 profunda
1169 396 1402 443 srrutart
1447 402 1554 440 non
1607 397 1802 456 potest.
1855 385 1965 442 Nos

2082 384 2142 440 rd
2174 344 2336 452 ,έάθη
2387 383 2492 438 τοῦ
2549 385 2697 439 Θεοῦ
2750 384 3024 454 ἑρευνᾷν.
3087 385 3279 457 Ἡμεῖς
3323 384 3380 440 δὲ
3422 386 3646 460 οῐδαμεν

3534 270 3647 329 233

2064 479 2287 548 Πατέρα
2337 477 2579 547 Πατέρα,
2631 477 2757 531 Υίὸν
2801 478 2951 543 Υἱὸν,
3002 478 3156 547 ἅγιον
3203 478 3429 550 Πνεῦμα
3492 479 3648 550 ἁγιον

2063 568 2310 639 Πνεῦμα,
2355 568 2559 639 Τριάδα
2610 570 2668 622 ἑν
2711 568 2941 641 ἑνότητι.
2992 569 3107 624 Μία
3153 567 3265 641 γὰρ
3297 568 3485 641 ἑνότης
3530 573 3649 626 ἐστι

2064 660 2277 732 Πατρὸς
2308 659 2402 713 καὶ
2435 658 2566 713 Υἱοῦ
2601 661 2695 714 καὶ
2738 661 2896 729 ἁγίου
2946 660 3284 732 Πνεύματος,
3336 661 3432 733 μία
3467 661 3645 731 οὐσία,

2067 753 2166 824 μία
2207 755 2484 825 κυριότης,
2521 752 2579 808 ἓν
2627 752 2869 824 θέλημαο
2904 754 3002 825 μία
3045 753 3339 825 Ἐκκλησία
3363 794 3379 819 ,
3429 753 3499 808 ἓν
3523 754 3646 819 ,Βά-

2063 859 2314 914 πτισμα,
2360 845 2471 914 μία
2514 846 2739 911 πίστις.
2794 846 2900 899 Καὶ
2955 844 3358 898 παυσάσθωσαν
3405 845 3455 898 oi
3510 847 3654 900 κατὰ

2063 937 2164 1006 τῆς
2190 935 2350 1003 ἁγίας
2382 936 2654 1008 παρθένου
2683 935 2777 989 τοῦ
2798 935 3058 1007 Χριστοῦ,
3092 935 3187 988 καὶ
3206 935 3425 1005 νύμφης
3453 935 3649 1009 ἁγνῆς,

2063 1029 2311 1082 τουτέστι
2344 1028 2444 1099 τῆς
2480 1028 2685 1099 μητρὸς
2733 1028 2890 1099 ἡμῶν
2939 1028 3041 1097 τῆς
3082 1027 3243 1096 ἁγίας
3299 1027 3649 1098 Ἑκκλησίας.

2064 1119 2382 1191 Παρέλαὸον
2407 1119 2516 1190 γὰρ
2561 1120 2611 1173 οἱ
2643 1118 2850 1191 ταύτης
2883 1119 3072 1183 παῖδες
3101 1118 3253 1191 παρὰ
3284 1119 3454 1189 ἁγίων
3478 1120 3653 1173 Πατέ-

2066 1228 2197 1283 ρων,
2236 1211 2484 1265 τουτέστι
2517 1209 2623 1264 τῶν
2660 1211 2829 1277 ἁγίων
2861 1211 3195 1277 ἀποστόλων,
3234 1212 3415 1266 πίστιν
3447 1211 3651 1282 φυλάτ-

2064 1319 2214 1355 τειν’
2258 1303 2377 1374 ἅμα
2412 1302 2469 1356 δὲ
2517 1303 2612 1357 καὶ
2644 1304 2755 1367 τοῖς
2804 1303 3015 1359 ἑαυτῶν
3045 1304 3258 1368 τέκνοις
3301 1304 3653 1375 παραδιδόναι

2064 1409 2125 1445 τε
2174 1393 2270 1446 καὶ
2319 1391 2708 1461 ἀπαγγέλλειν.
2759 1393 2847 1461 Ἐξ
2876 1386 2952 1447 ὧν
2984 1395 3082 1448 κα)⁵
3128 1395 3284 1448 αὐτοὶ
3328 1394 3435 1447 υῑοὶ
3470 1395 3654 1466 ὑπάρ-

2065 1501 2213 1554 χετε,
2258 1483 2580 1556 τιμιώτατοι
2614 1484 2855 1554 ἀδελφοὶ,
2897 1485 2991 1540 καὶ
3039 1487 3153 1549 τοῖς
3205 1486 3412 1539 ἑαυτῶν
3441 1485 3656 1549 τέκνοις

2064 1573 2270 1645 ταύτην
2301 1575 2402 1644 τὴν
2448 1574 2798 1631 διδασκαλίαν
2841 1576 3220 1648 παραδιδόατε.
3262 1576 3448 1631 Ταῦτα
3480 1575 3655 1639 οὕτως

2065 1662 2337 1732 λέγοντες,
2371 1663 2466 1716 καὶ
2492 1663 2560 1718 τὰ
2590 1663 2802 1729 τούτοις
2839 1667 2999 1737 ὅμοια
3041 1666 3149 1720 ἀπὸ
3173 1666 3283 1721 τῶν
3309 1666 3468 1720 θείων
3509 1667 3648 1738 Γρα-

375 1769 503 1823 llaec
529 1780 650 1837 quae
688 1765 955 1819 hactenus
989 1762 1138 1828 dixi,
1183 1769 1349 1832 atque
1394 1763 1479 1817 his
1526 1761 1727 1816 similia
1771 1760 1969 1830 praedi-

2082 1754 2187 1822 ρῶν
2216 1752 2514 1823 βεὸαιῶσαι
2545 1754 2743 1820 αὐτούς
2774 1773 2834 1810 τε
2880 1756 2973 1810 καὶ
3008 1757 3137 1821 τοὺς
3177 1758 3470 1823 ἀκούοντας
3498 1759 3656 1828 ὑμῶν

377 1860 574 1926 cando,
608 1866 771 1926 atque
799 1871 829 1911 e
857 1855 1031 1911 sacris
1076 1852 1298 1908 Litteris
1338 1853 1704 1922 vosmetipsos
1754 1852 1973 1906 audito-

377 1967 577 2021 resque
614 1959 827 2004 vestros
868 1946 1195 2001 conﬁrmare
1277 1943 1547 2009 docendo,
1600 1943 1972 2007 instituendo,

380 2040 712 2097 moderando
746 2038 905 2093 ﬁnem
948 2038 1154 2091 nullum
1194 2035 1377 2099 facite,
1411 2034 1597 2090 ﬁdeles
1622 2043 1677 2089 et
1708 2034 1969 2089 catholici

378 2134 503 2188 viri.
547 2132 779 2202 Pergite,
809 2131 1055 2199 inquam,
1095 2137 1341 2184 sanctam
1373 2128 1516 2181 hanc
1561 2125 1819 2183 Ecclesia:
1851 2140 1980 2181 con-

383 2237 607 2279 servare
649 2222 831 2284 ﬁdem,
864 2236 1027 2289 quam
1057 2226 1410 2273 sacrosancta
1444 2231 1508 2271 ac
1542 2216 1847 2287 singularis
1882 2214 1977 2270 Dei

387 2316 541 2384 virgo
574 2314 644 2368 ab
678 2313 939 2383 apostolis
986 2310 1199 2365 Domini
1249 2309 1353 2365 sibi
1400 2309 1663 2364 creditam
1712 2308 1974 2378 accepit:

388 2404 640 2473 idemque
671 2401 1082 2457 catechumenis
1119 2400 1378 2455 oumibns
1420 2398 1511 2469 qui
1549 2399 1614 2453 ad
1646 2398 1976 2468 baptismum

389 2511 513 2551 sese
541 2501 884 2565 comparant,
936 2493 1210 2547 inculcate
1253 2492 1565 2561 diligenter.
1615 2490 1805 2562 Neque
1850 2491 1979 2546 ﬁliis

396 2587 598 2641 vestris
622 2586 678 2638 in
703 2583 935 2639 Domino
964 2582 1018 2636 id
1049 2581 1342 2652 praecipere
1370 2582 1635 2635 duntaxat
1664 2588 1723 2633 ut
1752 2578 1979 2633 credant

391 2685 629 2748 oportet,
667 2673 762 2729 sed
790 2684 843 2728 et
868 2674 992 2729 illos
1017 2671 1215 2727 docere
1243 2680 1302 2726 ut
1328 2672 1468 2726 hanc
1497 2670 1785 2725 formulam
1815 2684 1978 2739 quam

394 2776 636 2824 vestrum
675 2774 1037 2834 nostrumque
1083 2763 1328 2817 omnium
1370 2771 1546 2816 mater
1590 2760 1978 2832 amplectitur,

396 2869 656 2928 expresse
687 2856 1000 2925 diserteque
1026 2853 1214 2908 dicant
1244 2871 1259 2909 :

471 2949 653 3007 CXIX.
694 2948 984 3005 Credimus
1031 2948 1085 3002 in
1126 2962 1295 3002 unum
1346 2945 1512 3001 Deum
1548 2944 1763 3000 Patrem
1804 2944 1982 2999 omnl-

2076 1846 2438 1911 διδάσκοντες,
2482 1847 2869 1913 ὁδοποιοῦντες,
2911 1849 3297 1920 κατηχοῦντες,
3349 1850 3423 1922 μὴ
3446 1851 3658 1906 ,διαλεί-

2079 1954 2238 2011 πητε,
2265 1940 2314 1993 οί
2347 1940 2528 1992 πιστοὶ
2556 1940 2651 1994 καὶ
2678 1939 2969 2011 ὀρθόδοξοι,
2995 1942 3201 2011 ταύτην
3230 1941 3328 2012 τὴν
3356 1942 3516 2011 ἁγίαν
3560 1943 3656 1995 πί-

2080 2046 2199 2083 στιν
2242 2030 2343 2101 τῆς
2391 2029 2686 2101 καθολικῆς
2750 2030 3101 2102 Ἐκκλησίας,
3145 2032 3222 2096 ὡς
3268 2032 3576 2103 παρέλαϐεν
3620 2036 3659 2107 ἠ

2080 2121 2211 2189 ἁγία
2256 2122 2351 2174 καὶ
2393 2122 2530 2193 μόνη
2564 2120 2833 2193 παρθένος
2881 2121 2976 2176 τοῦ
3005 2122 3141 2177 Θεοῦ
3188 2123 3295 2177 ἀπὸ
3339 2125 3447 2177 τῶν
3487 2120 3660 2193 ἁγίων

2078 2211 2391 2265 ἀποστόλων
2411 2212 2506 2265 τοῦ
2537 2214 2742 2285 Κυρίου
2775 2213 3063 2282 φυλάττειν
3078 2232 3090 2246 ο
3117 2215 3210 2267 καὶ
3234 2212 3407 2278 οὕτως
3431 2215 3658 2268 ἕκαστον

2077 2303 2187 2356 τῶν
2219 2304 2640 2376 κατηχουμένων
2681 2305 2791 2358 τῶν
2839 2304 3142 2375 μελλόντων
3172 2305 3250 2376 τῷ
3279 2307 3419 2378 ἁγίῳ
3450 2307 3659 2379 λουτρῷ

2080 2396 2365 2468 προσιέναι
2413 2398 2476 2451 ού
2530 2399 2688 2468 μόνον
2740 2398 3108 2468 ἀπαγγέλλειν
3147 2399 3390 2469 ὀφείλετε
3446 2400 3507 2454 τὸ
3565 2419 3658 2455 πι-

2082 2488 2295 2542 στεύειν
2330 2492 2445 2554 τοῖς
2487 2489 2698 2544 ἑαυτῶν
2731 2491 2867 2554 υἱοῖς
2893 2492 2950 2543 ἑν
2976 2491 3189 2564 Κυρίῳ.
3220 2492 3356 2546 ἀλλὰ
3383 2492 3478 2546 καὶ
3516 2492 3662 2547 διδά-

2082 2597 2234 2634 σκειν
2265 2581 2444 2652 ῥητῶς
2483 2580 2560 2646 ὡς
2588 2583 2805 2638 πάντων
2836 2584 2871 2656 ἡ
2908 2583 3046 2656 αὐτὴ
3083 2586 3265 2659 μήτηρ
3297 2584 3451 2658 ὑμῶν
3478 2603 3538 2641 τε
3565 2584 3668 2641 καὶ

2079 2672 2261 2742 ἡμῶν,
2290 2673 2351 2727 τὸ
2381 2673 2585 2744 λέγειν’

2150 2941 2299 2996 ΡΙΘθ.
2339 2940 2677 3015 Πιστεύομεν
2723 2945 2804 3009 εἰς
2853 2944 2948 3000 ἕνα
2988 2942 3143 3013 Θεὸν,
3196 2946 3416 3023 Πατέρα
3467 2964 3663 3010 πανω-

402 3051 706 3115 potcntem,
757 3040 1022 3095 factorem
1057 3039 1184 3095 coeli
1228 3045 1283 3093 et
1321 3046 1501 3104 terrae,
1532 3037 1829 3092 visibilium
1864 3053 1978 3091 om-

2083 3034 2344 3106 κράτορα,
2402 3036 2632 3109 ποιητὴν
2678 3037 2908 3110 ούρανοῦ
2940 3056 2999 3093 τε
3046 3042 3141 3095 καὶ
3187 3042 3310 3114 γῆς,
3357 3044 3568 3116 ὁρατῶν
3600 3060 3661 3100 τε

402 3138 554 3191 nium
591 3143 645 3190 et
672 3132 1052 3188 invisibilium.
1085 3129 1150 3184 Et
1184 3131 1238 3185 in
1273 3145 1443 3185 unum
1477 3128 1764 3183 Dominum
1794 3128 1981 3184 Jcsum

403 3227 685 3281 Christum
712 3223 911 3277 Filium
944 3222 1035 3275 Dei
1073 3222 1444 3292 unigenitum;
1492 3235 1558 3276 ex
1591 3218 1754 3275 Patre
1793 3227 1985 3274 natum

407 3326 535 3371 ante
566 3314 754 3368 omnia
786 3314 1006 3371 saecula.
1043 3312 1148 3367 hoc
1173 3320 1278 3378 est,
1315 3327 1381 3367 ex
1423 3313 1734 3368 substantia
1763 3312 1942 3368 Patris
1963 3351 1980 3376 .

409 3409 594 3463 lumen
620 3406 690 3461 de
719 3405 950 3467 lumine,
982 3404 1149 3459 Deum
1190 3419 1379 3458 verum
1410 3405 1477 3459 de
1524 3404 1633 3458 Deo
1658 3417 1809 3469 vero,
1843 3403 1989 3474 genio

407 3505 664 3567 tum,non
686 3497 915 3562 factum,
947 3495 1473 3551 consubstantialem
1502 3495 1681 3550 Patri:
1707 3511 1804 3566 per
1822 3511 1985 3566 quem

410 3596 591 3645 omnia
620 3589 759 3644 facta
787 3594 917 3644 sunt
940 3601 1063 3657 quae
1087 3587 1142 3641 in
1171 3586 1327 3642 ccelis
1353 3594 1407 3642 et
1444 3602 1567 3657 quae
1591 3587 1646 3641 in
1687 3597 1830 3641 terra
1862 3601 1990 3640 con-

408 3683 673 3735 tinentur.
714 3680 817 3746 Qui
853 3688 1074 3749 propter
1115 3694 1215 3733 nos
1251 3679 1501 3734 homines
1532 3686 1585 3734 et
1623 3687 1847 3750 propter
1895 3693 1989 3733 no-

408 3779 580 3825 stram
618 3771 847 3825 salutem
889 3769 1168 3824 descendit
1214 3768 1283 3823 de
1328 3769 1515 3836 uelis,
1563 3776 1618 3825 et
1667 3771 1987 3824 incarnatus

406 3861 590 3917 estde
634 3862 841 3933 Spiritu
877 3870 1070 3916 sancto
1114 3876 1178 3915 ex
1227 3860 1394 3915 Maria
1434 3860 1681 3932 Virgine,
1727 3868 1782 3915 et
1822 3860 1988 3915 homo

409 3953 589 4007 factus
626 3962 729 4009 est.
772 3951 1082 4008 Cruciﬁxus
1114 3953 1277 4007 etiam
1322 3967 1421 4023 pro
1453 3951 1612 4008 nobis
1652 3952 1754 4006 sub
1792 3950 1988 4004 Pontio

406 4043 604 4110 Pilato,
643 4060 841 4116 passus
870 4052 923 4100 et
956 4045 1208 4115 sepultus
1241 4055 1325 4100 est
1356 4062 1371 4100 :
1402 4051 1460 4099 et
1490 4043 1793 4097 resurrexit
1828 4042 1989 4096 tertia

410 4137 501 4192 die
535 4137 834 4193 secundum
869 4136 1221 4209 Scripturas;
1274 4144 1328 4192 et
1372 4135 1619 4193 ascendit
1657 4136 1711 4189 iu
1751 4136 1987 4199 caelum,

408 4236 465 4283 et
499 4228 652 4284 sedet
693 4227 761 4282 ad
802 4228 1082 4283 dexteram
1125 4226 1338 4294 Patris;
1384 4236 1438 4281 et
1480 4226 1676 4281 iterum
1722 4234 1989 4282 venturus

401 4329 488 4375 est
533 4336 656 4374 eum
702 4320 873 4390 gloria
911 4318 1162 4387 judicare
1213 4318 1367 4371 vivos
1408 4324 1463 4371 et
1505 4326 1783 4381 mortuos;
1832 4317 1988 4387 123

2086 3128 2305 3182 πάντων
2332 3129 2429 3183 καὶ
2475 3129 2742 3201 ἀοράτων.
2790 3132 2901 3185 Kal.
2933 3136 3013 3197 εἰς
3063 3134 3158 3188 ἕνα
3204 3135 3408 3211 Κύριον
3457 3135 3666 3210 Ἰησοῦν

2085 3220 2319 3289 Χριστὸν
2362 3221 2454 3275 τὸν
2503 3221 2631 3277 Υἰὸν
2663 3221 2758 3275 τοῦ
2797 3222 2933 3277 Θεοῦ
2981 3224 3074 3279 τὸν
3123 3230 3406 3300 μονογενῆ,
3454 3230 3548 3284 τὸν
3600 3232 3667 3284 ἑκ

2086 3310 2181 3364 τοῦ
2235 3313 2449 3385 Πατρὸς
2480 3312 2812 3384 γεννηθέντα
2856 3315 2963 3387 πρὸ
3012 3316 3232 3373 πάντων
3278 3319 3387 3373 τῶν
3428 3320 3663 3385 αἰώνων,

2084 3403 2362 3456 τουτέστιν
2393 3405 2458 3457 ὲκ
2487 3403 2587 3474 τῆς
2609 3403 2800 3467 οὐσίας
2828 3405 2923 3459 τοῦ
2951 3407 3184 3478 Πατρὸς,
3222 3408 3338 3480 φῶς
3374 3412 3437 3464 ἐκ
3465 3411 3664 3482 φωτὸς,

2087 3488 2220 3541 Θεὸν
2277 3489 2527 3561 ἀληθινὸν
2585 3493 2649 3543 ὲκ
2708 3491 2844 3545 Θεοῦ
2903 3493 3178 3566 ἀληθινοῦ,
3226 3498 3572 3568 γεννηθέντα,
3604 3502 3665 3556 ού

2088 3580 2399 3650 ποιηθέντα,
2440 3580 2723 3651 ὁμοούσιον
2772 3582 2853 3655 τῷ
2895 3585 3106 3658 Πατρί·
3159 3587 3229 3641 δι’
3268 3582 3329 3642 οῦ
3374 3590 3442 3644 τὰ
3491 3592 3670 3652 πάντα

2088 3670 2324 3738 ἐγένετο,
2376 3672 2447 3726 τά
2498 3689 2559 3726 τε
2608 3675 2668 3728 ἑν
2705 3677 2820 3740 τοῖς
2847 3676 3098 3749 οὐρανοῖς
3136 3680 3229 3732 καὶ⁸
3265 3679 3332 3734 τὰ
3365 3682 3424 3735 ἑν
3462 3685 3527 3756 τῇ
3559 3691 3629 3754 γῇ
3651 3701 3663 3714 ·

2088 3763 2181 3816 τὸν
2212 3763 2281 3817 δι’
2310 3764 2457 3834 ἡμᾶς
2480 3765 2609 3829 τοὺς
2651 3766 2975 3838 ἀνθρώπους
3005 3769 3100 3822 καὶ
3145 3769 3235 3824 διὰ
3264 3771 3361 3844 τὴν
3394 3774 3667 3846 ἡμετέραν

2091 3854 2367 3927 σωτηρίαν
2402 3856 2731 3911 κατελθόντα
2760 3860 2826 3912 ὲκ
2868 3861 2976 3913 τῶν
3019 3861 3286 3934 οὐρανῶν,
3316 3866 3410 3918 καὶ
3455 3882 3667 3938 σαρκω-

2091 3945 2251 4000 θέντα
2280 3947 2344 4000 ἑκ
2369 3947 2686 4019 Πνεύματος
2707 3949 2862 4018 ἁγίου
2893 3952 2987 4004 καὶ
3008 3950 3222 4025 Μαρίας
3242 3953 3341 4025 τῆς
3368 3956 3663 4027 Παρθένου.

2091 4039 2186 4091 καὶ
2234 4038 2749 4111 ἑνανθρωπήσαντα,
2807 4042 3187 4113 σταυρωθέντα
3229 4062 3288 4099 τε
3337 4047 3477 4119 ὑπὲρ
3511 4049 3666 4120 ἡμῶν

2092 4132 2184 4185 ἐπὶ
2211 4131 2437 4185 Ποντίου
2470 4130 2727 4196 Πιλάτου,
2758 4134 2852 4187 καὶ
2882 4133 3139 4202 παθόντα,
3164 4136 3257 4190 καὶ
3289 4139 3548 4208 ταφέντα,
3576 4141 3668 4195 καὶ

2092 4225 2403 4279 ἀναστάντα
2533 4226 2691 4297 τρίτῃ
2739 4226 2941 4298 ἡμέρᾳ,
2978 4227 3121 4282 κατά
3157 4229 3257 4295 τὰς
3298 4231 3540 4302 Γραφὰς,
3574 4234 3668 4287 καὶ

2092 4315 2385 4371 ἀνελθόντα
2413 4318 2492 4380 εἰς
2542 4319 2669 4382 τοὺς
2696 4319 2992 4391 οὐρανοὺς,
3045 4322 3139 4374 καὶ
3188 4322 3553 4394 καθεζόμενον
3603 4327 3669 4379 ἐκ

402 4411 562 4478 cujus
593 4409 746 4479 regni
779 4423 887 4462 non
929 4408 1034 4462 erit
1064 4407 1210 4462 ﬁnis.
1260 4404 1326 4461 Et
1356 4408 1408 4460 in
1439 4407 1705 4478 Spiritum
1734 4414 1978 4462 sanetum

2091 4407 2279 4472 δεξιῶν
2319 4408 2412 4461 τοῦ
2443 4410 2674 4481 Πατρὸς,
2710 4411 2803 4464 καὶ
2833 4411 2993 4465 πάλιν
3019 4413 3314 4484 ἐρχόμενον
3349 4414 3487 4485 μετὰ
3510 4416 3671 4488 δόξης

402 4497 694 4552 Dominum
739 4505 795 4551 et
833 4496 1219 4564 viviﬁcantem,
1262 4498 1353 4567 qui
1396 4512 1462 4553 ex
1515 4496 1672 4553 Patre
1704 4497 1988 4568 procedit,

403 4589 494 4659 qui
532 4603 656 4642 cum
689 4586 849 4643 Patre
884 4594 938 4643 et
967 4586 1106 4643 Filio
1154 4589 1316 4644 simul
1350 4588 1609 4642 aduratur
1641 4598 1695 4643 et
1723 4587 1989 4658 conglori-

404 4681 623 4742 iicatur,
656 4679 747 4750 qui
780 4679 997 4735 loeutus
1022 4689 1107 4736 est
1131 4696 1229 4751 per
1263 4680 1579 4751 prephetas.
1612 4676 1679 4734 Et
1709 4679 1765 4733 in
1795 4694 1984 4745 uuam,

406 4779 682 4837 sanctam,
737 4771 1067 4826 catholicam
1121 4780 1179 4827 et
1238 4772 1598 4843 apostolicam
1662 4769 1984 4828 Ecelesiam.

403 4862 741 4919 Conﬁtemur
783 4878 950 4917 unmn
981 4863 1255 4933 baptisma
1289 4864 1342 4918 in
1378 4860 1758 4918 remissionem
1793 4879 1989 4933 pecca-

403 4964 609 5009 torum.
637 4957 1035 5024 Exspectamus
1064 4954 1522 5009 resurrectionem
1553 4962 1897 5009 mortuorum
1932 4963 1988 5011 et

403 5047 570 5099 vitam
602 5045 770 5100 futuri
808 5046 1014 5101 surculi.
1047 5046 1244 5100 Amen.
1298 5043 1406 5101 Eos
1443 5059 1573 5100 vero
1619 5047 1714 5116 qui
1752 5047 1985 5102 dicunt:

403 5136 530 5191 Fuit
553 5138 849 5208 aliquando
878 5152 1002 5192 cum
1029 5154 1136 5192 non
1158 5145 1333 5204 esset;
1366 5147 1441 5204 et,
1466 5138 1774 5210 Antequam
1801 5141 1990 5211 gigne-

404 5239 555 5285 retur
580 5245 689 5285 aon
711 5238 858 5295 erat;
892 5230 1030 5294 sive,
1052 5228 1127 5285 Ex
1153 5245 1260 5285 non
1295 5231 1641 5286 exstantibus
1679 5231 1859 5286 factus
1880 5240 1987 5294 est,

397 5322 485 5377 κει
532 5336 600 5376 ex
646 5323 750 5375 alia
796 5322 1076 5393 hypostasi
1129 5323 1213 5378 vel
1264 5323 1604 5389 substantia;
1656 5322 1860 5393 quique
1896 5320 1990 5374 Dei

401 5411 601 5471 Filium
653 5415 909 5470 ﬂuentem
967 5422 1062 5469 aut
1113 5416 1432 5471 mutabilem
1482 5430 1605 5470 esse
1650 5412 1987 5477 defendunt;

401 5507 505 5563 hos
530 5522 721 5563 omnes
744 5507 1085 5564 anathemate
1116 5507 1338 5564 damnat
1370 5507 1642 5564 catholica
1674 5513 1729 5560 et
1762 5512 1988 5573 aposto-

489 5659 509 5696 ³
544 5659 745 5732 Ephes.
785 5678 855 5728 tr,
893 5661 949 5719 5.

2085 4500 2269 4570 κρῖναι
2314 4498 2524 4564 ζῶντας
2574 4501 2667 4554 καὶ
2702 4502 2959 4574 νεκρούςο
3000 4499 3061 4558 οὗ
3100 4504 3200 4576 τῆς
3247 4505 3519 4575 βασιλείας
3567 4509 3670 4561 οὐκ

2090 4587 2241 4641 ἔσται
2275 4589 2448 4654 τέλος.
2497 4591 2607 4645 Καὶ
2657 4592 2738 4655 είς
2780 4593 2840 4645 τὸ
2873 4593 3096 4665 Πνεῦμα
3136 4594 3195 4648 τὸ
3242 4595 3417 4664 ἅγιον,
3465 4598 3670 4668 Κυριον

2090 4680 2187 4735 καὶ
2229 4681 2528 4748 ζωοποιὸν,
2583 4683 2644 4736 τὸ
2690 4684 2754 4736 ἑκ
2802 4684 2896 4736 τοῦ
2947 4684 3164 4756 Πατρὸς
3216 4688 3667 4760 ἐκπορευόμενον,

2089 4771 2151 4825 τὸ
2179 4772 2277 4826 σὺν
2309 4773 2482 4846 Πατρὶ
2514 4773 2607 4826 καὶ
2650 4772 2764 4843 Υἱῷ
2790 4776 3381 4847 συμπροσκυνούμενον
3425 4779 3517 4831 καὶ
3548 4797 3671 4833 συν-

2090 4862 2464 4934 δοξαζόμενον,
2523 4864 2583 4917 τὸ
2626 4863 2865 4933 λαλῆσαν
2909 4863 2997 4918 διὰ
3040 4865 3149 4920 τῶν
3207 4869 3518 4940 προφητῶν.
3578 4872 3670 4936 Εἰς

2098 4954 2226 5024 μίαν
2259 4952 2422 5021 ἁγίαν
2454 4952 2749 5025 καθολικὴν
2781 4955 2875 5008 καὶ
2912 4956 3276 5030 ἁποστολικὴν
3323 4960 3669 5030 Ἐκκλησίαν.

2108 5042 2507 5114 ὐμολογοῦμεν
2558 5043 2617 5097 ἓν
2666 5044 2947 5117 βάπτισμα
2997 5051 3077 5113 εἰς
3122 5050 3315 5121 ἄφεσιν
3366 5053 3669 5123 ἁμαρτιῶν,

2096 5136 2486 5208 προσδοκῶμεν
2526 5136 2822 5191 ἀνάστασιν
2848 5140 3075 5212 νεκρῶν,
3111 5141 3206 5196 καὶ
3236 5142 3380 5214 ζωὴν
3412 5144 3504 5199 τοῦ
3542 5144 3672 5216 μέλ-

2096 5227 2280 5287 λοντος
2310 5226 2525 5290 αἰῶνος.
2568 5228 2763 5301 Ἀμήν.
2795 5232 2935 5295 Τοὺς
2963 5232 3022 5286 δὲ
3069 5233 3325 5302 λέγοντας
3348 5252 3360 5262 ⁸
3378 5276 3383 5281 .
3402 5231 3512 5290 Ἦν
3541 5251 3670 5290 ποτε

2095 5318 2184 5371 ὅτε
2211 5317 2311 5369 οὐκ
2342 5312 2430 5388 ἦν,
2461 5319 2574 5384 καὶ,
2606 5319 2744 5391 Πρὶν
2787 5323 3111 5394 γεννηθῆναι
3145 5325 3246 5377 ούκ
3280 5321 3371 5395 ἦν,
3410 5323 3443 5395 ἢ
3469 5327 3551 5379 ὅτι
3583 5326 3673 5391 Ἐξ

2091 5406 2193 5460 οὐκ
2239 5406 2410 5461 ὄντων
2444 5409 2678 5479 ἐγένετο,
2708 5412 2740 5483 ἦ
2778 5415 2836 5480 ἑξ
2886 5415 3079 5486 ἑτέρας
3123 5416 3474 5489 ὑποστάσεως
3512 5416 3545 5487 ἢ
3578 5417 3671 5470 υύ-

2093 5500 2235 5565 σίας,
2286 5502 2593 5573 φάσκοντας
2640 5502 2778 5560 εἶναι
2825 5508 3047 5577 ρευστὸν
3075 5508 3107 5579 ἢ
3139 5508 3431 5562 ἀλλοιωτὸν
3457 5508 3549 5564 τὸν
3578 5505 3674 5563 τοῦ
