4018 6210
281 373 386 429 2.35

1683 370 2130 430 ANCORATUS.

3461 383 3569 436 ρει

277 497 417 550 Θεοῦ
471 495 612 561 Υίὸν,
661 493 883 557 τούτους
939 489 1329 564 ἀναθεματίζει
1385 493 1418 564 ἡ
1472 492 1733 566 καθολικὴ
1784 496 1872 550 καὶ

1981 496 2083 553 lica
2116 494 2379 553 Ecclesia.
2425 495 2708 567 Ejusmodi
2750 498 2911 555 nobis
2940 498 3060 554 fidei
3102 499 3334 554 formula
3366 517 3394 554 a
3433 519 3566 557 sau-

277 589 615 662 ἀποστολικὴ
688 585 1005 656 Ἐκκλησία.
1066 585 1176 638 Καὶ
1236 584 1374 657 αὕτη
1442 585 1542 656 μὲν
1600 587 1632 656 ἡ
1693 585 1877 650 πίστις

278 679 552 752 παρεδόθη
596 679 704 734 ἀπὸ
745 677 853 730 τῶν
887 677 1060 744 ἁγίων
1112 676 1448 741 ἀποστόλων,
1496 677 1590 730 καὶ
1635 678 1695 730 ἐν
1756 678 1878 730 Ἐκ-

279 768 482 840 κλησίᾳ
511 771 579 839 τῇ
611 767 744 838 ἀγίᾳ⁸
775 766 950 830 πόλει,
994 765 1104 819 ἀπὸ
1132 766 1352 820 πάντων
1383 766 1519 837 ὁμοῦ
1552 768 1660 820 τῶν
1703 767 1877 837 ἁγίων

280 861 596 914 ἐπισκόπων
630 853 770 930 ὑπὲρ
799 857 1128 932 τριακοσίων
1169 858 1305 912 δέκα
1337 857 1450 930 (27)
1485 859 1577 914 τὸν
1621 860 1875 932 ἀριθμόν.

264 979 276 1012 a,
350 953 483 1008 PK’.
539 952 757 1023 Ἐπειδὴ
805 951 863 1004 δὲ
911 954 968 1004 ἐν
1019 953 1084 1021 τῇ
1123 950 1368 1021 ἡμετέρᾳ
1413 952 1578 1023 γενεᾷ
1608 951 1878 1024 ὲνέκυψαν

281 1043 436 1099 ἄλλαι
496 1042 640 1106 τινὲς
687 1042 931 1112 αἱρέσεις
979 1039 1396 1110 ἀλλεπάλληλοι,
1443 1042 1724 1096 τουτέστιν
1769 1044 1878 1097 ἀπὸ

282 1136 475 1206 χρόνου
530 1133 942 1188 Βαλεντινιανοῦ
1025 1132 1120 1185 καὶ
1189 1131 1488 1197 Οὐάλεντος
1561 1135 1668 1187 τῶν
1723 1134 1877 1206 βασι-

279 1230 417 1282 λέων
467 1227 602 1302 (28),
651 1227 796 1281 κατὰ
840 1226 902 1279 τὸ
955 1225 1181 1280 δέκατον
1229 1226 1410 1281 αὐτῶν
1451 1227 1550 1297 τῆς
1603 1227 1878 1298 βασιλείας

273 1318 420 1382 Ἐτος,
457 1318 553 1371 καὶ
579 1316 740 1370 πάλιν
767 1318 909 1371 κατὰ
935 1315 997 1369 τὸ
1031 1317 1192 1369 ἕκτον
1223 1315 1342 1380 ἔτος
1372 1318 1691 1389 Γρατιανοῦ,
1721 1337 1879 1374 τουτ-

282 1413 429 1465 έστιν
477 1411 534 1464 ὲν
568 1409 644 1481 τῷ
691 1409 1032 1481 ἐνενηκοστῷ
1077 1409 1190 1462 ἔτει
1219 1409 1607 1482 Διοκλητιανοῦ
1655 1411 1750 1464 τοῦ
1785 1431 1877 1466 τυι

285 1505 502 1576 ράννου,
536 1503 727 1557 τούτου
761 1504 924 1574 χάριν
956 1503 1111 1574 ὑμεῖς
1146 1521 1206 1557 τε
1256 1503 1351 1557 καὶ
1382 1505 1565 1574 ἡμεῖς,
1607 1505 1702 1558 κα)⁸
1744 1505 1880 1560 πάν-

279 1615 369 1660 τες
404 1598 454 1650 οἱ
498 1595 770 1666 ὀρθόδοξοι
816 1595 1130 1658 ἐπίσκοποι,
1180 1596 1276 1650 καὶ
1333 1595 1634 1666 συλλήϐδην
1664 1598 1876 1670 πᾶσαή

279 1688 410 1758 ἀγία
444 1687 706 1758 καθολικὴ
753 1686 1050 1757 Ἐκκλησία
1101 1687 1236 1760 πρὸς
1277 1686 1376 1750 τὰς
1405 1687 1761 1757 ἀνακυψάσας
1789 1691 1878 1743 αι.-

225 1841 232 1849 .
282 1781 488 1851 ρέσεις,
525 1776 836 1841 ἀκολούθως
886 1779 954 1848 τῇ
1001 1777 1112 1830 τῶν
1156 1775 1329 1846 ἁγίων
1354 1776 1578 1831 ἐκείνων
1625 1777 1878 1850 πατέρων

1979 589 2083 644 clis
2113 590 2376 659 apostolis
2407 591 2628 657 tradita,
2652 599 2706 646 et
2741 591 2793 645 in
2828 592 3069 647 Ecclesia
3111 601 3300 648 sancta
3344 594 3567 650 civitate

1979 680 2048 734 ab
2086 681 2343 736 omnibus
2392 681 2601 736 sanctis
2642 683 2919 754 episcopis
2961 684 3051 755 qui
3085 700 3250 754 supra
3291 693 3570 744 trecentos

1980 768 2047 823 ad
2079 769 2267 825 decem
2300 767 2548 841 fuerunt,
2569 773 2909 845 prtescripta.

2050 949 2210 1006 CXX.
2260 949 2457 1005 Verum
2501 951 2765 1023 quoniam
2819 960 2979 1009 aetate
3029 964 3217 1012 nostra
3268 957 3389 1014 alia:
3425 965 3566 1029 'post

1980 1043 2115 1099 alias
2148 1043 2385 1099 hatreses
2429 1053 2794 1106 emerserunt,
2839 1044 2907 1099 ad
2956 1045 3059 1100 hoc
3102 1063 3277 1119 usque
3327 1057 3566 1121 tempus.

1981 1137 2084 1190 sub
2125 1134 2492 1190 Valentiniani
2523 1145 2578 1192 et
2611 1135 2859 1192 Valentis
2898 1137 3153 1208 imperio,
3193 1155 3432 1210 quorum
3466 1142 3560 1197 de-

1979 1229 2157 1285 cimus
2191 1230 2304 1300 jam
2355 1245 2534 1286 annus
2587 1231 2792 1301 agitur,
2847 1241 2902 1286 et
2953 1229 3202 1286 Gratiani
3261 1241 3476 1296 sextus,
3539 1251 3570 1288 a

1981 1322 2324 1378 Diocletiano
2358 1338 2488 1378 vero
2536 1332 2770 1394 tyranno
2813 1325 3211 1394 nonagesimus
3238 1344 3250 1379 :
3278 1334 3569 1396 propterea

1981 1421 2089 1467 tam
2135 1430 2262 1482 vos,
2299 1430 2464 1486 quam
2508 1430 2611 1471 nos
2643 1415 2769 1485 ipsi,
2802 1425 2857 1471 et
2885 1416 3175 1472 orthodoxi
3217 1432 3410 1474 omnes
3449 1419 3570 1488 epi-

1981 1507 2154 1576 scopi,
2201 1515 2274 1573 et,
2321 1516 2382 1562 ut
2425 1524 2537 1562 uno
2578 1509 2749 1564 verbo
2795 1509 3147 1574 dicam,tota
3185 1509 3430 1567 Ecclesia
3473 1525 3572 1565 ca-

1981 1600 2181 1654 tholica
2237 1600 2504 1656 adversus
2559 1601 2895 1670 prodeuntes
2944 1602 3240 1658 identidem
3290 1603 3568 1670 haereses,

1979 1702 2461 1764 consentaneeque
2483 1707 2609 1748 cum
2635 1692 2886 1763 exposita
2913 1693 3076 1764 paulo
3098 1702 3224 1750 ante
3246 1702 3574 1754 sanctorum

1982 1779 2204 1836 Patrum
2249 1780 2374 1838 ﬁdei
2421 1782 2677 1848 formula,
2711 1783 2778 1839 iis
2809 1787 3114 1853 praesertim
3156 1787 3251 1857 qui
3297 1787 3570 1857 baptismo

279 1871 697 1943 προτεταγμένῃ
736 1869 943 1933 πίστει,
996 1869 1169 1934 οὕτως
1198 1869 1434 1940 λέγομεν
1476 1869 1712 1940 μάλιστα
1760 1874 1872 1937 τοῖς

1981 1873 2229 1928 initiandi
2278 1885 2437 1943 sunt,
2474 1875 2743 1946 praecipit,
2777 1884 2837 1930 ut
2869 1875 2972 1930 hoc
3004 1879 3169 1932 modo
3206 1882 3572 1950 proliteantur

278 1964 356 2036 τῷ
384 1965 525 2034 ἁγίῳ
563 1962 774 2034 λουτρῷ
815 1962 1174 2035 προσιοῦσιν,
1215 1962 1303 2016 ἵνα
1349 1962 1738 2032 ἀπαγγέλλωσι
1781 1967 1876 2019 καὶ

277 2057 508 2124 λέγωσιν
542 2054 716 2121 οῦτως
751 2075 765 2089 ο

349 2148 689 2219 Πιστεύομεν
733 2147 813 2210 είς
855 2146 955 2201 ’ένα
985 2145 1142 2211 Θεὸν,
1183 2147 1407 2221 Πατέρα
1433 2149 1872 2221 παντοκράτορα,
1907 2200 1917 2209 ,

277 2239 496 2293 πάντων
547 2237 795 2308 ἀοράτων
844 2254 906 2291 τε
961 2237 1056 2290 καὶ
1098 2237 1311 2307 ὁρατῶν
1367 2239 1622 2311 ποιητὴν,
1658 2241 1752 2293 καὶ
1795 2243 1876 2304 είς

276 2332 372 2384 ἕνα
404 2330 606 2403 Κύριον
648 2328 860 2401 Ἰησοῦν
889 2328 1125 2400 Χριστὸν
1155 2330 1245 2384 τὸν
1277 2331 1404 2384 Υίὸν
1439 2331 1531 2386 τοῦ
1564 2331 1724 2397 Θεοῦ,
1752 2350 1878 2401 γεν-

276 2426 509 2496 νηθέντα
557 2426 620 2478 ἐκ
667 2424 804 2478 Θεοῦ
855 2423 1095 2495 Πατρός,
1152 2427 1438 2496 μονογενῆ,
1483 2427 1761 2481 τουτέστιν
1811 2430 1876 2482 ὲκ

272 2520 376 2588 τῆς
408 2518 596 2582 οὐσίας
643 2518 738 2571 τοῦ
784 2515 1015 2588 Πατρός,
1048 2516 1182 2572 Θεὸν
1224 2519 1288 2572 ἐκ
1317 2518 1476 2582 Θεοῦ,
1514 2517 1630 2588 φῶς
1667 2519 1731 2571 ὲκ
1762 2535 1875 2588 φω-

273 2613 388 2677 τὸς,
419 2611 552 2664 Θεὸν
581 2609 834 2681 ἀληθινὸν
859 2611 923 2663 ὲκ
950 2609 1087 2663 Θεοῦ
1117 2608 1397 2681 ἀληθινοῦ,
1438 2611 1793 2680 γεννηθέντα,
1813 2611 1874 2664 οὐ

273 2704 595 2775 ποιηθέντα,
643 2703 928 2774 ὁμοούσιον
974 2689 1055 2771 τῷ
1093 2703 1292 2772 Πατρὶ,
1331 2703 1396 2756 δι’
1455 2698 1516 2758 οὗ
1571 2703 1641 2755 τὰ
1696 2703 1875 2757 πάντα

273 2796 513 2863 ἐγένετο,
561 2795 632 2848 τά
662 2810 722 2846 τε
768 2794 826 2845 ὲν
865 2795 975 2856 τοῖς
1022 2793 1274 2866 οὐρανοῖς
1316 2793 1411 2846 καὶ
1449 2793 1515 2847 τὰ
1564 2795 1621 2848 ὲν
1668 2795 1733 2865 τῇ
1778 2795 1872 2866 γῇ,

273 2887 447 2958 ὁρατά
476 2903 535 2939 τε
567 2886 662 2940 καὶ
709 2885 952 2955 ἀόρατα·
989 2884 1082 2938 τὸν
1110 2884 1175 2939 δι’
1209 2887 1356 2957 ἡμᾶς
1386 2886 1514 2949 τοὺς
1555 2884 1877 2958 ἀνθρώπους

275 2980 371 3032 καὶ
417 2979 506 3032 διὰ
552 2978 650 3051 τὴν
700 2977 978 3050 ἡμετέραν
1033 2977 1313 3049 σωτηρίαν
1357 2978 1728 3042 κατελθόντα,
1779 2979 1876 3033 καὶ

279 3068 668 3141 σαρκωθέντα,
718 3069 967 3124 τουτέστι
1014 3059 1346 3141 γεννηθέντα
1383 3069 1606 3134 τελείως
1661 3072 1726 3124 ἐκ
1777 3071 1874 3142 τῆς

276 3162 440 3231 ἁγίας
463 3162 682 3234 Μαρίας
713 3164 811 3233 τῆς
835 3160 1199 3232 ἀειπαρθένου
1233 3161 1321 3214 διὰ
1348 3161 1666 3233 Πνεύματος
1689 3162 1866 3231 ἀγίου,

276 3253 434 3306 ἐνανθ
445 3253 776 3325 ρωπήσαντα
796 3294 811 3317 ,
871 3251 1120 3305 τουτέστι
1177 3251 1384 3304 τέλειον
1443 3252 1750 3324 ἄνθρωπον,
1779 3254 1872 3306 λα-

276 3344 446 3400 δόντα
491 3343 608 3418 (29)
640 3343 818 3416 ψυχὴν
850 3344 944 3398 καὶ
977 3343 1138 3414 σῶμα
1183 3343 1277 3396 καὶ
1309 3343 1432 3397 νοῦν
1467 3345 1562 3398 καὶ
1592 3347 1790 3410 πάντα,
1822 3344 1877 3398 εἴ

275 3437 331 3494 τί
368 3441 516 3494 ἐστιν
556 3437 866 3511 ἄνθρωπος,
897 3438 1068 3510 χωρὶς
1104 3436 1396 3508 ἁμαρτίας,
1432 3437 1532 3490 οὐκ
1563 3437 1672 3491 ἀπὸ
1702 3437 1872 3508 σπέρ-

279 3549 453 3605 ματος
501 3531 714 3604 ἀνδρὸς,
745 3529 870 3584 οὐδὲ
923 3531 980 3583 ὲν
1032 3527 1337 3600 ἀνθρώπῳ,
1386 3529 1503 3583 ἀλλ’
1551 3531 1628 3594 εἰς
1679 3530 1872 3583 ἑαυτὸν

278 3626 460 3696 σάρκα
508 3622 903 3679 ἀναπλάσαντα
968 3623 1048 3685 είς
1097 3622 1226 3693 μίαν
1284 3622 1445 3691 ἁγίαν
1499 3623 1756 3694 ἑνότητα·
1809 3624 1870 3677 οὐ

277 3718 524 3787 καθάπερ
548 3718 606 3770 ὲν
635 3716 944 3787 προφήταις
975 3713 1266 3770 ὲνέπνευσέ
1293 3732 1354 3768 τε
1394 3715 1486 3768 καὶ
1517 3715 1748 3785 ὲλάλησε
1775 3715 1871 3770 καὶ

349 3873 461 3942 (27)
514 3873 694 3941 Ὑπὲρ
727 3871 1088 3942 τριακοσίων
1127 3870 1296 3925 δέκα.
1338 3871 1588 3941 Appellat
1631 3870 1872 3941 Epipha-

275 3943 404 3997 nius
447 3941 708 3998 Nicwnos
755 3941 969 4005 Patres,
1002 3941 1227 4000 denotat
1266 3942 1620 4012 descriptum,
1652 3956 1682 3995 a
1715 3956 1775 3996 se
1803 3956 1870 3997 eo

279 4015 484 4068 inloco
523 4013 842 4084 Symbolum
882 4015 1101 4084 illorum
1129 4027 1274 4076 esse,
1312 4013 1416 4068 hoc
1447 4010 1532 4068 est
1559 4010 1861 4084 Nicaenum.

276 4086 395 4149 Qua
440 4084 508 4139 de
544 4081 600 4139 re
636 4084 748 4139 duo
780 4083 1285 4138 animadvertamus
1314 4089 1530 4150 oportet
1559 4100 1573 4136 :
1605 4081 1864 4146 alterum,

277 4155 508 4224 simplex
544 4168 848 4224 purumque
882 4151 1161 4224 Nicmnum
1192 4151 1511 4224 Symbolum
1532 4167 1720 4224 revera
1756 4167 1864 4205 non

276 4223 422 4294 esse,
469 4223 563 4281 sed
600 4223 782 4294 potius
830 4223 1526 4294 ConstantinOpolitanum,
1573 4223 1718 4294 quod
1770 4235 1868 4289 pro

276 4292 500 4348 Nicamo
546 4289 706 4350 nobis
754 4294 824 4347 ab
875 4293 1178 4363 Epiphanio
1204 4289 1560 4363 proponitur.
1592 4289 1675 4363 ’|_d
1709 4305 1868 4363 aper-5

278 4367 492 4419 tissime
540 4360 1018 4419 demonstrare—tur
1069 4360 1234 4432 facta—
1275 4360 1571 4417 cellatione
1620 4360 1864 4432 Syinboli

278 4435 444 4503 hujus
477 4433 838 4506 Epiphaniam
893 4431 1293 4506 cum__Nic:eno
1316 4503 1326 4506 _
1349 4433 1483 4506 illo,_
1514 4431 1671 4506 quod
1706 4431 1866 4506 nobis

277 4501 484 4576 scripto
523 4501 858 4569 transmisit,
895 4505 986 4576 qui
1036 4502 1274 4576 Metonis
1315 4501 1564 4576 interfuit
1600 4502 1861 4576 comitiis,

1975 1979 2040 2020 ac
2067 1963 2254 2021 dicant
2283 1985 2296 2021 :

2047 2141 2337 2200 Credimus
2363 2144 2420 2198 in
2445 2161 2615 2200 unum
2651 2145 2818 2202 Deum
2854 2147 3070 2204 Patrem
3111 2149 3566 2220 omnipotentem,

1977 2234 2225 2287 omnium
2282 2234 2640 2290 invisibilium
2691 2237 3105 2308 visibiliumque
3164 2238 3462 2304 factorem,
3511 2247 3569 2294 et

1978 2326 2032 2380 in
2071 2343 2250 2381 unum
2297 2326 2590 2382 Dominum
2640 2327 2825 2384 Jesum
2864 2330 3147 2387 Christum
3196 2330 3391 2385 Filium
3445 2330 3565 2395 Dei,

1975 2418 2220 2488 genitum
2253 2435 2282 2474 a
2314 2419 2426 2476 Deo
2448 2420 2630 2483 Patre,
2667 2422 3028 2491 unigenitum,
3059 2423 3164 2478 hoe
3190 2432 3296 2488 est,
3328 2439 3357 2478 e
3386 2423 3568 2480 Patris

1976 2511 2302 2578 substantia,
2339 2513 2508 2570 Deum
2544 2514 2610 2569 de
2640 2513 2770 2581 Deo,
2805 2516 2989 2570 lumen
3024 2515 3092 2571 de
3123 2517 3348 2582 lumine,
3395 2518 3566 2573 Deum

1976 2619 2164 2658 verum
2201 2604 2270 2660 de
2312 2604 2421 2660 Deo
2460 2622 2612 2669 vero,
2650 2608 3032 2676 genitum,non
3071 2609 3299 2678 factum,
3326 2612 3567 2667 consub-

1975 2699 2287 2754 stantialem
2324 2698 2497 2768 Patri,
2546 2716 2646 2770 per
2676 2717 2838 2772 quem
2875 2703 3060 2758 omnia
3093 2704 3234 2758 facta
3269 2712 3421 2767 sunt,
3456 2712 3564 2758 tam

1974 2806 2096 2862 quaa
2128 2792 2284 2847 caelis
2316 2807 2479 2862 quam
2511 2809 2634 2864 qua:
2663 2805 2806 2851 terra
2837 2798 3212 2860 continentur,
3252 2797 3488 2852 visibilia
3512 2803 3568 2849 et

1975 2881 2296 2936 invisibilia.
2347 2881 2451 2949 Qui
2506 2892 2731 2954 propter
2775 2900 2878 2940 nos
2936 2885 3187 2939 homines
3241 2892 3295 2939 et
3345 2894 3567 2953 propter

1975 2978 2222 3026 nostram
2265 2972 2496 3027 salutem
2536 2973 2840 3041 descendit,
2874 2982 2928 3029 et
2962 2975 3280 3028 incarnatus
3314 2980 3420 3030 est.
3463 2973 3568 3026 hoc

1974 3073 2078 3126 est,
2123 3079 2190 3118 ex
2245 3063 2417 3118 Maria
2464 3079 2681 3134 semper
2722 3066 2936 3136 virgine
2979 3081 3074 3136 per
3123 3065 3389 3136 Spiritum
3434 3079 3567 3119 san-

1975 3164 2121 3210 ctum
2177 3156 2416 3224 perfecte
2443 3155 2682 3227 genitus,
2724 3157 2887 3210 homo
2929 3156 3106 3212 factus
3157 3163 3276 3216 est.
3322 3153 3482 3226 124
3510 3155 3561 3208 id

1975 3255 2093 3310 est,
2151 3247 2455 3318 perfectum
2505 3250 2808 3319 assumpsit
2858 3250 3135 3304 hominem
3163 3287 3177 3312 ,
3223 3249 3463 3302 animam
3510 3258 3572 3303 et

1975 3355 2180 3410 corpus
2225 3347 2280 3395 et
2325 3350 2562 3396 mentem
2613 3349 2668 3395 et
2712 3355 2877 3394 omne
2921 3340 3188 3410 quidquid
3243 3340 3408 3395 homo
3455 3347 3564 3399 est.

1974 3441 2205 3502 excepto
2249 3441 2497 3504 peccato,
2553 3449 2661 3488 non
2692 3449 2723 3488 e
2754 3433 2901 3488 virili
2955 3442 3098 3499 satu,
3136 3449 3238 3488 nec
3271 3433 3343 3486 ita
3401 3440 3462 3487 ut
3509 3433 3565 3488 in

1975 3523 2197 3578 homine
2226 3523 2495 3578 duntaxat
2536 3523 2763 3589 inesset,
2810 3523 2904 3580 sed
2949 3523 3003 3578 in
3057 3523 3300 3593 seipsum
3335 3522 3563 3578 edictam

1975 3613 2119 3668 illam
2151 3629 2372 3670 carnem
2402 3615 2704 3682 transtulit,
2729 3625 2782 3670 et
2809 3616 2862 3670 in
2890 3631 3055 3670 unam
3081 3631 3144 3669 ac
3174 3623 3421 3669 sanctam
3453 3615 3566 3670 siu-

1973 3707 2320 3777 gularitatem
2379 3703 2691 3778 conjunxit,
2746 3724 2851 3764 non
2905 3709 2971 3763 ad
3016 3723 3140 3763 eum
3188 3708 3406 3762 modum
3456 3723 3563 3778 quo

1973 3860 2278 3934 en_ascitur_
2301 3862 2536 3934 alterum
2570 3863 2714 3934 quod
2747 3863 3292 3918 animadvertendum
3323 3879 3446 3919 esse
3479 3864 3558 3918 di-

1971 3931 2186 4005 cebam.
2245 3932 2348 3998 Qui
2411 3931 2669 3988 nimirum
2718 3934 2921 3988 factum
2953 3935 3047 4005 sit
3096 3943 3155 3988 ut
3202 3935 3563 4005 Epiphanius,

1973 4003 2064 4071 qui
2109 4001 2436 4058 Ancoratum
2473 4006 2696 4074 scripsit
2739 4005 2900 4060 annis
2931 4004 3120 4058 decem
3149 4001 3276 4058 ante
3307 4001 3566 4060 celebra-

1972 4074 2436 4144 tumhconcilium
2490 4074 3200 4144 Constantinopolitanum,A
3242 4074 3564 4144 Symbolum

1972 4141 2027 4194 in
2079 4141 2172 4194 illo
2211 4145 2457 4212 posuerit
2507 4141 3118 4212 Constantinopolitano
3178 4141 3298 4197 fere
3345 4145 3552 4211 simile;

1971 4213 2220 4284 posuerit
2233 4221 2313 4284 _ut
2342 4211 2620 4284 Niczenum
2649 4211 2902 4284 quamvis
2935 4228 2963 4265 a
2997 4211 3216 4268 Nieamo
3263 4215 3422 4284 longe
3449 4214 3566 4268 dis-

1971 4281 2170 4335 simile.
2229 4281 2304 4336 Ea
2359 4281 2628 4337 dubitatio
2669 4281 2830 4337 facile
2881 4284 3134 4346 solvitur,
3169 4284 3213 4338 si
3256 4281 3565 4346 cogitemus

1969 4349 2164 4422 Patres
2214 4352 2377 4422 primi
2429 4353 3026 4422 Constantinopolitani
3067 4325 3286 4408 concilii
3326 4325 3564 4408 li\'icacno

1971 4420 2229 4494 Symbolo
2263 4421 2628 4478 additamenta
2660 4420 2878 4494 proprie
2908 4440 3016 4478 non
3054 4425 3337 4492 posuisse;
3383 4426 3476 4480 sed
3507 4425 3567 4479 il-

1970 4492 2086 4565 lud,
2121 4501 2182 4546 ut
2221 4501 2342 4547 erat:
2371 4495 2480 4558 jam
2516 4511 2620 4551 usu
2660 4492 2719 4549 et
2751 4492 2996 4549 moribus
3044 4496 3306 4556 fidelium,
3345 4508 3439 4549 aut
3468 4511 3564 4565 po-

276 4559 540 4630 Caesarem
571 4559 863 4647 episcopus
899 4559 1170 4628 lilusebius
1191 4575 1370 4647 _in___sua
1405 4573 1472 4647 {id
1505 4559 1862 4647 Ca'snrienses
1895 4559 1940 4614 D
1971 4563 2082 4617 lius
2108 4565 2524 4647 “episcoporum
2548 4643 2557 4647 _
2578 4566 2928 4647 institutique
2983 4575 3312 4647 receptum,"
3343 4559 3563 4647 addita-

276 4648 523 4714 rpistulu.
577 4641 738 4716 q'uam
764 4641 1026 4714 ’legimus
1059 4644 1202 4714 apud
1237 4643 1644 4716 'l‘heodqretum
1689 4641 1758 4696 II.
1798 4642 1864 4716 Εῗ

278 4712 417 4770 libro
451 4712 625 4786 primo
654 4717 832 4786 capite
853 4712 956 4778 '1‘2,
1009 4712 1111 4786 vel—
1139 4729 1263 4768 cum
1313 4715 1406 4768 illo
1447 4712 1687 4786 Nicaeum,
1720 4714 1867 4786 quod

275 4781 498 4843 exhibet
541 4781 799 4842 Socrates
847 4787 987 4840 libro
1024 4785 1202 4855 primo
1232 4786 1408 4853 capite
1444 4784 1497 4855 δ.
1531 4781 1685 4848 Quod
1711 4783 1867 4855 exihi-

274 4857 406 4912 bent
459 4858 573 4919 alii,
623 4867 685 4910 ut
742 4851 1414 4919 llilarius.'Atlianasius,
1452 4853 1710 4915 Basilius,
1761 4851 1869 4907 Leo

276 4926 527 4997 Magnus,
562 4930 695 4981 Acta
733 4937 974 4984 veterum
1002 4925 1390 4997 conciliorum,
1424 4925 1506 4997 vel
1543 4933 1754 4979 veteres
1778 4939 1869 4997 ea-

275 4995 484 5052 nonum
518 4998 780 5053 Ecclesia:
809 4997 1214 5055 Collectiones;
1252 4996 1392 5062 quod
1431 4995 1595 5049 etiam
1629 5009 1695 5049 ex
1727 4995 1870 5048 anti-

275 5085 511 5136 quorum
547 5068 880 5123 membranis
910 5067 1131 5122 exhibet
1162 5063 1495 5136 Thomasius
1527 5075 1732 5136 nostrae
1755 5065 1870 5136 edi:

277 5133 448 5193 tionis
487 5139 596 5191 vol.
649 5137 714 5204 ll,
755 5154 810 5208 p.
859 5138 982 5199 547,
1015 5144 1068 5190 et
1096 5133 1442 5208 rvolqum._ll_l,
1478 5151 1600 5206 pag.
1639 5133 1867 5208 617._ASi

277 5208 422 5263 enim
475 5204 793 5264 conferatur
841 5207 1126 5277 Epiphanii
1189 5204 1694 5277 Symbolumfcum
1749 5204 1865 5269 illo,

277 5279 423 5348 quod
458 5281 703 5332 onmium
735 5294 841 5347 qua
886 5275 1152 5339 veterum,
1188 5275 1292 5346 qna
1333 5275 1702 5348 recentiorum
1734 5289 1869 5329 con-

279 5351 558 5411 seusioue,
599 5350 875 5403 Neaenum
922 5361 1110 5401 revera
1139 5359 1245 5412 est,
1283 5347 1609 5401 latissimum
1644 5361 1867 5415 appare-

279 5421 357 5474 bit
408 5422 550 5472 inter
592 5431 894 5489 utrumque
946 5415 1265 5472 discrimen.
1306 5416 1399 5470 Vel
1452 5415 1672 5469 unicum
1729 5416 1865 5489 illud

277 5501 442 5559 caput
475 5490 541 5543 de
577 5485 1032 5559 Spiritu—saneto
1065 5502 1094 5540 e
1148 5503 1206 5559 re
1250 5495 1447 5559 nostra
1488 5485 1741 5554 praesenti
1784 5486 1868 5540 in-

277 5556 433 5631 signe
466 5556 699 5631 videtur.
739 5560 794 5613 In
827 5573 908 5631 eo_
940 5558 1145 5631 Nicaeni
1183 5557 1371 5611 Patres
1401 5556 1587 5610 dixere
1622 5563 1866 5631 tantum:-

277 5626 464 5691 moilo,
490 5627 777 5682 Credimus
799 5638 848 5681 et
890 5628 946 5681 in
978 5628 1240 5696 Spiritum
1268 5636 1534 5690 sanctum,
1566 5626 1665 5696 καὶ,
1698 5626 1779 5696 εἰς
1805 5626 1868 5678 τὸ

277 5701 504 5771 Πνεῦμα
555 5702 619 5758 τὸ
664 5701 863 5771 ἀγιονη
893 5694 1164 5771 siautem
1219 5697 1361 5771 idem
1392 5698 1521 5771 “hoc
1574 5694 1865 5771 Epiphanii

275 5765 594 5838 Symbolum
644 5765 768 5824 cuin
815 5770 908 5823 illo
953 5767 1560 5838 Constantinopolitano
1589 5765 1866 5838 conferas,

279 5832 523 5916 proiecto
546 5841 718 5895 eidem
741 5840 921 5894 simile
949 5838 1243 5892 admodum
1274 5832 1672 5910 deprehendes.
1710 5834 1865 5892 Unde

557 5939 827 5998 ΡΑτιιοι..
860 5937 980 6000 Gn.
1006 5933 1213 5997 XLIII

1976 4635 2197 4705 mentis,
2233 4637 2433 4704 quibus
2479 4643 2613 4690 orta:
2667 4645 2790 4705 post
2840 4633 3046 4689 NthBlll
3096 4633 3312 4690 concilii
3347 4645 3560 4691 aetatem

1974 4703 2211 4759 haereses
2255 4703 2682 4767 refellebantur;
2740 4716 2983 4764 auctum,
3037 4707 3388 4774 explicatum,
3449 4723 3565 4759 am-

1971 4774 2232 4846 pliatum,
2281 4775 2544 4845 suffragio
2598 4791 2699 4831 suo
2747 4776 3212 4846 comprobavisse,
3251 4787 3301 4830 et
3355 4791 3562 4845 praece-

1973 4844 2141 4911 pisse,
2178 4854 2236 4899 ut
2271 4844 2476 4900 omnes
2508 4847 2561 4900 in
2607 4844 2889 4900 elicienda
2913 4846 3034 4900 ﬁdei
3079 4844 3420 4915 professione
3472 4848 3566 4900 illo

1974 4923 2279 4971 uterentur.
2317 4917 2399 4970 Ad
2449 4931 2573 4970 eum
2622 4916 2790 4970 ferme
2825 4917 3068 4979 modum,
3101 4934 3210 4984 quo
3241 4917 3564 4972 Tridentina

1975 4986 2220 5057 synodus
2260 4986 2556 5057 Vulgatam
2590 5001 2875 5057 sacrorum
2930 4987 3229 5040 Bibliorum
3265 4988 3565 5042 editionem

1971 5055 2318 5128 approbavit,
2383 5055 2671 5128 'voluilque
2730 5056 3104 5110 authenticam
3162 5058 3369 5112 haberi.
3434 5058 3566 5112 Erat

2025 5127 2203 5196 ulgata
2259 5133 2385 5180 ante
2445 5126 2850 5189 Tridentinum,
2911 5127 3003 5181 sed
3061 5145 3167 5182 non
3216 5137 3335 5182 erat
3385 5130 3564 5183 adhuc

1971 5195 2236 5267 singulari
2291 5197 2545 5252 Ecclesiae
2574 5199 2786 5267 judicio
2839 5199 3087 5266 probata.
3130 5199 3314 5267 Itaque
3363 5207 3564 5254 eratet

1973 5266 2094 5320 fidei
2127 5267 2445 5337 Symbolum
2477 5266 2754 5322 Niemnum
2788 5267 3177 5324 additamentis
3213 5266 3432 5322 auctum
3464 5285 3564 5322 an-

1971 5343 2190 5408 tequam
2246 5354 2402 5391 sacra
2454 5341 2896 5393 coadunarentur
2945 5340 3420 5408 Constantinopoli
3468 5355 3562 5394 eo-

1972 5407 2123 5460 mitia
2159 5425 2171 5460 :
2209 5410 2449 5461 nomlum
2495 5420 2612 5462 erat
2649 5419 2829 5462 tamen
2884 5408 3141 5463 Ecclesiae
3168 5407 3428 5470 suffragio
3473 5424 3562 5462 sa-

1969 5489 2201 5531 cratum.
2237 5481 2376 5533 Ante
2406 5480 2593 5534 eadem
2628 5481 2718 5533 illa
2757 5481 2978 5534 comitia
3027 5496 3135 5534 non
3191 5481 3408 5533 unicqu
3460 5478 3560 5530 ha-

1971 5547 2375 5621 buisseﬁdeles
2396 5549 2745 5621 Symbolum,
2786 5550 2880 5605 sed
2921 5551 3074 5621 plura
3097 5550 3178 5604 vel
3211 5566 3272 5602 ex
3307 5547 3558 5621 praesenti

1970 5617 2094 5690 loco
2139 5617 2757 5689 Epiphanii'colligitur,
2792 5622 2883 5690 qui
2921 5617 3158 5673 Nica‘no
3194 5631 3296 5672 suo
3326 5617 3557 5672 alterunt

1971 5687 2276 5755 subiungit,
2313 5690 2498 5759 illique
2526 5687 2784 5746 anteferri
2812 5687 3000 5759 'jubet.

2051 5760 2163 5828 (‘28)
2203 5759 2336 5814 Vide
2371 5773 2479 5814 net.
2515 5761 2578 5814 ad
2610 5778 2661 5814 n.
2693 5759 2826 5812 LXI.

2039 5823 2154 5905 βο)
2191 5831 2274 5887 cr.
2311 5846 2364 5885 n.
2407 5830 2639 5896 mw,
2671 5839 2781 5884 not.
2825 5825 2916 5882 32.
