4018 6210
448 341 554 402 €33

1855 346 1912 403 S.
1954 344 2294 401 EPlPllANll

3605 357 3718 415 9..πὸ

452 464 734 535 prophetis
779 461 1062 533 aspiravit,
1098 471 1149 516 ct
1184 460 1238 515 in
1283 459 1391 515 illis
1428 459 1643 516 loculus
1676 466 1779 525 est,
1819 457 2024 513 effecit-

2130 457 2448 528 ἐνήργησεν,
2486 455 2630 512 ἀλλὰ
2671 442 2893 526 τελείως
2929 462 3455 537 ἐνανθρωπήσαντα·
3504 459 3565 520 ’0
3596 469 3716 541 ⁴γὰρ

452 574 557 627 que
608 556 907 628 quidpiam,
957 553 1052 609 sed
1108 554 1273 606 homo
1328 549 1601 622 perfectus
1646 565 1769 607 csse
1808 551 2025 606 voluit:

462 646 687 703 Verbum
732 647 932 717 quippe
967 661 1092 714 rara
1132 643 1332 712 factum
1360 651 1438 697 est
1471 645 1526 710 ¹;
1564 657 1739 713 neque
1771 650 1865 697 aut
1911 658 2029 697 mu-

452 740 708 792 tationem
736 736 900 790 ullam
930 743 1015 790 est
1050 745 1356 804 expertum,
1386 741 1478 787 aut
1502 732 1841 789 divinitatem
1872 750 2027 790 suam

452 831 506 882 in
545 838 798 883 naturam
841 826 1109 882 convertit
1157 826 1415 890 hominis,
1464 824 1560 882 sed
1603 828 1657 881 in
1697 842 1862 882 unam
1902 843 2030 885 san-

451 927 592 974 ctam
638 919 1028 990 perfectionem
1059 919 1509 989 divinitatemque
1539 918 1843 989 copulavit;
1887 934 2028 975 unus

447 1017 532 1066 est
559 1012 705 1067 enim
739 1000 999 1067 Dominus
1029 1008 1191 1066 Jesus
1221 1008 1496 1074 Christus,
1535 1025 1642 1066 non
1678 1010 1827 1078 duo;
1881 1010 2024 1066 idem

449 1101 614 1166 Deus,
646 1101 789 1157 idem
823 1100 1110 1166 Dominus,
1143 1101 1396 1172 idemque
1427 1117 1543 1157 rex.
1580 1100 1689 1168 Qui
1720 1118 1917 1173 passus
1945 1110 2030 1158 est

448 1196 505 1248 in
542 1209 728 1258 carne,
772 1202 826 1249 et
859 1195 1178 1260 resurrexit,
1217 1202 1271 1249 et
1299 1194 1497 1249 coelum
1531 1209 1655 1248 cum
1679 1194 1870 1250 eodem
1904 1209 2029 1250 cor-

450 1301 580 1357 pore
617 1282 971 1353 conscendit;
1019 1292 1072 1341 et
1117 1285 1186 1340 ad
1232 1283 1515 1341 dexteram
1561 1285 1742 1343 Patris
1790 1287 2028 1358 gloriose

446 1375 732 1441 consedit;
767 1386 820 1431 et
848 1389 981 1429 cum
1005 1375 1197 1431 eodem
1229 1389 1462 1446 corpore
1491 1387 1753 1432 venturus
1784 1384 1868 1432 est
1901 1390 2026 1432 cum

446 1466 618 1538 gloria
643 1466 892 1537 judicare
926 1466 1078 1522 vivos
1115 1473 1172 1522 et
1205 1475 1487 1533 mortuos;
1531 1466 1691 1538 cujus
1722 1467 1874 1539 regni
1918 1481 2026 1522 non

2133 549 2322 618 Λόγος
2345 549 2502 617 σὰρξ
2537 549 2796 621 ἐγένετο,
2822 554 2882 607 ού
2922 555 3129 626 τροπὴν
3160 557 3422 623 ὑποστὰς,
3450 558 3575 613 οὐδὲ
3602 558 3718 631 ’με-

2129 639 2377 694 ταϐαλὼν
2419 641 2519 713 τὴν
2571 642 2762 697 ἐαυτοῦ
2789 643 3018 717 θεότητα
3055 649 3136 711 είς
3181 648 3597 721 ἀνθρωπότητα.
3633 653 3716 714 είς

2134 730 2263 801 μίαν
2300 730 2677 789 συνενώσαντα
2713 736 2905 788 ἑαυτοῦ
2952 736 3112 804 ἁγίαν
3142 738 3461 811 τελειότητά
3505 757 3565 795 τε
3614 742 3715 795 καὶ

2130 825 2391 898 θεότητα’
2420 821 2500 890 εἷς
2526 827 2635 900 γάρ
2662 829 2810 882 ἐστιν
2842 828 3045 900 Κύριος
3101 831 3309 902 Ἰησοῦς
3354 833 3590 903 Χριστὸς
3617 832 3715 885 καὶ⁸

2129 919 2188 972 ού
2220 917 2335 980 δύο.
2361 922 2390 974 ὁ
2419 921 2582 986 αὐτὸς
2605 921 2759 985 Θεὸς,
2800 923 2830 975 ὁ
2853 922 3016 988 αὐτὸς
3045 923 3270 994 Κύριος,
3311 925 3340 977 ὁ
3369 924 3531 990 αὐτὸς
3561 925 3714 995 βασι-

2131 1010 2277 1075 λεύς.
2326 1010 2576 1067 Παθόντα
2621 1014 2678 1067 δὲ
2721 1014 2811 1069 τὸν
2867 1015 3033 1069 αὐτὸν
3077 1016 3136 1069 ἐν
3196 1017 3380 1088 σαρκὶ,
3432 1018 3526 1071 καί⁵
3580 1018 3716 1071 ἁνα-

2131 1103 2361 1165 στάντα,
2409 1105 2504 1160 καὶ
2541 1104 2831 1159 ἀνελθόντα
2876 1107 2959 1170 είς
2998 1106 3126 1169 τοὺς
3156 1107 3420 1176 οὐρανοὺς
3459 1108 3516 1160 ἐν
3559 1107 3715 1178 αὐτῷ

2130 1192 2207 1264 τῷ
2233 1192 2467 1264 σώματι,
2496 1194 2721 1261 ἐνδόξως
2746 1194 3048 1249 καθίσαντα
3085 1198 3145 1250 ἐν
3170 1194 3321 1267 δεξιᾷ
3349 1195 3443 1249 τοῦ
3474 1196 3711 1266 Πατρδς,

2130 1283 2423 1355 ἐρχόμενον
2457 1285 2515 1338 ἐν
2543 1283 2694 1356 αὐτῷ
2738 1283 2821 1356 τῷ
2854 1283 3068 1357 σώματι
3101 1287 3161 1338 ἐν
3185 1284 3314 1356 δόξῃ
3354 1286 3535 1358 κρῖναι
3566 1285 3713 1351 ζῶν.

2127 1392 2227 1439 τας
2270 1375 2365 1430 καὶ
2395 1376 2622 1448 νεκρούς
2640 1390 2654 1404 ’
2685 1370 2748 1430 οὗ
2776 1378 2877 1448 τῆς
2912 1376 3191 1447 βασιλείας
3214 1377 3316 1429 οὐκ
3345 1362 3498 1432 ἐδται
3532 1375 3707 1439 τέλος.

2130 1468 2241 1523 Καὶ
2284 1469 2363 1533 είς
2394 1469 2457 1522 τὸ
2500 1468 2656 1539 ἅγιον
2696 1469 2926 1541 Πνεῦμα
2965 1468 3317 1540 πιστεύομεν,
3363 1470 3427 1522 τὸ
3471 1468 3714 1541 λαλῆσαν

446 1559 552 1613 erit
598 1558 739 1615 linis.
787 1557 1168 1614 Credimus'et
1201 1558 1256 1612 in
1300 1555 1564 1626 Spiritum
1617 1565 1889 1622 sanctum,
1934 1556 2024 1628 qui

2131 1559 2189 1611 ἐν
2224 1558 2415 1630 Νόμῳ,
2451 1558 2544 1613 καὶ
2568 1559 2811 1631 κηρύξαν
2840 1562 2900 1613 ἐν
2926 1561 3042 1623 τοῖς
3068 1561 3396 1631 προφήταις.
3425 1560 3520 1612 καὶ
3545 1576 3715 1613 κατα-

450 1651 664 1706 Iocutus
689 1657 774 1707 est
808 1650 862 1705 in
902 1651 1041 1722 lege,
1075 1660 1129 1706 et
1157 1664 1254 1720 per
1280 1651 1575 1721 prephetas
1605 1648 1944 1720 praedicavit,
1975 1656 2024 1704 et

2129 1647 2234 1702 δάν
2281 1650 2375 1704 ἐπὶ
2411 1649 2505 1704 τὸν
2563 1651 2859 1723 Ἰορδάνην,
2903 1650 3099 1705 λαλοῦν
3144 1653 3203 1705 ἐν
3244 1652 3586 1716 ἀποστόλοις,
3624 1653 3713 1705 ei.

447 1744 513 1800 ad
547 1743 840 1800 Iordanem
876 1743 1182 1810 descendit,
1214 1744 1269 1797 in
1307 1743 1570 1813 apostolis
1594 1743 1811 1798 loeutus
1832 1748 1937 1809 est,
1975 1746 2024 1797 et

2131 1740 2262 1796 κοῦν
2309 1742 2369 1796 ἐν
2401 1741 2595 1811 ἁγίοις.
2626 1741 2814 1806 Οὕτως
2861 1743 2919 1796 δέ
2967 1741 3296 1814 πιστεύομεν
3323 1742 3383 1796 ἐν
3410 1742 3581 1812 αὐτῷ,
3626 1742 3712 1796 ὅτι

445 1837 501 1892 in
526 1838 734 1894 sanctis
757 1837 983 1893 habitat.
1014 1836 1090 1891 lta
1118 1853 1285 1909 porro
1304 1853 1405 1894 nos
1428 1837 1483 1893 in
1507 1837 1686 1907 ipsum
1711 1835 2022 1891 credimus:

2132 1833 2250 1887 ἐστὶ
2293 1805 2523 1905 Πνεῦμα
2558 1831 2734 1901 ἅγιον,
2765 1835 2994 1905 Πνεῦμα
3024 1805 3447 1906 ΘεοῦίΠνεῦμα
3481 1805 3710 1898 τέλειον,

445 1929 712 2000 Spiritum
764 1945 890 1987 esse
937 1939 1212 1998 sanctum,
1265 1929 1529 2002 Spiritum
1579 1928 1699 1993 Dei,
1761 1927 2025 2000 Spiritum

448 2020 773 2089 perfectum,
808 2020 1073 2093 Spiritum
1109 2021 1477 2090 Paraeletum,
1511 2022 1837 2088 inereatum,
1865 2036 1895 2076 a
1920 2020 2028 2076 Pa-

445 2120 528 2167 tre
554 2113 961 2183 procedentem,
995 2102 1357 2184 accipientem
1391 2126 1422 2167 a
1450 2110 1610 2178 Filio,
1644 2112 1697 2167 in
1724 2127 1884 2183 quem
1906 2127 2027 2167 ere-

442 2202 648 2259 dimus.
696 2202 964 2259 Praeterea
1007 2204 1287 2259 credimus
1317 2205 1372 2258 in
1409 2219 1572 2259 unam
1606 2205 1929 2260 catholicam
1974 2212 2028 2258 et

446 2295 802 2365 apostolicam
856 2293 1189 2357 Ecclesiam,
1240 2302 1296 2350 et
1345 2295 1402 2350 in
1454 2310 1622 2350 unum
1690 2296 2029 2365 pmnitentiae

446 2384 802 2455 baptismum,
849 2394 904 2440 et
942 2385 998 2440 in
1041 2387 1500 2443 resurrectionem
1547 2396 1913 2453 mortuorum,
1962 2403 2027 2442 ac

441 2479 648 2548 justum
712 2476 1016 2534 animarum
1071 2493 1477 2552 corporumque
1523 2480 1829 2551 judicium,
1871 2489 1928 2537 et
1969 2482 2024 2536 in

445 2586 675 2642 regnum
702 2571 1006 2638 cmiorum,
1048 2579 1103 2626 et
1137 2572 1194 2627 in
1227 2572 1396 2627 vitam
1428 2581 1709 2630 aeternam.
1742 2571 1850 2629 Eos
1899 2588 2027 2628 vero

444 2663 534 2733 qui
569 2661 759 2718 dicunt
801 2660 973 2719 fuisse
1013 2663 1308 2737 aliquando
1356 2676 1483 2719 cum
1517 2679 1626 2719 non
1674 2671 1821 2720 esset
1852 2661 2025 2720 Filius

443 2762 535 2810 aut
565 2756 804 2826 Spiritus
849 2764 1075 2813 sanctus
1095 2798 1110 2825 ,
1143 2764 1238 2812 aut
1266 2772 1297 2813 e
1327 2756 1501 2812 nihilo
1530 2770 1654 2814 esse
1687 2755 1910 2821 factum,
1940 2755 2025 2810 vel

441 2856 509 2896 ex
544 2842 715 2899 altera
740 2844 1022 2916 hypostasi
1050 2852 1155 2899 aut.
1172 2843 1482 2902 substantia
1511 2863 1525 2898 ε
1554 2845 1760 2917 quique
1795 2858 2026 2900 conver-

440 2932 585 2987 sioni
627 2940 720 2986 aut
756 2932 1047 2988 mutationi
1090 2935 1388 2990 obnoxium
1418 2947 1543 2989 esse
1578 2935 1770 2989 dicunt
1812 2931 1905 2990 Dei
1934 2931 2025 2989 Fi-

441 3021 573 3077 lium
604 3032 697 3077 aut
722 3022 989 3094 Spiritum
1011 3031 1266 3080 sanctum
1288 3065 1304 3092 ,
1338 3022 1439 3079 hos
1462 3038 1655 3080 omnes
1679 3024 2026 3082 anathemate

2129 1923 2354 1993 Πνεῦμα
2405 1923 2794 1996 Παράκλητον,
2854 1924 3146 1989 ἄκτιστον,
3208 1927 3293 1978 ἐκί
3339 1924 3434 1978 τοῦ
3492 1924 3713 1996 Harpe;

2130 2014 2581 2085 ἐκπορευόμενον,
2608 2014 2700 2069 καὶ
2730 2015 2794 2068 ἐκ
2827 2013 2919 2067 τοῦ
2950 2014 3080 2069 Υίοῦ
3108 2014 3710 2086 λαμϐανόμενονδίω),

2094 2144 2099 2147 -
2129 2104 2222 2157 καὶ
2250 2106 2639 2175 πιστευόμενον
2664 2122 2679 2136 °
2705 2107 2786 2169 είς
2814 2104 2942 2176 μίαν
2970 2104 3265 2175 καθολικὴν
3296 2105 3391 2159 καὶ
3422 2102 3711 2158 άποστολιυ

2129 2196 2231 2267 κήν
2286 2198 2613 2266 Ἐκκλησίαν
2634 2211 2648 2226 ’
2704 2197 2799 2251 καὶ
2836 2199 2916 2260 είς
2958 2196 3018 2255 ἓν
3063 2196 3346 2268 βάπτισμα
3398 2195 3709 2267 μετανοίας,

2128 2291 2223 2342 καὶ
2274 2290 2355 2353 εἰς
2399 2289 2692 2344 ἀνάστασιν
2725 2287 2955 2361 νεκρῶν,
2996 2289 3091 2342 καὶ
3124 2289 3305 2360 κρίσιν
3350 2288 3565 2343 δικαίαν
3606 2287 3710 2358 ψυ-

2127 2376 2237 2450 χῶν
2281 2381 2375 2434 καὶ
2408 2380 2698 2451 σωμάτων.
2734 2382 2833 2435 καὶ
2864 2383 2947 2446 εἰς
2993 2379 3269 2451 βασιλείαν
3316 2379 3578 2452 οὐρανῶν,
3613 2380 3712 2433 καὶ

2127 2472 2209 2536 είς
2236 2470 2381 2543 ζωὴν
2408 2471 2646 2527 αἰώνιον.
2681 2472 2822 2537 Τοὺς
2853 2472 2911 2526 δέ
2942 2472 3198 2541 λέγοντας
3242 2474 3326 2527 ὅτι
3353 2467 3423 2542 ἦν
3459 2487 3591 2525 ποτε
3616 2470 3709 2524 ὅτε

2127 2563 2227 2619 ούκ
2239 2560 2308 2636 ἦν
2321 2565 2351 2616 ὁ
2366 2564 2493 2628 Υίὸς
2512 2565 2545 2636 ἢ
2577 2565 2637 2618 τὸ
2651 2564 2876 2636 Πνεῦμα
2891 2562 2952 2617 τὸ
2978 2564 3152 2632 ἅγιον,
3168 2563 3202 2635 ἢ
3219 2564 3300 2617 ὅτι
3329 2562 3388 2629 ἐξ
3413 2563 3514 2616 οὐκ
3539 2561 3712 2615 ὄντων

2127 2653 2363 2723 ἐγένετο,
2392 2650 2427 2725 ἢ
2454 2653 2513 2721 εξ
2557 2654 2751 2724 ἐτέρας
2772 2640 3180 2725 ὑποστάσεωςῆ
3212 2652 3400 2715 οὐσίας
3427 2650 3561 2721 (5|),
3606 2650 3712 2720 φά-

2130 2757 2357 2806 σκοντας
2405 2738 2544 2795 εἶναι
2590 2741 2825 2812 τρεπτὺν
2882 2740 2916 2813 ἢ
2965 2740 3259 2794 ἀλλοιωτὸν
3307 2739 3400 2794 τὸν
3442 2739 3573 2792 Υίὺν
3612 2738 3714 2791 τοῦ

2128 2831 2265 2886 Θεοῦ
2294 2832 2328 2905 ἢ
2362 2831 2424 2884 τὸ
2469 2830 2624 2899 ἆγιον
2672 2829 2931 2901 Πνεῦμα·
2981 2828 3206 2892 τούτους
3240 2823 3627 2899 ἀναθεματίξει
3675 2828 3711 2896 ἡ

2128 2921 2391 2994 καθολικὴ
2429 2923 2524 2975 καὶ⁸
2563 2920 2893 2992 ἀποστολικὴ
2932 2918 3310 2991 Ἐκκλησία,ή
3350 2919 3531 2988 μήτηρ
3554 2913 3711 2985 ὑμῶν

2126 3032 2186 3069 τε
2230 3015 2327 3069 xui.
2367 3014 2548 3086 ἡμῶν.
2599 3012 2711 3066 Καὶ
2763 3010 2926 3066 πάλιν
2965 3009 3434 3082 ἀναθεματίζομεν
3475 3006 3602 3070 τοὺς
3632 3003 3714 3076 μὴ

439 3114 662 3170 damnat
717 3116 985 3172 catholica
1037 3124 1092 3172 et
1141 3117 1440 3188 apostolica
1506 3115 1791 3183 Ecclesia,
1849 3129 2024 3175 mater

2129 3105 2522 3178 ὁμολογοῦντας
2549 3104 2845 3161 ἀνάστασιν
2877 3101 3111 3174 νεκρῶν,
3146 3101 3243 3157 καὶ
3281 3101 3461 3164 πάσας
3491 3098 3590 3162 τὰς
3624 3098 3713 3150 αἱ-

436 3214 622 3261 vestra
666 3221 730 3261 ac
781 3217 989 3263 nostra.
1044 3207 1489 3265 Condemnamus
1535 3210 1700 3265 etiam
1754 3210 1878 3266 illos
1925 3211 2019 3281 qui

439 3309 784 3354 mortuorum
850 3303 1309 3357 resurrectionem
1362 3302 1588 3357 minime
1651 3302 2019 3368 confitentur,

440 3402 654 3446 necnon
688 3399 743 3447 et
784 3391 1020 3448 haereses
1063 3407 1275 3458 omnes,
1312 3406 1433 3463 quae
1482 3392 1610 3448 huic
1656 3400 1860 3449 sanctae
1899 3392 2021 3450 fidei

441 3483 667 3539 minime
694 3491 1077 3539 consentanea:
1107 3492 1257 3540 sunt.
1289 3483 1577 3540 Postremo
1611 3498 1709 3539 vos
1742 3498 1933 3540 omnes
1957 3499 2023 3541 ac

438 3584 670 3632 cieteros
703 3575 842 3631 filios
875 3584 1092 3632 nostros
1117 3577 1389 3647 ejusmodi
1426 3576 1530 3632 fide
1555 3576 1834 3647 prazditos,
1871 3576 2023 3634 fidei-

434 3682 546 3738 que
584 3667 839 3723 mandata
884 3677 1186 3735 servantes,
1220 3685 1321 3740 pro
1350 3670 1511 3725 nobis
1557 3679 1820 3741 perpetuo
1850 3669 2019 3726 Deum

441 3769 760 3833 precaturos
785 3761 1132 3829 confidimus,
1164 3773 1225 3817 ut
1256 3763 1312 3818 in
1341 3764 1531 3820 eadem
1558 3762 1663 3820 fide
1691 3772 1745 3820 et
1774 3765 1828 3821 in
1860 3781 2021 3820 man—

438 3853 692 3910 datorum
713 3854 861 3910 illius
882 3861 1028 3911 sorte
1054 3863 1263 3925 partem
1279 3856 1578 3914 habeamus
1597 3857 2022 3930 aliquam.125

438 3944 548 4001 Pro
579 3963 664 4003 me
693 3948 876 4020 itaque
906 3948 1196 4004 Dominum
1229 3961 1382 4006 orate
1408 3959 1518 4004 tam
1544 3963 1645 4006 vos
1680 3964 1846 4022 quam
1872 3952 2019 4021 quiso

439 4039 565 4108 quis
599 4039 672 4094 ita
711 4039 886 4097 credit
918 4056 983 4097 ac
1018 4041 1232 4098 Domini
1270 4044 1563 4114 praeceptis
1591 4043 1935 4118 obsequitur,
1966 4046 2023 4100 in

2133 3198 2308 3269 ρέσεις
2335 3197 2438 3261 τὰς
2470 3196 2545 3267 μὴ
2588 3196 2655 3249 ἐκ
2681 3194 2886 3265 ταύτης
2914 3194 3013 3265 τῆς
3044 3191 3211 3265 ιρθῆς
3241 3191 3478 3255 πίστεως
3517 3188 3709 3252 οῦσας.

2143 3289 2326 3359 Ὑμῶν
2347 3289 2403 3342 δέ
2424 3289 2520 3343 καὶ
2540 3287 2648 3340 τῶν
2670 3288 2704 3357 ἡ
2711 3285 2828 3356 μῶν
2853 3287 3080 3351 τέκνων,
3110 3280 3535 3355 μακαριώτατα,
3566 3279 3714 3334 οὕτω

2130 3379 2513 3439 πιστευόντων,
2545 3378 2641 3432 καὶ
2668 3376 2768 3440 τὰς
2815 3378 2880 3431 ἐκ
2913 3377 3116 3444 ταύτης
3146 3374 3246 3445 τῆς
3294 3373 3530 3435 πίστεως
3558 3373 3710 3425 ἐντο-

2129 3474 2225 3537 λάς
2282 3470 2708 3534 ἐπιτελούντων,
2758 3470 3051 3541 ἐλπίζομεν
3105 3465 3504 3540 ύπερεύχεσθαι
3553 3463 3711 3536 ήμῶν

2129 3586 2383 3647 πάντοτε,
2412 3584 2556 3655 ἐχειν
2584 3583 2777 3655 μερίδα
2804 3582 2898 3635 καὶ
2929 3579 3128 3650 κλῆρον
3157 3579 3303 3648 ἐντῇ
3337 3576 3474 3646 αὐτῇ
3505 3576 3709 3633 πίστει,

2130 3678 2227 3734 καὶ
2266 3679 2325 3730 ἐν
2370 3675 2450 3746 τῷ
2497 3675 2686 3747 κλήρῳ
2711 3673 2819 3727 τῶν
2858 3672 3029 3743 αὐτῆς
3059 3668 3309 3725 ἐντολῶν.
3341 3666 3453 3721 Καὶ
3485 3662 3710 3734 εὔχεσθε

2133 3771 2273 3841 ὑπὲρ
2301 3768 2456 3841 ἡμῶν
2482 3769 2641 3838 ὑμεῖς
2668 3783 2725 3818 τε
2759 3765 2855 3819 καὶ
2895 3766 3003 3827 πᾶς
3028 3765 3058 3817 ὁ
3084 3760 3260 3823 οὕτως
3282 3755 3573 3815 πιστεύων,
3614 3753 3710 3807 καὶ

2130 3862 2228 3925 τὰς
2255 3859 2475 3923 ἐντολὰς
2500 3858 2593 3913 τοῦ
2618 3856 2822 3929 Κυρίου
2852 3855 3154 3925 φυλάττων,
3191 3853 3248 3904 ἐν
3276 3847 3497 3920 Χριστῷ
3533 3843 3708 3915 Ἰησοῦ

2128 3952 2206 4024 τῷ
2237 3952 2427 4023 Κυρίῳ
2453 3949 2611 4021 ἡμῶν
2630 3966 2643 3979 ·
2671 3948 2738 4002 δι’
2779 3942 2841 4003 οὗ
2870 3950 2964 4002 καὶ
3004 3945 3122 4017 μεθ’
3156 3937 3218 3997 οῦ
3254 3941 3332 4013 τῷ
3378 3939 3552 4011 [Ia-cpi
3581 3935 3711 4001 δόξα

2131 4046 2227 4098 σὺν
2255 4042 2393 4114 ἁγίῳ
2414 4040 2694 4111 Πνεύματι
2723 4041 2804 4102 είς
2830 4039 2957 4101 τοὺς
2985 4037 3207 4099 αἰῶνας.
3259 4032 3452 4102 Ἀμήν.

430 4134 662 4190 Christo
687 4134 818 4191 Jesu
847 4135 1072 4193 Domino
1098 4145 1328 4195 nostro:
1357 4154 1452 4208 per
1472 4154 1633 4209 quem
1674 4149 1730 4194 et
1755 4154 1881 4195 cum
1918 4155 2028 4210 quo
2062 4140 2210 4199 Patri
2238 4137 2407 4208 gloria
2436 4148 2560 4189 cum
2590 4131 2796 4205 Spiritu
2830 4136 3022 4185 sancto
3057 4129 3109 4180 in
3142 4125 3364 4181 saecula.
3400 4123 3595 4175 Amen.

512 4229 626 4300 Ego
657 4243 808 4294 vero,
836 4229 1030 4286 fratres
1053 4232 1388 4295 charissimi,
1412 4232 1666 4302 quamvis
1694 4234 2019 4291 tenuissima

2212 4232 2355 4301 Ἐγὼ
2381 4231 2457 4295 δὲ,
2488 4228 2762 4300 ἀγαπητοὶ
2790 4225 3029 4295 ἀδελφοὶ,
3060 4224 3093 4293 ἡ
3127 4219 3401 4293 βραχύτης
3428 4215 3586 4287 ἡμῶν
3614 4218 3710 4270 καὶ

444 4320 703 4375 facultate
729 4326 783 4374 et
807 4319 1095 4375 imbecillis
1126 4320 1334 4374 viribus
1361 4322 1561 4392 ingenii
1597 4324 1699 4377 sim
1733 4324 2024 4393 praeditus,

2133 4324 2366 4395 ἀσθενὴς
2406 4322 2507 4392 τῆς
2553 4320 2790 4382 διανοίας
2838 4317 3067 4386 δύναμις
3110 4310 3430 4384 ἠναγκάσθη
3479 4308 3706 4377 φθάσαι,

443 4413 511 4464 ad
532 4425 597 4465 ea
620 4425 706 4464 me
728 4409 981 4485 conferre
1007 4409 1367 4465 humanitatis
1397 4413 1797 4483 probitatisque
1827 4422 2025 4471 vestrae

441 4499 824 4556 cohortatione
864 4515 986 4556 sum
1018 4508 1244 4556 coactus
1272 4520 1284 4555 :
1311 4517 1435 4572 quae
1472 4518 1600 4566 nos,
1643 4504 1771 4559 licet
1801 4505 2025 4561 minime

442 4592 691 4658 idoneos,
733 4607 900 4662 supra
932 4601 1148 4664 captum
1188 4593 1517 4664 modumque
1561 4605 1807 4651 nostrum
1844 4594 2025 4651 efferri

442 4684 727 4753 compulit,
777 4685 914 4740 adeo
953 4692 1014 4739 ut
1058 4685 1113 4741 in
1165 4694 1315 4742 tanta
1358 4688 1711 4743 contentione
1759 4688 2024 4759 singulari

420 4774 681 4843 quodam
728 4773 987 4844 praesidio
1030 4774 1192 4831 nobis
1225 4791 1365 4847 opus
1404 4776 1589 4832 fuerit.
1632 4776 1830 4832 Verum
1865 4779 2020 4832 novit

442 4864 629 4918 omnia
660 4866 755 4935 qui
795 4866 849 4920 in
885 4866 1025 4922 caelo
1056 4866 1229 4923 fidelis
1264 4875 1369 4923 est.
1412 4869 1666 4922 Attamen
1701 4882 1803 4938 pax
1839 4868 2020 4921 omni-

442 4957 547 5011 bus
590 4964 711 5012 esto
752 4958 844 5028 qui
890 4957 992 5013 hac
1038 4960 1225 5031 regula
1273 4975 1413 5015 verae
1460 4976 1523 5015 ac
1569 4961 1849 5015 catholico
1898 4958 2020 5013 fidei

443 5047 611 5117 hujus
644 5048 925 5111 incedunt,
954 5059 1009 5106 et
1038 5067 1205 5121 super
1232 5050 1399 5107 Israel
1430 5051 1521 5108 Dei
1546 5055 1586 5104 '.
1622 5050 1868 5106 Salutate
1894 5066 2021 5105 san-

443 5149 564 5197 ctos
594 5156 788 5202 omnes
818 5145 873 5198 in
902 5141 1154 5199 Domino.
1198 5144 1452 5199 Salutant
1481 5160 1577 5199 vos
1608 5143 1825 5199 Domini
1851 5141 2018 5202 servi,

445 5237 746 5308 praesertim
794 5252 896 5307 ego
939 5236 1223 5291 Anatolius
1264 5237 1356 5305 qui
1400 5236 1548 5292 hunc
1595 5238 1773 5307 ipsum
1819 5237 2018 5289 librum

445 5326 664 5396 scripsi,
702 5326 788 5381 cui
823 5328 1088 5380 Ancorato
1118 5342 1316 5382 nomen
1352 5335 1475 5392 est;
1509 5342 1715 5395 vosque
1746 5341 1937 5381 omnes
1971 5326 2024 5378 in

445 5418 679 5473 Domino
706 5419 889 5472 valere
924 5434 1118 5488 precor
1146 5430 1308 5487 atque
1340 5427 1492 5488 opto.

519 5511 535 5544 '
563 5510 721 5567 Joan.
759 5528 796 5574 ι,
824 5510 909 5567 M.
976 5513 998 5541 ²
1032 5508 1207 5566 Galat.
1236 5528 1311 5579 vt,
1338 5513 1423 5566 16.
1502 5513 1521 5542 ³
1546 5509 1605 5563 F.
1634 5510 1997 5580 λαμϐάνοντα.

517 5603 630 5675 (30)
670 5606 780 5659 Καὶ
840 5605 909 5658 ἐκ
951 5602 1057 5658 τοῦ
1115 5604 1250 5660 Υίοῦ
1293 5606 1769 5675 λαμϐανόμενον,
1817 5620 1849 5655 a
1885 5600 2027 5657 Filio

450 5672 808 5742 acéipientem,
845 5676 948 5730 hoc
990 5684 1099 5744 est,
1118 5675 1277 5744 juxta
1331 5672 1648 5744 G'rtecoruui
1682 5672 1903 5726 Patrum
1941 5675 2021 5727 lo-

453 5745 649 5813 quendi
685 5760 914 5810 morem,
948 5763 981 5799 α
1011 5743 1156 5801 Fitio
1182 5747 1562 5816 procedentem.
1610 5743 1742 5799 Vide
1771 5759 1891 5812 quae
1923 5745 2021 5799 ad-

448 5816 755 5871 notavimus
785 5831 950 5886 supra
978 5816 1045 5871 ad
1074 5833 1223 5873 num.
1258 5817 1325 5872 Vl

2127 4416 2226 4486 τῆς
2279 4412 2433 4485 ὑμῶν
2480 4408 2886 4478 καλοκαγαθίας
2933 4404 3387 4478 προτρεψαμένης
3436 4403 3607 4472 ἡμᾶς,
3658 4402 3707 4453 εί

2129 4504 2223 4559 καὶ
2270 4501 2556 4565 ἀνικάνους
2599 4501 2736 4571 ὑπὲρ
2782 4497 2842 4551 τὸ
2874 4494 3085 4552 ἑαυτῶν
3129 4492 3325 4564 μέτρον
3356 4489 3704 4562 παρίστησιν,

2128 4596 2269 4650 ὥστε
2296 4593 2510 4648 δέεσθαι
2537 4591 2784 4664 βοηθείας
2814 4586 3287 4657 ἐπεκτεινομὲνης.
3344 4581 3503 4636 Ἀλλὰ
3529 4581 3708 4635 πάντα

2127 4681 2267 4739 οἶδεν
2310 4685 2338 4739 ὁ
2384 4684 2442 4736 ἐν
2483 4680 2699 4754 ούρανῷ
2745 4679 2953 4741 πιστός.
3002 4676 3147 4747 Πλὴν
3192 4675 3385 4746 εἰρήνη
3420 4673 3587 4727 παντὶ
3629 4670 3709 4741 τῷ

2130 4774 2433 4846 στοιχοῦντι
2479 4773 2558 4844 τῷ
2587 4772 2771 4828 κανόνι
2799 4769 2973 4840 τούτῳ
3003 4768 3102 4839 τῆς
3130 4764 3395 4838 ἀληθινῆς
3426 4764 3520 4819 καὶ
3550 4762 3711 4836 ὀρθοί-

2129 4869 2286 4936 δόξου
2310 4869 2515 4939 ταύτης
2540 4867 2796 4929 πίστεως,
2822 4864 2917 4919 καὶ
2943 4864 3035 4916 ἐπὶ
3056 4863 3149 4916 τὸν
3182 4858 3402 4932 Ἰσραὴλ
3428 4856 3522 4911 τοῦ
3549 4853 3706 4910 Θεοῦ.

2145 4960 2485 5014 Ἀσπάσασθε
2525 4962 2731 5022 πάντας
2775 4960 2901 5021 τοὺς
2928 4955 3115 5025 ἁγίους
3156 4954 3214 5005 ἐν
3257 4951 3467 5022 Κυρίῳ.
3505 4949 3709 5001 Ἀσπά-

2130 5048 2312 5114 ζονται
2342 5052 2484 5121 ὑμᾶς
2510 5053 2560 5104 οἱ
2603 5051 2698 5105 τοῦ
2740 5048 2944 5121 Κυρίου
2992 5045 3188 5108 δοῦλοι,
3239 5043 3473 5114 μάλιστα
3505 5039 3564 5094 δὲ
3599 5036 3709 5106 ἐγὼ

2130 5142 2158 5193 ὁ
2196 5140 2520 5205 Ἀνατόλιος,
2549 5146 2577 5196 ὁ
2607 5143 2820 5214 γράψας
2848 5138 3005 5193 τοῦτο
3042 5139 3105 5192 τὸ
3131 5135 3334 5208 βιϐλίον
3361 5132 3455 5187 τοῦ
3496 5132 3710 5200 Ἀγκυ-

2123 5235 2317 5301 ρωτοῦ
2368 5234 2844 5305 ἐπωνομασθὲντος
2883 5232 3062 5301 λόγου,
3108 5230 3202 5283 καὶ
3249 5223 3524 5299 ἐρρῶσθαι
3566 5222 3709 5292 ὑμᾶς

2134 5330 2188 5379 ἐν
2216 5327 2406 5398 Κυρίῳ
2433 5325 2683 5396 εὔχομαι.

2206 5602 2315 5673 (δ’)
2368 5598 2469 5673 ἐξ
2527 5597 2728 5665 ἑτέρας
2778 5591 3172 5673 ὑπεστάίϊεως
3222 5587 3262 5656 ἢ
3324 5584 3558 5673 Wffi-
3612 5581 3707 5673 ff

2133 5661 2233 5727 vos
2292 5661 2827 5738 ὖπὸστασιςόροτιε
2861 5664 2990 5738 hoc
3037 5662 3105 5738 in_
3150 5661 3294 5738 loco.
3322 5661 3559 5738 suntitur
3612 5661 3709 5738 pro

2131 5723 2309 5804 οὖσὶα,
2346 5742 2411 5794 ad
2454 5723 2704 5791 naturam
2746 5733 3027 5799 nimirum,
3063 5731 3178 5787 sive
3211 5724 3577 5783 substantiam
3612 5723 3711 5778 de-

2133 5811 2450 5869 notandam.
