4018 6210
372 334 476 389 937

370 489 2738 526 Μ

1327 338 1530 395 LIBER
1572 339 1663 394 DE
1702 340 2057 397 MENSURIS
2093 341 2182 396 ET
2227 344 2685 402 PONDERIBUS.

2211 498 2295 505 .—_.

3408 496 3633 509 m

1476 646 1615 700 ΤΟΥ
1651 646 1743 699 EN
1777 647 2001 701 ΔΓΙΟΙΣ
2038 646 2309 701 ΠΑΤΡΟΣ
2350 646 2541 701 ΠΜΩΝ

1578 834 2437 958 ΕΠΙΦΑΝΙΟΥ

1182 1107 1442 1194 ΠΕΡΙ
1516 1104 1967 1192 ΜΕΤΡΩΝ
2028 1104 2224 1190 ΚΑΙ
2298 1104 2858 1194 ΣΤΑΘΜΩΝ.

1169 1515 1329 1670 S.
1402 1523 1574 1670 P.
1644 1520 1828 1669 N.
1907 1515 2891 1672 ΕΡΙΡΗΑΝΙΙ

1039 1823 1192 1914 DE
1268 1826 1879 1918 MENSUBIS
1954 1828 2104 1915 ET
2176 1822 2967 1917 PONDERIBUS

1719 2099 1846 2215 LI
1866 2097 2036 2211 BE
2055 2100 2316 2211 Βίδὲ).

438 2442 515 2493 A'.
560 2438 623 2490 Εἰ
662 2454 746 2500 τις
793 2434 851 2489 δὲ
900 2434 1045 2489 θέλει
1094 2436 1202 2487 τῶν
1241 2438 1299 2487 ὲν
1332 2438 1451 2499 ταῖς
1491 2436 1663 2500 θείαις
1710 2438 1942 2509 Γραφαῖς

2129 2435 2486 2511 126-158
2520 2434 2560 2490 Ι.
2597 2433 2653 2488 Si
2682 2434 2809 2504 quis
2839 2440 2921 2488 est
2957 2433 3114 2498 forte,
3151 2434 3242 2503 qui
3291 2436 3395 2491 hoc
3446 2438 3646 2493 intelli-

366 2528 563 2582 εἰδέναι
609 2526 677 2580 τὰ
717 2524 855 2597 πρὸς
902 2524 1265 2595 πολυπειρίαν
1300 2523 1443 2595 μέρη
1470 2565 1486 2587 ,
1531 2525 1674 2594 λέγω
1720 2527 1785 2597 δὴ
1821 2530 1950 2600 περὶ

367 2620 602 2691 μέτρων,
639 2618 734 2671 καὶ
768 2616 1045 2688 σταθμῶν,
1072 2615 1246 2686 τούτῳ
1277 2616 1355 2687 τῷ
1393 2616 1820 2688 Ὑπομνηστικῴ
1863 2622 1949 2673 ὲν-

364 2710 653 2780 τυγχάνειν
686 2710 760 2781 μὴ
790 2708 1138 2762 κατοκνείτω.
1164 2706 1276 2760 Καὶ
1295 2707 1513 2778 πρῶτον
1530 2710 1630 2778 μὲν
1651 2710 1732 2763 δεῖ
1751 2711 1949 2766 εἰδέναι

363 2800 454 2853 τὸν
481 2798 763 2868 φιλολόγον
784 2837 800 2863 ,
846 2798 990 2850 πόσα
1020 2796 1279 2867 τυγχάνει
1330 2797 1389 2849 ἐν
1420 2800 1544 2862 ταῖς
1591 2802 1949 2873 προφητείαις

366 2892 528 2962 μέρη.
575 2891 672 2953 Εἰς
718 2890 851 2945 δέκα
889 2890 999 2960 γὰρ
1036 2887 1318 2959 διῄρηνται
1357 2888 1593 2960 θεωρίας
1644 2893 1701 2945 αἱ
1734 2910 1948 2965 προφη-

361 2982 535 3041 τεῖαι,
581 2978 755 3041 οὕτως
793 2979 1180 3049 περιέχουσαν
1231 2979 1627 3045 Διδασκαλίας,
1682 2982 1945 3054 θεωρίας,

364 3070 705 3145 προτροπὰς,
742 3069 1007 3135 ἀπειλὰς,
1048 3069 1421 3141 ὀλοφυρμοὺς,
1453 3070 1688 3143 θρήνους
1708 3115 1722 3138 ,
1758 3075 1947 3147 εὐχὰς,

366 3162 625 3234 ἱστορίας,
641 3162 995 3233 προρρήσεις.
1016 3162 1387 3237 Παρακεινται
1407 3163 1465 3217 δὲ
1486 3167 1605 3228 ταῖς
1626 3166 1819 3229 αὑταῖς
1837 3166 1949 3237 (55)

362 3249 716 3322 προφητείαις
733 3253 938 3320 σημεῖα
962 3249 1133 3304 ταῦτα
1152 3270 1168 3286 ⁹
1220 3249 1346 3325 ,γ’
1370 3251 1386 3280 ³
1418 3252 1546 3322 περὶ
1561 3253 1661 3323 τῆς
1680 3254 1952 3325 ἀποϐολῆς

360 3337 456 3390 τοῦ
489 3337 756 3407 προτέρου
795 3337 925 3390 λαοῦ
947 3353 960 3365 ·
992 3343 1194 3417 Ov)
1235 3341 1363 3412 περὶ
1401 3340 1504 3410 τῆς
1544 3340 1817 3412 ἁποόολῆς
1854 3341 1948 3394 τοῦ

363 3439 504 3493 κατὰ
538 3439 719 3516 σάρᾈκα
759 3442 957 3513 νόμουο
1020 3436 1206 3516 λζ
1252 3444 1382 3514 περὶ
1428 3442 1526 3512 τῆς
1571 3444 1782 3515 Καινῆς
1821 3446 1948 3497 Δια-

2053 2548 2181 2604 gere
2230 2530 2376 2595 velit,
2431 2519 2575 2596 quod
2638 2529 2690 2579 in
2735 2527 2907 2581 sacris
2958 2526 3176 2583 Litteris
3230 2530 3645 2587 usitatissimum

2053 2633 2157 2687 est,
2211 2634 2593 2675 mensurarum
2622 2616 2872 2671 videlicet
2912 2632 2974 2671 ae
3014 2617 3314 2688 ponderum
3358 2622 3645 2685 rationem,

2055 2721 2221 2781 hunc,
2253 2730 2413 2786 quem
2439 2713 2806 2784 aggredimur,
2836 2712 3304 2767 Commentariqu
3330 2727 3651 2782 percurrere

2056 2824 2122 2863 ne
2155 2814 2431 2878 gravetur.
2467 2806 2642 2873 Atque
2678 2803 2810 2857 illud
2847 2804 2899 2857 in
2936 2806 3127 2874 primis
3162 2805 3463 2859 studiosius
3495 2804 3645 2874 quis-

2054 2916 2161 2971 que
2189 2912 2520 2968 cognoscere
2568 2896 2748 2957 debet,
2794 2904 2927 2965 quot
2983 2897 3095 2949 sint
3149 2897 3204 2949 in
3259 2896 3646 2966 prophetarum

2055 2991 2277 3061 scriptis
2324 2989 2633 3042 orationum
2679 3002 2898 3057 genera.
2929 2987 3063 3041 Nam
3103 2987 3157 3040 in
3195 2988 3379 3042 decem
3421 2998 3644 3042 sentcn-

2054 3085 2253 3136 tiarum
2318 3079 2531 3150 species
2587 3077 2889 3148 prOpbctici
2942 3078 3068 3132 libri
3123 3077 3483 3143 dividuntur;
3528 3094 3649 3148 qua:

2055 3181 2183 3229 sunt
2234 3169 2549 3239 huiusmodi
2583 3187 2597 3223 :
2638 3167 2913 3234 Doctrina,
2959 3169 3366 3239 contemplatio,
3392 3169 3651 3225 cohorta-

2052 3266 2154 3330 tio,
2180 3264 2358 3326 minze,
2396 3260 2824 3323 commiseratio,
2860 3260 3198 3323 lamentatio,
3234 3276 3448 3330 preces,
3470 3262 3649 3316 bistoc-

2055 3357 2169 3410 rica
2201 3353 2468 3411 narratio.
2505 3351 2802 3422 praedictio.
2832 3350 2913 3405 Ad
2953 3351 3171 3406 easdem
3204 3354 3519 3422 prophetias
3553 3353 3650 3407 ad-

2047 3446 2239 3514 juncta
2279 3448 2408 3497 sunt
2454 3442 2569 3496 lucc
2610 3441 2806 3512 signa:
2863 3425 2985 3521 γ
3030 3441 3232 3511 prioris
3269 3442 3451 3512 populi
3484 3457 3648 3513 repu-

362 3527 534 3599 θήκης
552 3542 565 3556 ‘
592 3513 669 3605 E
702 3532 831 3603 περὶ
856 3531 965 3585 τῶν
989 3513 1431 3605 ἐθνίῦῖιλήσεως
1449 3550 1464 3566 ο
1504 3521 1607 3614 +
1652 3513 1781 3603 περὶ
1810 3535 1942 3607 Χρι-

2062 3552 2350 3607 diationem
2394 3548 2662 3620 signiﬁcat
2697 3565 2709 3600 :
2751 3534 2942 3611 ᾖν)
2991 3545 3123 3617 legis
3160 3548 3346 3603 carnis
3390 3549 3649 3618 abiectio-

363 3652 518 3706 στοῦ·
579 3620 654 3762 ἓ(
701 3657 827 3730 περὶ
859 3656 1202 3725 ἐπαγγελιῶν
1238 3657 1332 3710 τοῦ
1365 3660 1629 3731 προτέρου
1677 3658 1807 3713 λαοῦ

361 3788 490 3857 περὶ
534 3788 632 3857 τῆς
668 3791 726 3841 ἐν
762 3791 881 3851 ταῖς
913 3787 1086 3849 θείαις
1127 3786 1372 3858 Γραφαῖς
1418 3790 1685 3860 ἀσαφείας
1710 3809 1723 3822 ⁸

363 3878 490 3945 περὶ
531 3876 831 3944 μελλόντων
863 3874 1247 3947 προγνώσεως.

431 4100 504 4152 B'.
547 4097 767 4168 Ἐπειδὴ
803 4098 860 4150 δέ.
896 4115 1042 4161 τινες
1080 4098 1193 4169 (54)
1231 4098 1369 4150 κατὰ
1398 4098 1705 4169 προσῳδίαν
1729 4097 1945 4161 ἔστιξαν

361 4196 457 4257 τὰς
483 4193 708 4264 Γραφὰς
738 4191 831 4245 καὶ
863 4191 991 4259 περ).
1038 4189 1146 4242 τῶν
1181 4188 1478 4261 προσῳδῶν
1516 4189 1642 4242 τάδε
1665 4207 1677 4218 ·
1716 4190 1943 4255 ὐξεία’,

361 4284 547 4336 δασεῖα
569 4282 604 4346 ’,
635 4281 831 4352 βαρεῖα
856 4280 900 4342 ‘,
934 4279 1063 4348 ψιλὴ
1093 4281 1128 4343 ’,
1164 4278 1559 4349 περισπωμένη
1588 4281 1628 4341 ’⁸,
1676 4279 1946 4348 ὰπόστροο

362 4374 511 4442 φος’,
548 4371 733 4441 μακρᾶ
755 4402 963 4428 .--,
988 4366 1121 4436 ὑφὲν
1178 4357 1375 4431 V,
1406 4368 1637 4440 βραχεῖα
1683 4382 1764 4429 ω.
1813 4370 1945 4421 ὑπο-

359 4459 634 4530 διαστολὴ,
665 4499 677 4511 .
723 4457 1121 4530 Ὡσαύτως-κα)⁵
1152 4458 1280 4528 περ)⁵
1306 4457 1415 4510 τῶν
1447 4455 1650 4509 λοιπῶν
1679 4454 1944 4526 σημείων,

361 4565 489 4636 περὶ
547 4565 870 4635 ἀστερίσκου
1096 4562 1156 4615 Ὁ
1229 4563 1555 4635 ἀστερίσκος
1613 4554 1766 4624 οὗτος
1814 4559 1943 4613 ἔνθα

2002 3861 2179 3919 ,lur;

2053 3655 2214 3694 nem:
2265 3628 2437 3712 Μ-
2481 3636 2548 3689 ad
2588 3633 2796 3688 Novum
2826 3634 3233 3722 Testamentum
3266 3636 3531 3705 pertinet;
3577 3634 3643 3722 E

2053 3727 2119 3781 ad
2153 3711 2493 3781 vocationem
2551 3724 2828 3793 gentium;
2877 3711 2978 3811 +
3019 3722 3085 3776 ad
3137 3720 3415 3779 Christum
3479 3711 3649 3779 refe}:

2233 3803 2299 3952 ἓ
2362 3848 2531 3919 priori
2586 3847 2769 3917 populi
2828 3803 3114 3917 promissis
3166 3848 3496 3917 adhibetur;
3554 3806 3632 3953 Ξ

2056 3977 2200 4046 quod
2232 3978 2283 4030 in
2313 3976 2486 4032 sacris
2516 3972 2737 4027 Litteris
2763 3973 3058 4027 obscurum
3088 3988 3154 4027 ac
3191 3973 3409 4029 diﬂicile
3437 3982 3521 4030 est
3548 3992 3646 4031 ex-

2057 4069 2281 4138 primit;
2351 4048 2522 4136 ¥
2571 4065 2878 4116 futurorum
2907 4064 3330 4133 praascientiam.

2129 4146 2191 4200 Il.
2226 4146 2333 4200 Sed
2363 4162 2486 4200 eum
2528 4142 2777 4197 nonnulli
2824 4157 3011 4197 sacras
3053 4141 3287 4197 Litteras
3327 4146 3647 4202 accentibus

2054 4236 2428 4300 distinxerim,
2457 4235 2525 4289 de
2544 4234 2612 4287 iis
2635 4232 2717 4288 sic
2739 4232 2955 4287 habeto.
2975 4234 3182 4289 Aeutus
3202 4243 3287 4291 est
3309 4236 3577 4305 ejusmodi
3608 4245 3643 4301 ',

2054 4345 2217 4399 asper
2250 4329 2287 4393 ',
2327 4327 2507 4395 gravis
2541 4326 2582 4389 ε,
2614 4324 2792 4379 tenuis
2827 4326 2861 4389 ’,
2897 4325 3279 4392 circumﬂexus
3306 4331 3347 4392 ”,
3392 4336 3643 4398 apostro-

2055 4417 2209 4487 plie’,
2242 4415 2403 4487 159
2429 4416 2587 4485 longa
2613 4442 2817 4477 -——,
2846 4413 3060 4483 hyphen
3102 4400 3255 4480 υ
3282 4453 3296 4479 ,
3332 4416 3536 4481 brevis,
3566 4429 3628 4474 υ

2054 4500 2476 4573 liypodiastole,.
2500 4500 2680 4570 Atque
2732 4507 2793 4551 ut
2834 4498 2903 4553 de
2940 4499 3153 4555 caeteris
3206 4516 3425 4571 quoque
3465 4516 3642 4571 gene—

2054 4593 2206 4648 ribus
2249 4593 2580 4663 disputetur,
2619 4591 2831 4662 primus
2871 4593 3113 4655 occurrit
3155 4594 3487 4657 asteriscus,
3533 4610 3644 4649 cu-

363 4671 697 4740 napéxattat
747 4670 879 4740 ('55),
909 4668 1163 4738 σημαίνει
1191 4668 1252 4720 τὸ
1278 4667 1842 4753 ἐμφερόμενονδρἧα
1886 4667 1942 4718 ὲν

2062 4675 2138 4740 ius
2190 4676 2303 4730 lia‘c
2351 4685 2436 4731 est
2483 4677 2652 4730 forma
2916 4676 2963 4730 ls
3007 4678 3074 4731 ad
3120 4693 3503 4746 quamcunque
3542 4693 3643 4731 vo-

361 4761 437 4830 τῷ
471 4759 743 4830 Ἐϐραῖκῷ
772 4759 1005 4825 κεῖσθαι,
1036 4760 1130 4813 καὶ
1156 4759 1493 4831 ὲμφέρεσθαι
1530 4759 1681 4828 παρὰ
1714 4757 1938 4829 Ἀκύλᾳ,

434 4949 449 4978 ί
480 4946 536 5000 ln
570 4945 739 5016 Regio
770 4953 854 5001 est
896 4920 1109 5010 v

2051 4774 2167 4814 cem
2216 4761 2529 4831 apponitur,
2574 4736 3082 4816 cam-’iit‘llebrzeo
3129 4762 3420 4826 contineri,
3473 4770 3528 4815 et
3571 4759 3645 4816 ab

433 5102 542 5170 (52)
576 5102 712 5155 Cum
753 5102 820 5156 de
860 5104 1133 5157 mensuris
1171 5113 1224 5157 et
1244 5101 1577 5172 ponderibus
1605 5116 1841 5171 quorum
1886 5102 1938 5155 in
1970 5105 2013 5161 C
2048 5111 2353 5171 percenset.

362 5174 535 5226 sacris
564 5172 784 5227 Litteris
814 5187 948 5225 usus
974 5182 1076 5232 est,
1104 5173 1374 5241 agendum
1406 5172 1510 5225 sibi
1531 5173 1635 5225 hoc
1665 5172 1717 5224 in
1763 5172 1946 5232 libello

363 5242 728 5312 proposuerit,
753 5256 1032 5310 perpauca
1056 5252 1235 5297 tamen
1256 5243 1324 5296 de
1360 5243 1462 5295 hoc
1489 5250 1808 5311 argumento
1837 5248 1940 5301 sub

365 5313 512 5365 illius
547 5313 704 5366 linem
739 5312 976 5380 attingit,
1002 5312 1373 5382 majoremque
1404 5321 1611 5381 partem
1643 5313 1693 5364 in
1728 5328 1789 5366 cn
1822 5313 1938 5369 dis-

366 5384 645 5452 putatione
675 5383 932 5443 collocat,
978 5397 1083 5452 qua
1137 5398 1420 5437 sacrorum
1463 5383 1819 5449 interpretum
1869 5386 1936 5440 τὰ

371 5453 740 5521 ἱστορούμενα,
784 5461 946 5520 atque
979 5452 1228 5521 Origenis
1257 5455 1311 5505 iu
1348 5452 1747 5506 concinnandis
1782 5454 1936 5509 codi-

364 5520 522 5576 cibus
557 5520 673 5577 suis
707 5521 1020 5575 iustitutum
1051 5520 1415 5591 persequitur.
1446 5520 1505 5574 ln
1535 5523 1721 5590 operis
1754 5523 1931 5591 ipsius

364 5593 515 5647 aditu
556 5600 712 5647 notas
738 5591 973 5660 explicat
1010 5607 1129 5662 quae
1158 5592 1215 5662 in
1241 5591 1415 5662 sacris
1441 5591 1664 5662 Litteris
1687 5608 1929 5662 usurpa-

367 5662 585 5733 bantur.
604 5663 687 5733 ille
711 5661 913 5733 quibus
928 5662 1047 5733 agit
1068 5660 1308 5733 Isidorus
1329 5661 1475 5733 libat
1498 5660 1648 5733 Orig.
1679 5678 1799 5733 cap.
1828 5660 1936 5732 20;

370 5731 552 5787 Sixtus
584 5730 843 5786 Senensis
886 5730 1071 5787 libitn
1116 5731 1368 5785 Biblioth.
1402 5730 1703 5788 Nonnullas
1748 5730 1937 5800 etiam,

372 5803 566 5873 quibus
588 5804 719 5857 olim
757 5817 893 5857 usus
925 5809 1008 5858 est
1045 5802 1221 5874 Plato,
1258 5801 1525 5874 Diogenes
1576 5802 1633 5856 in
1661 5803 1781 5874 ejus
1814 5800 1941 5858 Vita

2122 5174 2237 5243 ('53)
2268 5174 2659 5241 Παράκεινται
2692 5175 2760 5228 δὲ
2786 5176 2915 5242 ταῖς
2947 5177 3177 5243 αὐταῖς.
3220 5177 3440 5233 Priores
3474 5179 3639 5235 hasce

2052 5245 2482 5320 notas,_quibu_s
2529 5247 2798 5320 orationis
2850 5248 3179 5320 prophetica:
3234 5244 3418 5320 θέω-ω
3449 5252 3633 5313 variae,

2048 5323 2103 5366 et
2139 5314 2606 5371 conformationes
2638 5314 3051 5381 discernuntur,
3090 5314 3296 5373 Sixtus'
3318 5319 3526 5372 omisit.

2120 5385 2232 5459 (ζῆ)
2279 5385 2511 5459 Ἐπειδὴ
2556 5384 2622 5439 δέ
2668 5405 2844 5459 τινες.
2900 5388 3033 5441 Nam
3093 5390 3338 5459 plerique
3377 5397 3632 5459 ~ueterum

2046 5455 2371 5579 majpsgulis
2403 5456 2600 5511 litteris
2654 5458 2775 5513 sine
2828 5468 3057 5513 accentu
3094 5455 3229 5513 'ullo
3252 5455 3342 5511 _ac
3375 5458 3633 5526 prosodia

2046 5539 2152 5578 scrt
2182 5542 2226 5579 te
2268 5533 2382 5578 ant.

2046 5533 2382 5580 scribebant.

2113 5596 2224 5663 (55)
2272 5595 2333 5648 Ὀ
2358 5596 2719 5664 ἀστερίσκος
2754 5592 2933 5665 οὗτος
2969 5598 3116 5651 ἔνθα
3156 5595 3521 5663 παράκειται.
3560 5594 3635 5650 De

2048 5667 2441 5721 asteriscorum
2486 5682 2552 5720 ac
2583 5668 2864 5721 obelorum
2905 5666 3159 5735 usuiagit
3189 5667 3395 5734 saepius
3441 5666 3633 5722 Hiero-

2049 5751 2269 5806 nymus,
2303 5744 2363 5789 ut
2394 5737 2547 5803 Apol.
2587 5753 2623 5791 ιι
2652 5738 2704 5791 in
2740 5735 2894 5801 Ruﬁ,
2928 5734 3172 5791 Isidorus
3196 5743 3250 5789 et
3281 5737 3397 5793 alii.
3640 5750 3643 5759 '
