4018 6210
394 395 504 452 ετξ)

1791 381 1848 438 S.
1890 376 2236 436 EPII’IIANII

3547 379 3654 436 250

395 505 584 576 Aquila
606 515 656 559 ct
680 501 1004 574 Symmacho
1033 511 1362 569 expressam,
1405 510 1529 550 raro
1556 495 1717 549 etiam
1749 509 1778 546 a
1803 495 1978 548 Theo-

2099 492 2175 544 ιαὶ
2208 491 2277 542 Συ
2287 487 2507 559 μμάχῳ,
2536 487 2772 551 σπανίως
2801 487 2855 541 δὲ
2881 487 2972 541 καὶ
3006 487 3154 560 παρὰ
3186 486 3500 541 Θεοδοτίωνι
3521 490 3653 558 (36).

394 598 611 652 dotione
639 638 654 660 ,
707 593 1010 664 signiﬁcat;
1062 589 1304 645 eamdem
1339 603 1468 642 vero
1499 604 1529 639 ιι
1565 584 1748 638 LXXII
1795 584 1980 638 Inter-

396 689 638 758 prctibus
691 685 806 740 sine
841 681 1282 752 interpretatione
1327 677 1789 749 przetertnissam;
1837 676 1979 745 quod

396 783 450 836 in
511 781 614 834 illis
665 779 796 848 ipsis
855 775 986 830 locis
1037 773 1234 828 eaedem
1284 787 1444 825 voces
1491 771 1574 825 bis
1626 786 1688 824 ae
1723 785 1981 839 superva-

393 888 496 928 cue
534 876 864 940 repetantur.
910 865 1063 932 Quod
1102 865 1318 934 quidem
1371 863 1560 933 paucis
1601 865 1762 916 modo
1798 861 1980 916 dce'a-

396 966 623 1018 randum
648 973 748 1026 ρει,
801 969 857 1013 ιιι
887 975 950 1012 cx
986 959 1086 1010 hoc
1133 971 1240 1008 uno
1274 965 1470 1009 etetera
1505 969 1827 1024 cognoscas.
1868 953 1981 1007 Sub

395 1056 610 1109 mitium
663 1052 894 1107 Genesis
945 1049 1209 1104 Ilebraice
1265 1049 1369 1102 ista
1425 1048 1718 1117 leguntur:
1760 1045 1982 1100 Onuecei

395 1143 564 1196 Adam
604 1142 833 1197 Salosint
862 1139 1110 1194 Sameotlt
1137 1155 1271 1191 sana
1299 1139 1337 1190 ί.
1376 1136 1531 1202 Quod
1562 1137 1643 1203 ita
1691 1150 1982 1205 possumus

397 1237 768 1304 interpretari.
813 1243 870 1286 ut
906 1241 959 1285 et
994 1230 1187 1300 Aquila
1222 1228 1495 1283 reddidit:
1532 1227 1601 1281 Et
1642 1227 1769 1280 vixit
1809 1226 1981 1280 Adam

397 1326 616 1395 triginta
649 1323 804 1376 annis
839 1331 885 1376 et
908 1318 1178 1389 nongentis
1201 1318 1376 1372 annis.
1400 1316 1466 1370 At
1492 1313 1681 1372 LXXII
1714 1315 1983 1385 Interpre--

398 1427 480 1472 tes
510 1415 577 1468 ab
612 1413 850 1468 Hebraeis
883 1409 1125 1472 oriundi,
1160 1417 1211 1464 et
1239 1425 1268 1462 a
1303 1408 1506 1463 tenetis
1537 1407 1846 1477 unguiculis
1875 1405 1980 1460 llc~

400 1511 602 1565 braicis
652 1508 868 1571 li:teris,
911 1508 1020 1560 imo
1065 1515 1118 1561 et
1169 1503 1372 1559 Grazcis
1415 1505 1658 1574 apprime
1711 1504 1980 1574 perpoliti,

400 1617 510 1656 non
573 1601 747 1655 solum
811 1597 1074 1653 lli-braice
1140 1605 1434 1666 conceptas
1495 1611 1682 1652 Sacras
1752 1595 1985 1652 Litteras

399 1693 591 1748 Grieco
636 1707 888 1747 sermone
929 1689 1326 1745 reddiderunt:
1362 1704 1548 1743 verum
1601 1691 1762 1744 etiam
1816 1690 1883 1744 iis
1930 1690 1984 1744 in

401 1785 647 1848 vocibus,
676 1799 794 1853 quae
820 1783 871 1837 in
903 1781 1124 1836 llebrzeo
1158 1781 1396 1850 repetitm
1425 1796 1488 1835 ac
1517 1783 1801 1851 geminat-.e
1833 1791 1982 1845 sunt,

402 1877 807 1946 perspicuitatis
841 1876 1106 1931 rationem
1155 1873 1459 1928 habendam
1492 1882 1770 1943 putarunt.
1809 1873 1988 1940 Quare

401 1983 524 2021 cum
559 1967 642 2021 bis
684 1981 950 2021 annorum
991 1979 1188 2019 nomen
1227 1964 1556 2018 inculcatqu
1602 1965 1692 2017 illo
1729 1964 1848 2018 loco
1891 1963 1984 2027 sit,

402 2059 570 2114 semel
635 2059 900 2113 duntaxat
954 2057 1333 2119 ascribentes,
1400 2055 1739 2109 inconditum
1803 2055 1988 2109 nescio

400 2164 561 2218 quem
615 2164 809 2203 senum
866 2145 1268 2213 stridoremque
1317 2144 1649 2198 mollierunt.
1705 2142 1795 2197 Sic
1843 2145 1988 2197 enim

400 2249 683 2296 verterunt
715 2259 728 2293 :
772 2238 920 2292 Vixit
954 2247 1129 2290 autem
1161 2237 1330 2290 Adam
1364 2237 1581 2306 triginta
1615 2246 1662 2288 et
1705 2246 1988 2305 nongentos

403 2348 591 2385 annos.
653 2330 728 2386 Ita
790 2346 966 2400 neque
1019 2329 1315 2400 quidquam
1373 2328 1642 2383 orationis
1695 2327 1987 2396 integritati

402 2425 776 2506 detraxerupt,
801 2431 854 2477 et
883 2437 1003 2476 eam
1038 2420 1397 2474 nihilominus
1441 2421 1765 2489 apertiorem
1795 2419 1991 2474 clario-

403 2529 630 2582 remque
676 2509 1050 2567 reddiderunt.
1103 2508 1260 2576 Quod
1311 2509 1365 2564 in
1431 2507 1657 2563 Ποιητοο
1697 2519 1846 2562 tanta
1899 2524 1992 2562 ex-

405 2603 566 2674 primi
603 2603 867 2658 brevitate
897 2603 1104 2672 nequit,
1128 2599 1343 2671 qualem
1368 2597 1556 2653 LXXII
1599 2602 1988 2671 praestitnrunt.

415 2691 560 2747 Vixit
597 2691 770 2745 Adam
796 2690 1015 2761 triginta
1041 2697 1090 2744 et
1127 2698 1416 2758 nongentos
1447 2707 1633 2742 annos.
1675 2689 1776 2742 Sed
1811 2707 1908 2744 nee
1939 2691 1991 2743 in

405 2785 629 2851 Graeco;
667 2781 1127 2853 quemadmodum
1164 2780 1360 2851 Aquila
1395 2780 1680 2850 superliic
1721 2789 1878 2836 tenus
1915 2781 1994 2834 in-

407 2885 783 2946 tcrpretatur:
824 2873 967 2926 Vixit
1012 2872 1184 2926 Adam
1240 2883 1524 2942 nongentos
1574 2890 1739 2925 annos
1800 2883 1847 2926 et
1895 2874 1992 2925 tri.

406 2969 554 3038 ginta
599 2983 787 3020 annos.
828 2963 989 3020 Vides
1035 2967 1203 3029 enim,
1236 2966 1451 3034 Opinor,
1503 2965 1750 3034 quisquis
1782 2982 1841 3019 es
1875 2974 1988 3019 stu-

407 3059 617 3123 diosus,
645 3072 806 3128 quam
851 3058 1114 3111 insulsam
1151 3071 1217 3110 ac
1245 3055 1432 3110 rudem
1467 3058 1767 3111 orationem
1803 3072 1998 3112 concc-

409 3150 570 3220 perit,
623 3151 750 3204 dum
807 3148 1190 3219 superstitiosa
1241 3146 1516 3218 diligentia
1568 3147 1707 3202 idem
1757 3155 1997 3218 repetere

408 3241 733 3297 vocabulum
780 3240 990 3305 maluit,
1021 3254 1182 3309 quam
1224 3237 1473 3294 lectionis
1507 3239 1880 3308 perspicuitati
1934 3255 1996 3292 ac

409 3329 655 3386 facilitati
687 3329 993 3383 consulere.
1025 3329 1202 3398 Atque
1244 3327 1388 3383 istud
1418 3328 1596 3399 ipsum
1635 3329 1778 3400 apud
1811 3327 1998 3383 LXXII

410 3420 737 3492 Inlerpretes
761 3421 1058 3476 desiderari
1092 3421 1337 3475 nonnulli
1366 3421 1651 3485 sentiunt;
1682 3424 1824 3491 quod
1857 3423 1998 3492 apud

411 3514 660 3583 Aquilam
712 3521 763 3567 et
824 3511 1209 3582 Symmachum
1276 3530 1341 3569 ac
1408 3515 1621 3569 caeteris
1669 3514 2002 3570 editionibus

413 3607 696 3674 suppletur
722 3623 736 3658 :
773 3600 1139 3670 cumneapud
1160 3599 1345 3654 LXXII
1367 3601 1583 3672 quidem
1602 3601 1744 3660 desit
1775 3606 1999 3676 aliquid.

405 3695 547 3752 Nam
589 3695 731 3765 apud
769 3693 1017 3764 Aquilam
1054 3710 1162 3748 non
1201 3695 1321 3749 sine
1365 3693 1499 3750 vitio
1545 3695 2004 3764 pronuntiatonis

415 3788 630 3841 duobus
671 3796 752 3840 cst
800 3785 854 3839 in
896 3786 1033 3840 locis
1080 3785 1254 3840 otiose
1283 3787 1460 3856 posita
1488 3802 1612 3853 vos,
1647 3802 1770 3840 cum
1808 3789 1860 3841 in
1894 3805 2004 3841 uno

417 3878 681 3935 redditam
717 3894 841 3933 esse
877 3876 1149 3933 suiﬁcerct
1183 3897 1195 3932 ι
1224 3895 1416 3942 annos,
1446 3880 1688 3950 inquam,
1719 3887 1771 3934 et
1811 3895 2000 3934 annos.

420 3970 580 4041 160
601 3967 731 4035 Quae
768 3969 910 4025 ratio
928 3966 1460 4038 LXXIIlnterpretes
1489 3970 1735 4032 adduxit,
1791 3974 1864 4024 uti
1916 3989 2005 4024 sc-

418 4063 521 4116 mel
568 4077 836 4117 annorum
893 4075 1080 4116 vocem
1135 4061 1492 4116 ascriberent.
1549 4059 1858 4117 Secundum
1909 4063 2004 4117 Ilus

415 4153 631 4224 Aquila,
658 4153 948 4223 caeterith
983 4151 1050 4206 ad
1087 4151 1527 4222 interpretandas
1566 4151 1881 4223 Scripturas
1917 4168 2002 4206 ac-

417 4246 676 4302 cedentes
709 4262 833 4300 cum
872 4261 936 4300 ea
971 4244 1731 4316 qumaLXXllprmtermissa
1768 4244 2002 4308 fuerant,

416 4337 738 4400 edidissent,
799 4339 974 4392 otiosa
1027 4351 1094 4392 ac
1141 4351 1545 4406 supervacanea
1590 4337 1684 4392 illa
1728 4347 1854 4392 sunt
1906 4338 2004 4390 ha-

421 4429 551 4481 bita.
592 4426 871 4481 Successit
923 4427 1005 4480 his
1057 4425 1321 4496 Origenes
1368 4443 1380 4478 :
1427 4428 1520 4496 qui
1562 4427 1855 4496 unicuique
1889 4428 2006 4480 loco

2082 583 2142 634 Οί
2161 580 2216 633 δὲ
2243 578 2741 650 Ἐϐδομηκονταδύο
2757 580 3118 650 Ἐρμηνευταὶ
3144 584 3419 652 παρῆκαν,
3443 583 3536 634 καὶ
3560 584 3659 653 οὐχ

2082 672 2442 743 ἐρμήνευσαν,
2490 671 2565 733 ὡς
2597 671 3094 740 δισσολογουμένων
3136 672 3242 724 τῶν
3276 673 3531 724 τοιούτων
3574 673 3658 726 λο-

2081 763 2234 830 γίων,
2259 761 2352 814 καὶ
2388 763 2451 813 ὲκ
2483 760 2742 831 περισσοῦ
2772 762 3314 831 ἀναγινωσκομένων.
3340 764 3570 816 Λεκτέον
3606 765 3661 816 δὲ

2081 855 2168 907 δια
2213 853 2469 923 βραχείας
2512 852 2712 916 λέξεως
2733 893 2747 916 ,
2799 855 2878 916 εἰς
2907 853 2966 906 τὸ
2999 854 3106 906 ἀπὸ
3140 853 3340 924 ταύτης
3393 855 3520 926 περὶ
3555 857 3663 908 τῶν

2082 947 2283 999 λοιπῶν
2330 963 2384 998 σε
2439 947 2657 1014 γνῶναι.
2693 947 2884 998 Κεῖται
2937 947 2995 999 ὲν
3037 948 3178 1017 ἀρχῇ
3217 947 3315 1017 τῆς
3351 947 3620 1010 Γενέσεως
3645 963 3658 975 ·

2089 1039 2322 1092 Οίιιεέεεὶ
2363 1038 2534 1107 Ἀδὰμ
2572 1038 2857 1107 σαλωεὶμ,
2906 1039 3155 1108 σαμηὼθ
3175 1036 3354 1092 (farti.
3392 1041 3456 1090 "0
3492 1040 3664 1110 ἑρμη-

2084 1131 2317 1193 νεύεται,
2365 1122 2409 1197 ᾧ
2453 1131 2546 1183 κα)⁸
2598 1130 2828 1193 Ἀκύλας
2879 1130 3246 1201 ἠκολούθηηε·
3297 1129 3406 1184 Καὶ
3451 1129 3665 1197 ἔζησεν

2098 1223 2267 1290 Ἀδὰμ
2302 1221 2616 1290 τριάκοντα
2645 1225 2797 1288 ἐτος,
2825 1222 2922 1275 καὶ
2956 1223 3284 1276 ἐννακόσια
3322 1223 3473 1286 ἔτος.
3503 1222 3666 1276 Ὅθεν

2085 1315 2134 1367 οἱ
2177 1314 2669 1384 Ἐϐδομηκονταδύο
2703 1315 3068 1385 Ἐρμηνευταὶ
3094 1313 3152 1380 ἐξ
3193 1313 3458 1384 Ἐϐραίων
3485 1315 3667 1386 ὁρμώ-

2090 1422 2260 1476 μενοι,
2298 1406 2391 1458 καὶ
2418 1406 2476 1470 ἐξ
2512 1405 2736 1458 ἁπαλῶν
2778 1406 2984 1475 ὀνύχων
3015 1407 3112 1476 τήν
3148 1423 3208 1458 τε
3235 1404 3342 1458 τῶν
3377 1405 3662 1477 Ἐϐραίων,

2085 1495 2145 1548 ού
2181 1495 2288 1565 μὴν
2329 1495 2464 1548 ἀλλά
2491 1496 2585 1548 καὶ
2621 1495 2729 1548 τῶν
2778 1496 3043 1568 ⁹Ελλήνων
3095 1497 3336 1568 ἀκριϐῶς
3371 1499 3664 1552 πεπαιδευ-

2091 1587 2240 1656 μένοι
2285 1585 2496 1657 φωνὴν,
2549 1587 2608 1638 οὐ
2668 1588 2832 1657 μόνον
2875 1588 2974 1659 τὴν
3028 1590 3090 1641 ὲκ
3129 1590 3228 1660 τῆς
3260 1588 3536 1660 Ἐϐραῖδος
3587 1591 3666 1653 εἰς

2100 1678 2376 1750 Ἑλληνίδα
2402 1681 2758 1751 ἡρμήνευσαν
2784 1680 3030 1751 Γραφὴν,
3068 1680 3205 1734 ἀλλὰ
3239 1681 3332 1734 καὶ
3361 1681 3458 1752 τὴν
3501 1684 3558 1734 ὲν
3598 1684 3665 1752 τῇ

2102 1770 2341 1842 Ἐϐραΐδι
2374 1771 2461 1824 διὰ
2510 1771 2886 1840 δισσολογίας,
2924 1772 3345 1842 ὲκφωνουμένην
3394 1771 3669 1826 διάλεκτον

2090 1865 2154 1933 τῇ
2181 1863 2472 1932 τρανότητι
2501 1863 2899 1934 ἑρμηνεύοντες
2928 1865 3271 1934 παρήγαγον.
3298 1864 3406 1916 Καὶ
3432 1865 3550 1916 ἀντὶ
3573 1863 3668 1916 τοῦ

2090 1956 2170 2017 εἰς
2203 1954 2294 2007 δύο
2325 1957 2521 2016 τόπους
2556 1954 2770 2007 κεῖσθαι
2808 1954 2867 2006 τὸ
2907 1954 3077 2024 ὄνομα
3107 1955 3201 2007 τοῦ
3236 1955 3388 2018 ἔτους
3418 1957 3496 2008 ἐνὶ
3521 1957 3670 2026 τόπῳ

2091 2048 2452 2120 χρησάμενοι,
2491 2047 2591 2118 τὴν
2624 2045 2888 2099 δοκοῦσαν
2928 2041 3067 2098 εἷναι
3104 2045 3370 2116 βόμϐησιν
3413 2049 3492 2109 εἰς
3527 2047 3669 2100 λειό-

2089 2156 2229 2208 τητα
2264 2138 2577 2208 μετέϐαλον,
2609 2139 2880 2207 φήσαντες
2902 2153 2916 2167 ·
2950 2138 3166 2204 Ἐζησε
3203 2138 3272 2191 δὲ
3316 2139 3486 2209 Ἀδὰμ
3514 2137 3674 2208 τριά-

2091 2247 2276 2283 κοντα
2317 2229 2414 2282 καὶ
2446 2229 2775 2282 ἐννακόσια
2813 2227 2938 2296 ἔτη.
2983 2227 3123 2281 Οὔτε
3177 2229 3394 2293 ἐλλιπές
3430 2247 3480 2282 τι
3515 2231 3674 2300 ποιή-

2095 2337 2285 2382 σαντες
2317 2319 2394 2390 τῴ
2419 2318 2583 2390 λόγῳ,
2614 2318 2750 2373 ἀλλὰ
2782 2320 2875 2372 καὶ
2901 2321 2981 2383 εἰς
3009 2321 3312 2390 τρανότητα
3335 2305 3672 2390 κατέστησαν

2093 2413 2191 2484 τὴν
2229 2412 2533 2480 ἀνάγνωσιν
2553 2452 2565 2475 ,
2596 2412 2733 2481 ὅπερ
2756 2414 2815 2466 ὲν
2851 2415 2917 2482 τῇ
2963 2412 3202 2481 Ἐϐραΐδι
3234 2412 3292 2463 οὗ
3320 2411 3539 2464 δύναται
3585 2411 3674 2464 διὰ

2093 2501 2191 2572 τῆς
2221 2502 2510 2570 συντομίας
2531 2501 2782 2570 λέγεσθαι
2799 2501 3082 2568 οὖτως,ὼς
3111 2504 3158 2554 οι
3187 2502 3676 2573 Ἐϐδομηκονταδύο

2094 2594 2364 2665 λέγουσιν,
2409 2596 2491 2649 ὅτι
2517 2595 2771 2663 Ἔζησεν
2820 2596 2992 2664 Ἀδὰμ
3022 2594 3338 2662 τριάκοντα
3368 2594 3465 2648 καὶ
3503 2595 3676 2648 ἐννα-

2096 2690 2275 2742 κόσια
2305 2689 2430 2756 ἐτη.
2469 2688 2602 2741 Οὔτε
2628 2691 2696 2759 τῇ
2740 2688 3024 2758 Ἑλληνίδι,
3053 2689 3127 2752 ὡς
3158 2690 3186 2740 ὁ
3227 2687 3456 2750 Ἀκύλας
3492 2689 3674 2760 ἠρμήο

2097 2796 2284 2832 νευσεν
2333 2779 2391 2846 ἐξ
2437 2779 2724 2849 ἐπιστολῆς
2747 2782 2788 2842 ²,
2822 2779 3027 2846 λέγων·
3082 2777 3329 2845 Ἕζησεν
3369 2779 3540 2849 Ἀδὰμ
3580 2779 3676 2833 ἐν·

2096 2873 2353 2924 νιικόσια
2391 2872 2524 2937 ἔτος
2568 2873 2664 2925 καὶ
2707 2871 3023 2938 τριάκοντα
3068 2871 3222 2934 ἔτος.
3261 2870 3425 2941 Ὁρᾷς
3468 2870 3598 2941 γάρ,
3627 2864 3676 2925 ὦ

2099 2961 2366 3032 φιλολόγε,
2397 2961 2472 3024 ὡς
2521 2962 2825 3032 ἀπρέπειαν
2873 2962 3101 3032 παρέχει
3146 2962 3224 3032 τῷ
3270 2961 3448 3031 λόγῳ,
3498 2963 3559 3014 ού
3608 2963 3673 3031 τῇ

2097 3053 2383 3122 τρανότητι
2419 3051 2514 3104 τοῦ
2561 3052 2718 3121 λόγου
2761 3053 3062 3122 προσέχων,
3098 3051 3234 3105 ἀλλὰ
3262 3056 3328 3123 τῇ
3364 3052 3462 3121 τῆς
3498 3051 3679 3106 δευτε-

2104 3143 2351 3214 ρολογίας
2405 3144 2677 3214 ἀκριϐείᾳ.
2753 3145 2864 3197 Καὶ
2911 3144 3054 3210 ἔδοξε
3103 3142 3262 3196 τοῦτό
3323 3161 3468 3208 τισι,
3527 3143 3679 3214 παρά

2105 3237 2202 3306 μὲν
2228 3239 2340 3300 τοῖς
2376 3235 2873 3306 Ἑϐδομηκονταδύο
2902 3235 3138 3299 ἐλλιπῶς
3171 3237 3405 3301 κεῖσθαι,
3437 3236 3584 3305 παρά
3621 3236 3681 3288 δὲ

2113 3328 2334 3398 Ἀκύλᾳ,
2364 3329 2457 3380 καὶ
2497 3327 2810 3397 Συμμάχῳ,
2863 3329 2955 3380 καὶ
3002 3328 3188 3391 ἄλλαις
3232 3329 3512 3381 ὲκθέσεσιν
3542 3328 3681 3380 ἐλλι-

2103 3419 2220 3482 πῶς
2245 3420 2264 3449 ³
2293 3419 2700 3490 ἡρμηνεῦσθαιο
2738 3420 2873 3491 ὅπερ
2907 3420 3029 3472 οὐδὲ
3076 3420 3226 3491 παρά
3259 3423 3385 3484 τοὺς
3423 3421 3682 3491 Ἑϐδομη-

2103 3511 2362 3565 κονταδύο
2393 3512 2656 3569 ἐνέλιπεν.
2697 3515 2858 3568 Ἀλλά
2891 3513 2985 3566 καὶ
3010 3512 3116 3565 ὑπὸ
3143 3512 3252 3566 τῶν
3285 3515 3414 3584 περὶ
3452 3513 3680 3566 ’Λκύλαν

2109 3603 2244 3675 μετὰ
2284 3605 2377 3658 καὶ
2402 3605 2501 3676 τῆς
2538 3605 2888 3675 κακοφωνίας
2919 3605 3196 3676 περισσῶς
3231 3608 3429 3671 κεῖται,
3470 3608 3526 3658 ὲν
3563 3603 3682 3658 δυσὶ

2103 3693 2289 3756 τόποις
2314 3693 2430 3746 ἀνθ’
2466 3695 2613 3758 ἑνὸς,
2652 3695 2927 3748 τουτέστιν
2978 3696 3098 3748 ἀντὶ
3134 3693 3228 3748 τοῦ
3286 3695 3401 3765 ἐτη.
3431 3695 3550 3758 ἔτος
3590 3697 3685 3749 καὶ

2106 3785 2242 3851 ἔτος.
2272 3787 2370 3840 Διά
2413 3787 2571 3842 τοῦτο
2603 3790 2659 3840 ἐν
2695 3789 2778 3841 ἐνὶ
2827 3788 2973 3859 τόπῳ
3008 3789 3071 3840 τὺ
3119 3789 3214 3841 τοῦ
3241 3788 3392 3852 ἔτους
3435 3789 3603 3858 ὄνομα
3634 3789 3685 3841 οἱ

2119 3877 2612 3950 Ἑϐδομηκονταδύο
2643 3880 2962 3950 παρέλιπον.
2999 3878 3293 3932 Ἐλθόντων
3314 3881 3369 3932 δὲ
3396 3881 3684 3950 μετέπειτα

2105 3970 2212 4023 τῶν
2243 3971 2367 4041 περὶ
2401 3971 2653 4033 “Λκύλαν,
2687 3973 2781 4024 καὶ
2811 3971 2880 4023 τὰ
2910 3970 3014 4024 ὑπὸ
3043 3971 3151 4023 τῶν
3192 3971 3686 4042 Ἐϐδομηκονταδύο

2107 4062 2543 4133 παραλειφθέντα
2577 4063 2972 4128 ἐκδεδωκότων,
3007 4063 3224 4117 ἐδόκουν
3264 4060 3405 4118 εἶναι
3441 4065 3689 4135 περιττό-

2107 4170 2256 4224 τερα.
2293 4153 2575 4224 Ὠριγένης
2607 4152 2664 4204 δὲ
2701 4153 2839 4222 μετά
2873 4151 3044 4205 ταῦτα
3078 4151 3245 4205 ἐλθὼν
3274 4152 3686 4220 ἀποκατέστησε

2105 4243 2182 4314 τῷ
2212 4244 2426 4315 ἑκάστῳ
2458 4244 2608 4314 τόπῳ
2640 4243 2733 4296 τὸν
2768 4243 3084 4297 ἐλλείποντα
3117 4243 3290 4312 λόγον.
3330 4242 3606 4314 Παρέθετο
3632 4243 3688 4296 δὲ

2106 4335 2254 4406 αὐτῷ
2310 4335 2400 4388 τὸν
2446 4334 2804 4405 ἀστερίσκονο
2869 4337 2967 4407 οὐχ
3007 4336 3084 4400 ὡς
3137 4336 3325 4407 χρείας
3375 4334 3542 4408 οὔσης
3594 4335 3686 4389 τοῦ

2109 4422 2326 4489 πάντως
2355 4426 2653 4497 ζητηθῆναι
2680 4428 2771 4481 τὸν
2820 4427 2992 4496 Λόγον
3021 4427 3313 4499 (περιττὸς
3342 4427 3449 4500 γάρ
3478 4429 3623 4481 ἐστιν
3646 4428 3688 4496 ),

417 4516 565 4587 quod
597 4516 785 4571 deerat
811 4517 1082 4586 adiunxit,
1118 4517 1277 4586 eique
1312 4517 1561 4572 asterisci
1598 4528 1781 4571 notam
1817 4517 1993 4586 appin-

2111 4517 2225 4570 ἀλλ’
2253 4517 2342 4570 ἵνα
2373 4515 2447 4586 μὴ
2488 4515 2803 4590 παραλείψῃ
2856 4516 3131 4580 Ἰουδαίοις
3179 4516 3272 4568 καὶ
3323 4516 3690 4586 Σαμαρείταις

422 4609 520 4672 xit,
555 4623 662 4661 non
702 4606 844 4676 quod
886 4609 1065 4662 addita
1120 4609 1209 4662 illa
1262 4609 1523 4663 voeabula
1572 4609 1859 4662 admodum
1911 4625 2002 4661 ne;

421 4697 659 4751 cessat-ia
704 4698 834 4761 sint,
890 4713 1015 4752 cum
1069 4714 1405 4768 supervacua
1461 4699 1766 4762 videantur,
1807 4699 1898 4752 scd
1942 4715 2007 4753 ne

418 4789 622 4848 Jndmis
669 4806 731 4844 ac
773 4789 1134 4849 Samaritanis
1189 4794 1354 4847 ullam
1407 4789 1773 4847 calumniandi
1821 4806 2006 4846 sacras

423 4881 656 4936 Litteras
708 4883 906 4953 quibus
967 4885 1020 4937 in
1086 4883 1345 4939 Ecclesiis
1392 4885 1615 4948 utimur,
1661 4883 2002 4937 occasionem

423 4973 768 5043 relinqueret,
819 4991 942 5029 cum
986 4976 1116 5029 nihil
1166 4977 1218 5030 in
1276 4977 1572 5032 subtractis
1618 4975 1724 5029 illis
1779 4975 2004 5028 vocibus

420 5069 612 5116 contra
656 5062 810 5116 ﬁdem
860 5071 1026 5130 esset,
1077 5066 1221 5133 quod
1276 5066 1598 5136 rt-prehcudi
1653 5066 1846 5118 merito
1885 5081 2007 5134 pos-

422 5161 525 5208 set.
578 5153 666 5209 Bis
717 5156 884 5218 enim,
927 5157 1002 5210 uti
1051 5157 1186 5221 dixi,
1245 5158 1485 5227 repetitae
1535 5165 1663 5211 sunt
1714 5173 1778 5211 ac
1819 5173 2009 5227 supcr-

421 5247 563 5310 lluaa,
597 5255 657 5300 ut
689 5263 754 5302 ex
784 5249 877 5302 illo
909 5242 1048 5311 Ideo,
1082 5265 1242 5319 quem
1276 5249 1660 5318 proposuimus
1703 5251 1770 5305 de
1799 5251 2008 5305 Adamo

421 5341 651 5412 ejusque
707 5343 840 5406 vita,
904 5343 1194 5414 colligitur.
1255 5342 1388 5395 Nam
1446 5360 1508 5398 ex
1565 5344 1859 5415 perexiguo
1913 5345 2007 5399 illo

420 5432 720 5505 specimine
770 5433 835 5488 de
885 5435 1106 5506 reliquis
1145 5435 1458 5502 conjectura
1499 5436 1617 5506 capi
1656 5445 1852 5506 potest,
1887 5453 2006 5507 qua:

495 5588 510 5617 ⁸
539 5587 674 5642 Gen.
717 5604 769 5652 ν,
805 5589 858 5642 5.
948 5592 968 5621 ¹
1005 5589 1064 5644 F.
1094 5590 1152 5655 ἐξ
1181 5589 1463 5662 ἐπιπολῆς.
1551 5590 1571 5621 ³
1615 5591 1672 5644 F.
1712 5593 1942 5654 ἐλλιπές.

495 5741 607 5813 (56)
644 5745 918 5807 Σπανίως
939 5743 1007 5795 δὲ
1028 5745 1124 5797 καὶ
1153 5746 1310 5813 παρὰ
1328 5746 1696 5798 Θεοδοτίωνι.
1733 5744 1995 5798 Nimirum

417 5810 565 5876 quod
599 5816 807 5880 pr;ores
839 5816 911 5866 ibi
936 5817 1042 5868 duo
1075 5810 1398 5884 interpretes
1425 5815 1728 5883 exprimere
1761 5817 1982 5868 ‘.'L".I.)tltll

2112 4607 2576 4678 ἐπιλαμϐάνεσθαι
2596 4607 2704 4661 τῶν
2735 4609 2790 4661 ὲν
2814 4611 2931 4671 ταῖς
2955 4606 3136 4675 ἁγίαις
3163 4607 3509 4679 Ἐκκλησίαις
3531 4607 3692 4662 θείων

2113 4699 2363 4771 Γραφῶν,
2385 4700 2612 4770 μηδενὸς
2641 4700 2972 4771 ἐπιληψίμου
3001 4700 3324 4772 πράγματος
3352 4701 3691 4772 ὑπάρχοντος

2113 4793 2251 4845 κατά
2301 4793 2398 4862 τῆς
2440 4792 2673 4856 πίστεως
2718 4795 2774 4845 ἐν
2824 4795 2938 4856 τοῖς
2985 4793 3452 4862 ἀπεστερημένοις
3491 4791 3690 4859 λόγοις.

2114 4885 2364 4954 ΙΙεριττοὶ
2393 4885 2502 4956 γάρ
2531 4887 2657 4948 εἱσι,
2694 4885 2788 4936 καὶ
2815 4883 3305 4954 δισσολογούμενοι,
3340 4884 3414 4947 ὡς
3453 4884 3558 4936 ἀπῦ
3595 4885 3694 4954 τῆς

2114 4977 2472 5047 ἀναγνώσεως
2531 4977 2851 5046 ἐδιδάξαμεν
2902 4977 3030 5047 περὶ
3077 4975 3169 5028 τοῦ
3227 4974 3398 5044 ’Λδάμ
3452 4974 3545 5026 καὶ
3595 4975 3694 5042 τῆς

2116 5071 2278 5123 αὑτοῦ
2335 5071 2519 5140 ζωῆς·
2555 5071 2628 5133 ὡς
2676 5071 2770 5122 καὶ
2824 5069 2931 5122 ἀπὸ
2988 5069 3081 5121 τοῦ
3136 5068 3476 5139 βραχυτάτου
3535 5067 3693 5135 λόγου

2108 5165 2332 5218 δυνατόν
2370 5181 2426 5216 σε
2478 5168 2588 5226 τοῖς
2623 5164 2831 5226 λοιποῖς
2885 5163 3174 5232 ἐπιστῆναι
3223 5162 3403 5230 λόγοις
3427 5203 3440 5225 ,
3483 5161 3609 5214 ἔνθα
3646 5161 3694 5213 οἱ

2110 5257 2422 5327 ἀστερίσκοι
2477 5257 2858 5326 παράκεινται.
2901 5257 3017 5308 ’Ὶνα
3056 5255 3112 5307 δὲ
3153 5255 3246 5307 καὶ
3289 5253 3446 5306 τοῦτο
3493 5253 3689 5323 μάθης,

2109 5348 2196 5400 διὰ
2246 5347 2298 5398 τί
2350 5348 2710 5418 ἀστερίσκους
2761 5347 3032 5419 παρέθετο
3078 5350 3192 5410 τοῖς
3239 5345 3418 5414 λόγοις
3459 5345 3688 5406 τούτοις.

3656 5428 3678 5448 'l’

2110 5436 2356 5505 ἀφθόνως
2408 5437 2500 5490 καὶ
2549 5436 2708 5489 τοῦτο
2752 5435 3000 5508 λέξομεν.
3049 5436 3371 5489 Ἐπίστασαι
3415 5433 3590 5497 τοῦτο,
3647 5433 3692 5488 ὦ

2106 5746 2729 5818 deferbostuduerint,
2759 5756 2816 5801 ut
2848 5748 2922 5801 ait
2957 5745 3352 5818 Hieronymus;
3386 5745 3691 5802 'l'hcodotio

2099 5815 2235 5869 LXX
2273 5816 2533 5872 Seniores
2576 5819 2746 5888 magis
2785 5827 3007 5874 secutus
3047 5817 3138 5872 sit.
