4018 6210
319 436 417 490 2H

1271 437 1471 494 LIBER
1515 438 1600 494 DE
1643 435 1994 497 MENSURlS
2035 439 2120 496 ET
2161 441 2614 502 PONDERIBUS.

3462 449 3562 504 242

313 543 589 615 expecta,
641 544 722 599 ὅτι
777 549 834 600 ἐν
885 548 963 621 τῷ
1012 553 1352 625 στερεὼματι
1405 555 1499 609 τοῦ
1561 556 1791 628 οὐρανοῦ
1840 557 1888 610 oi

1998 560 2257 614 asterisco
2310 569 2586 616 notantur.
2648 560 2752 616 Sed
2799 568 2856 615 ut
2882 548 3014 616 illud
3067 548 3227 618 etiam
3276 561 3564 635 intelligas,

316 638 543 709 ἀστέρες
573 640 710 699 εἰσὶ.
754 642 854 696 κᾶν
886 661 946 696 τε
993 645 1097 699 ὑπὸ
1147 649 1386 717 νεφελῶν
1434 651 1466 720 ἢ
1520 650 1671 720 ἡλίου
1722 652 1888 706 καλυο

313 728 521 798 φθῶσι·
556 734 727 804 τούτῳ
751 736 828 807 τῷ
861 738 1096 809 νοήματι
1121 744 1148 795 ὁ
1175 741 1298 806 τοὺς
1326 744 1682 818 ἀστερίσκους
1715 764 1890 818 παρα-

314 820 430 886 θεὶς
453 824 727 896 ἐποίησεν,
759 828 845 882 ἵνα
878 845 953 883 σοι
993 831 1125 905 δόξῃ
1173 875 1186 898 ,
1219 835 1300 888 δτι
1330 838 1376 889 οἱ
1408 836 1576 906 λόγοι,
1611 834 1692 901 οἷς
1715 841 1890 912 παρά-

311 929 520 967 κεινται
549 917 596 968 οἱ
623 917 964 991 ἀστερίσκοι,
997 929 1277 997 πεπήγασι
1311 928 1409 999 μὲν
1435 930 1491 983 ἐν
1518 935 1641 994 ταῖς
1674 931 1891 1003 Ἐϐραῖ-

313 1007 442 1068 καῖς
465 1005 696 1073 λέξεσιν,
724 1010 914 1084 ὥσπερ
973 1016 1022 1068 οί
1062 1018 1292 1090 ἀστέρες
1326 1021 1383 1074 ἐν
1429 1021 1508 1092 τῷ
1549 1022 1890 1095 στερεὼματι

313 1093 408 1146 τοῦ
436 1097 701 1168 οὐρανοῦ,
736 1102 1122 1177 ἐκαλύφθησαν
1152 1109 1208 1162 δὲ
1245 1111 1349 1164 ὑπὸ
1376 1111 1483 1164 τῶν
1533 1093 1891 1185 Ἐὄδομηήκονι

313 1185 477 1239 ταδύο
504 1188 823 1261 ἐρμηνείας¹
841 1231 856 1257 ,
874 1193 920 1246 ot
951 1196 1178 1268 ἀστέρες
1202 1201 1306 1254 ὑπὸ
1331 1201 1438 1254 τῶν
1459 1205 1695 1274 νεφελῶν
1727 1205 1890 1259 καλύ-

314 1291 562 1334 πτονται.
587 1279 734 1352 Αὕτη
760 1284 792 1354 ἡ
816 1285 1072 1352 ὑπόθεσις
1095 1289 1188 1342 τοῦ
1223 1293 1570 1364 ἀστερίσκου.

314 1369 534 1438 quidem
581 1371 635 1426 in
678 1372 864 1429 LXXII
917 1376 1276 1450 Interpretum
1326 1388 1688 1442 translatione
1731 1388 2077 1445 dissimulata
2140 1394 2194 1440 ct

1993 652 2194 721 quibus
2227 653 2292 707 de
2335 656 2515 709 causis
2549 655 2842 709 asteriseos
2886 653 3193 709 istiusmodi
3241 655 3375 711 locis
3421 655 3568 710 adhi-

1995 745 2192 811 buerit,
2225 745 2455 799 libenter
2487 760 2516 798 a
2547 760 2632 799 me
2671 744 2814 799 istud
2849 745 3225 814 explicabitur.
3265 744 3381 799 Non
3424 745 3572 815 igno-

1995 852 2106 900 ras,
2163 836 2410 906 quisquis
2457 851 2536 898 es,
2573 835 2806 898 auditor,
2865 836 2918 889 in
2963 836 3169 891 caelesti
3230 837 3570 892 ﬁrmamento

1997 929 2181 984 stellas
2220 943 2362 991 esse,
2399 927 2524 981 licet
2568 941 2596 979 a
2643 927 2756 981 sole
2807 927 2891 981 vel
2931 928 3165 982 nubibus
3205 927 3566 982 obducantur.

1996 1019 2077 1075 Ad
2124 1035 2312 1074 eorum
2369 1027 2600 1072 mentem
2650 1017 3035 1074 asteriscorum
3091 1029 3230 1072 notae
3279 1019 3383 1072 illae
3429 1019 3570 1074 rel‘e-

1998 1111 2179 1166 rendae
2227 1119 2370 1171 sunt,
2403 1118 2462 1164 ut
2495 1124 2557 1163 ea
2591 1109 2851 1163 vocabula
2904 1107 3077 1170 scias,
3126 1123 3244 1176 quae
3291 1108 3571 1164 asteriscis

1999 1202 2256 1272 insignita
2301 1208 2458 1265 sunt,
2512 1201 2565 1254 in
2627 1198 2904 1255 Hebraicis
2957 1201 3178 1254 vocibus
3229 1214 3350 1255 esse
3407 1202 3570 1255 veluti

1997 1295 2192 1356 deﬁxa,
2222 1308 2330 1347 non
2361 1307 2521 1347 secus
2554 1299 2715 1360 atque
2761 1292 2815 1345 in
2856 1291 3192 1345 ﬁrmamento
3219 1290 3406 1345 stellae.
3441 1290 3573 1357 Quae

2286 1386 2499 1440 obtecta
2547 1390 2693 1450 sunt,
2752 1382 3205 1453 quemadmodum
3263 1383 3428 1439 stellae
3471 1400 3574 1438 nu—

313 1461 477 1520 bibus
511 1469 870 1526 occultantur.
914 1474 1092 1544 Atque
1120 1493 1183 1531 ea
1218 1481 1432 1536 demum
1463 1493 1546 1539 est
1578 1484 1826 1539 asterisci
1870 1483 2030 1540 ratio.

385 1562 459 1617 l".
484 1564 590 1617 Τοῦ
609 1564 664 1619 δὲ
695 1568 880 1623 ὀϐελοῦ
928 1571 988 1624 τὸ
1009 1573 1255 1645 διήγημα
1294 1577 1481 1632 τοῦτον
1504 1579 1726 1649 ἔχειτὸν
1763 1580 1888 1650 τρό-

315 1667 436 1704 πον·
467 1653 681 1740 Ὀὄελὺς
703 1651 856 1722 οὗτός
873 1661 1018 1713 ἐστιν
1042 1661 1069 1712 ὁ
1097 1667 1498 1734 παρακείμενος
1511 1665 1885 1740 Ἃ,

313 1739 710 1827 παραπλησίως
732 1746 1002 1816 γράφεται
1023 1751 1086 1820 τῇ
1119 1749 1426 1824 καλουμένῃ
1455 1759 1709 1827 γραμμῇ.
1743 1739 1892 1810 Ὀϐε-

2059 1579 2142 1634 Ill.
2187 1578 2342 1645 Quod
2390 1579 2454 1633 ad
2506 1578 2721 1633 obelum
2772 1590 2900 1632 vero
2940 1575 3173 1646 pertinet
3223 1574 3302 1629 sic
3357 1574 3572 1629 habeto.

1989 1665 2163 1736 Hujus
2201 1668 2254 1720 in
2284 1666 2473 1736 primis
2503 1666 2615 1720 haec
2645 1674 2728 1721 est
2758 1667 2925 1731 ﬁgura
2962 1683 2974 1718 :
3006 1669 3476 1741 “quae
3508 1663 3577 1717 li-

1992 1769 2106 1809 nea:
2153 1766 2315 1822 quam
2363 1766 2643 1815 vocamus,
2699 1751 2841 1804 haud
2913 1750 3194 1807 dissimilis
3245 1760 3349 1807 est.
3409 1750 3578 1805 Porro

311 1825 405 1929 λὸς
447 1828 504 1929 δὲ
549 1830 809 1929 κέκληται
861 1837 1003 1890 κατά
1056 1839 1306 1912 Ἀττικὴν
1348 1825 1582 1914 χρῆσιν,
1616 1825 1801 1909 ἄλλοις
1837 1848 1891 1900 δὲ

1998 1845 2206 1906 obelus,
2240 1844 2341 1897 hoc
2390 1853 2470 1898 est
2504 1851 2738 1896 verutum
2781 1843 2849 1896 ab
2906 1843 3098 1898 Atticis
3156 1844 3373 1898 dicitur.
3439 1843 3578 1897 Sunt

312 1918 558 2008 καλεῖται
587 1922 737 1994 δόρυ,
774 1925 802 1978 ὅ
838 1925 954 1980 ἐστι
987 1927 1178 2002 λόγχη.
1219 1934 1500 2006 Παρετέθη
1539 1937 1596 1990 δὲ
1639 1940 1760 2002 ταῖς
1789 1939 1891 2008 τῆς

313 2007 464 2074 θείας
499 2011 719 2085 Γραφῆς
763 2012 992 2084 λέξεσιν,
1031 2024 1151 2085 ταῖς
1194 2024 1345 2095 παρά
1382 2029 1492 2091 τοῖς
1535 2007 1893 2099 Ἐὄδομηκον-

311 2101 474 2192 ταδύο
515 2103 908 2176 Ἐρμηνευταῖς
951 2113 1274 2183 κειμέναις,
1325 2116 1476 2188 παρὰ
1521 2118 1576 2172 δὲ
1608 2121 1721 2181 τοῖς
1768 2121 1890 2192 περὶ

324 2191 556 2248 ’Λκύλαν
585 2196 677 2250 καὶ
709 2198 1004 2272 Σύμμαχον
1034 2204 1107 2274 μὴ
1146 2206 1569 2278 ἐμφερομέναις.
1612 2207 1730 2279 Ἀφ’
1761 2191 1888 2264 ἐαυ-

309 2285 420 2338 τῶν
463 2287 570 2358 γὰρ
610 2289 659 2340 οί
714 2289 1217 2364 Ἐϐδομηκονταδύο
1275 2299 1638 2370 Ἐρμηνευτα“ι
1684 2302 1889 2364 ταύτας

309 2373 410 2437 τὰς
437 2373 612 2440 λέξεις
641 2381 1011 2452 προσέθηκαν,
1049 2385 1150 2438 οὐκ
1177 2387 1256 2449 είς
1295 2389 1494 2458 μάτην,
1517 2389 1654 2442 ἀλλά
1690 2391 1889 2462 μᾶλλον

311 2462 394 2525 εἰς
437 2462 728 2533 ὠφέλειαν.
778 2470 913 2533 Ταῖς
967 2471 1075 2542 γὰρ
1125 2473 1358 2537 ἐλλιπῶς
1405 2476 1654 2545 ἐχούσαις
1714 2476 1890 2541 λέξεσι

311 2554 797 2623 προστεθεικότες,
832 2563 912 2624 είς
953 2563 1250 2634 σαφήνειαν
1278 2564 1376 2636 τὴν
1411 2567 1716 2636 ἀνάγνωσιν
1755 2586 1891 2639 παρ-

311 2645 552 2715 ήγαγον·
610 2648 740 2702 ὥσθ’
785 2652 1191 2724 ὑπολαμϐάνειν
1235 2657 1418 2727 ἡμᾶς,
1456 2660 1551 2710 καὶ
1599 2660 1888 2730 εύμοίρουσ,

310 2738 509 2803 αὐτοὺς
542 2741 867 2818 γεγενῆσθαι
897 2745 1214 2816 Πνεύματος
1244 2747 1417 2816 ἀγίου.
1443 2743 1540 2803 ’Ὧν
1567 2751 1674 2823 γὰρ
1703 2753 1801 2804 ούκ
1824 2748 1890 2821 ἦν

311 2831 490 2900 χρεία,
532 2832 862 2902 δισσολογεῖν
897 2838 1171 2908 παρῆκαν.
1209 2841 1380 2893 Ὅπου
1417 2841 1472 2894 δὲ
1508 2841 1676 2912 χωλὸν
1719 2842 1891 2895 ἐδόκει

311 2921 373 2974 τὸ
419 2923 568 2992 ῥῆμα
609 2920 770 2988 εἶναι,
815 2928 894 2989 είς
931 2929 1246 3001 Ἑλληνικὴν
1279 2931 1554 2985 διάλεκτον
1589 2933 1890 3005 μεταφερό-

316 3029 496 3082 μενον,
520 3017 636 3067 ἐκεῖ
657 3018 756 3086 τὴν
796 3017 1114 3091 προσθήκην
1145 3022 1490 3092 ἐποιήσαντο.
1515 3023 1799 3095 Θαυμάσαι
1837 3024 1892 3077 δὲ

313 3103 460 3159 ἔστιν
492 3108 583 3159 ἐπὶ
638 3108 832 3180 τούτῳ,
885 3112 980 3163 καὶ
1013 3111 1087 3182 μὴ
1130 3113 1332 3184 τολμᾷν
1388 3116 1593 3186 μέμψιν
1643 3116 1889 3185 ἐπάγειν,

1992 1941 2085 2011 qui
2121 1937 2328 1990 hastam
2358 1934 2472 1988 sive
2500 1935 2744 1989 lanceam
2777 1935 3068 2003 appellent.
3104 1934 3170 1987 Et
3201 1936 3266 1989 ad
3297 1950 3390 1990 eas
3426 1935 3577 1988 Scri-

1994 2039 2163 2101 ptura:
2209 2041 2368 2079 voces
2423 2023 2732 2088 adhibetur,
2793 2039 2913 2094 quae
2959 2040 2988 2078 a
3043 2025 3227 2078 LXXII
3283 2039 3575 2095 expressa},

1994 2120 2139 2191 apud
2177 2118 2428 2188 Aquilam
2463 2125 2518 2171 et
2563 2116 2952 2176 Symmachum
3009 2132 3116 2171 non
3169 2125 3408 2172 exstant.
3442 2115 3574 2170 Nam

1994 2212 2175 2268 LXXII
2207 2226 2366 2267 voces
2400 2211 2535 2266 istas
2573 2211 2901 2265 addiderunt
2947 2228 3010 2267 ex
3057 2228 3196 2275 sese,
3232 2227 3338 2265 non
3373 2211 3577 2267 frustra

1991 2315 2192 2369 tamen,
2227 2303 2320 2360 sed
2354 2302 2564 2357 utiliter
2596 2318 2659 2356 ac
2707 2317 2830 2357 cum
2886 2303 3088 2356 fructu.
3147 2304 3354 2358 Etenim
3403 2303 3576 2358 sicubi

1991 2412 2184 2452 manca
2228 2411 2292 2450 ac
2341 2393 2552 2450 defecta
2601 2403 2720 2450 erat
2763 2399 2959 2459 oratio,
3003 2395 3280 2450 nonnullis
3327 2395 3574 2463 adjectis,

1991 2489 2286 2560 plurimum
2333 2487 2384 2542 ei
2432 2487 2570 2541 lucis
2638 2488 2976 2553 attulerunt,
3027 2495 3084 2541 ut
3141 2487 3262 2543 illos
3321 2501 3428 2540 non
3461 2485 3580 2540 sine

1991 2581 2168 2636 sancti
2224 2578 2462 2650 Spiritus
2512 2577 2691 2631 aﬁlatu
2752 2578 2818 2631 ad
2878 2578 3224 2632 scribendum
3279 2575 3580 2632 accessisse

1994 2673 2255 2728 credibile
2292 2672 2384 2727 sit.
2440 2669 2718 2744 Siquidem
2761 2685 2880 2739 qnte
2937 2671 3241 2724 necessaria
3285 2684 3389 2722 non
3423 2675 3578 2721 erant

1993 2764 2182 2818 iisdem
2241 2762 2421 2818 verbis
2482 2769 2725 2832 repetere
2781 2761 3095 2814 noluerunt.
3149 2761 3301 2830 161
3355 2758 3579 2824 Quoties

1991 2869 2120 2908 vero
2186 2855 2238 2908 in
2303 2853 2550 2908 Graecum
2617 2852 2880 2905 translata
2945 2852 3215 2906 sententia
3275 2851 3580 2904 claudicare

1992 2947 2297 3006 videbatur,
2329 2950 2441 2996 tum
2475 2943 2722 2996 nonnihil
2755 2942 3092 3011 adjecerunt.
3129 2941 3243 3006 Qua
3295 2943 3347 2994 in
3390 2957 3446 2996 re
3478 2939 3578 2993 ad-

1994 3038 2282 3092 miratione
2311 3035 2490 3104 potius
2517 3048 2679 3103 quam
2736 3033 3160 3101 reprehensione
3213 3031 3359 3101 digni
3400 3039 3527 3086 sunt
3563 3050 3575 3083 :

1995 3128 2235 3196 adeoque
2267 3122 2644 3188 collaudandi;
2680 3138 2802 3176 cum
2855 3123 2983 3177 illud
3023 3138 3181 3176 (nunc
3223 3123 3409 3175 divino
3442 3137 3578 3190 quo-

313 3197 450 3250 ἀλλὰ
486 3199 684 3269 μᾶλλον
737 3201 978 3263 ἔπαινον,
1019 3203 1093 3267 ὡς
1117 3206 1181 3257 ἐκ
1231 3205 1422 3277 βουλῆς
1453 3208 1588 3261 Θεοῦ
1668 3223 1891 3279 γεγενη-

1998 3214 2119 3268 dam
2151 3211 2381 3267 consilio
2413 3211 2480 3265 ab
2520 3211 2627 3264 illis
2665 3226 2786 3265 esse
2837 3209 3038 3263 factum
3071 3210 3310 3279 prudens
3349 3210 3580 3280 quisque

317 3288 476 3360 μένον
511 3291 748 3346 συνιέναι
769 3293 859 3346 τὸν
890 3295 1112 3367 εὐλαϐῆ.

396 3382 889 3456 Ἐϐδομηκονταδύο
917 3387 1026 3459 γὰρ
1051 3390 1202 3453 ὄντες
1238 3392 1347 3462 (57)
1386 3393 1476 3445 τδν
1511 3392 1766 3464 ἀριθμὸν,
1792 3395 1887 3448 καὶ

312 3473 374 3527 ἐν
416 3477 481 3546 τῇ
513 3476 689 3548 Φαρίᾳ
733 3479 899 3550 νήσῳ,
941 3480 1248 3554 καλουμένῃ
1281 3485 1336 3537 δὲ
1370 3484 1482 3538 ἂνω
1529 3487 1622 3555 γῇ,
1666 3486 1894 3558 ἀντικρύ

311 3564 412 3636 τῆς
448 3566 856 3638 Ἀλεξανδρείας
893 3572 950 3624 ἐν
984 3571 1028 3623 λ’
1049 3573 1142 3626 καὶ
1169 3573 1227 3640 ἓξ
1269 3575 1552 3639 οίκέσκοις,
1580 3576 1718 3647 ξυγὴ
1756 3578 1893 3649 ζυγὴ

313 3654 458 3708 κατά
498 3657 759 3722 οἰκίσκον,
799 3659 905 3712 ἀπὸ
937 3659 1107 3714 ἕωθεν
1136 3661 1158 3691 ¹
1199 3663 1304 3726 ἕως
1337 3665 1578 3736 ἑσπέρας
1625 3668 1896 3735 συγκλειό-

317 3763 490 3815 μενοι,
519 3748 611 3800 καὶ
637 3747 696 3800 τὺ
721 3749 958 3820 ἑσπέρας
986 3754 1045 3804 ὲν
1069 3753 1427 3823 τριακονταὲξ
1466 3756 1767 3824 σκαφιδίοις
1800 3774 1895 3809 πε-

319 3837 651 3932 ραιούμενοι,
687 3839 774 3932 εἰς
791 3839 851 3891 τὸ
877 3840 971 3894 τοῦ
999 3842 1334 3909 Πτολεμαίου
1359 3845 1685 3914 Φιλαδέλφου
1721 3847 1896 3902 παλά-

313 3944 448 3993 τιον,
473 3928 569 3982 καὶ
599 3930 716 4000 μετ’
745 3928 910 3984 αὐτοῦ
953 3931 1292 4002 ἑστιώμενοι,
1324 3935 1419 3986 καὶ
1453 3935 1594 3988 κατὰ
1635 3935 1804 4008 ζυγὴν
1839 3941 1894 3991 ἑν

314 4018 539 4070 κοιτῶσι
593 4021 947 4090 τριακονταὲξ
990 4021 1366 4088 καθεύδοντες,
1421 4027 1502 4088 είς
1543 4027 1605 4079 τὸ
1653 4028 1726 4098 μὴ
1769 4045 1892 4080 συν-

313 4111 526 4165 δοιάσαι
571 4115 688 4184 μετ’
729 4114 997 4185 ἀλλήλων,
1037 4117 1152 4170 ἀλλ’
1185 4119 1487 4183 ἀνοθεύτως
1539 4122 1893 4193 ἑρμηνεῦσαι,

315 4202 487 4268 οὕτως
516 4205 805 4260 διετέλουν.
857 4209 995 4271 Τοὺς
1025 4209 1134 4279 γάρ
1173 4212 1604 4282 προειρημένους
1646 4231 1897 4286 τριακον-

312 4294 443 4362 ταὲξ
470 4297 744 4361 οίκίσκους
765 4299 793 4350 ὁ
826 4297 1010 4369 ῥηθεὶς
1046 4299 1375 4371 Πτολεμαῖος
1399 4306 1814 4369 κατασκευάσας
1840 4307 1896 4359 ὲν

315 4387 392 4456 τῷ
424 4387 597 4457 πέραν
622 4392 702 4454 εἰς
733 4390 834 4463 τὴν
868 4390 1050 4460 νῆσον,
1075 4391 1294 4456 διπλοῦς
1323 4411 1381 4446 τε
1411 4394 1610 4458 αὐτοὺς
1641 4398 1892 4467 ποιήσας,

314 4477 408 4532 δύο
439 4479 533 4533 δύο
560 4480 881 4544 ἐνέκλεισεν,
913 4481 988 4545 ὡς
1021 4481 1179 4552 ἔφην,
1214 4485 1307 4537 καὶ
1341 4485 1535 4549 παῖδας
1568 4485 1660 4539 δύο
1693 4488 1897 4559 ὑπηρε-

1999 3321 2107 3359 non
2136 3303 2366 3357 dubitet.

2068 3398 2184 3452 Duo
2220 3396 2365 3452 enim
2399 3411 2462 3452 ac
2508 3395 2852 3467 septuaginta
2891 3394 2995 3448 viri
3046 3395 3100 3448 in
3140 3393 3324 3448 Pharo
3367 3393 3573 3458 insula,

1995 3499 2116 3554 quae
2143 3493 2288 3538 terra
2317 3483 2573 3552 superior
2597 3483 2821 3547 dicitur,
2855 3498 2886 3536 e
2915 3481 3140 3552 regione
3172 3482 3325 3537 urbis
3354 3481 3576 3536 Alexan-

1995 3574 2189 3638 drinae,
2226 3573 2282 3626 in
2309 3587 2403 3627 sex
2434 3581 2488 3625 et
2515 3573 2738 3640 triginta
2762 3571 2974 3626 cellulis
3001 3571 3113 3625 bini
3143 3571 3354 3626 scilicet
3387 3572 3440 3624 in
3467 3573 3580 3626 sin-

1995 3664 2157 3734 gulis,
2192 3679 2221 3717 a
2254 3663 2433 3734 primo
2457 3663 2704 3716 diluculo
2730 3661 2797 3715 ad
2829 3677 3111 3730 vesperam
3141 3663 3386 3716 conclusi
3429 3669 3575 3716 sunt.

1998 3751 2112 3808 Sub
2147 3769 2431 3824 vesperam
2469 3769 2631 3823 porro
2683 3753 2904 3823 triginta
2941 3768 3034 3807 sex
3081 3754 3301 3824 scaphis
3336 3753 3402 3807 ad
3438 3752 3570 3807 Pto-

1999 3843 2171 3897 lemaei
2202 3843 2540 3913 Philadelphi
2576 3843 2838 3912 palatium
2869 3841 3104 3906 advecti,
3142 3843 3206 3896 ad
3240 3844 3361 3912 ejus
3388 3843 3579 3912 epulas

1998 3935 2419 3990 adhibebantur.
2450 3934 2589 3989 Tum
2638 3935 2692 3988 in
2729 3935 2953 4006 triginta
3000 3950 3093 3990 sex
3131 3934 3425 3998 cubiculis,
3465 3934 3574 3987 bini

1997 4025 2206 4085 scilicet
2242 4026 2295 4078 in
2332 4040 2660 4094 unoquoque
2708 4023 3076 4085 dormiebant,
3122 4039 3191 4077 ne
3233 4024 3412 4091 capita
3445 4037 3581 4076 con-

2006 4116 2149 4172 ferre
2190 4124 2436 4186 possent,
2482 4116 2579 4170 sed
2618 4116 2835 4168 sincere
2877 4129 2940 4168 ac
2976 4113 3208 4168 lideliter
3253 4114 3580 4181 interpreta-

1999 4213 2210 4262 rentur.
2244 4205 2566 4268 Ptolemzeus
2590 4207 2733 4258 enim
2759 4205 2849 4258 ille
2877 4205 3104 4274 triginta
3133 4219 3250 4267 sex,
3281 4219 3420 4273 quas
3443 4203 3578 4268 dixi,

1999 4297 2228 4351 cellulas
2255 4295 2308 4348 in
2335 4296 2424 4348 illa
2453 4296 2630 4349 insula
2655 4294 2922 4358 condidit,
2951 4295 3282 4364 easdemque
3301 4295 3569 4364 duplices;

1999 4388 2198 4458 quibus
2221 4387 2434 4458 singula
2458 4387 2609 4458 paria
2639 4386 2912 4440 conclusit
2937 4401 3061 4440 cum
3085 4386 3300 4440 duobus
3334 4385 3575 4447 famulis.

2001 4480 2109 4534 cibi
2141 4481 2368 4549 parandi
2401 4496 2463 4534 ac
2493 4478 2841 4534 ministraudi
2871 4479 3068 4550 gratia,
3101 4494 3208 4533 una
3249 4493 3373 4532 cum
3416 4485 3577 4531 nota-

314 4573 426 4624 τεῖν
440 4571 621 4636 αὐτοῖς
645 4571 759 4642 ἅμα
779 4573 1064 4638 ἐνέκλειεν,
1089 4574 1370 4644 ὀψοποιίας
1390 4577 1574 4631 ἕνεκεν
1593 4580 1684 4632 καὶ
1702 4580 1808 4652 ὑπη
1818 4597 1891 4651 ρε-

2009 4575 2126 4628 riis.
2161 4573 2220 4629 ln
2250 4575 2334 4629 his
2361 4573 2576 4627 cellulis
2607 4572 2786 4626 nullas
2821 4572 3127 4642 parietibus
3165 4571 3435 4625 fenestras
3477 4569 3579 4623 im-

318 4663 461 4729 σίας,
499 4664 636 4734 μετά
665 4665 759 4723 καὶ
790 4666 1180 4737 ταχυγράιρων.
1223 4668 1361 4721 Ἀλλ’
1387 4668 1509 4722 οὔτε
1537 4669 1756 4740 θυρίδας
1783 4673 1896 4735 τοῖς

314 4753 578 4816 οἰκίσκοις
606 4754 831 4819 ἐκείνοις
871 4757 934 4809 ἐκ
960 4757 1068 4808 τῶν
1097 4759 1288 4828 τοίχων
1321 4761 1595 4831 ἐποίησεν,
1623 4761 1737 4814 ἀλλ’
1761 4762 1896 4815 ἅνω-

313 4843 407 4899 θεν
456 4847 520 4898 ἐκ
547 4846 657 4898 τῶν
699 4847 964 4916 δωμάτων
1007 4849 1106 4912 τὰς
1155 4851 1494 4922 καλουμένας
1555 4853 1896 4920 ἀναφωτίδας

317 4935 582 5006 ἀνέῳξεν·
615 4938 662 4990 οἱ
718 4938 774 4991 δὲ
802 4937 973 5002 οὕτως
1020 4939 1296 5009 διάγοντες
1343 4943 1450 4995 ἁπδ
1498 4943 1736 5014 πρωῖθεν
1791 4943 1896 5006 ἕως

317 5026 555 5097 ἑσπέρας
603 5028 707 5082 ὑπὸ
740 5029 924 5084 κλεῖδα
968 5031 1450 5103 συγκεκλεισμένοι
1495 5032 1670 5096 οὕτως
1707 5034 1887 5104 ἡρμή-

317 5133 545 5171 νευσαν’
601 5120 805 5190 ἑκάστῃ
861 5121 918 5174 δὲ
981 5123 1119 5195 ζυγῇ
1185 5124 1364 5196 βίϐλος
1428 5125 1526 5196 μία
1579 5125 1890 5178 ἑπεδίδοτο’

317 5205 392 5272 ὥς
424 5210 617 5274 εἰπεῖν,
657 5211 692 5281 ἡ
736 5209 914 5280 βίϐλος
946 5213 1045 5283 τῆς
1081 5212 1174 5266 τοῦ
1215 5215 1420 5285 κόσμου
1471 5213 1745 5277 Γενέσεως
1791 5211 1892 5283 μιᾷ

397 5373 410 5403 ¹
441 5370 503 5427 F.
540 5369 825 5442 ἑρμηνέων
866 5367 1076 5438 ὧσπερ.
1163 5370 1182 5398 ³
1208 5367 1337 5434 Reg.
1367 5365 1461 5434 ἀφ’
1491 5364 1686 5418 ἕωθεν.

392 5518 506 5590 (57)
555 5517 1104 5590 Ἐϐδομηκονταδύο
1152 5520 1263 5586 γὰρ
1297 5519 1486 5584 ὄντες.
1535 5519 1685 5574 Hane
1717 5521 1891 5575 histo-

320 5589 456 5646 riam
484 5598 595 5643 tam
619 5599 829 5645 veteres
859 5589 1120 5658 plerique.
1146 5603 1307 5658 quam
1343 5590 1674 5645 recentiores
1704 5591 1890 5659 copio-

320 5660 540 5716 sissime
597 5661 1055 5728 perscripserunt.
1111 5659 1210 5713 Cui
1263 5659 1525 5728 nonnulla
1581 5665 1762 5714 tamen
1812 5664 1892 5716 in-

321 5744 508 5798 Spersa
550 5727 697 5790 sunt,
746 5727 866 5798 quin
917 5744 1058 5798 aegre
1100 5727 1390 5782 admodum
1427 5727 1584 5798 tidem
1621 5730 1890 5786 obtinent.

321 5797 495 5866 Quale
521 5808 608 5855 est
641 5797 775 5854 illud
813 5801 878 5854 de
907 5797 1080 5863 cellis,
1116 5813 1254 5869 quas
1289 5813 1448 5852 xxxv:
1498 5797 1668 5853 fuisse
1705 5809 1894 5855 censet

2004 4667 2237 4737 pressit;
2285 4666 2379 4721 sed
2436 4680 2465 4716 e
2511 4672 2654 4718 tecto
2701 4679 2938 4733 superne
2983 4665 3106 4720 illas
3155 4664 3390 4734 aperuit,
3441 4676 3578 4731 quas

2005 4757 2366 4827 anaphotidas
2393 4757 2700 4810 nominant.
2736 4754 2849 4809 lloc
2873 4756 2953 4810 illi
2985 4754 3147 4810 modo
3179 4771 3208 4809 a
3237 4756 3415 4824 primo
3437 4755 3580 4808 dilu-

2005 4847 2128 4900 enlo
2174 4846 2241 4899 ad
2273 4859 2552 4914 vesperam
2587 4844 2860 4898 obseratis
2901 4843 3114 4900 foribus
3145 4844 3346 4899 inclusi
3387 4856 3579 4897 sacras

2002 4938 2234 4992 Litteras
2275 4937 2694 4990 transtulerunt.
2744 4935 3051 5006 Unicuique
3088 4951 3253 5006 porro
3298 4935 3571 5004 Interpre-

2004 5039 2116 5082 tum
2147 5029 2260 5098 pari
2300 5029 2434 5082 liber
2470 5029 2870 5082 attribuebutur
2915 5043 3077 5082 unus.
3123 5026 3368 5094 Exempli
3404 5038 3574 5079 causa

2003 5120 2278 5176 Geneseos
2309 5121 2562 5174 volumen
2607 5120 2696 5174 uni
2743 5120 3217 5182 committebatur,
3253 5117 3474 5172 Exodus
3501 5116 3580 5170 al-

2003 5212 2131 5277 teri,
2163 5210 2438 5266 Leviticus
2472 5212 2584 5276 alii,
2635 5221 2795 5282 atque
2837 5211 2910 5264 ita
2954 5211 3213 5281 deinceps
3257 5208 3462 5264 caeteri.
3494 5208 3577 5262 lta

2001 5521 2360 5592 Epiphanius,
2404 5525 2477 5577 ita
2513 5536 2572 5578 ut
2607 5525 2718 5579 bini
2757 5525 2811 5578 in
2848 5524 3080 5592 singulis
3114 5523 3448 5592 habitarent.
3475 5515 3576 5573 Ju-

1999 5589 2180 5663 stinus
2208 5595 2430 5648 totidem
2461 5610 2708 5663 munero,
2739 5603 2872 5663 quot
2898 5589 3243 5662 interpretes,
3271 5589 3568 5654 exstitisse,

2000 5663 2060 5733 in
2083 5662 2301 5719 Cohort.
2334 5663 2402 5717 ad
2432 5673 2569 5733 gent.
2613 5662 2885 5732 Iosephus
2915 5670 3147 5733 autem,
3189 5675 3362 5733 eoque
3413 5667 3574 5733 vetu-

1997 5732 2135 5785 stior
2165 5733 2340 5801 Philo,
2376 5728 2702 5788 et'Aristeas
2739 5728 2805 5787 de
2829 5731 2981 5801 cellis
3016 5729 3171 5784 nihil.
3207 5728 3312 5783 Sed
3332 5744 3395 5783 ea
3453 5729 3569 5797 jam

2000 5801 2211 5872 pridem
2250 5800 2573 5860 ab'eruditis
2603 5817 2835 5859 excussa
2874 5800 3258 5869 disputataqne
3287 5808 3434 5854 sunt.
