4018 6210
440 426 551 484 263
1803 413 1862 470 S.
1902 410 2043 467 ΕΡιὲ

2147 409 2246 465 ,Νιι
3579 394 3689 453 244

442 549 650 614 septem
674 549 730 598 et
757 540 947 612 viginti
993 537 1290 608 Scriptura:
1323 549 1386 588 ac
1422 531 1638 589 Veteris
1669 529 2008 586 Testamenti
2038 583 2043 594 η

2149 529 2274 598 υγῇ,
2320 527 2354 596 ή
2390 521 2607 588 Ἔξοδος
2648 518 2758 572 τῶν
2805 517 2938 572 υἱῶν
2983 512 3198 588 Ἰσραὴλ
3240 512 3308 582 τῇ
3341 508 3477 582 άλλη
3522 505 3688 614 ξυγῇ,

448 597 716 706 libri,qui
748 597 983 688 aduduos
1005 646 1069 686 ac
1098 597 1290 700 viginti
1314 641 1416 698 pro
1444 626 1750 680 litterarum
1784 621 2013 678 llebrai-

2147 597 2402 671 ιευῗτικὸν
2423 616 2489 685 τῇ
2516 611 2672 686 ἄλλῃ,
2702 608 2798 663 καὶ
2817 606 3051 679 καθεξῆς
3079 604 3212 674 ἀλλη
3237 601 3416 672 βίϐλος
3438 601 3504 670 τῇ
3531 597 3686 667 ἄλλῃ·

446 743 630 784 carum
676 740 902 781 numero
944 721 1288 793 rediguntur,
1330 717 1578 773 Gnaeum
1609 715 1664 770 in
1707 728 2014 771 sermonem

2147 711 2214 766 :ai.
2247 708 2419 771 οὕτως
2451 707 2507 760 αἱ
2542 701 2862 758 εἰκοσιεπτά
2903 698 3074 771 βίϐλοι
3105 697 3161 750 αἱ
3197 693 3359 767 ῥηταὶ
3385 691 3479 746 καὶ
3517 689 3692 743 ἐνδιά-

409 805 412 810 ’
446 818 696 874 conversi
719 824 865 871 sunt.

2150 818 2281 867 ετοι,
2307 799 2480 852 εἴκοσι
2509 795 2564 850 δὲ
2589 795 2685 849 καὶ
2704 793 2799 846 δύο
2819 789 2961 844 κατά
2983 788 3081 860 τὴν
3107 786 3200 841 τοῦ
3223 782 3535 854 ἀλφαϐήτου
3559 779 3690 850 παρ’

2129 894 2401 967 Ἑϐραίοις
2432 889 2768 962 στοιχείωσιν
2797 883 3219 958 ἀριθμούμεναι,
3245 875 3686 950 ἡρμηνεύθησαν.

516 994 606 1051 lV.
641 994 854 1050 Habent
900 993 1044 1049 enim
1086 989 1298 1046 Hebraei
1341 1005 1454 1044 χχιι
1485 987 1716 1052 litteras,
1761 1001 1791 1041 e
1819 983 2023 1055 quibus

2187 988 2262 1041 A'.
2294 985 2483 1039 Εἴκοσι
2515 982 2625 1052 γὰρ
2654 979 2750 1034 καὶ
2781 978 2874 1032 δύο
2895 977 3079 1048 ἔχουσι
3107 970 3385 1042 στοιχείων
3411 968 3688 1055 νοήματα·

447 1085 688 1154 quinque
739 1081 1088 1153 duplicantur
1153 1078 1321 1149 Capit,
1383 1076 1528 1144 Men,
1578 1074 1726 1140 Nun,
1784 1054 1910 1137 Phi,
1965 1079 2020 1126 et

2147 1078 2282 1132 ιέντε
2321 1075 2380 1128 δέ
2425 1074 2564 1126 εἰσιν
2609 1069 2670 1136 ἐξ
2701 1068 2884 1124 αὐτῶν
2918 1063 3263 1135 διπλούμενσ.
3318 1059 3394 1113 Tb
3431 1057 3542 1128 γάρ
3571 1054 3693 1124 erit?

446 1178 633 1249 Λίεριιι.
686 1175 804 1241 Qua
856 1173 1069 1228 ratione
1124 1145 1250 1227 cum
1302 1185 1413 1225 χχιι
1465 1169 1585 1223 libri
1637 1171 2016 1229 numerentur,

2153 1169 2238 1222 στὶ
2264 1163 2505 1230 διπλοῦν,
2546 1161 2730 1217 καὶτὸ
2767 1159 2906 1229 μὲν,
2941 1157 3036 1211 καί¹
3065 1154 3125 1208 rb
3172 1149 3346 1215 γοῦν,
3373 1149 3468 1202 καὶ
3499 1147 3563 1200 rb
3605 1145 3694 1215 φὶ,

447 1235 653 1340 septem
703 1282 768 1322 ac
802 1265 987 1336 viginti
1028 1263 1397 1335 reperiuntur,
1427 1264 1574 1332 quod
1617 1274 1684 1313 ex
1714 1258 1822 1313 illis
1857 1255 2015 1326 quin-

2147 1259 2214 1312 :al.
2239 1257 2302 1310 rb
2340 1272 2380 1309 a
2411 1255 2427 1286 ¹
2447 1271 2460 1284 ·
2495 1253 2575 1306 διὸ
2610 1252 2706 1306 καὶ
2734 1251 2792 1303 αἱ
2835 1247 3007 1320 βίϐλοι
3043 1242 3187 1300 κατὰ
3219 1239 3408 1295 τοῦτον
3434 1238 3526 1291 τδν
3566 1235 3695 1307 τρό-

446 1327 553 1430 que
596 1327 988 1431 geminentur:
1049 1327 1179 1426 puta
1220 1354 1358 1409 liber
1384 1327 1550 1406 VR—uth
1601 1366 1725 1406 cum
1768 1347 2022 1402 Judicunt

2147 1365 2245 1414 rev,
2290 1344 2558 1400 εἰκοσιδύο
2610 1342 2708 1414 μὲν
2743 1337 3126 1411 ἀριθμοῦνται,
3165 1330 3480 1388 εἰκοσιεπτά
3521 1327 3578 1382 δὲ
3610 1329 3698 1381 εὕ-

450 1421 1002 1518 ιῖυτυὶωηυυωωτ,
1041 1421 1096 1500 et
1147 1460 1291 1499 unus
1341 1444 1409 1497 ab
1455 1440 1702 1496 Hebrwis
1731 1444 2021 1494 censetur:

2147 1441 2426 1502 ›ίσκονται,
2451 1435 2540 1490 διὰ
2579 1434 2641 1488 rb
2693 1432 2855 1486 πέντε
2890 1430 2950 1496 ἐξ
2975 1427 3153 1484 αὐτῶν
3177 1421 3524 1478 διπλοῦσθαι·
3578 1437 3699 1472 συν-

450 1541 662 1610 primus
703 1539 1162 1608 Paralipomenon
1200 1535 1340 1590 liber
1385 1549 1510 1588 cum
1554 1527 1860 1602 posteribre
1891 1542 2026 1587 con-

2147 1532 2353 1586 ίπτεται
2400 1527 2508 1598 γὰρ
2546 1528 2580 1597 ἡ
2623 1524 2777 1578 Ῥοὺθ
2827 1524 2940 1585 τοῖς
2966 1519 3218 1591 Κριταῖς,
3243 1515 3305 1569 rb
3327 1516 3347 1545 ’
3383 1513 3696 1585 ἀριθμεῖται

447 1633 715 1704 jungitur,
748 1639 802 1687 et
828 1600 997 1685 unum
1046 1629 1248 1684 librum
1282 1625 1466 1682 ellicit.
1513 1600 1644 1679 Item
1687 1623 1898 1694 primus
1930 1617 2030 1676 Re-

2147 1623 2256 1694 ταρ’
2296 1619 2568 1691 Ἑϐραίοις
2595 1615 2694 1688 μία
2721 1614 2928 1686 βίϐλος·
2963 1610 3293 1665 συνάπτεται
3314 1607 3350 1677 ή
3378 1605 3566 1674 πρώτη
3591 1600 3700 1654 τῶν

449 1739 682 1797 guorum
733 1723 894 1788 liber,
949 1738 1074 1778 cum
1127 1720 1407 1786 secundo;
1457 1717 1652 1772 tertius
1690 1693 1859 1785 7162
1905 1725 2028 1765 cum

2147 1693 2623 1785 Ιαραλειπομένων
2651 1709 2716 1778 τῇ
2741 1704 2993 1774 δευτέρᾳ,
3010 1701 3105 1755 καὶ
3124 1699 3342 1767 λέγεται
3367 1696 3466 1767 μία
3497 1693 3698 1765 βίϐλος·

450 1827 646 1883 quarto
673 1831 840 1869 unum
877 1814 1074 1874 librum
1115 1810 1480 1867 constituunt.
1529 1806 1610 1859 Ad
1650 1819 1886 1873 eumque
1916 1815 2029 1855 mo-

2131 1805 2460 1858 συνάπτεται
2489 1803 2523 1871 ἡ
2555 1799 2748 1871 πρώτη
2779 1796 2889 1850 τῶν
2918 1789 3215 1847 Βασιλειῶν
3234 1791 3300 1861 τῇ
3333 1787 3582 1858 δευτέρᾳ,
3608 1784 3701 1836 καὶ

452 1876 581 1960 dum
614 1905 910 1975 Scriptum
942 1904 1067 1958 libri
1096 1909 1333 1973 quatuor
1360 1897 1732 1955 voluminibus
1760 1895 2028 1964 quinque-

2147 1895 2344 1964 téYSTal.
2377 1893 2478 1965 μία
2499 1890 2710 1964 βίϐλος·
2748 1884 3133 1955 συνάπτεταιὴ
3165 1881 3325 1951 τρίτη
3343 1882 3409 1950 τῇ
3441 1876 3700 1946 τετάρτῃ,

453 1996 669 2067 partitis
703 1995 1088 2066 comprehensi
1118 2001 1268 2056 sunt,
1303 2008 1368 2048 ac
1391 1992 1499 2047 duo
1538 1990 1663 2044 libri
1694 1996 1848 2043 extra
1877 1986 2026 2040 ordi-

452 2101 576 2142 nem
617 2093 998 2142 numerantur.
1047 2084 1229 2151 Quare
1256 2082 1470 2138 Veteris
1517 2078 1850 2136 Testamenti
1904 2076 2026 2131 libri

453 2193 648 2233 omnes
679 2177 783 2233 hac
821 2177 962 2232 serie
1009 2183 1428 2246 percensentur.
1458 2171 1710 2239 Quinque
1746 2170 1814 2224 ad
1859 2169 2028 2238 legem

452 2269 772 2338 pertinent:
829 2266 1078 2332 Genesis,
1134 2264 1380 2328 Exodus,
1430 2261 1729 2324 Leviticus,
1789 2257 2028 2321 Numeri,

457 2355 966 2413 Deuteronomium.
1009 2354 1136 2408 llaec
1166 2364 1251 2409 est
1296 2351 1726 2412 Pentateuchus,
1774 2363 1880 2419 qua
1921 2358 2030 2401 tota

456 2449 543 2504 lex
591 2450 904 2519 exponitur.
964 2447 1282 2517 Sequuntur
1330 2445 1572 2514 quinque
1614 2441 1706 2494 alii
1747 2439 1894 2505 libri,
1939 2440 2030 2508 qui

456 2540 704 2596 versibus
743 2545 1036 2595 constant:
1070 2536 1193 2602 Job,
1224 2534 1576 2598 Psalterium,
1607 2530 1899 2585 Proverbia
1935 2528 2034 2582 Sa—

458 2628 715 2696 lomonis,
753 2626 1138 2689 Ecclesiastes,
1174 2625 1404 2681 Cantica
1435 2622 1796 2678 canticorum.
1832 2617 2035 2673 Deinde

463 2720 680 2774 tertium
711 2720 973 2774 librorum
999 2719 1312 2789 collegium,
1346 2731 1468 2786 quae
1493 2716 1732 2786 γραφεῖα
1754 2711 2033 2774 dicuntur,

459 2818 511 2863 et
537 2809 881 2880 Agiographa
900 2810 1182 2877 continet;
1213 2805 1523 2878 cujusmodi
1552 2811 1702 2868 sunt,
1737 2803 1877 2857 liber
1907 2799 2034 2856 Jesu

461 2901 560 2954 lilii
592 2899 776 2963 Nave,
809 2898 1064 2954 Judicum
1097 2900 1256 2963 liber,
1285 2913 1409 2954 cum
1438 2897 1580 2951 libro
1615 2894 1793 2962 Ruth;
1829 2892 2034 2947 Parali-

462 3007 732 3062 pomenon
770 2990 983 3061 primus
1028 3004 1151 3044 cum
1179 2987 1449 3054 secundo,
1483 2984 1796 3056 Regnorum
1825 2983 2037 3053 priores

461 3085 606 3153 duo,
665 3083 890 3138 totidem
938 3081 1299 3151 posteriores
1336 3080 1392 3134 in
1443 3093 1612 3134 unum
1651 3077 1904 3132 volumen
1951 3089 2039 3129 re-

466 3177 632 3232 dacti.
668 3175 914 3230 Tertium
945 3174 1077 3230 illud
1108 3173 1397 3244 collegium
1428 3179 1548 3238 est;
1579 3175 1832 3238 quartum
1855 3164 2041 3235 sequi-

465 3275 593 3321 tur'.
629 3268 683 3319 in
716 3265 862 3336 quod
894 3265 1180 3320 duodecim
1211 3263 1499 3334 Prophetas
1539 3261 1802 3323 minores,
1836 3256 2027 3324 Isaias,

2129 1963 2224 2040 xui.
2261 1963 2475 2052 λέγεται
2509 1981 2605 2050 μία
2655 1977 2862 2049 βίϐλος·
2903 1973 3075 2037 οὕτως
3119 1970 3248 2040 γοῦν
3293 1967 3604 2035 σύγκεινται
3645 1963 3700 2014 αἱ

2132 2075 2302 2145 βίϐλοι
2350 2075 2410 2126 ὲν
2451 2068 2836 2138 πεντατεύχοις
2865 2065 3138 2136 τέτταρσι,
3152 2063 3246 2114 καὶ
3275 2059 3520 2130 μένουσιν
3547 2054 3703 2108 ἄλλαι

2130 2167 2223 2221 δύο
2269 2164 2623 2237 ὑστεροῦσαι·
2672 2161 2748 2222 ὡς
2785 2155 2925 2212 εἶναι
2966 2158 3065 2218 τὰς
3102 2151 3438 2212 ὲνδιαθέτους
3491 2145 3702 2216 βίϐλους

2131 2259 2333 2322 οὕτως·
2372 2257 2532 2310 πέντε
2579 2253 2679 2325 μὲν
2709 2250 2959 2322 νομικὰς,
2996 2248 3237 2311 Γένεσιν,
3274 2241 3512 2306 Ἔξοδον,
3548 2239 3706 2292 Λευῖ-

2132 2348 2302 2410 τικδν,
2345 2343 2661 2415 Ἀριθμοὺς,
2713 2337 3162 2409 Δευτερονόμιον·
3219 2331 3359 2402 αὕτη
3412 2332 3447 2400 ἡ
3501 2325 3705 2382 Πεντά-

2132 2455 2321 2509 τευχος
2355 2437 2448 2490 καὶ
2477 2436 2512 2506 ἡ
2541 2430 2864 2504 νομοθεσία·
2898 2428 3060 2482 πέντε
3090 2425 3198 2496 γὰρ
3233 2424 3528 2494 στιχήρεις,
3556 2421 3592 2490 ἡ
3612 2415 3707 2470 τοῦ

2147 2530 2264 2584 Ἰὼϐ
2312 2528 2511 2599 βίϐλος,
2562 2521 2683 2578 εἶτα
2732 2523 2792 2576 τὸ
2827 2521 3162 2591 Ψαλτήριον,
3209 2512 3487 2585 Παροιμία
3539 2509 3706 2563 Σαλοο

2139 2621 2366 2692 μῶντος,
2407 2614 2864 2685 Ἐκκλησιαστὴς,
2893 2608 3084 2682 τᾼσμα
3115 2607 3375 2680 ᾀσμάτων
3396 2622 3408 2634 ·
3438 2600 3555 2656 εἶτα
3576 2601 3709 2671 άλλη

2136 2709 2569 2781 πεντάτευχοςτὰ
2581 2699 2745 2763 καλού
2755 2721 2891 2777 μενοι
2905 2698 3326 2776 Γραφεία,παρά
3340 2714 3451 2751 τισι
3468 2696 3526 2749 δὲ
3539 2693 3714 2764 Ἀγιά-

2137 2822 2323 2876 γραφα
2338 2803 2624 2874 λεγόμενα,
2650 2799 2806 2853 ἀτινά
2828 2800 2974 2850 ἐστιν
2997 2794 3168 2856 οὕτως
3187 2809 3201 2822 ο
3241 2789 3414 2861 Ἰησοῦ
3437 2788 3530 2842 τοῦ
3556 2786 3712 2856 Ναυῆ

2141 2897 2340 2968 βίϐλος,
2388 2892 2606 2965 Κριτῶν
2659 2889 2799 2962 μετά
2845 2890 2946 2958 τῆς
2987 2884 3166 2947 Ῥοὺθ,
3221 2880 3714 2952 Παραλειπομένων

2139 2990 2328 3061 πρώτη
2367 2985 2504 3058 μετά
2546 2983 2646 3054 τῆς
2689 2980 2970 3051 δευτέρας,
3016 2975 3313 3030 Βασιλειῶν
3349 2970 3538 3042 πρώτη
3580 2967 3715 3040 μετά

2140 3083 2239 3153 τῆς
2264 3081 2566 3150 τετάρτης·
2605 3073 2744 3145 αὕτη
2789 3072 2946 3144 τρίτη
2983 3068 3376 3136 πεντάτευχος·
3412 3062 3546 3132 ἄλλη
3590 3078 3717 3113 πεν-

2143 3176 2423 3245 τάτευχος,
2463 3171 2526 3223 rb
2564 3165 3085 3236 Δωδεκαπρόφητον,
3129 3160 3379 3222 Ἡσαΐας,
3425 3153 3716 3226 Ἱερεμίας,

2158 3265 2438 3336 Ἶεζεκιὴλ,
2486 3258 2717 3330 Δανιήλ·
2767 3256 2863 3311 καὶ
2909 3255 3048 3324 αῦτη
3097 3255 3132 3325 ἡ
3167 3247 3478 3324 προφητικὴ
3524 3247 3722 3300 πεντά-

465 3357 756 3424 Jeremias,
791 3357 1064 3417 Ezechiel.
1105 3371 1169 3412 ac
1203 3355 1393 3410 Daniel
1426 3351 1658 3422 conjecti
1690 3359 1838 3407 sunt.
1866 3350 2043 3418 Atque

2147 3374 2368 3430 τευχος·
2431 3355 2651 3427 ἔμειναν
2708 3351 2767 3406 δὲ
2824 3349 2980 3405 ἄλλαι
3031 3347 3152 3413 δύο,
3211 3344 3412 3407 αἵτινές
3468 3343 3574 3394 εἰσι
3623 3339 3719 3393 τοῦ

469 3451 573 3505 hoc
604 3450 858 3504 volumen
888 3449 1277 3520 prophetarum
1306 3448 1511 3516 scripta
1535 3445 1802 3499 continet.
1826 3440 2043 3511 Reliqui

2150 3449 2354 3520 Ἔσδρα
2387 3447 2486 3518 μία
2509 3445 2604 3499 καὶ
2642 3442 2783 3512 αὕτη
2815 3439 3164 3511 λογιζομένη,
3196 3437 3292 3491 καὶ
3323 3435 3455 3504 άλλη
3482 3432 3661 3504 βίϐλος
3688 3432 3721 3502 ἡ

469 3552 599 3600 sunt
624 3543 749 3596 libri
781 3542 890 3596 duo
921 3561 933 3596 :
971 3542 1073 3595 hoc
1100 3547 1184 3596 est
1215 3539 1405 3596 Esdrre
1439 3553 1604 3602 unus,
1629 3536 1722 3606 qui
1753 3535 2043 3604 separatim

2147 3543 2244 3613 τῆς
2278 3541 2478 3611 Ἐσθὴρ
2529 3538 2816 3593 καλεῖται·
2854 3530 3253 3603 ἐπληρώθησαν
3283 3524 3376 3581 οὖν
3415 3528 3470 3580 αἱ
3520 3527 3721 3578 εἰκοσι-

473 3640 814 3695 numeratur,
840 3632 981 3687 alins
1003 3631 1221 3686 Esther.
1252 3628 1328 3682 lta
1359 3628 1470 3682 duo
1493 3635 1549 3682 et
1581 3626 1772 3696 viginti
1799 3625 1923 3679 libri
1947 3639 2047 3695 pro

473 3725 778 3778 litterarum
825 3720 1226 3777 llebraicarum
1266 3733 1496 3774 numero
1537 3725 1852 3773 censentur.
1890 3714 2048 3782 Quod

473 3817 618 3871 enim
667 3816 734 3870 ad
773 3815 911 3870 duos
955 3815 1081 3870 illos
1128 3813 1348 3878 attinet,
1387 3811 1481 3882 qui
1518 3812 1768 3867 versibus
1800 3808 2049 3865 distincti

474 3916 628 3973 sunt,
666 3906 980 3963 Salomonis
1013 3905 1266 3961 videlicet
1310 3904 1674 3975 Sapientiam,
1710 3915 1832 3972 qua:
1873 3899 2050 3954 Pana-

391 4005 400 4008 ”
475 4012 626 4058 retus
654 4002 996 4066 inscribitur,
1037 4007 1093 4057 et
1119 3999 1250 4057 Jesu
1277 3998 1403 4055 Filii
1431 3998 1625 4054 Sirach
1666 3998 1889 4061 librum,
1921 3993 2051 4050 Jesu

473 4095 710 4165 nepotis,
751 4092 848 4163 qui
892 4092 1186 4164 Sapientia:
1232 4092 1434 4147 librum
1479 4089 1745 4146 llebraice
1799 4086 2046 4157 scripsit,

474 4202 637 4256 quem
682 4198 855 4256 nepos
895 4185 1016 4255 ejus
1067 4182 1230 4241 Jesus
1270 4185 1464 4240 Graece
1513 4184 1786 4250 reddidit;
1830 4180 2050 4237 tametsi

477 4280 637 4336 utiles
669 4293 736 4332 ac
768 4278 1040 4333 fructuosi
1067 4278 1142 4331 illi
1169 4278 1303 4338 sint.
1338 4279 1393 4332 in
1423 4277 1833 4347 Seripturarum
1861 4288 2054 4329 nume-

478 4386 596 4424 rum
624 4382 972 4437 nequaquam
1008 4367 1202 4422 referri
1235 4370 1435 4423 solent.
1469 4366 1625 4423 Unde
1659 4383 1762 4422 nec
1794 4367 1852 4421 in
1883 4372 2054 4420 testa-

477 4457 645 4512 menti
674 4471 801 4509 arca
828 4455 1086 4510 collocati
1115 4464 1266 4510 sunt.

2146 3633 2239 3687 δύο
2271 3631 2441 3702 βίϐλοι
2472 3628 2610 3684 κατά
2637 3628 2728 3682 τὸν
2756 3623 2989 3698 ἀριθμὸν
3013 3621 3127 3674 τῶν
3151 3617 3420 3673 εἰκοσιδύο
3449 3615 3726 3686 στοιχείων

2149 3727 2278 3798 παρ’
2312 3725 2608 3796 Ἑϐραίοις.
2642 3721 2709 3774 Αἱ
2735 3719 2843 3789 γὰρ
2875 3716 3148 3787 στιχήρεις
3176 3711 3270 3766 δύο
3300 3710 3494 3782 βίϐλοι,
3516 3708 3615 3779 ἥτε
3631 3704 3725 3759 τοῦ

2151 3816 2515 3889 Σολομῶντος,
2555 3816 2589 3884 ἡ
2632 3811 2942 3882 Πανάρετος
2985 3803 3280 3876 λεγομένη,
3312 3801 3406 3856 καὶ
3435 3802 3468 3870 ἡ
3495 3798 3589 3852 τοῦ
3627 3799 3728 3867 ἰη-

2151 3909 2247 3962 σοῦ
2279 3908 2372 3961 τοῦ
2413 3905 2530 3961 υἱοῦ
2559 3903 2750 3975 Σιράχ,
2799 3896 3024 3968 ἐκγόνου
3063 3895 3122 3950 δὲ
3147 3893 3244 3948 τοῦ
3281 3891 3479 3965 Ἰησοῦ,
3515 3889 3608 3944 τοῦ
3636 3889 3727 3942 καὶ

2151 4000 2249 4071 τὴν
2279 3999 2480 4069 Σοφίαν
2508 3993 2793 4066 Ἐϐραϊστὶ
2821 3988 3153 4062 γράψαντος,
3179 3987 3246 4058 ἢν
3267 3987 3296 4040 ὁ
3321 3984 3540 4054 ἔκγονος
3563 3978 3729 4071 αύτοῦ

2165 4066 2375 4164 Ἰησοῦς
2404 4086 2750 4162 ἑρμηνεύσας
2799 4081 3106 4154 Ἑλληνιστὶ
3148 4077 3384 4150 ἔγραψε·
3427 4077 3522 4128 καὶ
3569 4066 3730 4125 αὗται

2153 4162 2411 4256 χρησιμοι
2461 4179 2560 4251 μέν
2593 4180 2698 4231 είσι
2752 4175 2847 4228 καὶ⁵
2884 4173 3172 4244 ὠφέλιμοι,
3212 4167 3325 4224 ἀλλ’
3372 4169 3452 4230 είς
3499 4162 3732 4236 ἀριθμὸν

2158 4273 2335 4346 ῥητῶν
2368 4273 2467 4324 οὐκ
2498 4269 2878 4339 ἀναφέρονται.
2919 4265 3012 4318 Διὸ
3033 4265 3100 4336 δὴ
3140 4266 3198 4317 ὲν
3228 4262 3306 4332 τῷ
3345 4257 3554 4330 Ἀαρὼν
3577 4257 3597 4287 ³
3619 4256 3732 4325 (58)

2156 4344 2505 4428 ἀνετέθησαν,
2536 4357 2630 4410 τοῦ
2664 4372 2724 4408 τε
2751 4354 2771 4385 ⁸
2798 4355 2856 4407 έν
2876 4354 2944 4424 τῇ
2969 4353 3069 4424 τῆς
3101 4350 3361 4422 διαθήκης
3389 4344 3627 4416 κιϐωτῷ.

549 4546 615 4602 ν,
653 4543 762 4600 Nec
793 4544 929 4600 illud
965 4545 1134 4601 latere
1165 4552 1218 4600 te
1257 4544 1438 4609 debet,
1471 4545 1830 4601 honestarum
1871 4559 2043 4599 rerum

2230 4541 2306 4594 E'.
2347 4536 2509 4592 Ἀλλά
2557 4535 2652 4588 καὶ
2680 4533 2760 4586 ἔτι
2789 4531 2946 4586 τοῦτό
2989 4549 3048 4586 σε
3091 4531 3167 4603 μὴ
3206 4525 3487 4601 παρέλθοι,
3516 4519 3562 4577 ὦ
3585 4521 3737 4593 φιλό-

484 4639 761 4703 studiose,
793 4637 1121 4692 Psalterium
1151 4637 1222 4693 ab
1247 4635 1493 4692 llcbraeis
1528 4639 1771 4707 quinque
1800 4636 1855 4690 in
1885 4634 2056 4689 libros

494 4746 620 4786 esse
659 4730 955 4801 partitum;
982 4744 1123 4785 nova
1145 4737 1206 4784 ut
1231 4728 1468 4785 indidem
1499 4727 1897 4799 pentateuchus
1916 4725 2060 4781 oria-

484 4830 596 4875 tur.
638 4821 857 4876 Primus
905 4821 1043 4876 libcr
1071 4835 1101 4874 a
1139 4821 1316 4890 primo
1347 4820 1559 4892 psalmo
1599 4819 1666 4874 ad
1701 4817 2057 4889 quadragesi-

484 4929 630 4967 mum
661 4914 976 4969 continetur
1002 4931 1016 4967 :
1053 4913 1332 4968 secundus
1357 4928 1387 4967 a
1412 4911 1833 4983 quadragesimo
1857 4909 1922 4964 ad
1948 4910 2060 4981 pri-

2163 4631 2317 4694 καλε,
2347 4630 2429 4683 ὅτι
2469 4628 2562 4681 καὶ
2587 4627 2648 4681 rb
2681 4625 2994 4698 Ψαλτήριον
3034 4623 3228 4676 διεῖλον
3264 4622 3343 4684 είς
3371 4616 3535 4671 πέντε
3561 4613 3739 4685 βιϐλία

2163 4727 2213 4779 οἱ
2250 4708 2513 4794 Ἑϐραῖοι,
2541 4719 2682 4774 ὥστε
2705 4716 2848 4772 εἶναι
2877 4718 2972 4772 καὶ
2999 4715 3132 4769 αὐτὸ
3159 4713 3328 4784 ἀλλην
3357 4709 3736 4778 πεντάτευχον.

2177 4817 2310 4870 Ἀπὸ
2331 4816 2440 4886 γὰρ
2470 4812 2688 4884 πρώτου
2716 4810 2934 4882 ψαλμοῦ
2965 4811 3095 4880 ἄχρι
3122 4801 3582 4874 τεσσαρακοστοῦ,
3613 4797 3741 4869 μίαν

2166 4907 2478 4977 ἐλογίσαντο
2529 4905 2711 4976 βίϐλον
2731 4917 2750 4936 ⁶
2783 4901 2893 4955 ἀπὸ
2942 4901 3000 4954 δὲ
3045 4893 3483 4970 τεσσαρακοστοῦ
3525 4890 3740 4964 πρώτου

485 5017 633 5056 mum
684 5010 739 5058 ct
789 5004 1295 5074 septuagesimum;
1337 5005 1537 5060 tertius
1579 5018 1609 5056 a
1658 4996 2043 5073 septuagesimi

2166 5000 2294 5072 ἄχρι
2320 4997 2416 5051 τοῦ
2443 4995 2842 5067 έϐδομηκοστοῦ
2881 4991 3122 5065 πρώτου,
3147 4988 3403 5059 δευτέραν
3430 4984 3709 5055 ἡγήσαντο
3728 4997 3744 5010 ·

481 5095 727 5150 secundo
777 5095 844 5149 ad
905 5096 1302 5167 octogesimum
1353 5104 1640 5162 octavum;
1715 5100 1946 5163 quartus
1992 5092 2043 5146 al

2168 5088 2274 5143 ἀπὸ
2302 5085 2702 5157 έϐδομηκοστοῦ
2734 5082 2985 5154 δευτέρου
3021 5082 3124 5145 ἓως
3149 5074 3507 5151 ὀγδοηκοστοῦ
3533 5073 3746 5141 ὀγδόου,

482 5186 820 5257 octogesimo
857 5202 1002 5242 nono
1057 5187 1126 5241 ad
1181 5186 1539 5242 centesimum
1591 5185 1865 5255 quintum,
1901 5182 2062 5252 quin—

485 5287 577 5335 tus
601 5293 632 5331 a
669 5280 970 5334 centesimo
1000 5285 1156 5334 sexto
1182 5278 1246 5332 ad
1284 5278 1644 5332 centesimum
1674 5283 1728 5330 et
1771 5274 2050 5345 quinqua-

2163 5179 2348 5251 τρίτον
2369 5178 2572 5248 βιϐλίον
2595 5179 2918 5248 ἐποιήσαντο
2941 5192 2954 5204 ·
2986 5174 3096 5228 ἀπὸ
3123 5173 3179 5226 δὲ
3209 5166 3566 5241 ὁγδοηκοστοῦ
3595 5162 3749 5217 ἐννά-

2166 5291 2260 5326 του
2307 5271 2412 5334 ἕως
2454 5268 2748 5323 έκατοστοῦ
2798 5267 3073 5338 πέμπτου,
3131 5264 3396 5334 τετάρτην
3450 5257 3740 5326 ἐποίησαν·

486 5371 753 5445 gesimum
789 5371 1123 5442 perducitur.
1166 5369 1301 5425 Nam
1336 5370 1650 5444 quicunque
1682 5369 1926 5438 psalmus
1958 5365 2043 5419 hoc

2169 5363 2278 5418 ἀπὸ
2311 5361 2367 5414 δὲ
2396 5359 2692 5415 ἐκατοστοῦ
2738 5359 2900 5413 έκτου
2940 5359 3046 5424 ἓως
3077 5353 3173 5409 τοῦ
3217 5348 3509 5408 ἑκατοστοῦ
3550 5363 3745 5417 πεντη-

559 5531 578 5564 ¹
605 5526 733 5600 ch.
765 5526 922 5597 ἀλέφ.
996 5527 1016 5558 ³
1045 5526 1106 5582 F.
1136 5524 1248 5579 καί.
1323 5524 1344 5556 ⁸
1373 5522 1600 5594 Negatio
1627 5522 1854 5578 forsitan
1889 5519 2042 5575 deest

2147 5527 2160 5549 '
2187 5515 2248 5570 C.
2285 5515 2547 5568 τουτέστι.

563 5649 678 5719 {38)
703 5648 798 5702 Διὸ
824 5647 891 5699 δὲ
916 5648 985 5701 ἐν
1013 5645 1094 5719 τῷ
1129 5643 1374 5719 Ἀαρών.
1403 5643 1531 5712 Leg.
1569 5641 1764 5719 Ἀρών,
1802 5639 2043 5719 Ποιητής-ε

2177 5651 2389 5719 sacros‘
2413 5635 2633 5719 codices
2661 5635 2715 5688 in
2764 5649 2890 5688 arca
2937 5630 3250 5714 reconditos
3300 5626 3505 5710 fuisse;
3541 5622 3600 5703 si.
3635 5622 3749 5719 habe

491 5709 616 5808 ’(1⁸1ὶὲ
648 5709 828 5774 arcam
870 5709 1158 5788 signiﬁcat.
1191 5709 1364 5783 Quam
1394 5709 1581 5768 vocem
1631 5709 1718 5766 hic
1769 5712 1964 5781 opinor
1993 5709 2070 5762 al-

498 5802 600 5865 teri
636 5810 1094 5865 substituendam.
1132 5809 1458 5865 Persuasum
1492 5805 1682 5861 habuit
1714 5802 2071 5874 Epiphanius,

2180 5716 2307 5761 sunt
2352 5707 2662 5777 Epiphanii,
2713 5713 2899 5777 etnon
2961 5702 3122 5772 inepti
3149 5699 3480 5770 cujuspiam,
3511 5694 3604 5764 qui
3649 5692 3749 5746 has

2182 5794 2354 5849 nugas
2391 5776 2457 5832 ad
2483 5792 2634 5831 oram
2658 5776 3004 5846 ascripscrat.
