4018 6210
314 344 422 403 2ίὸ

1282 353 1479 408 LIBER
1527 356 1611 410 DE
1654 359 2008 418 MENSURIS
2048 362 2134 417 ET
2172 364 2625 423 PONDERIBUS.

3485 378 3589 434 “liti

319 461 538 523 κοστοῦ,
580 460 677 532 τὴν
712 462 968 534 πέμπτην
1003 468 1310 538 συνέθηκαν
1330 489 1344 505 ’
1368 472 1601 528 ἕκαστον
1626 478 1735 548 γὰρ
1766 479 1903 548 ψαλ..

2026 497 2176 535 versu
2213 483 2562 539 concluditur
2596 504 2607 538 :
2655 483 2971 538 Benedictus
3017 482 3286 551 Dominus,
3315 487 3431 555 ﬁat,
3472 490 3592 553 ﬁat,

320 553 422 620 μὸν
447 550 639 622 ἔχοντα
662 555 720 608 ἐν
743 555 819 625 τῷ
840 556 1003 621 τέλει,
1032 562 1375 632 Εὐλογητὸς
1400 567 1633 635 Κύριος,
1653 570 1903 640 γένοιτο,

2013 574 2210 627 librum
2247 589 2312 627 co
2343 575 2749 630 terminandum
2774 583 3056 646 putarunt.
3090 574 3183 632 Ille
3206 593 3371 647 porro
3400 594 3594 637 versus

317 643 572 719 ⁸γένοιτο,
607 645 759 709 τέλος
784 644 922 702 εἶναι
951 650 1158 719 βιϐλίου
1196 655 1522 712 ἐδικαίωσαν
1542 675 1555 687 ⁸
1594 662 1908 732 εὑρίσκεται

2026 665 2453 736 ιυιιάιτιεοεὶῐηο,
2510 643 2917 738 septuagesimo
2973 668 3128 739 163
3170 643 3367 738 primo,
3438 679 3591 725 oeto-

316 731 375 784 ἱὲ
397 733 558 827 τοῦτο
596 735 652 827 ἕν
681 754 741 789 τε
784 738 862 808 τῷ
906 746 1331 816 τεσσαρακοστῷ
1361 748 1455 801 καὶ
1478 750 1537 802 ὲν
1573 752 1909 827 τῷὲϐδομη-

320 823 501 895 κοστῷ
529 826 751 900 πρώτῳ,
784 833 877 885 καὶ
916 833 975 887 ὲν
1011 834 1090 906 τῷ
1116 836 1461 912 ὀγδοηκοστῷ
1489 841 1681 915 ὀγδόῳ,
1730 823 1823 900 καί
1852 823 1909 900 έν

317 915 706 1010 τῷῗέκατοστῷ
753 924 1015 996 πέμπτῳο
1058 928 1116 982 ὲν
1142 929 1198 982 δὲ
1227 930 1305 1002 τῷ
1345 933 1488 987 τέλει
1521 936 1621 1005 τῆς
1652 940 1909 1010 πέμπτης

323 1007 509 1079 βίϐλου
543 1012 666 1065 ἀντὶ
697 1013 815 1081 τοῦ,
849 1020 1196 1089 Εὐλογητὸς
1242 1022 1483 1097 Κύριος,
1517 1006 1770 1098 γένοιτο,
1815 1006 1909 1103 γέ-

321 1116 509 1163 νοιτο.
538 1102 777 1159 τέθειται
805 1108 884 1172 τὸ,
915 1109 1091 1166 Πᾶσα
1130 1116 1288 1185 πνοὴ
1321 1120 1619 1175 alr-satira)
1645 1123 1754 1178 τὸν
1795 1102 1911 1180 Κύ-

314 1211 474 1261 ριον,
521 1198 883 1266 (summa.
931 1198 1103 1261 Αῦται
1145 1209 1325 1263 τοίνυν
1356 1214 1413 1265 al.
1438 1212 1611 1267 εἴκοσι
1646 1218 1739 1270 καὶ
1771 1219 1911 1273 ἑπτὰ

322 1286 519 1355 βίϐλοι,
544 1292 813 1348 εἰκοσιδύο
840 1295 898 1349 δὲ
922 1298 1324 1372 ἀριθμούμεναι
1355 1306 1494 1375 μετὰ
1522 1309 1615 1361 καὶ
1635 1308 1732 1361 τοῦ
1760 1310 1912 1364 Ψαλ-

322 1378 515 1470 τηρὶου
544 1382 638 1435 καὶ
672 1384 781 1438 τῶν
827 1386 995 1442 ὄντων
1029 1391 1089 1443 ὲν
1126 1391 1204 1461 τῷ
1250 1394 1488 1470 Ἱερεμίᾳ
1524 1399 1691 1468 (φημὶ
1716 1400 1773 1454 δὲ
1819 1403 1911 1456 καὶ

321 1468 431 1521 τῶν
452 1470 676 1543 Θρήνων
694 1476 881 1545 αὐτοῦ,
913 1481 1129 1535 καὶτῶν
1146 1468 1477 1543 Ἐπιστολῶν
1495 1488 1725 1560 Βαροῦχ,
1738 1493 1792 1545 εί
1817 1492 1911 1545 καὶ

320 1561 388 1653 οὐ
408 1566 613 1619 κεῖνται
653 1568 963 1627 Ἐπιστολαὶ
987 1576 1114 1648 παρ’
1150 1576 1443 1648 Ἑϐραίοις,
1484 1578 1518 1651 ἢ
1557 1580 1719 1652 μόνον
1740 1585 1775 1653 ή
1805 1584 1913 1637 τῶν

322 1652 552 1725 Θρήνων
568 1658 647 1728 τῷ
660 1658 898 1734 Ἱερεμίᾳ
916 1667 1384 1739 συναφθεῖσα),τὺν
1398 1673 1597 1742 τρόπον
1612 1674 1669 1728 ὃν
1691 1652 1913 1747 εἴπομεν

324 1746 751 1841 ήρμηνεύθησαν
765 1757 903 1810 κατὰ
930 1760 1173 1830 περίοδον
1195 1764 1399 1837 ἑκάστῃ
1415 1766 1551 1839 ζυγῇ
1566 1746 1913 1841 ἑρμηνευτὼν

2013 757 2223 827 gesimo
2262 767 2479 822 octavo,
2528 766 2581 813 et
2635 759 2933 814 centesimo
2982 760 3175 829 quinto
3225 760 3449 829 psalmis
3496 759 3593 813 ad-

2012 849 2255 920 scriptas
2288 858 2393 904 esl.
2432 850 2488 903 ln
2518 849 2623 905 [ine
2647 850 2825 920 quinti
2861 851 2987 906 libri
3018 866 3117 921 pro
3145 851 3251 915 bis,
3277 850 3615 905 Benedictus-

2014 941 2273 997 Dominus
2299 959 2317 996 :
2353 943 2473 1012 ﬁat,
2513 944 2632 1012 ﬁat,
2677 944 2950 1014 scriptum
2984 952 3111 1000 est:
3159 944 3350 1000 Omnis
3376 946 3594 1015 spiritus

2016 1035 2199 1089 laudet
2240 1034 2551 1100 Dominum,
2578 1034 2822 1089 alleluia.
2878 1034 3048 1105 Igitur
3077 1045 3283 1106 septem
3314 1045 3369 1091 et
3400 1037 3590 1107 viginti

2016 1126 2095 1181 illi
2127 1127 2274 1192 libri,
2311 1128 2406 1198 qui
2440 1127 2636 1199 viginti
2667 1130 2775 1182 duo
2807 1135 3189 1189 numerantur.
3224 1144 3349 1182 cum
3388 1127 3589 1184 Psalte-

2016 1219 2119 1287 rio,
2167 1234 2231 1274 ac
2265 1220 2501 1285 caneris,
2534 1221 2628 1289 qui
2664 1217 2916 1275 Jeremiae
2944 1226 3328 1283 accensentur,
3370 1219 3477 1275 hoc
3514 1230 3599 1275 est

2018 1310 2564 1375 Lamentationibus,
2615 1320 2669 1366 et
2714 1309 2977 1381 Epistolis
3023 1310 3292 1374 Baruchi,
3348 1311 3597 1379 quamvis

2018 1401 2162 1470 apud
2200 1399 2463 1457 llebrteos
2487 1400 2745 1471 Epistolm
2785 1402 2905 1457 istae
2950 1415 3061 1454 non
3096 1401 3461 1469 reperiantur,
3504 1399 3598 1454 sed

2016 1490 2465 1547 Lamentationes
2519 1493 2788 1547 duntaxat
2836 1493 2902 1546 ad
2951 1490 3202 1546 Jeremize
3262 1490 3596 1561 prOphetiam

2017 1589 2256 1649 attextze,
2283 1597 2370 1647 eo,
2400 1597 2562 1651 quem
2593 1582 2728 1647 dixi,
2760 1583 2925 1638 modo
2950 1598 3047 1653 per
3074 1583 3286 1644 orbem,
3319 1583 3376 1635 in
3398 1595 3597 1635 unum-

2017 1671 2278 1741 quodque
2318 1687 2418 1742 par
2452 1673 2818 1741 interpretum
2864 1671 3173 1726 distributa:
3207 1676 3334 1723 sunt
3362 1687 3375 1721 :
3406 1674 3534 1737 puta
3570 1682 3599 1718 a

2020 1752 2195 1833 primo
2213 1765 2328 1833 pari
2349 1763 2416 1818 ad
2436 1766 2758 1828 secundum,
2788 1765 2857 1819 ab
2886 1763 2990 1819 hoc
3010 1763 3077 1817 ad
3105 1762 3322 1816 tertium
3344 1773 3600 1829 pervenc-

324 1837 712 1934 ὲπιδιδόμεναι,
743 1849 836 1901 καὶ
862 1851 970 1903 ἀπὸ
990 1853 1088 1922 τῆς
1118 1854 1341 1927 πρώτης
1367 1837 1549 1929 ζυγῆςν
1666 1837 1916 1934 δευτέρα,

2026 1865 2170 1919 runt,
2218 1857 2391 1911 donec
2423 1856 2601 1912 sexies
2642 1871 2707 1910 ac
2739 1855 2988 1924 trigesies
3018 1855 3215 1925 singuli
3247 1853 3437 1908 Graece
3465 1868 3601 1907 con-

326 1932 421 2025 καὶ
444 1933 602 1987 πάλιν
625 1936 732 1990 ἀπὸ
744 1941 843 2011 τῆς
867 1942 1125 2013 δευτέρας
1140 1949 1203 2018 τῇ
1219 1949 1397 2023 τρίτῃ,
1418 1952 1510 2003 καὶ
1525 1951 1695 2018 οὕτως

326 2023 420 2076 θον
444 2026 760 2084 κελεύουσαι
788 2033 996 2108 ἑκάστῃ
1020 2038 1034 2067 ¹
1068 2042 1548 2108 τριακονταεξάκις
1566 2023 1919 2118 ἐρμηνευῖθέί-

328 2133 443 2183 σαι,
472 2118 544 2183 ὡς
564 2120 745 2191 ᾄδεται
773 2126 946 2194 λόγος.
988 2130 1098 2183 Καὶ
1126 2132 1392 2187 εἰκοσιδύο
1426 2134 1533 2188 τῶν
1563 2137 1915 2209 ἁποκρύφων.

403 2215 495 2279 ς’.
528 2215 654 2267 Ὅτε
673 2217 731 2269 δὲ
761 2219 1177 2292 ἐτελειώθησαν,
1205 2225 1472 2297 ὲκαθέσθη
1496 2229 1524 2280 ὁ
1551 2228 1804 2298 βασιλεὺς
1826 2232 1920 2285 ἐπὶ

333 2303 527 2372 θρόνου
557 2306 787 2378 ὑψηλοῦ,
811 2312 903 2365 καὶ
940 2315 1299 2382 τριακονταὲξ
1329 2316 1673 2385 ἁναγνῶσται
1704 2318 1919 2390 ἔχοντες

330 2393 570 2465 ἑκάστης
601 2395 780 2465 βίϐλου
802 2399 870 2452 τὰ
897 2405 1251 2473 τριακονταὲξ
1278 2406 1528 2470 ίσότυπα,
1554 2407 1611 2475 ἐξ
1633 2403 1751 2471 εἷς’
1781 2409 1919 2481 ἔχων

329 2484 431 2553 τῆς
460 2485 643 2555 βίϐλου
665 2490 764 2560 τῆς
801 2491 1097 2565 Ἐϐραῖκῆς
1121 2496 1475 2569 ἀντίγραφον.
1528 2500 1682 2564 Ἑνὸς
1708 2500 1765 2554 δὲ
1790 2503 1921 2555 ἁνα-

331 2573 692 2642 γινώσκοντος
721 2580 1089 2650 ἀναγνώστου,
1116 2586 1212 2638 καὶ
1240 2588 1350 2640 τῶν
1380 2588 1560 2643 ἄλλων
1590 2590 1917 2661 ἐπεχόντων,

332 2666 531 2738 εὑρέθη
569 2668 589 2699 ³
615 2668 901 2739 διαφωνία.
933 2674 1094 2728 Ἀλλὰ
1136 2677 1273 2731 Θεοῦ
1310 2678 1617 2751 θαυμάσιον
1651 2680 1811 2753 ἔργον
1839 2683 1920 2745 εἰς

330 2758 393 2811 τὸ
416 2761 749 2831 γνωσθῆναι,
795 2765 876 2818 ὅτι
907 2768 1226 2839 Πνεύματος
1269 2772 1426 2840 ἁγίου
1462 2773 1679 2844 ἔχοντες
1707 2774 1918 2845 δωρεὰν

334 2850 532 2904 ἐκεῖνοι
554 2854 603 2906 οἱ
633 2855 1233 2932 ἄνδρες,ὠμοφώνησαν
1257 2865 1314 2915 ὲν
1335 2867 1401 2935 τῇ
1427 2866 1640 2936 ἐρήμῳ,
1664 2867 1759 2920 καὶ
1784 2868 1917 2922 ὅπου

334 2944 719 3011 προσετέθειτο
761 2948 938 3017 λόγος,
970 2951 1074 3004 ὑπὸ
1109 2954 1331 3009 πάντων
1375 2956 1573 3028 εὑρέθη
1602 2957 1922 3028 προστεθει-

336 3033 499 3102 μένος
525 3051 539 3064 °
570 3037 702 3090 ὅπου
733 3039 788 3093 δὲ
816 3042 1116 3109 ἀφείλοντο.
1147 3044 1348 3112 πάντες
1390 3047 1586 3120 ὲπίσης
1618 3050 1921 3122 εὑρέθησαν

2023 1947 2169 2003 versi
2210 1955 2359 2014 sunt,
2405 1954 2462 2001 ut
2506 1946 2780 2001 constanti
2826 1947 2971 2000 fama
3013 1946 3347 2015 percrebuit.
3386 1944 3599 2011 Quibus

2022 2037 2211 2110 viginti
2246 2036 2356 2092 duo
2393 2037 2628 2093 addendi
2660 2045 2790 2094 sunt
2818 2037 3139 2107 apocryplii.

2094 2228 2181 2286 Vl.
2215 2230 2497 2286 Postremo
2523 2229 2792 2285 absolutis
2819 2230 3102 2295 omnibus,
3146 2245 3240 2284 rex
3271 2229 3325 2283 in
3368 2228 3587 2284 sublimi

2025 2321 2165 2377 solio
2197 2322 2468 2389 consedit,
2504 2321 2571 2375 ad
2602 2336 2765 2391 quem
2814 2322 3039 2391 triginta
3066 2337 3162 2376 sex
3194 2321 3429 2376 lectores
3478 2333 3600 2373 cum

2023 2413 2249 2468 totidem
2271 2414 2679 2483 exemplaribus
2703 2412 2922 2468 adducti
2955 2422 3103 2479 sunt,
3137 2428 3261 2466 eum
3286 2412 3481 2475 altero,
3510 2410 3603 2480 qui

2023 2505 2349 2561 Hebraicum
2376 2506 2735 2577 archetypum
2764 2506 3009 2561 tenebat.
3041 2505 3174 2559 Cum
3205 2504 3373 2574 igitur
3398 2518 3544 2558 unus
3574 2516 3607 2556 e

2023 2597 2324 2653 lectoribus
2363 2597 2641 2661 recitaret,
2676 2600 2858 2652 caeteri
2904 2596 3203 2665 diligenter
3237 2593 3603 2660 attenderent,

2023 2692 2158 2747 nihil
2221 2692 2504 2748 varietatis
2548 2700 2634 2746 est
2684 2706 2748 2745 ac
2788 2690 3130 2745 discriminis
3178 2696 3473 2759 repertum.
3528 2686 3606 2740 Ac

2026 2785 2309 2856 singulare
2342 2794 2459 2839 tum
2504 2783 2707 2838 accidit
2744 2782 2944 2836 divina:
2970 2781 3228 2851 potentiae
3258 2780 3604 2842 miraculum,

2025 2874 2173 2944 quod
2206 2876 2522 2929 narratione
2552 2873 2777 2943 dignum
2807 2879 2925 2937 est;
2958 2885 3084 2924 nam
3106 2870 3184 2922 illi
3213 2884 3408 2923 omnes
3438 2868 3607 2923 inter-

2026 2974 2209 3038 pretes
2238 2967 2406 3021 divini
2430 2966 2671 3035 Spiritus
2695 2962 2877 3017 alllatu
2899 2962 3137 3033 prmditi,
3161 2962 3243 3016 sic
3270 2962 3416 3015 inter
3438 2975 3497 3015 se
3520 2960 3606 3013 illa

2026 3058 2081 3113 in
2122 3057 2416 3114 solitudine
2456 3062 2877 3119 consenserant,
2922 3062 2984 3109 ut
3015 3053 3329 3122 ubicunque
3359 3051 3608 3106 nonnihil

335 3125 660 3229 ἐφελκόμενοι
686 3147 701 3163 υ
749 3132 844 3184 καὶ
871 3126 947 3187 ὧν
996 3136 1094 3205 μὲν
1142 3138 1425 3206 ἀφείλοντο
1456 3139 1557 3193 οὐκ
1585 3140 1700 3193 ἐστι
1741 3143 1919 3213 χρεία,

2030 3150 2272 3206 additum
2316 3158 2483 3212 esset,
2532 3149 2586 3204 id
2632 3150 2701 3204 ab
2749 3149 3008 3204 omnibus
3046 3144 3418 3202 communiter
3465 3149 3609 3197 esset
3710 3180 3711 3183 η

334 3206 413 3268 ὧν
439 3216 496 3268 δὲ
527 3219 629 3272 οὐκ
662 3222 946 3291 ἀφείλοντο
982 3228 1098 3280 ἐστὶ
1141 3230 1321 3300 χρεία.
1364 3232 1460 3295 Εἰς
1488 3233 1546 3286 δὲ
1586 3233 1647 3286 τὸ
1671 3206 1923 3303 γενέσθαι

274 3360 277 3363 ,
340 3326 423 3362 σοι
466 3312 633 3380 σαφὲς
674 3314 734 3366 τὸ
763 3316 1073 3387 εἰρημένον,
1115 3321 1197 3374 ὄτι
1246 3321 1578 3394 θαυμαστῶς
1621 3326 1761 3380 κατὰ
1789 3327 1923 3380 Θεοῦ

336 3404 652 3475 οἰκονομίαν
677 3408 770 3461 καὶ
790 3410 856 3462 ἐκ
893 3413 1212 3482 συμφωνίας
1258 3416 1577 3489 Πνεύματος
1602 3420 1757 3488 ἁγίου
1788 3437 1926 3491 συμ-

341 3493 533 3563 φώνως
568 3498 942 3570 ἡρμήνευσαν,
976 3504 1071 3557 καὶ
1101 3505 1237 3576 πρὸς
1261 3508 1523 3581 ἀλλήλους
1552 3511 1615 3566 οὑ
1641 3511 1925 3582 διηνέχθη-

342 3602 462 3649 σαν,
496 3590 719 3659 παρέξω
740 3608 821 3645 σοι
849 3592 934 3649 διὰ
964 3598 1177 3668 μακροῦ
1208 3600 1231 3631 δ
1249 3600 1406 3669 λόγου
1431 3603 1530 3674 τὴν
1553 3603 1758 3658 τούτων
1789 3605 1926 3659 ἀπό-

340 3677 526 3745 δειξιν,
586 3681 663 3743 ὡς
692 3682 759 3736 ἂν
802 3685 867 3739 ἐκ
892 3688 1083 3742 τούτου
1110 3692 1272 3759 γνοὺς
1304 3694 1399 3747 καὶ
1441 3695 1707 3759 πεισθεὶς,
1735 3714 1926 3751 συναι-

342 3769 503 3843 νέσῃς
522 3771 600 3842 τῷ
628 3774 886 3848 ἡμετέρῳ
930 3779 1091 3852 λόγῳ.
1120 3784 1209 3837 Ἐν
1237 3785 1314 3855 τῷ
1353 3787 1630 3858 ἑκατοστῷ
1654 3805 1926 3859 τεσσαρα-

343 3861 522 3933 κοστῷ
552 3863 755 3937 ψαλμῷ
783 3867 960 3923 ἔκειτο
991 3873 1049 3925 ὲν
1077 3873 1155 3945 τῷ
1198 3875 1470 3948 Ἐϐραῖκῴ
1505 3879 1676 3943 οὕτως
1696 3896 1708 3908 ’
1756 3881 1930 3934 Ἀδω-

344 3954 462 4017 rat,
489 3955 696 4027 ὴλιχὰ,
722 3963 939 4028 καριθὶ,
972 3964 1219 4033 ίσμαὴλ,
1252 3969 1469 4023 ὶεὸϐιτὰ
1492 3970 1656 4025 (ime
1674 3988 1687 4001 °
1718 3972 1753 4027 ἆ
1783 3975 1929 4027 ἐστιν

345 4047 792 4120 ἑρμηνευόμενα·
854 4055 1053 4121 Κύριε,
1100 4058 1394 4127 ἐκέκραξα
1444 4063 1595 4128 πρὸς
1655 4064 1749 4126 σὲ,
1804 4067 1930 4119 εἰσ-

344 4138 617 4194 ἄκουσόν
634 4160 777 4211 μου⁸
808 4147 1076 4215 πρόσχες
1097 4147 1171 4216 τῇ
1198 4151 1387 4219 φωνῇ.
1406 4152 1545 4224 Ὅρα
1567 4150 1660 4206 οὖν
1690 4154 1807 4218 πῶς
1824 4174 1931 4225 χω-

344 4232 435 4285 λὸν
466 4233 802 4304 εὑρίσκεται.
832 4238 895 4291 Oi
939 4238 995 4292 δὲ
1031 4240 1529 4313 Ἐδδομηκονταδύο
1566 4245 1933 4316 Ἑρμηνευταὶ

345 4324 798 4393 προστεθεικότες
834 4327 914 4395 τὸ,
956 4327 1060 4396 τῆς
1105 4330 1370 4401 δεήσεώς
1409 4352 1549 4404 μου,
1592 4336 1880 4407 ἀχώλωτον
1909 4338 1931 4369 ⁸

296 4407 302 4414 ’
345 4413 610 4484 ἐποίησαν
632 4416 725 4470 τὸν
761 4419 962 4490 στίχον,
996 4422 1090 4474 καί
1121 4425 1474 4494 ήρμήνευσαν
1497 4443 1511 4457 ·
1557 4428 1752 4495 Κύριε,
1799 4428 1932 4483 ἐκέ-

2028 3240 2380 3310 adjunctum;
2414 3238 2506 3292 ubi
2534 3252 2667 3293 vero
2695 3237 3025 3300 detractum,
3052 3236 3107 3290 id
3138 3250 3205 3289 ex
3230 3247 3388 3303 aequo
3419 3238 3611 3286 sustu-

2028 3331 2222 3387 lissent
2244 3342 2456 3384 omnes.
2476 3326 2748 3382 Caeterum
2765 3324 3032 3397 quidquid
3060 3324 3128 3379 ab
3156 3323 3265 3377 illis
3297 3322 3609 3391 ademptum

2029 3433 2133 3489 est,
2168 3422 2223 3476 id
2254 3420 2448 3475 inutile
2480 3427 2589 3485 est,
2634 3418 2907 3490 quidquid
2939 3431 3071 3473 vero
3104 3416 3375 3479 relictum,
3425 3428 3610 3470 neces-

2029 3514 2234 3568 sarium
2268 3519 2371 3567 est.
2406 3509 2563 3577 Quod
2604 3518 2663 3565 ut
2700 3509 2993 3580 perspicue
3034 3520 3382 3578 cognoscas:
3429 3504 3611 3559 divina

2029 3605 2263 3676 quadam
2294 3612 2349 3659 et
2378 3602 2687 3658 admirabili
2726 3600 3095 3672 providentia,
3139 3616 3245 3654 nec
3284 3598 3403 3653 sine
3435 3597 3611 3651 sancti

2031 3698 2271 3769 Spiritus
2323 3697 2588 3751 instinctu
2646 3683 2755 3751 tam
2805 3693 3162 3749 concorditer
3225 3693 3611 3760 interpretatos

2029 3807 2175 3856 esse,
2217 3799 2278 3845 ut
2320 3790 2455 3844 nihil
2486 3804 2517 3843 a
2557 3804 2617 3844 se
2664 3788 2900 3843 invicem
2938 3786 3245 3852 differrent,
3280 3784 3334 3839 in
3379 3797 3488 3837 una
3552 3796 3613 3836 ac

2030 3884 2309 3940 levissima
2338 3897 2473 3937 voce
2504 3880 2807 3952 periclitari
2842 3880 2992 3946 libet,
3030 3886 3089 3933 ut
3118 3894 3183 3933 ex
3214 3892 3323 3931 uno
3351 3876 3470 3931 loco
3502 3888 3612 3928 rem

2031 3992 2249 4032 omnem
2276 3976 2571 4045 intelligas,
2602 3989 2666 4029 ac
2684 3989 2874 4030 verum
2904 3988 3027 4029 esse
3055 3971 3199 4041 quod
3222 3970 3345 4024 dico
3369 3968 3466 4022 tibi
3491 3981 3612 4037 per-

2033 4070 2290 4127 suadeas.
2317 4069 2373 4122 ln
2405 4068 2708 4123 centesimo
2738 4063 3162 4136 quadragesimo
3193 4061 3428 4130 psalmo,
3459 4059 3613 4111 locus

2031 4171 2113 4217 est
2135 4160 2229 4230 qui
2255 4161 2334 4215 sie
2364 4157 2636 4212 llebraice
2665 4155 2896 4224 legitur:
2919 4151 3148 4211 Adonai,
3190 4148 3385 4210 cliclm,
3418 4146 3615 4199 carithi

2033 4251 2243 4316 ismaet,
2291 4250 2490 4304 iebbita
2532 4246 2673 4311 acol,
2710 4245 2815 4300 hoc
2855 4252 2959 4307 est,
3009 4241 3256 4303 Domine,
3290 4234 3615 4292 clamaviad

2034 4351 2083 4395 te
2111 4352 2129 4392 :
2159 4336 2351 4393 exaudi
2378 4352 2458 4389 me
2483 4349 2501 4388 :
2528 4332 2741 4388 intende
2770 4332 2905 4388 voci.
2933 4330 3170 4385 Videsne
3208 4336 3267 4381 ut
3296 4339 3487 4381 manca
3520 4323 3612 4387 sit,

2033 4428 2459 4497 claudicansque
2515 4421 2827 4481 sententia?
2860 4420 3003 4490 Ergo
3055 4414 3242 4470 LXXII
3287 4412 3617 4482 lnterpretes

345 4505 539 4573 κραξα
592 4509 743 4575 πρὸς
777 4511 872 4576 σὲ,
927 4513 1299 4569 εἱσάκουσόν
1338 4534 1490 4587 ,ιιουο
1538 4520 1805 4589 πρόσχες
1856 4519 1921 4589 τῇ

2035 4518 2237 4576 additis
2272 4518 2422 4573 hisce
2448 4515 2683 4579 voculis,
2716 4514 2980 4569 orationis
3005 4522 3157 4573 mew,‘
3189 4509 3463 4577 integrum
3496 4520 3619 4558 ver-

346 4596 521 4666 φωνῇ
547 4599 657 4667 τῆς
681 4599 947 4670 δεήσεώς
971 4622 1115 4673 μου.
1145 4606 1254 4660 Καὶ
1284 4607 1386 4678 ὅρα
1423 4608 1543 4672 πῶς
1575 4609 1930 4682 εὐδιὸρθωτος

345 4689 535 4759 ᾄδεται
578 4693 608 4744 ὁ
636 4692 872 4765 ψαλμός.
903 4698 1192 4771 Ἐπίστηθι
1238 4700 1416 4754 τοίνυν
1451 4702 1557 4754 ἀπὸ
1588 4702 1684 4756 τοῦ
1730 4704 1930 4775 βραχυ-

348 4782 511 4837 τάτου
540 4783 702 4851 λόγου
740 4790 854 4852 τοῖς
872 4789 1082 4860 ὁμοίοις
1104 4790 1285 4846 αὐτῶν
1315 4793 1457 4847 κατὰ
1488 4794 1587 4865 τὴν
1611 4795 1931 4867 προσθήκην

348 4876 626 4946 πανταχοῦ
677 4878 782 4932 ὑπὸ
826 4880 937 4935 τῶν
981 4882 1160 4936 αὐτῶν
1200 4884 1584 4957 Ἐρμηνευτῶν
1635 4886 1929 4957 κειμένοις,

346 4963 430 5018 ὅτι
470 4966 655 5031 καλῶς
693 4971 741 5022 oi
802 4971 950 5040 λόγοι
1010 4975 1418 5047 προσετέθησαν
1456 4977 1537 5040 είς
1590 4978 1791 5048 φράσιν
1840 4977 1933 5029 καὶ

347 5056 620 5126 ὠφέλειαν
642 5059 753 5115 τῶν
788 5063 1090 5133 μελλόντων
1121 5066 1291 5121 ἐθνῶν
1316 5069 1397 5131 είς
1429 5069 1529 5139 τὴν
1552 5068 1646 5122 τοῦ
1681 5067 1815 5121 Θεοῦ
1843 5069 1934 5121 πίο

351 5165 468 5203 στιν
504 5151 758 5221 ἄγεσθαι,
794 5155 890 5209 καὶ
927 5156 1027 5228 τὴν
1068 5160 1134 5213 ὲκ
1160 5159 1268 5212 τῶν
1301 5159 1460 5214 θείων
1493 5161 1667 5229 λόγων
1691 5162 1789 5231 τῆς
1816 5162 1929 5215 Πα-

347 5240 506 5309 me;
526 5247 620 5299 καὶ
661 5248 806 5311 Νέας
827 5250 1100 5321 Διαθήκης
1118 5252 1349 5307 κτᾶσθαι
1367 5253 1514 5324 ζωῆς
1537 5254 1923 5326 κληρονομίαν.

2036 4627 2157 4669 sum
2182 4609 2542 4667 reddiderunt
2566 4609 2671 4664 hoc
2693 4607 2856 4661 modo
2882 4610 3197 4659 vertentes:
3226 4599 3473 4664 Domine,
3502 4596 3616 4651 cla-

2037 4705 2177 4760 mavi
2210 4704 2279 4758 ad
2307 4713 2378 4768 te,
2408 4700 2606 4757 exaudi
2637 4715 2761 4755 me:
2796 4697 3008 4753 intende
3033 4697 3146 4751 voci
3181 4692 3440 4749 orationis
3468 4706 3617 4745 metu.

2036 4794 2426 4850 Animadverte
2465 4807 2628 4864 quam
2677 4797 2803 4861 apte
2844 4790 3137 4846 restitutus
3174 4787 3494 4842 decantetur
3530 4782 3620 4836 hic

2038 4888 2303 4959 psalmus.
2336 4885 2702 4951 Quamobrem
2737 4900 2797 4939 ex
2824 4883 2927 4938 hoc
2961 4897 3071 4937 uno
3099 4881 3218 4935 loco
3246 4882 3314 4937 de
3345 4876 3619 4933 similibus

2037 4978 2413 5050 conjecturam
2452 4974 2611 5047 164
2640 4976 2843 5046 capito,
2875 4974 2968 5045 qui
3001 4972 3287 5028 nonnullis
3313 4970 3515 5025 additis
3552 4966 3621 5022 ab

2040 5069 2148 5123 illis
2198 5066 2595 5136 lnterpretibus
2644 5065 2849 5135 proditi
2901 5071 3075 5119 sunt.
3126 5061 3317 5129 Disce,
3367 5061 3620 5129 inquam,

2039 5169 2189 5219 recte
2233 5169 2396 5230 atque
2437 5174 2505 5214 ex
2537 5158 2729 5214 ordine
2772 5156 3151 5213 accessionem
3194 5154 3343 5209 illam
3377 5165 3500 5207 esse
3543 5146 3617 5203 fa-

2044 5261 2195 5309 ctum
2227 5266 2351 5307 eum
2376 5251 2442 5306 ad
2486 5250 2732 5322 pbrasim
2775 5250 2973 5321 ipsam,
3009 5262 3074 5302 ac
3107 5246 3474 5309 sententiam,
3505 5247 3620 5293 tum

352 5335 419 5389 ad
460 5339 751 5395 utilitatem
801 5343 1066 5411 gentium,
1092 5361 1213 5414 qua:
1256 5345 1321 5399 ad
1362 5345 1456 5403 Dei
1494 5347 1652 5402 ﬁdem
1695 5357 1881 5404 essent
1910 5347 2204 5420 aliquando
2232 5352 2593 5415 perventum,
2632 5351 2797 5413 atque
2819 5357 2883 5397 ex
2917 5340 3119 5395 divinis
3147 5337 3356 5393 Veteris
3384 5350 3448 5389 ac
3485 5331 3618 5385 Novi

353 5428 688 5488 Tcstamenti
731 5432 1035 5505 Seripturis
1099 5438 1446 5508 sempiterna:
1473 5444 1600 5495 vita:
1633 5442 2019 5511 patrimonium
2049 5440 2345 5509 adepturae.

429 5569 444 5600 ¹
479 5568 745 5641 Corrupta
783 5571 972 5627 dictio.
1050 5573 1070 5604 ²
1097 5571 1229 5645 Reg.
1267 5571 1328 5638 ἐξ
1356 5589 1445 5647 ης,
1483 5574 1623 5631 forte
1655 5575 1713 5643 ἐξ
1740 5570 1813 5631 ὧν
1837 5570 1916 5640 εἷς

2026 5576 2032 5605 ¹
2070 5573 2199 5646 ch.
2235 5572 2334 5645 οὐχ
2359 5571 2577 5645 εὑρέθη.
2661 5570 2683 5603 ⁵
2710 5566 2770 5623 F.
2800 5565 3019 5640 μικροῦ.
3094 5567 3114 5596 ⁸
3146 5580 3233 5632 πο.
3265 5556 3618 5629 εὐχώλαντον.

426 5705 559 5779 (58⁸)
580 5708 813 5766 Prorsus
837 5712 995 5767 aliter
1015 5722 1168 5768 sonat
1190 5720 1373 5769 textus
1404 5725 1585 5770 noster
1605 5715 1923 5773 llebrairus.

358 5796 566 5854 scilicd
590 5819 601 5854 '.
625 5785 918 5885 ’λθ-ηψδρῃ
947 5785 1061 5889 ῚῘἏΡ
1083 5813 1276 5865 7,39ng
1300 5790 1353 5864 νίς,
1374 5816 1524 5868 m3“
1544 5814 1767 5889 ΊνΠκἾ-Ιε
1793 5817 1932 5865 την.

2038 5715 2078 5769 Ι.
2114 5731 2160 5769 e.
2187 5712 2405 5778 Jehova,
2444 5714 2623 5765 invoco
2680 5721 2746 5769 te,
2786 5708 2975 5778 [Patina
3006 5702 3075 5778 ad
3120 5716 3197 5751 me
3233 5714 3249 5751 :
3292 5694 3501 5750 intende
3530 5711 3622 5750 νο·-

2012 5834 2013 5837 η
2046 5802 2153 5839 cem
2186 5802 2373 5851 meam,
2394 5770 2626 5853 'quando
2652 5770 2821 5833 clamo
2852 5775 2917 5827 ad
2950 5784 3013 5825 te.
3045 5770 3243 5824 limen.
