4018 6210
442 361 547 419 247
649 401 667 420 .

1851 357 1913 417 S.
1926 357 2286 451 ἼΕΡΙΡΗΔΝΙΙ

3592 358 3707 420 288

509 475 626 532 VII.
679 475 775 534 Sic
825 475 995 548 igitur
1045 475 1311 546 praeclare
1348 475 1616 550 Origenes
1659 474 1921 542 instituit,
1963 483 2006 532 et

2126 546 2131 551 _
2194 478 2270 534 Z'.
2299 474 2394 548 Τῷ
2418 476 2476 531 δὲ
2521 475 2673 547 αὐτῷ
2715 476 2904 549 τρόπῳ
2935 477 2966 531 ὁ
2990 477 3274 549 Ὠριγένης
3311 477 3491 543 καλῶς
3528 476 3705 534 ποιῶν

436 568 583 626 obeli
620 579 811 625 notam
826 569 1129 642 prudenter
1148 569 1425 643 apposuit.
1454 567 1558 636 Qui
1589 569 1796 623 utinam
1828 568 1883 623 in
1916 582 2024 623 cte-

439 663 575 718 teris
598 677 850 734 peraeque
884 662 1097 719 laudari
1129 664 1350 735 posset!
1382 661 1518 716 Cum
1550 661 1696 715 enim
1726 659 1794 714 ad
1822 660 2023 715 editio-

440 768 538 809 nes
586 770 639 809 vt
688 753 1014 811 Hebraicam
1055 756 1371 826 adjecisset,
1407 751 1523 808 suis
1566 766 1633 808 ac
1665 752 1903 824 propriis
1930 769 2024 810 vo-

444 846 602 901 cibus
648 847 963 919 litterisque
996 855 1360 910 constantem,
1389 851 1444 898 οι
1463 858 1572 898 una
1623 844 1824 916 pagina
1877 860 2023 901 com-

436 933 792 1005 prehensam,
806 937 970 991 aliam
994 936 1220 1005 insuper
1240 940 1295 988 et
1316 932 1624 1003 oppositam
1643 934 1877 1000 addidit,
1897 951 2019 1008 qua:

438 1023 738 1082 llebraieas
775 1041 935 1081 voces
975 1024 1180 1080 Graecis
1213 1024 1409 1081 litteris
1433 1039 1502 1080 ac
1533 1026 1727 1097 ﬁguris
1761 1037 2016 1085 exaratas

338 1179 345 1184 ,
438 1118 767 1179 οοιιιίηοτσι,
810 1124 869 1171 ιιι
907 1117 1000 1186 qui
1045 1114 1313 1172 Hebraice
1355 1117 1655 1185 nescirent,
1700 1118 2013 1177 Graecorum

437 1211 833 1265 elementorum
867 1208 1133 1264 beneﬁcio
1171 1207 1569 1267 Hebraicarum
1613 1215 2012 1271 sententiarum

435 1301 549 1354 vim
586 1315 651 1354 ac
695 1309 1024 1371 potestatem
1070 1300 1463 1374 intelligerent.
1511 1304 1699 1376 Itaque
1738 1307 1793 1361 in
1834 1310 2009 1362 Hexa-

424 1390 559 1460 ptis,
579 1389 882 1459 Octaplt'sve
931 1396 1049 1449 suis
1076 1408 1201 1449 cum
1222 1393 1519 1451 Hebraicas
1545 1395 1685 1454 duas
1709 1398 1935 1470 paginas
1961 1416 2011 1454 vr

432 1478 796 1548 lnterpretum
862 1481 1202 1539 editionibus
1253 1486 1636 1556 opposuisset,
1713 1489 2013 1559 plurimum

430 1569 700 1635 studiosis
729 1571 1052 1631 hominibus
1074 1575 1143 1631 ad
1172 1577 1505 1635 eruditionis
1529 1595 1595 1636 ac
1621 1579 1887 1636 doctrina:
1915 1596 2013 1637 co-

429 1661 574 1731 piam
614 1663 871 1721 utilitatis
913 1666 1117 1722 attulit.
1164 1668 1347 1739 Atque
1385 1672 1595 1728 utinam
1632 1674 1688 1728 in
1731 1675 1857 1731 aliis
1895 1675 2013 1732 suis

428 1754 690 1823 operibus
711 1770 820 1810 non
845 1758 1078 1828 turpiter
1098 1760 1437 1826 aberrasset,
1473 1779 1651 1836 neque
1676 1765 1783 1821 sibi
1826 1780 1891 1820 ac
1915 1766 2011 1822 toti

2125 568 2381 642 ἐποίησεν
2417 567 2612 632 οὕτως,
2642 568 2738 623 καὶ
2763 568 2893 641 περὶ
2916 566 3011 622 τοῦ
3057 567 3249 622 ὀϐελοῦ
3274 570 3375 642 τὴν
3402 569 3705 640 σημείωσιν

2120 662 2436 733 ἐποιήσατο.
2452 644 2578 714 Εἵθέ
2598 655 2692 714 οὖν
2711 661 2895 715 καὶτὰ
2917 660 3056 715 ἄλλα
3075 660 3219 715 οὕτω
3236 658 3416 724 καλῶς
3442 661 3696 733 ἐποίησεί

2120 751 2233 817 Τὰς
2259 752 2369 824 γὰρ
2439 752 2498 819 ἓξ
2551 750 2849 823 ἑρμηνείας
2883 752 2979 806 καὶ
3009 750 3109 823 τὴν
3140 750 3437 823 Ἐϐραῖκὴν
3479 751 3701 823 γραφὴν

2132 843 2442 916 Ἑϐραϊκοῖς
2475 843 2762 914 στοιχείοις
2802 843 2897 898 καὶ
2941 845 3182 917 ῥήμασιν
3218 844 3404 908 αὐτοῖς
3440 844 3498 896 ὲν
3528 842 3698 897 σελίδι

2120 937 2222 1007 μιᾷ
2270 935 2656 1002 συντεθεικὼς,
2711 935 2877 1009 ἄλλην
2939 935 3122 989 σελίδα
3175 935 3605 1008 άντιπαράθετον
3645 935 3698 989 οε

2127 1027 2457 1097 Ἑλληνικῶν
2504 1029 2602 1100 μὲν
2633 1029 3000 1101 γραμμάτων,
3039 1026 3344 1101 Ἑϐραϊκῶν
3376 1027 3435 1081 δὲ
3475 1026 3695 1094 λέξεων,

2117 1120 2254 1192 πρὸς
2279 1120 2583 1194 κατάληψιν
2604 1121 2713 1174 τῶν
2755 1120 2830 1191 μὴ
2862 1120 3083 1174 εἰδότων
3122 1118 3386 1191 Ἑϐραϊκὰ
3435 1121 3696 1189 στοιχεῖα,

2115 1214 2199 1276 εἰς
2229 1212 2291 1266 τὸ
2333 1213 2422 1266 διὰ
2463 1211 2572 1265 τῶν
2617 1210 2947 1283 Ἑλληνικῶν
2993 1211 3193 1266 εἰδέναι
3238 1211 3349 1265 τῶν
3390 1210 3697 1283 Ἑϐραϊκῶν

2114 1302 2308 1371 λογίων
2335 1304 2434 1375 τὴν
2465 1302 2724 1375 δύναμιν
2767 1303 2862 1357 καὶ
2889 1302 3063 1366 οὕτως
3093 1303 3207 1366 τοῖς
3251 1301 3567 1373 λεγομένοις
3602 1301 3697 1356 ὑπ’

2114 1395 2282 1449 αὐτοῦ
2313 1394 2630 1462 Ἑξαπλοῖς
2654 1396 2687 1468 ἢ
2718 1394 3093 1461 Ὀκταπλοῖς,
3113 1393 3215 1455 τὰς
3233 1393 3336 1466 μὲν
3358 1393 3453 1447 δύο
3477 1393 3701 1464 Ἐδραδ

2114 1488 2218 1552 κάς
2235 1488 2448 1552 σελίδας
2471 1488 2567 1542 καὶ
2587 1487 2689 1552 τὰς
2706 1487 2767 1553 ἒξ
2780 1485 2889 1540 τῶν
2901 1484 3253 1558 έρμηνευτῶν
3266 1486 3332 1539 ὲκ
3352 1485 3698 1558 παραλλήλου

2112 1579 2522 1653 ἀντιπαραθεὶς,
2555 1580 2798 1652 μεγάλην
2819 1579 3088 1649 ὠφέλειαν
3110 1576 3366 1647 γνώσεως
3386 1577 3551 1631 ἔδωκε
3581 1580 3699 1642 τοῖς

2113 1671 2444 1742 φιλοκάλοις.
2496 1671 2622 1726 Εἴθε
2651 1672 2708 1726 δὲ
2740 1671 2835 1725 καὶ
2869 1671 2929 1724 ὲν
2970 1671 3085 1734 τοῖς
3130 1668 3298 1723 αὐτοῦ
3353 1670 3697 1740 συντάγμασι

2116 1763 2191 1835 μὴ
2220 1762 2521 1835 παρέπεσε,
2556 1762 2654 1816 καὶ
2693 1762 2887 1815 ἑαυτὸν
2920 1761 3015 1815 καὶ⁸
3053 1759 3148 1814 τὸν
3193 1758 3399 1831 κόσμον
3439 1758 3693 1830 ἠδίκησε,
3756 1811 3765 1821 ,

427 1853 703 1901 terrarum
726 1846 850 1903 orbi
882 1850 1152 1921 insignem
1173 1852 1528 1923 imposuisset
1560 1831 1845 1926 injuriam,
1877 1856 2006 1912 dum

2113 1831 2659 1925 iuxtbc—Boyuartcag
2685 1851 2757 1906 τὰ
2787 1851 2917 1924 περὶ
2946 1850 3206 1915 πίστεως,
3243 1851 3338 1904 καὶ
3365 1850 3435 1904 τὰ
3467 1848 3695 1903 πλεῖστα

427 1946 486 1991 et
526 1936 596 1993 de
647 1938 752 1995 ﬁde
785 1955 1073 2011 perperam
1112 1944 1305 2011 sentit,
1350 1955 1406 2002 et
1446 1946 1660 2003 inﬁnita
1709 1946 2010 2019 Scriptum

428 2030 549 2085 loca
589 2046 756 2101 prava
800 2032 1257 2104 interpretatione
1287 2039 1626 2110 corrumpit!
1679 2039 1788 2098 Sed
1836 2052 1897 2098 ut
1940 2044 2009 2099 ad

426 2116 738 2171 institutam
787 2118 851 2175 de
890 2121 1050 2177 obelo
1100 2127 1472 2183 narrationem
1509 2129 1749 2197 redeam,
1791 2133 2005 2202 obelus,

356 2270 375 2295 χ
428 2214 489 2262 ut
521 2209 691 2278 paulo
707 2220 837 2268 ante
863 2211 1001 2281 dixi,
1028 2229 1059 2269 a
1084 2219 1366 2273 nonnullis
1397 2220 1582 2275 lancea
1611 2222 1838 2289 dicitur,
1860 2227 2005 2296 quod

424 2299 592 2370 gladii
633 2317 807 2370 genus
837 2315 917 2363 est
953 2306 1021 2361 ad
1050 2308 1256 2364 caedem
1286 2308 1594 2367 faciendam
1619 2314 1792 2370 utilis.
1826 2316 2010 2383 Quare

425 2392 743 2464 ubicunque
762 2394 933 2451 dictio
946 2398 1212 2470 quaepiam
1222 2401 1483 2469 occurrit,
1504 2417 1627 2474 qua:
1644 2404 1789 2471 apud
1806 2400 1995 2460 LXXII

419 2488 646 2557 legitur,
687 2489 743 2544 in
777 2488 1008 2548 Hebraea
1036 2507 1167 2548 vero
1192 2508 1307 2550 non
1337 2494 1490 2565 item,
1522 2497 1719 2555 obelus
1742 2492 2007 2557 vocabulo

419 2578 552 2634 huic
605 2579 924 2651 adjunctus,
978 2583 1034 2638 in
1090 2597 1350 2653 matrice,
1398 2604 1465 2644 ac
1509 2590 1661 2646 velut
1705 2592 2006 2664 Scriptura:

420 2670 565 2737 solo,
611 2679 666 2726 et
713 2671 1073 2730 fundamento
1104 2676 1299 2734 deesse
1334 2680 1630 2751 signiﬁcat,
1660 2699 1763 2739 nec
1788 2699 1856 2740 eo
1882 2687 2006 2742 loco

420 2763 672 2833 reperiri.
700 2764 979 2821 Hactenus
1009 2764 1079 2822 de
1111 2769 1382 2826 asterisco
1413 2781 1468 2828 et
1490 2773 1672 2830 obelo.

493 2940 628 2998 Vlll.
690 2943 1008 3001 Proximum
1043 2956 1129 3004 est
1170 2957 1231 3004 ut
1266 2950 1337 3007 de
1387 2951 1675 3020 lcnmisco,
1730 2962 1785 3010 et
1833 2954 2007 3026 hypo-

419 3036 686 3092 lemnisco
709 3036 1002 3093 dicendum
1034 3040 1307 3099 videatur.
1342 3043 1669 3103 Lemuiscus
1699 3046 1803 3103 hac
1826 3046 2004 3102 forma
2040 3092 2046 3099 .

416 3129 734 3202 depingitur
1069 3133 1278 3207 Estque
1342 3137 1631 3208 longurius
1691 3138 1835 3195 inter
1893 3139 2003 3195 duo

2109 3139 2180 3203 ὡς
2201 3138 2313 3211 ἔχει
2333 3138 2394 3192 τὸ
2413 3138 2775 3210 προκείμενον
2807 3141 2907 3205 -έ

417 3228 624 3289 puncta
655 3256 672 3283 .
703 3237 942 3293 quorum
973 3225 1207 3280 alterum
1238 3239 1430 3294 supra,
1461 3225 1691 3280 alterum
1726 3224 1869 3280 infra
1895 3227 2004 3282 col-

417 3312 658 3377 locatur,
693 3312 1039 3385 interjectus,
1067 3313 1124 3370 id
1149 3316 1300 3386 quod
1338 3332 1371 3371 a
1408 3315 1657 3383 medicis,
1690 3331 1756 3371 ac
1784 3319 2004 3373 chirur-

414 3399 540 3472 gica
568 3404 860 3460 Vttlnerum
909 3406 1199 3462 curatione
1228 3408 1558 3464 translatum
1587 3416 1830 3478 putatur,
1876 3426 2001 3466 cum

415 3493 655 3564 simplici
688 3497 944 3568 utrinque
978 3498 1224 3554 sectione
1261 3499 1449 3564 ducta,
1482 3502 1786 3572 intercepta
1807 3517 2004 3574 corpo-

414 3586 494 3640 ris
518 3587 677 3660 165
703 3604 831 3658 pars
853 3590 996 3646 obeli
1024 3590 1252 3662 ﬁguram
1276 3594 1474 3660 relert;
1507 3603 1619 3648 tum
1645 3605 2000 3665 eoncerptum

415 3676 764 3732 linimentum
796 3680 857 3735 in
897 3688 1119 3738 tenuem
1166 3692 1222 3739 et
1266 3683 1559 3755 oblongam
1602 3684 1834 3739 fortnam
1885 3700 2006 3756 pro-

412 3767 641 3823 ductum
685 3786 781 3841 per
830 3780 1124 3844 utramque
1166 3776 1469 3831 sectionem
1507 3776 1801 3846 trajicitur.
1844 3776 2005 3833 Lem-

413 3863 611 3916 niscus
628 3864 774 3916 enim
804 3863 954 3921 istud
984 3881 1015 3921 a
1040 3867 1274 3922 medicis
1303 3869 1568 3938 appellari
1594 3869 1733 3925 solet
1753 3885 1784 3924 a
1813 3867 2002 3925 Graeca

411 3966 548 4009 voce
569 3953 889 4025 λιμνάζειν,
919 3959 1067 4029 quod
1100 3959 1154 4013 in
1185 3960 1500 4015 humectum
1533 3960 1716 4015 locum
1746 3960 2005 4018 linimen-

412 4052 530 4100 tum
562 4046 696 4103 illud
741 4047 973 4104 inditunt
1004 4049 1257 4105 humoris
1299 4050 1462 4122 copia
1490 4051 1782 4107 redundet.
1822 4052 1998 4118 Quam

409 4137 484 4193 ob
515 4152 740 4195 causam
790 4140 969 4197 sacris
1016 4141 1304 4199 codicibus
1348 4157 1472 4200 eam
1518 4149 1707 4199 notam
1743 4144 2003 4214 aseripsit

409 4230 716 4305 Origenes:
748 4241 810 4289 ut
834 4235 1049 4306 quoties
1075 4233 1137 4289 in
1153 4230 1345 4288 LXXII
1357 4232 1725 4304 Interpretum
1758 4235 2003 4293 editione

409 4320 820 4395 discrepantem
851 4325 1094 4397 aliquam
1116 4340 1337 4391 vocem,
1369 4326 1515 4397 quod
1550 4340 1680 4382 raro
1718 4326 2000 4393 usuveuit,

411 4415 710 4485 repereris.
745 4429 869 4486 qua;
897 4416 964 4471 ad
1000 4415 1317 4486 superiores
1346 4431 1463 4472 non
1485 4415 1784 4480 adbmreat,
1819 4430 2002 4486 neque

2110 1948 2220 2003 τῶν
2246 1946 2480 2019 Γραφῶν
2520 1944 2709 2009 κακῶς
2733 1943 2949 2017 φράσας
2971 1944 2984 1996 ί
3021 1942 3184 1997 Ἀλλὰ
3208 1942 3337 2013 περὶ
3363 1941 3458 1994 τοῦ
3500 1941 3694 1996 ὁϐελοῦ

2109 2034 2265 2103 αὖθις
2313 2034 2652 2109 ἐπιλήψομαι
2697 2036 2797 2107 τῆς
2845 2034 3174 2106 διηγήσεως.
3216 2034 3489 2103 Ἔφαμεν,
3537 2035 3621 2087 ὅτι
3664 2036 3695 2088 ὁ

2107 2130 2294 2193 ὀϐελὸς
2319 2129 2490 2200 λόγχη
2514 2128 2759 2197 λέγεται·
2790 2125 2945 2196 ξίφος
2972 2126 3030 2182 δέ
3068 2127 3186 2180 ἔστι
3214 2126 3375 2181 τοῦτο
3414 2128 3697 2199 ἀναιρετι-

2109 2226 2226 2279 κόν.
2260 2221 2433 2277 Ἔνθα
2461 2221 2643 2274 τοίνυν
2673 2222 2707 2291 ή
2745 2218 2891 2285 λέξις
2921 2218 3236 2291 εὑρίσκεται
3270 2219 3425 2290 παρὰ
3456 2220 3557 2289 μὲν
3580 2221 3697 2283 τοις

2118 2310 2617 2385 Ἑϐδομηκονταδὺο
2640 2310 2929 2381 κειμένους
2960 2311 2999 2376 ⁸,
3024 2312 3082 2364 ὲν
3107 2309 3166 2363 δὲ
3190 2310 3276 2382 τῷ
3307 2309 3579 2382 Ἑϐραῖκῷ
3615 2309 3693 2381 μὴ

2105 2404 2568 2476 ἀναφερομένους,
2598 2405 2665 2457 ὲκ
2701 2402 2803 2474 τῆς
2842 2402 2937 2457 τοῦ
2969 2401 3158 2457 ὀϐελοῦ
3198 2401 3553 2474 σημειώσεως
3592 2402 3693 2456 τοῦ

2105 2499 2174 2569 τῇ
2195 2495 2339 2559 λέξει
2372 2493 2781 2567 παρακειμένου
2820 2492 3097 2565 δηλοῦται,
3128 2493 3213 2548 δτι
3253 2493 3525 2564 ἀνῄρηται
3552 2493 3581 2545 ὀ
3606 2491 3698 2545 λόο

2106 2607 2202 2661 γος
2229 2590 2337 2644 ἀπὸ
2366 2587 2461 2643 τοῦ
2492 2586 2810 2658 γεννητικοῦ
2841 2586 3034 2653 τόπου,
3068 2587 3189 2656 ἦτοι
3219 2584 3314 2640 τοῦ
3340 2585 3569 2654 ἐδάφους
3591 2584 3696 2656 τῆς

2104 2684 2147 2737 Γ
2152 2681 2351 2755 ραφῆς,
2378 2682 2455 2744 ὡς
2499 2680 2573 2750 μὴ
2608 2679 2870 2750 ὑπάρχων
2919 2679 2977 2731 ὲν
3027 2676 3104 2748 τῷ
3133 2677 3287 2749 τόπῳ
3329 2676 3432 2747 τῆς
3476 2675 3694 2730 Βίϐλον.

2106 2775 2218 2827 Καὶ
2260 2772 2437 2826 ταῦτα
2473 2771 2572 2843 μὲν
2612 2770 2739 2841 περὶ
2768 2768 2863 2822 τοῦ
2894 2768 3224 2840 ἀστερίσκου
3262 2768 3356 2822 καὶ
3384 2766 3480 2821 τοῦ
3501 2764 3693 2822 όϐελοῦ

2104 2865 2476 2937 διηγησάμην.

2176 2958 2259 3014 H’.
2286 2957 2486 3011 Λοιπὸν
2512 2955 2608 3009 καὶ
2650 2954 2779 3025 περὶ
2805 2952 2901 3006 τοῦ
2942 2952 3230 3023 λιμνίσκου
3261 2952 3356 3006 καὶ
3400 2949 3694 3024 ὑπολιμνί-

2106 3066 2236 3102 σκου
2266 3048 2573 3120 διηγητέον.
2592 3045 2893 3117 Λιμνίσκον
2911 3043 3042 3115 γοῦν
3069 3044 3161 3098 τὸν
3185 3044 3332 3099 οὕτω
3347 3044 3696 3118 γραφόμενον

2894 3141 3008 3205 ξ-
3046 3137 3270 3209 σημετόν
3298 3136 3436 3202 ἐστι,
3457 3133 3694 3210 γραμμὴ

2108 3232 2227 3303 μία,
2289 3231 2730 3303 μεσολαϐουμένη
2780 3233 2887 3286 ὑπὸ
2939 3231 3298 3303 κεντημάτων
3344 3228 3459 3293 δύο,
3515 3227 3695 3282 εῐτουν

2105 3322 2373 3393 στιγμῶν,
2417 3324 2547 3393 μιᾶς
2581 3322 2682 3393 μὲν
2718 3323 2905 3377 ἐπάνω
2936 3322 3127 3391 οὔσης,
3159 3321 3262 3392 τῆς
3286 3320 3346 3375 δὲ
3373 3318 3541 3391 ἄλλης
3566 3319 3696 3372 ὑπο-

2104 3412 2273 3477 κάτω,
2308 3413 2461 3484 παρὰ
2486 3414 2692 3484 ἰατροῖς
2719 3413 3116 3482 φυσιολογικῶς
3147 3410 3414 3485 εὑρῆσθαί
3442 3426 3576 3480 φασι
3599 3410 3696 3466 καὶ

2102 3503 2443 3574 ὠνομάσθαι,
2468 3504 2578 3558 ἀπὸ
2607 3505 2707 3575 τῆς
2738 3503 2882 3559 κατὰ
2905 3504 2967 3558 τὸ
3005 3503 3168 3574 σῶμα
3197 3502 3573 3574 χειρουργίας,
3601 3500 3696 3554 δύο

2106 3594 2208 3663 μὲν
2238 3592 2425 3649 ἁπλῶν
2447 3592 2631 3665 τομῶν
2661 3594 3080 3665 διαιρουμένων,
3110 3593 3291 3648 εἷτουν
3318 3590 3693 3663 τεμνομένων,

2106 3687 2272 3756 μέσον
2305 3686 2362 3739 δὲ
2403 3685 2514 3739 τῶν
2553 3686 2649 3739 δύο
2694 3686 2961 3758 αἱρέσεων
2989 3688 3008 3718 ²
3037 3684 3131 3739 τοῦ
3176 3684 3481 3756 τμηθέντος
3525 3683 3694 3736 τόπου

2101 3777 2326 3841 διαστὰς
2358 3778 2378 3808 ³
2407 3779 2548 3847 παρ*
2568 3777 2835 3849 ἑκατέρας
2873 3777 3062 3842 ἁπλῶς
3093 3776 3116 3810 ⁸
3143 3776 3238 3830 δύο
3273 3775 3470 3847 τομὰς,
3504 3770 3694 3828 όϐελοῦ

2104 3870 2289 3940 σχῆμα
2318 3868 2413 3924 τοῦ
2458 3868 2713 3940 σώματος
2754 3869 3146 3933 ἀπο-τελοῦντος
3171 3869 3250 3932 δὲ,
3288 3868 3318 3921 ὃ
3355 3868 3474 3921 ἐστι
3514 3863 3696 3919 λινοῦν

2104 3963 2295 4034 ῥάκος,
2326 3965 2406 4026 εἰς
2434 3961 2632 4016 λεπτὸν
2672 3962 2768 4015 καὶ
2798 3962 3012 4034 μακρὸν
3042 3961 3230 4033 σχῆμα
3255 3957 3692 4031 άποτμηθέντος,

2103 4051 2512 4123 ἐμϐαλλομένου
2542 4050 2650 4105 ἀπὸ
2679 4051 2777 4122 τῆς
2820 4051 2951 4121 μιᾶς
2982 4048 3304 4119 διαιρέσεως
3340 4045 3437 4101 καὶ
3480 4046 3561 4108 είς
3594 4041 3695 4113 τὴν

2101 4145 2270 4217 ἄλλην
2323 4143 2716 4216 διαπερῶντος.
2744 4142 3044 4213 Λιμνίσκος
3075 4141 3167 4195 ὑπ’
3215 4138 3399 4194 αὐτῶν
3448 4136 3558 4192 τῶν
3612 4137 3697 4190 ια-

2099 4236 2248 4310 τρῶν
2275 4235 2389 4308 (59)
2418 4235 2600 4299 καλῶς
2620 4233 2844 4305 ἐκλήθη,
2867 4233 2955 4287 διὰ
2973 4233 3035 4286 τὸ
3055 4230 3340 4303 λιμνάζειν
3364 4227 3694 4298 κλυζόμενον

2100 4329 2195 4384 τὸν
2220 4327 2382 4400 μοτδν
2411 4330 2472 4383 ὲν
2491 4331 2605 4390 τοῖς
2630 4327 2800 4382 τόπου
2830 4327 3020 4397 ὑγροῖς
3038 4342 3051 4355 ο
3078 4325 3160 4378 διὸ
3194 4324 3291 4378 καὶ
3314 4322 3476 4377 τοῦτο
3505 4319 3569 4374 τὸ
3596 4317 3693 4373 τοῦ

2105 4418 2336 4489 σημείου
2371 4417 2561 4488 σχῆμα
2589 4419 2704 4481 τοῖς
2737 4414 2906 4479 θείοις
2951 4414 3134 4482 λόγοις
3172 4411 3467 4484 παρέθετο,
3505 4409 3569 4462 ἶν’
3602 4410 3693 4462 ὅτε

2807 3165 3008 3182 ﬂ

408 4505 688 4564 similibus
720 4508 1019 4579 conjuncta
1062 4507 1157 4571 sit,
1190 4523 1261 4564 ex
1296 4508 1512 4564 duobus
1543 4508 1770 4578 punctis
1794 4507 2000 4563 intelli-

2109 4508 2348 4573 σπανίως
2382 4526 2482 4562 που
2514 4507 2696 4581 εὕροις
2731 4509 2790 4562 ὲν
2817 4510 2882 4579 τῇ
2923 4506 3033 4560 τῶν
3075 4500 3574 4575 Ἐϐδομηκονταδύο
3598 4502 3685 4572 έρ-

409 4611 509 4668 gas
542 4612 710 4653 unum
739 4598 1042 4657 alterumve
1073 4615 1171 4672 par
1211 4600 1576 4670 interpretum
1608 4614 1798 4655 vocem
1849 4599 1998 4653 illam

409 4689 467 4744 in
492 4704 594 4745 sua
619 4690 1073 4761 interpretatione
1110 4692 1385 4764 posuisse.
1406 4689 1543 4757 Quae
1563 4691 1785 4760 quidem
1813 4691 1997 4753 ambo,

408 4782 494 4837 vel
524 4782 729 4837 similia
770 4783 1148 4840 nominantur.
1183 4783 1290 4840 Sed
1319 4792 1378 4839 ut
1412 4798 1502 4840 res
1536 4790 1648 4840 tota
1682 4782 1896 4852 planior
1927 4783 2001 4838 sit

410 4887 478 4929 ac
525 4873 762 4939 facilior,
819 4876 1016 4946 paucis
1055 4876 1130 4932 de
1173 4892 1238 4932 ea
1275 4876 1560 4944 disputare
1608 4889 1721 4928 non
1768 4873 1996 4944 pigebit.

407 4965 545 5021 Cum
592 4966 762 5035 igitur
803 4968 857 5021 in
904 4983 1011 5023 nx
1046 4969 1260 5039 psalmo
1295 4967 1531 5037 legeris:
1581 4965 1656 5022 Os
1693 4982 1864 5019 meum
1895 4981 1999 5019 an-

408 5059 670 5113 nuntiabit
689 5061 964 5129 Justitiam
994 5070 1181 5123 luant;
1209 5060 1545 5114 annuntiabit
1576 5059 1824 5127 justitias
1853 5067 1998 5123 tuas;

410 5152 542 5204 item
568 5150 622 5204 in
652 5165 775 5204 uxr
800 5169 813 5205 :
836 5150 903 5204 Et
925 5151 1237 5206 honorabile
1262 5167 1450 5206 nomen
1476 5150 1626 5205 illius
1652 5167 1834 5205 coram
1856 5150 1995 5222 ipso,

494 5312 509 5342 ¹
533 5309 604 5385 ⁸θ’.
630 5310 856 5385 κειμένη
888 5311 1388 5385 οι-ἀναφερομένη.

409 5381 805 5458 ριτεθειμένην.
847 5381 903 5414 “⁴
941 5381 1003 5436 F.
1036 5381 1248 5438 τούτου.

659 5538 990 5608 Λιμνίσκος
1038 5539 1149 5609 γὰρ
1190 5541 1291 5593 ὑπ’
1344 5537 1543 5594 αὐτῶν
1593 5538 1711 5595 τῶν
1756 5542 1991 5609 ἰατρῶν.

407 5607 722 5692 Λημνίσκρν
741 5625 771 5663 a
788 5607 1289 5692 medicis-usurpari
1302 5626 1404 5692 pro
1425 5607 1991 5692 linaInento‘oblougo.

409 5679 560 5747 quod
592 5681 909 5735 vulneribus
943 5679 1549 5739 inditur.’notissimum
1574 5689 1678 5737 est.
1720 5684 1826 5736 Sed
1862 5679 1991 5740 non.

410 5758 472 5822 ut
503 5747 843 5822 Epiphanius
873 5751 1170 5817 existimat,
1209 5768 1303 5822 per
1336 5753 1466 5817 iota,
1501 5752 1593 5807 sed
1623 5768 1717 5822 per
1748 5761 1832 5804 eta
1865 5752 1995 5822 scri-

407 5816 647 5875 bendum
679 5828 780 5877 est.
817 5822 998 5887 Quare
1043 5838 1149 5878 non
1192 5816 1385 5895 probat
1426 5816 1798 5896 grammaticis
1823 5820 2005 5889 erigi»

1469 5314 1489 5343 ²
1547 5309 1607 5365 F.
1638 5310 1979 5386 διαιρέσεων.
2046 5314 2066 5346 ⁸
2097 5312 2185 5368 διὰ
2228 5311 2328 5376 τὰς
2392 5327 2491 5383 pro
2511 5310 2752 5377 διαστὰς.

2109 4600 2308 4671 μηνείᾳ
2351 4600 2729 4671 διαφωνοῧσαν
2762 4599 2930 4665 λέξιν,
2979 4598 3042 4652 οὐ
3080 4597 3188 4669 μὴν
3234 4595 3539 4667 παροῦσαν,
3570 4594 3692 4648 οὐδὲ

2107 4693 2589 4765 προστεταγμένην
2618 4695 2638 4726 ⁸
2665 4696 2786 4757 ταῖς
2829 4691 3048 4764 ὁμοίαις
3089 4692 3228 4762 αὐτῇ
3276 4689 3475 4756 λέξεσι,
3506 4687 3690 4756 γνοὺς.

2104 4786 2188 4839 ὅτι
2213 4785 2318 4838 ὑπὸ
2345 4786 2475 4856 μιᾶς
2510 4784 2681 4855 ζυγῆς
2709 4785 2741 4854 ἢ
2784 4782 2880 4837 δύο
2921 4782 3063 4852 αὕτη
3090 4780 3413 4853 ήρμηνεύθη
3456 4782 3488 4849 ή
3521 4778 3688 4845 λέξις,

2102 4876 2193 4931 διὰ
2241 4876 2314 4930 τὰ
2365 4878 2743 4948 παρακείμενα
2788 4876 2883 4930 δύο
2928 4878 3275 4946 κεντήματα·
3333 4873 3578 4928 καλεῖται
3628 4871 3687 4924 δὲ

2103 4967 2275 5022 ταῦτα
2300 4968 2372 5022 τὰ
2395 4970 2801 5039 συναμφότερα,
2835 4968 2866 5037 ἢ
2904 4969 3087 5038 ὃμοια.
3126 4967 3242 5020 ’Ίνα
3275 4966 3331 5019 δὲ
3364 4965 3523 5018 τοῦτο
3548 4962 3688 5017 λεῖόν

2106 5078 2191 5116 σοι
2229 5061 2315 5133 εἴη
2360 5063 2454 5115 καὶ
2488 5061 2935 5133 εὐπερίδρακτον,
2983 5061 3078 5115 καὶ
3129 5062 3260 5131 περὶ
3311 5060 3467 5112 τοῦτο
3498 5059 3518 5088 ⁶
3558 5056 3688 5127 ἐρῶ-

2108 5153 2278 5206 Ὂταν
2312 5150 2502 5224 εὕρῃς,
2533 5151 2610 5214 ὠς
2636 5152 2694 5205 ἐν
2724 5150 3112 5223 ἑϐδομηκοστῷ
3132 5149 3336 5222 ψαλμῷ
3366 5148 3687 5220 ἐμφέρεται·

2831 5311 2852 5343 ⁸
2896 5310 3031 5384 Reg.
3080 5310 3279 5376 ἁπλᾶς.
3350 5311 3370 5341 ⁸
3419 5308 3548 5380 Reg.
3597 5324 3690 5361 πε-

2101 5539 2376 5593 nationem
2401 5538 2592 5609 illam,
2626 5544 2687 5591 ut
2720 5537 2871 5609 παρὰ
2920 5537 2982 5589 τὸ
3023 5534 3397 5609 λημνάζεσοειι
3447 5532 3682 5609 dicatur.

2088 5610 2196 5664 'I‘Ist
2223 5610 2363 5661 enim
2395 5605 2742 5680 Syracusana
2770 5605 2892 5663 vos.
2934 5605 3197 5680 ιιιιερςτᾲς
3232 5605 3422 5680 στενᾷς
3449 5605 3681 5680 ταινίας.

2101 5679 2353 5747 oblongas
2412 5672 2665 5748 fasciolas
2695 5672 3111 5748 signiﬁcatpait
3155 5676 3478 5748 Hesychius.
3532 5672 3684 5729 Unde

2104 5760 2227 5802 nota
2257 5744 2368 5812 illa,
2405 5744 2526 5817 quiat
2560 5744 2806 5819 length-io
2832 5763 2956 5801 cum
2988 5746 3203 5819 duobus
3236 5744 3451 5819 punctis
3484 5759 3681 5816 appen-

2102 5820 2315 5875 dicibus
2351 5817 2982 5889 ροιιδιιιιιιιιῘλημνίτκος
3010 5818 3334 5891 appellatur.
3425 5817 3433 5825 ’
