4018 6210
291 337 398 392 255

1251 341 1460 397 LIBER
1500 341 1590 396 DE
1632 342 1989 401 MENSURIS
2023 346 2109 399 ET
2146 347 2604 407 PONDERIBUS.

3456 352 3568 408 254

294 453 589 516 σκευάσας,
613 456 706 506 καὶ
730 454 933 524 πλῆθος
956 454 1280 523 συναγαγὼν
1310 455 1531 524 βιϐλίων
1560 459 1619 525 ἐξ
1643 458 1875 511 ἑκάστου
1912 467 1928 520 Α

2030 460 2260 530 agitans,
2292 462 2575 533 ingentem
2611 463 2874 517 librorum
2908 462 3016 518 vim
3052 478 3118 517 ex
3155 462 3301 518 omni
3347 464 3569 533 regione

291 548 498 613 ἔθνους,
541 548 599 599 ὲν
648 546 784 618 αὐτῇ
825 546 1134 617 ἀπεθέμην.
1210 547 1477 613 Ἀκούσας
1530 548 1587 602 δὲ
1642 551 1717 613 ὡς
1745 552 1879 621 παρ’

288 634 422 712 ὑμίν
460 640 793 721 ἐμφέρονταξ
826 638 997 709 βίϐλοι
1028 641 1329 712 προφητῶν
1375 643 1505 712 περὶ
1538 641 1675 695 Θεοῦ
1698 660 1759 695 τε
1786 643 1883 696 καὶ

288 731 651 802 κοσμυποιίας
677 730 955 801 δηλοῦσαι,
994 732 1089 784 καὶ
1116 731 1321 796 ταύτας
1367 736 1489 797 ταῖς
1518 733 1704 796 ἄλλαις
1730 735 1884 803 ἀφιε-

291 821 465 894 ρῶσαι
483 822 1048 895 ἐπιθυμῶν,γέγραφα
1074 824 1223 886 ὅπως
1250 824 1452 889 ταύτας
1476 828 1607 897 ἡμῖν
1630 827 1884 881 ἀποστεί-

289 915 443 986 λητε.
480 914 605 968 Ὅτι
633 913 742 985 γάρ
768 915 935 985 τιμῆς
967 915 1174 979 ἕνεκεν,
1202 917 1296 971 καὶ
1328 917 1389 969 οὐ
1429 920 1754 989 περιεργίας
1789 918 1886 988 χά-

294 1023 404 1076 ριν,
435 1003 560 1059 οὔτε
594 1006 907 1072 κακονοίας,
930 1006 1029 1076 τῆς
1060 1008 1320 1078 τοιαύτης
1346 1009 1527 1072 αἰτίας
1552 1010 1668 1077 είμὶ
1696 1009 1886 1062 ἐπιθυ-

295 1098 496 1169 μητὴς,
514 1098 651 1151 ἀλλά
673 1098 910 1161 πίστεως
938 1098 1099 1152 ἕνεκα
1130 1100 1342 1169 καὶτῆς
1378 1103 1507 1172 περὶ
1540 1103 1682 1171 ὑμᾶς
1701 1101 1887 1170 φιλίας

292 1190 395 1259 τὴν
424 1189 628 1243 τούτων
657 1189 871 1261 αἴτησιν
896 1191 1183 1262 ποιοῦμαι,
1213 1193 1279 1245 ὲκ
1307 1192 1408 1263 τῆς
1438 1193 1529 1262 ὐφ’
1567 1195 1724 1264 ἡμῶν
1759 1193 1889 1263 περὶ

297 1282 446 1352 ὑμᾶς
504 1280 803 1353 γενομένης
853 1282 1106 1346 εὐνοίας,
1162 1283 1599 1354 ἀναμνησθέντες
1653 1284 1884 1338 εἴσεσθε.

297 1371 601 1443 Μέμνησθέ
630 1390 755 1435 που,
787 1374 863 1437 ὡς
892 1373 1254 1445 αἰχμαλώτων
1288 1374 1502 1428 πολλῶν
1527 1376 1592 1428 ἐκ
1623 1377 1722 1445 τῆς
1752 1376 1891 1446 ὑμε-

296 1463 465 1533 τέρας
519 1462 776 1534 πατρίδος
821 1464 1156 1535 ληφθέντων,
1206 1465 1301 1519 καὶ
1342 1466 1423 1529 είς
1468 1466 1742 1533 Αἴγυπτον
1793 1466 1893 1537 τὴν

298 1555 578 1625 ἡμετέραν
617 1555 854 1625 πατρίδα
894 1556 1188 1626 ἀχθέντων,
1224 1558 1424 1627 ἀνῆκα,
1460 1558 1555 1611 καὶ
1600 1560 1715 1628 μετ’
1765 1560 1892 1626 ἐφο-

1992 549 2281 604 conllatam
2329 552 2384 606 in
2432 568 2551 607 eam
2607 555 2833 608 contuli.
2886 552 3065 621 Quare
3113 571 3237 610 cum
3287 558 3426 627 apud
3471 571 3566 611 vos

1994 643 2383 713 prophetarum
2416 645 2683 713 quosdam
2726 647 2897 703 libros
2940 660 3155 703 exstare
3184 649 3562 719 compererint,

1989 732 2086 803 qui
2117 732 2185 788 de
2214 731 2323 787 Deo
2374 746 2439 786 ac
2471 734 2660 787 mundi
2693 735 3051 791 fabricatione
3077 738 3263 808 scripti
3292 745 3440 797 sunt.
3466 738 3565 790 hos

1991 839 2095 895 ego
2142 840 2265 879 cum
2315 825 2439 880 aliis
2488 840 2812 881 consecrare
2856 844 3185 900 magnopere
3226 831 3407 899 cupio.
3436 830 3567 896 Quae

1991 915 2127 970 mihi
2156 917 2223 970 ad
2248 930 2345 971 vos
2376 916 2653 971 scribendi
2692 931 2859 972 causa
2895 918 3017 982 fuit,
3044 928 3102 972 ut
3127 920 3248 974 illos
3280 921 3345 974 ad
3384 937 3467 974 tne
3500 922 3565 974 li-

1994 1004 2131 1059 bros
2161 1005 2377 1061 mittere
2402 1006 2606 1060 velitis.
2637 1004 2773 1058 Nam
2804 1006 2950 1076 quod
2985 1023 3085 1078 ego
3113 1024 3221 1062 non
3252 1011 3571 1066 curiositate

1993 1096 2217 1161 ductus,
2261 1112 2441 1167 neque
2482 1098 2628 1151 malo
2672 1098 2878 1163 animo,
2920 1099 3017 1154 secl
3060 1100 3284 1156 honoris
3330 1103 3437 1157 illis
3477 1104 3574 1157 ha-

1995 1188 2161 1243 bendi
2191 1188 2395 1253 studio,
2438 1204 2503 1243 ac
2543 1204 2643 1259 pro
2671 1206 2790 1246 mea
2820 1206 2948 1259 erga
2989 1207 3088 1247 vos
3119 1194 3314 1247 ﬁducia
3346 1206 3400 1250 et
3438 1198 3573 1251 ami-

1996 1278 2129 1332 citia
2163 1278 2232 1332 ad
2262 1293 2325 1332 ea
2375 1279 2698 1348 postulanda
2723 1280 3127 1346 descenderim,
3150 1300 3212 1337 ex
3243 1300 3361 1339 mea
3394 1287 3446 1338 in
3478 1301 3576 1341 vos

1998 1369 2379 1425 benevolentia
2433 1372 2478 1425 si
2522 1371 2799 1426 recordari
2850 1374 3155 1437 volueritis,
3205 1375 3573 1445 conjecturam

2000 1460 2181 1515 facere
2218 1463 2467 1530 potestis.
2504 1462 2827 1518 Meministis
2848 1465 3017 1529 enim,
3050 1466 3270 1535 opinor,
3300 1468 3448 1523 cives
3480 1484 3573 1523 ve-

2004 1560 2150 1607 stros
2187 1568 2249 1606 ac
2296 1554 2590 1623 populares
2622 1555 3081 1624 quampluritnos,
3116 1559 3209 1626 qui
3242 1559 3384 1613 bello
3411 1562 3576 1630 capti,

299 1648 432 1701 δίων
466 1647 697 1714 πολλῶν,
752 1648 847 1702 καὶ
881 1649 1177 1718 θεραπείας
1205 1651 1267 1703 οὐ
1303 1652 1405 1721 τῆς
1453 1651 1742 1722 τυχούσης,
1772 1652 1893 1703 ἐπι-

2035 1655 2054 1699 ι
2092 1645 2146 1699 in
2180 1644 2515 1715 Egyptum,
2556 1646 2698 1699 hanc
2736 1655 2981 1700 nostram
3023 1651 3275 1718 patriam,
3311 1650 3579 1720 deportati

305 1737 682 1807 μελησάμενος
708 1738 908 1801 αὐτῶν,
936 1739 1600 1812 ὲλευθέρουςάπέπεμψα,
1631 1740 1769 1794 ἀλλὰ
1792 1740 1890 1793 καὶ

2030 1739 2246 1799 ’uerant,
2282 1752 2389 1790 non
2420 1738 2689 1792 liberasse
2718 1740 2884 1792 modo
2914 1754 3021 1802 me,
3050 1739 3146 1793 sed
3185 1749 3240 1794 et
3273 1743 3472 1795 viatico
3501 1745 3585 1796 in-

303 1832 431 1893 τοῦς
465 1831 523 1882 ὲν
556 1830 741 1894 αὐτοῖς
787 1832 1224 1902 πεπληγμένους,
1258 1834 1549 1902 ἰασάμενος
1574 1833 1772 1901 ἀνῆκα,
1807 1831 1902 1884 καὶ

2030 1836 2250 1883 μιτιιειοε
2279 1843 2341 1881 ac
2375 1828 2786 1897 perhumaniter
2807 1829 3021 1883 habitos
3044 1846 3165 1883 cum
3197 1832 3346 1884 omni
3379 1831 3583 1885 oﬂieio-

304 1915 429 1977 τούς
452 1917 692 1985 γυμνοὺς
731 1917 987 1971 ὲνέδυσα·
1024 1920 1117 1971 καὶ
1156 1919 1250 1973 νῦν
1287 1920 1346 1973 δὲ
1372 1920 1655 1990 τράπεζαν
1690 1922 1899 1991 χρυσῆν

2030 1936 2126 1974 ’11111
2152 1934 2349 1990 genere
2374 1920 2578 1975 liberos
2607 1920 2891 1974 dimisisse
2928 1938 2939 1973 :
2979 1920 3115 1973 adeo
3141 1930 3198 1974 ut
3226 1929 3279 1975 et
3308 1923 3399 1991 qtti
3425 1938 3489 1976 ex
3516 1924 3585 1978 iis

309 2007 449 2074 μετά
474 2007 938 2078 πολυτελεστάτης
965 2008 1142 2073 λιθίας
1166 2012 1614 2082 κεκοσμημένην,
1650 2011 1710 2077 ἐξ
1736 2012 1900 2083 ὁλκῆς

2030 2013 2177 2067 aucii
2206 2020 2367 2064 erant
2390 2010 2680 2080 diligenter
2705 2024 2977 2075 curarem,
3000 2020 3054 2064 et
3077 2010 3238 2066 nudis
3260 2011 3584 2065 vestimenta

306 2098 586 2152 ταλάντων
628 2106 700 2168 φ’,
740 2101 862 2154 ἀντὶ
890 2102 990 2172 τῆς
1022 2102 1299 2172 τραπέζης
1334 2104 1430 2173 τῆς
1464 2104 1762 2176 ληφθείσης
1794 2105 1902 2159 ἀπὸ

2030 2102 2330 2157 lividerem.
2365 2100 2521 2154 Nunc
2547 2115 2769 2154 auream
2809 2100 2876 2153 ad
2918 2115 3017 2155 vos
3051 2116 3294 2156 mensam
3332 2102 3589 2171 pretiosis

307 2190 403 2242 τοῦ
434 2191 591 2258 ἁγίου
632 2192 796 2245 τόπου
837 2194 1222 2264 Ἱεροσολύμων
1268 2195 1594 2258 ἀπέστειλα,
1638 2196 1775 2267 μετά
1812 2198 1903 2250 καὶ

2030 2193 2290 2262 apidibus
2318 2199 2594 2255 ornatam,
2632 2190 2812 2259 pondo
2843 2188 3268 2258 quingentorum
3299 2190 3584 2249 talentum,

309 2280 521 2352 δώρων,
549 2282 639 2335 καὶ
670 2284 965 2355 κειμηλίων
994 2285 1071 2355 τῷ
1104 2285 1234 2357 ἱερῷ
1258 2286 1431 2357 τόπῳ.
1474 2287 1693 2341 Τούτων
1724 2288 1903 2341 τοίνυν

2030 2298 2107 2336 ιισο
2132 2298 2216 2347 ea,
2248 2297 2371 2351 quae
2396 2297 2462 2335 ex
2491 2279 2989 2349 Hierosolymitano
3007 2279 3208 2347 templo
3230 2279 3439 2349 direpta
3471 2278 3589 2333 fueo

311 2374 414 2442 τὴν
437 2373 685 2444 διήγησιν
715 2376 1078 2447 ἐποιησάμην,
1120 2377 1271 2441 ὅπως
1303 2379 1499 2446 γνῶτε,
1534 2380 1615 2434 ὅτι
1651 2381 1789 2451 ὑπὲρ
1819 2382 1908 2434 εὐ-

2030 2383 2116 2436 'at,
2150 2374 2216 2427 ad
2245 2388 2341 2427 vos
2370 2387 2497 2427 cum
2535 2372 2857 2426 muneribus
2888 2387 2949 2426 ac
2990 2372 3235 2425 donariis
3260 2371 3435 2435 mitto,
3467 2383 3591 2439 quae
3659 2413 3666 2424 .

318 2461 421 2535 χῆς
449 2466 544 2519 καὶ
565 2467 848 2530 εὐσεϐείας
873 2468 973 2531 τὰς
1004 2468 1220 2539 βίϐλους
1255 2470 1411 2523 αἰτῶ.

2032 2485 2064 2521 n
2114 2468 2315 2536 templo
2360 2474 2547 2521 vestro
2591 2466 2906 2520 consecrari
2956 2465 3137 2535 cupio.
3181 2463 3307 2519 Haec
3337 2480 3401 2517 eo
3435 2463 3589 2518 vobis

2012 2557 2263 2627 exposui,
2301 2563 2362 2608 ut
2394 2570 2478 2609 me
2506 2571 2575 2609 ex
2611 2555 2721 2609 voti
2767 2556 3005 2625 quadam
3052 2555 3343 2626 religione,
3382 2570 3444 2609 ac
3473 2555 3590 2623 pic-

2014 2650 2142 2702 tatis
2168 2648 2353 2702 studio
2378 2648 2553 2703 libros
2577 2646 2716 2701 istos
2737 2646 3013 2718 ﬂagitasse
3046 2647 3280 2703 sciretis.

395 2739 505 2792 Καὶ
544 2739 577 2808 ή
615 2738 713 2809 μὲν
756 2739 1013 2811 ἐπιστολὴ
1048 2740 1350 2811 ἀπεστάλη,
1406 2744 1501 2798 καὶ
1536 2743 1605 2797 τὰ
1641 2744 1912 2797 ἀπεσταλ-

2090 2738 2183 2792 llis
2219 2738 2414 2792 litteris
2444 2753 2508 2791 ac
2561 2738 2883 2792 muneribus
2927 2736 3301 2808 Hierosolyma
3349 2737 3593 2807 perlatis.

325 2832 465 2904 μένα
482 2830 646 2902 δῶρα.
671 2831 838 2884 Αὐτοὶ
856 2831 911 2885 δὲ
931 2832 1212 2903 δεξάμενοι
1229 2835 1325 2889 καλ¹
1346 2835 1446 2905 τὴν
1468 2836 1759 2906 ἐπιστολὴν
1775 2837 1907 2906 (47),

2030 2841 2313 2902 utrumque
2328 2830 2504 2886 Judaei
2525 2831 2862 2901 perjucunde
2891 2846 2954 2885 ac
2987 2832 3218 2885 libenter
3246 2839 3591 2899 acceperunt.

324 2922 420 2975 καὶ
446 2920 516 2974 τὰ
544 2921 692 2992 δῶρα
720 2922 995 2992 ἀσμένως,
1028 2924 1117 2976 διὰ
1152 2927 1323 2997 χαρᾶς
1352 2926 1511 2996 ἔσχον
1543 2927 1771 2997 σφόδρα.
1806 2929 1915 2981 Καὶ

2030 2924 2144 2979 Mox
2184 2925 2305 2979 sine
2338 2924 2447 2978 ulla
2487 2924 2839 2979 cunctatione
2878 2924 3051 2978 libros
3082 2924 3226 2987 illos,
3258 2937 3397 2991 quos
3438 2923 3599 2991 paqu

327 3015 589 3086 ἁμελητὶ¹
622 3015 869 3087 χρυσέοις
895 3016 1218 3086 γράμμασιν
1244 2995 1555 3087 Ἑϐραϊκοῖς
1576 2995 1690 3083 τὰς
1703 3018 1917 3089 βίϐλους

2030 3023 2148 3070 tmte
2187 3016 2639 3079 commemoravi,
2685 3015 2970 3070 Hebraicis
3017 3015 3213 3069 litteris
3249 3013 3431 3068 aureis
3468 3029 3597 3067 con-

333 3108 817 3181 μεταγραψάμενοι
861 3110 959 3171 τὰς
1007 3109 1107 3180 ἤδη
1152 3128 1243 3180 μοι
1288 3113 1750 3183 προτεταγμένοις,
1814 3114 1920 3166 ἀπ·

2030 3108 2261 3179 scriptos
2301 3106 2370 3161 ad
2399 3121 2581 3177 regem
2626 3106 2853 3160 mittunt
2886 3124 2900 3160 :
2932 3106 3034 3159 ltoc
3066 3114 3151 3160 est
3170 3104 3381 3160 Veteris
3407 3102 3605 3159 Testa-

331 3198 599 3260 ἐστειλαν,
643 3197 725 3268 κβ¹
775 3198 872 3268 μὲν
923 3196 1023 3261 τὰς
1063 3199 1420 3265 ἐνδιαθέτους,
1452 3202 1923 3271 ἑϐδομηκονταδύο

2031 3203 2197 3256 menti
2220 3199 2411 3270 viginti
2430 3199 2592 3266 duos,
2613 3207 2667 3254 et
2712 3199 3056 3271 apocrypbos
3078 3198 3422 3269 septuaginta
3442 3198 3605 3255 duos.

332 3292 391 3344 δὲ
412 3290 509 3355 τάς
538 3291 886 3363 ἀποκρύφους
909 3292 1041 3363 (48).
1090 3293 1147 3346 '0
1178 3293 1235 3346 δὲ
1266 3293 1522 3364 βασιλεὺς
1554 3295 1923 3366 κομισάμενος

2031 3292 2242 3358 Quibus
2273 3292 2516 3363 acceptis
2553 3290 2880 3347 Ptolemaeus
2925 3307 3047 3345 cum
3080 3290 3344 3345 llebraice
3374 3295 3610 3359 scrlptos

337 3380 433 3434 καὶ
480 3379 738 3450 ἐντυχὼν,
803 3382 897 3434 καὶ
949 3382 1023 3451 μὴ
1074 3382 1373 3453 δυνάμενος
1438 3385 1769 3453 ἀναγνῶναι,
1817 3386 1926 3439 τῶν

2030 3384 2250 3438 codices
2280 3383 2461 3454 legere
2493 3398 2604 3437 non
2636 3390 2845 3453 posset,
2889 3381 3134 3436 secundo
3157 3379 3224 3434 ad
3255 3394 3351 3435 eos
3370 3380 3611 3435 scribere

338 3472 618 3541 στοιχείων
662 3471 965 3543 Ἑϐραϊκῶν
1014 3473 1367 3544 ὑπαρχόντων
1416 3477 1511 3529 καὶ
1545 3476 1810 3548 διαλέκτῳ
1861 3481 1927 3551 τῇ

2032 3482 2257 3529 coactus
2301 3482 2409 3540 est,
2452 3482 2507 3530 et
2557 3474 2887 3544 interpretes
2918 3481 3122 3542 petere,
3160 3472 3252 3543 qui
3288 3487 3354 3526 ex
3389 3469 3615 3525 Hebrzeo

349 3562 613 3634 Ἐϐραῖκῇ
640 3563 1064 3634 γεγραμμένων,
1090 3565 1348 3638 δευτέραν
1376 3567 1665 3638 ἐπιστολὴν
1690 3568 1932 3635 ἀναγκά·

342 3654 496 3719 ζεται
535 3656 719 3717 αὐτοῖς
762 3655 992 3726 γράψαι,
1033 3654 1127 3709 καὶ
1169 3657 1389 3727 αἰτῆσαι
1418 3657 1763 3728 ἑρμηνευτὰς
1806 3660 1933 3723 τούς

2037 3568 2207 3625 libros
2257 3569 2395 3623 istos
2446 3569 2501 3622 in
2544 3566 2797 3622 Graecum
2842 3581 3152 3621 sermonem
3210 3574 3611 3620 converterent.

2042 3661 2266 3717 Summa
2288 3661 2533 3732 epistola:
2559 3661 2675 3716 haec
2704 3658 2808 3714 fuit
2842 3674 2857 3712 :

341 3746 676 3819 δυναμένους
713 3747 862 3818 αὐτῷ
890 3748 1099 3821 φράσαι
1130 3749 1228 3814 τάς
1291 3749 1505 3821 βίϐλους
1564 3754 1645 3815 εἰς
1684 3752 1784 3823 τὴν
1849 3752 2170 3829 Ἑλληνικὴν
2216 3756 2495 3812 διάλεκτον
2545 3756 2636 3810 διὰ
2682 3757 2782 3827 τῆς
2833 3753 3131 3828 Ἐϐραῖδος.
3189 3753 3443 3824 Περιεῖχε
3492 3749 3549 3802 δὲ
3586 3744 3617 3812 ή

346 3838 601 3908 ἐπιστολὴ
635 3838 759 3891 τάδε
773 3848 793 3865 ⁶

419 3934 523 3986 IA'.
576 3933 637 3987 '0
677 3932 930 4004 βασιλεὺς
971 3934 1306 4005 Πτολεμαῖος
1351 3940 1464 4001 τοῖς
1504 3938 1604 4007 τῆς
1649 3939 1932 4005 εὐσεϐείας

349 4024 712 4089 διδασκάλοις,
750 4028 862 4089 τοῖς
891 4027 948 4078 ὲν
985 4027 1404 4096 Ἱεροσολύμοις,
1440 4029 1669 4083 πλεῖστα
1704 4033 1935 4102 χαίρειν.

422 4115 707 4188 Θησαυροῦ
724 4118 1126 4189 κεκρυμμένου,
1151 4121 1243 4173 καὶ
1260 4121 1442 4190 πηγῆς
1465 4122 1938 4195 ἐσφραγισμένης,

353 4210 439 4273 τίς
466 4209 701 4279 ὠφέλεια
730 4210 789 4263 ὲν
823 4210 1151 4283 ἀμφοτέροις
1177 4228 1192 4278 ;
1240 4211 1399 4266 Οὐτω
1438 4213 1532 4267 καὶ
1562 4216 1595 4284 ἡ
1634 4215 1762 4283 παρ’
1789 4215 1943 4285 ὐμῶν

423 4368 441 4399 ⁸
465 4368 595 4439 Leg.
621 4368 903 4440 ἀμελλητί.

2118 3940 2213 3995 XI.
2242 3940 2567 3995 Ptolemaeus
2594 3955 2688 3994 rex
2713 3939 2930 4010 pietatis
2968 3938 3269 4009 magistris,
3301 3938 3392 4007 qui
3426 3936 3613 3992 Hiero-

2047 4034 2273 4104 solymis
2315 4033 2584 4087 habitant.

2126 4126 2288 4195 168
2326 4124 2537 4180 Occulti
2570 4124 2836 4188 thesauri,
2869 4134 2922 4179 et
2954 4123 3229 4194 obsignati
3281 4121 3448 4177 fontis
3480 4136 3632 4191 qua:-

2052 4232 2176 4269 nam
2200 4231 2325 4271 esse
2347 4223 2527 4285 potest
2550 4216 2793 4270 utilitas?
2819 4215 2933 4271 lloc
2958 4230 3058 4287 ego
3090 4216 3156 4270 de
3177 4216 3263 4269 his
3284 4215 3461 4280 libris,
3490 4229 3638 4286 quos

438 4526 552 4597 (47)
598 4527 777 4581 Αὐτοὶ
820 4527 893 4597 es
917 4526 1232 4597 δεξάμενοι
1282 4527 1378 4580 καὶ
1428 4527 1543 4596 τὴν
1590 4528 1928 4595 ἐπιστολήν

2058 4526 2262 4582 Grecae
2317 4524 2695 4597 translationis
2731 4524 3006 4597 invidiam
3047 4521 3507 4597 {osepiiiszeculo
3547 4536 3627 4577 re-

365 4592 750 4669 Gratissimam
783 4596 1047 4652 accidiSse
1060 4592 1313 4669 pontilici
1337 4592 1650 4669 Judteisque
1679 4592 1952 4669 Ptolemaei

370 4667 795 4738 postulationem
829 4683 951 4721 cum
987 4667 1180 4738 reliqui
1206 4684 1421 4732 omnes,
1457 4667 1571 4722 tuin
1598 4668 1757 4722 Philo
1791 4677 1845 4723 ct
1867 4668 1954 4723 Jo-

2058 4598 2358 4653 centiorem
2383 4596 2683 4650 exstitisse.
2719 4594 2854 4647 Cum
2883 4594 3027 4648 enim
3058 4592 3227 4647 Judtei
3261 4594 3636 4647 Christianum

2055 4684 2255 4722 nomen
2292 4667 2551 4736 paulatim
2586 4666 2812 4736 excitari
2857 4674 3167 4736 cernerent,
3198 4679 3366 4733 seque
3391 4666 3459 4717 ab
3476 4663 3624 4715 Chri-

370 4733 601 4808 scplius,
634 4736 804 4808 Judtei
842 4738 967 4807 ipsi,
1023 4733 1314 4793 testantur.
1346 4739 1417 4791 At
1453 4740 1699 4808 Scaliger
1736 4739 1791 4791 in
1820 4738 1955 4792 Ani-
2025 4739 2224 4793 stianis
2265 4733 2383 4791 suis
2416 4736 2550 4807 ipsis
2592 4735 2810 4808 litteris,
2839 4749 2977 4808 quas
3009 4733 3196 4808 Graece
3227 4736 3467 4803 legerent
3512 4748 3633 4787 om—

373 4806 521 4878 ntad.
552 4815 607 4861 et
657 4809 709 4861 in
744 4806 955 4878 lsagog.
986 4825 1105 4861 can.
1155 4808 1377 4871 falsum,
1423 4818 1476 4863 et
1519 4806 1950 4871 commentitium

376 4877 520 4947 istud
552 4894 676 4933 esse
706 4877 875 4947 putat,
903 4894 967 4931 ac
997 4886 1206 4933 tantum
1236 4878 1449 4941 abesse,
1485 4888 1542 4931 ut
1570 4893 1634 4933 ea
1666 4894 1950 4933 sacrarum

376 4944 719 5001 Litterarum
764 4949 1143 5017 interpretatio
1193 4949 1458 5018 voluptati
1510 4949 1619 5004 illis
1660 4949 1856 5011 fuerit,
1892 4957 1953 5002 ut

380 5025 671 5087 propterea
733 5020 980 5088 solemne
1003 5019 1271 5088 jejunium
1301 5020 1596 5088 decretum
1640 5020 1712 5074 sit
1743 5018 1950 5073 Tebeth

377 5101 498 5159 vin,
530 5099 589 5142 ut
620 5104 683 5143 ex
712 5087 1041 5143 Kalcndario
1068 5090 1257 5159 liquet.
1288 5087 1412 5143 Fuit
1437 5091 1580 5143 enim
1612 5106 1679 5143 ex
1710 5091 1955 5159 illoiprte-

381 5156 541 5225 cipue
571 5166 678 5212 tem
759 5174 816 5213 re
855 5156 1177 5228 perpetuuin
1210 5162 1352 5214 inter
1399 5159 1657 5215 Hebraeos
1688 5171 1742 5215 et
1780 5158 1957 5213 llelle-

382 5228 557 5283 nistas
595 5174 814 5283 luges
846 5229 1153 5283 dissidiutn.
1182 5228 1285 5283 Sed
1314 5231 1491 5283 hacin
1525 5246 1603 5283 re.
1636 5232 1711 5283 uti
1741 5230 1956 5283 caeteris

382 5228 557 5284 nistas
595 5227 814 5283 Judteos
846 5227 1153 5285 dissidium.
1182 5228 1285 5285 Sed
1314 5231 1491 5284 hacin
1525 5246 1603 5295 re,
1636 5232 1711 5284 uti
1741 5230 1956 5285 caeteris

386 5296 499 5371 fere
543 5298 1135 5371 omnibushjudicium
1173 5300 1227 5371 in
1270 5299 1569 5370 Scaligero,
1608 5315 1673 5353 ac
1720 5300 1957 5371 pruden-

386 5367 516 5422 tiam
551 5371 791 5439 requiro.
823 5367 956 5435 Quis
994 5371 1139 5423 enim
1181 5367 1490 5425 Judteortitn
1521 5367 1753 5427 arcanos
1799 5372 1955 5433 ritus,

387 5450 453 5511 ac
485 5441 749 5511 consilia,
772 5442 967 5495 melius
1000 5440 1176 5511 novit,
1217 5452 1311 5495 aut
1354 5456 1518 5495 nosse
1566 5441 1761 5511 potuit,
1794 5456 1957 5509 quam

388 5506 690 5614 illiistiphusé
712 5510 1230 5614 Hiihraismiytiqule
1255 5527 1368 5614 non|
1395 5506 1876 5614 iliipet‘ttll's,Aq_llt)d
1905 5512 1959 5564 in

456 5595 486 5614 II
517 5598 619 5614 nnn
694 5599 750 5614 nn
781 5597 892 5614 Innr
923 5595 1096 5614 ονιιιηι
1238 5599 1287 5614 ιιι
1321 5599 1349 5614 ιι
1377 5598 1459 5614 nni
1515 5597 1641 5614 nunt
1740 5591 1933 5614 rapina:

393 5574 619 5652 Philone
651 5579 892 5652 Scaliger
923 5574 1161 5650 excipit?
1187 5581 1290 5647 Qui
1320 5574 1488 5647 idem,
1515 5582 1660 5650 quod
1686 5574 1956 5644 Aristeas,

396 5651 633 5721 prodidit
705 5651 969 5721 Eleazaro
1024 5653 1265 5720 pontilici
1311 5651 1772 5721 jucundissimum
1826 5652 1959 5706 illud

397 5716 597 5792 (uisse:
640 5737 811 5792 neque
849 5722 918 5775 de
944 5716 1255 5777 Judseorum
1301 5716 1602 5777 ollensione
1631 5722 1959 5777 mentionem

400 5784 530 5844 facit
583 5784 767 5846 ull-ani.
819 5791 951 5856 Quis
1000 5793 1161 5861 igitur
1212 5810 1319 5849 non
1379 5792 1545 5858 videt,
1597 5793 1738 5847 hanc
1788 5793 1960 5863 ipsam

2057 4824 2177 4869 nes,
2209 4806 2460 4862 convinci
2508 4822 2571 4859 ac
2619 4806 2904 4875 redargui;
2942 4820 3083 4873 aegre
3114 4806 3349 4874 primum
3387 4817 3623 4875 commu-

2058 4880 2276 4931 nionem
2305 4878 2452 4930 illam
2476 4877 2619 4931 ferre
2651 4874 2971 4944 cmpérunt;
3002 4882 3114 4927 tum
3149 4875 3370 4928 easdem
3402 4874 3642 4936 litteras,

2058 4963 2123 5001 ac
2152 4946 2288 5000 LXX
2324 4946 2611 5001 Seniorum
2638 4945 2927 4999 editionem
2971 4958 3322 5013 corrumpere
3351 4959 3416 4997 ac
3472 4944 3637 4996 mutic

2060 5019 2173 5073 lare
2224 5018 2405 5071 conati
2453 5023 2581 5071 sunt
2612 5034 2624 5069 :
2657 5015 2799 5085 quod
2850 5013 3104 5071 Justinus
3158 5024 3364 5085 martyr
3410 5014 3641 5085 Qialogo

2063 5104 2182 5141 cum
2225 5087 2420 5157 Tryph.
2454 5083 2874 5155 aliiquePatres
2908 5086 3016 5157 illis
3037 5083 3393 5155 exprobrant.
3429 5083 3503 5137 Ex
3542 5085 3643 5137 illo

2062 5156 2313 5228 tempore
2339 5168 2481 5211 nata:
2508 5168 2637 5212 sunt
2684 5157 2917 5225 angarite
2968 5156 3091 5228 illa-.2,
3151 5163 3204 5209 et
3248 5163 3463 5219 mum,
3499 5171 3640 5223 quas

2063 5226 2415 5283 Kalendariis
2448 5228 2564 5284 suis
2596 5229 2971 5281 inlexuerunt.
3002 5226 3183 5291 Quare
3210 5228 3521 5295 plumbemu
3555 5234 3644 5277 est

2065 5297 2328 5371 Scaligeri
2371 5299 2562 5361 telum,
2611 5300 2753 5367 quod
2781 5313 2845 5351 ex
2890 5297 3021 5353 faece
3060 5298 3162 5352 ista
3197 5296 3479 5351 tabbinica
3510 5310 3639 5364 pro-

2060 5371 2204 5424 tulit.

2136 5442 2245 5511 (48)
2278 5437 2821 5511 Ἑϐδομηκονταδύο
2852 5436 2919 5489 δὲ
2955 5437 3062 5511 τὰς
3091 5436 3497 5511 ἀποκρύφρυς.
3535 5431 3640 5486 Ve-

2063 5504 2185 5565 rum
2223 5504 2356 5564 illud
2402 5504 2519 5563 non.
2543 5518 2694 5579 pulo,
2742 5524 2915 5577 neque
2942 5510 3195 5576 cuiquam
3224 5504 3386 5579 facile
3412 5517 3637 5579 persua-

2065 5582 2197 5636 serit
2216 5572 2583 5653 Epiphanius,
2610 5594 2753 5633 Lun
2780 5572 3364 5653 apocrypltpstotidem
3383 5574 3451 5625 ab
3472 5572 3641 5653 inter-

2066 5642 2335 5721 pretibtis'
2361 5667 2425 5704 ex
2459 5642 2682 5704 llebraao
2716 5642 3241 5721 trati_slatos__l‘ttis§e.
3289 5642 3429 5721 Nam
3458 5644 3642 5721 omnia

2067 5711 2171 5774 ista
2199 5722 2472 5776 volumina
2508 5716 3110 5787 eonscriptallcerilt.
3130 5711 3359 5769 allirmat
3380 5714 3451 5769 ob
3475 5715 3644 5784 idque

2070 5793 2171 5863 legi
2208 5793 2431 5847 tuinitn'e
2452 5790 2717 5858 potuisse.
