4018 6210
434 288 539 345 2ὓ9

500 404 641 462 xm.
666 403 852 462 Sccuti
886 411 1017 462 sunt
1045 408 1415 464 Romanorum
1450 403 1828 477 imperatores.

510 501 794 568 Augustus
839 512 1014 553 annos
1054 513 1165 565 ινι,
1205 497 1369 568 cujus
1406 511 1555 553 anno
1594 496 2022 568 quadragesimo

432 592 699 655 secundo,
728 590 990 646 Dominus
1019 586 1209 647 noster
1238 588 1404 647 Jesus
1429 589 1689 646 Christus
1719 586 2021 645 secundum

433 697 653 738 carnem
677 690 841 738 natus
871 691 976 737 εει.

506 775 760 830 Tiberius
791 786 965 828 annos
1003 787 1166 838 mn,
1194 770 1358 843 cujus
1399 787 1547 828 anno
1570 770 1793 839 decimo
1823 779 2020 826 octavo

430 868 694 925 Christus
722 864 1023 920 cruciﬁxus
1045 872 1150 921 est.

509 959 680 1015 Caius
721 972 905 1015 annos
943 965 1083 1023 tres,
1127 970 1351 1013 menses
1398 970 1618 1021 novem,
1665 955 1784 1010 dies
1829 952 2021 1024 viginti

429 1064 651 1104 novem.

503 1139 773 1195 Claudius
805 1152 983 1195 armos
1016 1152 1140 1202 xm,
1171 1151 1392 1193 menses
1414 1135 1781 1201 duos,minus
1808 1132 2024 1189 duobus

433 1232 650 1287 diebus.

502 1321 647 1376 Nero
691 1335 873 1377 annos
920 1334 1060 1386 ιιιι,
1117 1333 1337 1378 menses
1379 1326 1625 1390 septem,
1674 1317 1794 1373 dies
1833 1314 2024 1389 viginti

432 1420 663 1482 septeni.

502 1504 675 1560 Galba
707 1519 928 1561 menses
961 1510 1199 1574 septem,
1233 1501 1353 1558 dies
1382 1484 1583 1573 iviginti
1621 1515 1740 1556 sex.

502 1592 646 1647 Otho
670 1608 889 1649 menses
919 1601 1055 1657 tres,
1080 1592 1201 1648 dies
1237 1592 1504 1662 quinque.

506 1680 757 1737 Vitellius
786 1696 1006 1738 menses
1035 1681 1369 1749 octodecim,
1397 1681 1518 1737 dies
1552 1679 1864 1736 duodecim.

1843 285 1901 343 S.
1948 280 2286 340 EPIPHANII

2036 405 2085 465 Α
2182 401 2282 456 ῙΓ’.
2325 394 2458 454 Εἶτα
2492 385 2729 470 βασιλεῖς
2778 397 3084 471 ἰ’ωμαίιιιν.

3603 284 3714 344 280

2187 492 2499 562 Αὕγουστος
2545 491 2640 565 ἔτη
2710 497 2792 557 νς¹
2821 485 3173 565 [ἐξ],οἶίτινος
3216 493 3277 545 ὲν
3305 492 3383 564 τῷ
3438 510 3716 565 τεσσαρα-

2124 585 2303 656 κοστῷ
2337 585 2576 657 δευτέρῳ
2601 584 2764 639 ἕτειὸ
2798 583 3002 656 Κύριος
3038 584 3196 656 ἡμῶν
3238 584 3444 658 Ἰησοῦς
3476 588 3717 657 Χριστὸς

2126 679 2265 734 κατὰ
2289 679 2470 753 σάρκα
2490 678 2832 748 γεγέννηται.

2194 773 2444 845 Τιϐέριος
2472 773 2568 842 ἔτη
2597 778 2680 842 κγ’
2689 812 2704 833 ,
2721 764 2783 824 οὗ
2816 770 2894 842 τῷ
2921 772 3375 844 ὀκτωκαιδεκάτῳ
3393 772 3503 828 ἔτει
3529 776 3558 828 ὁ
3579 775 3717 846 Χρι-

2124 866 2251 929 στὸς
2287 864 2646 937 ἐσταύρωται.
3114 904 3118 908 Α

2196 958 2356 1022 Γάϊος
2386 956 2481 1027 ἔτη
2505 955 2574 1026 γ’,
2612 957 2789 1028 μῆνας
2813 956 2887 1021 0',
2930 956 3145 1029 ἡμέρας
3177 955 3281 1010 κθ’.

2197 1137 2461 1201 Κλαύδιος
2485 1136 2579 1209 ἔτη
2614 1144 2703 1206 ιγ’,
2731 1137 2907 1208 μῆνας
2934 1138 3049 1203 δύο,
3077 1138 3206 1209 παρ’
3227 1136 3439 1209 ἡμέρας
3463 1137 3573 1192 δύο.

2194 1312 2384 1385 Νέρων
2419 1313 2514 1386 ἔτη
2547 1320 2636 1383 ιγ’,
2669 1313 2849 1384 μῆνας
2884 1313 2952 1379 ζ’,
2982 1312 3193 1384 ἡμέρας
3228 1310 3332 1377 κζ’.

2200 1498 2412 1563 Γαλϐἀς
2443 1498 2621 1569 μῆνας
2653 1498 2731 1563 ζ’,
2766 1495 2974 1569 ἡμέρας
3002 1504 3118 1562 κε’.

2204 1592 2380 1647 Ὄθων
2421 1591 2598 1679 μῆνας
2618 1597 2690 1660 γ’,
2710 1591 2928 1663 ἡμέρας
2952 1591 3017 1645 ε’.

2200 1684 2442 1748 Βιτέλιος
2465 1685 2643 1756 μῆνας
2680 1689 2770 1755 ιη’,
2802 1684 3016 1755 ἡμέρας
3043 1683 3131 1754 ιβ’.

505 1771 879 1844 Vespasianus
904 1788 1080 1830 annos
1111 1788 1331 1839 novem,
1366 1788 1585 1829 menses
1642 1780 1872 1844 septem,
1905 1770 2022 1827 dies

2199 1748 2734 1841 Obsonactavbsét'o
2766 1748 3046 1848 8','jti’tvag
3065 1748 3136 1842 ξ’,
3173 1775 3384 1849 ἡμέρας
3421 1776 3507 1847 ιβ’.

434 1864 745 1919 duodecim.

503 1955 663 2012 Titus
702 1971 880 2013 annos
903 1956 1067 2023 duos,
1100 1971 1319 2014 menses
1348 1954 1512 2020 duos,
1549 1954 1670 2012 dies
1710 1954 1873 2012 duos.
1907 1953 2022 2011 l-loc

434 2060 681 2119 tempore
738 2050 1003 2104 subversa
1055 2056 1185 2104 sunt
1229 2047 1637 2119 Hierosolyma,
1679 2049 2024 2119 sexagesimo

433 2142 821 2209 quintoanno,
846 2147 903 2195 et
946 2139 1157 2211 aliquot
1181 2138 1379 2194 diebus
1416 2138 1622 2209 elapsis
1656 2147 1781 2209 post
1816 2139 2022 2196 Christi

435 2233 746 2301 passionem
759 2273 773 2287 .

504 2322 852 2377 Domitianus
881 2336 1062 2377 annos
1093 2337 1182 2386 xv,
1210 2330 1272 2376 .et
1301 2336 1519 2376 menses
1543 2320 1810 2392 quinque.

508 2412 684 2468 Nerva
713 2428 917 2468 annum
952 2428 1147 2477 unum,
1177 2429 1394 2469 menses
1426 2424 1685 2485 quatuor.

505 2503 778 2574 Trajanus
801 2519 976 2561 annos
998 2502 1189 2559 decem
1219 2513 1276 2560 et
1305 2519 1525 2561 novem.

505 2598 783 2652 Adrianus
798 2612 975 2653 annos
996 2613 1111 2662 ιιι,
1139 2596 1303 2669 cujus
1316 2612 1468 2652 anno
1485 2597 1812 2653 duodecimo
1828 2598 2020 2669 Aquila

436 2687 642 2742 ﬂoruit.

510 2778 590 2833 Ab
613 2778 860 2847 Augusto
888 2777 1054 2848 igitur
1069 2776 1139 2832 ad
1159 2775 1468 2832 Adrianum
1498 2778 1627 2834 anni
1688 2780 2026 2853 colliguntur

2197 1960 2355 2023 Τῖτος
2376 1957 2472 2030 ἔτη
2504 1956 2618 2023 δύο,
2662 1956 2838 2027 μῆνας
2861 1954 2974 2021 δύο,
2999 1954 3214 2028 ἡμέρας
3256 1954 3369 2009 δύο.
3423 1953 3510 2008 Ἐν
3537 1953 3720 2028 τούτῳ

2127 2051 2205 2122 τῷ
2225 2052 2403 2123 χρόνῳ
2426 2049 2663 2119 γέγονεν’
2702 2050 2738 2119 ἡ
2797 2048 3080 2120 ἐρήμωσις
3120 2046 3530 2119 Ἰεροσολύμων,
3572 2050 3716 2118 μετᾶ

2126 2140 2418 2212 ἑξηκοστὸν
2469 2139 2720 2211 πέμπτον
2764 2137 2884 2202 ἔτος
2914 2139 3012 2209 τῆς
3055 2136 3294 2208 Χριστοῦ
3329 2137 3715 2207 σταυρώσεως,

2124 2235 2221 2289 καὶ
2258 2233 2468 2306 ἡμέρας
2502 2230 2674 2296 τινας.

2197 2326 2521 2399 Δομετιανὸς
2548 2327 2645 2397 ἔτη
2675 2332 2757 2392 ιε’,
2796 2325 2972 2398 μῆνας
2991 2332 3051 2378 ε’.

2196 2417 2445 2488 Νερούας
2476 2416 2596 2482 ἔτος
2625 2415 2707 2482 ἓν,
2734 2416 2910 2488 μῆνας
2929 2414 2991 2469 δ’.

2192 2507 2462 2579 Τραϊανὸς
2490 2507 2587 2578 ἔτη
2620 2506 2704 2562 ιο’.

2211 2600 2485 2670 Ἀδριανὸς
2546 2600 2642 2669 ἔτη
2700 2606 2808 2664 κα’,
2864 2595 3072 2670 οὗτινος
3128 2598 3207 2670 τῷ
3250 2598 3536 2669 δωδεκάτῳ
3601 2598 3716 2652 ἔτει

2139 2691 2369 2756 ’Δκύλας
2397 2691 2745 2764 ὲγνωρίζετο.

2206 2783 2342 2838 ’Λπδ
2372 2779 2466 2839 οὖν
2485 2784 2794 2854 Αὐγούστου
2826 2784 2932 2849 ἓως
2959 2782 3239 2859 Ἀδριανοῦ
3276 2783 3370 2856 ἐτη
3407 2789 3516 2854 ρπ’,
3546 2782 3717 2855 μῆνες

437 2881 656 2926 centum
694 2868 1006 2940 octoginta,
1048 2884 1266 2927 menses
1296 2879 1554 2941 quatuor,
1595 2871 1778 2929 minus
1821 2874 2016 2930 diebus

2135 2878 2189 2943 δ’,
2219 2875 2373 2949 παρὰ
2402 2876 2616 2948 ἡμέρας
2654 2877 2698 2931 0’
2717 2894 2734 2911 ο
2766 2877 2843 2942 ὡς
2875 2873 3016 2932 εἶναι
3047 2877 3159 2931 ἀπὸ
3186 2875 3382 2948 χρόνον
3413 2874 3514 2945 τῆς
3536 2876 3717 2947 ἑρμη-

438 2977 670 3021 novem:
706 2963 778 3016 ita
821 2961 892 3016 ab
923 2976 989 3016 eo
1041 2970 1312 3032 tempore,
1362 2976 1474 3032 quo
1516 2961 1876 3035 Septuaginta
1915 2965 2022 3020 duo

2135 2970 2272 3034 vsiat;
2285 2970 2395 3025 τῶν
2420 2969 2918 3043 Ἐὁδομηκονταδύο
2951 2968 3479 3043 Ἐρμηνευτῶν,ἓως
3513 2967 3716 3021 ’Λκύλα

435 3055 769 3125 interpretes
812 3053 1147 3110 exstiterunt
1204 3070 1381 3126 usque
1430 3055 1500 3111 ad
1555 3057 1809 3131 Aquilam
1856 3057 2021 3114 inter-

2135 3061 2220 3117 τοῦ
2257 3063 2614 3135 ἑρμηνευτοῦ,
2650 3064 2816 3135 ἤγουν
2839 3063 2946 3126 ἓως
2975 3062 3278 3118 δωδεκάτου
3313 3061 3466 3126 ἔτους
3505 3061 3717 3134 Ἀδρια-

437 3157 644 3218 prolem
708 3148 825 3202 sive
888 3146 1051 3215 170
1097 3145 1167 3200 ad
1209 3145 1600 3202 duodecimum
1644 3148 1870 3203 Adriani
1921 3164 2022 3203 an-

2135 3155 2241 3220 νοῦ,
2281 3156 2375 3222 ἐτη
2402 3156 2499 3221 υλ’,
2529 3157 2625 3213 καὶ
2661 3157 2840 3230 μῆνας
2869 3159 2932 3212 δ’.

437 3253 590 3300 mnu,
613 3237 1024 3303 anniccccxu,
1054 3252 1272 3294 menses
1305 3247 1561 3307 quatuor.

513 3350 660 3407 XIV.
685 3349 861 3406 Porro
898 3351 1180 3408 Adrianus
1212 3351 1317 3408 iste
1360 3367 1596 3423 corpore
1631 3354 1771 3408 male
1796 3351 2026 3410 aﬂ'ectus

438 3442 667 3498 medicis
691 3442 975 3509 omnibus,
999 3442 1094 3512 qui
1121 3440 1178 3496 in
1198 3450 1314 3495 toto
1331 3441 1831 3515 Romanoimperio
1844 3453 2024 3510 erant,

438 3535 740 3601 arcessitis,
793 3536 862 3590 ad
915 3535 1246 3590 medicinam
1297 3538 1518 3607 corpori
1573 3554 1676 3594 suo
1718 3538 2023 3595 faciendam

441 3628 564 3682 illos
617 3627 888 3683 adhibuit.
934 3624 1041 3682 Sed
1087 3641 1213 3682 cum
1244 3642 1466 3684 omnem
1502 3645 1726 3700 operam
1760 3633 1883 3688 sine
1911 3633 2026 3688 ullo

439 3716 624 3773 fructu
657 3718 995 3789 posuissent,
1030 3719 1100 3773 ab
1140 3719 1474 3790 imperatore
1520 3723 1633 3778 risu
1681 3739 1746 3779 ac
1786 3724 2027 3781 ludibrio

438 3811 611 3865 habiti
661 3819 791 3866 sunt
823 3829 836 3866 :
884 3828 1060 3883 usque
1094 3800 1254 3879 adeo,
1286 3821 1347 3869 ut
1382 3814 1625 3870 mordaci
1656 3816 1712 3871 in
1754 3817 1879 3874 illos
1908 3818 2028 3890 epi-

438 3901 577 3957 stola
621 3902 1023 3973 professionem
1060 3903 1236 3974 ipsam
1277 3912 1565 3978 artemque
1611 3906 1924 3974 damnaret,
1967 3904 2027 3965 ut

438 4008 559 4065 qua:
601 3994 737 4048 nihil
777 3995 846 4049 de
885 3996 1209 4066 aegritudine
1269 4013 1370 4053 sua
1419 3998 1694 4056 extricare
1733 4002 2022 4070 pomisset.

440 4085 623 4155 Itaque
645 4083 701 4138 in
728 4082 1026 4156 Egyptum
1055 4085 1361 4157 profectus,
1386 4102 1510 4143 cum
1536 4087 1710 4143 Roma
1733 4089 2025 4146 discedens

440 4176 605 4233 urbes
651 4179 795 4243 illas,
832 4195 956 4249 qua:
1004 4179 1059 4235 in
1107 4179 1307 4236 itinere
1339 4180 1532 4250 posita:
1571 4189 1724 4246 sunt,
1764 4183 1918 4238 obire
1959 4199 2025 4238 ac

439 4270 771 4340 perlustrare
813 4271 995 4336 vellet,
1050 4281 1110 4326 ut
1148 4279 1269 4326 erat
1305 4271 1529 4327 videndi
1586 4273 2024 4345 cxplorandiquc

392 4414 395 4417 Α
436 4361 695 4432 cupidus,
725 4362 867 4415 inter
911 4370 1141 4417 caeteras
1175 4362 1548 4425 Antiochiam,
1579 4378 1645 4417 ac
1681 4364 1886 4419 (ladem
1921 4366 2017 4437 Sy-

438 4456 596 4518 riam,
642 4451 977 4517 Phoenicem,
1013 4461 1067 4507 et
1103 4451 1451 4507 Palaestinam
1497 4470 1620 4524 quae
1661 4453 1849 4510 Iudaea
1888 4456 2026 4513 dici-

437 4557 548 4610 tur,
580 4560 726 4598 auno
763 4558 873 4616 qua
910 4560 1103 4603 eversa
1138 4544 1321 4603 fuerat
1354 4548 1594 4619 septimo
1625 4557 1680 4605 et
1709 4551 2021 4623 quadrage-

436 4640 579 4697 simo
601 4655 922 4711 peragrans,
945 4640 1377 4715 Hierosolymam
1393 4644 1809 4700 celeberrimam
1836 4648 2026 4703 urbem

437 4750 503 4789 ac
530 4734 929 4791 nobilissimam
967 4735 1278 4800 contendit,
1308 4752 1471 4807 quam
1509 4736 1668 4795 Titus
1700 4736 2027 4812 Vespasiani

440 4825 584 4882 lilius
629 4826 874 4882 secundo
906 4827 1124 4898 imperii
1169 4829 1255 4883 sui
1290 4844 1436 4885 anno
1474 4830 1840 4888 subverterat.
1870 4826 2047 4890 Hanc'

439 4917 530 4972 ille
556 4919 675 4974 solo
711 4927 1013 5001 :cquatam,
1043 4920 1305 4992 templum
1350 4922 1531 4993 ipsum
1577 4924 1924 4981 destructum
1961 4942 2025 4984 ac

433 5096 755 5181 d_r_omo,_a.ut
770 5113 952 5181 agone
974 5100 1239 5172 equestri,
1266 5104 1355 5181 cui
1383 5102 1534 5181 gare
1549 5122 1745 5181 nomen
1772 5107 2017 5181 inditum

437 5170 531 5248 sit,
588 5170 1041 5248 nibil_bactenus
1067 5174 1327 5248 occurrit.
1375 5175 1717 5248 Crediderim
1762 5176 2014 5248 Lagium,

436 5239 661 5319 Αάγιον,
701 5240 771 5295 ab
813 5241 933 5311 ejus
962 5243 1271 5319 conditore,
1318 5247 1407 5319 _ve|
1430 5255 1666 5319 auctore
1705 5239 1888 5318 potith
1921 5239 2016 5319 ge;

435 5309 600 5390 neris.
614 5309 763 5382 Lago
793 5309 918 5390 esse
946 5311 1172 5390 dictum.
1227 5314 1350 5390 Sed
1370 5318 1568 5371 mirum
1596 5326 1680 5374 est
1706 5309 1853 5388 quod
1888 5309 2017 5390 Epi-

437 5381 673 5453 phanins
703 5381 917 5453 scribit,
948 5399 979 5437 a
1023 5384 1169 5453 Lago
1194 5386 1475 5441 conditum
1520 5403 1647 5443 esse
1674 5381 2020 5447 Alexandria:

437 5452 660 5530 ξτιπικόν
719 5452 978 5530 illud,_et
1009 5455 1202 5530 Laium
1248 5459 1600 5530 appellatum,
1632 5469 1727 5514 aut
1768 5459 2016 5530 Lagium.

434 5521 620 5596 Neque
650 5524 797 5579 enim
829 5523 947 5596 scio
984 5541 1055 5581 an
1089 5521 1469 5582 Alexandriam
1513 5530 1693 5596 Lagus
1726 5531 1830 5586 iste
1847 5521 2015 5585 Vide-

435 5593 525 5656 rit,
557 5610 681 5664 qua:
736 5594 955 5668 condita
1007 5607 1093 5654 est
1138 5595 1482 5668 iolympiadis
1517 5593 1622 5654 1ῑῖ
1666 5615 1813 5656 anno
1861 5615 1922 5667 ιι,
1955 5611 2015 5656 ιιι

436 5671 631 5744 auctor
669 5673 754 5744 est
782 5665 1073 5744 Diodorus.
1132 5665 1261 5739 Ejus
1298 5665 1459 5744 porro
1490 5670 1852 5744 lilius‘statim
1892 5665 2015 5744 post

435 5732 644 5790 obitum
692 5736 986 5794 Alexandri
1041 5740 1097 5795 in
1162 5732 1570 5810 provinciarum
1625 5732 2016 5813 distributione

2201 3357 2298 3409 lA’.
2331 3347 2499 3417 οὗτος
2520 3354 2576 3407 δὲ
2609 3354 2638 3406 ὁ
2678 3353 2956 3426 Ἀδριανὸς
3004 3352 3271 3426 λωϐηθεὶς
3302 3353 3366 3406 τὸ
3412 3350 3595 3421 σῶμα,
3617 3351 3717 3404 καὶ

2129 3446 2621 3521 μεταστειλάμενος
2649 3446 2797 3500 ἅπαν
2817 3446 2879 3498 τὸ
2909 3444 3112 3516 πλῆθος
3142 3444 3253 3498 τῶν
3282 3444 3389 3498 ὑπὸ
3423 3444 3522 3515 τὴν
3554 3442 3711 3514 βασι-

2126 3541 2275 3595 λείαν
2297 3540 2462 3596 αὑτοῦ
2500 3539 2722 3612 ἰατρῶν,
2754 3538 2925 3611 ᾔτησε
2965 3537 3095 3610 παρ’
3119 3537 3299 3592 αὐτῶν
3344 3535 3588 3608 ἰατρείαν
3618 3535 3716 3589 τοῦ

2130 3635 2382 3707 σώματος
2415 3635 2604 3689 αὐτοῦ.
2634 3635 2697 3688 0i
2740 3634 2798 3688 δὲ
2832 3632 3003 3687 πολλὰ
3033 3631 3397 3704 κεκμηκότες,
3421 3630 3519 3685 καὶ
3550 3629 3718 3701 μηδὲν

2125 3728 2445 3792 ἀνύσαντες,
2475 3725 2836 3799 ὲσκώφοησαν
2861 3727 2954 3781 ὑπ’
2992 3724 3181 3791 αὑτοῦ,
3212 3725 3290 3789 ὡς
3315 3725 3413 3778 καὶ⁸
3430 3721 3721 3794 επιστολὴν

2126 3820 2483 3890 ὀνειδιστικὴν
2516 3818 2726 3892 γράψαι
2768 3822 2890 3873 κατ’
2918 3818 3121 3884 αὐτῶν,
3156 3818 3256 3889 τὴν
3292 3814 3491 3889 τέχνην
3539 3814 3721 3868 αὐτῶν

2126 3912 2495 3984 αἱτιωμένην,
2552 3911 2628 3973 ὡς
2693 3910 2858 3985 μηδὲν
2911 3911 3119 3966 εἰδυῖαν
3177 3910 3275 3982 τῆς
3326 3907 3722 3982 περικειμένης

2122 4003 2274 4075 αὐτῷ
2311 4004 2467 4057 νόσου
2525 4003 2710 4060 ἓνεκα.
2752 4003 3037 4058 Στέλλεται
3084 4003 3186 4076 τὴν
3229 4003 3459 4075 πορείαν
3491 4002 3587 4055 ἐπὶ
3618 4001 3721 4072 τὴν

2126 4099 2235 4152 τῶν
2251 4097 2569 4169 Αἰγυπτίων
2589 4097 2717 4169 γῆν.
2740 4097 2892 4152 Ἔδει
2908 4096 2965 4151 δὲ
2986 4097 3149 4152 αὐτὸν
3166 4096 3274 4151 ἀπὸ
3306 4096 3406 4167 τῆς
3432 4095 3721 4169 Ῥωμαίων

2126 4193 2222 4246 ἐπὶ
2236 4194 2334 4257 τὰς
2356 4193 2484 4265 ἑξῆς
2501 4191 2868 4265 προϐαίνοντα
2885 4191 3091 4256 πόλεις,
3110 4190 3314 4255 ταύτας
3331 4188 3687 4244 κατοπτεύειν
3704 4200 3719 4215 ⁸

2123 4280 2194 4355 ἦν
2248 4285 2358 4357 γὰρ
2401 4286 2431 4338 ὁ
2476 4285 2617 4356 ἀνὴρ
2673 4283 2994 4355 φιλοῒστωρ.
3020 4282 3302 4355 Διέρχεται
3328 4277 3423 4337 οὖν
3466 4283 3566 4353 τὴν
3599 4283 3721 4335 Ἀν-

2098 4382 2101 4450 ς
2127 4380 2308 4450 τιὸχου
2338 4376 2512 4444 πόλιν,
2549 4375 2870 4448 ὑπερϐαίνει
2894 4393 2952 4429 τε
2976 4376 3076 4447 τὴν
3104 4376 3306 4446 Κοίλην
3333 4377 3429 4429 καὶ
3465 4374 3564 4445 τὴν
3593 4375 3718 4428 Φοι-

2131 4471 2307 4541 νίκην,
2369 4470 2466 4523 καὶ
2503 4468 2723 4541 ἔρχεται
2774 4468 2857 4533 είς
2914 4467 3014 4539 τὴν
3066 4466 3453 4538 Παλαιστίνην,
3485 4469 3587 4540 τὴν
3627 4470 3723 4523 καὶ

2147 4564 2405 4618 Ἰουδαίαν
2455 4562 2822 4633 καλουμένην,
2860 4561 3000 4633 μετὰ
3040 4560 3136 4632 ἔτη
3161 4562 3247 4633 μζ¹
3284 4562 3383 4633 τῆς
3412 4561 3524 4616 τῶν
3559 4562 3724 4634 Ἱερο-

2130 4654 2380 4728 σολύμων
2412 4653 2769 4728 ἐρημώσεως.
2791 4653 2903 4706 Καὶ
2929 4652 3135 4708 ἄνεισιν
3157 4653 3250 4706 ἐπὶ
3278 4653 3349 4707 τὰ
3375 4652 3723 4725 Ἰεροσόλυμα

2125 4746 2225 4817 τὴν
2250 4744 2582 4818 περίπυστον
2614 4744 2769 4800 πόλιν
2805 4746 2898 4798 καὶ
2929 4744 3256 4816 ὀνομαστὴν,
3289 4744 3356 4815 ἣν
3384 4743 3723 4816 κατέστρεψε

2127 4839 2285 4900 Τῖτος
2308 4834 2724 4891 υύεσπασιανοῦ
2766 4838 2897 4899 παῖς
2943 4835 3025 4905 τῷ
3073 4834 3312 4905 δευτέρῳ
3343 4833 3454 4887 ἔτει
3486 4834 3588 4904 τῆς
3626 4835 3724 4888 αὐ-

2125 4928 2222 4982 τοῦ
2255 4928 2553 4999 βασιλείας.
2590 4929 2700 4984 Καὶ
2735 4922 2861 5000 εὗρε
2889 4930 2988 4999 τὴν
3020 4928 3174 4982 πόλιν
3209 4928 3392 4980 πᾶσαν
3415 4927 3726 4997 ὴδαφισμὲ-

2120 5112 2507 5184 Alexandriam
2521 5121 2576 5168 et
2607 5111 2904 5184 Egyptum
2930 5111 3185 5166 obtinuit.
3206 5111 3503 5184 Quare_aut
3526 5122 3720 5184 super-

2122 5186 2253 5238 stite
2280 5183 2462 5237 adbuc
2493 5178 2804 5239 Alexandro
2839 5190 3120 5252 superstes
3149 5189 3204 5237 et
3237 5178 3564 5252 ipse_Lag_tts
3592 5179 3718 5232 Ale—

2125 5254 2410 5307 xandriam
2461 5254 2731 5323 ejusmodi
2779 5249 2966 5324 aliquo
3021 5267 3188 5323 opere
3223 5249 3565 5324 nobilitavit:
3626 5257 3724 5301 aut

2121 5324 2242 5400 ejus
2269 5324 2411 5400 ﬁlius
2443 5320 2766 5400 [.agidarum
2785 5320 3213 5400 monumentum
3236 5324 3297 5400 in_
3323 5320 3569 5400 ejusdem
3595 5334 3725 5388 ope-

2124 5396 2202 5449 ris
2232 5397 2595 5465 appellatione
2617 5396 2928 5462 constituit,
2949 5410 3071 5465 quae
3095 5395 3374 5465 posterior
3400 5395 3721 5465 conjectura

2125 5461 2458 5537 probabilior
2488 5474 2592 5521 est.
2634 5466 2708 5522 De
2737 5466 2885 5537 Lago
2915 5461 2979 5521 et
3003 5461 3297 5537 Ptoleme
3326 5462 3450 5537 ejus
3473 5461 3583 5515 ﬁlio
3612 5474 3726 5537 me-

2126 5531 2396 5609 morabile
2424 5537 2683 5609 quiddam
2715 5531 2860 5608 leges
2892 5536 3037 5607 apud
3064 5535 3319 5609 Snidam.
3345 5531 3722 5609 (Dissertatio-

2124 5622 2249 5661 ncm
2280 5608 2349 5663 de
2383 5603 3178 5678 imperatorumltonianorum
3214 5603 3575 5678 chronologia
3598 5616 3724 5678 qtae

2123 5678 2212 5734 hic
2245 5679 2300 5734 in
2314 5670 2556 5735 editione
2583 5678 2790 5735 Petavii
2821 5678 3175 5749 sequebatur,
3197 5676 3322 5732 vide
3340 5670 3509 5732 infra;
3535 5670 3721 5738 Eutr.)
