4018 6210
320 332 423 388 26(

1287 327 1489 384 LIBER
1531 325 1618 381 DE
1658 323 2016 382 MENSURIS
2055 325 2146 381 ΕΤ
2186 327 2652 385 PONDERIBUS.

3515 334 3621 390 262

323 472 446 524 νην,
475 453 653 506 καὶτὸ
685 450 832 523 ἱερὸν
871 448 968 503 τοῦ
1008 448 1145 503 Θεοῦ
1187 447 1746 519 καταπεπατημένον,
1789 463 1932 517 παρ-

2050 449 2410 517 proculcatum
2462 450 2684 520 reperit,
2736 449 2928 520 paucis
2974 450 3187 506 aedibus
3238 458 3507 524 cxreptis.
3560 471 3623 510 ac

326 547 486 608 εκτὸς
539 543 738 612 ὀλίγων
797 541 1117 613 οἰκημάτων
1146 541 1243 595 καὶ
1281 543 1380 612 τῆς
1401 540 1498 594 τοῦ
1528 539 1666 592 Θεοῦ
1705 540 1932 609 Ἐκκλη-

330 637 472 702 σίας.
507 638 710 710 μικρᾶς
744 633 933 705 οὔσης,
961 633 1092 689 ἔνθα
1106 633 1552 706 ὑποστρέψαντες
1585 633 1633 685 ot
1661 631 1929 702 μαθηταὶ,

327 733 419 786 ὅτε
447 733 477 784 ὁ
505 729 697 800 Σωτὴρ
723 727 1004 798 ἀνελήφθη
1036 726 1146 781 ἀπὸ
1168 726 1263 780 τοῦ
1309 724 1619 787 Ἐλαιῶνος,
1653 722 1930 793 ἀνέϐησαν

329 827 412 886 είς
436 823 499 876 τὸ
534 821 805 893 ὑπερῷον.
850 821 1001 874 Ἐκεῖ
1037 820 1147 890 γάρ
1178 819 1518 890 ᾠκοδόμητο,
1552 817 1829 870 τουτέστιν
1873 819 1932 869 ἐν

328 915 410 987 τῷ
465 917 622 987 μέρει
690 912 868 976 Σιὼν,
935 913 1058 983 ἣτις
1109 911 1218 965 ἀπὸ
1269 911 1369 980 τῆς
1418 907 1750 981 ἐρημώσεως
1803 923 1937 977 παρ-

333 1006 544 1076 ελήφθη
583 1005 738 1071 ’,καὶ
769 1003 912 1076 μέρη
966 997 1234 1072 οἰκήσεων
1264 1001 1396 1072 περὶ
1433 1000 1604 1070 αὐτὴν
1639 997 1738 1069 τὴν
1761 997 1925 1060 Σιὼν,

338 1102 429 1154 καὶ
455 1098 596 1154 ἑπτά
624 1096 959 1167 συναγωγαὶ,
992 1095 1049 1148 αἳ
1075 1096 1133 1147 ὲν
1159 1096 1228 1166 τῇ
1261 1094 1402 1146 Σιὼν
1422 1093 1580 1165 μόναι
1603 1092 1930 1162 ἑστήκεσαν,

332 1194 411 1256 ὡς
443 1191 698 1255 καλύϐαι,
753 1189 814 1254 ἐξ
865 1181 945 1242 ὧν
999 1187 1097 1258 μία
1137 1185 1476 1258 περιελήφθη
1519 1186 1564 1250 ⁸,
1593 1185 1713 1247 ἓως
1742 1183 1932 1255 χρόνου

337 1286 649 1357 Μαξιμωνᾶ
698 1282 792 1337 τοῦ
839 1282 1148 1336 ἐπισκόπου
1211 1281 1308 1333 καὶ
1359 1277 1777 1332 Κωνσταντίνου
1837 1275 1934 1329 τοῦ

341 1379 626 1449 βασιλέως,
656 1377 732 1440 ὡς
754 1374 966 1444 σκηνὴ
994 1374 1063 1427 ἐν
1088 1371 1416 1442 ἀμπελῶνι,
1440 1370 1583 1424 κατὰ
1615 1369 1676 1422 τὸ
1690 1385 1934 1439 γεγραμ-

341 1472 524 1544 μένον.
558 1470 860 1524 Διανοεῖται
898 1461 993 1520 οὖν
1024 1467 1054 1519 ό
1094 1463 1373 1536 Ἀδριανὸς
1417 1461 1516 1534 τὴν
1541 1455 1698 1516 πόλιν
1729 1459 1933 1522 κτίσαι,

338 1564 401 1618 οὐ
430 1563 538 1634 μὴν
563 1561 624 1614 τὸ
652 1560 816 1630 ἱερόν.
851 1559 961 1612 Καὶ
989 1555 1170 1610 λαϐὼν
1208 1557 1299 1608 τὸν
1348 1554 1580 1607 ’Λκύλαν
1610 1551 1803 1606 τοῦτον
1842 1550 1935 1603 τὸν

298 1696 301 1697 ν
340 1654 739 1727 προειρημένον
769 1651 1133 1723 ὲρμηνευτὴν,
1170 1647 1408 1716 Ἕλληνα
1447 1645 1598 1708 ὄντα,
1641 1643 1735 1697 καὶ
1766 1641 1933 1696 αὐτοῦ

339 1747 683 1819 πενθερίδην,
712 1745 820 1798 ἀπὸ
847 1741 1098 1812 Σινώπης
1133 1740 1190 1794 δὲ
1226 1740 1323 1810 τῆς
1353 1739 1556 1792 Πόντου
1584 1734 1929 1807 ὁρμώμενον,

2039 555 2203 610 parva
2240 543 2477 610 quadam
2515 543 2955 597 Christianorum
2991 544 3245 610 ecclesia,
3295 560 3417 614 qua:
3461 546 3514 600 in
3557 563 3624 603 eo

2039 631 2158 685 loco
2186 632 2494 685 constituta
2548 631 2748 697 fuerat,
2795 632 2849 687 in
2881 648 3043 703 quem
3078 633 3364 704 discipuli,
3407 643 3624 705 postea~

2034 735 2197 790 quam
2248 722 2502 775 Salvator
2547 722 2602 776 in
2636 724 2837 776 malum
2889 738 2958 778 ex
3010 723 3204 778 Oliveti
3256 733 3442 780 monte
3493 728 3625 781 sub-

2035 819 2227 866 vectus
2253 819 2360 874 est,
2390 826 2513 866 sese
2542 813 2874 879 recipientcs
2901 815 3250 868 cmnaculum
3281 817 3625 872 conscende-

2036 909 2188 956 runt.
2224 900 2354 956 Erat
2384 901 2476 954 illa
2507 900 2745 971 quadam
2779 902 2834 956 in
2875 903 3061 959 Sionis
3095 913 3250 974 parte
3283 916 3622 971 constructa,

2039 1007 2160 1062 qua:
2181 993 2391 1048 civitati
2420 993 2790 1062 superfuerat,
2829 1009 2954 1047 cum
2988 992 3142 1049 Sioni
3174 996 3500 1068 propinquis
3525 1001 3624 1053 ali-

2037 1094 2170 1156 quot
2199 1085 2470 1149 aedificiis,
2502 1100 2567 1141 ac
2604 1095 2812 1156 septem
2847 1088 3160 1157 synagogis,
3192 1103 3314 1157 quae
3348 1090 3399 1142 in
3431 1090 3624 1144 eodem

2036 1187 2225 1235 monte
2267 1181 2401 1235 solae
2446 1179 2592 1234 velut
2639 1179 2859 1249 tuguria
2901 1181 3278 1248 perstiterant,
3317 1196 3384 1235 ex
3424 1183 3630 1251 quibus

2038 1288 2148 1326 una
2179 1273 2450 1326 duntaxat
2505 1271 2574 1325 ad
2612 1269 2936 1326 Maximouat
2975 1271 3226 1342 praesulis
3260 1279 3315 1326 et
3343 1271 3624 1326 Constan-

2037 1366 2138 1420 tini
2182 1365 2533 1436 imperatoris
2570 1376 2819 1436 tempora
2850 1365 3002 1433 velut
3045 1364 3423 1419 umbraculum
3457 1367 3512 1418 in
3547 1366 3626 1419 vi-

2033 1472 2136 1512 nea
2159 1456 2204 1518 ³,
2246 1467 2300 1510 ιιι
2345 1454 2646 1526 Scriptura;
2675 1453 2862 1509 verbis
2897 1463 3041 1520 utar,
3086 1454 3280 1509 relicta
3310 1454 3624 1509 videbatur.

2039 1547 2186 1602 inter
2208 1546 2324 1602 haec
2363 1546 2644 1603 Adrianus
2687 1547 2756 1602 de
2800 1548 2939 1602 urbe
2968 1547 3084 1602 sola
3117 1545 3478 1601 instauranda
3507 1546 3628 1603 sine

2042 1639 2246 1707 templo
2292 1637 2568 1708 cogitans,
2604 1637 2857 1707 Aquilam
2909 1637 3062 1690 illum
3103 1635 3426 1706 Scriptum,
3459 1652 3626 1705 quem

2040 1729 2303 1794 diximus,
2333 1730 2685 1800 interpretem
2722 1728 2970 1784 Graecum
3013 1728 3311 1791 hominem,
3345 1743 3627 1783 socerum-

339 1811 662 1910 καϐίστησίν
707 1836 871 1889 αὐτὸν
910 1811 1087 1888 ἐκεῖσε
1128 1831 1440 1885 ἐπιτάττειν
1471 1831 1586 1891 τοῖς
1612 1827 1794 1897 ἔργοις
1821 1826 1931 1878 τῶν

2050 1837 2143 1891 lue
2157 1836 2318 1876 suum
2337 1820 2562 1890 Sinope,
2580 1821 2722 1890 quod
2737 1819 2898 1873 Ponti
2914 1821 3171 1890 oppidum
3194 1830 3297 1883 est,
3312 1820 3626 1886 oriundum,

339 1931 444 2001 τῆς
502 1928 710 1990 πόλεως
769 1921 1108 1994 κτισμάτων,
1154 1916 1510 1981 ἐπιτεθεικὼς
1556 1919 1625 1988 τῇ
1682 1915 1836 1968 πόλει
1871 1915 1932 1969 τὸ

342 2024 474 2078 ἴδιον
509 2022 679 2091 ὄνομα
720 2020 820 2073 ,καὶ
855 2016 950 2070 τοῦ
982 2011 1273 2086 βασιλικοῦ
1305 2011 1571 2082 ὀνόματος
1591 2008 1682 2061 τὸν
1716 2024 1933 2079 χρημα-

339 2115 557 2185 τισμόν.
601 2114 690 2176 Ὠς
717 2111 826 2182 γὰρ
860 2111 1066 2171 ἐκεῖνος
1100 2106 1390 2176 ὠνόμαστο
1416 2103 1600 2166 Αἴλιος
1633 2099 1932 2173 ’Δδριανὺς,

341 2206 515 2268 οὕτως
543 2205 636 2257 καὶ
666 2204 765 2273 τὴν
798 2199 950 2252 πόλιν
976 2197 1260 2268 ὠνόμασεν
1287 2193 1495 2248 Αἰλίαν.

419 2321 516 2373 IE'.
558 2316 621 2373 Ὀ
652 2315 830 2369 τοίνυν
873 2309 1105 2372 ’Ᾱκύλας
1129 2309 1334 2377 διάγων
1364 2307 1421 2358 ὲν
1442 2306 1508 2376 τῇ
1557 2299 1933 2372 Ἰερουσαλὴμ,

341 2411 439 2464 καὶ
507 2407 649 2480 ὁρῶν
691 2406 817 2467 τοὺς
877 2400 1125 2473 μαθητάς
1179 2398 1287 2450 τῶν
1331 2393 1588 2468 μαθητῶν
1622 2389 1936 2446 ἀποστόλων

346 2502 642 2564 ἀνθοῦντας
679 2500 746 2570 τῇ
777 2495 980 2557 πίστει,
1029 2492 1122 2546 καὶ
1154 2491 1356 2560 σημεῖα
1383 2486 1595 2559 μεγάλα
1630 2481 1934 2556 ἐργαζομέ-

345 2613 470 2658 νους
506 2595 702 2647 ἱάσεων
737 2589 831 2643 xui.
874 2587 1049 2641 ἄλλων
1078 2570 1398 2653 Θαυμὰτων·
1427 2575 1630 2650 ('Hquv
1661 2577 1770 2648 γὰρ
1801 2576 1935 2629 ὑποα

348 2687 679 2760 στρέψαντες
707 2681 816 2736 ἀπὸ
839 2678 1045 2750 Πέλλης
1078 2675 1178 2746 τῆς
1201 2672 1408 2736 πόλεως
1435 2673 1514 2734 εἰς
1558 2665 1937 2738 Ἰερουσαλὴμ,

347 2783 443 2835 καὶ
480 2778 841 2836 διδάσκοντες.
878 2770 1073 2824 Ἦνίκα
1113 2765 1220 2837 γὰρ
1247 2762 1522 2836 ἕμελλενή
1545 2761 1700 2824 πόλις
1721 2760 1940 2813 ἁλίσκε-

350 2873 476 2926 σθαι
519 2869 624 2924 ὑπὸ
674 2865 786 2920 τῶν
835 2859 1152 2932 Ῥωμαίων,
1192 2851 1786 2929 προεχρηματίσθησαν
1836 2849 1940 2901 ὑπὸ

350 2965 584 3036 ἀγγέλου
616 2961 815 3022 πάντες
854 2957 903 3010 οἱ
943 2950 1185 3026 μαθηταὶ
1222 2947 1555 3020 μεταστῆναι
1580 2943 1688 2997 ἀπὸ
1711 2942 1812 3011 τῆς
1839 2940 1940 2995 πό-

348 3032 508 3120 λεως,
535 3051 834 3125 μελλούσης
857 3045 1024 3115 ἄρδην
1048 3037 1403 3096 ἀπόλλυσθαι.
1432 3034 1644 3097 Οἴτινες
1663 3032 1756 3086 καὶ
1788 3047 1942 3102 μετα-

349 3149 544 3218 νάσται
601 3142 884 3212 γενόμενοι
925 3135 1151 3207 ᾣκησαν
1188 3134 1244 3184 ὲν
1275 3127 1450 3198 Πέλλῃ
1480 3127 1546 3197 τῇ
1587 3139 1944 3218 οττρογεγραμ.Γ

357 3241 494 3313 μένῃ
527 3236 702 3298 πόλει,
753 3233 927 3302 πέραν
967 3225 1062 3280 τοῦ
1113 3223 1405 3294 Ἰορδάνου,
1447 3219 1572 3288 ἥτις
1616 3218 1680 3269 ὲκ
1711 3212 1946 3267 Δεκαπό-

354 3308 493 3396 λεως
521 3332 739 3399 λέγεται
774 3323 932 3379 εἶναι.
959 3318 1114 3375 Μετὰ
1140 3317 1316 3386 δὲτὴν
1346 3313 1627 3385 ἐρήμωσιν
1669 3308 1944 3378 Ἰερουσα-

355 3427 465 3496 λὴμ
509 3416 1055 3490 ἐπαναστρέψαντες,
1110 3410 1184 3474 ὡς
1248 3407 1414 3477 ἔφην,
1480 3403 1682 3472 σημεῖα
1738 3399 1948 3470 μεγάλα

357 3513 694 3583 ἐπετέλουνο)
751 3513 780 3564 ὁ
829 3505 922 3562 οὖν
947 3502 1179 3564 ’Λκύλας
1211 3494 1536 3563 κατανυγεὶς
1562 3491 1659 3562 τὴν
1685 3491 1946 3554 διάνοιαν,

355 3610 435 3682 τῷ
454 3599 867 3680 Χριστιανισμῷ
888 3597 1223 3652 ἐπίστευσεν.
1247 3590 1488 3661 Λίτήσας
1513 3587 1569 3638 δὲ
1600 3583 1740 3656 μετὰ
1759 3582 1948 3653 χρόνον

356 3673 457 3776 την
505 3673 562 3754 έν
622 3694 844 3769 Χριστῷ
897 3688 1190 3763 σφραγῖδα,
1229 3683 1540 3754 ἐκομίσατο.
1587 3678 1716 3730 Ἀπὸ
1757 3676 1814 3728 δὲ
1849 3673 1950 3743 τῆς

360 3794 584 3867 πρώτης
609 3787 772 3845 αύτοῦ
817 3786 984 3852 ’έξεως
1016 3782 1092 3854 μὴ
1127 3776 1516 3851 μεταθέμενος,
1550 3769 1642 3823 τοῦ
1675 3766 1950 3822 πιστεύειν

359 3888 603 3961 δηλονότι
631 3886 698 3955 τῇ
722 3878 930 3954 ματαίᾳ
952 3869 1308 3944 ἀστρονομίᾳ,
1327 3869 1393 3939 ἣν
1416 3863 1662 3936 ἀκριϐῶς
1688 3858 1952 3914 ἐκπεπαί-

359 3985 516 4037 δευτο
535 3995 548 4007 ·
587 3976 722 4030 ἀλλὰ
753 3972 875 4025 καθ’
896 3967 1132 4038 εκάστην
1158 3962 1373 4034 ἡμέραν
1400 3957 1461 4010 τὸ
1488 3955 1630 4026 θέμα
1658 3952 1760 4021 τῆς
1787 3949 1951 4004 αὑτοῦ

363 4073 627 4144 γενέσεως
665 4064 1056 4133 σκεπτόμενος,
1113 4049 1469 4124 ὲλεγχόμενός
1497 4065 1556 4100 τε
1589 4045 1694 4099 ὑπὸ
1732 4045 1840 4097 τῶν
1877 4042 1954 4096 δι-

362 4164 669 4224 δασκάλων,
701 4158 797 4212 καὶ
822 4149 1225 4224 ὲπιτιμώμενος
1248 4145 1416 4197 ἓνεκα
1451 4138 1664 4201 τούτου,
1701 4134 1776 4206 μὴ
1806 4135 1953 4204 διορ-

367 4257 628 4328 θούμενος
658 4223 736 4317 δὲ,
768 4246 908 4302 ἀλλὰ
951 4223 1043 4298 καὶ
1090 4236 1407 4310 φιλονείκως
1445 4229 1643 4302 μᾶλλον
1691 4223 1956 4328 ἀντιτιθέ-

371 4314 551 4423 μενος,
607 4345 702 4399 καὶ
733 4339 979 4394 σπεύδων
1023 4330 1276 4399 σννιστᾷν
1305 4324 1374 4378 τὰ
1417 4321 1715 4382 ἁσύστατα,
1740 4317 1838 4386 τὴν
1881 4314 1957 4367 εἱ-

370 4407 655 4510 μαρμένην
700 4428 944 4502 δηλονότι
996 4422 1091 4478 καὶ
1119 4419 1190 4472 τὰ
1235 4415 1364 4485 περὶ
1401 4411 1582 4510 ἀὐτῇς
1621 4407 1954 4510 διηγήματα,

369 4503 622 4597 eis:qu
661 4523 823 4576 πάλιν
860 4519 957 4591 τῆς
995 4511 1341 4582 Ἐκκλησίας,
1385 4506 1461 4570 ὡς
1509 4503 1780 4597 ἄχρηστος

372 4591 666 4692 σωτηρίαν.
713 4610 1041 4686 Πικρανθεὶς
1072 4607 1127 4660 δὲ
1154 4605 1250 4675 τὴν
1296 4597 1641 4692 διάνοιαν-*ὼς
1674 4591 1957 4692 ἠτιμωμέ-

371 4732 481 4776 νος,
513 4714 592 4773 εἱς
614 4707 776 4778 ζῆλον
803 4705 1028 4775 μάταιον
1049 4697 1285 4766 αἴρεται,
1310 4691 1402 4744 καὶ
1424 4681 1958 4756 τὸνΧριστιανισμὸν

371 4803 768 4877 ἀρνησάμενος,
802 4796 896 4850 καὶ
929 4793 1027 4864 τὴν
1057 4786 1221 4843 αὐτοῦ
1249 4783 1414 4854 ζωὴν,
1452 4773 1845 4850 προσηλυτεύει
1867 4771 1961 4826 xui.

373 4893 760 4966 περιτέμνεται
774 4884 1044 4945 Ἰουδαῖος,
1064 4880 1157 4933 καὶ
1177 4874 1449 4935 ἐπιπόνως
1469 4866 1962 4940 φιλοτιμησάμενος

373 4957 630 5055 ἐξέδωκεν
648 4982 839 5037 ἑαυτὸν
859 4976 1049 5051 μαθεῖν
1072 4971 1168 5044 τὴν
1183 4967 1450 5040 Ἐϐραίων
1473 4963 1772 5025 διάλεκτον,
1788 4958 1880 5011 καὶ
1894 4957 1965 5010 τὰ

374 5050 554 5135 αύτῶν
579 5076 840 5146 στοιχεῖα.
863 5050 1095 5137 Ταύτην
1119 5065 1176 5118 δὲ
1203 5059 1480 5132 ἁκρότατα
1510 5050 1849 5146 παιδευθεις,
1866 5051 1966 5142 ἡρ-

381 5177 672 5246 μήνευσεν,
699 5139 804 5222 οὐκ
826 5162 970 5236 ὀρθῷ
989 5155 1235 5230 λογισμῷ
1281 5149 1648 5246 χρησάμενος,
1670 5139 1967 5246 uirgine;

377 5264 674 5336 διαστρέφῃ
697 5257 820 5314 τινὰ
850 5253 957 5308 τῶν
993 5249 1194 5323 ῥητῶν,
1225 5241 1502 5312 ἐνσκήψας
1535 5239 1600 5308 τῇ
1631 5233 1737 5287 τῶν
1781 5230 1966 5284 Ἑϐδο-

384 5325 721 5432 μηκονταδύο
781 5344 1045 5420 ἑρμηνείᾳ
1071 5357 1084 5372 ’
1114 5341 1199 5392 ἴνα
1223 5336 1292 5391 τὰ
1320 5333 1448 5405 περὶ
1488 5326 1724 5400 Χριστοῦ
1759 5327 1816 5377 ὲν
1847 5325 1965 5386 ταῖς

383 5415 626 5525 ‘l‘p'uqtu't';
687 5415 1186 5516 μεμαρτύρημένα,
1236 5428 1414 5525 ἄλλως
1474 5419 1724 5525 ἐκδώσει,
1781 5416 1846 5468 δι’
1900 5415 1966 5488 ἣν

385 5515 530 5614 είχεν
562 5515 716 5604 αἰδῶ,
751 5536 829 5598 εἰς
867 5531 1060 5597 ἄλογον
1087 5521 1251 5577 αὑτοῦ
1290 5515 1606 5584 ἀπολογίαν.

389 5601 576 5712 pressa
619 5601 794 5686 sacris
825 5622 1048 5678 Litteris
1087 5620 1153 5672 de
1199 5611 1420 5668 Christo
1453 5603 1768 5660 testimonia
1814 5601 1972 5655 aliter
2009 5602 2199 5658 ederet
2231 5616 2246 5652 :

391 5699 474 5786 ζνυι
505 5724 803 5781 absurdum
834 5718 1074 5774 colorem
1115 5719 1170 5767 et
1219 5703 1634 5764 excusationem
1665 5699 1958 5767 quaereret.

466 5850 482 5879 ⁸
520 5845 583 5902 C.
621 5837 978 5915 παρελείφθη.
1049 5837 1070 5866 ³
1105 5833 1166 5893 C.
1194 5822 1568 5900 περιελείφθη.
1646 5816 1797 5871 ³153.
1829 5828 1870 5879 ι,
1912 5813 1968 5868 8.

2039 1912 2350 1967 reficienda:
2381 1912 2500 1966 urbi
2529 1912 2778 1981 praeficit,
2807 1926 2970 1982 quam
3007 1911 3075 1965 de
3105 1926 3164 1965 se
3191 1925 3255 1964 ac
3297 1909 3364 1964 de
3386 1911 3626 1979 impera-

2041 2006 2182 2059 torio
2239 2004 2462 2058 nomine
2509 2003 2772 2074 appellari
2830 2003 3041 2067 voluit,
3090 2002 3353 2056 nimirum
3398 1999 3625 2068 Alliam,

2037 2110 2166 2150 cum
2197 2094 2377 2150 [Elius
2404 2095 2682 2149 Adrianus
2717 2095 2835 2164 ipse
2862 2099 3172 2148 vocaretur.

2116 2271 2273 2341 171
2309 2268 2426 2326 XV.
2460 2270 2657 2340 Aquila
2686 2284 2815 2325 vero
2838 2267 3236 2339 Hierosolymis
3269 2268 3496 2339 degens,
3528 2282 3627 2323 εο-

2043 2380 2298 2434 rumque,
2337 2365 2432 2434 qui
2462 2363 2842 2434 apostolorum
2873 2360 3155 2416 auditores
3183 2358 3423 2425 fuerant,
3455 2359 3627 2415 disci-

2044 2458 2205 2528 pulos
2255 2457 2358 2512 fide
2401 2470 2466 2511 ac
2515 2456 2719 2526 pietate
2771 2454 3028 2509 florentes
3067 2451 3336 2521 stupenda
3367 2451 3616 2520 quaedam

2045 2550 2291 2624 prodigia
2335 2550 2596 2605 curandis
2626 2547 2976 2618 corporibus,
3005 2560 3070 2601 ac
3111 2545 3328 2600 caeteris
3368 2545 3421 2599 id
3457 2559 3630 2613 genus

2020 2644 2312 2698 facientes
2351 2639 2964 2709 animadverteuszﬁam
3005 2637 3151 2693 enim
3199 2652 3266 2690 ex
3310 2634 3449 2688 urbe
3481 2634 3630 2688 Pella

2048 2733 2278 2790 reduces
2300 2733 2500 2788 docere
2523 2736 2826 2802 cmperant.
2852 2726 2990 2782 Nam
3029 2743 3154 2784 cum
3186 2727 3342 2782 urbis
3373 2743 3403 2779 a
3429 2725 3632 2779 Roma-

2047 2828 2134 2882 nis
2175 2827 2408 2881 instaret
2440 2825 2742 2888 excidium,
2790 2820 3048 2892 discipuli
3089 2834 3283 2874 omnes
3323 2818 3393 2871 ab
3433 2817 3633 2887 angelo

2049 2917 2243 2971 moniti
2282 2924 2437 2980 sunt,
2472 2923 2532 2968 ut
2562 2929 2630 2968 ex
2671 2927 2735 2968 ea
2771 2912 2907 2966 urbe
2940 2910 3261 2980 migrarent,
3291 2924 3412 2978 qua:
3447 2907 3631 2961 fundi-

2049 3016 2142 3062 tus
2183 3005 2477 3062 evertenda
2511 3005 2674 3074 paulo
2720 3010 2846 3074 post
2894 3001 3056 3056 foret.
3101 2999 3242 3054 Hinc
3276 2999 3354 3052 illi
3391 3013 3458 3052 ex
3495 2997 3634 3052 urbe

2052 3100 2309 3171 digressi,
2351 3096 2555 3152 Pellam
2590 3111 2713 3152 sese
2739 3094 3047 3164 rccipiunt,
3077 3092 3225 3162 quod
3257 3091 3518 3162 oppidum
3550 3089 3634 3143 ul-

1970 3174 2012 3233 c
2050 3201 2133 3246 tra
2181 3189 2475 3246 Iordanem
2528 3189 2585 3242 iu
2637 3187 2892 3257 Decapoli
2937 3191 3277 3238 numeratur.
3334 3181 3462 3236 Inde
3509 3190 3634 3252 post

2049 3299 2296 3340 eversam
2331 3282 2522 3337 urbem
2563 3281 2801 3351 regressi
2840 3276 3176 3349 ingentibus,
3222 3274 3302 3328 uti
3349 3275 3482 3354 dixi,
3517 3273 3634 3327 cla-

2052 3390 2211 3431 ruere
2245 3373 2589 3444 miraculisz)
2625 3370 2823 3427 horum
2859 3367 3258 3425 consuetudine
3284 3365 3636 3421 vehementer

2051 3467 2236 3521 animo
2280 3471 2589 3521 commotus
2638 3462 2838 3534 Aquila
2892 3459 3262 3516 Christianam
3316 3457 3636 3527 religionem

2053 3557 2423 3627 amplectitur.
2468 3555 2610 3609 Tum
2654 3554 2940 3624 aliquanto
3002 3558 3250 3621 tempore
3306 3547 3634 3616 interiecto,

2052 3646 2382 3702 Christianae
2423 3644 2790 3716 professionis
2821 3642 3058 3713 sigillum
3099 3641 3180 3694 uti
3221 3639 3454 3710 petierat
3496 3636 3638 3692 obti-

2054 3749 2165 3796 net.
2193 3739 2394 3795 Verutn
2424 3755 2548 3794 cum
2591 3753 2621 3792 a
2651 3736 2821 3807 priori
2848 3750 2972 3796 usu,
3008 3732 3361 3802 moribusque
3381 3747 3489 3784 non
3524 3730 3639 3785 dis-

2053 3833 2292 3896 cederet,
2352 3838 2407 3887 et
2455 3830 2771 3887 vanissimis
2814 3826 3327 3883 mathematicorum
3398 3824 3637 3886 artibus,

2055 3940 2196 3996 quas
2228 3924 2477 3994 apprime
2508 3921 2764 3982 callebat,
2794 3919 3025 3972 nimium
3071 3915 3361 3981 tribueret,
3393 3913 3641 3983 adeoque

2055 4018 2321 4088 genesin,
2372 4024 2538 4086 atque
2590 4015 2958 4079 horosc0pum
3007 4023 3169 4063 suum
3214 4007 3538 4062 observaret
3583 4005 3640 4060 in

2056 4112 2197 4176 dios,
2230 4125 2356 4163 cum
2395 4109 2468 4161 ob
2510 4105 2564 4160 id
2590 4122 2620 4158 a
2652 4103 2934 4174 magistris
2978 4095 3324 4170 objur'gatus,
3358 4113 3423 4151 ac
3454 4113 3642 4166 repre-

2060 4203 2288 4265 hensus,
2329 4197 2623 4254 emendare
2654 4211 2778 4251 sese
2823 4194 2992 4248 nollet
3027 4210 3040 4245 :
3071 4191 3182 4244 imo
3223 4205 3356 4244 vero
3397 4190 3644 4256 pervica-

2059 4295 2196 4349 citer
2227 4292 2518 4346 obluctans
2545 4284 2966 4356 falsaqutedam,
2995 4281 3329 4349 minimeque
3359 4278 3644 4333 cohaeren-

2061 4393 2131 4448 tia
2183 4389 2326 4444 tueri
2359 4401 2423 4440 ac
2453 4383 2750 4440 defendere
2778 4379 2960 4442 vellet,
2984 4383 3045 4428 ut
3073 4381 3203 4443 puta
3225 4372 3418 4434 fatum,
3442 4377 3497 4424 et
3522 4384 3646 4438 qu.e

1822 4464 1958 4570 πρὸξ
1990 4516 2034 4571 D
2063 4500 2187 4541 cum
2213 4498 2280 4538 eo
2309 4493 2557 4537 connexa
2595 4481 2747 4538 sunt,
2785 4485 2979 4526 rursus
3001 4469 3070 4522 ab
3095 4464 3360 4526 Ecclesia,
3385 4472 3646 4532 tauquam

2064 4583 2129 4637 ad
2166 4581 2398 4635 salutem
2435 4573 2660 4628 minime
2694 4569 2947 4626 idoneus,
2974 4564 3186 4632 ejectus
3214 4568 3317 4614 est.
3343 4557 3460 4622 Qua
3488 4555 3647 4625 igno-

2067 4675 2236 4730 minia
2272 4671 2627 4726 vehementer
2662 4660 3046 4720 exacerbatus,
3085 4662 3140 4709 et
3169 4651 3369 4708 stolido
3411 4648 3649 4718 quodam

2060 4768 2271 4823 mentis
2324 4771 2462 4820 testu
2506 4759 2780 4830 percitus,
2830 4750 3201 4807 Christianam
3252 4742 3648 4814 professionem

2068 4862 2244 4932 ejurat
2267 4876 2280 4925 ;
2305 4865 2359 4912 et
2390 4857 2532 4910 inter
2560 4848 2875 4905 Iudaeorum
2911 4841 3222 4914 proselytos
3254 4837 3553 4905 ascriptus,
3588 4848 3652 4887 ac

2069 4923 2437 5009 circumcisus
2483 4949 2587 5000 est.
2632 4939 2762 4994 Inde
2796 4945 2970 4991 totum
3020 4947 3081 4988 se
3124 4927 3410 4985 Hebraicis
3453 4923 3654 4978 litteris

2071 5042 2385 5104 ediscendis
2418 5033 2728 5095 vehementi
2777 5043 2903 5084 cum
2950 5022 3120 5079 animi
3159 5018 3511 5076 contentione
3541 5024 3655 5069 tra-

2073 5137 2229 5196 didit.
2261 5133 2437 5200 Quam
2502 5141 2628 5183 eum
2671 5119 2888 5194 egregie
2928 5114 3256 5188 penitusque
3294 5105 3652 5200 percepisset,

2078 5195 2145 5285 ad
2189 5195 2656 5295 interpretandum
2696 5229 2755 5270 se
2793 5207 3047 5270 contulit,
3084 5219 3194 5258 non
3229 5200 3446 5256 sincera
3487 5195 3655 5249 animi

2077 5288 2415 5382 inductione,
2460 5311 2556 5369 sed
2590 5319 2649 5364 ut
2672 5304 2920 5378 quaedam
2955 5298 3256 5367 Scripturze
3293 5293 3414 5344 loca
3451 5288 3654 5382 depra-

2075 5420 2247 5476 varet,
2284 5409 2551 5464 adversus
2593 5394 2951 5470 Septuaginta
2989 5390 3130 5444 duos
3169 5385 3505 5452 lnterpretes
3551 5381 3654 5427 itu-

2075 5519 2260 5578 pezum
2285 5514 2503 5557 omnem
2537 5501 2908 5560 conatumque
2939 5483 3186 5551 dirigens
3228 5483 3442 5576 :oatque
3475 5473 3534 5519 ut
3559 5478 3659 5516 ex-

2301 5607 2413 5665 qtto
2451 5585 2774 5646 nonnullum
2831 5573 3029 5649 pudori
3068 5563 3492 5640 ignominiaeque
3545 5565 3656 5614 suae
