4018 6210
428 397 540 454 243

1792 395 1850 452 S.
1891 393 2235 450 EPIPHANll

3566 389 3678 448 244

429 521 637 585 septem
662 521 717 571 et
745 514 935 586 viginti
981 513 1278 584 Scriptura:
1310 527 1374 566 ac
1410 510 1625 568 Veteris
1658 509 1997 567 Testamenti

2112 512 2262 582 ζυγῇ,
2309 512 2342 581 ή
2378 508 2594 574 Ἐξοδος
2635 507 2746 561 τῶν
2793 507 2925 562 υἱῶν
2971 503 3185 578 Ἰσραὴλ
3227 505 3295 575 τῇ
3328 502 3464 575 ἄλλῃ
3509 499 3676 572 ζυγῇ,

435 607 582 672 libri,
610 608 703 678 qui
735 606 801 661 ad
831 607 970 663 duos
992 622 1056 661 ac
1085 605 1277 676 viginti
1301 619 1402 676 pro
1431 605 1737 659 litterarum
1771 603 2000 659 Hebrai-

433 715 617 754 carum
663 714 888 754 numero
930 697 1274 769 rediguntur,
1316 695 1565 752 Graecum
1595 695 1650 750 in
1694 710 1999 752 sermonem

395 771 398 781 ’
432 791 681 847 conversi
704 797 850 845 sunt.

501 966 590 1023 Ν.
625 967 838 1024 llabent
884 968 1028 1023 enim
1069 965 1282 1022 Hebraei
1325 982 1438 1022 χχιι
1469 966 1700 1032 litteras,
1745 983 1775 1022 e
1803 965 2008 1036 quibus

431 1056 672 1126 quinque
721 1056 1071 1126 duplicantur
1137 1054 1305 1126 Capit,
1366 1054 1512 1122 Men,
1561 1054 1710 1120 Nan,
1767 1054 1894 1118 Phi,
1948 1061 2003 1109 et

429 1150 616 1220 Aleph.
669 1148 787 1214 Qua
839 1148 1052 1204 ratione
1106 1163 1233 1204 cum
1284 1163 1396 1202 xxu
1447 1148 1568 1202 libri
1619 1153 2000 1212 numerentur,

429 1249 635 1312 septem
686 1255 750 1295 ac
784 1240 969 1310 viginti
1010 1241 1379 1310 reperiuntur,
1409 1243 1557 1310 quod
1599 1255 1666 1294 ex
1696 1238 1805 1294 illis
1839 1237 1997 1307 quin-

428 1348 534 1401 que
577 1332 970 1402 geminentur:
1031 1340 1160 1401 puta
1203 1331 1340 1388 liber
1386 1330 1532 1385 Ruth
1582 1346 1706 1386 cum
1750 1329 2003 1384 Judicum

431 1423 572 1475 libro
609 1422 983 1491 conjungitur,
1022 1430 1076 1476 et
1127 1437 1272 1477 unus
1321 1422 1390 1476 ab
1436 1419 1682 1476 Hebraeis
1712 1426 2002 1475 censetur:

430 1513 642 1581 primus
683 1513 1142 1583 Paralipomenon
1180 1513 1320 1568 liber
1365 1527 1489 1567 cum
1534 1511 1841 1582 posteriore
1871 1524 2007 1569 con-

426 1605 694 1676 iungitur,
728 1613 782 1660 et
807 1619 976 1659 unum
1026 1605 1227 1660 librum
1261 1603 1446 1659 edicit.
1493 1602 1624 1658 Item
1665 1604 1878 1674 primus
1909 1600 2009 1659 Re-

427 1712 660 1767 gnorum
712 1697 872 1762 liber,
927 1714 1052 1752 cum
1105 1697 1386 1764 secundo;
1436 1697 1631 1751 tertius
1680 1695 1838 1766 162
1884 1707 2007 1747 cum

429 1798 624 1854 quarto
651 1803 818 1842 unum
855 1789 1052 1848 librum
1093 1787 1458 1843 constituunt.
1507 1786 1587 1838 Ad
1628 1801 1864 1854 eumque
1894 1798 2008 1838 mo-

2103 601 2389 656 Λευῖτικὸν
2411 602 2476 671 τῇ
2502 598 2660 672 ἄλλῃ,
2689 597 2785 652 καὶ
2805 597 3038 669 καθεξῆς
3066 595 3199 666 ἄλλη
3224 593 3402 664 βίϐλος
3424 595 3490 664 τῇ
3517 591 3674 663 ἄλλη·

2103 695 2200 750 καὶ
2233 693 2406 758 οὕτως
2437 694 2494 746 αἱ
2528 691 2848 745 εἰκοσιεπτὰ
2889 688 3060 760 βίϐλοι
3091 688 3146 741 αί
3183 685 3344 758 ῥηταὶ
3370 685 3465 738 καὶ
3502 683 3679 737 ἐνδιά-

2101 785 2266 851 θετοι,
2293 785 2466 837 εἴκοσι
2494 782 2550 836 δὲ
2575 783 2670 836 καὶ
2690 781 2784 835 δύο
2804 779 2947 833 κατὰ
2969 778 3066 850 τὴν
3092 778 3185 832 τοῦ
3209 775 3520 847 ἀλφαϐήτου
3544 773 3678 844 παρ’

2114 878 2386 952 Ἑϐραίοις
2417 877 2752 950 στοιχείωσιν
2782 873 3204 947 ἀριθμούμεναι,
3230 868 3672 942 ὴρμηνεύθησαν.

2171 973 2246 1026 Δ’.
2279 971 2467 1024 Εἴκοσι
2499 969 2610 1040 γὰρ
2639 968 2734 1022 καὶ
2766 967 2858 1021 δύο
2879 967 3063 1037 έχουσι
3091 962 3369 1034 στοιχείων
3395 961 3675 1033 νοήματαο

2105 1062 2266 1116 πέντε
2305 1061 2364 1114 δέ
2409 1061 2548 1113 εἰσιν
2593 1057 2653 1124 ἐξ
2685 1057 2868 1112 αὐτῶν
2900 1054 3246 1126 διπλούμενσ.
3302 1052 3377 1105 Τὸ
3415 1050 3524 1122 γὰρ
3555 1049 3678 1119 κὰρ

2104 1153 2221 1206 ἐστὶ
2247 1149 2488 1216 διπλοῦν,
2529 1149 2714 1204 καὶτὸ
2751 1148 2889 1218 μὲν,
2925 1146 3018 1201 καὶ
3047 1145 3109 1199 τὺ
3155 1142 3329 1206 γοῦν,
3356 1141 3450 1196 καὶ
3483 1141 3546 1194 τὸ
3587 1139 3680 1210 φὶ,

2103 1242 2284 1297 καὶτὸ
2323 1258 2362 1295 α
2394 1241 2409 1272 ¹
2429 1257 2442 1270 ·
2477 1241 2557 1294 διὸ
2593 1240 2688 1293 καὶ
2717 1240 2774 1292 αἱ
2816 1237 2988 1308 βίϐλοι
3025 1233 3170 1290 κατὰ
3201 1232 3391 1288 τοῦτον
3417 1231 3508 1284 τδν
3549 1230 3679 1302 τρό-

2104 1349 2227 1399 πον,
2272 1331 2539 1386 εἰκοσιδύο
2591 1329 2690 1402 μὲν
2725 1327 3108 1400 ἀριθμοῦνται,
3147 1323 3462 1379 εἰκοσιεπτὰ
3502 1322 3560 1376 δὲ
3590 1324 3682 1375 εὑ-

2109 1425 2406 1496 ρίσκονται,
2432 1421 2521 1476 διὰ
2560 1422 2622 1475 τὸ
2675 1420 2836 1474 πέντε
2871 1420 2931 1486 ἐξ
2955 1417 3134 1474 αὐτῶν
3159 1414 3504 1473 διπλοῦσθαν
3559 1431 3682 1467 συν⁶

2105 1516 2333 1572 ἅπτεται
2380 1513 2488 1585 γὰρ
2526 1515 2560 1584 ἡ
2603 1512 2757 1566 Ῥοὺθ
2807 1513 2922 1574 τοῖς
2947 1511 3197 1581 Κριταίς,
3223 1507 3285 1561 τὸ
3307 1509 3328 1537 ⁸
3363 1508 3678 1578 ἀριθμεῖται

2105 1608 2236 1678 παρ’
2276 1605 2548 1676 Ἑϐραίοις
2574 1603 2674 1676 μία
2699 1603 2908 1675 βίϐλος·
2943 1601 3272 1656 συνάπτεται
3293 1600 3328 1670 ἡ
3357 1597 3546 1668 πρώτη
3571 1595 3682 1649 τῶν

2106 1694 2601 1768 Παραλειπομένων
2631 1697 2696 1766 τῇ
2719 1693 2972 1764 δευτέρᾳ,
2989 1691 3083 1746 καὶ
3103 1689 3320 1758 λέγεται
3345 1689 3445 1760 μία
3475 1687 3680 1758 βίϐλος*

2109 1789 2440 1842 συνάπτεται
2468 1790 2501 1858 ἡ
2533 1786 2726 1858 πρώτη
2758 1785 2868 1838 τῶν
2897 1781 3193 1836 Βασιλειῶν
3213 1783 3278 1852 τῇ
3312 1780 3559 1850 δευτέρᾳ,
3586 1779 3682 1831 καὶ

429 1878 558 1930 dum
591 1878 888 1948 Scriptura:
919 1879 1044 1933 libri
1073 1886 1311 1949 quatuor
1338 1877 1708 1933 voluminibus
1737 1877 2005 1946 quinque-

2112 1879 2321 1949 λέγεται
2353 1878 2454 1950 μία
2477 1877 2687 1950 βίϐλος·
2725 1877 3056 1930 συνάπτεται
3077 1875 3111 1945 ὴ
3143 1873 3386 1943 τρίτητῇ
3419 1871 3681 1940 τετάρτῃ,

431 1969 646 2038 partitis
679 1970 1063 2040 comprehensi
1095 1978 1244 2033 sunt,
1279 1986 1344 2026 ac
1368 1970 1476 2025 duo
1514 1970 1641 2024 libri
1671 1977 1823 2024 extra
1854 1968 2002 2022 ordi-

428 2073 552 2114 nem
592 2067 974 2115 numerantur.
1023 2059 1204 2126 Quare
1232 2059 1447 2116 Veteris
1493 2061 1826 2116 Testamenti
1880 2059 2002 2114 libri

429 2163 622 2205 omnes
654 2150 759 2206 hac
796 2151 938 2206 serie
985 2161 1403 2221 percensentur.
1433 2150 1685 2220 Quinque
1721 2151 1789 2205 ad
1834 2151 2003 2220 legem

427 2240 746 2309 pertinent:
803 2240 1053 2307 Genesis,
1108 2241 1354 2305 Exodus,
1405 2240 1702 2304 Leviticus,
1763 2239 2003 2304 Numeri,

431 2323 940 2385 Deuteronomium.
983 2328 1109 2384 llaec
1140 2339 1225 2385 est
1271 2330 1700 2393 Pentateucbus,
1747 2345 1854 2400 qua
1894 2340 2005 2383 tota

429 2420 516 2474 lcx
564 2423 877 2492 exponitur.
937 2421 1256 2492 Sequuntur
1303 2422 1545 2490 quinque
1587 2421 1678 2474 alii
1721 2420 1867 2486 libri,
1912 2423 2003 2490 qui

429 2511 676 2567 versibus
715 2519 1009 2568 constant:
1042 2512 1165 2577 Job,
1196 2511 1548 2577 Psalterium,
1580 2510 1872 2565 Proverbia
1908 2510 2007 2565 Sa-

430 2600 686 2667 lomonis,
725 2599 1109 2664 Ecclesiastes,
1145 2601 1375 2656 Cantica
1407 2601 1768 2656 canticorum.
1804 2599 2007 2654 Deinde

434 2691 651 2746 tertium
681 2693 944 2747 librorum
970 2694 1282 2764 collegium,
1317 2709 1439 2764 qua:
1464 2695 1704 2765 γραφεῖα
1725 2692 2004 2756 dicuntur,

429 2788 481 2833 et
508 2779 851 2853 Agiographa
870 2785 1152 2852 continet;
1183 2784 1494 2854 cujusmodi
1523 2790 1672 2847 sunt,
1707 2783 1848 2838 liber
1877 2780 2005 2838 Jesu

433 2871 529 2924 lilii
562 2869 745 2934 Nave,
779 2871 1034 2928 Judicum
1067 2875 1226 2940 liber,
1256 2890 1379 2930 cum
1408 2875 1550 2929 libro
1585 2874 1762 2942 Ruth;
1800 2873 2004 2928 Parali-

431 2977 701 3032 pomenon
740 2963 952 3034 primus
997 2979 1119 3019 cum
1148 2964 1418 3032 secundo,
1451 2962 1765 3035 Regnorum
1795 2965 2007 3034 priores

430 3055 575 3124 duo,
634 3055 858 3111 totidem
905 3057 1268 3126 posteriores
1305 3057 1361 3111 in
1413 3073 1581 3112 unum
1621 3057 1873 3111 volumen
1920 3072 2008 3111 re-

433 3147 601 3203 dacti.
636 3147 882 3203 Tertium
913 3149 1045 3204 illud
1076 3149 1365 3220 collegium
1397 3157 1517 3216 est;
1546 3156 1800 3217 quartum
1823 3147 2009 3218 sequi—

431 3245 560 3291 tur:
597 3239 649 3291 in
683 3238 828 3308 quod
861 3239 1147 3295 duodecim
1179 3239 1466 3310 PrOpheta:
1507 3241 1770 3304 minores,
1803 3237 1994 3306 Isaias,

431 3327 722 3396 .lcremias,
756 3329 1030 3392 Ezechiel.
1071 3346 1135 3387 ac
1169 3331 1359 3387 Daniel
1393 3331 1624 3400 coniecti
1657 3339 1804 3387 sunt.
1832 3332 2009 3401 Atque

434 3421 538 3476 hoc
569 3422 823 3477 volumen
852 3424 1243 3494 prophetarum
1271 3425 1478 3494 scripta
1501 3424 1768 3478 continet.
1792 3422 2010 3494 Reliqui

434 3523 563 3570 sunt
589 3515 714 3569 libri
746 3515 854 3570 duo
885 3535 898 3570 :
935 3517 1038 3570 hoc
1064 3523 1148 3572 est
1181 3515 1370 3572 Esdraz'
1405 3532 1569 3581 unus,
1594 3516 1687 3585 qui
1719 3517 2009 3585 separatim

437 3612 778 3667 numeratur,
804 3606 944 3661 alius
967 3605 1185 3661 Esther.
1215 3605 1292 3658 lta
1323 3605 1434 3659 duo
1458 3613 1513 3660 et
1546 3605 1737 3676 viginti
1763 3605 1887 3660 libri
1911 3621 2011 3676 pro

436 3695 740 3749 litterarum
788 3693 1189 3751 Hebraicarum
1229 3711 1460 3751 numero
1501 3704 1816 3751 censentur.
1855 3695 2012 3762 Quod

435 3787 580 3841 enim
629 3788 697 3843 ad
735 3788 874 3843 duos
917 3789 1042 3844 illos
1091 3789 1310 3854 attinet,
1350 3789 1444 3859 qui
1480 3790 1731 3846 versibus
1763 3789 2012 3845 distincti

436 3887 589 3944 sunt,
628 3878 944 3937 Salomonis
975 3880 1228 3936 videlicet
1273 3880 1636 3951 Sapientiam,
1672 3895 1794 3951 qua:
1835 3878 2012 3934 Pana-

353 3974 360 3978 ’
437 3982 587 4028 retus
616 3974 958 4040 inscribitur,
999 3982 1054 4031 et
1081 3974 1211 4032 Jesu
1238 3975 1365 4030 Filii
1393 3975 1586 4031 Siracb
1628 3976 1850 4041 librum,
1883 3973 2013 4030 Jesu

434 4066 670 4135 nepotis,
712 4064 810 4136 qui
853 4065 1147 4138 Sapientiae
1193 4067 1395 4122 librum
1439 4067 1705 4123 Hebraice
1761 4067 2007 4136 scripsit,

435 4172 597 4226 quem
643 4171 816 4227 nepos
855 4158 978 4228 ejus
1027 4156 1191 4215 Iesus
1231 4159 1424 4215 Gratce
1473 4161 1746 4229 reddidit;
1791 4160 2010 4216 tametsi

437 4250 597 4307 utiles
629 4265 695 4303 ac
727 4250 1000 4306 l'ructuosi
1027 4252 1103 4306 illi
1129 4253 1262 4313 sint.
1298 4254 1353 4308 in
1383 4253 1793 4324 Scripturarum
1822 4268 2015 4308 nume-

438 4357 556 4394 rum
583 4354 930 4410 nequaquam
968 4341 1162 4396 referri
1194 4345 1394 4399 solent.
1428 4343 1585 4400 Unde
1619 4361 1722 4400 nec
1753 4345 1810 4399 in
1843 4352 2013 4401 testa-

436 4427 604 4482 menti
633 4443 759 4481 arca
786 4429 1044 4483 collocati
1074 4440 1225 4484 sunt.

2107 1970 2200 2023 καὶ
2238 1969 2452 2038 λέγεται
2485 1967 2582 2037 μία
2631 1965 2839 2036 βίϐλοςο
2880 1963 3053 2028 οὕτως
3095 1961 3225 2030 γοῦν
3270 1960 3581 2028 σύγκεινται
3622 1958 3680 2009 αί

2108 2059 2278 2130 βίϐλοι
2326 2061 2386 2111 ὲν
2428 2055 2813 2126 πεντατεύχοις
2842 2055 3114 2126 τέτταρσι,
3129 2053 3222 2105 καὶ
3251 2051 3496 2122 μένουσιν
3522 2048 3682 2102 ἄλλαι

2105 2152 2198 2206 δύο
2244 2150 2599 2222 ὑστεροῦσαν
2648 2149 2724 2212 ὡς
2760 2144 2900 2200 εἶναι
2942 2147 3041 2209 τὰς
3078 2142 3414 2205 ὲνδιαθέτους
3465 2139 3681 2210 βίϐλους

2106 2242 2308 2308 οὕτως’
2347 2243 2507 2296 πέντε
2554 2241 2654 2312 μὲν
2684 2239 2934 2310 νομικὰς,
2973 2238 3212 2302 Γένεσιν,
3250 2234 3487 2298 Ἔξοδον,
3523 2233 3683 2286 Λευῖ·

2105 2333 2276 2396 τικὸν,
2320 2329 2636 2401 Ἀριθμοὺς,
2688 2326 3136 2398 Δευτερονόμιον·
3194 2322 3334 2394 αὓτη
3386 2325 3421 2393 ἡ
3475 2319 3682 2376 Πεντά-

2105 2439 2294 2493 τευχος
2327 2422 2421 2475 καὶ
2451 2423 2484 2491 ἡ
2515 2417 2838 2490 νομοθεσία·
2872 2417 3033 2471 πέντε
3064 2416 3172 2489 γὰρ
3207 2417 3501 2487 στιχήρεις,
3529 2415 3564 2484 ἡ
3586 2411 3684 2466 τοῦ

2120 2514 2236 2567 Ἰὼϐ
2285 2513 2484 2584 βίϐλος,
2534 2508 2656 2566 εἶτα
2705 2511 2764 2564 τὸ
2800 2509 3135 2580 Ψαλτηριον,
3182 2505 3460 2578 Παροιμία
3512 2503 3682 2557 Σαλο-

2111 2605 2338 2675 μῶντος,
2379 2601 2835 2674 Ἐκκλησιαστὴς,
2865 2597 3056 2672 τᾼσμα
3088 2598 3347 2671 ᾀσμάτων
3368 2615 3381 2628 ο
3410 2593 3527 2650 εἶτα
3548 2596 3682 2666 ἄλλη

2108 2697 2464 2766 πεντάτευχος
2474 2695 2541 2748 τὰ
2553 2686 2717 2748 καλοῦ
2725 2710 2863 2765 μενα
2877 2690 3298 2765 Γραφεία,παρά
3312 2707 3423 2743 τισι
3441 2690 3498 2742 δὲ
3511 2688 3688 2758 Ἀγιά-

2107 2806 2294 2859 γραφα
2308 2789 2596 2859 λεγόμενα,
2621 2787 2777 2841 ἅτινά
2799 2789 2945 2838 ἐστιν
2967 2784 3139 2847 οὕτως
3158 2800 3172 2813 ·
3212 2782 3385 2853 Ἰησοῦ
3408 2781 3501 2835 τοῦ
3526 2781 3685 2851 Ναυῆ

2111 2881 2310 2951 βίϐλος,
2357 2878 2576 2950 Κριτῶν
2629 2877 2768 2949 μετὰ
2815 2879 2916 2948 τῆς
2957 2875 3136 2938 Ῥοὺθ,
3190 2874 3686 2944 Παραλειπομένων

2109 2974 2297 3044 πρώτη
2337 2972 2474 3043 μετὰ
2515 2970 2616 3041 τῆς
2659 2968 2939 3041 δευτέρας,
2985 2966 3282 3020 Βασιλειῶν
3319 2963 3507 3036 πρώτη
3549 2962 3686 3034 μετὰ

2108 3067 2208 3137 τῆς
2232 3065 2535 3136 τετάρτης·
2573 3061 2713 3134 αὕτη
2757 3061 2914 3134 τρίτη
2952 3060 3345 3128 πεντὰτευχοςο
3379 3056 3514 3126 ἄλλη
3559 3073 3686 3108 πεν-

2111 3160 2391 3230 τάτευχος,
2431 3159 2494 3211 τὸ
2532 3154 3053 3225 Δωδεκαπρόφητον,
3097 3152 3346 3214 Ἡσαΐας,
3393 3147 3686 3220 Ἱερεμίας,

2125 3250 2404 3322 Ἰεζεκιὴλ,
2453 3247 2684 3318 Δανιὴλ·
2735 3246 2831 3300 καὶ
2876 3245 3016 3316 αὕτη
3065 3246 3100 3316 ἡ
3134 3241 3444 3316 προφητικὴ
3491 3241 3691 3294 πεντά-

2109 3359 2335 3414 τευχος·
2398 3342 2618 3413 ἔμειναν
2675 3340 2732 3394 δὲ
2791 3339 2947 3394 ἄλλαι
2997 3338 3119 3406 δύο,
3177 3337 3379 3400 αἵτινές
3434 3336 3539 3388 εἰσι
3589 3334 3688 3388 τοῦ

2115 3434 2320 3504 Ἔσδρσ.
2353 3432 2452 3502 μία
2475 3432 2570 3485 καὶ
2608 3430 2749 3500 αὕτη
2781 3429 3129 3501 λογιζομένη,
3163 3429 3258 3483 καὶ
3289 3429 3421 3498 ἄλλη
3448 3426 3626 3498 βίϐλος
3655 3428 3688 3496 ἡ

2109 3526 2210 3595 τῆς
2243 3525 2444 3596 Ἐσθὴρ
2494 3523 2781 3579 καλεῖται·
2819 3521 3218 3594 ἐπληρώθησαν
3249 3517 3341 3574 οὖν
3379 3521 3436 3573 αί
3484 3521 3688 3572 εἰκοσι-

2110 3615 2203 3669 δύο
2235 3615 2405 3686 βίϐλοι
2437 3614 2574 3668 κατὰ
2601 3615 2692 3667 τὸν
2721 3611 2954 3684 ἀριθμὸν
2978 3611 3092 3665 τῶν
3115 3609 3384 3664 είκοσιδύο
3414 3609 3692 3680 στοιχείων

2113 3710 2241 3779 παρ’
2277 3707 2571 3779 Ἑϐραίοις.
2606 3707 2673 3759 Ai.
2699 3707 2807 3776 γὰρ
2839 3705 3113 3776 στιχήρεις
3140 3703 3234 3758 δύο
3263 3703 3457 3774 βίϐλοι,
3480 3702 3579 3772 ἥτε
3595 3699 3690 3753 τοῦ

2113 3799 2478 3871 Σολομῶντος,
2519 3801 2552 3869 ἡ
2595 3798 2906 3868 Πανάρετος
2949 3794 3243 3865 λεγομένη,
3275 3794 3369 3847 καὶ
3397 3795 3430 3862 ἠ
3458 3791 3553 3845 τοῦ
3591 3793 3694 3862 ’1η-

2114 3890 2209 3944 σοῦ
2241 3890 2335 3944 τοῦ
2375 3889 2492 3943 υἱοῦ
2521 3888 2713 3961 Σιρὰχ,
2761 3883 2987 3954 ἐκγόνου
3027 3884 3084 3938 δὲ
3110 3882 3206 3937 τοῦ
3244 3883 3441 3954 Ἰησοῦ,
3477 3883 3572 3936 τοῦ
3599 3883 3690 3937 καὶ

2113 3981 2211 4053 τὴν
2241 3981 2443 4051 Σοφίαν
2471 3979 2754 4051 Ἐϐραϊστὶ
2783 3974 3115 4050 γρὰιιαντος,
3141 3976 3208 4048 ἢν
3229 3977 3258 4029 ὁ
3283 3973 3502 4044 ἔκγονος
3526 3971 3692 4028 αὑτοῦ

2126 4072 2335 4146 Ἰησοῦς
2365 4071 2711 4145 ἑρμηνεύσας
2761 4069 3068 4142 Ἑλληνιστὶ⁸
3110 4067 3346 4140 ἔγραψε·
3388 4068 3483 4120 καὶ
3531 4059 3692 4119 αὗται

2114 4166 2371 4238 χρήσιμοι
2421 4164 2522 4235 μέν
2553 4165 2659 4216 είσι
2713 4163 2808 4216 καὶ
2845 4161 3133 4232 ὠφέλιμοι,
3173 4158 3287 4214 ἀλλ’
3334 4160 3413 4222 είς
3460 4155 3693 4228 ἀριθμὸν

2117 4255 2296 4328 ῥητῶν
2328 4256 2428 4308 οὐκ
2458 4255 2839 4326 ἀναφέρονται.
2881 4253 2973 4306 Διὸ
2994 4253 3060 4325 δὴ
3101 4255 3158 4306 ὲν
3189 4252 3268 4323 τῷ
3307 4249 3513 4322 ’Δαρὼν
3537 4249 3557 4280 ³
3578 4249 3692 4319 (58)

2115 4343 2466 4412 ἀνετέθησαν,
2496 4343 2590 4396 τοῦ
2625 4359 2683 4394 τε
2711 4341 2732 4372 ⁸
2758 4343 2816 4394 ὲν
2836 4341 2905 4412 τῇ
2929 4341 3029 4412 τῆς
3061 4340 3322 4413 διαθήκης
3349 4337 3586 4408 κιϐωτῷ.

459 4507 462 4509 Α
507 4517 573 4572 ν.
611 4515 721 4573 Nec
750 4518 886 4574 illud
923 4519 1092 4575 latere
1123 4527 1175 4576 te
1215 4519 1396 4586 debet,
1430 4522 1787 4580 honestarum
1829 4539 2008 4580 rerum

2188 4523 2266 4576 E'.
2307 4520 2468 4575 Ἀλλὰ
2515 4519 2611 4573 καὶ
2637 4518 2718 4572 ἔτι
2747 4517 2904 4573 τοῦτό
2948 4537 3006 4572 σε
3049 4519 3126 4591 μὴ
3165 4517 3445 4591 παρέλθοι,
3474 4511 3520 4569 ὧ
3542 4515 3693 4585 φιλό-

442 4609 718 4674 studiose,
751 4609 1078 4666 Psalterium
1108 4611 1178 4667 ab
1205 4611 1450 4669 Hebraeis
1486 4618 1728 4685 quinque
1757 4615 1812 4669 in
1843 4615 2014 4670 libros

451 4717 577 4758 csse
616 4702 912 4772 partitum;
939 4719 1078 4759 nova
1101 4711 1162 4758 nt
1187 4704 1424 4761 indidem
1455 4706 1854 4777 pentateuchus
1873 4706 2017 4761 oria-

441 4801 552 4846 tur.
593 4792 813 4848 Primus
861 4793 999 4849 liber
1027 4810 1057 4848 a
1094 4797 1272 4865 primo
1304 4797 1515 4868 psalmo
1557 4797 1624 4852 ad
1658 4798 2013 4867 quadragesi-

439 4900 586 4937 mum
617 4887 932 4942 continetur
958 4905 971 4941 :
1009 4888 1287 4944 secundus
1313 4905 1343 4942 a
1368 4889 1789 4960 quadragesimo
1812 4889 1878 4943 ad
1903 4890 2016 4960 pri-

441 4988 588 5027 nium
639 4983 694 5029 et
744 4979 1250 5048 septuagesimum;
1298 4981 1493 5035 tertius
1534 4995 1564 5033 a
1613 4973 2016 5050 septuagesimo

435 5066 682 5120 secundo
732 5067 799 5122 ad
860 5070 1256 5140 octogesimum
1308 5080 1595 5139 octavum;
1670 5078 1901 5140 quartus
1947 5072 2016 5126 ab

436 5158 774 5229 octogesimo
811 5175 956 5216 nono
1011 5161 1079 5216 ad
1134 5161 1493 5218 centesimum
1545 5162 1819 5232 quintum,
1855 5162 2016 5232 quin-

439 5257 530 5306 tus
554 5265 585 5302 a
622 5253 923 5307 centesimo
953 5261 1110 5308 sexto
1135 5253 1200 5308 ad
1237 5255 1597 5308 centesimum
1629 5261 1682 5308 et
1725 5253 2004 5324 quinqua~

439 5343 705 5415 gcsimum
743 5345 1075 5414 perducitur.
1119 5343 1254 5400 Nam
1289 5347 1604 5421 quicunque
1635 5347 1880 5416 psalmus
1911 5345 2016 5400 hoc

2121 4613 2275 4678 καλε,
2304 4613 2387 4666 ὅτι
2427 4612 2520 4665 καὶ
2545 4611 2606 4665 τὸ
2639 4612 2952 4684 Ψαλτήριον
2991 4610 3186 4664 διεῖλον
3222 4612 3300 4674 είς
3329 4607 3492 4662 πέντε
3518 4607 3695 4678 βιϐλία

2120 4708 2169 4760 οἱ
2207 4692 2470 4776 Ἑϐραῖοι,
2498 4703 2639 4758 ὥστε
2663 4701 2805 4758 εἶναι
2835 4705 2930 4758 καὶ
2957 4703 3090 4756 αὐτὸ
3117 4702 3284 4774 ἄλλην
3314 4700 3692 4769 πεντάτευχον.

2133 4799 2267 4851 Ἀπὸ
2287 4798 2396 4869 γὰρ
2427 4797 2645 4868 πρώτου
2673 4796 2890 4868 ψαλμοῦ
2922 4797 3051 4866 ἄχρι
3079 4791 3537 4863 τεσσαρακοστοῦ,
3569 4790 3695 4861 μίαν

2123 4889 2435 4958 ἐλογίσαντο
2485 4888 2706 4958 βίϐλονο
2739 4887 2848 4941 ἀπὸ
2898 4887 2956 4941 δὲ
3001 4884 3438 4958 τεσσαρακοστοῦ
3480 4882 3694 4956 πρώτου

2121 4981 2250 5053 ἄχρι
2275 4981 2371 5033 τοῦ
2398 4979 2796 5050 έϐδομηκοστοῦ
2837 4978 3076 5050 πρώτου,
3103 4978 3357 5048 δευτέραν
3385 4975 3663 5046 ἡγήσαντο
3683 4989 3698 5004 ο

2123 5069 2229 5124 ἀπὸ
2257 5068 2656 5140 έϐδομηκοστοῦ
2688 5068 2939 5140 δευτέρου
2975 5069 3079 5132 ἓως
3103 5065 3461 5140 ὀγδοηκοστοῦ
3486 5065 3699 5133 ὀγδόου,

2117 5160 2302 5234 τρίτον
2324 5161 2526 5231 βιϐλίον
2549 5163 2872 5232 ἐποιήσαντο
2894 5178 2908 5191 ο
2941 5161 3049 5215 ἀπὸ
3077 5161 3133 5214 δὲ
3163 5157 3519 5231 ὀγδοηκοστοῦ
3549 5155 3701 5210 ἐννά-

2120 5272 2213 5308 του
2260 5253 2365 5316 ἓως
2407 5253 2700 5306 έκατοστοῦ
2751 5253 3026 5323 πέμπτου,
3084 5252 3348 5322 τετάρτην
3402 5249 3692 5318 ὲποίησαν’

2122 5345 2231 5400 ἀπὸ
2263 5344 2321 5397 δὲ
2349 5343 2645 5398 έκατοστοῦ
2691 5343 2853 5398 ἕκτου
2893 5345 2999 5410 ἓως
3030 5342 3125 5397 τοῦ
3170 5339 3461 5396 έκατοστοῦ
3501 5355 3696 5410 πεντη-

510 5502 530 5534 ¹
556 5497 684 5571 Leg.
716 5499 874 5570 ἁλέφ.
948 5500 968 5531 ⁸
997 5499 1058 5555 F.
1088 5499 1201 5554 καί.
1274 5499 1296 5532 ³
1325 5499 1552 5572 Negatio
1578 5500 1806 5557 forsitan
1841 5500 2008 5556 deest.

2139 5498 2200 5552 C.
2237 5499 2499 5552 τουτέστι.

514 5620 629 5690 (58)
654 5619 750 5674 Διὸ
775 5620 842 5671 δὲ*
867 5620 936 5673 ἐν
965 5618 1044 5684 τῷ
1080 5619 1326 5687 Ἀαρών.
1353 5619 1482 5690 Leg.
1521 5620 1573 5673 Ἀ
1585 5619 1716 5690 ρών,
1752 5618 2008 5674 l-lebraicc

2129 5635 2316 5674 sucrOs
2365 5620 2582 5674 codices
2613 5620 2666 5674 in
2714 5634 2842 5674 arca
2889 5617 3200 5690 reconditos
3250 5615 3454 5690 fuisse;
3491 5613 3549 5690 si
3585 5614 3698 5690 luce

441 5698 566 5778 τι-ικ
599 5705 779 5745 arcam
820 5690 1109 5760 signiﬁcat.
1141 5690 1314 5757 Quam
1344 5707 1532 5745 vocem
1581 5691 1670 5744 hic
1720 5691 1916 5760 opinor
1943 5690 2020 5742 al-

448 5781 550 5834 teri
585 5781 1044 5837 substituendam.
1081 5783 1409 5840 Persuasqu
1442 5784 1632 5838 habuit
1664 5782 2021 5852 Epiphanius,

2131 5699 2258 5743 sunt
2303 5689 2612 5760 Epiphanii,
2663 5699 2716 5743 et
2743 5706 2849 5743 non
2911 5688 3072 5759 inepti
3099 5687 3428 5758 cujuspiam,
3460 5686 3553 5755 qui
3597 5685 3696 5739 llas

2133 5777 2305 5830 nugas
2342 5760 2408 5814 ad
2433 5776 2584 5814 oram
2608 5762 2954 5832 ascripscrat.
