4018 6210
324 341 433 398 245

1294 349 1491 405 LIBER
1538 353 1622 407 DE
1665 356 2019 414 MENSURIS
2060 358 2146 413 ΕΤ
2182 360 2637 419 PONDERIBUS.

3496 376 3600 431 2.56

330 458 549 519 κοστοῦ,
591 457 689 529 τὴν
723 458 980 532 πέμπτην
1014 464 1321 535 συνέθηκαν
1341 485 1356 501 ο
1379 468 1613 525 ἕκαστον
1637 474 1746 544 γὰρ
1776 475 1914 545 ψαλ-

2037 493 2187 531 versu
2224 480 2573 535 concluditur
2607 500 2618 534 :
2666 479 2981 534 Benedictus
3028 478 3297 548 Dominus,
3326 483 3442 551 ﬁat,
3483 486 3603 551 ﬁat,

331 551 434 617 μὸν
459 547 649 619 ἔχοντα
674 551 731 605 ἐν
755 552 830 621 τῷ
851 553 1014 617 τέλει,
1042 559 1386 628 Εὐλογητὸς
1412 564 1644 630 Κύριος,
1665 567 1914 635 γένοιτο,

329 640 583 717 γένοιτο,
617 642 771 705 τέλος
795 640 934 698 εἶναι
963 646 1169 715 βιϐλίου
1207 651 1533 708 ἐδικαίωσαν
1554 673 1565 683 ·
1606 658 1919 728 εὑρίσκεται

327 729 386 781 δὲ
408 730 569 824 τοῦτο
606 732 663 824 ἕν
693 750 752 786 τε
794 733 873 804 τῷ
918 742 1342 813 τεσσαρακοστῷ
1372 746 1466 797 καὶ
1490 747 1548 799 ὲν
1584 748 1663 819 τῷ
1691 751 1921 824 ἑϐδομη-

331 821 512 893 κοστῷ
539 823 762 896 πρώτῳ,
795 830 888 881 καὶ
927 830 985 883 ὲν
1022 830 1101 902 τῷ
1127 832 1473 908 ὀγδοηκοστῷ
1500 838 1692 911 ὀγδόῳ,
1741 821 1834 896 καί
1863 821 1920 897 ἓν

328 912 410 1006 τῷ
437 915 717 988 ἑκατοπῷ
764 920 1026 991 πέμπτῳ·
1069 924 1127 978 ὲν
1153 926 1209 979 δὲ
1238 926 1315 998 τῷ
1356 929 1499 983 τέλει
1533 932 1632 1002 τῆς
1662 936 1921 1006 πέμπτης

334 1004 520 1075 βίϐλου
554 1008 677 1061 ἀντὶ
708 1009 825 1077 τοῦ,
860 1016 1207 1086 Εὐλογητὸς
1254 1018 1494 1094 Κύριος,
1528 1002 1780 1094 γένοιτο,
1826 1002 1920 1099 γέ-

332 1113 521 1161 νοιτο,
549 1100 789 1156 τέθειται
815 1104 896 1168 τὸ,
926 1105 1101 1163 Πᾶσα
1141 1112 1299 1180 πνοὴ
1333 1116 1630 1171 alr-eodem
1657 1120 1765 1173 τὸν
1806 1124 1922 1176 Κύ-

326 1208 485 1258 ριον,
532 1195 894 1263 ἀλληλούῖα.
942 1193 1114 1257 Αὗται
1156 1204 1336 1260 τοίνυν
1368 1210 1423 1261 αἱ
1450 1209 1622 1263 εἴκοσι
1657 1214 1750 1265 καί
1782 1215 1922 1269 ἑπτὰ

334 1282 531 1352 βίϐλοι,
555 1289 825 1344 εἰκοσιδύο
851 1292 909 1346 δὲ
933 1294 1335 1368 ἀριθμούμεναι
1367 1302 1505 1371 μετὰ
1533 1304 1743 1358 καὶτοῦ
1771 1306 1923 1360 Ψαλ-

333 1376 526 1446 τηρίου
555 1378 649 1432 καὶ
684 1380 793 1434 τῶν
838 1383 1006 1438 ὄντων
1040 1387 1100 1439 ὲν
1137 1387 1216 1458 τῷ
1261 1391 1499 1466 Ἱερεμίᾳ
1535 1395 1701 1464 (φημὶ
1727 1396 1785 1450 δὲ
1830 1400 1922 1452 καὶ

333 1466 443 1518 τῶν
463 1468 687 1540 Θρήνων
705 1473 892 1542 αὐτοῦ,
924 1478 1140 1532 καὶτῶν
1157 1481 1489 1539 Ἐπιστολῶν
1506 1485 1735 1557 Βαροῦχ,
1749 1489 1803 1541 εί
1828 1489 1922 1542 καὶ

334 1558 399 1610 οὐ
419 1563 624 1615 κεῖνται
664 1565 975 1623 Ἐπιστολαὶ
998 1573 1125 1644 παρ’
1162 1573 1454 1644 Ἑϐραίοις,
1496 1574 1529 1647 ἢ
1568 1577 1731 1648 μόνον
1751 1581 1786 1650 ἡ
1816 1581 1924 1634 τῶν

335 1650 564 1722 Θρήνων
579 1655 658 1725 τῷ
671 1655 909 1731 Ἱερεμίᾳ
927 1663 1395 1736 συναφθείσα),τὸν
1410 1669 1609 1739 τρόπον
1623 1670 1680 1725 ὃν
1702 1673 1925 1744 εἴπομεν

336 1744 370 1837 i)
381 1746 762 1837 ρμηνεύθησαν
776 1753 915 1807 κατὰ
941 1756 1185 1827 περίοδον
1207 1761 1409 1834 ἑκάστῃ
1427 1762 1562 1835 ζυγῇ
1578 1766 1924 1837 έρμηνευτῶν

2024 571 2222 624 librum
2258 586 2324 623 eo
2354 572 2760 626 terminandum
2785 581 3066 642 putarunt.
3101 570 3195 629 Ille
3217 590 3382 644 porro
3411 592 3604 633 versus

2022 661 2463 732 quadragesimo,
2521 666 2927 734 septuagesimo
2984 664 3138 736 163
3181 666 3378 735 primo,
3449 676 3603 722 octo-

2025 753 2235 823 gesimo
2274 763 2491 819 Octavo,
2539 762 2592 809 et
2647 755 2945 810 centesimo
2992 757 3185 825 quinto
3236 757 3460 826 psalmis
3507 756 3605 809 ad—

2024 846 2266 916 scriptus
2299 855 2404 900 est.
2444 846 2499 899 ln
2529 846 2634 901 line
2658 847 2835 915 quinti
2872 847 2998 902 libri
3028 863 3127 918 pro
3157 848 3262 912 bis,
3289 847 3625 902 Benedictus-

2026 937 2327 993 Dominus:
2364 940 2484 1008 ﬁat,
2524 941 2643 1009 fiat,
2688 940 2962 1010 scriptum
2995 948 3121 996 est:
3170 940 3361 997 Omnis
3387 942 3605 1011 spiritus

2027 1031 2210 1085 laudet
2251 1030 2562 1095 Dominum,
2590 1031 2833 1086 alleluia.
2890 1031 3060 1102 Igitur
3088 1042 3293 1103 septem
3325 1042 3381 1088 et
3410 1033 3601 1104 viginti

2027 1123 2106 1177 illi
2138 1123 2285 1188 libri,
2322 1125 2417 1194 qui
2451 1124 2647 1195 viginti
2678 1126 2786 1178 duo
2818 1132 3200 1186 numerantur,
3235 1141 3360 1179 eum
3400 1123 3600 1181 Psalte-

2027 1216 2130 1283 rio,
2178 1231 2242 1271 ac
2276 1216 2513 1281 cateris,
2544 1217 2639 1285 qui
2676 1213 2927 1271 Jeremia:
2955 1223 3339 1281 accensentur,
3381 1216 3488 1271 boc
3525 1227 3610 1272 est

2029 1306 2574 1371 Lamentationibus,
2626 1316 2681 1362 et
2725 1305 2989 1378 Epistolis
3035 1306 3303 1371 Baruchi,
3359 1308 3608 1376 quamvis

2029 1397 2173 1466 apud
2210 1396 2473 1453 Hebratos
2498 1396 2756 1467 Epistolas
2795 1398 2916 1453 ista:
2961 1411 3072 1450 non
3108 1397 3472 1466 reperiantur,
3515 1396 3609 1451 sed

2027 1486 2477 1544 Lamentationes
2529 1490 2799 1543 duntaxat
2848 1490 2912 1543 ad
2962 1487 3213 1543 Jercmiac
3273 1487 3607 1557 prOphctiam

2029 1586 2267 1646 attente,
2294 1594 2381 1644 eo,
2411 1593 2573 1648 quem
2604 1579 2739 1645 dixi,
2771 1580 2935 1634 modo
2961 1595 3058 1649 per
3086 1580 3298 1641 orbem,
3330 1580 3387 1631 in
3409 1592 3609 1632 unum—

2028 1667 2289 1737 quodque
2330 1683 2429 1739 par
2464 1669 2829 1738 interpretum
2875 1668 3185 1723 distributa:
3218 1673 3386 1720 sunt:
3417 1671 3545 1734 puta
3582 1678 3611 1715 a

2032 1748 2206 1829 primo
2224 1762 2340 1830 pari
2360 1761 2427 1815 ad
2446 1762 2768 1825 secundum,
2800 1761 2868 1815 ab
2898 1760 3001 1816 hoc
3022 1759 3088 1813 ad
3116 1759 3333 1813 tertium
3355 1770 3612 1827 pervene-

335 1834 722 1907 ὲπιδιδόμεναι,
754 1845 848 1898 καὶ
874 1847 981 1899 ἀπὸ
1000 1850 1099 1918 τῆς
1130 1850 1352 1923 πρώτης
1377 1833 1560 1925 ζζυγῆς⁷
1678 1833 1927 1930 δευτέρᾳ,

2037 1861 2182 1915 runt,
2228 1852 2402 1907 donec
2434 1852 2612 1908 sexies
2654 1867 2717 1906 ac
2750 1852 2999 1921 trigesies
3030 1852 3226 1921 singuli
3259 1850 3448 1905 erce
3476 1865 3612 1904 con-

338 1929 433 2022 καὶ
455 1930 615 1983 πάλιν
636 1933 744 1986 ἀπὸ
756 1937 854 2008 τῆς
879 1938 1135 2010 δευτέρας
1150 1946 1215 2015 τῇ
1230 1945 1408 2018 τρίτῃ,
1429 1948 1521 2000 καὶ
1535 1947 1706 2015 οὕτως

337 2019 432 2073 οον
455 2023 772 2080 κελεύουσαι
800 2029 1007 2105 ἑκάστῃ
1031 2034 1045 2064 ¹
1078 2038 1559 2105 τριακονταεξάκις
1578 2019 1929 2114 ἐρμηνευνθτί-

339 2129 455 2179 σαι,
484 2115 558 2179 ὡς
577 2117 758 2188 ᾄδεται
785 2122 957 2191 Λόγος.
999 2126 1109 2179 Καὶ
1136 2129 1403 2183 εἰκοσιδύο
1436 2131 1544 2185 τῶν
1574 2134 1925 2205 ἁποκρύφων.

414 2211 507 2275 ς’.
542 2211 667 2264 Ὀτε
686 2213 744 2265 δὲ
773 2215 1188 2289 ἐτελειώθησαν,
1216 2222 1483 2294 ὲκαθέσθη
1507 2226 1535 2277 ὁ
1562 2224 1815 2294 βασιλεὺς
1836 2229 1931 2282 ἐπὶ

344 2299 539 2367 θρόνου
569 2302 798 2373 ὑψηλοῦ,
822 2308 914 2361 καὶ
952 2311 1310 2379 τριακονταὲξ
1340 2313 1684 2381 ἁναγνῶσται
1715 2315 1931 2386 ἔχοντες

342 2389 582 2461 ἑκάστης
613 2390 792 2461 βίϐλου
813 2396 881 2449 τὰ
909 2402 1262 2469 τριακονταὲξ
1289 2403 1539 2467 ίσότυπα,
1564 2404 1622 2471 ἐξ
1644 2399 1726 2469 εἷς
1742 2408 1761 2438 ¹
1792 2405 1930 2477 ἔχων

341 2480 442 2549 τῆς
472 2481 655 2551 βίϐλου
676 2486 776 2555 τῆς
812 2488 1108 2562 Ἐϐραῖκῆς
1133 2494 1487 2565 ἀντίγραφον.
1538 2496 1693 2561 Ἐνὺς
1720 2497 1776 2551 δὲ
1801 2500 1932 2552 ἁνα-

343 2568 704 2638 γινώσκοντος
733 2577 1100 2646 ἀναγνώστου,
1128 2583 1223 2635 καὶ
1251 2584 1361 2637 τῶν
1391 2585 1571 2639 ἄλλων
1600 2587 1928 2657 ἐπεχόντων,

344 2661 542 2734 εὑρέθη
581 2664 601 2695 ³
627 2665 913 2735 διαφωνία.
944 2671 1105 2725 Ἀλλὰ
1147 2674 1284 2728 Θεοῦ
1321 2675 1627 2748 θαυμάσιον
1662 2677 1822 2750 ἔργον
1850 2679 1931 2743 εἰς

342 2754 404 2806 τὸ
428 2758 761 2826 γνωσθῆναι,
806 2761 887 2814 ὅτι
918 2764 1237 2836 Πνεύματος
1279 2768 1437 2837 ἁγίου
1473 2770 1690 2841 ἔχοντες
1718 2770 1929 2842 δωρεὰν

345 2846 544 2900 ἐκεῖνοι
566 2851 615 2901 oi
645 2851 1244 2929 ἄνδρες,ὡ;ιοφώνησαν
1268 2861 1325 2912 ὲν
1346 2864 1412 2931 τῇ
1437 2863 1651 2933 ἐρήμῳ,
1675 2863 1769 2917 καὶ
1795 2864 1928 2918 ὅπου

346 2940 731 3007 προσετέθειτο
772 2944 950 3013 λόγος,
981 2948 1086 3001 ὑπὸ
1120 2950 1342 3006 πάντων
1385 2952 1585 3025 εὑρέθη
1614 2955 1933 3025 προστεθει-

347 3029 511 3098 μένος
536 3048 550 3061 ·
582 3034 714 3087 ὅπου
744 3035 800 3089 δὲ
828 3038 1128 3106 ἀφείλοντο.
1158 3040 1359 3108 πάντες
1401 3044 1596 3117 ἐπίσης
1629 3047 1932 3119 εὑρέθησαν

2034 1943 2180 2001 versi
2221 1952 2371 2010 sunt,
2416 1950 2473 1997 ut
2517 1943 2791 1998 constanti
2836 1944 2982 1996 fama
3024 1943 3358 2012 percrebuit.
3398 1940 3611 2008 Quibus

2033 2033 2222 2106 viginti
2257 2033 2366 2088 duo
2405 2034 2639 2089 addendi
2672 2042 2801 2090 sunt
2829 2034 3150 2104 apocryplii.

2105 2224 2192 2283 Vl.
2225 2227 2508 2282 Postremo
2534 2226 2803 2282 absolutis
2831 2227 3113 2292 omnibus,
3157 2242 3250 2281 rex
3282 2226 3337 2280 in
3379 2225 3598 2281 sublimi

2036 2317 2176 2373 solio
2208 2318 2479 2385 consedit,
2515 2318 2581 2372 ad
2613 2333 2777 2388 quem
2825 2318 3050 2388 triginta
3077 2334 3173 2373 sex
3205 2318 3439 2373 lectores
3488 2330 3612 2370 cum

2033 2410 2260 2466 totidem
2282 2411 2690 2479 exemplaribus
2714 2408 2934 2465 adducti
2966 2418 3115 2477 sunt,
3148 2425 3272 2464 cum
3297 2409 3492 2472 altero,
3520 2408 3614 2477 qui

2034 2502 2360 2558 Hebraicum
2387 2502 2746 2574 archetypum
2776 2502 3020 2558 tenebat.
3051 2502 3185 2557 Cum
3216 2501 3384 2571 igitur
3409 2515 3554 2554 unus
3585 2514 3618 2553 e

2033 2594 2335 2649 lectoribus
2373 2594 2652 2657 recitaret,
2688 2597 2869 2648 caeteri
2916 2593 3214 2662 diligenter
3248 2590 3614 2657 attenderem,

2033 2689 2168 2744 nihil
2231 2689 2515 2744 varietatis
2559 2697 2645 2743 est
2694 2704 2759 2742 ac
2799 2687 3142 2743 discriminis
3189 2694 3484 2756 repertum.
3539 2684 3617 2738 Ac

2037 2781 2320 2853 singulare
2353 2790 2470 2836 tum
2514 2780 2719 2834 accidit
2754 2779 2955 2833 divina:
2982 2779 3239 2848 potentiue
3268 2776 3615 2839 miraculum,

2036 2870 2183 2940 quod
2216 2873 2533 2926 narratione
2563 2870 2789 2940 dignum
2818 2876 2937 2935 est;
2970 2882 3095 2920 nam
3118 2867 3195 2919 illi
3224 2881 3419 2920 omnes
3449 2866 3618 2919 inter-

2037 2971 2219 3035 pretes
2248 2963 2417 3018 divini
2441 2962 2682 3032 Spiritus
2706 2959 2887 3015 afﬂatu
2910 2958 3148 3030 prmditi,
3172 2959 3254 3014 sic
3281 2958 3427 3012 inter
3448 2972 3507 3012 se
3531 2956 3617 3011 illa

2037 3056 2093 3109 in
2133 3053 2427 3111 solitudine
2467 3060 2888 3116 consenserant,
2934 3058 2995 3106 ut
3026 3050 3341 3119 ubicunque
3370 3048 3619 3103 nonnihil

347 3121 714 3226 (Euagrius-vou-
761 3128 856 3226 καὶ
883 3122 959 3184 ὧν
1007 3133 1106 3201 μὲν
1154 3134 1437 3203 ἀφείλοντο
1467 3136 1568 3191 οὐκ
1595 3137 1711 3190 ἔστι
1752 3140 1930 3209 χρεία,

2040 3148 2282 3203 additum
2327 3154 2494 3209 esset,
2543 3146 2597 3201 id
2643 3147 2713 3201 ab
2760 3146 3019 3201 omnibus
3057 3141 3429 3199 communiter
3476 3146 3621 3194 esset

346 3202 424 3264 ὧν
451 3212 507 3264 δὲ
539 3216 640 3269 οὐκ
674 3218 957 3287 ἀφείλοντο
993 3225 1110 3276 ἐστὶ
1153 3226 1333 3297 χρεία.
1374 3229 1471 3292 Εἰς
1499 3230 1557 3283 δὲ
1596 3230 1657 3283 τὸ
1682 3202 1934 3300 γενέσθαι

284 3356 285 3361 η
351 3322 434 3359 σοι
477 3308 645 3375 σαφὲς
685 3310 746 3363 τὸ
774 3312 1084 3384 εἰρημένον,
1127 3318 1208 3371 ὅτι
1257 3319 1589 3391 θαυμαστῶς
1631 3323 1772 3377 κατὰ
1800 3323 1934 3377 Θεοῦ

347 3400 663 3471 οἰκονομίαν
689 3405 782 3457 καὶ
803 3406 868 3458 ἐκ
905 3409 1224 3478 συμφωνίας
1269 3413 1588 3485 Πνεύματος
1612 3417 1768 3485 ἁγίου
1799 3434 1937 3488 συμ-

352 3489 545 3559 φώνως
580 3494 954 3566 ήρμήνευσαν,
988 3500 1082 3553 καὶ
1112 3502 1249 3573 πρὸς
1272 3504 1534 3578 ἀλλήλους
1564 3508 1625 3563 οὐ
1652 3508 1936 3579 διηνέχθη-

353 3598 473 3646 σαν,
508 3585 730 3655 παρέξω
752 3605 833 3641 σοι
860 3589 946 3645 διὰ
975 3595 1188 3664 μακροῦ
1219 3597 1241 3627 ⁸
1260 3596 1417 3666 λόγου
1441 3599 1541 3671 τὴν
1564 3601 1769 3655 τούτων
1800 3603 1937 3656 ἀπό-

351 3673 538 3740 δειξιν,
597 3677 675 3740 ὡς
704 3678 770 3732 ἂν
813 3681 878 3735 ἐκ
903 3684 1094 3739 τούτου
1122 3689 1282 3755 γνοὺς
1316 3692 1409 3744 καὶ
1452 3692 1718 3757 πεισθεὶς,
1746 3711 1936 3748 συναι-

353 3765 514 3839 νέσῃς
534 3767 612 3839 τῷ
640 3770 897 3844 ἡμετέρῳ
941 3775 1103 3849 λόγῳ.
1131 3780 1221 3833 Ἐν
1247 3781 1325 3851 τῷ
1364 3783 1642 3855 ἑκατοστῷ
1664 3802 1937 3857 τεσσαρα-

354 3857 534 3929 κοστῷ
564 3859 767 3933 ψαλμῷ
794 3863 972 3920 ἔκειτο
1002 3870 1060 3922 ὲν
1088 3870 1165 3941 τῷ
1209 3872 1481 3945 Ἐϐραῖκῷ
1515 3876 1687 3940 οὕτως
1707 3894 1719 3905 ·
1767 3878 1940 3931 Ἀδω-

354 3950 474 4013 rat,
501 3951 708 4023 ὴλιχὰ,
734 3959 950 4024 καριθὶ,
983 3961 1231 4030 ὶσμαὴλ,
1263 3966 1480 4019 ὶεϐϐιτὰ
1503 3967 1667 4022 ἀκώλ
1685 3986 1698 3998 ο
1729 3969 1764 4024 ἆ
1793 3972 1940 4024 ἐστιν

356 4043 804 4116 ἑρμηνευόμενα·
865 4052 1064 4117 Κύριε,
1111 4054 1405 4123 ἐκέκραξα
1454 4060 1606 4125 πρὸς
1665 4061 1761 4123 σὲ,
1815 4065 1940 4116 εἱσ-

355 4134 628 4190 ἀκουσόν
645 4156 788 4207 μουο
819 4144 1086 4211 πρόσχες
1108 4144 1182 4213 τῇ
1209 4148 1397 4216 φωνῇ.
1417 4149 1555 4221 Ὅρα
1577 4146 1671 4204 οὖν
1700 4151 1817 4216 πῶς
1834 4170 1941 4222 χω-

355 4228 447 4281 λὸν
478 4230 814 4300 εὑρίσκεται.
843 4235 906 4287 Οἱ
949 4236 1005 4289 δὲ
1041 4236 1539 4310 Ἑϐδομηκονταδύο
1576 4242 1943 4314 Ἐρμηνευταὶ

305 4404 313 4410 ι
356 4320 809 4410 προστεθεικότες
845 4324 924 4392 τὸ,
967 4324 1070 4393 τῆς
1116 4327 1381 4397 δεήσεώς
1420 4350 1560 4401 μου,
1602 4333 1890 4404 ἀχώλωτον
1920 4335 1941 4366 ³

356 4409 622 4479 ἐποίησαν
643 4412 736 4466 τὸν
772 4415 973 4487 στίχον,
1007 4419 1101 4471 καὶ
1132 4422 1484 4491 ὴρμήνευσαν
1507 4441 1522 4454 ·
1567 4426 1762 4492 Κύριε,
1809 4426 1941 4480 ἐκέ-

2039 3238 2391 3308 adjunctum;
2424 3235 2517 3290 ubi
2545 3250 2677 3290 vero
2706 3234 3036 3297 detractum,
3063 3233 3118 3287 id
3149 3248 3215 3287 ex
3241 3244 3399 3300 aequo
3430 3235 3621 3283 sustu-

2040 3328 2233 3384 lissent
2254 3340 2467 3382 omnes.
2487 3323 2759 3380 Cteterum
2776 3320 3042 3395 quidquid
3070 3322 3139 3375 ab
3166 3320 3277 3375 illis
3308 3320 3620 3388 ademptum

2039 3430 2144 3487 est,
2179 3420 2233 3473 id
2265 3418 2459 3473 inutile
2490 3424 2601 3483 est,
2644 3415 2918 3488 quidquid
2950 3429 3082 3471 vero
3115 3414 3387 3475 relictum,
3436 3426 3621 3468 neces-

2040 3511 2246 3566 sarium
2280 3517 2382 3564 est.
2417 3507 2574 3575 Quod
2615 3515 2675 3561 ut
2711 3507 3003 3578 perspicue
3045 3518 3393 3576 cognoscas:
3440 3502 3621 3556 divina

2039 3603 2274 3673 quadam
2305 3609 2360 3657 et
2389 3600 2697 3656 admirabili
2736 3598 3106 3670 providentia,
3149 3614 3256 3652 nec
3295 3596 3414 3650 sine
3446 3595 3622 3649 saneti

2042 3695 2282 3767 Spiritus
2333 3694 2598 3749 instinctu
2657 3704 2765 3748 tam
2816 3691 3173 3746 concorditer
3236 3690 3622 3758 interpretatos

2040 3804 2186 3853 esse,
2228 3796 2289 3843 ut
2330 3787 2466 3842 nihil
2496 3801 2528 3841 a
2568 3801 2628 3842 se
2675 3786 2911 3841 invicem
2948 3783 3255 3850 dilierrent,
3291 3782 3345 3837 in
3390 3794 3499 3835 una
3562 3794 3622 3834 ac

2040 3882 2320 3937 levissima
2348 3895 2484 3935 voce
2514 3878 2818 3950 periclitari
2853 3878 3002 3944 libet,
3040 3884 3099 3931 ut
3129 3892 3194 3931 ex
3224 3889 3334 3929 uno
3362 3874 3481 3929 loco
3512 3885 3622 3926 rem

2041 3989 2260 4030 omnem
2288 3974 2582 4043 intelligas,
2613 3987 2677 4028 ac
2695 3988 2885 4028 verum
2914 3985 3038 4026 esse
3065 3969 3210 4038 quod
3233 3968 3355 4023 dico
3379 3965 3477 4020 tibi
3502 3979 3623 4035 per-

2044 4069 2300 4125 suadeas.
2328 4067 2384 4120 ln
2416 4066 2719 4121 centesimo
2749 4061 3172 4134 quadragesimo
3204 4059 3438 4129 psalmo,
3470 4057 3623 4110 locus

2041 4168 2123 4214 est
2145 4158 2239 4228 qui
2265 4158 2345 4212 sic
2375 4155 2646 4210 llebraice
2675 4153 2906 4223 legitur:
2929 4150 3159 4209 Adonui,
3200 4146 3395 4208 eliclm,
3429 4145 3625 4198 carithi

2043 4249 2253 4313 ismael,
2302 4247 2501 4302 iebbita
2544 4244 2683 4310 aeol,
2720 4244 2825 4298 hoc
2866 4249 2970 4305 est,
3019 4240 3266 4301 Domine,
3300 4233 3625 4291 clamaviad

2044 4349 2093 4393 te
2121 4350 2139 4391 :
2169 4334 2362 4390 exaudi
2388 4350 2468 4387 me
2493 4347 2511 4386 :
2538 4330 2751 4387 intende
2780 4330 2915 4386 voci.
2944 4328 3180 4383 Videsne
3218 4334 3278 4380 ut
3306 4338 3497 4379 manca
3531 4322 3623 4385 sit,

2044 4426 2470 4494 claudieansque
2526 4419 2838 4479 sententia?
2870 4418 3013 4489 Ergo
3065 4412 3251 4469 LXXII
3298 4411 3628 4481 lnterpretes

356 4502 550 4568 κραξα
604 4506 754 4572 πρὸς
787 4508 882 4573 σὲ,
938 4509 1310 4566 εἱσάκουσόν
1349 4531 1501 4584 μου·
1548 4518 1815 4587 πρόσχες
1866 4517 1931 4586 τῇ

2046 4516 2246 4573 additis
2282 4516 2433 4571 hisce
2457 4514 2694 4577 voculis,
2726 4512 2990 4568 orationis
3015 4520 3169 4572 metu,
3199 4507 3474 4576 integrum
3505 4518 3629 4557 ver-

357 4591 531 4662 φωνῇ
558 4595 669 4662 τῆς
692 4595 957 4667 δεήσεώς
981 4618 1125 4670 μου.
1155 4603 1264 4657 Καὶ
1295 4604 1397 4675 ὅρα
1434 4605 1553 4669 πῶς
1586 4606 1941 4679 εὐδιόρθωτος

357 4684 547 4755 ᾅδεται
590 4688 620 4740 ὁ
647 4688 882 4761 ψαλμός.
913 4694 1203 4768 Ἐπίστηθι
1249 4697 1428 4751 τοίνυν
1462 4699 1568 4752 ἀπὸ
1599 4699 1695 4753 τοῦ
1740 4701 1941 4772 βραχυ-

358 4778 522 4832 τάτου
551 4779 713 4846 λόγου
750 4786 864 4849 τοῖς
883 4785 1093 4857 ὁμοίοις
1115 4787 1296 4842 αὐτῶν
1325 4789 1468 4844 κατὰ
1498 4790 1598 4861 τὴν
1622 4792 1941 4864 προσθήκην

358 4872 638 4941 πανταχοῦ
688 4875 794 4928 ὑπὸ
837 4877 948 4931 τῶν
991 4878 1171 4933 αὐτῶν
1211 4880 1594 4954 Ἐρμηνευτῶν
1646 4884 1939 4953 κειμένοις,

357 4959 441 5014 ὅτι
481 4962 667 5026 καλῶς
703 4967 752 5019 οί
813 4967 960 5036 λόγοι
1020 4971 1428 5044 προσετέθησαν
1467 4973 1548 5036 εἰς
1601 4974 1801 5045 φράσιν
1848 4974 1943 5026 καὶ

358 5052 630 5122 ὠφέλειαν
653 5055 763 5110 τῶν
799 5059 1101 5129 μελλόντων
1132 5062 1301 5117 ἐθνῶν
1327 5065 1408 5127 είς
1440 5066 1539 5135 τὴν
1562 5065 1656 5119 τοῦ
1692 5064 1825 5119 Θεοῦ
1853 5066 1944 5118 πί-

361 5161 479 5199 στιν
515 5147 769 5216 ἄγεσθαι,
805 5152 900 5205 καὶ
937 5153 1036 5224 τὴν
1079 5157 1145 5209 ἐκ
1170 5156 1278 5209 τῶν
1312 5156 1471 5211 θείων
1504 5158 1678 5225 λόγων
1702 5158 1800 5228 τῆς
1827 5160 1939 5212 Πα-

358 5236 516 5304 λαιᾶς
537 5243 631 5295 καὶ
671 5243 817 5307 Νέας
838 5245 1111 5317 Διαθήκης
1128 5248 1360 5303 κτᾶσθαι
1378 5249 1524 5320 ζωῆς
1547 5250 1933 5323 κληρονομίαν.

2047 4625 2168 4667 sum
2193 4607 2552 4665 reddiderunt
2576 4607 2681 4662 hoc
2704 4605 2866 4659 modo
2892 4608 3207 4658 vertentes:
3236 4598 3484 4663 Domine,
3512 4595 3627 4649 ela-

2048 4702 2187 4757 mavi
2221 4701 2289 4755 ad
2318 4711 2389 4766 te,
2418 4698 2617 4754 exaudi
2647 4715 2728 4753 me
2753 4714 2771 4752 :
2806 4695 3018 4751 intende
3044 4695 3156 4750 uoci
3191 4690 3451 4747 orationis
3478 4704 3627 4743 metu.

2046 4792 2436 4848 Animadverte
2475 4806 2638 4862 quam
2686 4795 2813 4859 apte
2853 4789 3146 4844 restitutus
3184 4786 3504 4841 decantetur
3540 4780 3630 4834 hic

2048 4885 2313 4956 psalmus.
2346 4883 2712 4949 Quamobrem
2746 4898 2806 4936 ex
2835 4880 2937 4935 hoc
2971 4896 3080 4934 uno
3108 4879 3228 4933 loco
3257 4880 3324 4935 de
3354 4873 3629 4931 similibus

2048 4976 2424 5047 conjecturam
2462 4972 2622 5045 164
2650 4974 2854 5043 capito,
2885 4972 2978 5043 qui
3011 4970 3297 5026 nonnullis
3323 4967 3525 5022 additis
3562 4965 3631 5020 ab

2051 5066 2159 5120 illis
2208 5064 2605 5134 lnterpretibus
2654 5062 2859 5133 proditi
2910 5069 3085 5116 sunt.
3136 5058 3327 5126 Disce,
3377 5059 3629 5127 inquam,

2050 5166 2199 5215 recte
2243 5166 2406 5228 atque
2448 5171 2515 5211 ex
2547 5155 2739 5212 ordine
2782 5154 3161 5211 accessionem
3205 5152 3352 5207 illam
3386 5163 3509 5204 esse
3552 5144 3627 5201 fa-

2054 5258 2205 5306 ctum
2237 5264 2361 5304 cum
2386 5248 2452 5303 ad
2497 5248 2742 5319 pbrasim
2785 5247 2983 5318 ipsam,
3020 5260 3084 5300 ac
3117 5243 3483 5307 sententiam,
3515 5245 3629 5291 tum

363 5331 430 5385 ad
471 5334 761 5390 utilitatem
812 5338 1076 5407 gentium,
1102 5357 1223 5411 qua:
1266 5342 1331 5395 ad
1372 5341 1467 5400 Dei
1504 5343 1661 5398 ﬁdem
1706 5353 1891 5400 essent
1921 5345 2214 5416 aliquando
2242 5349 2603 5412 perventurae,
2642 5348 2806 5410 atque
2829 5354 2894 5395 ex
2927 5338 3129 5393 divinis
3157 5334 3365 5391 Veteris
3394 5347 3458 5386 ac
3494 5329 3628 5384 Novi

363 5424 699 5484 Testamenti
742 5427 1045 5501 Scripturis
1110 5435 1457 5503 sempiterna:
1484 5440 1611 5492 vita:
1644 5438 2029 5508 patrimonium
2060 5437 2355 5506 adepturus.

439 5564 454 5595 ¹
489 5564 755 5637 Corrupta
794 5567 983 5623 dictio.
1061 5570 1080 5600 ²
1108 5567 1240 5640 Reg.
1278 5568 1338 5634 ἐξ
1366 5585 1455 5643 ης,
1493 5570 1632 5627 forte
1664 5572 1723 5640 ἐξ
1750 5566 1823 5627 ὧν
1847 5566 1926 5637 εἷς

2037 5574 2042 5602 ¹
2080 5570 2209 5643 ch.
2245 5570 2344 5642 οὐχ
2368 5568 2586 5642 εὑρέθη.

436 5700 569 5775 (38‘)
591 5703 823 5761 Prorsus
848 5707 1005 5763 aliter
1026 5718 1179 5764 sonat
1200 5716 1383 5765 textus
1414 5722 1595 5767 noster
1616 5711 1933 5770 llebrairus.

367 5792 576 5849 SCiiiCtl
600 5814 612 5849 ι
635 5780 929 5880 ηΒ-νκ-ρέ
958 5781 1071 5885 ’ΒΊΡ
1093 5808 1286 5861 navim
1310 5786 1363 5860 ἰ)
1384 5812 1534 5863 num
1554 5810 1776 5885 “Vna-1;:
1803 5814 1942 5861 mre.

2671 5567 2693 5599 ⁴
2719 5563 2779 5619 F.
2810 5563 3028 5637 μικροῦ.
3103 5565 3123 5594 ⁵
3156 5578 3243 5630 πο.
3275 5554 3627 5627 εὐχώλαντον.

2048 5712 2088 5765 Ι.
2124 5728 2170 5766 e.
2197 5709 2415 5775 Jehova,
2454 5712 2632 5762 invoco
2689 5718 2756 5766 te,
2796 5705 2986 5775 festina
3017 5700 3085 5775 ad
3129 5714 3208 5750 me
3243 5713 3259 5749 .'
3303 5693 3511 5747 intende
3540 5708 3631 5747 vo-

2022 5830 2025 5833 .
2056 5799 2163 5836 cem
2196 5798 2382 5848 meum,
2405 5768 2636 5850 'qunmlo
2662 5768 2831 5830 clum'o
2862 5772 2927 5825 ml
2960 5782 3024 5823 lc.
3055 5768 3253 5823 llnscu.
