4018 6210
451 361 555 420 257

1861 355 1922 415 S.
1937 355 2297 450 ΤΕΡΙΡΙΙᾹΝΙΙ

3605 359 3716 419 288

519 477 636 534 Vit.
690 477 784 534 Sic
836 476 1004 549 igitur
1055 474 1316 545 praeclare
1356 473 1622 546 Origenes
1668 473 1932 542 instituit,
1975 485 2014 531 et

2206 478 2280 533 Z'.
2310 473 2404 546 Τῷ
2429 476 2486 530 δὲ
2532 474 2683 546 αὐτῷ
2726 475 2914 548 τρόπῳ
2947 476 2976 530 ό
3001 476 3284 548 Ὦριγένης
3322 477 3502 541 καλῶς
3541 476 3716 532 ποιῶν

447 569 592 627 obeli
631 580 816 626 notam
836 569 1134 642 prudenter
1155 567 1431 639 apposuit.
1462 565 1565 634 Qui
1598 567 1807 621 utinam
1840 568 1894 622 in
1927 582 2014 622 ca:-

2136 567 2391 640 ἐποίησεν
2428 566 2622 632 οὕτως,
2653 567 2748 621 καὶ
2775 567 2903 640 περὶ
2927 566 3021 621 τοῦ
3069 566 3259 621 όϐελοῦ
3286 570 3386 641 τὴν
3414 569 3716 639 σημείωσιν

449 665 585 719 teris
609 679 858 734 peraeque
893 661 1101 717 laudari
1136 661 1356 730 posset!
1390 658 1528 713 Cum
1560 660 1707 714 enim
1739 659 1805 714 ad
1834 660 2034 714 editio-

451 771 548 810 nes
597 772 648 810 ιιι
698 754 1019 809 llebraicam
1061 752 1380 822 adiecisset,
1417 750 1534 807 suis
1580 766 1644 807 ac
1676 752 1914 823 propriis
1942 769 2035 809 vo-

455 847 610 900 cibus
656 847 968 915 litterisque
1002 852 1370 910 constantem,
1401 852 1455 897 et
1475 858 1584 897 una
1635 843 1834 914 pagina
1889 860 2032 900 com-

2133 661 2446 732 ἐποιήσατο.
2463 643 2588 714 Εἵθέ
2609 654 2702 714 οὗν
2722 660 2906 714 καὶτὰ
2929 660 3066 714 ἄλλα
3087 659 3230 714 οὕτω
3248 658 3427 723 καλῶς
3454 660 3708 732 ἐποίησεῖ

2132 751 2243 816 Τὰς
2271 751 2379 823 γὰρ
2450 751 2508 818 ἒξ
2561 750 2859 822 ἑρμηνείας
2894 752 2990 805 καὶ
3021 751 3120 822 τὴν
3153 749 3447 822 Έϐραῖκὴν
3491 751 3712 821 γραφὴν

2144 843 2454 916 Ἑϐραϊκοῖς
2486 843 2773 914 στοιχείοις
2814 843 2908 896 καὶ
2953 845 3193 916 ῥήμασιν
3230 843 3415 906 αὐτοῖς
3452 844 3510 895 ἐν
3541 843 3709 897 σελίδι

447 933 976 1002 preliensam,aliam
1001 935 1228 1004 insuper
1250 940 1305 987 et
1328 933 1634 1003 oppositam
1655 935 1888 1000 addidit,
1909 951 2014 1007 qua

2132 937 2232 1006 μιᾷ
2282 935 2666 1000 συντεθεικὼς,
2723 935 2888 1008 ἄλλην
2951 935 3132 988 σελίδα
3187 934 3616 1006 άντιπαράθετον
3657 935 3709 989 οε

445 1023 743 1080 llebraieas
780 1040 942 1080 voces
985 1022 1190 1080 Graecis
1224 1024 1420 1081 litteris
1445 1040 1512 1079 ac
1545 1027 1737 1096 ﬁguris
1773 1037 2027 1084 cxaratas

344 1176 349 1180 _
443 1116 774 1178 contineret,
818 1123 878 1170 ut
916 1117 1009 1186 qui
1057 1114 1324 1171 Hebraice
1367 1117 1666 1184 nescirent,
1711 1118 2024 1176 Graecorum

443 1209 842 1264 elementorum
877 1209 1144 1265 beneﬁcio
1183 1207 1580 1267 l‘icbraicarum
1624 1215 2022 1270 sententiarum

443 1301 556 1354 vim
597 1316 661 1354 ac
706 1310 1034 1372 potestatem
1082 1302 1473 1374 intelligerent.
1522 1304 1710 1376 Itaque
1750 1306 1804 1360 in
1845 1310 2020 1362 Hexa-

435 1390 568 1460 ptis,
590 1390 892 1460 Octaplisve
943 1397 1060 1450 suis
1088 1409 1212 1449 cum
1233 1394 1530 1452 ilebraicas
1557 1395 1695 1453 duas
1721 1397 1946 1469 paginas
1973 1416 2022 1453 γι

443 1479 808 1549 lnterpretum
874 1482 1212 1539 editionibus
1265 1486 1648 1556 opposuisset,
1725 1489 2023 1558 plurimum

442 1572 712 1636 studiosis
741 1573 1062 1632 hominibus
1085 1576 1153 1631 ad
1184 1578 1516 1634 eruditionis
1541 1595 1606 1635 ac
1633 1579 1898 1636 doctrina:
1927 1596 2024 1635 co-

441 1663 586 1732 piam
627 1666 882 1721 utilitatis
925 1668 1129 1722 attulit.
1177 1669 1358 1740 Atque
1398 1672 1607 1727 utinam
1645 1674 1699 1727 iu
1743 1675 1868 1730 aliis
1907 1675 2023 1731 suis

440 1757 702 1824 operibus
725 1773 832 1812 non
857 1759 1088 1829 turpiter
1111 1761 1448 1825 aberrasset,
1484 1779 1662 1834 neque
1688 1765 1793 1820 sibi
1838 1780 1902 1819 ac
1925 1766 2021 1821 toti

438 1854 713 1900 terrarum
739 1848 861 1903 orbi
893 1850 1162 1921 insignem
1185 1853 1538 1922 imposuisset
1576 1854 1856 1924 injuriam,
1889 1856 2020 1911 dum

437 1945 494 1990 et
536 1936 604 1991 de
657 1938 762 1994 ﬁde
796 1955 1082 2011 perperam
1123 1944 1314 2010 sentit,
1361 1955 1415 2000 et
1457 1945 1670 2001 inﬁnita
1721 1945 2021 2018 Scriptum

437 2029 558 2084 loca
599 2045 766 2100 prava
811 2032 1267 2104 interpretatione
1298 2038 1636 2108 corrumpit!
1691 2038 1798 2096 Sed
1848 2051 1907 2096 ut
1951 2042 2020 2098 ad

435 2115 748 2171 institutam
799 2119 862 2174 de
901 2122 1060 2176 obelo
1112 2126 1483 2181 narrationem
1521 2128 1760 2196 redeam,
1803 2133 2016 2200 obelus,

369 2273 384 2292 χ
439 2214 499 2260 ιιι
532 2209 701 2277 paulo
719 2221 848 2267 ante
875 2211 1012 2279 dixi,
1040 2229 1070 2268 a
1096 2218 1377 2271 nonnullis
1409 2219 1593 2274 lancea
1623 2221 1848 2288 dicitur,
1871 2226 2016 2295 quod

436 2299 604 2368 gladii
645 2317 819 2370 genus
849 2314 929 2361 est
966 2305 1034 2360 ad
1062 2307 1267 2362 caedem
1299 2307 1604 2365 faciendam
1631 2313 1802 2369 utilis.
1837 2316 2020 2382 Quare

437 2391 754 2463 ubicunque
775 2394 945 2450 dictio
959 2397 1223 2468 qutepiam
1234 2401 1494 2468 occurrit,
1515 2417 1636 2472 quae
1655 2403 1799 2471 apud
1817 2400 2005 2458 LXXII

431 2486 658 2556 legitur,
701 2489 755 2543 in
789 2487 1020 2546 Hebraeo
1049 2507 1178 2546 vero
1205 2507 1317 2549 non
1349 2493 1500 2565 item,
1534 2497 1729 2554 obelus
1753 2491 2018 2555 vocabulo

431 2577 564 2632 huic
619 2579 935 2650 adjunctus,
990 2583 1045 2636 in
1101 2596 1360 2651 matrice,
1409 2604 1475 2644 ac
1521 2590 1671 2645 velut
1716 2591 2017 2662 Scriptura:

432 2669 576 2735 solo,
624 2678 678 2726 ct
725 2670 1083 2729 fundamento
1116 2675 1309 2733 deesse
1345 2679 1640 2750 signiﬁcat,
1672 2698 1773 2738 nec
1800 2698 1866 2738 eo
1894 2685 2016 2740 loco

431 2762 684 2832 reperiri.
712 2764 989 2820 Hactenus
1021 2764 1090 2822 de
1122 2769 1392 2825 asterisco
1423 2781 1479 2827 et
1501 2772 1682 2828 obelo.

505 2940 637 2996 VIII.
701 2943 1017 3001 Proximum
1053 2955 1140 3002 est
1182 2958 1241 3003 ut
1277 2949 1347 3005 de
1398 2950 1685 3018 lcmnisco,
1741 2961 1796 3007 et
1845 2953 2017 3023 hypo-

429 3035 695 3092 lemnisco
719 3037 1012 3093 dicendum
1045 3041 1316 3097 videatur.
1355 3042 1680 3100 Letnniscus
1710 3045 1814 3101 hac
1837 3045 2014 3100 forma

425 3129 743 3202 depingitur
787 3137 880 3202 -ἑ

426 3229 634 3286 puncta
665 3256 681 3282 ,
714 3237 952 3291 quorum
984 3223 1218 3278 alterum
1249 3238 1440 3292 supra,
1471 3223 1702 3278 altermn
1737 3223 1878 3278 intra
1907 3226 2015 3280 col-

428 3310 668 3375 locatur,
704 3311 1050 3382 iutcrjeetus,
1079 3313 1134 3368 id
1161 3314 1310 3383 quod
1349 3329 1380 3367 a
1419 3313 1668 3381 medicis,
1701 3330 1766 3369 ac
1796 3317 2014 3371 chirur-

425 3397 550 3468 gica
579 3401 870 3457 vulnerum
920 3405 1209 3460 curatione
1239 3406 1568 3461 translatum
1598 3415 1840 3475 putatur,
1887 3425 2010 3464 cum

425 3490 665 3562 simplici
699 3495 954 3564 utrinque
989 3496 1234 3551 sectione
1272 3497 1459 3561 ducta,
1493 3499 1795 3569 intercepta
1817 3516 2014 3571 corpo-

425 3583 504 3636 ris
529 3585 689 3657 165
714 3601 840 3655 pars
865 3588 1005 3643 obeli
1035 3588 1262 3660 ﬁguram
1286 3592 1484 3658 relert;
1518 3601 1629 3645 tum
1656 3603 2010 3662 concerptum

426 3673 774 3730 linimeutmn
807 3678 865 3732 in
908 3686 1129 3735 tenuem
1177 3689 1232 3736 et
1277 3681 1568 3752 oblongam
1613 3682 1843 3737 formam
1895 3699 2015 3754 pro-

423 3764 652 3820 ductum
696 3784 792 3838 per
841 3778 1134 3842 utramque
1177 3774 1478 3829 sectionem
1519 3775 1810 3845 trajicitur.
1854 3775 2014 3831 Leni-

423 3860 618 3913 niscus
639 3862 784 3913 enim
815 3861 964 3918 istud
995 3879 1025 3918 a
1051 3865 1284 3920 medicis
1313 3867 1578 3936 appellari
1605 3868 1742 3923 solet
1763 3885 1793 3922 a
1823 3867 2011 3924 Graeca

422 3964 558 4006 voce
579 3951 898 4023 λιμνάζειν,
929 3957 1076 4027 quod
1110 3958 1163 4012 in
1195 3958 1509 4013 humectum
1543 3959 1724 4014 locum
1756 3960 2014 4016 Iinimen-

422 4051 540 4098 tum
572 4044 706 4100 illttd
752 4045 982 4102 inditmu
1015 4047 1266 4103 lmmoris
1309 4049 1471 4120 c0pia
1501 4051 1790 4106 redundet.
1833 4051 2008 4117 Quam

419 4135 494 4190 ob
525 4152 749 4193 causam
800 4138 976 4195 sacris
1026 4139 1314 4197 codicibus
1358 4156 1481 4198 eam
1528 4149 1716 4198 notam
1753 4142 2013 4211 ascripsit

419 4227 725 4302 Origenes:
759 4239 819 4286 ut
844 4233 1058 4303 quoties
1085 4231 1145 4286 in
1163 4229 1733 4302 LXXllluterpretum
1768 4235 2012 4290 editione

418 4318 829 4392 discrepantem
861 4324 1102 4393 aliquam
1127 4339 1346 4388 vocem,
1379 4325 1524 4394 quod
1561 4339 1688 4379 raro
1728 4325 2008 4390 usuveuit,

421 4413 719 4481 repereris,
755 4427 877 4482 quae
906 4414 974 4467 ad
1009 4413 1326 4482 superiores
1355 4429 1471 4468 non
1495 4413 1793 4477 adbmreat,
1829 4429 2010 4482 neque

1003 3171 1018 3184 .
1080 3132 1288 3204 Estque
1354 3135 1641 3206 longurius
1702 3137 1845 3192 inter
1903 3138 2082 3222 duoc

2139 1027 2468 1097 Ἑλληνικῶν
2516 1029 2612 1099 μὲν
2645 1028 3011 1099 γραμμάτων,
3050 1026 3355 1099 Ἑϐραϊκῶν
3388 1027 3445 1080 δέ
3487 1026 3706 1093 λέξεων,

2128 1120 2265 1190 πρὸς
2292 1119 2593 1193 κατάληψιν
2616 1121 2724 1173 τῶν
2767 1119 2840 1191 μὴ
2873 1119 3093 1172 εἰδότων
3134 1118 3397 1190 Ἑϐραϊκὰ
3446 1121 3706 1188 στοιχεῖα,

2127 1213 2209 1275 εἰς
2241 1212 2301 1265 τὸ
2345 1212 2433 1265 διὰ
2474 1211 2583 1265 τῶν
2629 1210 2958 1282 Ἑλληνικῶν
3005 1211 3204 1264 εἰδέναι
3250 1210 3360 1265 τῶν
3401 1210 3707 1282 Ἑϐραϊκῶν

2125 1301 2319 1370 λογίων
2346 1303 2444 1373 τὴν
2477 1302 2736 1374 δύναμινο
2779 1303 2872 1355 καὶ
2901 1301 3074 1365 οὕτως
3104 1303 3218 1365 τοῖς
3263 1301 3578 1372 λεγομένοις
3613 1301 3706 1354 ὑπ’

2126 1395 2292 1448 αὑτοῦ
2325 1394 2640 1461 Ἑξαπλοῖς
2665 1395 2698 1467 ἢ
2729 1394 3104 1460 Ὀκταπλοῖς,
3125 1393 3227 1453 τὰς
3244 1394 3346 1464 μὲν
3369 1393 3465 1447 δύο
3489 1393 3712 1463 Ἐϐραῖ-

2126 1487 2228 1551 xi;
2247 1487 2458 1550 σελίδας
2483 1487 2578 1540 καὶ
2599 1486 2699 1550 τὰς
2718 1487 2778 1552 ἒξ
2793 1485 2899 1539 τῶν
2913 1483 3264 1557 ἐρμηνευτῶν
3278 1487 3343 1538 ἐκ
3364 1485 3707 1557 παραλλήλου

2125 1579 2532 1652 ἀντιπαραθεὶς,
2567 1580 2809 1651 μεγάλην
2831 1578 3098 1648 ὠφέλειαν
3121 1576 3376 1646 γνώσεως
3398 1577 3562 1630 ἔδωκε
3592 1581 3709 1640 τοῖς

2125 1671 2454 1741 φιλοκάλοις.
2508 1671 2633 1725 Εἴθε
2663 1671 2720 1724 δὲ
2753 1671 2846 1724 καὶ
2881 1671 2940 1722 ἐν
2982 1671 3096 1733 τοῖς
3141 1668 3309 1722 αὐτοῦ
3365 1669 3707 1739 συντάγμασι

2128 1763 2202 1834 μὴ
2232 1761 2531 1834 παρέπεσε,
2568 1762 2666 1816 καὶ
2705 1761 2898 1814 ἑαυτὸν
2931 1760 3026 1814 καὶ
3065 1760 3158 1814 τὸν
3204 1759 3409 1829 κόσμον
3451 1758 3703 1829 ἠδίκησε,
3767 1811 3775 1820 ,

2051 1831 2096 1887 Β
2125 1831 2671 1924 κα-κῶςγδογματίσας
2697 1851 2767 1905 τὰ
2798 1851 2928 1923 περὶ
2960 1849 3216 1914 πίστεως,
3255 1851 3348 1902 καὶ
3376 1850 3446 1903 τὰ,
3479 1848 3705 1903 πλεῖστα

2121 1947 2230 2001 τῶν
2259 1945 2491 2018 Γραφῶν
2532 1944 2719 2008 κακῶς
2745 1943 2959 2016 φράσας
2983 1944 2995 1995 !
3033 1942 3194 1996 Ἀλλά
3219 1942 3347 2011 περὶ
3374 1941 3469 1994 τοῦ
3513 1941 3704 1996 ὀϐελοῦ

2121 2033 2276 2102 αὖθις
2325 2034 2663 2107 ἐπιλήψομαι
2709 2035 2808 2105 τῆς
2857 2034 3184 2105 διηγήσεως.
3227 2034 3500 2102 Ἔφαμεν,
3549 2034 3632 2086 ὅτι
3675 2035 3706 2088 ὁ

2118 2130 2304 2192 ὀϐελὸς
2330 2129 2501 2198 λόγχη
2525 2127 2770 2196 λέγεται·
2801 2125 2956 2195 ξίφος
2983 2126 3041 2180 δέ
3079 2126 3197 2179 ἐστι
3225 2125 3386 2179 τοῦτο
3425 2129 3708 2197 ἀναιρετι-

2120 2226 2237 2277 κόν.
2271 2221 2444 2274 Ἔνθα
2473 2221 2653 2273 τοίνυν
2684 2221 2718 2289 ἡ
2755 2218 2901 2282 λέξις
2933 2218 3246 2289 εὑρίσκεται
3281 2218 3435 2289 παρὰ
3467 2219 3567 2288 μὲν
3591 2221 3707 2282 τοῖς

2129 2309 2628 2383 Ἑϐδομηκονταδύο
2652 2310 2940 2380 κειμένους
2971 2311 3009 2375 ⁸,
3035 2312 3093 2363 ἐν
3119 2309 3176 2362 δὲ
3202 2309 3285 2380 τῷ
3318 2309 3589 2381 Ἐϐραῖκῷ
3626 2309 3703 2380 μὴ

2117 2403 2578 2474 ἀναφερομένους,
2609 2404 2675 2456 ἐκ
2712 2401 2814 2472 τῆς
2853 2401 2947 2456 τοῦ
2981 2401 3168 2456 όϐελοῦ
3209 2400 3563 2472 σημειώσεως
3604 2402 3702 2456 τοῦ

2116 2498 2184 2568 τῇ
2206 2493 2349 2558 λέξει
2383 2492 2791 2565 παρακειμένου
2831 2491 3106 2564 δηλοῦται,
3139 2493 3222 2546 ὅτι
3264 2493 3535 2562 ἀνῄρηται
3563 2493 3591 2544 ὁ
3616 2491 3708 2543 λόε-

2117 2607 2213 2658 γος
2240 2589 2348 2642 άπὸ
2377 2587 2472 2641 τοῦ
2503 2585 2820 2656 γεννητικοῦ
2852 2585 3046 2652 τόπου,
3080 2587 3199 2655 ἦτοι
3230 2584 3324 2638 τοῦ
3351 2585 3580 2653 ἐδάφους
3602 2584 3706 2655 τῆς

2116 2683 2157 2735 Γ
2164 2681 2361 2753 ραφῆς,
2389 2681 2464 2743 ὠς
2510 2680 2582 2749 μὴ
2619 2678 2880 2748 ὑπάρχων
2930 2679 2987 2730 ἐν
3038 2676 3114 2746 τῷ
3144 2676 3297 2747 τόπῳ
3340 2675 3442 2746 τῆς
3487 2675 3703 2729 Βίϐλου.

2119 2774 2228 2826 Καὶ
2271 2771 2446 2824 ταῦτα
2484 2771 2582 2841 μὲν
2623 2769 2750 2840 περὶ
2780 2767 2873 2821 τοῦ
2905 2768 3234 2838 άστερίσκου
3273 2768 3367 2821 καὶ
3396 2765 3489 2820 τοῦ
3512 2765 3702 2820 όϐελοῦ

2115 2863 2486 2935 διηγησάμην.

2187 2956 2269 3012 Il’.
2297 2956 2496 3008 Λοιπὸν
2523 2955 2618 3008 καὶ
2661 2953 2789 3023 περὶ
2816 2952 2910 3004 τοῦ
2953 2951 3239 3022 λιμνίσκου
3271 2953 3366 3004 καὶ
3412 2949 3704 3022 ὑπολιμνί-

2117 3064 2246 3100 σκου
2277 3047 2583 3118 διηγητέον.
2603 3044 2902 3116 Λιμνίσκον
2922 3043 3052 3114 γοῦν
3079 3044 3171 3097 τὸν
3196 3043 3340 3098 οὕτω
3358 3043 3706 3117 γραφόμενον

2113 3137 2190 3201 ὡς
2212 3137 2323 3208 ἔχει
2343 3137 2404 3190 τὸ
2424 3137 2784 3208 προκείμενον
2818 3141 3018 3204 -έ-ι
3057 3137 3280 3208 σημεῖόν
3309 3136 3446 3200 ἐστι,
3467 3133 3704 3208 γραμμὴ

2119 3231 2236 3300 μία,
2300 3230 2740 3301 μεσολαϐουμένη
2791 3232 2897 3284 ὑπὸ
2950 3230 3307 3302 κεντημάτων
3353 3229 3468 3292 δύο,
3526 3227 3706 3281 εἷτουν

2116 3321 2382 3391 στιγμῶν,
2427 3323 2556 3391 μιᾶς
2592 3321 2692 3391 μὲν
2729 3322 2915 3375 ἐπάνω
2947 3321 3136 3390 οὔσης,
3169 3321 3272 3390 τῆς
3297 3319 3354 3373 δὲ
3383 3319 3551 3390 ἄλλης
3577 3319 3706 3372 ὐποο

2114 3411 2283 3476 κάτω,
2319 3413 2470 3482 παρὰ
2497 3413 2701 3482 ἰατροῖς
2730 3412 3126 3480 φυσιολογικῶς
3157 3410 3425 3484 εὑρῆσθαί
3453 3426 3585 3480 φασι
3610 3410 3706 3464 καὶ

2113 3502 2453 3572 ὠνομάσθαι,
2479 3503 2587 3556 ἀπὸ
2617 3503 2716 3572 τῆς
2749 3503 2892 3557 κατὰ
2915 3503 2975 3556 τὸ
3015 3503 3177 3573 σῶμα
3207 3502 3582 3573 χειρουργίας,
3611 3500 3705 3553 δύο

2117 3593 2217 3662 μὲν
2249 3590 2435 3646 ἁπλῶν
2457 3591 2640 3662 τομῶν
2671 3593 3090 3664 διαιρουμένων,
3120 3593 3300 3646 εῖτουν
3327 3591 3702 3663 τεμνομένων.

2818 3164 3018 3181 —

2117 3685 2281 3755 μέσον
2316 3684 2370 3736 δὲ
2413 3683 2523 3736 τῶν
2563 3684 2658 3737 δύο
2704 3685 2970 3756 αἱρέσεων
2999 3688 3017 3717 ²
3047 3685 3140 3738 τοῦ
3187 3684 3490 3755 τμηθέντος
3535 3683 3703 3734 τόπου

2111 3774 2336 3838 διαστὰς
2368 3775 2388 3805 ³
2417 3777 2547 3845 παρ’
2578 3776 2844 3848 ἑκατέρας
2883 3777 3071 3841 ἁπλῶς
3104 3777 3125 3809 ⁵
3153 3775 3247 3829 δύο
3283 3774 3479 3846 τομὰς,
3514 3771 3702 3826 όϐελοῦ

2114 3868 2299 3938 σχῆμα
2328 3865 2423 3920 τοῦ
2468 3866 2722 3938 σώματος
2764 3868 3154 3932 άποτελοῦντος
3181 3868 3260 3931 δὲ,
3298 3867 3327 3920 ὅ
3365 3868 3483 3920 ἐστι
3523 3863 3705 3918 λινοῦν

2114 3961 2304 4031 ῥάκος,
2335 3962 2415 4023 εἰς
2444 3959 2640 4013 λεπτὸν
2682 3961 2777 4013 καὶ
2808 3961 3020 4031 μακρὸν
3053 3961 3239 4032 σχῆμα
3265 3957 3701 4030 ἀποτμηθέντος,

2112 4049 2521 4121 ἐμϐαλλομένου
2552 4049 2659 4102 ἀπὸ
2688 4049 2786 4120 τῆς,
2830 4050 2960 4119 μιᾶς
2992 4047 3313 4117 διαιρέσεως
3350 4045 3446 4100 καὶ
3490 4045 3570 4106 εἰς
3603 4041 3703 4112 τὴν

2111 4143 2280 4215 ἄλλην
2333 4142 2724 4214 διαπερῶντος.
2754 4141 3054 4211 Λιμνίσκος
3085 4140 3176 4194 ὑπ’
3225 4137 3408 4192 αὐτῶν
3457 4136 3567 4190 τῶν
3621 4137 3705 4188 ια-

2109 4235 2257 4307 τρῶν
2285 4233 2398 4306 (59)
2428 4234 2609 4297 καλῶς
2629 4233 2853 4303 ἐκλήθη,
2877 4231 2964 4285 διὰ
2983 4232 3044 4286 τὸ
3065 4230 3348 4302 λιμνάζειν
3373 4227 3703 4296 κλυζόμενον

2109 4327 2203 4381 τὸν
2229 4325 2390 4398 μοτδν
2422 4328 2480 4380 ὲν
2501 4329 2613 4388 τοῖς
2639 4326 2809 4379 τόπου
2840 4326 3029 4395 ὑγροῖς
3048 4341 3060 4354 ·
3087 4325 3169 4377 διὸ
3204 4323 3299 4377 καὶ
3324 4321 3484 4375 τοῦτο
3515 4319 3578 4373 τὸ
3606 4317 3702 4372 τοῦ

2114 4417 2344 4486 σημείου
2381 4415 2570 4484 σχῆμα
2599 4417 2713 4478 τοῖς
2747 4413 2915 4477 θείοις
2961 4413 3143 4481 λόγοις
3183 4411 3476 4482 παρέθετο,
3515 4409 3578 4462 ἶν’
3613 4409 3701 4461 ὅτε

419 4502 697 4559 similibus
730 4505 1028 4574 conjuncta
1073 4505 1166 4568 sit,
1201 4521 1269 4560 ex
1305 4506 1520 4561 duobus
1553 4507 1778 4574 punctis
1803 4505 2009 4559 intelli-

2118 4506 2357 4570 σπανίως
2391 4523 2492 4558 που
2524 4505 2705 4577 εὕροις
2741 4507 2799 4559 ἐν
2827 4509 2891 4577 τῇ
2933 4506 3042 4558 τῶν
3085 4501 3583 4574 Ἐϐδομηκονταδύο
3608 4501 3694 4571 ἐρ-

419 4608 518 4663 gas
551 4609 720 4650 unum
749 4595 1051 4653 alterumve
1082 4612 1180 4668 par
1221 4597 1584 4666 interpretum
1617 4612 1806 4652 vocem
1858 4596 2006 4649 illaut

419 4684 476 4738 in
503 4701 603 4741 sua
629 4687 1081 4757 interpretatione
1120 4689 1394 4760 posuisse.
1416 4687 1550 4753 Quae
1573 4688 1792 4758 quidem
1822 4688 2006 4750 ambo,

417 4778 503 4832 vel
534 4779 738 4833 similia
780 4781 1157 4836 nominantur.
1192 4780 1298 4836 Sed
1329 4790 1386 4836 ut
1420 4796 1510 4836 res
1545 4788 1656 4837 tcta
1690 4780 1904 4849 planior
1936 4780 2009 4834 sit

419 4884 487 4924 ac
535 4869 771 4935 facilior,
830 4873 1024 4941 paucis
1064 4872 1138 4928 de
1183 4889 1246 4929 ea
1284 4873 1568 4942 disputare
1617 4887 1729 4925 non
1776 4871 2004 4940 pigebit.

417 4962 554 5016 Cum
601 4963 770 5031 igitur
813 4965 866 5018 in
913 4980 1019 5019 Lxx
1056 4965 1268 5035 psalmo
1305 4965 1538 5034 legeris:
1591 4964 1664 5018 Os
1702 4979 1872 5016 meum
1904 4979 2008 5016 an—

417 5056 679 5108 nuntiabit
699 5057 972 5125 Justitiam
1004 5067 1186 5119 tuam;
1217 5057 1553 5110 aununtiabit
1585 5057 1832 5124 justitias
1862 5065 2006 5118 tuas;

420 5148 551 5200 item
577 5147 630 5199 in
662 5162 784 5199 LXXI
809 5165 822 5200 :
846 5147 911 5200 Et
935 5148 1246 5202 honorabile
1271 5165 1458 5202 nomen
1485 5147 1634 5202 illius
1661 5165 1842 5202 coram
1865 5148 2004 5219 ipso,

2119 4597 2316 4668 μηνείᾳ
2361 4598 2738 4668 διαφωνοῦσαν
2771 4598 2938 4663 λέξιν,
2989 4598 3051 4650 οὐ
3090 4597 3196 4668 μὴν
3243 4595 3548 4666 παροῦσαν,
3580 4593 3702 4646 οὐδὲ

2116 4691 2597 4762 προστεταγμένην
2627 4694 2646 4723 ⁵
2674 4694 2796 4754 ταῖς
2839 4691 3056 4762 ὁμοίαις
3099 4691 3236 4760 αὐτῇ
3285 4688 3484 4754 λέξεσι,
3516 4687 3698 4756 γνοὺς,

2114 4783 2196 4836 ὅτι
2222 4783 2327 4835 ὑπὸ
2355 4784 2483 4853 μιᾶς
2518 4781 2690 4852 ζυγῆς
2718 4784 2750 4852 ἢ
2793 4783 2888 4836 δύο
2930 4781 3072 4850 αὕτη
3099 4780 3422 4852 ἡρμηνευθη
3466 4782 3497 4848 ἡ
3531 4778 3697 4844 λέξις,

2112 4873 2202 4927 διὰ
2250 4874 2322 4927 τὰ
2374 4875 2752 4946 παρακείμενα
2798 4875 2892 4928 δύο
2937 4878 3284 4944 κεντήματαο
3341 4873 3586 4926 καλεῖται
3640 4871 3695 4923 δὲ

2112 4965 2283 5018 ταῦτα
2310 4967 2380 5019 τά
2404 4968 2810 5038 συναμφότερα,
2844 4967 2875 5036 ἢ
2913 4967 3096 5037 ὃμοια.
3135 4967 3251 5018 Ἵνα
3284 4965 3339 5017 δὲ
3373 4965 3531 5017 τοῦτο
3557 4962 3696 5016 λεῖόν

2115 5076 2198 5112 σοι
2239 5059 2323 5131 εἴη
2369 5061 2462 5113 καὶ
2497 5061 2944 5131 εὐπερίδρακτον,
2992 5061 3086 5113 καὶ
3138 5061 3268 5130 περὶ
3321 5059 3476 5110 τοῦτο
3508 5059 3526 5086 ⁶
3567 5056 3696 5126 ἐρῶ.

2116 5150 2286 5203 Ὅταν
2321 5149 2510 5224 εὕρῃς,
2541 5151 2618 5213 ὡς
2645 5152 2702 5203 ἐν
2733 5150 3120 5222 ἑϐδομηκοστῷ
3141 5149 3342 5220 ψαλμῷ
3375 5147 3696 5219 ἐμφέρεται·

504 5306 613 5392 ’ΛΕ
639 5307 864 5392 κειμένη
890 5309 1396 5392 ςιηάναφερομένη.
1478 5312 1496 5340 ²
1556 5307 1615 5362 F.
1647 5308 1987 5382 διαιρέσεων.

2118 5310 2194 5365 sta
2237 5310 2336 5374 τὰς
2402 5327 2499 5382 pro
2519 5310 2760 5374 διαστὰς.
2840 5310 2860 5342 ⁸
2905 5310 3038 5382 Reg.
3089 5310 3287 5375 ἁπλᾶς.
3359 5311 3378 5340 ⁵
3428 5308 3556 5380 Reg.
3605 5324 3698 5360 πε-

417 5377 812 5454 ριτεθειμένην.
856 5377 861 5378 ⁷
890 5380 911 5410 ⁶
951 5378 1011 5432 F.
1044 5377 1256 5434 τούτου.

491 5533 602 5606 (59)
668 5536 998 5604 Λιμνίσκος
1047 5536 1157 5606 γὰρ
1199 5538 1298 5590 ὑπ’
1353 5535 1551 5590 αὐτῶν
1602 5535 1720 5591 τῶν
1765 5540 1999 5606 ἰητρῶν.

416 5604 730 5688 Λημνίσκρν
750 5622 779 5660 a
797 5604 1296 5688 medicisusurpari
1311 5623 1412 5688 pro
1435 5604 1999 5688 linatneuto‘oltlmtgo.

418 5676 568 5742 quod
601 5678 916 5731 vulneribus
951 5678 1176 5734 inditur.
1209 5676 1556 5733 notissimum
1583 5687 1687 5733 est.
1729 5681 1834 5733 Sed
1870 5676 1998 5738 non,

419 5755 480 5818 ιιι
511 5743 852 5818 Epiphanius,
882 5749 1178 5813 existimat,
1218 5765 1312 5818 per
1346 5750 1474 5813 iota,
1510 5749 1601 5803 sed
1632 5766 1725 5818 per
1757 5759 1840 5802 ctu
1873 5751 2002 5801 scri-

415 5812 654 5870 bendum
687 5825 787 5873 cst.
825 5819 1006 5884 Quare
1051 5812 1173 5874 non
1202 5812 1393 5890 probat
1435 5812 1806 5892 grammaticis
1831 5819 1998 5887 origi-

2111 5539 2384 5590 nationem
2411 5537 2600 5607 _i|lam,
2635 5543 2695 5589 ut
2728 5535 2878 5607 παρὰ
2928 5537 2988 5588 τὸ
3032 5533 3405 5607 λημνάζεσθαι
3455 5531 3689 5607 dicatur.

2113 5609 2204 5661 I‘Ist
2231 5608 2371 5659 enim
2403 5604 2749 5678 Syracusana
2779 5604 2899 5662 νὸς.
2942 5604 3204 5678 (ιιιωςτὲις
3240 5604 3429 5678 στενᾲς
3458 5605 3688 5678 ταινίας,

2110 5679 2360 5744 oblongas
2420 5672 2672 5746 fasciolas
2704 5672 2998 5745 siguilieat,
3042 5675 3118 5727 ait
3163 5675 3485 5746 llesycltius.
3539 5672 3692 5727 Utth

2113 5759 2234 5800 nota
2265 5749 2375 5810 illa,
2415 5744 2534 5816 qua).
2568 5744 2814 5816 longurio
2841 5763 2963 5799 rum
2996 5746 3210 5800 duobus
3244 5744 3459 5815 punctis
3492 5758 3689 5814 appen-

2110 5818 2323 5872 dicibus
2359 5820 2662 5872 constabat.
2692 5818 2988 5886 λημνίσκος
3018 5817 3342 5889 appellatur.
3434 5817 3440 5822 ’
