4018 6210
296 302 402 355 255

1255 303 1464 359 LIBER
1505 304 1594 359 DE
1636 304 1993 363 MENSURIS
2027 307 2112 361 ET
2150 309 2608 368 PONDEBIBUS.

3460 312 3571 368 254

298 417 594 479 σκευάσας.
617 419 711 470 καὶ
734 416 937 487 πλῆθος
961 417 1284 486 συναγαγὼν
1314 418 1535 487 βιϐλίων
1564 420 1622 486 ἐξ
1647 420 1880 473 ἑκάστου

2013 422 2265 491 :ngitans,
2296 423 2579 494 ingentem
2615 424 2878 478 librorum
2913 423 3021 478 vim
3056 438 3123 478 ex
3159 422 3305 478 omni
3352 424 3575 493 regione

295 512 502 577 ἔθνους,
544 512 603 562 ἐν
652 510 789 581 αὐτῇ
829 510 1138 581 ἀπεθέμην.
1215 510 1482 575 Ἀκούσας
1535 511 1592 564 δὲ
1646 513 1722 575 ὡς
1749 514 1884 582 παρ’

293 597 427 676 ὑμῖν
464 603 798 687 ἐμφέρονταί⁷
830 602 1001 673 βίϐλοι
1033 604 1334 675 προφητῶν
1378 604 1509 674 περὶ⁵
1543 604 1680 657 Θεοῦ
1702 622 1763 657 τε
1790 605 1887 658 καὶ¹

292 694 655 766 κοσμοποιίας
682 694 960 765 δηλοῦσαι,
999 696 1094 747 καὶ
1121 694 1326 758 ταύτας
1371 698 1494 759 ταῖς
1522 695 1709 758 ἄλλαις
1734 697 1889 765 ἀφιε-

296 785 471 858 ρῶσαι
488 786 1052 858 έπιθυμῶν,γέγραφα
1078 787 1228 848 ὅπως
1256 786 1456 851 ταύτας
1481 790 1612 859 ἡμῖν
1634 789 1889 843 ἀποστεί-

294 879 448 949 λητε.
484 878 610 931 Ὅτι
638 877 747 949 γὰρ
773 879 939 949 τιμῆς
972 878 1179 942 ἕνεκεν,
1207 879 1301 933 καὶ
1332 879 1393 932 οὐ
1434 882 1759 951 περιεργίας
1794 880 1891 950 χά-

298 987 410 1040 ριν,
440 967 565 1023 οὕτε
598 969 911 1035 κακονοίας,
935 969 1034 1039 τῆς
1065 970 1325 1041 τοιαύτης
1351 971 1533 1035 αἰτίας
1557 972 1673 1040 εἰμὶ
1701 970 1891 1023 ἐπιθυ-

300 1062 501 1133 μητὴς,
519 1061 656 1115 ἀλλὰ
679 1061 915 1125 πίστεως
943 1061 1104 1115 ἕνεκα
1136 1063 1230 1115 καὶ
1251 1063 1347 1132 τῆς
1382 1065 1512 1135 περὶ
1545 1065 1687 1133 ὑμᾶς
1706 1063 1892 1133 φιλίας

297 1154 401 1222 τὴν
430 1152 634 1206 τούτων
662 1152 877 1225 αἴτησιν
902 1153 1191 1224 ποιοῦμαι,
1218 1156 1284 1208 ὲκ
1312 1154 1413 1225 τῆς
1443 1155 1534 1224 ὐφ’
1572 1156 1729 1227 ἡμῶν
1764 1155 1894 1226 περὶ⁴

302 1246 451 1315 ὑμᾶς
509 1244 809 1316 γενομένης
859 1245 1111 1308 εὐνοίας,
1166 1246 1605 1316 ἀναμνησθέντες
1658 1247 1889 1300 εἴσεσθε.

302 1335 608 1407 Μέμνησθέ
636 1354 761 1399 που,
792 1336 868 1400 ὡς
897 1335 1260 1408 αἰχμαλώτων
1294 1337 1507 1391 πολλῶν
1533 1338 1598 1390 ἐκ
1629 1339 1727 1407 τῆς
1758 1337 1896 1408 ὑμε-

301 1427 471 1497 τέρας
525 1426 781 1497 πατρίδος
827 1426 1161 1497 ληφθέντων,
1212 1428 1307 1481 καὶ
1348 1429 1428 1491 είς
1474 1428 1747 1496 Αἴγυπτον
1798 1427 1898 1498 τὴν

304 1518 584 1590 ἡμετέραν
623 1518 859 1589 πατρίδα
900 1519 1194 1589 ἀχθέντων,
1229 1520 1430 1590 ἀνῆκα,
1466 1522 1560 1573 καὶ
1606 1522 1721 1591 μετ’
1770 1522 1898 1589 ἐφο-

305 1611 437 1665 δίων
472 1611 703 1678 πολλῶν,
758 1612 853 1665 καλ.
887 1612 1183 1681 θεραπείας
1210 1614 1273 1666 οὐ
1309 1614 1410 1684 τῆς
1459 1614 1748 1684 τυχούσης,
1778 1615 1899 1665 ὲπι-

310 1701 688 1771 μελησάμενος
714 1701 914 1765 αὐτῶν,
941 1702 1606 1774 ἐλευθέρους-ἀπέπεμψα,
1637 1703 1775 1756 ἀλλά
1798 1702 1896 1755 καὶ

1996 511 2285 566 conﬂatam
2333 514 2388 567 in
2437 530 2556 569 eam
2611 516 2837 569 contuli.
2890 513 3069 581 Quare
3118 531 3241 571 cum
3292 518 3431 587 apud
3476 532 3570 571 vos

1998 605 2388 675 prophetarum
2420 606 2687 675 quosdam
2730 608 2901 663 libros
2945 620 3160 663 exstare
3189 609 3567 679 compererint,

1994 694 2091 765 qui
2121 694 2189 749 de
2218 692 2328 748 Deo
2378 708 2444 747 ac
2475 695 2664 748 mundi
2698 696 3054 752 fabricatione
3082 699 3268 768 scripti
3296 706 3445 756 sunt.
3471 698 3570 750 hos

1996 801 2101 856 ego
2147 802 2270 841 cum
2320 786 2443 841 aliis
2493 802 2817 843 consecrare
2860 805 3189 861 magnopere
3230 792 3412 860 cupio.
3441 790 3572 856 Quae

1995 877 2132 932 mihi
2160 877 2228 931 ad
2254 892 2350 932 vos
2381 877 2658 933 scribendi
2697 892 2864 933 causa
2900 878 3022 943 fuit,
3048 889 3106 932 ut
3131 880 3253 935 illos
3284 881 3349 934 ad
3388 897 3472 935 inc
3505 882 3570 934 li-

1999 966 2135 1021 bros
2165 966 2381 1022 mittere
2406 967 2611 1022 velitis.
2642 965 2777 1019 Nam
2809 967 2955 1037 quod
2990 984 3089 1038 ego
3118 985 3225 1023 non
3258 971 3576 1025 curiositate

1998 1058 2223 1123 ductus,
2266 1074 2446 1128 neque
2488 1059 2632 1113 malo
2677 1058 2883 1123 animo,
2924 1060 3022 1114 secl
3065 1060 3289 1116 honoris
3334 1063 3441 1118 illis
3481 1064 3579 1117 ha—

2000 1149 2165 1205 bendi
2196 1149 2400 1215 studio,
2443 1165 2508 1204 ac
2548 1166 2648 1220 pro
2677 1167 2795 1206 mea
2826 1167 2953 1220 erga
2994 1168 3094 1207 vos
3124 1154 3319 1208 liducia
3351 1166 3405 1210 et
3443 1158 3577 1211 ami-

2001 1239 2133 1294 citia
2168 1240 2237 1294 ad
2267 1254 2330 1294 ea
2380 1240 2703 1310 postulanda
2728 1241 3132 1307 descenderim,
3155 1260 3218 1298 ex
3249 1260 3367 1299 mea
3399 1247 3451 1297 in
3484 1262 3580 1301 vos

2003 1331 2385 1387 benevolentia
2439 1333 2484 1386 si
2527 1332 2804 1387 recordari
2855 1334 3160 1397 volueritis,
3210 1336 3578 1405 conjecturam

2006 1422 2186 1477 facere
2223 1424 2472 1492 potestis.
2509 1423 2832 1479 Meministis
2854 1426 3022 1489 enim,
3056 1426 3276 1495 opinor,
3306 1429 3452 1482 cives
3485 1444 3579 1482 ve—

2009 1522 2156 1569 stros
2192 1529 2255 1567 ae
2301 1516 2595 1584 populares
2628 1516 3087 1585 quamplurimos,
3121 1520 3214 1587 qui
3247 1519 3389 1573 bello
3416 1521 3581 1589 capti,

2005 1616 2059 1662 et
2098 1607 2152 1660 in
2186 1605 2520 1677 Egyptum,
2562 1608 2703 1661 hanc
2742 1616 2987 1661 nostram
3029 1611 3281 1678 patriam,
3316 1611 3584 1680 deportati

2014 1698 2252 1759 fuerant,
2287 1714 2394 1751 non
2426 1698 2695 1753 liberasse
2724 1702 2890 1753 modo
2919 1715 3026 1763 me,
3056 1699 3151 1754 sed
3190 1709 3245 1754 et
3278 1702 3477 1755 viatico
3506 1704 3591 1757 in-

309 1795 437 1856 τοὺς
472 1794 530 1845 ὲν
563 1794 747 1857 αὐτοῖς
793 1794 1231 1865 πεπληγμένους,
1264 1796 1554 1865 ἰασάμενος
1580 1795 1779 1863 ἀνῆκα,
1814 1793 1906 1847 καὶ

2014 1797 2255 1845 structos
2286 1805 2347 1843 ac
2380 1789 2791 1858 perhumaniter
2813 1790 3027 1844 habitos
3050 1806 3171 1843 cum
3203 1792 3351 1844 omni
3384 1791 3589 1845 cilicio—

310 1879 434 1941 τοὺς
458 1881 699 1949 γυμνοὺς
738 1880 994 1934 ἐνέδυσα’
1029 1883 1124 1934 καὶ⁸
1162 1882 1256 1936 νύν
1293 1883 1352 1935 δὲ
1379 1883 1661 1953 τράπεζαν
1696 1884 1904 1954 χρυσῆν

316 1970 456 2038 μετὰ
480 1970 944 2041 πολυτελεστάτης
972 1971 1148 2036 λιθίας
1171 1974 1621 2044 κεκοσμημένην,
1657 1974 1716 2039 ἐξ
1743 1975 1906 2045 ὁλκῆς

313 2061 592 2115 ταλάντων
634 2069 707 2132 φ’,
746 2064 869 2117 ἀντὶ
897 2065 996 2135 τῆς
1028 2065 1306 2135 τραπέζης
1341 2067 1437 2136 τῆς
1470 2066 1769 2139 ληφθείσης
1801 2068 1909 2120 ἀπὺ

314 2153 410 2206 τοῦ
440 2155 597 2223 ἁγίου
638 2155 801 2208 τόπου
844 2157 1227 2226 Ἱεροσολύμων
1275 2157 1600 2220 ἀπέστειλα,
1644 2158 1782 2229 μετά
1818 2160 1910 2212 καὶ

316 2243 527 2316 δώρων,
556 2246 645 2299 καὶ
676 2247 972 2318 κειμηλίων
1000 2248 1078 2318 τῷ
1110 2248 1240 2320 ἰερῷ
1264 2249 1437 2319 τόπῳ.
1481 2249 1700 2303 Τούτων
1730 2251 1909 2303 τοίνυν

318 2338 420 2406 τὴν
444 2337 692 2408 διήγησιν
721 2340 1085 2410 ἐποιησάμην,
1127 2341 1277 2403 ὅπως
1310 2342 1505 2409 γνῶτε,
1541 2342 1621 2396 ὅτι
1658 2342 1796 2413 ὑπὲρ
1826 2344 1915 2396 εὐ-

325 2426 427 2499 χῆς
454 2430 550 2483 καὶ
572 2430 855 2494 εὐσεϐείας
880 2432 979 2495 τὰς
1012 2432 1227 2502 βίϐλους
1262 2432 1417 2486 αἰτῶ.

402 2702 513 2756 Καὶ
551 2702 584 2773 ἡ
623 2701 720 2772 μὲν
763 2702 1021 2775 ἐπιστολὴ
1056 2703 1357 2774 ἀπεστάλη,
1414 2707 1508 2760 καὶ
1543 2705 1613 2759 τά
1648 2706 1919 2759 ἀπεσταλ-

332 2796 473 2868 μένα
490 2794 653 2865 δῶρα.
678 2795 845 2847 Αὐτοὶ⁵
863 2794 917 2848 δὲ
938 2795 1219 2866 δεξάμενοι
1237 2797 1332 2851 καὶ
1353 2798 1453 2867 τὴν
1475 2798 1766 2868 ἐπιστολὴν
1782 2798 1914 2869 (47),

2010 1897 2131 1937 rum
2158 1896 2355 1952 genere
2380 1881 2584 1935 liberos
2613 1880 2897 1934 dimisisse
2934 1900 2945 1934 :
2985 1881 3121 1934 adeo
3147 1891 3203 1934 ut
3232 1888 3285 1936 et
3314 1882 3405 1951 qui
3430 1898 3495 1935 ex
3523 1884 3591 1938 iis

2009 1974 2184 2037 saucii
2213 1982 2373 2026 erant
2397 1972 2686 2041 diligenter
2710 1984 2983 2035 curarem,
3006 1980 3060 2025 et
3083 1970 3244 2026 nudis
3265 1971 3591 2026 vestimenta

2013 2065 2336 2119 dividerem.
2369 2061 2528 2115 Nunc
2553 2076 2774 2115 auream
2816 2061 2882 2114 ad
2925 2075 3023 2116 vos
3057 2076 3300 2116 mensam
3337 2062 3595 2131 pretiosis

2013 2154 2296 2224 lapidibus
2324 2159 2600 2216 ornatam,
2638 2150 2819 2220 pondo
2849 2149 3273 2219 quingentorum
3306 2150 3591 2209 talentum,

2014 2260 2113 2314 pro
2139 2260 2222 2309 ea,
2254 2258 2377 2312 cpite
2403 2258 2468 2297 ex
2496 2240 2997 2310 Hierosolymitano
3013 2240 3214 2308 templo
3237 2239 3446 2309 direpta
3478 2238 3595 2293 fuco

2016 2345 2121 2397 rat,
2156 2335 2223 2388 ad
2251 2350 2347 2389 vos
2376 2348 2502 2388 cum
2540 2332 2863 2388 muneribus
2893 2349 2956 2387 ac
2996 2332 3241 2386 donariis
3266 2331 3441 2395 mitto,
3473 2343 3597 2398 qua;
3665 2372 3673 2384 .

2016 2430 2070 2484 in
2120 2429 2321 2498 templo
2366 2436 2553 2482 vestro
2597 2426 2912 2481 consecrari
2962 2426 3144 2495 cupio.
3187 2424 3314 2479 [hee
3343 2440 3408 2478 eo
3442 2423 3595 2478 vobis

2019 2518 2269 2589 exposui,
2307 2525 2369 2569 ut
2401 2532 2485 2571 me
2513 2533 2581 2571 ex
2617 2517 2727 2571 voti
2773 2516 3011 2586 quadam
3059 2516 3349 2586 religione,
3389 2530 3451 2568 ac
3480 2515 3597 2583 pic-

2021 2612 2149 2664 tatis
2175 2610 2359 2664 studio
2385 2609 2560 2664 libros
2584 2608 2722 2663 istos
2744 2608 3020 2678 ﬂagitasse
3052 2608 3287 2663 sciretis.

2098 2700 2190 2753 llis
2225 2700 2421 2754 litteris
2451 2714 2515 2753 ac
2567 2698 2890 2753 muneribus
2934 2697 3308 2769 Hierosolyma
3356 2697 3599 2767 perlatis.

2025 2803 2319 2863 utrumque
2336 2792 2510 2847 Judaei
2532 2792 2868 2862 perjttcunde
2898 2807 2961 2846 ac
2994 2792 3224 2846 libenter
3253 2799 3598 2860 acceperunt.

330 2886 427 2939 καὶ
455 2884 523 2937 τὰ
552 2885 700 2956 δῶρα
727 2886 1001 2955 ἀσμένως,
1035 2887 1124 2939 διὰ
1159 2890 1330 2959 χαρᾶς
1359 2888 1518 2959 ἔσχον
1550 2888 1777 2959 σφόδρα.
1813 2891 1906 2943 Κα¹

2028 2886 2151 2941 Mox
2191 2886 2312 2940 sine
2344 2886 2454 2939 ulla
2494 2885 2846 2940 cunctatione
2886 2885 3058 2939 libros
3089 2884 3233 2947 illos,
3265 2898 3404 2952 quos
3444 2883 3605 2951 paqu

333 2979 598 3049 ἁμελητὶί
630 2978 877 3050 χρυσέοις
902 2979 1225 3050 γράμμασιν
1252 2958 1561 3050 Ἑϐραῗκοῖς
1583 2958 1695 3044 τὰς
1710 2980 1906 3051 βίϐλους

2027 2985 2156 3032 ante
2194 2977 2647 3040 commemoravi,
2691 2976 2977 3031 Hebraicis
3024 2976 3221 3030 litteris
3256 2974 3438 3028 aureis
3475 2989 3605 3027 con.

339 3072 824 3145 μεταγραψάμενοι
868 3073 967 3134 τὰς
1014 3072 1114 3143 ἤδη
1160 3090 1251 3143 μοι
1295 3075 1756 3145 προτεταγμένας,
1822 3076 1902 3128 ἀπ

2031 3069 2269 3140 scriptos
2308 3067 2377 3123 ad
2406 3082 2588 3138 regem
2633 3066 2861 3121 mittunt
2894 3084 2907 3121 :
2938 3066 3042 3120 hoc
3074 3076 3158 3121 est.
3177 3065 3388 3120 Veteris
3414 3062 3612 3118 Testa-

338 3161 606 3224 ἔστειλαν,
651 3160 733 3231 κβ¹
783 3161 879 3231 μὲν
931 3159 1030 3223 τὰς
1071 3162 1428 3227 ἑνδιαθέτους,
1459 3163 1906 3234 ἑϐδομηκονταδύι

2038 3165 2205 3218 menti
2228 3160 2418 3231 viginti
2438 3160 2599 3228 duos,
2620 3168 2675 3215 et
2719 3160 3063 3231 apocryphos
3085 3158 3429 3229 septuaginta
3450 3158 3612 3215 duos.

338 3255 399 3308 δὲ
419 3254 518 3318 τὰς
545 3254 893 3326 ἀποκρύφους
916 3255 1063 3327 (48),
1098 3256 1155 3309 Ὀ
1186 3256 1242 3309 δὲ
1274 3256 1529 3327 βασιλεὺς
1560 3258 1906 3328 κομισάμενοι

2038 3254 2250 3320 Quibus
2281 3253 2523 3323 acceptis
2560 3251 2887 3308 Ptolemaeus
2933 3268 3055 3306 cum
3087 3251 3352 3305 tlehraice
3381 3255 3617 3319 scrlptos

344 3344 441 3398 καὶ
488 3342 746 3414 ἐντυχὼν.
810 3345 905 3397 καὶ
957 3345 1030 3414 μὴ
1082 3344 1381 3415 δυνάμενος
1445 3347 1777 3415 ἀναγνῶναι,
1825 3348 1906 3401 τῶ

2037 3345 2258 3400 codices
2287 3344 2468 3415 legere
2502 3359 2611 3398 non
2644 3351 2853 3413 posset,
2896 3341 3141 3397 secundo
3165 3339 3232 3394 ad
3262 3355 3359 3395 eos
3378 3340 3619 3395 scribere

345 3435 625 3505 στοιχείων
669 3434 972 3507 Ἑϐραϊκῶν
1021 3436 1375 3508 ὑπαρχόντων
1424 3439 1519 3492 καὶ
1553 3438 1818 3511 διαλέκτῳ
1869 3446 1906 3492 τί

2040 3444 2265 3491 coactus
2309 3443 2416 3501 cst,
2460 3443 2515 3491 et
2565 3435 2894 3505 interpretes
2926 3441 3129 3503 petere,
3167 3432 3259 3503 qui
3296 3447 3361 3486 ex
3397 3429 3621 3485 Hebraro

356 3526 621 3598 Ἐϐραῖκῇ
649 3526 1072 3597 γεγραμμένων,
1098 3528 1356 3601 δευτέραν
1384 3530 1673 3601 ἐπιστολὴν
1698 3530 1906 3596 ἀναγκά

2045 3530 2215 3586 libros
2265 3530 2403 3585 istos
2454 3530 2509 3584 in
2551 3527 2804 3583 Graecum
2850 3542 3159 3583 sermonem
3218 3534 3619 3580 converterent.

349 3618 503 3683 ζεται
544 3619 727 3681 αὐτοῖς
770 3618 1000 3690 γράψαι,
1041 3616 1135 3671 καὶ
1177 3620 1397 3690 αἰτῆσαι
1426 3619 1771 3691 ἑρμηνευτάς
1814 3621 1906 3674 τοὺ

2050 3623 2275 3679 Summa
2297 3623 2541 3693 epistolas
2567 3622 2683 3677 haec
2712 3619 2816 3675 fuit
2850 3635 2865 3674 :

348 3710 683 3782 δυναμένους
722 3710 870 3781 αὐτῷ
899 3711 1108 3783 φράσαι
1138 3712 1236 3777 τὰς
1299 3711 1513 3783 βίϐλους
1572 3716 1653 3777 είς
1692 3714 1792 3784 τὴν
1858 3714 2178 3791 Ἑλληνικὴν
2223 3718 2503 3773 διάλεκτον
2553 3717 2645 3771 διὰ
2690 3718 2790 3788 τῆς
2841 3714 3139 3788 Ἐϐραῖδος.
3197 3713 3451 3783 Περιεϊχε
3500 3709 3557 3762 δὲ
3593 3704 3624 3771 ἡ

353 3801 610 3872 ἐπιστολὴ
643 3801 767 3854 τάδε
782 3811 801 3829 ⁸

428 3897 531 3950 IA’.
584 3896 645 3951 Ὀ
686 3896 939 3967 βασιλεὺς
979 3897 1315 3967 Πτολεμαῖος
1359 3901 1472 3963 τοῖς
1512 3900 1612 3968 τῆς
1658 3901 1940 3966 εὐσεϐείας

357 3987 720 4052 διδασκάλοις,
758 3991 871 4052 τοῖς
899 3989 957 4041 ὲν
994 3989 1412 4059 Ἰεροσολύμοις,
1449 3991 1677 4045 πλεῖστα
1712 3994 1943 4064 χαίρειν.

431 4079 716 4151 Θησαυροῦ
732 4080 1135 4152 κεκρυμμένου,
1159 4082 1251 4135 καὶ
1268 4083 1450 4152 πηγῆς
1473 4084 1947 4156 ὲσφραγισμένης,

361 4173 448 4237 τίς
475 4172 710 4242 ὠφέλεια
739 4174 797 4226 ὲν
831 4174 1159 4246 ἀμφοτέροις
1185 4191 1201 4240 ;
1249 4172 1408 4228 Οὐτω
1447 4176 1541 4228 καὶ
1571 4178 1603 4246 ἡ
1642 4176 1771 4245 παρ’
1798 4176 1951 4246 ὐμῶν

2126 3902 2221 3957 XI.
2249 3901 2576 3956 Ptolemaeus
2602 3916 2696 3955 rex
2721 3899 2939 3971 pietatis
2976 3899 3277 3969 magistris,
3309 3898 3400 3967 qui
3434 3896 3620 3951 Hiero-

2056 3995 2282 4065 solymis
2324 3994 2592 4048 habitant.

2134 4087 2297 4156 168
2334 4085 2546 4141 Occulti
2578 4085 2844 4149 thesauri,
2877 4094 2931 4139 et
2963 4083 3237 4154 obsignati
3290 4081 3456 4136 fontis
3488 4096 3641 4151 quae-

2061 4192 2184 4230 nam
2209 4192 2334 4232 esse
2356 4184 2535 4246 potest
2558 4176 2802 4230 utilitas?
2828 4175 2942 4230 lluc
2967 4190 3067 4246 ego
3098 4176 3164 4229 de
3185 4176 3272 4229 his
3292 4174 3469 4238 libris,
3499 4188 3646 4245 quos

431 4332 449 4363 ³
474 4332 603 4402 ch.
629 4331 912 4403 ἀμελλητί.

447 4489 561 4564 (47)
595 4490 786 4564 ΔΑὐτοὶ
829 4488 1264 4564 δὲμδεξάμενορμ
1291 4489 1387 4564 καὶ
1437 4489 1552 4564 τὴν
1598 4490 1906 4564 ἐπιστολῆς

2013 4500 2038 4551 3
2067 4487 2271 4564 Graecae
2326 4484 2704 4564 translationis
2733 4484 3015 4564 invidiam
3056 4481 3516 4564 J'osephinsmculo
3556 4495 3636 4536 re-

374 4552 759 4632 Gratissiinam
791 4552 1056 4615 accidisse
1069 4552 1323 4631 pontiﬁci
1346 4552 1659 4632 Judaeisqqe
1687 4552 1961 4632 Ptolenimi
2067 4559 2366 4614 centiorem
2393 4554 2863 4632 exstitisse..Cu_tn
2892 4554 3036 4608 enim
3066 4552 3236 4607 Judaei
3270 4553 3647 4632 Christianum

380 4630 805 4701 postulationem
839 4646 961 4701 cum
996 4623 1189 4701 reliqui
1216 4646 1430 4694 omnes,
1467 4623 1585 4685 tuni
1608 4629 1767 4684 Philo
1800 4638 1853 4685 et
1876 4630 1963 4684 ,Ιο-
2063 4644 2264 4701 nomen
2301 4627 2561 4701 paulatim
2595 4626 2821 4701 eiicitari
2866 4634 3176 4701 cernerent,
3207 4639 3375 4701 seque
3400 4625 3468 4676 ab
3485 4623 3632 4675 Chri-

316 4703 318 4705 ’
380 4692 610 4775 sephns,
643 4699 814 4775 Judaei
851 4700 977 4770 ipsi,
1032 4692 1324 4775 testantur.
1356 4692 1426 4753 At
1462 4701 1709 4770 Scaliger
1745 4701 1965 4775 in_4ni—
2034 4700 2234 4754 stianis
2274 4692 2392 4775 suis
2426 4697 2559 4775 ipsis
2602 4696 2819 4775 litteris,
2848 4709 2986 4775 quas
3018 4692 3205 4775 Graece
3236 4692 3477 4763 legerent
3521 4708 3646 4746 om-

382 4766 529 4843 med.
561 4778 617 4825 et
666 4772 719 4825 in
752 4766 965 4841 lsagog.
996 4788 1115 4824 can.
1164 4770 1386 4843 falsum,
1433 4780 1485 4825 et
1529 4766 1960 4832 commentitium
2067 4785 2186 4843 nes,
2218 4766 2580 4843 convine'i_ae
2628 4766 2913 4835 redargui;
2952 4780 3092 4843 wgre
3123 4766 3358 4843 primum
3397 4777 3631 4843 commu-

385 4840 530 4912 istud
561 4858 685 4895 esse
715 4834 884 4912 putat,
913 4834 977 4894 ac
1007 4848 1215 4895 tantutn
1246 4841 1459 4903 abesse,
1493 4850 1552 4894 ut
1579 4855 1643 4895 ea
1675 4856 1960 4912 sacrarum
2067 4841 2293 4912 nionem.
2314 4839 2461 4912 illam
2485 4837 2628 4891 ferre
2660 4834 2981 4912 coeperunt;
3012 4842 3124 4887 ιυιῐι
3159 4834 3379 4889 easdem
3412 4834 3651 4912 Ιῑιιθνεξξγ

386 4905 729 4965 Litterarum
774 4905 1468 4985 interpretatiovoluptati
1520 4912 1629 4966 illis
1670 4910 1865 4985 fuerit,
1901 4918 1963 4985 ut
2067 4924 2133 4985 ac
2161 4908 2297 4961 LXX
2333 4908 2621 4985 seniorum
2648 4905 2936 4985 editionem
2965 4919 3331 4985 corrumpere
3361 4905 3647 4985 aemmluth

388 4988 682 5051 propterea
722 4973 1281 5054 __so_lemhejejunimn
1298 4973 1606 5054 _decretum
1650 4979 1959 5054 sitATebeth
2069 4980 2183 5034 lare
2234 4978 2415 5054 _c_onat_i
2462 4984 2591 5054 sunt
2621 4994 2633 5030 :
2666 4975 2809 5054 (ιιιυά
2860 4973 3112 5054 Justinus
3167 4984 3373 5054 martyr
3419 4973 3651 5054 {hate-go

386 5043 511 5124 vin;
540 5062 598 5105 ut
630 5067 694 5106 ex
722 5043 1267 5122 Kalendarioliquet.
1298 5049 1590 5124 Fuit__enini
1622 5068 1689 5105 ex
1719 5052 1965 5124 illt_)_pr_a:-
2073 5066 2192 5103 cum
2234 5048 2429 5119 Tryph.
2465 5043 2883 5124 aliique—Patres
2919 5043 3402 5124 illisexprohrant.
3439 5043 3513 5096 Ex
3551 5043 3653 5096 illo

390 5119 551 5188 cipue
581 5128 827 5192 tempore
866 5116 1362 5192 perpetuuinjnter
1409 5121 1667 5176 Hebraeos
1698 5131 1752 5177 et
1790 5116 1967 5175 Helle-
2071 5116 2325 5192 tempore
2348 5129 2491 5192 natae
2517 5128 2647 5192 sunt
2694 5116 2927 5185 angaria:
2977 5116 3101 5192 illae,
3160 5123 3213 5169 et
3259 5123 3473 5192 mum,
3509 5130 3649 5182 quas

392 5185 568 5264 nistas
606 5185 825 5264 Judzeos
857 5185 1164 5264 dissidium.
1187 5190 1308 5264 _Sed_
1324 5193 1425 5245 hac
1449 5194 1501 5247 in
1535 5208 1613 5257 re,
1646 5194 1721 5246 uti
1752 5192 1965 5264 caneris
2074 5185 2574 5264 [_ialendariissuis
2606 5188 2892 5264 intexueru
2906 5198 2981 5264 [ιι.
3013 5185 3193 5264 Quare
3219 5188 3530 5264 plumbeum
3564 5193 3653 5235 est

395 5259 509 5333 fere
553 5260 1147 5333 omnibus,_judicium
1184 5262 1237 5333 in
1281 5262 1579 5332 Scaligero,
1618 5277 1683 5316 ac
1730 5262 1967 5333 pruden-
2075 5259 2339 5333 Scaligeri
2380 5260 2571 5322 telum,
2621 5260 2763 5327 quod
2792 5273 2855 5311 cx
2900 5258 3031 5313 faece
3070 5258 3172 5311 ista
3206 5257 3488 5309 iabbinica
3520 5269 3649 5323 pro—

396 5331 526 5386 tiam
561 5334 801 5402 requiro.
834 5331 967 5398 Quis
1004 5333 1149 5386 enim
1193 5331 1500 5387 Judaaorum
1531 5331 1763 5388 arcanos
1809 5333 1966 5394 ritus,
2070 5332 2214 5385 tulit.

397 5414 464 5478 ac
496 5390 977 5478 consiliannze‘lius
1009 5402 1186 5478 novit,
1227 5414 1322 5457 aut
1365 5418 1529 5478 nosse
1575 5403 1771 5473 potuit,
1805 5418 1906 5478 qua

2147 5396 2831 5478 (48)·ξΕϐδομηκονταδύο
2862 5396 2930 5449 δὲ
2965 5396 3073 5477 τάς
3101 5396 3511 5478 ἀποκρύφους,
3544 5390 3650 5478 ve-

400 5469 689 5544 Jpsephtis,
721 5473 1240 5544 Hebraismirutique
1266 5489 1375 5529 non
1405 5466 1710 5541 imperitus,
1741 5466 1887 5541 quod
1915 5473 1970 5526 in
2073 5466 2195 5544 rum
2228 5466 2379 5544 illud
2413 5466 2520 5544 non
2553 5478 2703 5539 puto,
2752 5484 2925 5537 neque
2953 5470 3205 5544 cuiquam
3234 5466 3396 5544 facile
3421 5476 3647 5544 persua-

404 5533 630 5616 l'hilone
661 5533 903 5616 Scaliger
934 5533 1180 5616 excipit?
1198 5544 1301 5616 Qui
1330 5533 1498 5616 idem,
1518 5544 1671 5616 quod
1697 5533 1967 5616 aristcas,
2075 5533 2593 5616 seritEpiphanjus,
2620 5554 2763 5593 Lxxn
2790 5533 3374 5616 apocryphpstotidetn
3393 5534 3461 5585 ab
3483 5533 3651 5612 inter-

408 5614 644 5685 prodidit
716 5602 981 5685 Eleazaro
1035 5602 1276 5683 pontilici
1322 5602 1805 5685 iucundissimith
1837 5602 1969 5667 illud
2076 5602 2436 5685 pretibuis'ex
2469 5602 3251 5685 Hebraeo_translatosml'uissne.
3300 5602 3439 5685 Nam
3468 5603 3652 5685 omnia

409 5671 608 5756 tuisse:
635 5700 822 5756 neque
859 5686 928 5739 de
954 5671 1265 5756 Iudaeorum
1312 5671 1613 5756 otl'ensioue
1642 5683 1970 5756 mentionem
2076 5671 2181 5756 ista
2210 5683 2482 5756 volumina
2519 5677 3001 5756 conscriptallebr.
3017 5675 3120 5728 litt.
3140 5671 3369 5729 affirmat
3389 5673 3461 5729 ob
3486 5674 3654 5743 idque

412 5745 542 5806 facit.
594 5745 778 5809 ull-ain.
830 5756 962 5820 Quis
1010 5755 1173 5824 igitur
1223 5772 1330 5811 non
1390 5754 1555 5821 videt,
1608 5756 1749 5810 hanc
1798 5754 1971 5825 ipsam
2081 5754 2181 5824 legi
2219 5753 2441 5808 ininim‘c
2463 5751 2727 5819 potuisse.
