4018 6210
443 278 547 335 εδο

509 394 650 452 XIH.
675 393 861 461 Secuti
895 400 1026 451 sunt
1053 396 1424 453 Romanorum
1457 391 1837 465 imperatores.

519 491 803 559 Augustus
848 501 1024 542 annos
1063 501 1173 553 LVI,
1214 486 1377 556 cujus
1415 499 1564 542 anno
1603 484 2030 556 quadragesimo

442 582 708 644 secundo,
737 579 999 635 Dominus
1028 576 1218 636 noster
1247 576 1414 635 Jesus
1438 577 1698 634 Christus
1728 574 2030 632 secundum

441 687 663 728 carnem
686 678 850 727 natus
880 680 985 726 BSl.

515 764 769 819 Tiberius
800 775 974 817 annos
1012 775 1175 827 mu,
1204 759 1367 830 cuius
1408 774 1557 816 anno
1578 758 1801 826 decimo
1832 766 2029 814 octavo

441 858 703 917 Christus
731 853 1032 909 crucifixus
1055 860 1159 909 est.

517 949 689 1004 Caius
730 962 915 1004 annos
953 954 1092 1011 tres,
1136 958 1360 1002 menses
1407 958 1628 1008 novem,
1674 942 1793 998 dies
1838 939 2031 1012 viginti

439 1054 660 1093 ηονοιιι.

512 1128 783 1183 Claudius
815 1141 993 1183 annos
1026 1141 1149 1189 xI-u,
1181 1139 1403 1182 menses
1425 1122 1791 1188 duos,minus
1818 1120 2034 1177 duobus

443 1221 659 1276 diebus.

511 1310 657 1365 Nero
701 1324 883 1366 annos
930 1324 1071 1375 χιιι,
1126 1322 1346 1366 menses
1388 1314 1634 1378 septem,
1685 1305 1804 1361 dies
1843 1300 2034 1376 viginti

442 1411 673 1472 septem.

513 1494 685 1550 Galba
718 1508 939 1550 menses
972 1498 1210 1563 septem,
1244 1489 1364 1547 dies
1392 1474 1592 1561 ‘viginti
1631 1503 1751 1544 sex.

513 1581 657 1636 Otho
681 1597 900 1639 menses
931 1591 1065 1646 tres,
1091 1581 1212 1636 dies
1247 1580 1514 1651 quinque.

517 1669 767 1726 Vitellius
797 1685 1017 1727 menses
1046 1669 1380 1737 octodecim,
1408 1670 1528 1725 dies
1563 1667 1874 1724 duodecim.

516 1761 890 1833 Vespasianus
915 1777 1091 1820 annos
1122 1777 1342 1828 novem,
1377 1776 1595 1818 menses
1653 1768 1883 1831 septem,
1915 1758 2033 1814 dies

445 1854 757 1909 duodecim.

514 1945 674 2002 Titus
714 1960 891 2002 annos
914 1934 1079 2012 duos,
1111 1959 1331 2002 menses
1359 1942 1523 2008 duos,
1560 1942 1681 2000 dies
1721 1942 1885 1999 duos.
1916 1940 2033 1998 lloc

445 2050 691 2108 tempore
749 2039 1013 2093 subversa
1067 2045 1197 2092 sunt
1240 2035 1648 2106 Hierosolyma,
1691 2037 2035 2106 sexagesimo

445 2132 640 2199 quinto
660 2143 832 2193 anno,
859 2136 914 2183 et
957 2127 1169 2199 aliquot
1193 2126 1391 2182 diebus
1427 2126 1633 2197 elapsis
1668 2133 1793 2196 post
1827 2126 2033 2183 Christi

447 2222 758 2291 passionem
771 2262 784 2275 .

517 2311 864 2366 Domitianus
894 2325 1074 2366 annos
1105 2325 1195 2374 xv,
1222 2319 1284 2364 .et
1313 2323 1531 2364 menses
1555 2307 1822 2379 quinque.

519 2401 696 2457 Nerva
725 2416 929 2456 annum
964 2417 1160 2466 unum,
1189 2417 1407 2457 menses
1438 2411 1697 2472 quatuor.

517 2492 791 2564 Traianus
814 2507 988 2548 annos
1010 2491 1201 2548 decem
1231 2501 1288 2548 et
1317 2506 1537 2550 novem.

518 2587 795 2641 Adrianus
810 2601 987 2641 annos
1008 2601 1124 2650 ιιι,
1151 2585 1315 2658 cujus
1328 2599 1480 2640 anno
1497 2585 1825 2641 duodecimo
1841 2584 2033 2657 Aquila

448 2676 655 2732 ﬂoruit.

523 2767 603 2822 Ab
627 2767 873 2836 Augusto
901 2765 1067 2837 igitur
1082 2764 1151 2821 ad
1172 2764 1480 2821 Adrianum
1510 2766 1639 2822 anni
1701 2768 2038 2841 colliguntur

449 2871 668 2915 centum
706 2857 1019 2929 octoginta,
1060 2872 1278 2915 menses
1309 2866 1567 2929 quatuor,
1608 2859 1791 2917 minus
1833 2860 2029 2917 diebns

450 2967 683 3011 novem:
718 2951 791 3005 ita
833 2950 904 3005 ab
935 2964 1001 3005 eo
1054 2959 1325 3020 tempore,
1375 2965 1487 3020 quo
1528 2949 1889 3023 Septuaginta
1928 2952 2038 3007 duo

449 3044 782 3114 lntcrpreles
825 3043 1160 3099 exstiterunt
1218 3058 1394 3114 usque
1443 3043 1513 3099 ad
1568 3044 1822 3119 Aquilam
1869 3044 2034 3100 inter-

451 3146 656 3208 pretem
721 3137 837 3191 sive
901 3134 1063 3204 170
1111 3133 1180 3188 ad
1223 3134 1613 3190 duodecimum
1657 3136 1883 3190 Adriani
1935 3152 2034 3191 au-

450 3242 604 3289 num,
626 3226 1037 3292 anniccccxu,
1067 3240 1284 3282 menses
1318 3235 1574 3296 quatuor.

526 3340 674 3395 XIV.
698 3338 875 3396 Porro
912 3340 1193 3396 Adrianus
1225 3340 1331 3396 iste
1373 3355 1609 3411 corpore
1644 3341 1785 3396 male
1810 3339 2039 3397 aﬂ'ectus

452 3430 680 3487 medicis
704 3431 988 3497 omnibus,
1013 3431 1108 3500 qui
1134 3429 1191 3485 in
1211 3438 1327 3484 toto
1345 3429 1596 3486 Romano
1611 3431 1844 3502 imperio
1858 3439 2038 3497 erant,

452 3524 754 3590 arcessitis,
807 3525 876 3579 ad
929 3523 1260 3578 medicinam
1310 3526 1531 3595 corpori
1587 3541 1690 3581 suo
1732 3526 2037 3582 faciendam

454 3617 578 3672 illos
631 3616 902 3671 adhibuit.
948 3613 1054 3671 Sed
1101 3630 1227 3669 cum
1260 3630 1480 3671 omnem
1516 3632 1741 3688 operam
1775 3620 1897 3675 sine
1926 3620 2040 3674 ullo

454 3706 637 3762 fructu
671 3707 1009 3778 posuissent,
1044 3707 1114 3762 ab
1155 3707 1489 3778 imperatore
1535 3711 1648 3765 risu
1696 3725 1761 3765 ac
1802 3711 2041 3767 ludibrio

452 3799 625 3854 habiti
675 3807 806 3855 sunt
837 3818 850 3855 :
898 3816 1075 3871 usque
1109 3788 1269 3866 adeo,
1301 3808 1363 3856 nt
1397 3800 1640 3857 mordaci
1671 3803 1727 3857 in
1768 3803 1894 3860 illos
1923 3805 2042 3877 epi-

453 3890 592 3946 stola
636 3890 1039 3961 professioncm
1075 3891 1250 3962 ipsam
1292 3899 1580 3964 artemque
1626 3893 1938 3961 damnaret,
1981 3890 2041 3952 ut

452 3998 573 4054 quae
615 3982 752 4037 nihil
791 3983 861 4038 de
900 3984 1225 4054 aegritudine
1285 4000 1385 4040 sua
1435 3985 1709 4043 extrieare
1747 3990 2037 4057 potiusset.

454 4074 638 4144 Itaque
659 4072 714 4127 in
745 4071 1041 4145 lEgyptum
1070 4072 1376 4144 profectus,
1401 4090 1525 4130 cum
1553 4074 1725 4130 Roma
1748 4077 2040 4134 discedens

455 4167 620 4222 urbes
665 4168 811 4231 illas,
848 4183 971 4237 qua:
1019 4167 1074 4222 in
1122 4166 1322 4224 itinere
1354 4169 1546 4239 posita:
1586 4176 1739 4235 sunt,
1779 4171 1933 4225 obire
1975 4186 2039 4225 ac

453 4259 787 4328 perlustrare
828 4259 1011 4323 vellet,
1065 4269 1126 4314 ut
1163 4267 1284 4315 erat
1320 4260 1543 4316 videndi
1601 4261 2040 4332 explorandique

407 4403 410 4407 .
451 4350 711 4420 cupidus,
740 4350 882 4403 inter
927 4357 1156 4404 caeteras
1191 4349 1564 4413 Antiochiam,
1594 4367 1660 4406 ac
1695 4352 1901 4408 Cwlem
1936 4353 2032 4423 Sy-

455 4419 612 4507 riam,
658 4440 993 4506 Phoenicem,
1029 4449 1083 4495 et
1119 4439 1466 4496 Palaestinam
1511 4458 1635 4513 quae
1676 4441 1865 4499 Iudaea
1903 4419 2041 4498 diei-
2074 4419 2120 4475 Β

454 4544 564 4598 tur,
596 4548 743 4587 anno
779 4547 889 4604 qua
926 4549 1119 4591 eversa
1156 4533 1337 4591 fuerat
1369 4537 1609 4607 septimo
1641 4546 1696 4592 et
1724 4538 2037 4609 quadrage-

452 4628 595 4684 simo
618 4643 937 4700 peragrans,
959 4629 1393 4704 Hierosolymam
1408 4632 1824 4688 celeberrimam
1852 4633 2042 4688 urbem

454 4738 519 4777 ac
546 4722 946 4780 nobilissimam
983 4724 1294 4789 contendit,
1325 4741 1487 4796 quam
1524 4724 1684 4781 Titus
1716 4722 2065 4797 Vespasiani

456 4813 601 4871 filius
645 4814 891 4871 secundo
922 4815 1139 4886 imperii
1185 4817 1272 4871 sui
1306 4832 1451 4873 anno
1489 4817 1856 4875 subverterat.
1886 4809 2063 4873 Hanc.

455 4906 547 4961 ille
572 4908 692 4963 solo
727 4914 1030 4990 :eqnatam,
1058 4908 1320 4979 templum
1366 4909 1546 4980 ipsum
1593 4910 1940 4966 destructum
1977 4926 2042 4966 ac

451 5086 772 5159 dromo,aut
797 5102 969 5158 agone
991 5089 1255 5159 equestri,
1283 5090 1372 5145 cui
1399 5089 1533 5146 Laio
1565 5107 1762 5147 nomen
1800 5091 2033 5146 inditum

454 5158 548 5230 sit,
605 5158 1049 5230 nibilbacteuus
1084 5162 1344 5215 occurrit.
1392 5161 1734 5217 Crediderim
1779 5160 2030 5230 Lagium,

454 5227 678 5302 Λάτιον,
718 5228 787 5283 ab
829 5229 950 5299 ejus
980 5230 1287 5302 conditore,
1336 5232 1424 5302 vel
1458 5240 1683 5287 auctore
1722 5227 1905 5301 potius
1939 5249 2032 5302 ge-

453 5298 778 5373 nerisLago
809 5298 933 5373 eSse
962 5299 1190 5373 dictum.
1244 5301 1351 5356 Sed
1386 5303 1585 5356 mirum
1612 5310 1697 5357 est
1723 5298 1871 5373 quod
1907 5298 2033 5373 Epi-

454 5369 689 5440 phanius
719 5369 934 5435 scribit,
964 5387 996 5425 a
1041 5372 1186 5439 Lago
1210 5373 1492 5427 conditum
1538 5388 1663 5429 esse
1692 5369 2037 5431 Alexandria:

454 5441 677 5514 ίππικόν
736 5440 995 5514 illud,_et
1025 5441 1219 5497 Laium
1264 5444 1616 5512 appellatum,
1649 5453 1744 5498 aut
1785 5443 2033 5514 Lagium.

450 5509 637 5581 Neque
667 5512 814 5567 enim
846 5512 964 5569 seio
1000 5529 1071 5568 an
1104 5509 1486 5568 Alevandriam
1530 5514 1710 5581 Lagus
1742 5515 1847 5570 iste
1867 5509 2032 5570 vide-

452 5582 542 5644 rit,
573 5598 698 5652 quae
753 5582 973 5655 condita
1023 5594 1110 5641 est
1154 5583 1500 5655 iolympiadis
1533 5582 1638 5638 112
1682 5599 1829 5655 anno
1877 5599 1939 5652 ιι,
1971 5596 2031 5641 ιιι

453 5659 648 5726 auctor
684 5661 771 5726 est
799 5653 1089 5726 Diodorus.
1148 5653 1277 5726 Ejus
1315 5669 1476 5726 porro
1506 5655 1651 5710 filius
1682 5654 1868 5711 statim
1908 5665 2033 5723 post

453 5720 661 5777 obitum
709 5724 1003 5782 Alexandri
1057 5727 1113 5781 in
1179 5720 1586 5796 provinciarum
1642 5720 2032 5798 distributione

1851 272 1910 331 S.
1956 267 2294 328 EPIPHANII

2044 393 2093 452 Α
2191 388 2290 443 ll".
2333 381 2466 441 Εἶτα
2500 372 2737 456 βασιλείς
2786 382 3093 456 Ῥωμαίων.

3610 268 3720 329 260

2195 479 2508 549 -Λῠγουστος
2553 477 2649 551 ἔτη
2719 483 2800 543 νςθ
2829 472 3181 550 [ἐξ],οὗτινος
3225 478 3284 531 ὲν
3313 476 3392 548 τῷ
3447 494 3721 550 τεσσαρα-

2133 572 2312 644 κοστῷ
2346 571 2585 643 δευτέρῳ
2610 570 2720 625 ἔτει
2744 571 2773 623 ὁ
2807 569 3010 642 Κύριος
3047 569 3205 641 ἡμῶν
3246 568 3453 643 Ἰησοῦς
3484 572 3723 642 Χριστὸς

2134 666 2274 721 κατὰ
2298 666 2479 740 σάρκα
2499 665 2842 734 γεγέννηται.

2203 759 2453 832 Τιϐέριος
2481 759 2577 829 ἔτη
2606 764 2690 828 κγ’
2698 798 2713 819 .
2729 749 2792 811 οὗ
2824 756 2904 828 τῷ
2930 756 3383 829 ὀκτωκαιδεκάτῳ
3402 756 3512 811 ἔτει
3537 760 3567 812 ὁ
3587 759 3728 830 Χρι-

2134 853 2261 916 στὸς
2296 851 2656 924 ἐσταύρωται.

2206 945 2365 1008 Γάϊος
2395 942 2490 1013 ἔτη
2514 941 2583 1012 γ’,
2623 942 2797 1015 μῆνας
2823 941 2896 1007 0',
2939 941 3154 1014 ἡμέρας
3186 941 3290 995 κθ’.

2207 1123 2471 1187 Κλαύδιος
2494 1122 2589 1194 ἐτη
2624 1130 2713 1192 ιγ’,
2741 1123 2917 1194 μῆνας
2943 1122 3059 1187 δύο,
3086 1123 3216 1194 παρ’
3236 1121 3448 1194 ἡμέρας
3473 1121 3582 1176 δύο.

2204 1299 2395 1372 Νέρων
2428 1299 2525 1372 ἔτη
2557 1305 2646 1369 ιγ’,
2680 1299 2858 1370 μῆνας
2894 1299 2962 1365 ζ’,
2993 1297 3203 1369 ἡμέρας
3238 1294 3342 1362 κζ’.

2211 1484 2422 1549 Γαλϐὰς
2454 1484 2631 1555 μῆνας
2664 1484 2742 1548 ζ’.
2776 1481 2985 1555 ἡμέρας
3016 1489 3129 1548 κε’.

2215 1578 2391 1633 Ὄθων
2432 1577 2610 1649 μῆνας
2629 1583 2701 1648 γ’,
2720 1576 2938 1649 ἡμέρας
2962 1577 3026 1630 ε’.

2210 1671 2453 1735 Βιτέλιος
2476 1671 2654 1742 μῆνας
2690 1675 2781 1740 ιη’,
2812 1670 3026 1741 ἡμέρας
3053 1668 3141 1739 ιβ’⁴

2065 1735 2109 1791 Β
2210 1735 2616 1827 Οὐεσπασιανὸς
2652 1735 2745 1816 ιττζ
2777 1735 3057 1834 θ’,τμὲίινας
3077 1735 3148 1827 ξ’,
3182 1759 3395 1834 ἡμέρας
3431 1760 3518 1832 ιβ’.

2208 1947 2367 2009 Τῖτος
2386 1943 2483 2016 ἔτη
2514 1942 2630 2008 δύο,
2674 1942 2849 2013 μῆνας
2872 1939 2985 2005 δύο,
3010 1939 3225 2014 ἡμέρας
3267 1939 3380 1993 δύο.
3433 1937 3521 1992 Ἐν
3548 1937 3730 2011 τούτῳ

2138 2038 2216 2109 τῷ
2237 2038 2414 2109 χρόνῳ
2438 2035 2661 2105 γέγονεν
2714 2036 2749 2104 ἡ
2808 2033 3090 2105 ἐρήμωσις
3130 2030 3541 2103 Ἰεροσολύμων,
3585 2034 3727 2102 μετᾶ

2137 2126 2429 2198 ἑξηκοστὸν
2480 2124 2733 2196 πέμπτον
2776 2123 2896 2188 ἔτος
2925 2123 3024 2194 τῆς
3066 2121 3305 2195 Χριστοῦ
3341 2121 3726 2191 σταυρώσεως,

2132 2222 2232 2275 καὶ
2269 2219 2374 2293 ἡμέ
2383 2236 2480 2290 ρας
2513 2216 2685 2282 τινάς.

2210 2313 2533 2385 Δομετιανὸς
2560 2313 2657 2383 ἔτη
2687 2318 2769 2378 ιε’,
2808 2311 2984 2383 μῆνας
3003 2318 3063 2363 ε’.

2208 2404 2457 2474 Νερούας
2488 2402 2608 2468 ἔτος
2638 2401 2718 2468 ἓν,
2746 2402 2922 2474 μῆνας
2941 2399 3003 2454 δ’.

2204 2494 2474 2566 Τραϊανὸς
2502 2493 2600 2564 ἐτη
2633 2491 2717 2548 ιϐ’.

2223 2586 2496 2657 Ἀδριανὸς
2559 2586 2654 2655 ἔτη
2712 2591 2819 2650 κα¹,
2877 2580 3085 2655 οὗτινος
3140 2582 3219 2654 τῷ
3262 2582 3549 2653 δωδεκάτῳ
3614 2582 3726 2635 ἔτει

2151 2678 2381 2742 Ἀκύλας
2409 2677 2757 2751 ὲγνωρίζετο.

2219 2769 2354 2825 Ἀπὸ
2385 2766 2479 2826 οὖν
2498 2769 2806 2840 Αὐγούστου
2838 2770 2944 2834 ἕως
2972 2767 3252 2843 ’Λδριανοῦ
3288 2768 3383 2840 ἔτη
3420 2773 3529 2839 ρπ’,
3559 2768 3727 2838 μῆνες

2136 2865 2202 2927 δ’,
2232 2862 2386 2936 παρὰ
2414 2862 2629 2935 ἡμέρας
2667 2862 2711 2916 0’
2730 2880 2746 2897 υ
2779 2862 2855 2927 ὡς
2888 2857 3029 2917 εἶναι
3060 2862 3171 2916 ἀπὸ
3198 2860 3394 2933 χρόνου
3426 2859 3528 2929 τῆς
3548 2860 3727 2931 ἑρμη-

2137 2957 2285 3021 νείας
2298 2957 2408 3011 τῶν
2433 2955 2931 3029 Ἐὄδομηκονταδύο
2963 2954 3368 3029 Ἐρμηνευτῶν,
3385 2953 3493 3017 ἓως
3526 2950 3726 3005 ’Λκὺλα

2062 3077 2106 3135 C
2138 3048 2233 3104 τοῦ
2270 3048 2627 3122 ὲρμηνευτοῦ,
2663 3050 2829 3121 ἤγουν
2852 3048 2959 3112 ἕως
2988 3048 3290 3104 δωδεκάτου
3326 3046 3479 3110 ἔτους
3518 3046 3726 3118 Ἀδρια-

2110 3185 2115 3190 .
2140 3142 2254 3206 νοῦ,
2294 3142 2387 3210 ἔτη
2415 3143 2512 3206 ull,
2542 3143 2638 3199 καὶ
2674 3143 2853 3216 μῆνας
2883 3144 2946 3197 δ’.

2215 3344 2311 3396 ΙΔν.
2344 3333 2513 3403 Οὗτος
2533 3339 2590 3393 δὲ
2622 3340 2651 3391 ὁ
2692 3338 2970 3410 Ἀδριανὸς
3018 3337 3286 3410 λωϐηθεὶς
3316 3338 3379 3391 τὸ
3425 3335 3609 3406 σῶμα,
3631 3334 3728 3388 καὶ

2143 3432 2635 3507 μεταστειλάμενος
2663 3432 2811 3486 ἅπαν
2830 3431 2893 3484 τὸ
2922 3429 3127 3501 πλῆθος
3155 3430 3267 3483 τῶν
3296 3428 3403 3483 ὑπὸ
3437 3429 3535 3500 τὴν
3568 3426 3723 3498 βασιο

2141 3528 2289 3582 λείαν
2311 3526 2477 3582 αὐτοῦ
2515 3525 2735 3597 ἰατρῶν,
2768 3524 2938 3596 ᾔτησε
2978 3522 3109 3595 παρ’
3132 3522 3314 3577 αὐτῶν
3357 3520 3602 3593 ἰατρείαν
3633 3519 3727 3573 τοῦ

2145 3621 2396 3694 σώματος
2429 3620 2618 3676 αὐτοῦ.
2648 3621 2711 3674 0i
2754 3619 2813 3672 δὲ
2846 3617 3017 3672 πολλὰ
3046 3616 3411 3689 κεκμηκότες,
3435 3615 3532 3670 καὶ
3565 3613 3729 3685 μηδὲν

2140 3715 2459 3778 ἀνύσαντες,
2489 3711 2850 3785 ἐσκώφοησαν
2874 3712 2968 3765 ὑπ’
3005 3710 3196 3776 αὑτοῦ,
3226 3711 3305 3773 ὡς
3329 3710 3428 3763 καὶ
3444 3706 3730 3779 επιστολὴν

2141 3806 2497 3875 ὀνειδιστικὴν
2531 3803 2740 3877 γράψαι
2783 3806 2904 3858 κατ’
2932 3802 3136 3869 αὐτῶν,
3170 3803 3271 3874 τὴν
3306 3799 3506 3873 τέχνην
3555 3797 3730 3852 αὐτῶν

2141 3898 2509 3970 αἰτιωμένην,
2566 3897 2642 3958 ὡς
2707 3895 2872 3969 μηδὲν
2925 3896 3133 3951 εἰδυῖαν
3190 3895 3290 3966 τῆς
3341 3892 3731 3966 περικειμένης

2138 3989 2288 4061 αὐτῷ
2327 3990 2482 4044 νόσου
2539 3988 2725 4044 ἓνεκα.
2767 3988 3052 4043 Στέλλεται
3098 3987 3201 4060 τὴν
3244 3987 3473 4060 πορείαν
3506 3986 3602 4039 ἐπὶ
3633 3984 3731 4055 τὴν

2141 4085 2250 4138 τῶν
2266 4083 2583 4154 Αἰγυπτίων
2603 4082 2731 4154 γῆν.
2754 4082 2906 4138 Ἔδει
2922 4081 2979 4135 δὲ
3001 4081 3164 4136 αὐτὸν
3180 4080 3289 4136 ἀπὸ
3320 4080 3420 4151 τῆς
3447 4078 3731 4152 Ῥωμαίων

2141 4179 2237 4232 ἐπὶ
2251 4179 2349 4243 τὰς
2371 4178 2499 4250 ἑξῆς
2516 4175 2882 4250 προϐαίνοντα
2900 4175 3105 4241 πόλεις,
3124 4174 3331 4239 ταύτας
3346 4172 3698 4228 κατοπτεύειν
3715 4182 3728 4197 ·

2138 4266 2210 4340 ἦν
2263 4271 2373 4343 γὰρ
2415 4272 2446 4323 ὁ
2490 4269 2632 4340 ἀνὴρ
2688 4268 3009 4340 φιλοῒστωρ.
3035 4267 3318 4339 Διέρχεται
3343 4261 3438 4320 οὖν
3482 4267 3581 4338 τὴν
3615 4267 3731 4319 Ἀν-

2142 4365 2324 4434 τιοχου
2353 4361 2527 4428 πόλιν,
2564 4360 2885 4433 ὑπερϐαίνει
2909 4377 2968 4414 τε
2991 4361 3092 4431 τὴν
3120 4360 3321 4430 Κοίλην
3348 4361 3445 4413 καὶ
3481 4359 3580 4430 τὴν
3609 4359 3729 4411 Φοι-

2146 4456 2323 4526 νίκην,
2384 4454 2481 4507 καὶ
2519 4451 2739 4525 ἔρχεται
2789 4454 2872 4518 είς
2930 4452 3029 4525 τὴν
3082 4452 3469 4523 Παλαιστίνην,
3500 4453 3603 4524 τὴν
3642 4452 3733 4506 καὶ

2163 4547 2420 4601 Ἰουδαίαν
2471 4546 2837 4618 καλουμένην,
2876 4547 3016 4618 μετὰ
3056 4546 3151 4616 ἐτη
3176 4546 3262 4618 μζν
3299 4546 3399 4617 τῆς
3428 4546 3540 4601 τῶν
3576 4546 3735 4618 Ἱερο-

2146 4638 2395 4710 σολύμων
2428 4637 2784 4712 ἐρημώσεως.
2806 4639 2918 4691 Καὶ
2944 4637 3150 4693 ἄνεισιν
3172 4638 3266 4690 ἐπὶ
3294 4637 3364 4691 τὰ
3390 4636 3734 4708 Ἱεροσόλυμα

2141 4729 2241 4800 τὴν
2266 4727 2598 4801 περίπυστον
2630 4728 2785 4784 πόλιν
2820 4730 2913 4783 καὶ
2945 4728 3272 4800 ὀνομαστὴν,
3304 4728 3371 4800 ἢν
3399 4726 3735 4800 κατέστρεψε

2144 4821 2301 4884 Τῖτος
2325 4819 2739 4876 υύεσπασιανοῦ
2781 4823 2912 4885 παῖς
2959 4820 3040 4890 τῷ
3088 4818 3328 4890 δευτέρῳ
3358 4817 3470 4872 ἔτει
3502 4818 3604 4888 τῆς
3642 4818 3736 4872 αὑ-

2141 4911 2238 4965 τοῦ
2272 4912 2568 4984 βασιλείας.
2604 4915 2715 4969 Καὶ
2750 4906 2877 4985 εὗρε
2904 4914 3004 4985 τὴν
3036 4913 3189 4966 πόλιν
3225 4912 3408 4965 πᾶσαν
3431 4910 3737 4981 ὴδαφισμέ-

2137 5095 2591 5170 Alexandriamet
2623 5098 2920 5170 lEgyptum
2946 5096 3201 5151 obtinuit.
3222 5096 3519 5170 Quareaut
3542 5106 3732 5170 super-

2140 5169 2270 5222 stite
2296 5168 2477 5224 adhuc
2508 5163 2820 5227 Alexandro
2854 5175 3137 5237 superstes
3165 5173 3220 5222 et
3252 5163 3581 5237 ipsequagus
3609 5163 3730 5216 Ale-

2141 5239 2427 5311 xandriam
2476 5241 2751 5311 ejusmodi
2795 5233 2982 5309 aliquo
3037 5252 3204 5308 opere
3239 5233 3583 5311 nobilitavit:
3642 5239 3736 5285 aut

2138 5309 2258 5384 ejus
2285 5311 2426 5367 filius
2459 5305 2781 5383 Lagidarum
2802 5305 3229 5384 monumentum
3252 5308 3313 5384 in
3339 5305 3586 5384 ejusdem
3612 5318 3738 5372 opo-

2140 5381 2217 5435 ris
2247 5379 2611 5454 appellatione
2633 5382 2944 5454 constituit,
2965 5395 3087 5454 quae
3110 5379 3392 5454 posterior
3416 5379 3734 5454 conjectura

2141 5445 2474 5525 probabilior
2504 5461 2608 5525 est.
2650 5445 2902 5525 DeLago
2931 5445 2996 5507 et
3020 5445 3314 5525 Pto'lemreo
3343 5446 3466 5525 eius
3490 5445 3600 5525 filio
3630 5458 3739 5525 nie-

2144 5518 2412 5598 morabile
2440 5523 2699 5595 quiddam
2731 5518 2877 5598 leges
2908 5522 3054 5594 apud
3081 5520 3331 5598 Suidam.
3362 5518 3736 5598 (Dissertatio-

2140 5609 2265 5647 nem
2296 5595 2365 5649 de
2400 5588 2810 5663 imperatorum
2823 5588 3195 5648 Romanorum
3230 5588 3592 5663 clironqlogig
3615 5600 3737 5663 «ιιιεει

2140 5664 2228 5720 hic
2260 5665 2317 5718 in
2331 5652 2572 5720 editione
2599 5664 2806 5720 Petavii
2837 5665 3191 5735 sequebatur,
3212 5661 3340 5718 vide
3357 5652 3528 5716 infra:
3552 5652 3734 5722 Eutr.)
