4018 6210
366 294 467 352 261

1331 311 1534 368 LIBER
1575 312 1663 370 DE
1703 314 2061 379 MENSURIS
2102 324 2190 381 ET
2231 329 2695 395 PONDERIBUS.

3560 365 3664 420 εσςι

365 434 487 486 νην,
517 419 611 472 καὶ
639 421 695 473 τὸ
727 420 874 493 ίερὸν
914 423 1009 477 τοῦ
1051 425 1187 481 Θεοῦ
1229 437 1789 506 καταπεπατημένον,
1832 456 1931 511 παρ

366 510 526 551 ειτῆι·
580 511 631 551 ἦ)
647 512 779 551 {vanu
837 517 1157 551 n'vtnnl‘ara-un
1187 523 1278 551 ...Α
1322 525 1420 551 -1-
1443 527 1536 551 _-.‘:
1569 528 1704 551 o-__~
1745 531 1895 551 sn,,,,\
1928 550 1931 551 ,

2038 452 2451 515 ,proculcatnm
2504 460 2725 528 reperit,
2779 465 2970 532 paucis
3015 470 3228 527 aedibus
3280 485 3547 551 exceptis,
3600 503 3664 542 ac

366 510 526 572 εκτὸς
580 511 779 580 ὀλίγων
837 517 1157 587 οἰκημάτων
1187 523 1283 574 καὶ
1321 525 1420 595 τῆς
1442 527 1538 580 τοῦ
1568 528 1705 582 Θεοῦ
1745 510 1972 604 Ἐκκλη-

367 599 509 665 σίας,
545 606 748 676 μικρᾶς
782 605 971 678 οὔσης,
1000 609 1129 664 ἔνθα
1145 613 1590 686 ὑποστρέψαντες
1623 623 1671 673 οἰ
1698 599 1966 694 μαθηταί,

363 694 454 747 ὅτε
484 698 513 748 ό
540 697 733 769 Σωτὴρ
759 699 1039 773 ἀνελήφθη
1072 705 1181 757 ἀπὸ
1204 707 1299 760 τοῦ
1346 709 1654 775 Ἐλαιῶνος,
1690 714 1965 786 ἀνέϐησαν

363 788 446 848 εἰς
470 787 533 840 τὸ
568 789 838 861 ὑπερῷον.
885 794 1036 849 Ἐκεῖ
1072 798 1181 868 γὰρ
1213 800 1552 872 ᾠκοδόμητο,
1587 808 1863 862 τουτέστιν
1907 813 1966 863 ἐν

361 878 441 948 τῷ
497 883 654 952 μέρει
722 884 900 948 Σιὼν,
968 888 1090 957 ἣτις
1141 891 1250 943 ἀπὸ
1301 894 1400 963 τῆς
1450 895 1782 967 ἐρημώσεως
1835 917 1969 972 παρ-

363 970 573 1041 ελήφθη
613 972 652 1037 ¹,
673 974 767 1027 καὶ
799 975 941 1047 μέρη
996 978 1264 1049 οἰκήσεων
1294 985 1426 1054 περί
1463 986 1634 1057 αὐτὴν
1670 988 1767 1059 τὴν
1791 990 1955 1056 Σιὼν,

367 1064 457 1116 καὶ
483 1065 624 1119 ἐπτά
652 1070 986 1138 συναγωγαὶ,
1020 1072 1077 1125 αἶ
1104 1073 1162 1125 ἐν
1187 1076 1256 1145 τῇ
1290 1077 1430 1130 Σιὼν
1450 1079 1608 1149 μόναι
1632 1081 1958 1153 ἑστήκεσαν,

359 1156 437 1218 ὡς
469 1157 724 1224 καλύϐαι,
779 1160 839 1225 ἐξ
893 1154 971 1214 ὧν
1024 1164 1123 1233 μία
1163 1168 1502 1241 περιελήφθη
1546 1174 1589 1237 ³,
1620 1174 1726 1237 ἕως
1769 1176 1958 1247 χρόνου

362 1250 672 1321 Μαξιμωνᾶ
723 1252 817 1306 τοῦ
864 1256 1171 1311 ἐπισκόπου
1235 1262 1332 1314 καὶ
1384 1265 1801 1321 Κωνσταντίνου
1862 1270 1958 1324 τοῦ

363 1340 647 1411 βασιλέως,
678 1346 754 1409 ὡς
784 1348 988 1417 σκηνὴ
1015 1349 1086 1403 ἐν
1110 1352 1438 1420 ἀμπελῶνι,
1464 1358 1605 1410 κατά
1638 1358 1698 1411 τὸ
1712 1375 1956 1432 γεγραμ-

361 1435 545 1505 μένον.
578 1438 879 1492 Διανοεῖται
919 1436 1013 1494 οὖν
1045 1444 1073 1495 ό
1115 1444 1394 1515 ’Λδριανὺς
1437 1447 1537 1519 τὴν
1563 1444 1718 1503 πόλιν
1750 1452 1953 1517 κτίσαι,

356 1526 419 1579 οὐ
448 1527 555 1598 μὴν
582 1528 642 1581 τὸ
671 1530 833 1599 ἱερόν.
870 1533 979 1585 Καὶ
1008 1532 1188 1587 λαϐὼν
1227 1538 1317 1589 τὸν
1367 1539 1599 1593 ’Λκύλαν
1628 1541 1822 1596 τοῦτον
1860 1544 1953 1597 τὸν

357 1621 755 1691 προειρημένον
786 1624 1148 1697 ἐρμηνευτὴν,
1187 1628 1424 1698 Ἕλληνα
1463 1630 1614 1696 ὅντα,
1657 1634 1751 1687 καὶ
1783 1634 1949 1689 αὐτοῦ

354 1711 697 1784 πενθερίδην,
727 1716 834 1767 ἀπὸ
861 1716 1112 1789 Σινώπης
1148 1720 1204 1772 δὲ
1240 1721 1338 1791 τῆς
1368 1724 1570 1776 Πόντου
1598 1724 1943 1796 ὁρμώμενον,

2078 554 2242 608 parva
2280 548 2516 613 quadam
2555 551 2994 613 Christianorum
3029 565 3283 633 ecclesia,
3334 548 3456 639 quae
3501 575 3553 629 in
3596 594 3664 634 eo

2076 629 2195 685 loco
2223 638 2531 693 constituta
2586 640 2785 710 fuerat,
2832 646 2887 701 in
2919 665 3080 719 quem
3115 629 3400 728 discipuli,
3445 673 3661 732 postea-

2070 735 2233 789 quam
2284 725 2538 781 Salvator
2583 731 2637 785 in
2672 737 2872 791 cmlum
2925 755 2993 795 ex
3046 742 3239 799 Oliveti
3292 760 3477 808 monte
3528 759 3660 812 sub-

2070 820 2261 867 vectus
2287 824 2394 878 est,
2425 833 2547 873 sese
2576 823 2907 891 recipientcs
2934 836 3283 891 cmnaculum
3315 847 3657 903 conscende-

2069 909 2219 955 runt.
2256 902 2386 961 Erat
2416 907 2507 961 illa
2538 911 2776 979 quadam
2811 916 2865 970 in
2907 919 3093 978 Sionis
3127 937 3281 995 parte
3315 944 3651 1002 constructa,

2069 1006 2190 1061 qua:
2212 995 2421 1051 civitati
2450 1002 2819 1071 superfuerat,
2860 1024 2984 1064 cum
3018 1011 3171 1069 Sioni
3204 1022 3529 1094 propinquis
3555 995 3654 1084 ali:

2065 1095 2198 1154 quot
2227 1089 2497 1156 adificiis,
2530 1108 2594 1149 ac
2632 1107 2840 1167 septem
2875 1108 3187 1175 synagogis,
3220 1089 3342 1180 quae
3376 1116 3427 1168 in
3459 1120 3651 1174 eodem

2064 1187 2251 1235 monte
2293 1185 2427 1239 solae
2472 1187 2617 1241 velut
2665 1193 2884 1261 tuguria
2927 1200 3304 1268 perstiterant,
3343 1222 3409 1260 ex
3449 1212 3655 1279 quibus

2064 1285 2171 1325 una
2204 1274 2473 1331 duntaxat
2530 1280 2597 1333 ad
2635 1279 2960 1342 Maximonae
2998 1293 3250 1359 praesulis
3284 1303 3338 1350 et
3367 1274 3647 1355 Constan-

2060 1365 2159 1419 tiui
2204 1366 2555 1438 imperatoris
2592 1386 2840 1447 tempora
2873 1382 3024 1451 velut
3067 1386 3444 1443 umbraculum
3478 1395 3533 1447 in
3568 1396 3647 1449 vi-

2058 1471 2156 1509 nea
2180 1456 2223 1518 ³,
2267 1470 2320 1513 ιιι
2365 1459 2666 1533 Scriptura:
2695 1467 2881 1524 verbis
2918 1480 3060 1537 utar,
3106 1476 3299 1531 relicta
3330 1480 3643 1540 videbatur.

2058 1545 2205 1601 lntcr
2227 1547 2341 1605 haec
2381 1552 2661 1613 Adrianus
2706 1560 2773 1614 de
2818 1563 2956 1617 urbe
2986 1566 3101 1619 sola
3135 1567 3495 1627 instauranda
3524 1577 3645 1633 sine

2059 1640 2262 1706 templo
2308 1643 2583 1713 cogitans,
2620 1647 2873 1718 Aquilam
2926 1653 3077 1707 illum
3119 1655 3441 1729 Scriptum,
3474 1680 3641 1733 quem

2055 1728 2316 1795 diximus,
2348 1734 2699 1807 interpretem
2736 1740 2984 1799 Graecum
3026 1747 3325 1814 hominem,
3359 1770 3641 1812 socerum-

354 1803 674 1875 καθίστησιν
720 1807 884 1861 αὐτὸν
923 1808 1099 1862 ἐκεῖσε
1140 1812 1452 1866 ἐπιτάττειν
1484 1818 1598 1878 τοῖς
1625 1815 1807 1885 ἔργοις
1833 1819 1931 1872 τῶι

354 1893 455 1917 -Ζρ
516 1895 721 1917 -Ι“λ--.-
780 1913 861 1917 -Α-.
881 1896 984 1917 -ῌῙμ
1168 1901 1181 1916 ο
1325 1901 1350 1917 Λ
1457 1902 1470 1917 \
1604 1907 1631 1917 ,ι
1750 1907 1781 1917 ιι
1918 1910 1929 1917 .

2042 1836 2155 1889 quc
2170 1837 2329 1876 suum
2350 1824 2574 1896 SinOpe,
2592 1833 2733 1899 quod
2749 1832 2909 1888 Ponti
2926 1838 3183 1908 oppidum
3205 1854 3308 1907 est,
3324 1847 3636 1917 oritmdum,

350 1893 455 1963 τῆς
513 1895 721 1958 πόλεως
780 1896 1118 1967 κτισμάτων,
1164 1901 1521 1967 ἐπιτεθεικὼς
1567 1907 1635 1975 τῇ
1693 1907 1845 1961 πόλει
1882 1910 1943 1963 τὸ

351 1986 483 2039 ἴδιον
518 1988 687 2058 δνομα
736 1991 829 2043 καὶ
864 1990 958 2044 τοῦ
990 1991 1281 2061 βασιλικοῦ
1313 1994 1580 2066 ὀνόματος
1599 1997 1690 2050 τὸν
1725 2016 1941 2069 χρημα-

345 2080 564 2149 τισμόν.
609 2082 696 2144 Ὠς
724 2081 833 2153 γάρ
867 2084 1073 2147 ἐκεῖνος
1107 2084 1396 2156 ὠνόμαστο
1422 2089 1606 2154 Αἴλιος
1640 2091 1938 2163 Ἁδριανὸς,

346 2169 520 2232 οὕτως
549 2171 641 2223 καὶ
671 2172 770 2242 τὴν
803 2172 955 2226 πόλιν
980 2173 1265 2246 ὠνόμασεν
1291 2177 1499 2233 Αἰλίαν.

421 2285 518 2336 lE'.
561 2283 623 2339 Ὁ
654 2284 832 2338 τοίνυν
876 2284 1107 2349 ’Λκύλας
1132 2287 1336 2356 διάγων
1366 2290 1423 2342 ἐν
1444 2292 1509 2361 τῇ
1560 2291 1935 2363 Ἰερουσαλὴμ,

344 2374 439 2426 καὶ
508 2374 649 2445 ὀρῶν
692 2376 817 2438 τοὺς
877 2376 1125 2446 μαθητὰς
1180 2379 1288 2431 τῶν
1331 2379 1588 2453 μαθητῶν
1622 2383 1937 2436 ἀποστόλων

346 2465 641 2531 ἀνθοῦντας
678 2470 744 2539 τῇ
775 2467 978 2531 πίστει,
1028 2469 1121 2523 καὶ
1152 2473 1353 2541 σημεῖα
1381 2473 1592 2543 μεγάλα
1628 2475 1932 2547 ἐργαζομέ-

342 2576 467 2622 νους
503 2560 698 2612 ἰάσεων
733 2560 827 2613 καὶ
870 2560 1045 2614 ἄλλων
1075 2560 1395 2633 θαυμάτων·
1423 2560 1627 2635 (Ἦσαν
1657 2568 1765 2639 γὰρ
1797 2569 1931 2621 ὑποι

344 2652 674 2722 στρέψαντες
702 2652 810 2705 ἀπὸ
834 2652 1039 2725 Πέλλης
1072 2653 1173 2724 τῆς
1196 2654 1403 2720 πόλεως
1429 2659 1509 2720 εἰς
1554 2658 1931 2731 Ἰερουσαλὴμ,

340 2745 434 2797 καὶ
472 2744 833 2807 διδάσκοντες.
871 2745 1065 2799 Ἦνίκα
1106 2744 1213 2817 γὰρ
1240 2746 1514 2820 ἔμελλενὴ
1538 2750 1691 2814 πόλις
1714 2752 1932 2805 ἁλίσκε-

340 2835 466 2889 σθαι
510 2836 614 2888 ὑπὸ
664 2834 776 2889 τῶν
826 2835 1142 2907 Ῥωμαίων,
1183 2840 1776 2913 προεχρηματίσθησαν
1826 2844 1931 2896 ὑπὸ

338 2930 572 2998 ἀγγέλου
604 2929 804 2993 πάντες
843 2930 891 2982 οἱ
931 2929 1173 3001 μαθηταὶ
1210 2932 1543 3000 μεταστῆναι
1568 2933 1676 2986 ἀπὸ
1700 2934 1801 3003 τῆς
1828 2934 1927 2989 πό-

336 3025 494 3084 λεως,
521 3020 821 3091 μελλούσης
844 3020 1011 3089 ἄρδην
1036 3018 1389 3076 ἀπόλλυσθαι,
1419 3021 1630 3086 Οίτινες
1650 3024 1742 3076 καὶ
1774 3042 1929 3094 μετα-

338 3112 529 3165 νάσται
586 3112 868 3183 γενόμενοι
911 3109 1136 3181 ᾤκησαν
1173 3114 1229 3164 ἐν
1261 3110 1434 3182 Πέλλῃ
1465 3115 1531 3183 τῇ
1571 3131 1927 3187 προγεγραμ-

2049 1914 2359 1969 relicicndze
2391 1918 2509 1972 urbi
2538 1923 2787 1989 praeﬁcit,
2817 1942 2979 1995 quam
3016 1930 3084 1984 de
3115 1947 3173 1985 se
3201 1948 3265 1987 ac
3307 1934 3373 1989 de
3396 1938 3635 2007 impera-

2050 2005 2190 2058 torio
2248 2009 2469 2064 nomine
2517 2016 2780 2083 appellari
2840 2019 3049 2085 voluit,
3098 2022 3360 2080 nimirum
3405 2027 3632 2098 Ailiam,

2046 2108 2172 2148 cum
2203 2095 2384 2153 fElius
2411 2100 2687 2159 Adrianus
2723 2107 2840 2177 ipse
2869 2119 3177 2168 vocaretur.

2120 2272 2275 2342 171
2312 2272 2428 2331 XV.
2462 2277 2659 2348 Aquila
2690 2296 2818 2337 vero
2841 2282 3238 2359 Hierosolymis
3272 2292 3497 2364 degens,
3530 2312 3628 2352 eo-

2044 2379 2298 2435 rumque,
2338 2370 2432 2439 qui
2463 2373 2842 2440 apostolornm
2874 2378 3155 2436 auditores
3184 2381 3423 2451 fuerant,
3456 2386 3627 2445 disci-

2042 2459 2203 2526 pulos
2254 2460 2356 2515 lide
2400 2476 2464 2516 ac
2512 2465 2717 2534 pietate
2770 2468 3026 2527 ﬂorentes
3064 2475 3334 2543 stupenda
3366 2480 3614 2547 quaedam

2042 2551 2287 2623 prodigia
2332 2558 2591 2612 curandis
2623 2562 2972 2630 corporibus,
3002 2577 3067 2620 ac
3108 2569 3325 2624 caeteris
3365 2571 3417 2625 id
3453 2587 3627 2641 genus

2015 2642 2307 2700 facientes
2346 2648 2958 2725 animadvertens:(jam
2999 2657 3145 2711 enim
3193 2674 3259 2713 ex
3305 2661 3443 2715 urbe
3476 2662 3623 2718 Pella

2040 2734 2270 2791 reduces
2293 2737 2491 2794 docere
2516 2751 2818 2811 cmperant.
2846 2742 2982 2800 Nam
3021 2764 3146 2803 cum
3179 2751 3333 2807 urbis
3365 2768 3394 2805 a
3422 2752 3624 2809 Roma-

2038 2827 2125 2881 nis
2165 2828 2398 2885 instaret
2431 2834 2731 2900 excidium,
2780 2836 3037 2908 discipuli
3079 2854 3273 2896 omnes
3314 2843 3383 2897 ab
3424 2848 3623 2915 angelo

2038 2919 2231 2971 moniti
2270 2930 2425 2985 sunt,
2462 2932 2521 2976 ut
2551 2940 2619 2977 ex
2660 2940 2723 2979 ea
2760 2927 2895 2980 urbe
2928 2928 3249 2999 migrarent,
3279 2949 3401 3002 quas
3437 2935 3619 2990 fundi-

2037 3015 2128 3061 tus
2169 3011 2463 3066 evertenda
2498 3016 2661 3082 paulo
2707 3025 2832 3086 post
2881 3017 3042 3074 foret.
3089 3018 3228 3077 Hinc
3262 3024 3340 3077 illi
3377 3041 3444 3079 ex
3482 3028 3619 3083 urbe

2037 3100 2294 3170 digressi,
2335 3101 2539 3159 Pellam
2575 3122 2697 3163 sese
2724 3110 3031 3179 rccipiunt,
3062 3115 3209 3182 quod
3242 3117 3501 3186 oppidum
3534 3120 3619 3173 ul-

338 3205 476 3277 μένῃ
510 3171 685 3267 πόλει,
718 3171 1045 3274 ’πέρανΙτοίῖ
1097 3203 1387 3273 Ἰορδάνου,
1430 3204 1554 3273 ἥτις
1598 3206 1662 3257 ἐκ
1693 3208 1927 3261 Δεκαπό-

2038 3200 2115 3245 tra
2164 3191 2457 3251 Iordanem
2510 3198 2567 3251 in
2619 3198 2874 3270 Decapoli
2920 3214 3259 3262 numeratur.
3317 3207 3444 3263 Inde
3492 3222 3616 3281 post

335 3299 471 3360 λεως
502 3298 719 3366 λέγεται
755 3294 913 3350 εἶναι.
940 3296 1094 3350 Μετά
1121 3296 1297 3367 δὲτὴν
1326 3298 1608 3368 ἐρήμωσιν
1650 3299 1924 3370 Ἰερουσα-

333 3390 443 3460 λὴμ
488 3388 1033 3460 ἐπαναπρέψαντες,
1089 3388 1163 3452 ὡς
1227 3388 1392 3459 ἔφην,
1458 3393 1660 3459 σημεῖα
1716 3393 1927 3461 μεγάλα

333 3481 671 3551 ἐπετέλουν’)
728 3484 757 3534 ὁ
806 3478 899 3533 οὖν
925 3479 1156 3543 ’Λκύλας
1188 3481 1513 3547 κατανυγεὶς
1539 3480 1635 3551 τὴν
1662 3481 1921 3549 διάνοιαν,

330 3574 409 3644 τῷ
430 3572 842 3645 Χριστιανισμῷ
863 3572 1197 3627 ἐπίστευσεν.
1222 3574 1463 3644 Λίτησας
1488 3573 1543 3625 δὲ
1575 3574 1713 3643 μετὰ
1734 3577 1922 3646 χρόνον

329 3668 429 3739 τὴν
478 3670 535 3719 ἐν
596 3667 817 3738 Χριστῷ
870 3666 1162 3738 σφραγῖδα,
1202 3666 1512 3737 ἐκομίσατο.
1561 3668 1689 3720 Ἀπὸ
1729 3668 1785 3720 δέ
1822 3667 1922 3737 τῆς

331 3758 555 3831 πρώτης
579 3758 742 3812 αὐτοῦ
788 3758 955 3825 ἕξεως
986 3759 1062 3830 μὴ
1097 3759 1486 3829 μεταθέμενος,
1521 3759 1612 3811 τοῦ
1646 3760 1921 3814 πιστεύειν

328 3853 572 3923 δηλονότι
601 3854 666 3923 τῇ
691 3851 898 3923 ματαία
921 3850 1276 3922 ἀστρονομίᾳ,
1297 3853 1362 3921 ἣν
1385 3852 1631 3922 ἀκριϐῶς
1656 3853 1921 3906 ἐκπεπαί-

326 3946 483 3999 δευτο
503 3960 515 3972 ⁸
554 3944 687 3997 ἀλλά
720 3944 842 3995 καθ’
863 3942 1099 4015 ἑκάστην
1125 3943 1339 4013 ἡμέραν
1367 3942 1428 3994 τὸ
1456 3941 1597 4013 Θὲμα
1626 3943 1726 4012 τῆς
1754 3944 1917 3997 αὑτοῦ

328 4037 592 4106 γενέσεως
630 4036 1019 4106 σκεπτόμενος,
1077 4034 1433 4105 ἐλεγχόμενός
1462 4052 1521 4087 τε
1554 4035 1659 4088 ὑπὸ
1697 4037 1805 4089 τῶν
1842 4037 1919 4089 δι-

325 4129 631 4191 δασκάλων,
664 4129 759 4181 καὶ
785 4126 1188 4198 ἐπιτιμώμενος
1212 4126 1378 4179 ἕνεκα
1414 4125 1626 4190 τούτου,
1663 4126 1737 4197 μὴ
1769 4128 1915 4198 διορ-

328 4221 588 4292 θούμενος
620 4220 696 4285 δὲ,
729 4219 868 4273 ἀλλά
912 4220 1003 4272 καὶ
1051 4217 1367 4286 φιλονείκως
1406 4217 1604 4286 μᾶλλον
1651 4217 1917 4271 ἀντιτιθέ-

329 4331 509 4384 μενος,
566 4313 660 4366 καὶ
691 4310 938 4364 σπεύδων
981 4311 1234 4379 συνιστᾷν
1265 4307 1333 4361 τά
1376 4307 1674 4372 ἀσύστατα,
1699 4309 1797 4379 τὴν
1840 4309 1915 4362 εἰ-

327 4400 612 4472 μαρμένην
657 4400 901 4471 δηλονότι
954 4398 1146 4452 καὶτὰ
1193 4398 1321 4467 περὶ
1366 4398 1539 4467 αὐτῆς
1578 4397 1910 4470 διηγήματα,

324 4492 564 4563 ἐξεώσθη
616 4493 777 4545 πάλιν
816 4493 912 4563 τῆς
950 4491 1295 4560 Ἐκκλησίας,
1340 4490 1416 4554 ὡς
1464 4490 1735 4563 ἄχρηστος
1777 4492 1913 4564 πρὸς
1945 4513 1987 4567 D

325 4587 619 4656 σωτηρίαν.
667 4585 993 4657 Πικρανθεὶς
1025 4585 1080 4637 δὲ
1107 4584 1203 4655 τὴν
1249 4584 1487 4639 διάνοιαν
1519 4585 1594 4648 ὡς
1628 4586 1909 4655 ἠτιμωμέ-

323 4694 431 4739 νος,
464 4679 543 4739 εἰς
565 4676 727 4745 ζῆλον
754 4677 979 4746 μάταιον
1001 4675 1235 4744 αἴρεται,
1261 4675 1352 4727 καὶ
1376 4674 1463 4727 τὸν
1479 4675 1909 4745 Χριστιανισμὸν

319 4769 718 4839 ἀρνησάμενος,
752 4768 845 4821 καὶ
878 4767 977 4838 τὴν
1006 4766 1170 4819 αὑτοῦ
1198 4765 1363 4836 ζωὴν,
1402 4765 1794 4836 προσηλυτεύει
1817 4767 1909 4820 καὶ

320 4858 708 4929 περιτέμνεται
722 4857 992 4921 Ἰουδαῖος,
1012 4858 1103 4909 καὶ
1124 4856 1396 4919 ἐπιπόνως
1416 4856 1909 4927 φιλοτιμησάμενος

317 4952 576 5017 ἐξέδωκεν
594 4952 784 5005 ἑαυτὸν
805 4950 994 5023 μαθεῖν
1017 4949 1113 5021 τὴν
1129 4949 1395 5021 Ἐϐραίων
1419 4950 1717 5015 διάλεκτον,
1734 4952 1909 5005 καὶτὰ

317 5045 497 5097 αὐτῶν
522 5046 783 5114 στοιχεῖα.
821 5042 1038 5113 Ταύτην
1062 5043 1118 5097 δὲ
1146 5042 1423 5113 ἀκρότατα
1454 5040 1792 5106 παιδευθεὶς,
1810 5045 1909 5115 ἡρ-

322 5141 613 5210 μήνευσεν,
644 5139 745 5191 οὐκ
767 5136 911 5209 ὀρθῷ
932 5134 1176 5208 λογισμῷ
1222 5134 1589 5206 χρησάμενος,
1621 5135 1734 5187 ἀλλ’
1759 5136 1908 5199 ὅπως

316 5231 613 5301 διαστρέφῃ
636 5227 758 5283 τινά
790 5226 897 5281 τῶν
932 5227 1133 5297 ῥητῶν,
1164 5225 1441 5295 ἐνσκήψας
1474 5226 1539 5295 τῇ
1570 5222 1677 5276 τῶν
1721 5223 1904 5278 Ἑϐδο-

322 5322 658 5393 μηκονταδύο
718 5320 982 5391 ἑρμηνείᾳ
1009 5334 1022 5348 ·
1052 5318 1136 5370 ἵνα
1161 5317 1229 5371 τὰ
1258 5334 1320 5370 πε
1333 5317 1385 5388 pi.
1426 5316 1661 5386 Χριστοῦ
1697 5318 1754 5368 ἐν
1784 5320 1903 5381 ταῖς

320 5415 561 5487 Ι“ραφαίς
621 5411 1121 5484 μεμαρτυρημένα,
1172 5409 1344 5472 ἄλλως
1410 5408 1659 5472 ἐκδώσει,
1716 5408 1782 5460 δ;’
1836 5410 1901 5481 ἢν

319 5502 463 5576 εἶχεν
496 5506 649 5573 αἰδῶ,
684 5507 762 5568 εἰς
800 5504 994 5571 ἄλογον
1020 5500 1185 5554 αὐτοῦ
1224 5500 1539 5569 ἀπολογίαν.

2029 3298 2277 3340 eversam
2312 3288 2501 3343 urbem
2544 3295 2781 3361 regressi
2820 3293 3156 3365 ingentibus,
3203 3299 3283 3353 uti
3329 3301 3462 3379 dixi,
3498 3304 3613 3358 cla-

2031 3391 2189 3430 rucre
2224 3378 2567 3453 uiiraculisz)
2604 3380 2801 3439 horum
2837 3389 3237 3445 consuetudine
3263 3378 3615 3450 vehementer

2028 3467 2213 3522 animo
2257 3480 2565 3529 couunotus
2614 3474 2814 3545 Aquila
2870 3476 3238 3535 Christianam
3292 3485 3612 3554 religionem

2028 3560 2398 3627 amplectitur.
2444 3563 2584 3618 Tum
2629 3566 2914 3637 aliquanto
2977 3578 3225 3642 tempore
3280 3574 3608 3645 intcrjecto,

2025 3645 2354 3705 Christiana:
2397 3654 2762 3722 professionis
2794 3659 3031 3728 sigillum
3073 3663 3152 3715 uti
3194 3665 3426 3733 petierat
3468 3667 3611 3721 obti-

2024 3749 2135 3795 net.
2165 3740 2364 3797 Verum
2395 3761 2519 3800 cum
2562 3763 2591 3801 a
2622 3750 2790 3817 priori
2820 3766 2943 3813 usu,
2978 3754 3331 3826 moribusque
3352 3775 3459 3812 non
3494 3760 3609 3816 dis-

2022 3834 2260 3899 cederet,
2321 3844 2376 3891 ct
2424 3839 2739 3897 vanissimis
2783 3845 3295 3903 mathematicorum
3367 3854 3605 3918 artibus,

2022 3941 2163 3995 quas
2195 3929 2443 3997 apprime
2475 3932 2731 3995 callebat,
2760 3935 2991 3988 nimium
3039 3936 3328 4007 tribueret,
3360 3941 3608 4014 adeoque

2020 4019 2285 4086 genesin,
2337 4030 2502 4091 atque
2554 4024 2923 4094 horoscoputn
2973 4043 3134 4082 suum
3179 4030 3502 4089 observaret
3547 4036 3604 4091 in

2019 4111 2159 4176 dies,
2193 4127 2318 4165 cum
2358 4115 2430 4168 ob
2473 4114 2527 4168 id
2553 4131 2582 4167 a
2615 4118 2897 4186 magistris
2941 4116 3287 4190 objur'gatus,
3321 4140 3385 4178 ac
3417 4142 3604 4196 reprc-

2020 4202 2249 4267 bcnsus,
2290 4205 2584 4261 emendare
2616 4222 2739 4263 sese
2784 4210 2953 4264 nollet
2989 4229 3001 4264 :
3032 4211 3142 4266 imo
3185 4230 3316 4269 vero
3357 4220 3605 4284 pervica-

2018 4294 2156 4348 citer
2185 4295 2477 4351 obluctans
2504 4297 2925 4368 falsaquaedam,
2953 4302 3288 4372 minimeque
3319 4306 3603 4362 cohzeren-

2018 4392 2088 4446 tia
2141 4393 2283 4447 tueri
2315 4406 2380 4447 ac
2411 4392 2706 4448 defendere
2736 4393 2917 4459 vellet,
2942 4401 3001 4446 ut
3031 4403 3159 4463 puta
3182 4395 3375 4460 fatum,
3400 4406 3453 4453 et
3479 4416 3603 4468 qua:

2018 4500 2141 4539 cum
2168 4501 2235 4540 eo
2264 4501 2511 4540 connexa
2549 4494 2702 4550 sunt,
2740 4502 2934 4541 rursus
2956 4487 3025 4541 ab
3050 4487 3315 4552 Ecclesia,
3340 4499 3601 4561 tanquam

2017 4582 2082 4635 ad
2118 4582 2351 4636 salutem
2388 4581 2613 4635 minime
2647 4582 2899 4643 idoneus,
2927 4582 3138 4651 ejectus
3168 4592 3270 4636 est.
3297 4583 3413 4648 Qua
3441 4585 3600 4655 igno-

2017 4676 2186 4730 minia
2223 4676 2578 4730 vehementer
2613 4675 2997 4738 exacerbatus,
3037 4683 3091 4729 et
3121 4675 3320 4729 stolido
3362 4679 3599 4745 quodam

2016 4769 2219 4823 mentis
2272 4776 2410 4823 aestu
2455 4769 2729 4838 percitus,
2779 4768 3150 4823 Christianam
3201 4769 3596 4838 professionem

2016 4861 2191 4930 cjurat
2214 4879 2227 4927 ;
2252 4869 2306 4915 et
2337 4862 2480 4916 inter
2507 4859 2822 4914 Judaaorum
2858 4861 3169 4931 proselytos
3202 4863 3500 4931 ascriptus,
3536 4879 3599 4919 ac

2015 4953 2381 5008 circumcisus
2428 4958 2532 5008 est.
2576 4950 2706 5006 Inde
2742 4959 2915 5005 totum
2966 4967 3026 5007 se
3070 4950 3355 5008 llebraicis
3399 4955 3599 5010 litteris

2014 5045 2328 5102 ediscendis
2362 5044 2670 5101 vehementi
2721 5059 2846 5097 cum
2893 5042 3063 5097 animi
3103 5045 3454 5099 contentione
3485 5054 3598 5100 tra-

2014 5137 2170 5193 didit.
2203 5136 2378 5202 Quam
2443 5150 2568 5190 cum
2612 5134 2829 5205 egregie
2869 5133 3197 5203 penitusque
3235 5134 3594 5203 percepisset,

2017 5230 2083 5283 ad
2128 5226 2595 5298 interpretandum
2635 5241 2694 5281 se
2732 5225 2986 5288 contulit,
3024 5240 3132 5278 non
3169 5223 3384 5279 sincera
3427 5226 3595 5280 animi

2014 5322 2351 5386 inductione,
2398 5320 2492 5375 sed
2528 5329 2585 5373 ut
2609 5318 2857 5390 quaedam
2894 5316 3193 5387 Scriptura:
3231 5317 3351 5369 loca
3389 5316 3592 5386 depra-

2011 5421 2182 5477 varct,
2220 5412 2486 5468 adversus
2528 5408 2886 5481 Septuaginta
2924 5408 3066 5462 duos
3105 5406 3440 5477 interpretes
3486 5411 3590 5457 im-

2009 5520 2192 5576 peunn
2218 5521 2436 5559 onmem
2471 5513 2841 5573 conatumque
2873 5500 3120 5571 dirigens
3163 5518 3175 5551 :
3211 5508 3375 5565 atque
3410 5503 3466 5547 ut
3492 5509 3592 5547 cx-

322 5613 507 5673 prcssa
551 5599 725 5652 sacris
758 5596 979 5650 Litteris
1019 5597 1085 5649 de
1131 5593 1351 5647 Christo
1385 5592 1699 5645 testimonia
1746 5593 1903 5649 aliter
1941 5599 2130 5655 ederet
2162 5617 2177 5653 :
2233 5612 2344 5668 quo
2382 5595 2705 5651 nonnullum
2762 5592 2961 5664 pudori
3000 5589 3423 5660 ignominiaeque
3477 5598 3588 5642 sum

323 5695 404 5747 vel
436 5693 732 5747 absurdum
763 5691 1003 5746 colorem
1045 5697 1099 5744 et
1150 5687 1563 5743 excusationem
1595 5696 1887 5755 quaereret.

396 5812 411 5841 ⁸
449 5810 510 5867 C.
548 5809 904 5883 παρελείφθη.
977 5812 996 5842 ²
1032 5810 1093 5864 C.
1121 5807 1494 5879 περιελείφθη.
1573 5806 1592 5838 ³
1621 5806 1724 5861 lsa.
1757 5820 1797 5871 1,
1839 5807 1894 5862 8.
