4018 6210
413 309 523 366 265

1863 304 1921 361 S.
1961 302 2303 362 EPIPHANII

3570 300 3692 357 τοι

480 424 624 482 XVI.
670 422 809 480 Iliuc
857 423 1100 482 secunda
1150 422 1560 496 Scripturarnm
1610 424 1992 494 interpretatio

2168 412 2286 491 ις’.
2316 420 2427 477 Καὶ
2451 420 2661 491 γίνεται
2694 419 2837 476 οὕτω
2857 419 3090 493 δευτέρα
3119 419 3152 491 ἢ
3174 418 3367 474 τούτου
3390 418 3689 492 ἑρμηνεία.

411 515 600 571 abillo
642 516 909 586 originem
949 514 1161 580 habuit,
1188 519 1344 569 tanto
1383 521 1507 584 post
1551 512 1787 584 priorem
1819 513 1992 568 inter-

414 607 578 669 vallo,
611 613 671 659 ut
702 613 863 660 antea
896 603 1247 674 scripsimus.
1282 602 1508 661 Possem
1544 604 1650 659 hoc
1682 604 1805 659 loco
1842 618 1991 658 com-

414 711 722 752 memorare
755 710 877 766 quae
901 696 969 751 ab
993 712 1059 751 eo
1110 703 1375 767 corrupta
1400 695 1809 765 depravataque
1843 704 1991 759 sunt,

411 804 475 841 ex
517 788 717 857 quibus
748 787 1000 858 redargui
1049 802 1115 842 ac
1147 786 1422 841 confutari
1461 794 1645 855 posset
1689 786 1838 839 illius
1879 785 1997 839 edi-

413 874 510 928 tio.
550 873 745 929 Verum
770 888 894 928 cum
925 873 995 929 de
1035 875 1253 928 illorum
1286 873 1533 928 omnium
1565 874 1992 929 translationum

412 965 725 1021 discrimine
764 982 930 1036 supra
976 965 1358 1029 disseruerim,
1394 964 1643 1021 suﬂicere
1688 980 1861 1034 pauca
1903 965 1994 1019 illa

411 1076 533 1127 qua:
567 1059 715 1112 dicta
755 1067 884 1112 sunt
913 1058 1176 1112 arbitror.
1324 1128 1329 1133 ἢ

486 1153 645 1220 172
692 1150 822 1204 Post
867 1150 1123 1219 Aquilam
1163 1158 1219 1206 et
1257 1149 1409 1207 illius
1457 1148 1992 1220 interpretationem,

410 1245 659 1298 sucrcdit
688 1244 932 1298 Adriano

485 1333 800 1387 Antoninus
853 1332 982 1387 Pius
1030 1330 1265 1411 imperat
1284 1340 1459 1384 annos
1478 1326 1670 1399 viginti
1686 1328 1849 1387 duos.

485 1509 642 1564 IIunc
684 1508 890 1578 excipit
927 1505 1228 1571 Caracalla,
1262 1506 1356 1577 qui
1407 1514 1463 1562 et
1498 1506 1656 1570 Geta,
1692 1512 1746 1561 et
1775 1503 1994 1560 Marcus

410 1597 668 1654 Aurelius
698 1597 872 1655 Verus
898 1598 1209 1662 dicebatur,
1244 1613 1420 1653 annos
1456 1610 1686 1669 septem.

481 1776 683 1832 Eodem
711 1783 955 1846 tempore
987 1774 1277 1845 imperavit
1309 1773 1512 1830 Lurius
1538 1772 1797 1829 Aurelius
1825 1772 1994 1829 Com-
2025 1779 2068 1835 Β

409 1866 608 1921 modus
638 1868 796 1921 annis
822 1866 1049 1937 perinde
1085 1873 1315 1936 septem.

479 1958 617 2013 Tum
645 1957 901 2013 Pertinax
938 1972 1156 2013 menses
1185 1972 1303 2012 sex.

482 2049 723 2106 Severus
762 2064 939 2106 annos
962 2049 1297 2107 octodecim.

479 2142 658 2208 Hujus
691 2156 858 2211 porro
892 2139 1083 2195 Severi
1112 2139 1453 2211 temporibus
1480 2138 1844 2210 Symmachus
1868 2142 1994 2212 qui-

408 2234 534 2288 dam
577 2233 966 2287 Samaritanus
1010 2232 1246 2298 exstitit,
1280 2247 1346 2287 ex
1380 2246 1569 2286 eorum
1608 2247 1860 2299 numero,
1899 2232 1993 2303 qui

408 2323 552 2393 apud
594 2324 719 2377 illos
767 2306 1047 2392 sapientes
1094 2321 1387 2376 habentur.
1432 2320 1536 2388 Qui
1583 2321 1887 2377 ambitione
1931 2337 1995 2376 ac

408 2413 752 2483 principatus
783 2412 1084 2483 cupiditate
1109 2412 1330 2475 ductus,
1367 2425 1492 2465 cum
1532 2409 1644 2464 voti
1679 2408 1822 2479 apud
1862 2425 1994 2465 suos

411 2519 637 2576 compos
668 2520 792 2560 esse
827 2519 937 2559 non
979 2512 1188 2575 posset,
1221 2503 1515 2559 tribulibus
1553 2503 1727 2558 iratus
1752 2502 1892 2567 suis,
1926 2502 1991 2557 ad

408 2598 631 2655 Judaaos
683 2597 1009 2669 transfugit,
1060 2606 1115 2654 et
1162 2598 1304 2653 inter
1354 2596 1662 2668 proselytos
1710 2596 1995 2666 professus

409 2689 610 2744 iterato
647 2688 1064 2749 circumciditur
1092 2707 1106 2745 :
1135 2687 1282 2759 quod
1313 2703 1381 2742 ne
1406 2685 1549 2742 forte
1584 2686 1824 2751 mireris,
1849 2688 1994 2742 scias

408 2779 572 2834 velim
610 2778 760 2835 istud
792 2779 974 2851 ipsum
1022 2777 1082 2835 in
1122 2792 1274 2833 more
1301 2792 1426 2832 esse
1459 2777 1722 2847 positum,
1750 2786 1807 2830 ut
1841 2776 1932 2845 qui
1964 2790 1992 2827 ει

415 2873 620 2930 Jntlatis
648 2871 715 2927 ad
748 2869 1125 2926 Samaritanos
1157 2877 1469 2934 transeunt,
1497 2878 1591 2923 aut
1621 2868 1860 2924 vicissim
1899 2866 1990 2937 qui

406 2960 476 3015 ad
518 2958 741 3016 Iudaeos
780 2977 809 3017 a
852 2960 1216 3017 Samaritanis
1259 2959 1604 3031 confugiunt,
1640 2973 1837 3014 novam
1884 2958 1992 3012 cir-

407 3055 797 3109 cumcisioncm
837 3055 1162 3125 suscipiant.
1201 3052 1316 3108 lmo
1345 3068 1473 3108 vero
1518 3052 1665 3123 quod
1703 3052 1988 3108 molestius

403 3150 512 3206 est,
554 3155 676 3213 post
715 3146 1195 3201 circumcisionem
1229 3160 1423 3199 rursus
1447 3144 1514 3198 ad
1544 3144 1869 3214 praeputium
1907 3160 1991 3197 rc—
2019 3127 2060 3182 (ἶ

405 3232 594 3288 dennt.
642 3234 852 3289 Etenim
900 3236 1110 3290 medica
1155 3234 1393 3305 quadam
1441 3241 1578 3298 arte,
1613 3248 1789 3302 eoque
1831 3247 1991 3301 qm‘m

404 3326 795 3394 sputistherem
822 3334 1044 3389 vocant,
1070 3327 1285 3397 glandis
1320 3326 1618 3380 euticulam
1655 3324 1995 3378 attrahentes

405 3428 704 3483 consunnt,
749 3434 813 3473 ac
851 3420 1064 3490 glutino
1130 3417 1679 3488 circumastringunt,
1721 3425 1884 3486 atque
1921 3416 1993 3468 ita

406 3510 733 3582 praeputium
782 3517 1136 3580 recuperant.
1183 3508 1373 3564 Potest
1413 3509 1518 3563 hoc
1567 3506 1711 3577 quod
1757 3505 1994 3559 dicimus

340 3660 341 3667 η
402 3602 653 3671 Apostoli
697 3600 1027 3656 auctoritate
1071 3599 1421 3671 comprobari
1461 3617 1473 3653 :
1515 3613 1641 3652 cum
1684 3598 1769 3654 his
1814 3597 1995 3652 verbis

405 3693 619 3747 utitur:
657 3691 1019 3746 Circumcisus
1067 3691 1333 3763 quispiam
1399 3700 1610 3744 rocatus
1666 3699 1779 3751 est,
1837 3704 1899 3742 ne
1948 3687 1994 3741 is

401 3784 718 3854 pra'pulium
752 3781 1009 3836 adducat.
1045 3780 1178 3837 Cum
1211 3782 1473 3850 pra'putio
1511 3788 1730 3834 vocatur
1772 3778 1990 3849 aliquis,

402 3891 467 3930 ne
500 3873 916 3927 circumcidatur
941 3875 978 3927 ‘.
1010 3872 1166 3939 Quod
1201 3871 1473 3927 nefarium
1505 3885 1570 3926 ac
1609 3869 1990 3926 detestandum

403 3964 696 4019 artificium
726 3964 797 4019 ab
840 3963 982 4020 Esau
1013 3962 1207 4018 Jacobi
1242 3962 1412 4017 fratre
1459 3971 1736 4033 repertum
1780 3972 1991 4015 memo-

405 4065 549 4123 rant,
588 4064 646 4111 ut
691 4073 756 4112 eo
798 4058 1016 4113 facilius
1064 4057 1284 4128 ejurare
1326 4055 1521 4120 Deum,
1556 4062 1611 4110 et
1644 4064 1925 4124 acceptam
1960 4069 1991 4108 a

405 4150 711 4218 majoribus
751 4157 938 4204 notam
989 4149 1209 4204 abolere
1258 4156 1467 4219 posset.
1506 4147 1662 4203 Unde
1700 4155 1884 4201 natam
1929 4145 1994 4200 il-

402 4241 507 4293 laut
544 4239 635 4294 Dei
665 4255 853 4294 vocent
882 4240 1203 4294 existimant
1238 4258 1251 4293 :
1285 4237 1432 4293 Esau
1465 4236 1585 4293 odio
1611 4237 1794 4302 habui,
1817 4233 1991 4289 Iacob

398 4340 574 4383 autem
601 4330 765 4383 dilexi
791 4331 833 4382 ².
875 4329 1043 4399 Igitur
1078 4329 1469 4400 Symmachus,
1512 4335 1571 4381 ut
1612 4326 1992 4380 Samaritano-

2098 514 2238 586 μετὰ
2258 512 2492 584 ἀριθμὸν
2518 512 2789 566 τοσούτων
2841 512 3072 583 χρόνων,
3097 511 3173 576 ὡς
3200 511 3460 582 ἀνωτέρω
3477 512 3693 581 γεγρά-

2096 621 2297 675 φαμεν.
2340 603 2673 675 Ἐδυνάμεθα
2699 605 2871 657 εἰπεῖν
2899 604 2995 657 καὶ
3019 602 3120 667 τὰς
3152 603 3693 675 παραπεποιημένας

2095 697 2245 767 αύτῷ
2276 697 2474 762 λέξεις,
2509 697 2781 768 ἀγαπητὲ,
2811 696 2903 750 τὸν
2939 695 3161 767 ἔλεγχον
3193 697 3313 749 κατ’
3339 694 3504 749 αὐτοῦ
3533 695 3691 765 ἐχού-

2096 807 2196 853 σας
2222 790 2286 842 ἐκ
2306 787 2415 843 τῶν
2440 789 2532 842 ὑπ’
2555 787 2722 843 αὐτοῦ
2754 788 3212 859 ἡρμηνευμένων.
3251 784 3391 840 ’Δλλ’
3421 785 3527 856 ἥδη
3548 786 3691 857 περὶ

2094 880 2196 949 τῆς
2228 879 2434 935 τούτων
2449 879 2714 950 διαφορᾶς
2732 878 2847 932 ἀνω
2871 878 3285 950 διηγησάμενοι,
3312 876 3513 942 ἱκανῶς
3536 874 3690 948 ἔχειν

2095 971 2201 1036 ἕως
2225 971 2337 1025 τῶν
2364 964 2470 1025 ὧδε
2492 968 2917 1039 ὲδικαιώσαμεν.

2166 1151 2323 1207 Μετὰ
2362 1151 2551 1206 τοῦτον
2576 1151 2633 1205 δὲ
2656 1150 2747 1204 τὴν
2779 1148 3033 1214 Ὰκύλαν,
3060 1146 3155 1203 καὶ
3173 1149 3273 1220 τὴν
3305 1148 3472 1203 αὐτοῦ
3500 1148 3685 1221 ἑρμη-

2095 1244 2264 1309 νείαν,
2300 1243 2605 1315 διαδέχεται
2644 1242 2921 1314 Ἀδριανδν
2949 1242 3041 1295 τὸν
3073 1240 3298 1312 βασιλέα

2180 1333 2493 1396 Ἀντωνῖνος
2521 1334 2548 1386 ὁ
2571 1329 2890 1402 ἐπικληθεὶς
2929 1330 3081 1395 Πίος,
3129 1329 3563 1403 ἑρμηνευόμενος
3592 1328 3689 1383 εὐ-

2096 1423 2305 1494 σεϐὴς,
2337 1425 2429 1477 καὶ⁸
2459 1421 2730 1494 βασιλεύει
2770 1422 2995 1494 χρόνους
3028 1422 3132 1492 κβ’.

2168 1492 2368 1570 Τοῦτον
2387 1492 2687 1586 διαδέχεται
2720 1492 3096 1585 Καράκαλλος,
3117 1515 3145 1567 ό
3177 1514 3270 1568 καὶ
3290 1511 3477 1576 Γέτας,
3504 1511 3563 1574 ὃς
3586 1510 3686 1564 καὶ

2097 1607 2323 1678 Μάρκος
2382 1606 2652 1678 Αὐρήλιος
2711 1605 2931 1677 Σουῆρ³
2991 1604 3231 1673 ἐλέγετο,
3284 1605 3377 1658 καὶ
3407 1601 3683 1674 βασιλεύει

2099 1698 2193 1770 ἐτη
2225 1697 2290 1764 ζ’.

2179 1789 2267 1842 Ἐν
2283 1790 2395 1852 τοῖς
2414 1786 2579 1842 αὑτοῦ
2606 1788 2841 1860 χρόνοις,
2869 1788 2961 1842 καὶ⁵
2984 1786 3211 1852 Λούκιος
3232 1785 3499 1858 Αὐρήλιος
3527 1782 3680 1857 Κόμ-

2096 1878 2255 1949 μοδος
2289 1878 2563 1950 βασιλεύει
2591 1880 2659 1933 τὲ
2686 1880 2829 1934 αὐτὰ
2849 1879 2993 1935 ἑπτὰ
3015 1880 3132 1953 ἐτη.

2164 1968 2433 2040 Περτίναξ
2465 1970 2643 2041 μῆνας
2683 1978 2759 2036 ς’.

2164 2061 2403 2133 Σευῆρος
2434 2063 2529 2135 ἐτη
2551 2070 2642 2135 ιη’.

2178 2151 2269 2206 Ἐν
2306 2155 2420 2217 τοῖς
2439 2152 2535 2206 τοῦ
2568 2154 2809 2226 Σευήρου
2843 2153 3059 2226 χρόνοις
3110 2154 3408 2227 Σύμμαχός
3454 2172 3536 2220 τις
3576 2156 3683 2212 Σα-

2099 2246 2366 2317 μαρείτης
2389 2245 2499 2299 τῶν
2549 2248 2679 2318 παρ’
2720 2246 2904 2313 αὐτοῖς
2953 2247 3134 2318 σοφῶν
3168 2265 3312 2319 μη...
3346 2249 3450 2301 ὑπὸ
3476 2249 3568 2301 τοῦ
3601 2248 3682 2301 ol-

2096 2337 2244 2391 κείου
2287 2336 2495 2404 ἔθνους,
2539 2339 2775 2411 νοσήσας
2818 2339 3132 2412 φιλαρχίαν,
3157 2340 3253 2395 καὶ
3295 2341 3684 2412 ἀγανακτήσας

2096 2429 2239 2483 κατά
2266 2429 2366 2501 τῆς
2400 2430 2534 2495 ἰδίας
2552 2431 2749 2503 φυλῆς,
2778 2449 2886 2504 προ
3056 2432 3349 2497 Ἰουδαίοις,
3394 2433 3488 2486 καὶ
3516 2450 3684 2504 προσ-

2092 2519 2346 2593 ηλυτεύει
2385 2562 2401 2589 ,
2421 2522 2519 2577 καὶ
2550 2524 2929 2596 περιτέμνεται
2946 2524 3201 2596 δευτέραν
3227 2525 3549 2596 περιτομήν,
3572 2526 3685 2579 Καὶ

2098 2615 2173 2686 μὴ
2202 2612 2452 2686 θαύμαζε
2484 2616 2612 2687 περὶ
2644 2617 2855 2681 τούτου,
2886 2611 2931 2669 ὦ
2964 2616 3209 2689 ἀκροατά
3238 2635 3251 2647 ο
3282 2615 3526 2687 γίγνεται
3550 2615 3682 2689 γάρ.

2096 2705 2254 2758 Ὅσοι
2284 2705 2393 2778 γὰρ
2421 2706 2531 2760 ἀπὸ
2571 2706 2839 2761 Ἰουδαίων
2882 2692 3251 2779 Σαμαρείταις
3307 2706 3684 2779 προσφεύγου-

2096 2813 2203 2859 σιν,
2239 2798 2780 2871 ἀντιπεριτέμνονται
2808 2817 2821 2830 ο
2855 2798 3112 2862 ὡσαύτως
3143 2798 3238 2853 καὶ
3270 2800 3320 2853 cl
3356 2799 3466 2853 ἀπὸ
3494 2799 3684 2868 Σαμα-

2096 2888 2291 2961 ρειτῶν
2325 2889 2463 2962 πρὸς
2509 2889 2793 2953 Ἰουδαίους
2840 2889 3143 2960 ἐρχόμενοι.
3177 2888 3251 2941 Τὸ
3278 2887 3333 2940 δὲ
3372 2886 3452 2941 ἔτι
3475 2886 3685 2941 τούτων

2094 2978 2504 3054 χαλεπώτερον,
2567 2982 2647 3035 ὅτι
2699 2981 2794 3035 καὶ
2845 2982 2954 3035 ἀπὸ
3002 2981 3303 3054 περιτομῆς
3355 2979 3685 3052 ἀκρὸϐυστοι

2094 3072 2356 3139 γίνονται,
2414 3073 2581 3146 τέχνῃ
2647 3074 2757 3127 τινὶ
2807 3075 3024 3146 ίατρικῇ
3066 3073 3155 3128 διά
3211 3072 3304 3126 τοῦ
3347 3071 3686 3143 καλουμένου

2097 3163 2492 3235 σπουοιστῆρος
2515 3166 2615 3235 τὴν
2637 3165 2747 3219 τῶν
2780 3165 2960 3236 μελῶν
2995 3165 3397 3238 ύποδερματίδα
3435 3166 3685 3219 ὑποσπεί-

2097 3253 2391 3318 ΟισΟέντες,
2454 3254 2717 3325 ραφέντες
2750 3273 2810 3308 τε
2873 3257 2968 3309 καὶ
3002 3255 3344 3328 κολλητικοῖς
3404 3254 3689 3327 περιοδευ·

2099 3346 2304 3411 θέντες,
2329 3348 2698 3417 ἀκροϐυστίαν
2715 3344 2873 3414 αὖθις
2902 3348 3071 3421 αὐτὴν
3089 3348 3464 3404 ἀποτελοῦσιν.
3499 3350 3690 3417 Ἔχεις

2096 3440 2192 3493 καὶ
2219 3438 2318 3510 τὴν
2354 3440 2660 3512 μαρτυρίαν
2699 3440 2852 3513 παρά
2876 3441 2953 3513 τῷ
2973 3440 3115 3513 ἁγίῳ
3155 3439 3486 3511 ’Δποστόλιεκ
3517 3433 3562 3491 ὦ
3592 3457 3687 3507 φι-

2094 3527 2456 3592 λοκαλώτατε,
2488 3529 2556 3583 δι’
2586 3523 2660 3585 ὧν
2692 3531 2875 3595 αὐτοῖς
2911 3531 3151 3603 ῥήμασιν
3191 3524 3291 3584 ὧδέ
3348 3548 3465 3594 πως
3490 3529 3641 3597 λέγει
3670 3546 3684 3560 ·

2095 3621 2606 3691 Περιτετμημένος
2644 3641 2737 3690 τις
2778 3622 3034 3692 ἐκλήθη,
3063 3624 3151 3693 μὴ
3172 3623 3549 3678 ἐπισπάσθω.
3590 3623 3691 3676 Ἐν

2095 3710 2464 3779 ἀκροϐυστίᾳ
2493 3729 2585 3778 τις
2617 3712 2893 3783 ὑπάρχει,
2920 3713 3008 3784 μὴ
3040 3712 3498 3783 περιτεμνέσθω.
3536 3713 3690 3766 Ταύ-

2094 3818 2193 3872 την
2220 3800 2277 3855 δὲ
2303 3802 2402 3874 τὴν
2432 3802 2732 3873 παράδοσιν
2757 3804 2859 3876 τῆς
2888 3805 3283 3875 κακοδαίμονος
3314 3804 3523 3868 ἐννοίας
3553 3806 3690 3873 qui.

2093 3891 2185 3946 τὸν
2227 3892 2398 3946 Ἦσαῦ
2429 3893 2521 3947 τὸν
2573 3894 2802 3965 ἀδελφὺν
2844 3894 2940 3949 τοῦ
2977 3895 3173 3951 Ἰακὼϐ
3224 3896 3517 3969 εὑρηκέναι
3550 3896 3691 3965 πρδς

2094 3981 2542 4052 έπαρνησιθεῖαν,
2568 3984 2663 4037 καὶ
2685 3983 2824 4056 πρὸς
2848 3984 3157 4057 ἀφανισμὸν
3180 3985 3272 4038 τοῦ
3294 3985 3403 4037 τῶν
3431 3983 3691 4056 πατέρων

2093 4071 2261 4127 αὐτοῦ
2323 4074 2697 4146 χαρακτῆρος.
2748 4075 2839 4128 Διό
2896 4093 3028 4145 φασι
3061 4075 3155 4130 τὸν
3199 4076 3331 4130 Θεὸν
3360 4076 3640 4148 εἰρηκέναι
3670 4091 3685 4105 ⁸

2106 4166 2408 4235 Ἐμίσησα
2442 4166 2549 4221 τὸν
2590 4166 2795 4232 Ἡσαῦ,
2846 4166 2956 4221 τὸν
2996 4167 3066 4221 δὲ
3121 4167 3336 4222 Ἰακὼϐ
3372 4167 3686 4237 ἠγάπησα.

2093 4252 2263 4320 Οὗτος
2288 4256 2466 4311 τοίνυν
2488 4259 2516 4309 ό
2545 4254 2842 4328 Σύμμαχος
2872 4256 3011 4329 πρὸς
3038 4257 3368 4330 διαστροφὴν
3393 4257 3502 4311 τῶν
3533 4259 3688 4330 παρὰ

2094 4346 2464 4417 Σαμαρείταις
2522 4346 2830 4418 ἐρμηνειῶν
2860 4346 3227 4420 ὲρμηνεύσᾶς,
3257 4350 3357 4421 τὴν
3390 4349 3582 4420 τρίτην
3608 4350 3691 4415 ἐξ·

401 4435 522 4473 rum
561 4420 1042 4490 interpretationes
1073 4429 1363 4486 everteret,
1397 4419 1616 4474 tertiam
1653 4428 1737 4473 est
1764 4430 1987 4488 aggres-

2101 4436 2292 4490 ἔδωκεν
2325 4437 2644 4508 ἑρμηνείαν.

400 4524 518 4564 SlIS.

471 4595 634 4651 XVII.
667 4595 798 4652 Post
837 4595 988 4650 hunc
1029 4596 1182 4652 brevi
1228 4606 1417 4669 postea
1462 4603 1729 4668 tempore,
1763 4597 1868 4651 hoc
1902 4603 1988 4651 est

400 4689 704 4744 Commodo
747 4689 923 4742 altero
960 4690 1284 4759 imperante,
1318 4691 1411 4761 qui
1449 4703 1572 4761 post
1608 4690 1839 4744 Lucium
1874 4689 1982 4742 Au-

403 4781 597 4833 relium
668 4778 1031 4834 Coinmodum
1102 4780 1365 4835 tredecim
1431 4782 1592 4837 annis
1653 4778 1982 4850 imperavit,

400 4869 704 4926 'I‘heodotio
755 4871 973 4941 quidam
1028 4889 1227 4942 genere
1280 4872 1539 4929 Ponticus
1562 4892 1625 4929 ex
1686 4872 1982 4928 Marcionis

401 4964 721 5032 Sinopensis
759 4964 1135 5018 lueresiarehze
1170 4963 1404 5021 factione
1444 4968 1603 5037 173
1656 4968 1772 5021 suis
1813 4962 1989 5036 parti-

400 5054 502 5110 bus
532 5056 772 5111 otl‘ensns
799 5055 862 5109 ad
894 5054 1115 5111 Jnd:eos
1146 5056 1365 5123 defecit,
1400 5067 1454 5111 et
1481 5058 1847 5112 circumcisus
1882 5062 1984 5109 est.

400 5146 606 5201 Dehinc
641 5145 904 5201 Ilehraica
941 5148 1148 5219 lingua,
1191 5159 1244 5203 et
1280 5165 1471 5203 eorum
1507 5150 1704 5204 litteris
1762 5149 1988 5203 institu-

398 5247 487 5292 tus
522 5240 788 5309 privatam
813 5239 1110 5295 editionem
1141 5257 1376 5296 exorsus
1404 5248 1508 5295 est.
1544 5241 1646 5307 Qui
1675 5242 1896 5311 quidem
1928 5245 1982 5300 in

398 5332 673 5402 plerisque
707 5348 829 5387 cum
868 5330 1227 5404 Septuaginta
1272 5335 1569 5397 consentit,
1612 5333 1760 5400 quod
1806 5336 1860 5390 in
1890 5353 1983 5391 co-

397 5439 516 5480 rum
560 5424 788 5477 lectione
824 5426 1006 5485 tritus,
1040 5442 1103 5479 ac
1141 5426 1299 5497 longa
1339 5426 1740 5482 consuetudine
1762 5432 1977 5486 exerci-

396 5524 544 5573 tatus
569 5515 767 5573 fuerat.
794 5515 875 5573 Tu
911 5535 1038 5575 vero
1075 5522 1326 5591 quisquis
1364 5536 1448 5586 es,
1494 5519 1729 5585 erudite,
1768 5537 1832 5577 ac
1861 5533 1979 5581 stu-

484 5674 500 5705 ¹
538 5674 557 5729 I
589 5675 919 5743 Cor.vn,l8.
996 5682 1015 5712 ²
1050 5678 1273 5733 Malm-li.
1314 5693 1356 5746 t,
1386 5677 1438 5734 2.
1520 5680 1540 5711 ³
1569 5678 1699 5735 Cor.
1733 5680 1965 5750 Ούῆρος.

2163 4617 2263 4671 IZ'.
2296 4618 2451 4671 Μετά
2479 4619 2669 4673 τοῦτον
2696 4620 2913 4675 δὲκατά
2940 4620 3107 4685 πόδας
3135 4621 3193 4674 ὲν
3225 4619 3303 4690 τῷ
3326 4619 3457 4690 ἑξῆς
3482 4617 3684 4690 χρόνῳ.

2085 4709 2331 4763 τουτέστι
2366 4711 2494 4783 περὶ
2541 4711 2638 4783 τὴν
2669 4713 2760 4766 τοῦ
2791 4713 3044 4785 δευτέρου
3079 4710 3363 4783 Κομμόδου
3405 4710 3686 4781 βασιλείαν

2085 4804 2177 4855 τοῦ
2214 4803 2631 4873 βασιλεύσαντος
2664 4806 2801 4877 μετὰ
2836 4806 2928 4859 τὸν
2966 4805 3366 4877 προειρημένον
3392 4803 3685 4873 Κόμμοδον

2094 4892 2327 4946 Λούκιον
2376 4896 2643 4966 Δύρήλιον
2680 4897 2773 4968 ἔτη
2828 4904 2916 4963 ιγ’,
2970 4897 3267 4951 Θεοδοτίων
3308 4912 3394 4959 τις
3422 4893 3684 4955 Ποντικὸς

2097 4985 2205 5038 ἀπὸ
2232 4986 2331 5057 τῆς
2384 4985 2635 5061 διαδοχῆς
2691 4989 3023 5061 Μαρκίωνος
3066 4987 3161 5041 τοῦ
3197 4986 3551 5059 αἱρεσιάρχου
3588 4984 3684 5037 τοῦ

2097 5075 2420 5145 Σινωπίτου,
2456 5080 2667 5150 μήνιῶν
2702 5082 2797 5134 καὶ
2829 5081 2992 5145 αὐτὸς
3030 5082 3097 5153 τῇ
3130 5078 3295 5134 αὐτοῦ
3321 5079 3553 5151 αἱρέσει,
3588 5078 3686 5130 καὶ

2093 5168 2173 5229 είς
2214 5169 2550 5242 Ἰουδαϊσμδν
2578 5173 2898 5236 ἀποκλίνας,
2932 5174 3026 5227 καὶ
3054 5171 3437 5245 περιτμηθεὶς,
3461 5170 3556 5223 καὶ
3581 5170 3684 5240 τήν

2092 5255 2199 5309 τῶν
2240 5258 2506 5330 Ἐϐραίων
2541 5262 2723 5333 φωνὴν
2755 5262 2846 5315 καὶ
2879 5262 2948 5316 τά
2977 5262 3161 5317 αὐτῶν
3194 5264 3435 5331 στοιχεῖα
3463 5260 3680 5314 παιδευο

2092 5345 2226 5411 Οεὶς,
2258 5349 2402 5413 ἰδίως
2446 5351 2540 5403 καὶ
2597 5351 2761 5416 αὐτὸς
2802 5352 3053 5417 ἐξέδωκε.
3085 5352 3185 5405 Διὰ
3207 5351 3279 5404 τὰ
3306 5350 3536 5404 πλεῖστα
3564 5350 3682 5413 τοῖς

2101 5436 2600 5511 Ἐὅδομηκονταδύο
2651 5443 2986 5514 συνᾳδόντως
3037 5444 3287 5511 ἐξέδωκε.
3339 5441 3544 5515 Τριδάς
3570 5440 3682 5509 γὰρ

2085 5526 2230 5603 εἶχεν
2289 5525 2445 5598 οὗτος
2503 5534 2602 5599 τὰς
2657 5535 2917 5602 πλείστας
2966 5537 3074 5592 ἀπὸ
3099 5536 3204 5609 τῆς
3241 5534 3529 5608 συνηθείας
3568 5532 3682 5588 τῶν
