4018 6210
297 368 402 423 265

1246 363 1446 418 LIBER
1486 362 1574 416 DE
1604 356 1953 417 MENSURIS
1993 356 2079 417 ET
2122 359 2577 418 PONDERIBUS.

3430 359 3536 417 266

306 477 819 549 Ἐϐδομηκονταδύο.
861 476 1042 531 Γένοιο
1085 478 1262 533 τοίνυν
1295 478 1506 549 κριτὴς,
1559 471 1605 530 ὦ
1648 478 1866 546 φιλοκα-

1976 476 2143 539 diose,
2176 476 2242 530 de
2287 484 2398 529 tota
2448 489 2613 532 causa
2648 477 2871 532 statuito
2911 497 2923 532 :
2966 475 3107 548 apud
3155 489 3292 547 quos
3337 478 3537 531 veritas

292 569 526 631 λώτατε,
552 568 653 637 τῆς
691 567 948 638 τοιαύτης
987 566 1314 629 ὑποθέσεως,
1345 567 1495 637 παρὰ
1523 566 1632 618 τίσι
1670 565 1867 635 μᾶλλον

293 658 655 728 εὑρεθήσεται
710 660 742 729 ἡ
797 656 1048 727 ἀλήθεια,
1100 659 1251 729 παρὰ
1290 660 1403 719 τοῖς
1436 657 1584 724 τρισὶ
1638 655 1866 719 τούτοις,

308 749 510 817 Ἀκύλᾳ
548 748 715 817 λέγω,
771 749 867 801 καὶ
910 748 1211 818 Συμμάχῳ,
1259 748 1353 800 καὶ
1383 744 1721 808 Θεοδοτίωνι,
1758 748 1869 807 τοῖς

297 837 375 907 μὴ
426 838 717 890 ἐπιτοαυτὸ
766 838 1097 908 γενομένοις,
1141 837 1255 891 ἀλλ’
1293 837 1399 908 ἰδίᾳ
1433 836 1660 889 ἕκαστον
1682 836 1776 889 καὶ
1812 838 1869 888 ὲν

296 924 472 995 καιρῷ
501 927 596 979 καὶ
626 927 810 989 τόποις
845 927 1089 997 ἀλλήλων
1131 926 1402 989 διεστῶσι,
1434 928 1528 980 καὶ
1551 926 1612 979 οὑ
1635 925 1868 988 πολλοῖς,

295 1016 432 1070 ἀλλὰ
458 1016 606 1086 τρισὶ
655 1018 856 1086 μόνοις,
885 1016 979 1070 καὶ
1006 1018 1080 1087 μὴ
1108 1016 1353 1086 δυνηθεὶς
1387 1018 1569 1081 ἄλλοις
1596 1018 1611 1048 ¹
1648 1032 1871 1086 συμφω-

290 1107 490 1176 νῆσαι⁸
525 1106 559 1177 ἢ
594 1107 745 1177 παρὰ
792 1109 904 1170 τοῖς
940 1108 1433 1178 ⁹Ε6δομηκονταδύο
1465 1111 1576 1171 τοῖς
1611 1104 1871 1179 πρώτοις,

296 1200 386 1267 ὑφ’
420 1199 516 1253 ἕνα
564 1199 754 1270 καιρὸν
802 1198 1048 1268 γεγονόσι
1094 1200 1188 1252 καὶ
1232 1199 1625 1271 ἐρμηνεύσασι,
1666 1200 1761 1253 καὶ
1792 1201 1872 1261 εἰς

296 1288 653 1360 τριακονταὲξ
683 1289 824 1360 μέρη
866 1289 1007 1344 κατὰ
1030 1290 1359 1361 πρόσταγμα
1386 1289 1647 1359 βασιλέως
1668 1290 1872 1361 διαιρει

298 1379 457 1445 θεῖσι,
504 1380 599 1434 καὶ
655 1381 781 1436 ἄνευ
838 1381 931 1435 τοῦ
972 1381 1107 1452 πρὸς
1139 1382 1400 1452 ἀλλήλους
1454 1383 1780 1446 συνδοιάσαι,
1808 1385 1873 1436 ἐκ

297 1471 617 1542 Πνεύματος
643 1473 700 1525 δὲ
730 1472 885 1540 ἁγίου
920 1473 1025 1527 ὑπὸ
1065 1473 1193 1543 μίαν
1219 1475 1536 1544 συμφωνίαν
1566 1474 1665 1546 τὴν
1690 1475 1871 1528 πᾶσαν

297 1564 594 1637 ἑρμηνείαν
624 1562 950 1616 ἐκδεδώκασι
974 1564 1016 1625 ',
1047 1564 1141 1617 καὶ
1172 1563 1303 1616 ὅπου
1335 1564 1650 1635 προσθήκης
1680 1564 1872 1633 γέγονε

295 1656 457 1728 χρεία
508 1654 802 1725 σαφηνείας
859 1653 1023 1709 ἕνεκα
1071 1654 1166 1708 τοῦ
1217 1655 1375 1724 λόγου
1424 1655 1729 1727 προσθεῖσι,
1779 1658 1872 1710 καὶ

298 1746 603 1817 συμφώνως
642 1744 892 1816 ἀλλήλοις
936 1746 1331 1815 συμφωνήσασι
1378 1746 1473 1799 καὶ
1512 1745 1746 1812 ἐκδοῦσι,
1778 1748 1870 1801 καὶ

1970 566 2087 635 ipsa
2134 565 2358 632 reperiri
2400 567 2605 621 certius
2641 568 2855 636 possit:
2890 576 3200 621 utrumnam
3232 567 3373 637 apud
3416 568 3536 622 illos

1971 665 2102 716 tres,
2135 656 2408 725 Aquilam,
2434 657 2844 727 Symmachum,
2868 669 2921 713 et
2948 657 3377 713 Thcodotioncm
3403 678 3416 712 :
3443 660 3538 728 qui

1970 759 2251 814 nunquam
2286 745 2428 800 inter
2457 762 2514 801 se
2540 748 2716 815 capita
2747 749 3115 813 contulerunt,
3155 748 3249 803 sed
3281 748 3537 818 privatim

1970 837 2169 906 singuli
2202 836 2314 891 suisI
2352 835 2584 906 quisque
2621 839 2979 907 temporibus,
3005 848 3058 893 et
3094 840 3333 895 locomm
3365 841 3537 894 inter-

1970 926 2113 980 vallo
2147 924 2347 990 dissiti,
2369 927 2424 979 in
2458 940 2579 981 eam
2611 928 2970 996 scriptionem
3006 930 3405 996 incubuerunt;
3442 947 3540 987 ne-

1970 1033 2077 1086 que
2102 1017 2287 1087 plures
2309 1016 2487 1072 tribus
2516 1018 2863 1083 exstiterunt,
2888 1034 2951 1074 ac
2972 1019 3205 1090 denique
3228 1032 3409 1077 secum
3437 1024 3540 1092 ipsi

1972 1108 2273 1164 concordes
2304 1123 2426 1164 esse
2457 1108 2823 1179 nequiverunt
2855 1125 2867 1163 :
2901 1125 2968 1164 an
3007 1112 3147 1180 apud
3183 1110 3540 1184 Septuaginta

1970 1198 2110 1254 duos
2140 1199 2261 1253 illos
2296 1199 2528 1268 priores,
2560 1199 2652 1269 qui
2677 1200 2866 1254 eodem
2897 1211 3138 1270 tempore
3169 1218 3359 1258 omnes
3390 1205 3542 1258 vixe-

1971 1299 2119 1355 runt,
2154 1300 2207 1346 et
2243 1291 2581 1362 interpretati
2609 1300 2757 1359 sunt,
2783 1306 2845 1346 ac
2875 1292 3097 1363 triginta
3120 1309 3215 1350 sex
3246 1290 3541 1349 domiciliis

1972 1382 2115 1452 regis
2146 1381 2375 1451 imperio
2406 1381 2689 1436 distributi
2722 1383 2868 1437 nulla
2909 1384 3050 1439 inter
3079 1400 3138 1440 se
3168 1387 3544 1441 communica—

1972 1474 2120 1527 tione
2144 1472 2346 1537 liabita,
2371 1472 2545 1527 sancti
2572 1471 2808 1542 Spiritus
2840 1472 3100 1529 instinctu
3128 1471 3538 1546 Scripturarum

1972 1561 2477 1631 interpretationem
2509 1561 2817 1617 admirabili
2850 1564 3214 1619 consensione
3242 1566 3322 1619 sic
3351 1566 3541 1621 edide-

1971 1661 2120 1714 runt,
2161 1661 2222 1706 ut
2250 1652 2561 1723 ubicunque
2590 1652 2996 1725 perspicuitatis
3029 1651 3201 1728 gratia
3228 1652 3537 1714 addendum

1971 1742 2175 1812 aliquid
2202 1751 2369 1808 esset,
2402 1743 2749 1800 concorditer
2785 1747 3106 1816 adjicerent,
3140 1764 3264 1804 cum
3303 1766 3425 1820 qua:
3457 1755 3526 1804 al-

296 1835 471 1889 ταῦτα
518 1833 771 1902 ἀγνοοῦσι
816 1834 868 1887 τί
904 1834 1133 1898 ἕκαστος
1168 1834 1289 1888 καθ’
1313 1835 1502 1888 ἐαυτὸν
1536 1836 1827 1907 ἐρμηνεύει
1852 1854 1865 1866 ·

1976 1834 2143 1889 terius
2171 1835 2547 1905 interpretatio
2592 1836 2730 1891 foret
2767 1841 2987 1907 penitus
3021 1841 3377 1912 ignorarent:
3414 1860 3542 1899 rur-

295 1927 430 1980 ὅπου
470 1926 527 1979 δὲ
570 1925 730 1980 πάλιν
786 1924 1012 1996 ἐκϐολῆς
1067 1925 1241 1993 λόγων
1281 1926 1441 1979 τινῶν
1473 1927 1651 1998 χρεία,
1674 1927 1868 1996 ἐπίσης

296 2014 608 2082 ἐκϐαλοῦσι,
639 2017 732 2070 καὶ
761 2016 1092 2087 συνᾳδόντως
1130 2016 1549 2087 ἐρμηνεύσασιν.

369 2107 582 2177 Ὠσπερ
628 2107 677 2159 εί
719 2107 777 2159 ἐν
804 2104 880 2177 τῷ
911 2107 1027 2176 ἅμα
1058 2108 1259 2170 πάντες
1291 2106 1575 2177 ἐκάθηντο,
1612 2108 1705 2161 καὶ
1731 2123 1867 2177 συμ-

296 2197 660 2261 ϐουλευτικῶς
711 2197 963 2268 ἀλλήλοις
1016 2199 1346 2270 ήρμήνευον.
1394 2197 1649 2269 Εὔδηλον,
1691 2200 1772 2252 ὅτι
1809 2202 1867 2252 ἐν

297 2292 410 2353 τοῖς
448 2288 939 2359 Έὸδομηκονταδύο
972 2290 1325 2362 εὑρεθήσεται
1354 2290 1388 2359 ή
1417 2288 1664 2358 ἀλήθεια.
1705 2289 1866 2342 ’Ὥστε

299 2380 539 2448 γνωστὸν
558 2378 719 2433 τοῦτο
742 2382 852 2443 τοῖς
876 2379 1183 2451 φιλαλήθως
1204 2377 1479 2445 ἐξετάζειν
1499 2379 1865 2450 βουλομένοις,

297 2472 381 2525 ὅτι
410 2473 471 2526 οὑ
507 2472 664 2542 μόνον
689 2471 1021 2543 ἐρμηνευταὶ
1054 2473 1251 2525 ἐκεῖνοι
1277 2471 1584 2541 γεγόνασιν,
1614 2471 1749 2525 ἀλλὰ
1776 2471 1871 2549 καὶ

298 2564 409 2618 ἀπὸ
435 2564 633 2636 μέρους
663 2564 959 2635 προφῆται.
992 2557 1093 2616 ’Ὧν
1123 2561 1233 2634 γὰρ
1257 2563 1358 2616 οὐκ
1383 2558 1451 2633 ἦν
1477 2562 1636 2633 χρεία
1668 2564 1747 2625 είς
1777 2563 1870 2633 ἐρ-

302 2654 551 2725 μηνείαν,
587 2655 864 2726 παρῆκαν,
892 2653 1050 2706 ama
1085 2653 1165 2715 sic
1196 2651 1423 2723 ὕστερον
1447 2655 1505 2705 ὲν
1530 2654 1644 2715 τοῖς
1676 2652 1871 2721 φωνῶν

301 2748 481 2801 αὑτῶν
501 2747 686 2810 τόποις
707 2745 847 2816 μετὰ
874 2742 1215 2813 ἀστερίσκων
1250 2741 1531 2813 Ὠριγένης
1556 2741 1869 2811 συνέθηκεν.

313 2837 587 2900 Ὡσαύτως
614 2836 670 2889 δέ
702 2836 796 2890 καὶ
827 2834 895 2888 τὰ
933 2832 1302 2904 προστεθέντα
1342 2833 1443 2885 οὐκ
1484 2831 1753 2901 ἀφείλετο,
1790 2832 1870 2887 εί·

300 2928 430 2993 δὼς,
451 2929 532 2981 ὅτι
552 2926 732 2981 αὑτῶν
757 2925 957 2997 μᾶλλόν
982 2927 1098 2978 ἐστι
1118 2924 1297 2996 χρεία·
1323 2922 1462 2978 ἀλλὰ
1492 2923 1627 2993 μετὰ
1646 2922 1871 2988 ὀϐελῶν,

301 3021 433 3074 ἔνθα
462 3020 691 3073 ἕκαστον
738 3016 846 3071 τῶν
888 3016 1194 3088 εἰρημένων
1226 3010 1383 3087 εὗρον
1403 3016 1445 3079 ³,
1488 3013 1660 3080 εἴασε,
1714 3014 1873 3084 μόνον

1974 1939 2071 1982 sus
2110 1937 2242 1981 vero
2280 1927 2462 1982 sicubi
2505 1920 2841 1984 dissimulari
2887 1932 3090 2002 aliquid
3132 1940 3427 2005 oporteret,
3471 1954 3538 1994 ex

1974 2031 2130 2086 aequo
2162 2031 2353 2074 omnes
2380 2019 2689 2089 rejicerent,
2719 2030 2773 2075 et
2798 2022 2937 2079 inter
2958 2039 3018 2080 se
3047 2038 3431 2097 congruerent.

2043 2103 2278 2161 Perinde
2311 2121 2375 2161 ac
2414 2109 2461 2163 si
2504 2110 2755 2164 eumdem
2804 2111 2857 2165 in
2906 2110 3085 2168 locum
3127 2120 3538 2185 convenientes,

1974 2195 2378 2250 communicato
2416 2197 2647 2254 invicem
2678 2200 2907 2256 consilio
2935 2203 3000 2258 de
3027 2200 3415 2275 interpretandi
3446 2225 3538 2263 ra~

1975 2286 2125 2341 tione
2152 2286 2484 2343 statuissent.
2497 2288 2628 2355 Quis
2640 2304 2749 2345 non
2771 2292 2951 2345 statim
2968 2285 3153 2348 LXXII
3174 2288 3279 2352 illis
3303 2300 3537 2368 palmam

1977 2375 2222 2431 veritatis
2250 2376 2562 2447 adjudicet?
2586 2377 2698 2433 Imo
2721 2396 2850 2437 vero
2875 2383 2921 2437 si
2942 2384 3066 2453 quis
3096 2386 3341 2444 veritatis
3366 2388 3538 2458 ipsius

1977 2477 2217 2519 amorem
2248 2465 2318 2521 ad
2347 2466 2757 2537 inquisitionem
2786 2471 3052 2540 attulerit,
3090 2489 3198 2529 non
3225 2475 3346 2531 illos
3372 2476 3539 2532 inter-

1976 2563 2156 2625 pretes
2184 2558 2366 2623 modo,
2397 2575 2583 2615 verum
2608 2561 2771 2616 etiam
2806 2563 3097 2634 prOphetas
3138 2568 3541 2637 quOdammodo

1978 2645 2149 2703 fuisse
2168 2658 2482 2719 cognoscet.
2502 2649 2636 2706 Nam
2659 2651 2736 2707 illi
2763 2669 3102 2726 quaecunque
3124 2657 3335 2712 inutilia
3356 2669 3509 2714 erant
3523 2692 3542 2721 ,

1978 2752 2043 2794 ac
2085 2754 2507 2811 supervacanea,
2541 2742 2947 2814 interpretando
2983 2746 3380 2815 praeterierunt.
3410 2748 3543 2815 Quae

1978 2833 2328 2902 postmodum
2357 2834 2620 2906 Origenes
2646 2837 2762 2890 suis
2790 2836 2925 2893 locis
2958 2838 3238 2895 ascribens
3260 2840 3542 2895 asteriscis

1980 2926 2209 2981 notavit.
2253 2925 2520 2981 Similiter
2564 2935 2618 2982 ct
2661 2943 2782 2997 quae
2820 2922 2890 2983 ab
2928 2929 3037 2984 illis
3074 2928 3284 2999 adjecta
3326 2929 3544 2984 fuerant

1980 3018 2433 3073 circumscribere
2493 3018 2688 3086 noluit,
2738 3017 2885 3088 quod
2925 3020 3233 3074 necessaria
3275 3019 3541 3083 crederet,

303 3110 755 3183 σημειωσὸῳενος
774 3107 864 3162 διὰ
881 3106 975 3161 τοῦ
997 3106 1184 3161 όὸελοῦ
1202 3106 1301 3177 τὴν
1322 3122 1390 3158 πε
1399 3106 1453 3176 pl.
1473 3107 1573 3175 τῆς
1590 3103 1685 3157 τοῦ
1705 3104 1873 3157 τόπου

1982 3107 2078 3164 sed
2107 3108 2296 3166 obelos
2325 3109 2392 3164 iis
2418 3109 2671 3164 omnibus
2694 3109 2849 3174 locis,
2875 3109 2967 3164 ubi
2995 3108 3085 3164 illa
3118 3118 3415 3180 repererat,
3447 3125 3543 3181 ap—

303 3202 661 3272 ἀναγνώσεως
692 3201 918 3272 εἴδησιν.
948 3198 1047 3253 Διὰ
1070 3198 1129 3251 δὲ
1150 3198 1259 3251 τῶν
1288 3196 1587 3268 λιμνίσκων
1614 3193 1874 3259 ὡσαύτως

1979 3200 2173 3272 pinxit,
2206 3207 2265 3255 ut
2288 3197 2356 3256 de
2381 3214 2571 3256 eorum
2601 3200 2834 3256 lectione
2854 3200 3151 3255 constaret.
3174 3202 3242 3255 At
3264 3198 3543 3255 lemniscis

303 3297 542 3366 ἐδήλωσε
586 3295 693 3348 τῶν
732 3293 884 3366 παρά
924 3309 1067 3347 τισιν
1110 3293 1176 3345 ἐκ
1225 3290 1334 3344 τῶν
1382 3285 1879 3358 Ἑϐδομηκονταδύο

305 3387 660 3461 ἐρμηνευτῶν
717 3386 1140 3456 συναμφοτέρως
1183 3381 1526 3454 εὑρεθεισῶν,
1548 3380 1624 3444 ὡς
1654 3382 1711 3434 ἐν
1740 3377 1881 3432 σπά-

305 3497 406 3542 νει,
432 3478 626 3546 ὀλίγων
651 3476 849 3541 λέξεων
868 3476 967 3548 τὴν
995 3475 1228 3545 δήλωσιν
1257 3474 1357 3527 οὑκ
1384 3471 1652 3543 ἀνομοίων
1680 3469 1876 3536 οὐσῶν,

304 3570 421 3623 ἀλλ’
454 3569 654 3640 ὁμοίων
700 3568 818 3639 μὲν,
859 3569 953 3621 καὶ
996 3567 1095 3638 τὴν
1133 3564 1302 3636 αὐτὴν
1347 3564 1577 3634 δύναμιν
1619 3560 1881 3632 ἐχουσῶν.

319 3661 409 3725 Ὠς
446 3660 511 3714 ἂν
536 3661 678 3713 εἴποι
700 3675 784 3721 τις
812 3659 934 3712 ἀντὶ
962 3656 1079 3721 τοῦ,
1106 3654 1431 3724 ἐλάλησεν,
1462 3652 1811 3723 ἐφθέγξατο,
1844 3651 1878 3722 ἢ

307 3754 428 3807 ἀντὶ
460 3749 577 3818 τοῦ,
605 3747 811 3822 ἦλθεν,
840 3748 1119 3818 ἐλήλυθε.
1145 3746 1257 3801 Καὶ
1287 3745 1458 3800 ταῦτα
1490 3744 1587 3816 μὲν
1615 3745 1742 3815 περὶ⁵
1772 3742 1881 3797 τῶν

307 3845 589 3917 τεσσάρων
622 3842 924 3915 ἐρμηνειῶν
945 3858 1027 3895 σοι
1053 3839 1433 3912 γεγράφαμεν.

381 3936 515 4007 Περὶ
560 3935 617 3988 δὲ
660 3934 759 4003 τῆς
798 3933 1061 4004 Πέμπτης
1092 3932 1186 3985 καὶ
1225 3932 1431 4000 Ἕκτης
1464 3929 1746 3992 ἐκδόσεως,
1784 3925 1883 3979 οὑκ

308 4030 420 4099 ἔχω
451 4031 625 4082 εἰπεῖν
649 4028 815 4091 τίνες,
842 4026 877 4098 ἢ
901 4025 1064 4078 πόθεν
1092 4027 1141 4078 ot
1167 4023 1624 4094 ἑρμηνεύσαντες,
1656 4018 1689 4090 ἢ
1724 4020 1883 4095 μόνον

308 4124 392 4176 ὅτι
422 4124 558 4192 μετὰ
594 4120 685 4173 τὸν
717 4117 957 4187 διωγμὸν
983 4115 1077 4169 τοῦ
1117 4114 1379 4186 βασιλέως
1411 4113 1652 4183 Σευήρου
1684 4108 1882 4180 εὑρέθη

310 4215 346 4281 ἡ
380 4212 611 4281 Πέμπτη
644 4210 703 4262 ἐν
738 4207 932 4271 πίθοις,
963 4207 1021 4258 ἐν
1055 4202 1265 4275 Ἱεριχῷ
1289 4201 1668 4274 κεκρυμμένη,
1687 4202 1745 4252 ὲν
1762 4199 1886 4270 χρό-

310 4321 422 4366 νοις
447 4302 540 4356 τοῦ
572 4300 688 4355 υίοῦ
716 4302 955 4371 Σευήρου
989 4297 1081 4351 τοῦ
1114 4295 1500 4367 ἐπικληθέντος
1524 4290 1885 4364 Καρακόιλλου

309 4414 372 4449 τε
401 4395 495 4448 καὶ⁵
520 4394 678 4448 Γέτα.
702 4390 958 4462 Καθεξῆς
982 4389 1089 4461 γὰρ
1111 4392 1140 4442 ό
1160 4388 1267 4443 τῶν
1301 4387 1411 4441 ἀπὺ
1453 4385 1763 4439 Ἀντωνίνου
1791 4380 1884 4436 τοῦ

1978 3305 2141 3346 voces
2167 3287 2853 3360 aliquotinsignlit,qua‘.ln
2866 3285 3139 3342 nonnullis
3154 3284 3343 3339 LXXII
3372 3285 3544 3341 Intere

1980 3388 2192 3451 pretum
2231 3381 2638 3452 exemplaribus
2678 3380 2945 3451 repetitae,
2983 3386 3037 3434 et
3079 3376 3299 3449 quidem
3339 3379 3542 3442 rarius,

1977 3480 2278 3528 occurrunt
2306 3492 2318 3527 :
2354 3488 2474 3543 quae
2506 3472 2901 3543 signiﬁcatione
2925 3471 3063 3526 nihil
3107 3471 3398 3526 admodum
3430 3472 3544 3526 dis-

1980 3569 2237 3634 crepant,
2282 3562 2378 3619 sed
2422 3564 2563 3619 inter
2596 3579 2657 3618 se
2694 3563 2901 3619 similes
2942 3570 3073 3619 sunt
3116 3573 3171 3618 et
3199 3562 3388 3618 eadem
3447 3577 3546 3632 po-

1979 3661 2179 3711 testate
2210 3655 2467 3725 praeditas.
2500 3650 2747 3725 Exempli
2776 3668 2945 3710 causa
2979 3655 3026 3710 si
3059 3654 3184 3725 quis
3209 3668 3308 3723 pro
3339 3652 3546 3707 locutus

1980 3754 2058 3799 est
2094 3741 2319 3813 scribat,
2351 3741 2519 3809 dixit;
2566 3745 2649 3800 vel
2693 3760 2792 3816 pro
2837 3754 3065 3808 venerat,
3098 3746 3253 3801 venit»
3284 3747 3362 3799 Ac
3398 3744 3465 3799 de
3498 3759 3549 3796 ιν

1982 3834 2317 3889 editionibus
2343 3834 2631 3889 hactenus.

2058 3920 2220 3995 174
2260 3924 2416 3990 Quod
2460 3924 2527 3979 ad
2567 3923 2824 3989 Quintam
2863 3938 2928 3978 ac
2977 3920 3197 3978 Sextam
3255 3922 3550 3979 editionem

1984 4015 2202 4079 attinet,
2259 4031 2398 4085 quos
2445 4024 2700 4070 auctores
2745 4022 2839 4067 aut
2878 4014 3038 4082 cujus
3087 4017 3303 4084 generis
3354 4013 3553 4070 habeat

1984 4112 2138 4161 certo
2168 4103 2435 4161 atlirmare
2455 4121 2685 4175 nequeo.
2716 4103 2853 4159 Illud
2886 4119 3053 4158 unum
3077 4112 3331 4159 constare
3358 4104 3550 4170 video;

1985 4205 2111 4266 post
2151 4194 2494 4264 imperatoris
2548 4190 2734 4251 Severi
2778 4193 3245 4264 persecutionem,
3297 4192 3551 4258 Quintam

1986 4284 2283 4341 editionem
2336 4282 2392 4339 in
2437 4282 2811 4340 Hierichuntis
2861 4283 3062 4354 oppido
3117 4281 3442 4352 quibusdam
3498 4282 3554 4334 in

1987 4374 2168 4439 doliis,
2202 4374 2294 4429 ubi
2339 4373 2564 4435 latebat,
2596 4370 2872 4428 inventam
2920 4372 3112 4437 fuisse,
3160 4369 3555 4441 imperantibus

314 4488 447 4541 Πίου
482 4484 576 4538 τοῦ
615 4456 887 4546 Εὐσεϐοῦς
914 4456 1364 4551 ἐπικεκλημένοι)
1398 4476 1520 4531 καθ’
1547 4474 1874 4548 ἐρμηνείαν⁴

1990 4464 2276 4520 Caracalla
2330 4473 2494 4534 atque
2528 4460 2662 4519 Geta
2724 4461 2909 4517 Severi
2944 4461 3088 4517 ﬁliis.
3122 4458 3258 4513 Nam
3288 4456 3357 4514 ab
3386 4458 3557 4511 Anto-

313 4581 345 4633 ό
366 4577 558 4650 χρόνος
582 4576 691 4630 τῶν
726 4541 1160 4645 βασιλευσάντων
1183 4541 1401 4641 ’ταύτην
1428 4567 1554 4638 ἔσχε
1715 4565 1874 4620 διαδοι

1994 4557 2122 4611 nino
2147 4555 2244 4611 Pio
2267 4553 2643 4611 Romanorum
2673 4555 3059 4626 imperatorum
3088 4553 3258 4609 series
3289 4550 3557 4621 ejusmodi

316 4670 438 4739 χήν.

387 4758 541 4812 Μετὰ
583 4757 898 4811 Ἀντωνῖνον
936 4756 1028 4809 τὸν
1063 4754 1194 4808 Πίον
1233 4751 1504 4823 βασιλεύει
1533 4750 1758 4820 Μάρκος
1788 4749 1893 4801 Δὺ-

320 4848 506 4922 ρήλιος
552 4849 886 4911 Ἀντωνῖνος,
918 4850 946 4901 ό
980 4847 1075 4899 καὶ
1103 4846 1332 4916 Οὑῆρος,
1366 4844 1459 4913 ἔτη
1497 4841 1581 4895 ιϐ’.

388 4940 546 4994 Μετὰ
594 4939 782 4993 τοῦτον
828 4938 1116 5009 Κόμμοδος
1143 4936 1300 4999 ἄλλος
1330 4932 1601 5005 βασιλεύει
1653 4932 1747 5002 ἔτη
1803 4929 1890 4999 ιγ’.

1992 4648 2017 4701 Γ
2016 4648 2111 4703 uit.

2061 4738 2301 4795 Antonio
2344 4737 2440 4796 Pio
2487 4738 2759 4794 successit
2810 4734 3025 4791 Marcus
3072 4734 3329 4791 Aurelius
3383 4734 3556 4788 Anto-

1990 4833 2177 4896 ninus,
2203 4834 2296 4903 qui
2319 4840 2374 4888 et
2397 4826 2574 4887 Verus
2595 4828 2775 4886 dictus
2802 4839 2905 4895 est,
2930 4843 3102 4883 annos
3128 4843 3239 4881 nx.

2064 4921 2195 4980 Post
2220 4919 2735 4986 bunc,Commodus
2774 4921 2915 4974 alius
2946 4917 3178 4988 imperat
3228 4931 3401 4971 annos
3440 4932 3560 4971 XIII.

316 5032 455 5102 Περὶ
477 5025 539 5086 οὗ
567 5031 758 5101 χρόνον
786 5029 1152 5099 γνωρισθῆναι
1176 5026 1503 5080 Θεοδοτίωνα
1525 5024 1773 5095 εἴπομεν,
1802 5022 1874 5077 tot

1992 5014 2163 5083 Cujus
2211 5021 2456 5084 tempore
2501 5011 2929 5068 Theodotionem
2978 5009 3255 5065 exstitisse
3298 5009 3559 5071 diximus,

315 5124 416 5194 τὴν
447 5121 726 5194 Τετάρτην
753 5121 1045 5191 ἑρμηνείαν
1076 5115 1505 5191 ἑρμηνεύσαντα.

388 5210 674 5281 Κόμμοδον
697 5209 883 5262 τοῦτον
918 5207 1219 5277 διαδέχεται
1264 5203 1530 5276 Περτίναξ
1575 5201 1751 5267 ἄλλος,
1804 5201 1897 5254 καὶ

322 5301 594 5369 βασιλεύει
630 5301 805 5371 μῆνας
833 5300 913 5364 ἒξ.

391 5391 592 5446 Τοῦτον
620 5391 922 5461 διαδέχεται
951 5390 1187 5459 Σευῆρος
1216 5388 1395 5450 ἄλλος,
1426 5387 1523 5440 σὺν
1553 5385 1631 5456 τῷ
1663 5382 1779 5454 υἱῷ
1801 5382 1898 5436 αὑ-

318 5482 415 5539 τοῦ
450 5484 769 5555 Ἀντωνίνῳ,
797 5484 893 5537 καὶ
922 5482 1290 5554 βασιλεύουσιν
1320 5481 1414 5551 ἔτη
1450 5486 1538 5550 ιη’.

394 5573 829 5647 Τελευτήσαντος
870 5575 927 5629 δέ
965 5573 1207 5645 Σευήρου
1245 5572 1548 5642 διαδέχεται
1584 5570 1683 5642 τὴν
1724 5568 1898 5641 ἀρχὴν

1995 5108 2086 5177 qui
2116 5105 2335 5173 Quartae
2368 5102 2630 5161 editionis
2661 5113 2851 5158 auctor
2881 5110 2986 5160 est.

2066 5198 2364 5254 Commodo
2386 5198 2628 5254 succedit
2649 5197 2904 5253 Pertinax
2930 5196 3089 5261 alius;
3116 5194 3399 5263 imperavit
3421 5207 3566 5247 men-

1998 5307 2084 5348 SC‘S
2102 5308 2173 5345 VI.

2070 5383 2206 5438 Hinc
2225 5380 2464 5439 Severus
2487 5382 2626 5438 alius
2651 5396 2777 5436 cum
2802 5380 3082 5435 Antonino
3104 5375 3210 5433 Iilio
3226 5377 3386 5431 annis
3414 5389 3567 5429 xvm.

2074 5564 2289 5620 Mortuo
2332 5562 2556 5626 Severo,
2610 5563 2858 5619 succedit
2897 5560 3204 5614 Antoninus
3243 5554 3363 5623 ejus
3407 5549 3575 5615 titius,

395 5729 416 5764 ι
442 5728 572 5785 Cor.
598 5731 902 5801 δυνηθεῖσιν
932 5730 1202 5802 ἀλλήλοις.
1276 5732 1296 5763 ι
1328 5728 1388 5785 F.
1424 5727 1763 5783 ὲκδεδωκόσι.
1810 5728 1874 5781 En

2045 5724 2065 5757 ³
2096 5721 2155 5778 F.
2192 5716 2367 5793 εὗρεν.
2442 5720 2463 5753 ⁸
2488 5719 2550 5775 F.
2583 5719 2789 5788 είρμόν.
2827 5717 2984 5771 Emr.

588 5816 863 5876 ΡΑτιιοι..
898 5816 1017 5901 Irin.
1076 5822 1123 5874 Χ
1142 5821 1294 5879 LIII.

3223 5806 3264 5865 9
