4034 6216
437 303 548 360 ’ΞϐἸ

1854 281 1913 337 S.
1952 275 2291 334 EPIPIIANII

3594 272 3700 329 ειιε

449 418 541 488 ψιὶ
579 427 632 472 et
664 413 798 470 Geta
827 419 880 468 et
903 408 1183 467 Caracalla
1215 404 1526 462 nominatur
1554 422 1565 456 :
1604 399 1890 470 imperavit
1923 412 2020 452 an-
2048 403 2075 460 Α

2174 395 2284 448 ὅτοῢ
2322 394 2634 456 Ἀντωνῖνος
2657 394 2686 446 ό
2713 391 2825 456 υίὸς
2845 390 3036 456 αὐτοῦ,
3061 391 3089 444 ὁ
3114 389 3208 444 καὶ
3233 389 3406 453 Γέτας
3431 388 3588 455 ἄλλος
3610 390 3652 456 ¹,
3674 392 3704 442 ό

449 481 552 564 nos
581 523 674 562 ιιι.
714 505 958 578 Septimo
989 518 1116 557 vero
1157 513 1300 554 anno
1341 496 1556 563 Quintae
1601 491 1859 550 editionis
1893 489 2018 544 libri

2174 488 2222 541 xi.
2241 485 2602 558 Καράκαλλος
2630 483 2972 554 ἐπικληθεὶς,
3007 483 3103 537 καὶ
3132 485 3276 536 ποιεῖ
3299 481 3392 552 ἐτη
3424 482 3490 545 ζ’.
3535 482 3625 534 Ἐν
3647 481 3704 534 δὲ

450 571 805 654 Hierichunte
839 595 892 649 in
926 592 1086 648 doliis
1126 588 1326 661 reperti
1373 593 1522 654 sunt,
1557 598 1684 640 cum
1716 581 1840 636 aliis
1866 578 2022 635 libris

2174 577 2454 648 ᾖέϐδὸμῳ
2490 575 2657 630 αὑτοῦ
2707 575 2834 628 ἔτει
2870 573 3170 646 εὑρέθησαν
3221 574 3316 626 καὶ
3375 571 3548 642 βίϐλοι
3603 573 3705 642 τῆς

452 689 734 747 Hebraicis
763 701 827 741 ac
858 683 1079 741 Graecis.

519 868 815 927 Caracallae
857 860 1104 922 succedit
1153 856 1466 914 Antoninus
1505 853 1667 918 alius,
1709 849 1804 921 qui
1848 846 2026 916 impe-

451 964 592 1022 ravit
624 975 798 1017 annos
828 976 899 1014 Iv.

524 1052 762 1107 Secutus
799 1056 884 1104 est
913 1043 1222 1102 Alexander
1250 1040 1394 1096 ﬁlius
1423 1037 1662 1094 Mammas
1706 1031 1866 1088 annis
1901 1043 2024 1083 xm.

2126 669 2394 740 ’Πέμπτης
2431 667 2696 731 ἐκδόσεως
2723 669 2782 720 ἐν
2811 665 3007 729 πίθοις.
3041 667 3100 718 ἐν
3139 662 3350 736 Ἱεριχῷ
3387 664 3708 733 κεκρυμμέ-

2130 777 2238 826 ναι,
2268 762 2405 830 μετὰ
2430 759 2606 815 ἄλλων
2639 758 2860 828 βιϐλίων
2890 755 3196 828 Ἑϐραϊκῶν
3226 756 3318 809 καὶ
3358 754 3706 826 Ἑλληνικῶν.

2201 851 2306 905 Τὸν
2337 850 2392 904 δὲ
2422 849 2778 921 Καράκαλλον
2809 848 3110 918 διαδέχεται
3154 847 3470 910 Ἀντωνῖνος
3498 845 3708 917 ἕτερος,

2135 942 2462 1013 βασιλεύσας
2485 942 2579 1013 ἐτη
2607 942 2670 997 δ’.

2203 1031 2360 1087 Μετὰ
2394 1031 2582 1084 τοῦτον
2619 1029 2965 1084 ἐϐασίλευσεν
3005 1027 3354 1099 Ἀλέξανδρος
3387 1027 3415 1080 ὁ
3450 1024 3714 1096 Μαμαίας

449 1142 556 1199 Per
590 1142 704 1196 haec
753 1147 1000 1208 tempora
1037 1133 1216 1188 Editio
1242 1147 1314 1197 vr,
1359 1144 1482 1202 quae
1525 1135 1580 1183 et
1626 1126 1745 1196 ipsa
1784 1124 1838 1178 in
1867 1119 2030 1176 doliis

2174 1127 2286 1190 ταῖς,
2323 1123 2416 1195 ἔτη
2457 1129 2546 1192 ιγ’.
2594 1123 2683 1176 Ἐν
2713 1123 2864 1194 μέσῳ
2898 1121 3008 1175 τῶν
3040 1120 3248 1192 χρόνων
3283 1117 3488 1173 τούτων
3514 1116 3713 1189 εὑρέθη

456 1235 680 1294 latebat,
715 1228 962 1300 Nic0poli
987 1227 1055 1284 ad
1079 1226 1298 1282 Actium
1321 1230 1406 1279 est
1437 1221 1676 1276 inventa.

529 1404 898 1461 Alexandrum
927 1399 1290 1455 Maximianus
1317 1392 1532 1462 excepit
1559 1405 1610 1444 a.
1642 1403 1725 1442 ιιι.

531 1499 670 1552 IIuic
701 1495 1011 1552 Gordianus
1045 1490 1336 1556 successit,
1376 1485 1536 1543 annis
1565 1499 1641 1538 vi.

530 1589 660 1644 Post
689 1588 837 1643 hunc
865 1584 1170 1656 Philippus,
1205 1594 1380 1638 annos
1409 1592 1504 1633 vn.

533 1680 670 1736 Tum
707 1679 904 1736 Decius
931 1691 1075 1733 anno
1105 1690 1147 1742 ι,
1171 1673 1453 1730 mensibus
1491 1685 1576 1725 ιιι.

533 1854 682 1910 Decii
709 1866 873 1924 porro
900 1858 1145 1922 tempore
1158 1845 1391 1902 illustris
1404 1841 1626 1897 habitus
1642 1845 1725 1894 est
1741 1835 2004 1906 Origenes
2025 1851 2040 1900 ;

2139 1216 2313 1287 Ἔκτη
2333 1215 2562 1280 ἐκδοσις,
2585 1215 2678 1268 καὶ
2703 1215 2842 1286 αὑτὴ
2873 1216 2932 1272 ἐν
2960 1213 3138 1277 πίθοις
3159 1211 3514 1285 κεκρυμμένη
3530 1212 3590 1264 ἐν
3614 1210 3716 1263 Νι-

2138 1307 2355 1363 κοπόλει
2386 1309 2452 1377 τῇ
2493 1306 2630 1378 πρὸς
2673 1305 2884 1377 Ἀκτίᾳ.

2208 1401 2362 1454 Μετὰ
2392 1399 2581 1452 τοῦτον
2617 1396 2890 1468 βασιλεύει
2924 1395 3264 1468 Μαξιμιανδς
3287 1393 3382 1464 ἐτη
3406 1400 3477 1462 γ’.

2212 1488 2414 1542 Τοῦτον
2438 1487 2742 1557 διαδέχεται
2759 1486 3075 1557 Γορδιανδς,
3099 1485 3195 1538 καὶ
3227 1481 3500 1554 βασιλεύει
3522 1480 3618 1551 ἔτη
3636 1478 3722 1546 ἒξ.

2212 1579 2368 1634 Μετὰ
2397 1577 2586 1631 τοῦτον
2614 1575 2887 1647 βασιλεύει
2911 1575 3177 1637 Φίλιππος
3215 1576 3310 1628 ἐπὶ
3339 1573 3516 1626 έτεσιν
3548 1571 3615 1636 ζ’.

2214 1670 2414 1725 Τοῦτον
2448 1669 2716 1736 διεδέξατο
2746 1669 2953 1737 Δέκιος,
2985 1671 3080 1723 καὶ
3109 1669 3455 1724 ἐϐασίλευσεν
3481 1665 3728 1722 ἐνιαυτὸν

2069 1765 2109 1819 Β
2138 1761 2235 1815 Eva
2266 1761 2360 1814 καὶ
2388 1763 2565 1832 μῆνας
2592 1759 2662 1830 γ’.

2230 1851 2318 1904 Ἐν
2352 1850 2410 1904 δὲ
2442 1851 2556 1914 τοῖς
2595 1850 2808 1922 χρόνοις
2843 1850 3033 1904 Δεκίου
3066 1852 3349 1924 Ὦριγένης
3377 1849 3726 1922 ἐγνωρίζετο,

467 1946 764 2015 ﬂoruitque
807 1942 876 1998 ab
905 1941 1210 2012 imperante
1243 1935 1405 1991 Decio
1436 1946 1609 2004 usque
1639 1927 1707 1983 ad
1729 1926 1968 1991 Gallum,
1990 1931 2046 1982 et

2174 1941 2254 1994 ιπὸ
2277 1941 2484 2012 χρόνων
2521 1942 2710 1994 Δεκίου
2734 1941 2992 2013 ἀκμάσας
3016 1942 3121 2006 ἕως
3144 1941 3407 2012 Γαλιήνου
3425 1943 3447 1974 ³
3481 1942 3575 1994 καὶ¹
3592 1939 3731 1996 Οὐο-

469 2035 849 2098 Volusianum,
876 2040 930 2089 et
963 2031 1127 2086 ultra.

537 2128 808 2183 Cancrum
847 2124 904 2178 in
936 2120 1325 2194 persecutione
1347 2115 1498 2172 Decii
1528 2110 1850 2184 martyrium
1879 2106 2049 2163 subiit

2147 2030 2431 2086 λουσιανοῦ
2455 2031 2551 2085 καὶ
2574 2031 2852 2086 ἐπέκεινα.

2232 2122 2355 2176 Ἐπὶ
2389 2122 2447 2176 δὲ
2475 2121 2571 2175 τοῦ
2600 2123 2887 2192 γεγονότος
2910 2121 3152 2193 διωγμοῦ
3183 2122 3278 2177 τοῦ
3305 2122 3520 2188 Δεκίου,
3556 2123 3736 2193 ἐμαρ-

469 2220 702 2290 Babylas
749 2214 1088 2280 Antiochiae;
1136 2209 1432 2264 Flavianus
1475 2204 1692 2269 Romae;
1744 2197 2051 2256 Alexander

2174 2210 2385 2282 τύρησεν
2419 2211 2516 2282 μὲν
2541 2211 2791 2275 Βαϐύλας
2811 2213 2869 2265 ἐν
2902 2211 3220 2283 Ἀντιοχείᾳ,
3239 2211 3540 2276 Φλαϐιανδς
3561 2211 3618 2264 δὲ
3642 2214 3738 2265 ἐπὶ

471 2311 765 2380 episcopus
800 2302 1325 2373 Hierosolymorum,
1355 2297 1638 2352 Caesareae.

552 2485 708 2558 175
745 2483 888 2551 Quin
910 2488 965 2538 et
994 2478 1260 2551 Origenes
1300 2476 1440 2547 ipse,
1478 2471 1729 2544 quamvis
1765 2469 1935 2527 multa
1982 2466 2054 2524 sit

475 2591 693 2649 passus,
705 2571 1161 2644 martyriiexitum
1177 2567 1399 2622 minime
1409 2559 1495 2620 est
1510 2559 1867 2634 adeptus.Qui
1883 2558 2057 2616 Caesa-

479 2681 627 2723 ream
648 2664 924 2719 Stratonis
950 2660 1208 2729 primum,
1234 2656 1362 2710 inde
1387 2654 1759 2725 Hierosolyma
1789 2666 1910 2707 sese
1933 2665 2058 2706 con-

479 2754 682 2817 ferens,
715 2750 998 2822 paululum
1026 2748 1152 2804 istic
1181 2752 1447 2808 moratus,
1474 2741 1679 2814 Tyrum
1707 2747 1896 2812 postea
1927 2754 2059 2796 conv

479 2845 682 2902 cessit:
715 2843 1110 2921 ubiOannorum
1142 2845 1266 2894 octo
1296 2848 1348 2892 et
1383 2834 1575 2906 viginti
1609 2834 1786 2904 spatio
1831 2831 2055 2901 degens,

477 2951 605 2991 cum
636 2920 1062 2996 severissimam,
1088 2929 1169 2983 uti
1201 2928 1404 2994 ferunt,
1441 2926 1568 2979 vitae
1595 2922 1941 2994 disciplinam
1975 2920 2078 2988 in—,

2163 2299 2402 2372 Ῥώμης.
2462 2299 2808 2373 Ἀλέξανδρος
2858 2301 3162 2365 ἐπίσκοπος
3234 2300 3622 2373 Ἰεροσολύμων
3677 2301 3737 2352 ἐν

2153 2389 2482 2461 Καισαρείᾳ.

2223 2481 2334 2534 Καὶ
2359 2480 2522 2545 αὐτὸς
2549 2481 2606 2535 δέ
2644 2480 2923 2550 Ὠριγένης
2949 2480 3122 2534 πολλὰ
3154 2478 3458 2544 πεπονθὼς,
3482 2479 3562 2543 είς
3587 2478 3741 2542 τέλος

2155 2570 2248 2625 τοῦ
2290 2570 2590 2643 μαρτυρίου
2631 2572 2732 2624 οὐκ
2775 2570 3031 2640 ἔφθασεν.
3086 2569 3289 2625 Ἐλθὼν
3323 2569 3381 2623 δέ
3421 2571 3502 2634 είς
3531 2569 3741 2622 Καισά-

2160 2678 2312 2734 ρειαν
2338 2662 2438 2732 τὴν
2470 2662 2804 2732 Στράτωνος,
2838 2662 2932 2715 καὶ
2961 2661 3251 2733 διατρίψας
3281 2663 3361 2724 είς
3395 2660 3744 2731 Ἱεροσόλυμα

2159 2754 2350 2824 χρόνον
2373 2753 2573 2823 ὀλίγον,
2594 2748 2714 2806 εἷτα
2737 2753 2907 2807 ἐλθὼν
2943 2754 3022 2816 είς
3052 2752 3248 2824 Τύρον,
3283 2752 3376 2806 ἐπὶ
3404 2753 3499 2824 ἐτη
3528 2758 3633 2823 κη’,
3669 2751 3746 2815 ὡς

2160 2847 2190 2900 ὁ
2225 2843 2382 2912 λόγος
2429 2843 2564 2914 εχει,
2609 2845 2707 2916 τὴν
2755 2845 2854 2915 μὲν
2890 2844 3165 2898 πολιτείαν
3201 2846 3502 2914 ἐνησκεῖτο,
3545 2844 3644 2906 τὰς
3688 2843 3746 2896 δὲ

2161 2934 2385 3004 Γραφὰς
2410 2935 2778 3006 ὴρμήνευσεν.
2814 2935 2946 2988 Ὅτε
2969 2936 3064 2993 καὶ
3090 2934 3160 2988 τὰ
3201 2933 3492 3000 Ἐξαπλᾶ,
3525 2934 3621 2988 καὶ
3647 2934 3748 2995 τὰς

480 3027 679 3089 stituit,
704 3032 819 3077 tum
843 3022 909 3076 ad
935 3019 1348 3090 Scripturarum
1378 3013 1782 3072 enarrationem
1816 3010 2058 3065 animum

2174 3025 2256 3078 δύο
2290 3026 2400 3080 τῶν
2440 3025 2744 3096 Ἑϐραϊκῶν
2789 3027 3000 3092 σελίδας
3040 3027 3265 3098 ἄντικρυ
3300 3027 3365 3080 ἐκ
3402 3027 3748 3098 παραλλήλου

481 3117 701 3187 adjecit.
746 3115 866 3181 Quo
897 3122 1145 3184 tempore
1189 3109 1435 3177 Hexapla
1479 3107 1572 3160 illa
1603 3118 1703 3160 sua
1735 3100 2062 3171 composuit,

2174 3119 2298 3189 μιᾶς
2347 3095 2643 3189 ἑρμηνείας
2685 3118 2822 3190 πρὸς
2857 3119 2958 3190 τὴν
3009 3095 3212 3190 ἑτέραν
3255 3095 3574 3188 συνέθηκεν,
3612 3095 3747 3182 Ἐε-

485 3205 770 3263 Ilebraicis
837 3202 1050 3257 duabus
1110 3199 1322 3270 paginis
1367 3195 1629 3266 adjectis;
1684 3200 1846 3260 atque
1902 3204 2066 3243 unam

487 3295 784 3350 editionem
813 3306 880 3345 ex
919 3290 1151 3344 adverso
1180 3285 1406 3340 alterius
1447 3281 1728 3351 Opposuit,
1762 3294 1974 3349 eosque
2001 3277 2068 3331 Ii-

488 3384 618 3438 bros
646 3379 916 3448 Hexaplos
944 3374 1269 3440 nominavit,
1302 3373 1381 3427 uti
1406 3385 1571 3443 supra
1593 3369 1874 3441 copiosius
1899 3368 2070 3439 expli-

488 3486 755 3528 cavrmus.

556 3561 699 3617 XIX.
715 3561 887 3614 Porro
908 3572 1031 3613 cum
1060 3555 1320 3613 editionis
1351 3553 1566 3620 Quintae
1591 3568 1655 3608 ac
1687 3552 1866 3608 Sexta:
1895 3552 2068 3608 libros

491 3669 578 3719 eo,
613 3667 722 3724 quo
756 3649 1017 3712 diximus,
1075 3645 1237 3702 modo
1277 3645 1588 3715 repet-isset,
1637 3658 1738 3698 nec
1765 3642 1833 3698 de
1879 3651 2070 3696 aucto.

493 3749 646 3802 ribus
686 3749 994 3810 constaret,
1019 3738 1205 3794 habita
1243 3745 1572 3806 temporum,
1599 3735 1798 3805 quibus
1839 3735 2072 3788 inventae

495 3847 644 3903 sunt,
686 3836 920 3896 ratione,
958 3831 1192 3902 primum
1221 3829 1289 3882 ad
1327 3829 1640 3897 superiores
1675 3827 1796 3880 illas
1834 3833 2072 3896 quatuor

495 3937 895 4002 consequenter
925 3938 1090 3978 unam
1137 3919 1368 3975 attexuit
1398 3933 1559 3988 quam
1604 3917 1866 3987 appellari
1899 3916 2073 3983 Quin-

499 4033 609 4076 tam
643 4019 837 4082 voluit,
886 4023 940 4071 et
970 4011 1234 4081 inscripta
1260 4009 1452 4080 quinta
1484 4008 1690 4072 littera,
1721 4007 1967 4061 ordinem
2006 4005 2073 4060 il-

499 4114 606 4168 lius
629 4108 884 4166 ostendit.
917 4105 1062 4162 Idem
1097 4109 1151 4159 et
1181 4103 1236 4157 in
1265 4117 1318 4156 vr
1346 4107 1570 4156 secutus
1608 4105 1716 4162 est,
1757 4113 1922 4168 quam
1953 4097 2072 4168 epi-

2165 3207 2366 3274 Μλᾶς
2391 3209 2491 3274 τὰς
2531 3207 2744 3279 βίϐλους
2789 3211 3082 3282 ὀνομάσας,
3131 3210 3381 3281 καθάπερ
3407 3227 3500 3281 μοι
3523 3210 3635 3265 ἄνω
3664 3208 3749 3263 διὰ

2168 3299 2402 3364 πλάτους
2435 3301 2668 3373 εἴρηται.

2240 3565 2340 3620 ΙΘ’.
2375 3563 2566 3636 Εύρὼν
2597 3565 2654 3624 δὲ
2681 3565 2782 3636 τῆς
2809 3565 3077 3637 Πέμπτης
3111 3566 3206 3619 καὶ
3238 3565 3447 3636 Ἕκτης
3489 3563 3752 3628 ἐκδόσεως

2169 3655 2269 3720 τὰς
2296 3655 2511 3726 βίϐλους
2542 3655 2665 3712 καθ’
2693 3655 2753 3710 ὃν
2782 3656 3012 3728 εἴπομεν
3057 3657 3279 3729 τρόπον,
3327 3655 3426 3710 καὶ
3471 3651 3547 3727 μὴ
3593 3655 3753 3725 γνοὺς

2169 3745 2312 3810 τίνες
2342 3743 2451 3802 εἷεν
2484 3748 2532 3798 oi
2557 3745 2998 3818 ὲρμηνεύσαντες
3023 3747 3218 3814 αὐτὰς,
3248 3745 3373 3800 καθ’
3401 3744 3493 3810 οὓς
3520 3745 3751 3816 εὑρέθη-

2173 3853 2269 3891 σαν
2299 3836 2543 3908 χρόνους,
2594 3839 2713 3901 ταῖς
2761 3837 2868 3908 πρὸ
2905 3838 3085 3892 αὐτῶν
3123 3838 3415 3909 τέσσαρσιν
3448 3834 3754 3897 ἀκολούθως

2171 3929 2247 3998 τῇν
2271 3926 2570 3996 παραθέσει
2596 3928 2930 4000 συνυφήνας,
2958 3930 3058 3999 τὴν
3087 3928 3214 3999 μίαν
3245 3928 3514 4000 Πέμπτην
3543 3927 3757 3998 ώνόματ

2175 4033 2287 4082 σεν,
2314 4017 2623 4088 ἐπιγράψας
2650 4018 2739 4072 διὰ
2766 4019 2860 4072 τοῦ
2892 4019 3147 4090 πέμπτου
3180 4021 3445 4090 στοιχείου
3479 4021 3580 4090 τῆς
3609 4019 3754 4090 πέμ-

2174 4125 2314 4179 πτης
2337 4109 2427 4162 τὸν
2455 4109 2708 4180 ἀριθμὸν,
2745 4110 2840 4165 καὶ
2871 4109 3118 4180 δηλώσας
3149 4110 3211 4165 τὸ
3243 4110 3436 4182 ὄνομα.
3482 4110 3758 4173 Ὡσαύτως

499 4219 651 4261 senio
707 4200 946 4272 praeﬁxa,
994 4194 1255 4253 editionis
1303 4191 1483 4249 Sexta:
1532 4192 1755 4247 nomine
1805 4189 2071 4261 vulgavit.

2174 4198 2228 4252 δὲ
2261 4171 2354 4252 καὶ
2380 4200 2476 4269 τὴν
2497 4171 2621 4270 ’μετ’
2653 4171 2826 4272 αύτὴν
2852 4171 3206 4274 τὸέπίση-μον
3229 4171 3547 4274 ἐπιγράψας
3567 4201 3632 4255 τὸ
3661 4171 3757 4272 τῆς

445 4303 464 4308 “
501 4295 620 4362 Qua
650 4294 705 4347 in
734 4307 791 4347 re
817 4289 1093 4358 singulare
1117 4285 1392 4356 quoddam
1421 4282 1565 4338 inest
1586 4281 1906 4343 artiﬁcium,
1927 4279 2074 4350 quod

499 4386 747 4442 eruditos
779 4383 1073 4451 plerosque
1095 4378 1267 4430 latere
1308 4375 1467 4430 solet.
1507 4373 1610 4440 Qui
1645 4389 1769 4429 cum
1803 4371 2073 4440 Hexapla,

503 4477 587 4532 vel
625 4473 851 4542 Octapla
898 4471 1090 4540 legunt
1123 4472 1270 4536 (nam
1311 4464 1562 4536 Tetrapla
1625 4482 1679 4520 Iv
1719 4463 1924 4520 Graecis
1957 4463 2075 4518 edi-

505 4567 748 4623 tionibus
777 4571 1071 4630 constant;
1103 4575 1226 4616 cum
1260 4558 1518 4614 nimirum
1553 4558 1761 4628 Aquila:
1789 4557 2077 4611 translatio

507 4663 690 4728 priore
721 4657 842 4710 loco
883 4653 1058 4725 posita
1084 4671 1096 4705 :
1119 4660 1233 4704 tum
1266 4649 1579 4722 Symmachi
1602 4668 1615 4702 :
1635 4647 1834 4703 deinde
1863 4645 2074 4711 LXXII,

509 4765 572 4804 ac
615 4755 891 4818 postremo
936 4741 1348 4798 Theodotionis-
1375 4742 1430 4796 in
1480 4754 1648 4793 unum
1697 4753 1896 4810 corpus
1948 4754 2081 4795 con-

510 4844 728 4896 Ilentur.
771 4838 983 4905 Quibus
1027 4835 1072 4892 si
1109 4834 1388 4890 Hebraicae
1431 4832 1551 4887 duae
1587 4830 1854 4887 editiones
1894 4845 2084 4888 acces-

515 4941 708 4996 scrlnt,
763 4929 1010 5000 Hexapla
1044 4934 1330 4982 vocantur.
1383 4924 1539 4992 Quod
1562 4925 1609 4980 si
1641 4940 1672 4977 v
1709 4931 1763 4978 et
1796 4938 1846 4976 vt
1883 4922 2082 4978 editio-

512 5039 635 5078 nem
667 5022 1003 5092 adjunxeris,
1047 5034 1387 5089 consequens
1432 5027 1518 5072 est
1549 5027 1607 5071 ut
1643 5013 1869 5085 Octapla
1903 5015 2084 5069 nomi-

513 5115 768 5184 nentur);
813 5112 905 5168 sed
933 5126 1055 5166 cum
1094 5110 1216 5164 illos
1245 5111 1413 5163 lihros
1441 5109 1686 5178 quidam,
1715 5109 1794 5162 uti
1823 5106 2082 5174 diximus,

513 5207 792 5268 evolvunt,
827 5211 881 5258 et
919 5203 1129 5274 priores
1163 5217 1286 5256 csse
1325 5200 1464 5254 duas
1490 5200 1758 5253 editiones
1785 5198 2085 5254 Hebraicas

516 5299 722 5358 vident,
765 5313 829 5350 ac
858 5296 1116 5364 deinceps
1158 5291 1388 5364 Aquila),
1435 5303 1547 5346 tum
1589 5292 1924 5362 Symmachi.
1960 5293 2086 5345 inde

517 5390 657 5448 LXX
698 5389 1018 5451 Seniorum;
1051 5386 1246 5442 deinde
1277 5384 1692 5448 Thcodotionis,
1731 5393 2006 5454 postremo
2031 5402 2084 5448 v,

517 5499 681 5556 atque
718 5500 790 5548 vi,
840 5480 1092 5552 Aquilam
1136 5489 1189 5534 ct
1247 5476 1659 5550 Symmachum,
1707 5493 1805 5548 pro
1851 5493 1938 5544 eo,
1978 5492 2087 5548 quo

595 5661 607 5688 ’
639 5663 696 5720 Ε.
729 5665 920 5727 ἄλλως.
957 5663 1112 5718 Εοιτ.
1189 5665 1208 5694 ⁸
1237 5661 1301 5718 C.
1336 5659 1556 5716 Γάλλου.
1632 5659 1654 5693 ³
1682 5657 1742 5716 F.
1781 5660 1840 5714 ἐν
1865 5658 2122 5729 πρώτοις.

2177 4292 2381 4364 Ἔκτης
2401 4295 2694 4365 ἑρμηνείας
2706 4295 2876 4366 ὄνομα
2898 4295 3184 4366 ἐδήλωσεν.
3213 4296 3373 4349 Ἀλλὰ
3393 4295 3488 4349 καὶ
3500 4295 3758 4365 τεχνικῶς

2181 4382 2338 4436 τοῦτο
2365 4385 2680 4455 εἰργάσατο,
2704 4387 2840 4458 ὅπερ
2861 4387 2969 4441 τῶν
2992 4386 3291 4456 φιλολόγων
3315 4386 3468 4450 τινὰς
3487 4386 3758 4441 λανθάνει.

2183 4474 2629 4545 Ἐντυγχάνοντες
2655 4477 2764 4548 γὰρ
2791 4480 2904 4542 τοῖς
2941 4477 3284 4545 Ἑξαπλοῖξ,
3331 4478 3365 4549 ἢ
3408 4477 3762 4542 Ὀκταπλοῖς

2185 4563 2519 4635 (Τετραπλᾶ
2548 4567 2656 4638 γάρ
2682 4569 2784 4620 είσι
2805 4569 2872 4622 τὰ
2906 4568 3216 4640 Ἑλληνικὰ,
3247 4569 3374 4622 ὅταν
3403 4570 3460 4622 ai.
3491 4568 3586 4622 τοῦ
3605 4568 3765 4622 Ἀκύ-

2183 4656 2270 4720 λα,
2318 4657 2413 4710 καὶ
2458 4658 2781 4729 Συμμάχου,
2823 4661 2917 4713 καὶ
2962 4659 3071 4714 τῶν
3117 4658 3636 4731 Ἐϐδομηκονταδύο,
3671 4661 3763 4712 καὶ

2185 4748 2538 4814 Θεοδοτίωνος
2566 4752 2854 4822 ἑρμηνεῖαι
2883 4751 3315 4822 συντεταγμέναι
3340 4745 3463 4805 ὦσι.
3497 4750 3618 4803 Τῶν
3645 4765 3764 4803 τεσ-

2184 4839 2367 4910 σάρων
2405 4840 2463 4892 δὲ
2501 4840 2706 4894 τούτων
2741 4841 2963 4895 σελίδων
2991 4843 3114 4905 ταῖς
3141 4841 3262 4894 δυσί⁵
3290 4844 3411 4904 ταῖς
3453 4840 3765 4913 Ἑϐραϊκαῖς

2186 4932 2584 5000 συναφθεισῶν,
2629 4934 2905 4998 Ἐξαπλᾱ
2939 4936 3206 4989 καλεῖται.
3254 4934 3458 4987 Ἐὰνδέ
3494 4936 3590 4988 καὶ
3619 4935 3766 5004 Πέμ-

2187 5041 2296 5094 πτη
2335 5023 2426 5076 καὶ
2468 5026 2500 5094 ἡ
2551 5024 2723 5096 Ἕκτη
2751 5027 3014 5098 ἑρμηνεία
3058 5025 3418 5096 συναφθῶσιν,
3461 5026 3769 5089 ἀκολούθως

2185 5116 2395 5179 τούτοις
2417 5117 2722 5172 Ὀκταπλίῖ
2748 5119 3044 5186 καλεῖται)·
3089 5118 3232 5182 τινὲς
3252 5119 3454 5179 τοίνυν,
3497 5119 3574 5181 ὼς
3613 5117 3766 5186 ἔφην,

2187 5208 2412 5265 ταύταις
2440 5210 2560 5271 ταῖς
2595 5208 2796 5277 βίϐλοις
2833 5211 3272 5281 ἐντυγχάνοντες,
3299 5209 3394 5262 καὶ
3425 5209 3769 5280 εὑρίσκοντες

2191 5295 2288 5359 τὰς
2311 5296 2405 5349 δύο
2438 5297 2735 5367 Ἐϐραῖκὰς
2764 5298 3004 5369 πρώτοις
3031 5308 3045 5330 ⁸
3072 5298 3356 5369 κειμένας,
3402 5297 3537 5367 μετὰ
3569 5296 3770 5360 ταύτας

2192 5387 2248 5439 δὲ
2273 5389 2371 5459 τὴν
2399 5388 2492 5441 τοῦ
2521 5389 2724 5442 Ἀκύλα
2766 5392 3132 5460 τεταγμένην,
3169 5389 3289 5459 μεθ’
3327 5389 3394 5460 ἣν
3423 5390 3520 5444 καὶ¹
3551 5385 3648 5460 τὴν
3678 5386 3771 5441 τοῦ

2193 5479 2262 5532 Συ
2272 5481 2512 5551 μμάχου,
2544 5481 2733 5536 ἔπειτα
2756 5482 2853 5553 τὴν
2875 5482 2983 5536 τῶν
3022 5481 3540 5552 Ἑϐδομηκονταδύο,
3573 5477 3774 5553 μεθ’δις
