4034 6216
335 348 441 404 269

1294 350 1499 406 LIBER
1540 349 1627 403 DE
1666 348 2017 405 MENSURIS
2051 350 2137 405 ET
2178 349 2636 407 PONDERIBUS.

3495 359 3599 415 270

340 466 374 532 ἡ
405 466 501 520 τού
532 465 879 532 Θεοδοτίωνος
909 467 1285 533 συντέτακται,
1322 468 1416 521 καὶ
1444 467 1573 538 ἑξῆς
1612 470 1645 535 ἡ
1692 468 1923 537 Πέμπτη

2050 467 2283 537 lispositi
2311 478 2439 522 sunt
2468 468 2686 535 ordine,
2719 466 2862 522 LXX
2893 468 3042 540 ipsos
3071 473 3435 525 antecessisse
3465 472 3601 527 falso

336 574 397 610 τε
417 558 508 611 καὶ
521 557 715 629 Ἔκτη,
736 558 951 612 δοκοῦσι
974 557 1221 630 πρώτους
1235 558 1671 632 ἐρμηνεῦσαιτὸν
1691 558 1922 611 Ἀκύλαν

338 651 435 702 καὶ
471 649 561 702 τὸν
600 649 895 721 Σύμμαχον
936 649 1045 703 τῶν
1096 648 1617 720 Ἑϐδομηκονταδύο,
1650 650 1793 703 κατὰ
1824 649 1923 720 τὴν

338 742 492 807 τάξιν
540 741 640 812 τῆς
673 742 897 809 θέσεως,
942 743 1079 814 ὅπερ
1109 743 1210 795 οὐκ
1242 741 1411 795 ἔστιν.
1452 742 1594 795 Ἀλλ’
1638 740 1923 815 Ὧριγένης

339 834 647 905 πυθόμενος
678 834 775 906 τὴν
802 834 911 888 τῶν
950 834 1449 906 Ἑϐδομηκονταδύο
1477 834 1689 889 ἔκδοσιν
1718 832 1924 905 ἀκριϐῆ

339 922 506 988 εἶναι,
550 926 721 997 μέσην
752 925 957 996 ταύτην
996 926 1311 997 συνέθηκεν,
1351 927 1501 989 ὅπως
1539 926 1637 991 τὰς
1673 924 1925 979 ἐντεῦθεν

340 1018 439 1072 καὶ
463 1017 713 1072 ἐντεῦθεν
738 1017 1036 1088 ἑρμηνείας
1062 1016 1331 1089 διελέγχῃ·
1348 1015 1508 1071 τοῦτο
1528 1016 1584 1069 δὲ
1605 1015 1765 1087 μόνον
1790 1016 1927 1087 Ὠρι-

340 1111 507 1181 γένης
526 1108 811 1181 χρησίμως
843 1108 1119 1180 ἐποίησεν.
1151 1109 1268 1161 Ἵνα
1286 1108 1343 1161 δέ
1365 1108 1461 1165 καλ⁸
1488 1107 1597 1161 τῶν
1640 1106 1927 1178 Ῥωμαίων

344 1202 609 1273 βασιλέων
640 1202 740 1272 τὴν
787 1200 1133 1265 ἀκολουθίαν,
1178 1202 1245 1271 ἦν
1282 1199 1573 1272 ἠρξάμεθα
1606 1201 1801 1262 ποιεῖν,
1852 1198 1928 1270 μὴ

344 1290 796 1365 παραλείψωμεν,
831 1287 987 1354 αὖθις
1025 1290 1126 1352 τὰς
1157 1289 1265 1343 τῶν
1301 1289 1477 1343 ἄλλων
1514 1287 1780 1360 βασιλέων
1811 1287 1929 1341 δια-

342 1385 524 1456 δοχὰς,
563 1382 745 1447 καθὼς
773 1383 1002 1446 ἕκαστος
1034 1382 1404 1447 ἐϐασίλευσεν,
1447 1380 1824 1450 ὐποτάξωμεν.

416 1479 504 1530 Κ’.
549 1473 995 1545 ΜετὰΓαλίηνον
1020 1476 1034 1505 ¹
1067 1476 1164 1528 καὶ
1191 1473 1582 1527 Οὐολουσιανὸν
1624 1473 1752 1535 τοὺς
1794 1488 1929 1541 προ-

347 1566 771 1639 γεγραμμένους
803 1566 1232 1638 βασιλεύσαντας
1257 1567 1349 1619 ἐπὶ
1370 1566 1515 1619 ἔτεσι
1546 1564 1640 1619 δύο
1673 1564 1766 1618 καὶ
1800 1562 1933 1634 μησὶ

346 1662 664 1732 τέσσαρσιν,
710 1659 1060 1713 ἐϐασίλευσεν
1108 1658 1473 1729 Οὐαλεριανὸς
1523 1659 1618 1712 καὶ
1673 1657 1932 1726 Γαλίηνος

348 1755 442 1808 ἐπὶ
470 1753 615 1807 ἔτεσι
646 1751 875 1806 δώδεκα.
911 1751 1004 1804 Ἐν
1050 1750 1127 1820 τῷ
1172 1751 1376 1819 ἐννάτῳ
1413 1745 1505 1803 οὖν
1541 1749 1650 1803 ἔτει
1683 1749 1784 1819 τῆς
1809 1747 1934 1801 τού-

347 1865 458 1901 των
492 1844 769 1916 βασιλείας
808 1843 975 1915 ἀνέϐη
1014 1843 1210 1912 Μάνης
1242 1842 1350 1896 ἀπὸ
1386 1843 1485 1913 τῆς
1520 1842 1799 1913 Περσίδος
1843 1840 1933 1893 ὅτε

350 1941 448 1995 καὶ
484 1938 621 2010 πρὸς
662 1936 954 2009 ’Δρχέλαον
996 1935 1090 1988 τὸν
1130 1935 1431 1988 ἐπίσκοπον
1478 1933 1790 2003 Κασχάρων
1833 1931 1935 2001 τῆς

352 2029 779 2098 Μεσοποταμίας
820 2028 1150 2098 συζητήσας,
1192 2027 1286 2080 καὶ
1328 2025 1388 2079 τὸ
1428 2021 1590 2099 ἦττον
1631 2025 1938 2093 ἀπενεγκά-

356 2139 541 2195 μενος,
572 2120 877 2191 λεληθότως
908 2119 1141 2190 ἀπέδρα,
1188 2118 1283 2171 καὶ
1320 2116 1490 2171 ἐλθὼν
1525 2119 1605 2181 είς
1643 2116 1938 2188 Διοδωρίδα

354 2216 553 2286 κώμην
593 2213 695 2283 τῆς
737 2210 1048 2282 Κασχάρων
1083 2208 1434 2280 περιοικίδος,
1482 2210 1577 2263 κοιλ⁵
1626 2207 1939 2278 συζητήσας

354 2308 614 2381 Τρύφωνι
654 2306 733 2377 τῷ
776 2305 918 2374 ἁγίῳ
958 2302 1335 2374 πρεσϐυτέρῳ,
1381 2300 1603 2363 τελείως
1642 2300 1732 2353 ὐπ’
1771 2297 1937 2351 αὐτοῦ

354 2396 728 2471 κατῃσχύνθηο
765 2396 846 2449 διὸ
866 2396 959 2448 καὶ
980 2393 1175 2464 ἔμελλε
1198 2393 1369 2456 λίθοις
1393 2391 1498 2445 ὐπὸ
1532 2390 1641 2444 τῶν
1667 2389 1813 2442 λαῶν
1842 2390 1938 2443 θα-

354 2488 668 2544 νατοῦσθαι·
708 2485 1007 2557 λυτρωθεὶς
1044 2484 1100 2536 δὲ
1134 2484 1239 2536 ὑπὸ
1276 2481 1372 2536 τοῦ
1415 2480 1714 2535 ἐπισκόπου
1750 2480 1940 2550 ’Λρχε-

354 2581 511 2635 λάουο
556 2580 649 2634 καὶ
678 2576 1007 2647 ἀνακάμψας
1033 2576 1114 2639 είς
1146 2574 1245 2646 τὴν
1271 2574 1531 2645 Περσίδα,
1568 2570 1814 2626 κελεύσει
1843 2568 1937 2622 τοῦ

356 2669 586 2741 Περσῶν
623 2668 905 2739 βασιλέως,
952 2667 1187 2737 καλάμῳ
1235 2665 1486 2737 ἐξεδάρηυ
1534 2665 1631 2718 καὶ
1680 2662 1852 2726 οὕτως
1878 2661 1942 2714 τὸ

359 2762 511 2826 τέλος
535 2760 631 2815 τοῦ
667 2760 786 2831 βίου
816 2758 1176 2831 κατέστρεψε.

430 2938 587 2996 Μετὰ
625 2937 1009 3011 Οὐαλεριανὸν,
1048 2936 1142 2991 καὶ
1163 2934 1424 3005 Γαλίηνον
1456 2931 1730 3003 βασιλεύει
1762 2929 1943 2986 Κλαύ-

358 3035 469 3097 διος
497 3030 744 3085 ἐνιαυτὸν
775 3029 892 3095 ἕνα,
916 3028 1013 3082 καὶ
1048 3027 1222 3098 μῆνας
1254 3026 1320 3080 θ’.

2026 558 2400 629 suspicantur.
2435 558 2541 614 Sed
2568 559 2830 631 Origenes
2857 560 3107 616 videlicet
3148 577 3270 615 eum
3301 561 3488 618 LXXII
3515 565 3608 618 lu-

2023 659 2325 723 terpretum
2359 650 2653 707 editionem
2690 653 3164 709 accuratissimam
3204 670 3325 709 esse
3374 670 3605 725 persua-

2029 760 2151 801 sum
2186 743 2432 808 haberet,
2469 744 2704 799 mediam
2742 747 2987 801 omnium
3036 762 3156 803 esse
3202 748 3393 812 voluit,
3436 756 3495 801 ut
3536 748 3604 805 ad

2027 848 2148 890 eam
2177 834 2437 904 utrinque
2469 833 2749 902 dispositae
2777 844 3004 901 caetera},
3033 845 3289 906 tanquam
3323 838 3390 892 ad
3421 853 3607 893 amus—

2029 926 2134 981 sim
2169 925 2311 996 exigi
2360 924 2724 995 redarguique
2752 936 3015 993 possent:
3049 928 3195 997 quod
3221 943 3388 982 unum
3419 926 3608 1001 Otige-

2029 1018 2117 1073 nis
2170 1016 2453 1073 inventum
2494 1018 2654 1087 longe
2699 1016 3054 1072 utilissimum
3100 1017 3228 1072 fuit.
3279 1019 3384 1074 Sed
3424 1028 3483 1074 ut
3524 1021 3608 1074 in-

2030 1108 2284 1163 choatam
2317 1109 2690 1162 Romanorum
2741 1108 3134 1177 imperatorum
3178 1111 3373 1166 seriem
3421 1126 3611 1183 prose-

2032 1211 2281 1267 quamur,
2297 1206 2615 1252 cancrorum
2640 1198 3023 1254 successiones
3046 1208 3099 1254 et
3124 1199 3337 1269 imperii
3367 1209 3611 1271 tempora

2033 1290 2373 1361 subjicienda
2402 1288 2735 1359 putavimus.

2109 1463 2270 1535 176
2293 1460 2411 1516 XX.
2461 1463 2635 1534 Igitur
2677 1471 2803 1534 post
2849 1462 3063 1518 Gallum
3113 1470 3168 1519 et
3214 1462 3608 1527 Volusiauum,

2035 1575 2174 1628 quos
2232 1573 2399 1627 supra
2431 1556 3020 1624 commemoravimus,
3064 1557 3156 1627 qui
3204 1557 3364 1612 antiis
3396 1557 3613 1611 duobus

2037 1666 2100 1704 ac
2131 1650 2411 1705 mensibus
2439 1656 2676 1718 quatuor
2710 1648 3069 1719 imperarunt,
3101 1663 3418 1705 successere
3454 1647 3616 1702 Vale-

2038 1743 2229 1796 rianus
2258 1749 2310 1795 et
2341 1738 2600 1793 Galicnus
2623 1741 2784 1795 armis
2816 1739 3130 1794 duodecim.
3165 1739 3378 1806 Quibus
3411 1755 3617 1794 annum

2036 1848 2241 1888 nonum
2276 1833 2693 1902 imperantibus,
2719 1832 2904 1887 Manes
2934 1848 2965 1887 e
2991 1830 3213 1886 Perside
3247 1832 3312 1885 ad
3343 1830 3618 1885 Romano-

2038 1942 2159 1982 rum
2195 1926 2485 1995 imperium
2527 1925 2781 1979 accessit.
2819 1924 2940 1990 Quo
2976 1934 3223 1993 tempore
3255 1938 3380 1976 cum
3411 1922 3621 1977 Arche-

2038 2018 2124 2073 lao
2166 2015 2568 2073 Cascharorum
2613 2019 2667 2071 in
2711 2016 3099 2086 MeSOpotamia
3140 2015 3398 2087 episcopo
3433 2013 3622 2084 dispu-

2039 2111 2206 2164 tando
2242 2117 2536 2179 superatus
2575 2108 2888 2162 clanculum
2938 2106 3171 2176 aufugit,
3214 2116 3268 2160 et
3306 2106 3373 2159 ad
3422 2122 3622 2175 pagum

2040 2201 2330 2272 quemdam
2367 2199 2662 2255 Cascltaris
2716 2198 2956 2253 vicinum
3003 2197 3225 2251 nomine
3275 2194 3621 2249 Diodorident

2041 2295 2340 2367 profectus,
2396 2291 2709 2359 ibidemque
2757 2304 2882 2343 eum
2944 2286 3238 2357 Tryphone
3302 2286 3623 2356 presbytero

2041 2400 2397 2457 congressus,
2455 2382 2745 2436 convictus
2787 2392 2950 2450 atque
2988 2388 3235 2433 exaretno
3262 2375 3469 2446 pudore
3498 2390 3625 2445 per-

2042 2470 2200 2534 fusus
2238 2484 2361 2531 est:
2397 2490 2463 2530 ex
2506 2489 2615 2544 quo
2651 2473 2928 2543 lapidibus
2977 2486 3008 2524 a
3043 2469 3244 2540 populo
3287 2474 3435 2523 esset
3461 2467 3627 2521 obru-

2042 2577 2166 2634 tus,
2238 2569 2347 2624 nisi
2419 2582 2541 2623 eum
2602 2565 2905 2620 Archelaus
2966 2563 3259 2632 episcopus
3311 2558 3623 2629 eripuisset.

2047 2660 2201 2718 Unde
2228 2675 2354 2715 cum
2401 2674 2655 2714 reversus
2698 2665 2846 2712 esset
2893 2656 2947 2710 in
2997 2654 3298 2717 Persidem,
3331 2652 3625 2708 Persarum

2042 2757 2189 2829 regis
2214 2755 2375 2826 jussu
2401 2753 2546 2807 cutis
2575 2752 2650 2805 illi
2686 2749 3011 2804 acutissimo
3041 2748 3256 2801 calamo
3286 2745 3627 2808 detrahitur;

2043 2850 2235 2916 itaque
2271 2851 2506 2897 mortem
2534 2840 2693 2895 obiit.

2116 2938 2248 2992 Post
2278 2934 2631 2989 Valerianum
2672 2939 2729 2986 et
2762 2930 3049 2985 Galienum
3085 2927 3351 2984 Claudius
3394 2926 3627 2995 impera-

2046 3031 2125 3085 vit
2157 3043 2382 3092 annum,
2418 3039 2637 3080 menses
2672 3040 2746 3077 ιιι.

432 3123 635 3179 Τοῦτον
653 3122 959 3191 διαδέχεται
973 3118 1331 3191 Δύρηλιανὸς,
1349 3117 1442 3171 καὶ
1465 3114 1739 3188 βασιλεύει
1760 3113 1856 3183 ἐτη
1881 3118 1940 3180 ε’,

2122 3119 2402 3175 Successit
2439 3116 2770 3170 Aurelianus
2799 3128 2978 3170 annos
3003 3113 3268 3183 quinque,
3303 3126 3520 3167 menses
3552 3126 3627 3163 VI.

360 3218 458 3270 καὶ
494 3216 666 3285 μῆνας
692 3213 771 3277 ἐξ.

435 3306 585 3361 Μετὰ
604 3303 794 3357 τοῦτον
826 3301 1141 3355 ἐϐασίλευσε
1169 3299 1404 3363 Τάκιτος
1434 3299 1611 3369 μῆνας
1649 3296 1731 3361 ἐξ.

434 3398 589 3454 Μετὰ
649 3397 839 3450 τοῦτον
900 3394 1218 3447 ἐϐασίλευσε
1288 3392 1497 3463 Πρόϐος
1558 3391 1652 3461 ἔτη
1708 3388 1804 3454 ἐξ,
1853 3388 1949 3442 καὶ

370 3493 547 3563 μῆνας
576 3490 640 3544 δ’.
1008 3500 1011 3503 ‘

433 3581 588 3637 Μετὰ
633 3578 823 3633 τοῦτον
872 3576 1188 3631 ἐϐασίλευσε
1236 3575 1442 3647 Κάρος,
1487 3577 1603 3645 ἅμα
1636 3577 1749 3638 τοῖς
1791 3574 1949 3628 παισὶ

366 3673 587 3744 Χαρίνῳ
614 3671 709 3724 καὶ
736 3668 1119 3739 Νουμεριανῷ,
1151 3666 1248 3736 ἔτη
1278 3666 1391 3720 δύο.

429 3763 585 3816 Μετὰ
638 3759 825 3814 τοῦτον
883 3759 1255 3829 Διοκλητιανὸς
1320 3759 1435 3830 ἅμα
1481 3757 1811 3831 Μαξιμιανῷ
1854 3756 1950 3811 καὶ

367 3853 731 3923 Κωνσταντίῳ
760 3852 856 3923 ἐτη
899 3858 988 3920 ιγ’.
1032 3853 1148 3921 Ἐφ’
1186 3845 1261 3905 ὧν
1313 3853 1342 3904 ό
1398 3853 1658 3922 κραταιὸς
1711 3851 1950 3921 διωγμὸς

367 3944 680 4015 γεγένηται,
721 3942 1017 4014 διαρκέσας
1053 3942 1196 4006 ὅλοις
1221 3942 1427 3995 δώδεκα
1456 3943 1622 3997 ἔτεσι.
1656 3942 1951 4012 Παυσαμέ-

365 4055 458 4090 νου
480 4037 538 4090 δὲ
564 4035 657 4089 τοῦ
679 4035 943 4106 διωγμοῦ,
968 4034 1241 4104 βασιλεύει
1268 4034 1650 4104 Διοκλητιανὸς
1671 4033 1831 4088 ἄλλον
1855 4033 1950 4086 ἕνα

367 4128 631 4192 ἐνιαυτὸν,
685 4128 781 4181 καὶ
828 4126 1062 4180 παύεται
1087 4128 1185 4197 τῆς
1219 4126 1497 4195 βασιλείας
1540 4125 1947 4195 οὐαιτρανίσας.

367 4219 709 4291 Μαξιμιανὸς
754 4220 811 4273 δὲ
846 4217 1002 4288 κακῷ
1038 4218 1189 4288 μόρῳ
1227 4217 1503 4288 ὀφθαλμία
1547 4235 1608 4271 τε
1646 4218 1741 4271 καὶ
1786 4216 1951 4269 πάθει

369 4312 668 4384 σωματικῷ
723 4311 1056 4383 περιπεσὼν,
1114 4309 1440 4379 ἐξεϐολϐἡθη
1475 4309 1603 4372 τοὺς
1638 4308 1952 4379 ὀφθαλμοὺς

368 4405 659 4476 αὐτομάτῳ
685 4406 847 4474 νόσῳ,
878 4403 998 4456 καθ’
1033 4403 1095 4457 ὃν
1117 4402 1318 4474 τρόπον
1347 4400 1552 4455 διέθετο
1577 4402 1705 4464 τοὺς
1738 4402 1949 4469 μάρτυ-

2124 3289 2255 3345 Post
2290 3290 2434 3343 hunc
2464 3288 2692 3343 Tacitus
2722 3302 2941 3343 menses
2972 3302 3044 3341 vt.

2125 3383 2253 3439 Inde
2279 3383 2492 3438 Probus
2523 3398 2699 3438 annos
2741 3398 2814 3446 vt,
2852 3396 3072 3437 menses
3098 3396 3170 3435 tv.

2122 3578 2256 3632 Post
2277 3577 2426 3631 hunc
2448 3577 2626 3633 Carus
2649 3591 2772 3631 cum
2801 3575 2952 3641 filiis,
2973 3575 3179 3630 Carino
3200 3583 3255 3631 et
3276 3574 3634 3641 Numeriano,

2053 3683 2231 3722 annos
2260 3683 2318 3723 ll.

2124 3756 2264 3810 Tum
2298 3757 2671 3813 Diocletianus
2706 3772 2830 3812 cum
2868 3757 3199 3812 Maximiano
3228 3766 3282 3811 et
3313 3758 3637 3813 Constantio

2053 3865 2229 3904 annos
2266 3865 2386 3904 xm.
2438 3850 2683 3915 Quorum
2727 3862 2975 3920 tempore
3021 3866 3216 3920 magna
3254 3851 3344 3904 illa
3380 3866 3638 3921 persecu-

2055 3944 2132 3997 tio
2157 3944 2407 4013 contigit,
2437 3960 2558 4014 quae
2594 3944 2885 3998 duodecim
2924 3959 3098 3999 annos
3129 3943 3326 3998 tenuit.
3360 3943 3490 3997 Post
3516 3959 3638 4012 per-

2055 4036 2392 4090 sccutionetn
2454 4036 2742 4105 imperavit
2812 4034 3187 4089 Diocletianus
3246 4035 3413 4087 alium
3464 4050 3635 4088 unum

2054 4143 2278 4182 annmn.
2323 4126 2553 4195 Moxque
2593 4126 2846 4179 abdicato
2886 4125 3139 4193 imperio,
3184 4126 3332 4179 Velut
3376 4126 3639 4179 emeritus

2054 4235 2120 4273 ac
2158 4228 2450 4273 veteranus
2488 4218 2714 4287 privatae.
2744 4219 2870 4271 vita:
2907 4232 3027 4272 sese
3067 4216 3310 4269 tradidit.
3363 4215 3642 4269 Maximia-

2057 4326 2161 4366 nus
2188 4326 2318 4364 vero
2351 4310 2556 4363 infelici
2596 4309 2727 4373 fato,
2761 4310 3045 4364 oculorum
3076 4309 3400 4379 praesertim,
3454 4323 3516 4361 ac
3558 4316 3643 4359 to-

2056 4405 2165 4458 tius
2193 4403 2441 4474 corporis
2466 4401 2792 4473 aegritudine
2816 4401 3183 4468 conflictatus,
3217 4409 3410 4471 sponte
3435 4401 3642 4456 evulsis

372 4512 490 4567 ρας,
517 4496 612 4548 καὶ
637 4493 809 4557 οὓτως
835 4493 925 4545 τὸν
957 4492 1070 4562 βίον
1096 4491 1457 4561 κατέστρεψε,
1498 4489 1830 4562 καταλείψας
1855 4491 1940 4542 Λι-

2058 4495 2326 4551 radicitus
2355 4495 2553 4558 oculis,
2583 4495 2891 4549 miserrime
2916 4494 3096 4565 periit,
3124 4508 3247 4547 cum
3279 4492 3469 4547 eadem
3496 4498 3645 4545 esset

367 4589 539 4641 κίνιον
578 4586 673 4638 καὶ
697 4583 1076 4637 Κωνστάντιον
1113 4582 1517 4653 βασιλεύοντας.

438 4677 673 4741 ΙΤούτους
720 4676 1148 4747 τελευτήσαντας
1195 4675 1497 4745 διαδέχεται
1546 4674 1953 4736 Κωνσταντῖνος

366 4774 395 4825 ὁ
430 4770 763 4840 μακαρίτης,
795 4768 1123 4839 βασιλεύσας
1156 4767 1249 4838 ἐτη
1278 4766 1379 4837 λβ’.

440 4866 535 4926 Ὃς
566 4862 896 4931 τελευτήσας
924 4862 1050 4923 τοὺς
1078 4860 1241 4921 ἰδίους
1270 4859 1465 4922 παῖδας
1505 4859 1763 4911 κατέλιπε
1797 4860 1951 4928 βασι-

366 4954 565 5019 λεύειν,
590 4953 944 5017 Κώνσταντα,
977 4954 1071 5006 καὶ
1102 4952 1500 5015 Κωνστάντιον,
1530 4952 1623 5005 καὶ
1661 4955 1951 5006 Κωνσταν-

367 5050 532 5100 τῖνον.

435 5138 570 5193 Μεθ’
585 5137 679 5202 οὒς
694 5137 985 5200 Ἰουλιανὸς
1000 5136 1285 5200 Ἰουϐιανός
1301 5154 1381 5200 τε,
1402 5137 1495 5190 καὶ
1514 5135 1956 5198 Οὐαλεντινιανὸς

367 5234 396 5285 ὸ
415 5231 609 5301 μέγας.
638 5229 733 5283 καὶ
756 5228 970 5298 Οὐάλης
1000 5230 1029 5281 ό
1057 5228 1286 5298 ἁδελφὸς
1320 5228 1505 5291 αὐτοῦ,
1538 5230 1633 5282 καὶ
1658 5228 1955 5300 Γρατιανὸς

372 5320 485 5384 υἱὸς
500 5315 967 5380 Οὐαλεντινιανοῦ,
986 5318 1077 5370 καὶ
1092 5317 1534 5381 Οὐαλεντινιανὸς
1546 5318 1827 5391 νεώτερος,
1843 5319 1957 5382 υίὸς

372 5410 843 5477 Οὐαλεντινιανοῦ,
887 5410 1258 5480 τοῦ-ἀδελφοῦ
1284 5414 1303 5443 ¹
1340 5411 1666 5483 Γρατιανοῦ,
1704 5415 1799 5467 καὶ
1824 5412 1955 5466 Θεο-

372 5504 545 5565 δόσιος
574 5506 602 5556 ό
631 5501 1046 5570 θεοφιλέστατος
1079 5500 1355 5571 βασιλεὺς,
1382 5503 1476 5554 καὶ
1494 5502 1780 5573 ’Λρκὰδιος
1798 5504 1957 5567 ὀυίὸς

376 5590 564 5655 αὐτοῦ,
590 5592 685 5645 καὶ
710 5590 967 5664 Ὀνώριος
1000 5592 1430 5662 ἐπιφανέστατος
1457 5596 1483 5647 ὁ
1514 5594 1741 5664 ἀδελφὸς
1768 5596 1953 5652 αὐτοῦ.

451 5747 466 5780 ³
500 5746 561 5802 C.
597 5746 818 5803 Γάλλον.
900 5752 917 5781 ²
953 5748 1079 5820 Leg.
1117 5748 1362 5820 ἁδελφός.

2060 4598 2339 4659 expertus,
2376 4602 2496 4657 quae
2525 4588 2857 4658 martyribus
2886 4584 3178 4648 inflixerat,
3211 4586 3400 4639 relicto
3431 4584 3645 4637 Licinio

2063 4696 2126 4734 ac
2149 4679 2473 4735 Constantio
2504 4678 2953 4748 imperatoribus.
2986 4677 3199 4742 Quibus
3223 4677 3331 4729 vita
3369 4675 3647 4730 defunctis

2062 4771 2457 4825 Constantinus
2476 4771 2648 4824 beatae
2671 4769 2951 4823 memoriae
2973 4770 3259 4838 imperavit
3290 4766 3451 4821 annis
3470 4784 3642 4821 xxxii.

2134 4864 2236 4930 Qtti
2292 4872 2543 4917 mortuus
2598 4877 2946 4917 successores
2998 4861 3189 4914 habuit
3234 4860 3445 4929 imperii
3510 4859 3645 4914 ﬁlios

2062 4970 2212 5017 suos,
2265 4955 2645 5017 Constantem,
2695 4961 2749 5005 et
2800 4950 3209 5009 Constantium,
3263 4965 3327 5003 ac
3371 4950 3646 5002 Constan-

2064 5046 2263 5099 tinum.

2138 5139 2362 5208 Excepit
2394 5139 2492 5193 hos
2522 5135 2777 5192 Julianus
2803 5155 2817 5193 :
2846 5146 2959 5193 tum
2976 5139 3653 5207 Jovinianus,Valentinia-

2064 5246 2170 5285 nus
2220 5232 2469 5301 Magnus,
2505 5239 2558 5284 et
2592 5228 2796 5285 Valens
2858 5229 3029 5284 frater
3080 5230 3221 5299 ejus,
3256 5238 3325 5285 et
3353 5229 3649 5284 Gratianus

2067 5322 2211 5378 filius
2261 5320 2660 5388 Valentiniani;
2702 5320 2899 5376 deinde
2948 5319 3367 5376 Valentinianus
3418 5320 3650 5384 Jtmior,

2065 5412 2434 5468 Valentiniani
2476 5412 2642 5476 filius,
2677 5412 2845 5467 frater
2882 5410 3153 5475 Gratiani,
3198 5422 3251 5468 et
3283 5414 3439 5481 177
3471 5411 3651 5463 Theo-

2065 5504 2259 5559 dosius
2281 5504 2731 5574 religiosissimus
2755 5506 3073 5575 imperator.
3097 5504 3323 5557 Demuin
3356 5501 3649 5567 Arcadius,

2067 5596 2361 5654 Theodosii
2401 5600 2565 5667 lilius,
2597 5607 2650 5655 et
2693 5598 2970 5655 llonorius
3020 5596 3430 5653 illustrissimus
3481 5594 3650 5652 frater
