4034 6216
470 254 566 311 971

1859 244 1916 304 S.
1958 243 2297 300 EPIPIIAN‘II

3611 239 3719 294 273

471 367 610 434 ejus.
646 365 888 430 Quorum
926 363 1052 417 anni
1084 376 1258 431 usque
1314 359 1378 414 ad
1422 359 1710 413 Arcadium
1740 357 1778 412 ll
1813 367 1862 412 et
1900 358 2038 412 Ruﬁ-

2149 353 2250 411 Ὦν
2289 357 2356 411 τὰ
2401 355 2494 426 ἔτη
2534 355 2692 428 μέχρι
2721 355 2818 426 τῆς
2840 352 3126 425 Ἀρκαδίου
3162 350 3419 414 ὑπατείας
3447 349 3506 402 τὸ
3531 347 3716 402 δεύτε-

473 469 602 508 ιιιιιη
632 469 776 510 coss.
812 460 1170 508 numerantur
1211 463 1342 505 Lvu.
1366 450 1576 516 Quibus
1603 467 1749 507 coss.
1791 460 2037 506 mortuus

472 553 557 599 est
587 543 1004 599 Valentinianus
1029 541 1222 596 Junior
1245 538 1609 595 Valentiniani
1639 528 1818 610 Magni
1851 539 1992 595 ﬁlius
2020 559 2033 595 :

471 637 566 706 qui
603 635 852 700 subinde,
889 633 968 688 uti
1014 633 1214 699 ferunt,
1249 632 1574 703 praelocatus
1616 633 1671 686 in
1717 633 1916 703 palatio
1952 646 2036 686 re-

473 734 658 796 pertus
715 733 819 789 est,
872 721 1056 779 Idibus
1107 723 1253 787 Maii,
1318 722 1494 792 pridie
1528 721 1899 788 Pentecostes,
1949 723 2038 778 die

473 812 726 877 Sabbati;
753 812 872 882 ipso
903 827 1034 868 vero
1067 811 1155 866 die
1184 809 1533 867 Pentecostes
1564 811 1738 867 elatus
1771 819 1874 866 est.
1909 810 2036 866 Erat

468 909 585 955 tum
617 898 759 971 apud
797 899 1081 971 Egyptios
1125 899 1329 955 mensis
1379 898 1593 954 Pachon
1633 901 1748 956 dies
1780 900 2036 956 vicesima

470 993 667 1061 prima,
693 991 848 1061 juxta
873 989 1092 1045 Graecos
1121 989 1397 1045 Artemisii
1440 990 1645 1046 mensis
1676 991 1836 1046 tertia
1865 999 1919 1046 et
1953 991 2034 1045 vi-

467 1082 692 1146 cesima,
739 1080 1039 1136 secundum
1084 1077 1359 1136 Romanos
1403 1081 1615 1137 decimo
1665 1082 1892 1152 septimo
1928 1080 2035 1135 Ka-

470 1171 614 1226 lend.
643 1169 856 1226 lunias.

539 1261 683 1316 XXI.
726 1259 1025 1326 Hactenus,
1069 1260 1316 1317 studiose
1349 1260 1540 1326 lector,
1565 1263 1776 1332 paucis,
1804 1277 1924 1334 quae
1950 1263 2034 1318 di-

468 1351 641 1406 cenda
683 1351 1014 1422 putavimus,
1059 1353 1322 1417 contenti,
1359 1360 1528 1407 totam
1561 1352 1920 1424 Interpretum
1953 1355 2035 1408 hi-

361 1496 366 1501 .
471 1443 698 1497 storiam
755 1443 1126 1513 exposuimus.
1190 1441 1348 1498 Nunc
1405 1442 1662 1514 deinceps
1699 1444 1766 1499 ad
1816 1452 2032 1509 catera,

470 1532 929 1603 quemadmodum
975 1539 1028 1588 te
1072 1534 1451 1604 interpellante
1480 1534 1848 1604 promisimus,
1892 1550 1925 1590 ο
1951 1535 2036 1589 vir

469 1624 586 1690 Dei,
629 1625 870 1679 animum
914 1624 1287 1694 applicemus;
1344 1625 1520 1694 deque
1577 1625 1929 1695 ponderibus,
1979 1634 2034 1682 et

2141 462 2234 518 ρον
2262 446 2356 499 καὶ
2393 445 2672 513 Ῥουφίνου
2703 443 3060 514 ἀριθμοῦνται
3103 443 3204 510 νλξν.
3235 441 3352 510 Ἐφ’
3378 436 3452 493 ὧν
3498 439 3716 492 ἐτελεύ-

2137 553 2300 608 τησεν
2325 538 2354 589 ό
2373 534 2816 598 Οὑαλεντινιανὸς
2840 537 2868 588 ό
2899 533 3181 606 νεώτερος,
3209 532 3322 595 υίὸς
3342 531 3717 585 Οὑαλεντινια-

2137 625 2228 680 νοῦ
2261 624 2354 678 τοῦ
2387 623 2645 695 μεγάλου,
2681 623 2923 696 εὑρεθεὶς
2949 623 3102 690 ἄφνω
3131 622 3190 675 ἐν
3225 619 3303 690 τῷ
3341 619 3586 689 παλατίῳ
3615 634 3715 670 πε-

2137 715 2452 786 πνιγμένος,
2500 715 2575 778 ὼς
2623 715 2798 781 λόγος,
2850 715 2907 765 ἐν
2957 713 3131 776 Είδοῖς
3178 713 3404 774 Ματαις,
3445 711 3550 780 πρὸ
3586 711 3716 780 μιᾶς

2134 807 2352 878 ἡμέρας
2384 807 2484 876 τῆς
2509 804 2910 876 Πεντηκοστῆς,
2945 806 3001 856 ὲν
3032 802 3215 875 ἡμέρᾳ
3242 801 3540 855 Σαόὸάτουο
3575 801 3714 870 αὐτῇ

2135 899 2192 952 δὲ
2225 900 2291 969 τῇ
2323 897 2504 969 ἡμέρᾳ
2550 895 2652 966 τῆς
2699 895 3082 966 Πεντηκοστῆς
3127 892 3475 964 έξεκομὶσθη.
3522 888 3630 945 Ἦν
3658 893 3716 944 δὲ

2138 989 2257 1042 κατ’
2298 987 2628 1057 Αἰγυπτίους
2671 987 2793 1039 τότε
2830 986 2998 1057 μηνὸς
3041 983 3238 1055 Παχὼν
3273 985 3368 1054 μία
3412 983 3507 1036 καὶ
3539 983 3715 1048 εἰκάς,

2137 1079 2278 1134 κατὰ
2311 1079 2367 1132 δὲ
2391 1077 2658 1148 ’Έλληνας
2683 1076 3030 1148 Ἀρτεμισίου
3066 1076 3226 1146 τρίτη
3253 1074 3348 1128 καὶ
3373 1074 3545 1137 εἰκάς,
3577 1075 3719 1128 κατὰ

2147 1169 2451 1240 Ῥωμαίους
2481 1167 2538 1221 δὲ
2569 1168 2677 1238 πρὸ
2705 1167 2979 1220 δεκαεπτὰ
3025 1164 3319 1218 Καλανδῶν
3355 1165 3610 1218 ’Ῑουνίων.

2205 1261 2334 1314 KA'.
2373 1260 2517 1322 Ἐως
2563 1258 2830 1321 ἐνταῦθα,
2877 1256 3280 1325 φιλοκαλώτατε
3305 1295 3319 1319 ,
3357 1255 3718 1327 ἀρκεσθέντες

2135 1354 2247 1414 τοῖς
2275 1349 2715 1423 προειρημένοις,
2757 1349 2928 1402 άπασι
2956 1347 3054 1416 τὴν
3080 1347 3188 1400 τῶν
3211 1346 3559 1418 ὲρμηνευτῶν
3583 1346 3717 1398 ὑπό-

2137 1439 2284 1493 θεσιν
2311 1439 2688 1511 ἐδηλώσαμεν.
2722 1435 2834 1491 Εἶθ’
2863 1437 2988 1508 ἑξῆς
3016 1439 3094 1499 είς
3129 1437 3198 1489 τὰ
3227 1435 3500 1494 ἐπίλοιπα,
3535 1434 3717 1498 καθὼς

2137 1530 2522 1601 ὑπευχόμεθα⁸
2557 1532 2676 1592 σαῖς
2725 1529 2945 1599 εὐχαῖς,
2981 1526 3234 1597 ἄνθρωπε
3265 1526 3358 1580 τοῦ
3402 1525 3559 1589 Θεοῦ,
3620 1525 3713 1579 τὸν

2135 1622 2261 1676 νοῦν
2317 1621 2594 1691 έπιδῶμεν
2643 1619 2775 1694 περὶ
2826 1619 2935 1672 τῶν
2987 1619 3044 1670 ὲν
3097 1621 3216 1681 ταῖς
3260 1617 3433 1680 θείαις
3474 1617 3719 1687 Γραφαῐς

469 1716 766 1781 mensuris,
804 1730 867 1770 ac
909 1716 1153 1772 numeris
1200 1730 1442 1786 agemus,
1475 1724 1529 1770 et
1566 1717 1708 1771 unde
1739 1717 1900 1772 unius
1940 1731 2038 1771 cu-

2144 1711 2399 1782 σταθμῶν
2429 1729 2489 1764 τε
2540 1711 2634 1764 καὶ
2685 1709 2900 1781 μέτρων
2940 1709 3035 1763 καί
3079 1708 3328 1780 ἀριθμῶν
3367 1707 3718 1780 δηλώσοντες,

464 1802 663 1876 jusque
689 1817 888 1858 nomen
921 1817 987 1857 ac
1024 1803 1184 1872 cujus
1226 1804 1399 1874 gratia
1431 1803 1720 1858 deductum
1764 1803 1856 1866 sit,
1892 1818 2040 1874 quae-

467 1909 574 1964 que
631 1893 870 1950 nominis
921 1894 1138 1950 occasio
1189 1894 1379 1960 tuerit;
1430 1901 1544 1948 tum
1597 1909 1719 1964 qua:
1773 1895 2040 1965 cujusque

468 1984 733 2050 conditio,
766 1984 912 2057 quod
953 1985 1165 2056 pondus
1205 1984 1275 2040 sit
1303 1999 1366 2040 ac
1407 1992 1671 2056 potestas,
1711 1985 2036 2056 aperiemus.

535 2159 714 2213 Corus
772 2157 958 2227 itaque
1005 2174 1275 2214 mensura:
1320 2175 1492 2230 genus
1549 2171 1653 2227 est,
1721 2164 1790 2217 de
1834 2179 1942 2234 quo
1986 2165 2041 2219 in

471 2247 763 2317 Evangelia
798 2246 959 2301 Lucae
1003 2250 1060 2301 lit
1101 2251 1300 2303 mentio
1330 2253 1346 2282 ι
1377 2269 1389 2304 :
1423 2266 1532 2320 quo
1574 2252 1627 2306 in
1667 2253 1787 2307 loco
1813 2255 2044 2323 pruden—

470 2347 578 2393 tem
635 2339 1068 2409 dispensatorem
1116 2341 1380 2397 Dominus
1429 2345 1546 2413 ipse
1597 2343 1890 2408 collaudat,
1948 2346 2044 2416 qui

470 2429 817 2484 debitoribus
851 2444 950 2500 pro
993 2438 1072 2484 tot
1113 2431 1261 2486 coris
1301 2432 1475 2502 quiin
1525 2432 1741 2488 illorum
1774 2434 2046 2506 chirogra-

471 2520 596 2586 phis
617 2518 1064 2583 continebantur,
1086 2527 1166 2573 tot
1189 2522 1496 2591 rescripsit,
1523 2529 1577 2577 et
1599 2533 1854 2593 acceptos
1886 2526 2040 2592 tulit;

471 2623 682 2663 necnon
717 2619 770 2662 et
797 2623 896 2679 pro
926 2616 1006 2662 tot
1057 2610 1160 2663 olei
1189 2610 1352 2675 batis,
1397 2619 1476 2666 tot
1519 2614 1780 2684 reposuit.
1823 2613 2042 2671 Mensu-

471 2714 654 2752 rarum
703 2713 869 2769 porro
928 2699 1042 2754 haec
1088 2711 1218 2755 sunt
1273 2703 1538 2758 nomina:
1575 2703 1780 2768 lethec,
1826 2720 2038 2776 gomor,

470 2789 651 2852 batus,
681 2797 883 2855 satum,
917 2791 1155 2852 modius.
1191 2791 1383 2858 cabus,
1422 2792 1665 2857 cbmnix,
1697 2792 2044 2864 ephisimila-

470 2879 637 2950 ginis,
673 2880 916 2950 pugillus
959 2879 1170 2946 farinae,
1199 2883 1410 2947 artaba,
1446 2891 1559 2939 tres
1604 2898 1875 2940 mensura:
1899 2885 2046 2940 simi-

471 2970 687 3041 laginis,
717 2971 823 3025 tria
846 2972 1086 3027 canistra
1108 2986 1311 3042 panum
1334 2972 1748 3030 chondritarum
1774 2989 1839 3029 ex
1869 2975 2036 3029 alica:

2143 1803 2305 1857 πόθεν
2364 1802 2596 1856 ἕκαστον
2629 1801 2974 1871 ὠνόμασται,
3017 1801 3113 1854 καὶ
3160 1800 3304 1864 τίνος
3351 1798 3516 1851 ἕνεκα
3547 1797 3721 1860 οὕτως

2141 1893 2424 1963 κέκληται,
2478 1892 2572 1944 καὶ
2615 1890 2778 1943 πόθεν
2826 1891 2924 1962 τὴν
2963 1890 3238 1962 πρόφασιν
3281 1889 3378 1960 τῆς
3427 1889 3722 1960 ὀνομασίας

2141 1987 2331 2057 εἴληφε
2357 2026 2370 2049 ,
2403 1985 2499 2040 καὶ
2545 1985 2628 2048 τίς
2662 1984 2891 2038 ἑκάστου
2940 1983 3148 2036 τούτων
3192 1983 3225 2052 ή
3273 1981 3516 2052 ποιότης,
3551 1980 3646 2034 καὶ⁸
3686 1980 3723 2049 ὴ

2139 2079 2292 2148 ὁλκὴ,
2327 2078 2474 2147 καὶὴ
2512 2077 2759 2145 δύναμις.

2212 2170 2424 2240 Μέτρον
2455 2165 2548 2222 οὖν
2581 2169 2697 2221 ἐστι
2731 2168 2891 2237 κόρος
2912 2165 3050 2236 (58),
3077 2167 3255 2217 κεῖται
3288 2163 3344 2217 δὲ
3375 2165 3432 2216 ὲν
3461 2155 3543 2232 τῷ
3579 2161 3721 2214 κατὰ

2142 2263 2354 2316 Λουκᾶν
2382 2261 2726 2331 Εὑαγγελίῳ⁹
2755 2259 2877 2314 ὅθεν
2911 2261 2939 2314 ό
2972 2259 3160 2331 Σωτὴρ
3182 2257 3394 2312 ἐπαινεῖ
3416 2255 3509 2308 τὸν
3536 2255 3723 2324 φρόνι-

2147 2371 2247 2425 μον
2280 2352 2561 2423 οἰκονόμον
2592 2354 2706 2414 τοῖς
2731 2349 3152 2422 χρεωφειλέταις
3183 2347 3302 2402 ἀντὶ
3336 2347 3512 2418 κόρων
3539 2343 3725 2398 τοσού-

2143 2457 2250 2493 των
2287 2440 2345 2492 ὲν
2394 2442 2505 2502 τοῖς
2557 2439 2708 2508 σφῶν
2750 2438 2931 2492 αὐτῶν
2983 2436 3366 2508 χειρογράφοις
3411 2431 3724 2487 τοσούτων³

2147 2529 2668 2602 μεταγραψάμενον·
2709 2530 2828 2582 ἀντὶ
2872 2528 2928 2582 δὲ
2968 2527 3235 2581 τοσούτων
3289 2525 3466 2596 βάτων
3509 2524 3721 2587 ἐλαίου,

2143 2621 2379 2676 τοσαῦτα
2409 2622 2728 2692 ποιήσαντα.
2766 2619 3036 2689 Ὀνόματα
3062 2618 3170 2689 ¹γάρ
3195 2619 3300 2670 εἱσι
3332 2616 3544 2687 μέτρων
3563 2614 3689 2668 τάδε
3707 2629 3720 2646 ·

2143 2713 2324 2785 λεθὲκ,
2355 2713 2548 2784 γόμορ,
2575 2713 2755 2783 βάτος,
2801 2711 2980 2774 σάτον,
3015 2710 3213 2781 μόδιος.
3253 2709 3421 2779 κόμος
3443 2708 3488 2771 ⁸,
3523 2707 3720 2776 φοῖνιξ,

2145 2802 2254 2874 ὕφη
2291 2803 2641 2872 σεμιδάλεως,
2672 2801 2806 2873 δρὰξ
2833 2802 3082 2873 ἀλεύρου,
3117 2799 3351 2871 ἀρτάϐη,
3381 2799 3508 2868 τρία
3549 2797 3726 2868 μέτρα

2147 2893 2499 2963 σεμιδάλεως,
2542 2892 2667 2964 τρία
2698 2894 2837 2946 κανᾶ
2867 2890 3178 2963 χονδριτῶν,
3213 2889 3368 2943 νέϐελ
3399 2889 3567 2950 οἴνου,
3596 2888 3723 2941 κόλ-

2144 2983 2326 3044 λαϐον,
2353 2982 2693 3054 ἀλάϐαστρον
2721 2982 2914 3054 μύρου,
2949 2982 3247 3052 καμψάκης
3281 2979 3493 3043 ὓδατος,
3523 2978 3721 3047 κοτύλη

463 3069 594 3117 uter
615 3060 752 3126 vini,
781 3062 1081 3128 collatbon,
1112 3063 1449 3119 alabastrum
1481 3065 1766 3135 unguenti,
1801 3079 2038 3135 campsa-

2149 3074 2362 3138 ἐλαίου,
2397 3049 2614 3137 κύαθος-
2652 3049 2926 3145 μετρητὴς
2973 3049 3136 3137 οἴνου,
3182 3049 3456 3143 μετρητὴς
3502 3069 3722 3130 ἐλαίου,

471 3167 564 3206 ces
598 3166 773 3221 aqua,
807 3152 1022 3207 hemina
1079 3153 1205 3220 olei,
1246 3155 1476 3224 cyathus
1506 3163 1733 3209 metreta
1765 3153 1898 3218 vini,
1931 3170 2038 3209 me-

2148 3164 2418 3234 τρυόλίον,
2450 3163 2662 3234 ξέστης,
2700 3165 3002 3236 ἀμφορεὺς,
3039 3165 3357 3235 ἀπόρρυμα,
3395 3160 3612 3223 σαϐιθά,
3645 3160 3718 3222 ἲν,

471 3251 608 3296 treta
649 3243 780 3306 olei,
810 3244 1070 3314 tryblion,
1099 3247 1390 3309 sextarius,
1425 3243 1706 3316 amphora,
1736 3260 2038 3315 aporryma,

2150 3251 2316 3322 χοῦς,
2359 3251 2604 3322 στάμνος
2656 3253 2863 3322 χρυσῆ,
2910 3254 2969 3305 ὲν
3091 3252 3352 3305 ἀπέκειτο
3394 3249 3455 3303 τὸ
3511 3249 3720 3319 μάννα,

472 3331 706 3395 sabitha,
741 3332 820 3396 in,
861 3333 1018 3396 chus,
1059 3336 1174 3389 sive
1211 3335 1462 3405 congius,
1492 3348 1628 3388 urna
1652 3349 1838 3400 aurea,
1864 3336 1918 3390 in
1943 3351 2038 3406 qua

2157 3343 2336 3414 μάρης
2360 3385 2373 3404 ,
2408 3343 2646 3414 κύπρος,
2694 3343 3027 3414 κογγιάριον.
3067 3342 3334 3413 Εἰληπται
3368 3341 3544 3394 τοίνυν
3574 3341 3603 3392 ό
3631 3339 3722 3392 κός

473 3423 775 3491 repositum
801 3432 920 3477 erat
945 3438 1166 3487 manna,
1201 3441 1401 3490 mares,
1434 3440 1654 3496 cyprus,
1685 3426 2038 3497 congiarium.

2153 3453 2244 3505 ρος
2271 3435 2385 3500 (59)
2420 3435 2485 3487 ἐκ
2531 3438 2628 3505 τῆς
2677 3434 2974 3505 Ἐϐραῖκῆς
3016 3432 3327 3495 διαλέκτου,
3372 3431 3431 3492 ὃς
3479 3429 3721 3482 καλεῖται

463 3515 648 3570 Corus
685 3515 870 3585 itaque
895 3531 963 3572 ex
996 3515 1261 3572 Hebraica
1309 3519 1490 3587 lingua
1532 3517 1854 3588 desumptus
1881 3527 1984 3584 est,
2017 3534 2038 3572 a

2149 3523 2275 3595 χόρ·
2313 3525 2418 3577 εἰσὶ
2452 3524 2508 3577 δὲ
2541 3524 2710 3593 μόδιοι
2747 3523 2790 3576 λ’
2812 3540 2825 3554 ⁸
2859 3525 2959 3594 χδρ
2981 3521 3038 3575 δὲ
3077 3522 3293 3590 λέγεται
3328 3520 3435 3574 ἀπὸ
3463 3519 3557 3572 τοῦ
3598 3518 3708 3588 βου-

468 3603 670 3673 quibus
700 3605 835 3659 clior
867 3605 1086 3660 dicitur.
1124 3605 1174 3660 ls
1221 3606 1432 3661 modios
1477 3607 1725 3661 continet
1769 3623 1894 3661 xxx.
1933 3606 2038 3662 No-

2149 3615 2240 3667 νοῦ
2285 3614 2594 3677 ὑποθέσεως
2616 3631 2630 3645 ο
2667 3615 2832 3685 χαρία
2876 3615 2983 3683 γὰρ
3021 3613 3265 3666 καλεῖται
3301 3611 3507 3682 βουνός.
3540 3610 3720 3662 Boum-

475 3711 598 3748 men
629 3695 677 3750 ei
705 3709 736 3748 a
767 3695 908 3750 clivo
937 3697 1186 3765 petitum.
1215 3695 1348 3750 Nam
1375 3696 1636 3753 Hebraice
1664 3698 1850 3752 charia
1875 3700 2038 3755 clivus

2151 3702 2368 3766 σοέντες
2398 3703 2453 3757 δὲ
2488 3703 2581 3756 καὶ
2619 3706 2669 3755 οἱ
2701 3703 3002 3774 τριάκοντα
3034 3702 3226 3772 μόδιοι,
3261 3701 3476 3754 ποιοῦσι
3508 3699 3722 3771 φορτίον

480 3786 809 3856 appellatur.
861 3784 1106 3858 Triginta
1141 3802 1305 3858 porro
1348 3787 1513 3843 modii
1543 3789 1596 3844 in
1649 3803 1930 3858 acervum,
1985 3806 2038 3846 ac

2149 3791 2607 3862 καμήλου.Δεϐὲκ
2638 3792 2716 3854 δὲ,
2746 3792 2821 3855 ὡς
2846 3793 2904 3844 ὲν
2937 3791 3014 3863 τῷ
3043 3791 3202 3864 Ὠσηὲ
3228 3790 3340 3860 (60)
3365 3789 3442 3859 τῷ
3468 3788 3721 3859 προφήτῃ

545 3944 558 3970 ⁸
614 3937 727 3995 Luc
750 3954 865 4005 XVI,
896 3937 947 3994 7.
1022 3936 1128 3996 'F.
1170 3940 1536 4011 ὑπεσχόμεθα.
1615 3941 1634 3972 ⁸
1675 3940 1736 3994 F.
1768 3942 2038 4006 τοσούτους

2143 3944 2270 3998 ἒυιτ.
2347 3944 2367 3975 ⁸
2398 3941 2456 3998 F.
2486 3943 2673 4011 κάδος,
2702 3952 2755 3998 ct
2785 3944 2974 4014 χοῖνιξ.
3011 3945 3087 3999 In.

540 4094 652 4165 (58)
694 4093 963 4167 _Métpor_~_
987 4089 1114 4167 οὖῇ
1149 4092 1278 4167 ἐστι
1311 4096 1508 4167 κόρος.
1554 4092 1627 4151 De
1684 4096 2037 4165 sequentibus

2143 4107 2228 4151 est
2268 4112 2333 4152 ac
2365 4107 2703 4167 suggestum,
2735 4095 2861 4152 Par.
2894 4097 2958 4162 ll,
2997 4112 3117 4167 cap.
3152 4111 3227 4163 τι,
3262 4097 3347 4151 i3.
3390 4094 3497 4150 Sed
3527 4093 3594 4149 de
3627 4111 3718 4165 xa-

468 4162 741 4219 mensuris
772 4173 882 4217 tam
924 4162 1224 4237 Hebraicis.
1257 4162 1427 4237 quam
1455 4162 1777 4220 Graecorum
1802 4167 2038 4237 propriis
2148 4162 2522 4237 piqtgquaarant
2558 4165 2865 4237 Hebraismi
2898 4162 3202 4237 peritiores.

468 4242 733 4306 accurate
769 4251 929 4305 agere
952 4237 1059 4306 hoc
1105 4235 1223 4289 loco
1258 4232 1364 4289 non
1400 4234 1764 4290 decrevimus.
1802 4232 1926 4290 'Res
1955 4243 2038 4290 est

2148 4232 2160 4306 ί
2213 4232 2332 4306 '(60)
2373 4237 2558 4306 ᾼεθὲκ
2590 4236 2658 4288 δὲ
2680 4237 2761 4301 ὼς
2790 4237 2860 4290 ἐν
2895 4232 2977 4302 τῷ
3021 4237 3215 4304 Ὠσηέ.
3251 4232 3370 4306 Non
3397 4232 3526 4288 alibi
3557 4246 3719 4306 quam

466 4306 610 4358 enim
641 4305 745 4375 otii
773 4302 995 4375 majoris
1010 4314 1188 4375 atque
1211 4318 1409 4375 operm,
1438 4313 1706 4375 quamut
1736 4320 1836 4358 nos
1889 4320 2039 4357 eom-
2077 4317 2118 4372 ι)
2147 4305 2201 4375 in
2230 4302 2325 4358 illo
2363 4304 2518 4360 Oscae
2563 4306 2684 4359 loco
2718 4321 2823 4359 vox
2867 4307 2972 4375 ista
3005 4302 3220 4375 legitur,
3264 4303 3425 4373 cujus
3455 4302 3723 4375 etymolo-

472 4372 750 4444 mentandi
787 4372 971 4444 labore
1003 4372 1114 4439 jam
1141 4371 1304 4444 Afess’i,
1330 4371 1498 4444 atque
1537 4373 1660 4427 aliis
1697 4374 1924 4444 insuper
1965 4388 2042 4426 rc-
2092 4371 2097 4372 7
2143 4374 2227 4442 gia
2281 4387 2474 4441 parum
2508 4375 2829 4444 explorata.
2886 4371 3119 4444 Namwut
3167 4371 3390 4444 ἔπαρμα
3430 4371 3719 4442 signiticet,

468 4443 570 4495 bus
598 4442 870 4514 occupati,
906 4442 962 4514 in
991 4454 1111 4514 eam
1140 4441 1456 4514 incumbere
1483 4444 1772 4511 possimus.
1805 4441 2041 4514 Praeserf
2151 4441 2979 4514 nonpersuadet'Epiphanius.
3019 4443 3113 4499 Est
3141 4441 3325 4497 autem
3355 4456 3418 4496 ea
3467 4441 3718 4514 mensura

466 4513 564 4564 tim
603 4526 726 4580 cum
760 4510 865 4580 alii
899 4510 1142 4578 plerique
1182 4510 1295 4578 jam
1346 4510 1724 4580 argumentum
1772 4510 2040 4578 ejusmodi
2149 4510 2468 4566 dimidiatus
2515 4510 2682 4568 corus
2727 4510 2828 4567 'aut
2885 4523 3053 4575 nm,
3105 4527 3230 4567 nam
3281 4526 3469 4580 corus
3500 4511 3720 4580 triginta

468 4579 1713 4652 doctissimis_lucubrationibus_eccuparint,
1759 4588 1812 4633 et
1851 4581 1903 4632 in
1933 4580 2044 4652 pri-
2146 4582 2359 4652 modios
2408 4582 2604 4650 habet;
2639 4583 2813 4638 lethec
2839 4582 3203 4652 quindecim._
3236 4581 3428 4636 Mirum
3460 4579 3564 4634 hoc
3584 4579 3718 4633 iera-

467 4653 573 4704 mis
620 4649 778 4701 Arias
824 4648 1143 4719 Montanus,
1200 4663 1286 4719 ac“
1317 4647 1688 4719 Villalpandus
1739 4647 1947 4702 noster’
1988 4651 2041 4702 in

466 4720 745 4786 Apparatu
775 4717 843 4770 ad
876 4717 1218 4788 Ezecliieleni.
1253 4717 1433 4783 Quare
1462 4717 1562 4773 nos
1602 4719 1749 4788 quod
1791 4728 2044 4787 superest

467 4803 640 4858 pauca
678 4788 947 4857 quedam,
981 4797 1036 4842 et
1067 4788 1148 4858 ad
1177 4787 1467 4858 Epiphanii
1518 4787 1954 4857 intelligentiam,
1989 4788 2039 4858 id

467 4858 908 4981 eiiiiinrazeipue
948 4857 1296 4928 profitemur,
1318 4859 1627 4913 necessaria
1681 4857 1918 4912 breviter
1945 4857 2042 4911 ad-

467 4936 593 4981 nota
638 4942 802 4981 imus.

466 4929 802 4982 notabimus.

538 5018 650 5088 (59)
682 5019 978 5086 Εῑληπται
1005 5021 1212 5073 τοίνυν
1259 5021 1290 5073 ὀ
1325 5019 1520 5086 κόρος.
1577 5017 1776 5072 Corum
1831 5015 2039 5072 Hebrzei

467 5097 666 5142 vocant
699 5101 974 5158 '1::quaa
1039 5103 1293 5144 mensura
1341 5088 1529 5142 eadem
1582 5096 1666 5142 est
1703 5102 1827 5140 cum
1886 5099 2036 5151 Hm,

466 5159 818 5228 continelque
846 5160 1030 5214 decem
1077 5159 1299 5228 ephoth,
1330 5173 1451 5228 qua:
1481 5165 1610 5228 sunt
1642 5173 1745 5210 xxx
1779 5165 1918 5218 sata,
1965 5161 2040 5212 ait

470 5227 534 5278 ll.
575 5225 744 5282 David
780 5228 1058 5284 Kimchius
1087 5225 1140 5281 iii
1173 5225 1362 5281 Radit.
1395 5227 1498 5281 Sed
1534 5228 1688 5294 origo
1724 5228 1833 5290 illa,
1874 5243 2039 5296 quam

468 5296 624 5351 all'ert
673 5297 1032 5368 Epiphanius,
1083 5308 1140 5350 ut
1187 5312 1216 5350 a
1251 5297 1417 5368 χαρίᾳ
1459 5297 1691 5360 dicatur,
1723 5297 1864 5366 quod
1896 5298 2037 5351 idem

468 5315 624 5351 auert
673 5315 712 5349 ιι
758 5315 1032 5367 ipnamus,
1083 5315 1140 5350 ut
1187 5315 1216 5350 a
1251 5315 1417 5368 χαριᾳ
1459 5315 1691 5360 meatur,
1723 5315 1864 5366 quou
1897 5315 2037 5351 idem

465 5376 551 5422 est
601 5383 662 5422 ac
715 5315 920 5438 βουνός,
957 5370 1072 5422 sive
1117 5367 1304 5428 clivus.
1358 5375 1451 5420 aut
1483 5383 1779 5438 acervus,_a
1819 5382 1925 5431 me,
1981 5375 2039 5419 ut

469 5435 724 5508 ingenue
757 5439 1343 5508 prolitear,__nondum
1409 5438 1641 5508 capitur.
1697 5435 1883 5505 Neque
1936 5452 2040 5508 vox

466 5505 731 5576 ejusmodi
762 5505 911 5562 'mihi
970 5509 1023 5562 in
1063 5505 1386 5562 Hebraismo
1433 5505 1696 5561 hactenus
1749 5506 2035 5560 occurrit:

469 5577 624 5631 radix
653 5579 796 5631 enim
832 5586 914 5633 est
964 5589 1079 5642 ηπ),
1105 5593 1225 5646 qua:
1269 5593 1371 5632 vox
1403 5579 1656 5635 catinum.
1683 5585 1739 5631 et
1769 5576 2039 5644 fornacem

469 5647 760 5719 signiﬁcat,
780 5663 1092 5720 quanquam
1119 5649 1244 5704 huic
1264 5648 1420 5705 aliine
1437 5656 1520 5704 est
1545 5656 1686 5710 ana,
1720 5646 1864 5715 quod
1894 5646 2036 5699 idem

2145 4650 2275 4705 ditis
2305 4651 2696 4718 interpretibus
2728 4649 2903 4706 visum
2934 4660 3039 4714 est,
3076 4649 3208 4718 quid
3239 4651 3293 4705 in
3344 4658 3581 4704 mentem
3627 4665 3721 4702 ve-

2149 4721 2292 4774 nerit
2334 4718 2474 4774 LXX
2505 4721 2847 4786 Senioribus,
2872 4729 2932 4775 ut
2978 4735 3076 4791 pro
3105 4735 3193 4784 eo,
3227 4720 3374 4790 quod
3407 4721 3460 4773 in
3493 4718 3721 4772 Hebraeo

2143 4820 2255 4896 est,
2315 4798 2688 4896 ptij‘jn‘z.
2719 4813 2828 4896 hoc
2897 4820 3010 4896 est“
3041 4813 3266 4896 dimidio
3320 4828 3440 4865 coro
3519 4810 3720 4896 hordei,

2145 4887 2429 4944 verterint,
2465 4883 2557 4936 καὶ
2577 4881 2750 4935 ’νέϐελ
2775 4884 2938 4936 οἴνου.
2969 4882 3121 4947 Quod
3161 4883 3524 4952 Hieronymus
3546 4881 3720 4933 adno-

2144 4954 2321 5022 tavit:
2372 4954 2551 5006 caeteri
2607 4954 2932 5022 interpretes
2983 4953 3269 5022 ἡμίκορονγ
3301 4952 3720 5022 transtulerunt.

2144 5021 2256 5092 Ego
2284 5038 2414 5076 vero
2465 5020 2785 5077 mendosum
2843 5020 3012 5076 fuisse
3061 5020 3535 5092 LXX__Senioruni
3567 5020 3720 5072 cadi.-

2143 5089 2260 5145 cem
2297 5093 2447 5146 illum
2497 5092 2754 5155 arbitror,
2791 5107 2900 5161 quo
2932 5107 3065 5144 usus
3099 5101 3183 5146 est
3219 5089 3720 5161 Hiei'onymus;_}_ﬂ

2141 5176 2315 5229 eoque
2336 5176 2460 5215 cum
2490 5176 2652 5216 voces
2687 5156 2822 5216 illas'
2838 5161 3200 5222 desideratas,
3229 5176 3349 5229 qua:
3371 5156 3587 5213 duabus
3617 5156 3719 5211 illis

2145 5230 2426 5300 llehraicis
2463 5230 2857 5298 responderent
2891 5249 2903 5285 :
2943 5238 3143 5300 utputa
3166 5231 3260 5300 καὶ
3293 5229 3558 5300 ἡμίκορον
3597 5243 3716 5298 κρι-

2144 5299 2273 5364 θῶν,
2309 5301 2420 5370 vel,
2458 5309 2515 5352 ut
2543 5297 2880 5370 Epiphanius
2934 5297 3084 5369 legit,
3135 5297 3568 5370 λεδὲκίκρισῶν·
3605 5297 3716 5370 tum

2143 5368 2447 5438 superﬂuas
2499 5367 2659 5424 alias'
2692 5370 2946 5432 insertas,
2993 5367 3097 5421 καὶ
3142 5367 3297 5420 νέϐελ
3335 5367 3502 5420 οἴνου·
3573 5367 3713 5434 quod

2144 5453 2242 5508 pro
2292 5438 2680 5493 llebraicaruin
2737 5440 3021 5492 ambarum
3075 5438 3562 5507 interpretamento
3593 5449 3714 5508 per-

2145 5505 2324 5575 peram
2359 5515 2443 5561 est
2475 5516 2784 5577 acceptum,
2816 5524 2940 5561 cum
2975 5509 3095 5562 alia:
3130 5505 3244 5575 jam
3277 5515 3462 5561 essent
3484 5505 3715 5577 extrilaﬁ

2141 5573 2483 5645 Coujecturaa
2514 5573 2678 5646 hujus
2707 5577 2964 5632 admonet
2997 5593 3105 5631 non
3133 5573 3234 5631 hic
3271 5577 3448 5630 solum
3481 5573 3721 5646 Epiphaj

2143 5648 2217 5701 nii
2257 5642 2466 5711 locus;
2526 5642 2621 5704 sed
2671 5648 2834 5704 etiam
2879 5647 3231 5712 Ambrosius,
3281 5646 3376 5716 qui
3430 5642 3598 5713 epist.
3651 5642 3719 5696 52
