4034 6216
423 300 528 356 275

1816 298 1873 354 S.
1915 295 2253 353 EPIPHANII

3582 289 3695 347 275

425 410 638 468 Muasis
677 419 771 466 aut
814 413 1126 469 medimnus
1148 426 1210 468 ex
1245 410 1514 478 Romana,
1549 419 1610 466 ut
1638 420 1792 484 puto,
1823 411 2007 482 lingua

2134 428 2176 465 κ
2233 410 2334 482 τῆς
2377 408 2688 480 Ῥωμαῖκῆς
2739 403 2993 476 γλώσσης
3036 403 3416 474 παρήχθησαν.
3467 403 3541 457 Τὸ
3586 404 3695 474 γάρ

427 505 697 560 deductus
736 513 840 571 est,
873 521 904 557 a
938 493 1069 560 voce
1101 497 1352 561 medium.
1392 504 1598 560 Mnasis
1642 505 1824 574 itaque
1868 505 2010 574 apud

426 595 696 667 Cyprios,
763 603 818 650 et
868 595 1011 665 apud
1068 594 1206 651 alias
1253 601 1443 665 gentes
1489 610 1803 649 mensuram
1848 593 2013 650 habet

428 685 728 755 propriam,
754 685 940 740 decem
978 684 1231 740 videlicet
1259 684 1519 740 frumenti
1566 684 1861 756 hordcique
1894 700 2013 740 mo-

430 781 553 834 dios
591 779 902 834 continens.
938 775 1154 832 Modius
1197 776 1342 846 apud
1387 775 1599 848 Cypros
1646 774 2012 830 sextariorum

427 881 514 926 est
563 871 752 925 decem
803 883 868 925 ac
925 878 1174 939 septem;
1231 868 1544 923 medimnus
1599 867 1743 937 apud
1791 867 2012 922 eosdem

428 963 684 1018 diversus
745 970 852 1017 est.
920 959 1254 1014 Medimnum
1299 963 1444 1014 enim
1512 957 1836 1022 Salaminii,
1898 957 2015 1012 sive

429 1055 742 1110 Constantii
800 1053 1046 1122 quinque
1094 1052 1293 1106 modiis
1350 1051 1621 1106 deﬁniunt
1668 1047 1912 1120 :Paphii
1963 1054 2018 1102 et

430 1143 605 1199 Siculi
657 1150 898 1212 quatuor
945 1156 1071 1195 cum
1115 1139 1366 1195 dimidio.
1425 1139 1615 1194 Saturn
1665 1137 2014 1194 Hebraeorum

432 1235 610 1291 dictio
663 1241 772 1298 est,
828 1247 994 1304 quam
1039 1233 1096 1287 hi
1157 1231 1422 1288 feminino
1479 1245 1676 1302 genere
1724 1233 2015 1297 usurpant,

431 1325 608 1380 Graeci
653 1333 874 1389 neutro,
907 1339 938 1378 a
975 1323 1177 1394 quibus
1229 1331 1408 1379 satum
1445 1337 1556 1377 non
1605 1327 1760 1376 satus
1792 1319 2014 1372 dicitur.

432 1415 644 1485 Estque
675 1414 896 1469 modius
926 1413 1244 1467 redundans
1269 1429 1332 1466 ac
1366 1409 1709 1482 superﬂuens
1737 1427 1750 1463 :
1778 1407 1922 1478 quod
1950 1404 2018 1461 ad

434 1521 565 1560 eum
595 1505 926 1576 quadrantis
951 1503 1044 1558 fiat
1075 1507 1343 1560 accessio.
1387 1504 1653 1559 llebraice
1697 1515 1863 1573 porro
1901 1506 2020 1555 sata

438 1598 807 1676 salutationem,
832 1599 946 1654 sive
967 1599 1249 1653 elationem
1282 1596 1587 1666 signiﬁcat:
1610 1595 1754 1665 quod
1788 1591 1881 1664 qui
1909 1606 2020 1646 me-

439 1692 575 1746 titur
606 1707 923 1746 mensuram
955 1706 1154 1761 caperc
1204 1697 1260 1746 et
1287 1690 1536 1744 attollere
1558 1685 1928 1742 consueverit.
1951 1682 2023 1736 At

2113 501 2368 572 μεδιοῦμ,
2414 499 2611 570 μέσον
2667 495 3027 569 ἑρμηνεύεται
3069 494 3127 547 ὲν
3159 495 3296 566 αὐτῇ
3329 496 3394 565 τῇ
3450 492 3693 566 γλώσσῃ.

2112 595 2374 665 Μανασὴς
2419 595 2435 624 ³
2491 583 2669 646 τοῖνυν
2735 587 2890 662 παρὰ
2939 587 3208 658 Κυπρίοις
3266 590 3546 660 μετρεῖται
3599 588 3698 641 καὶ

2114 690 2244 758 παρ’
2279 685 2457 749 ἄλλοις
2488 683 2697 737 ἔθνεσιν
2717 699 2730 713 °
2761 682 2868 735 εἰσὶ
2896 680 2952 734 δὲ
2984 680 3077 733 καὶ
3108 679 3278 751 μόδιοι
3311 681 3459 732 σίτου
3490 678 3625 750 (65),
3661 677 3696 748 ἢ

2113 781 2318 854 κριθῶν
2367 782 2448 844 εἰς
2479 780 2578 852 τὴν
2616 779 2727 832 τῶν
2786 778 2919 832 δέκα
2967 777 3062 830 καὶ
3094 777 3233 830 ἑπτά
3277 775 3500 841 ξέστων,
3544 778 3699 846 παρὰ

2113 872 2384 945 Κυπρίοις
2419 871 2618 942 μόδιον.
2659 870 2929 940 Μέδιμνος
2967 868 3024 922 δὲ
3057 869 3187 939 παρ’
3218 868 3400 931 αὑτοῖς
3437 869 3551 930 τοῖς
3584 869 3699 920 Κυ-

2115 965 2296 1036 πρίοις
2315 963 2588 1034 διάφορος.
2613 961 2716 1015 Τὸν
2739 961 2847 1031 γάρ
2875 959 3131 1030 μέδιμνον
3154 959 3495 1030 Σαλαμίνιοι,
3521 961 3700 1012 show

2115 1054 2508 1117 Κωνστάντιοι,
2539 1055 2604 1106 ὲκ
2631 1053 2791 1105 πέντε
2826 1051 3024 1122 μοδίων
3057 1049 3276 1120 ἔχουσι’
3306 1049 3576 1118 Ηάφιοιδὲ
3601 1047 3702 1101 καὶ

2116 1147 2331 1198 Σικελοὶ
2373 1145 2655 1215 τεσσάρων
2715 1144 2888 1214 ἥμισυ
2942 1142 3138 1213 μοδίων
3200 1139 3360 1196 αὑτὸν
3416 1139 3698 1212 μετροῦσι.

2117 1237 2286 1290 Σάτον
2321 1237 2568 1290 καλεῖται
2599 1235 2744 1306 (66),
2795 1235 2854 1301 ἐξ
2905 1234 3074 1304 αὑτῆς
3108 1235 3206 1304 τῆς
3250 1233 3528 1304 Ἐϐραΐδος
3581 1231 3702 1286 δια·

2115 1314 2338 1396 ληφθὲν,
2371 1325 2623 1397 θηλυκῶς
2652 1325 2709 1377 δὲ
2739 1323 3168 1395 ὲκφωνούμενον.
3214 1324 3301 1376 Ἐν
3333 1323 3389 1376 δὲ
3417 1326 3482 1394 τῇ
3513 1322 3705 1392 Ἐλληο

2117 1417 2220 1470 νίδι
2249 1415 2572 1487 οὐδετέρως.
2632 1413 2802 1468 Σάτον
2835 1412 2944 1485 γὰρ
2970 1413 3211 1482 λέγεται,
3237 1413 3332 1466 καὶ
3353 1413 3475 1482 οὐχ).
3516 1411 3704 1475 σάτος.

2123 1507 2280 1562 Ἐστι
2305 1508 2361 1561 δὲ
2391 1507 2570 1578 μόδιος
2597 1505 2929 1576 ὑπέργομος,
2953 1503 3094 1558 ὥστε
3123 1503 3460 1576 πληροῦσθαι
3483 1503 3582 1574 μὲν
3611 1500 3708 1556 τὸν

2125 1597 2326 1669 μόδιον,
2357 1596 2444 1651 διὰ
2471 1596 2529 1650 δὲ
2561 1595 2655 1649 τοῦ
2687 1593 3077 1667 ὑπεργῐνεσθαι
3105 1592 3165 1648 τὸ
3192 1595 3450 1665 τέταρτον
3480 1591 3574 1647 τοῦ
3607 1611 3708 1664 μοι

2121 1689 2569 1760 δίου.,Κὲκληται
2609 1688 2666 1742 δὲ
2705 1690 2861 1753 σάτα,
2897 1688 3040 1742 κατὰ
3077 1687 3174 1758 τὴν
3222 1685 3391 1758 αὐτὴν
3427 1684 3708 1740 διάλεκτον

437 1782 610 1838 modii
659 1783 986 1838 vocabulum
1036 1782 1225 1840 subtili
1266 1779 1503 1851 quadam
1560 1777 1704 1848 apud
1762 1775 2019 1831 Hebraeos

2134 1779 2565 1852 txcpmvodptsvov,
2611 1779 2824 1848 λῆψις,
2856 1779 2888 1850 ἢ
2921 1777 3119 1848 ἄρσις,
3173 1776 3281 1830 ἀπὸ
3328 1775 3420 1831 τοῦ
3465 1776 3558 1829 τὸν
3613 1792 3709 1846 με-

440 1875 655 1928 ratione
685 1874 918 1928 duorum
947 1881 1002 1930 et
1029 1873 1221 1942 viginti
1259 1871 1629 1928 sextariorum
1663 1883 1788 1924 esse
1815 1867 2022 1936 reperi-

440 1979 554 2035 tur,
595 1968 740 2038 quod
777 1983 888 2022 non
921 1977 1147 2030 temere,
1179 1976 1280 2020 nec
1320 1972 1624 2032 utcunque,
1652 1960 1747 2018 sed
1779 1959 2026 2015 subtilis-

441 2058 604 2122 sima,
631 2058 707 2111 uti
747 2057 1010 2120 diximus,
1044 2057 1430 2111 observatione
1461 2054 1692 2108 factum.
1729 2051 1864 2105 Nam
1891 2050 2026 2120 legi-

442 2149 615 2203 timus
641 2149 940 2218 justusque
983 2147 1222 2212 modius,
1253 2146 1308 2200 id
1349 2149 1494 2218 quod
1537 2146 1594 2201 in
1635 2143 1779 2214 Lege
1825 2142 2028 2212 saepius

445 2237 795 2301 inculcatur,
843 2236 912 2290 ad
971 2251 1185 2290 sacram
1237 2251 1550 2292 mensuram
1601 2235 1742 2305 exigi
1792 2233 2024 2288 solebat.

443 2327 580 2394 Quae
637 2342 898 2382 mensura
941 2327 1079 2381 nihil
1141 2327 1289 2382 aliud
1341 2325 1648 2395 signiﬁcat,
1708 2340 1867 2394 quam
1918 2339 2027 2377 xxu

447 2418 543 2472 illa
583 2431 772 2490 opera,
806 2425 927 2486 quae
958 2431 1052 2472 sex
1082 2415 1442 2472 hebdomadis
1470 2414 1668 2470 diebus
1700 2414 1923 2469 molitus
1944 2418 2029 2468 est

448 2507 618 2564 Deus.

517 2679 686 2736 XXII.
734 2681 942 2737 Etenim
977 2681 1158 2752 primo
1196 2681 1286 2737 die
1337 2680 1652 2751 superiores
1699 2680 1824 2734 illos
1866 2679 2031 2735 orbes

449 2776 597 2840 creti,
650 2790 772 2830 cum
816 2774 998 2850 aquis,
1050 2784 1307 2842 terraque
1353 2772 1664 2827 fabricavit.
1715 2771 1926 2838 Quibus
1962 2787 2028 2825 ex

449 2867 736 2922 elementis
762 2867 988 2935 glacies,
1019 2866 1251 2937 grando,
1297 2865 1444 2935 gelu,
1498 2881 1761 2935 roresque
1793 2865 2030 2936 gignun-

363 3002 365 3004 -
449 2968 572 3026 tur;
607 2965 723 3012 tum
763 2957 1122 3012 administros
1149 2958 1411 3026 spiritus,
1441 2958 1536 3027 qui
1568 2971 1755 3010 coram
1796 2957 1892 3010 illo
1935 2970 2034 3026 ap-

451 3051 722 3120 paritione
761 3049 1100 3121 funguntur;
1151 3047 1458 3119 cujusmodi
1506 3056 1685 3104 sunt:
1719 3048 1895 3117 angeli
1943 3062 2032 3102 as-

2124 1872 2356 1943 τροῠντα
2381 1871 2493 1938 ἕξει
2518 1871 2625 1924 τινὶ
2657 1870 2718 1924 τὸ
2759 1871 2958 1942 μέτρον
2999 1869 3296 1942 λαμϐάνειν
3339 1886 3400 1922 τε
3445 1870 3540 1922 καὶ
3581 1885 3710 1921 κους

2127 1965 2324 2035 φίζειν.
2349 1963 2454 2018 Τοῦ
2485 1963 2542 2017 δὲ
2575 1963 2758 2034 μοδίου
2787 1963 2848 2016 τὸ
2880 1961 3052 2033 ὄνομα
3079 1962 3166 2016 διὰ
3191 1960 3393 2031 πολλῆς
3421 1959 3713 2031 ἀκριϐείας

2129 2058 2233 2112 ὑπὸ
2263 2056 2371 2110 τῶν
2393 2055 2664 2128 Ἐϐραίων
2693 2055 2892 2126 εὑρέθη
2925 2053 3191 2117 εἰκοσιδύο
3220 2053 3418 2119 ξέστων
3441 2052 3710 2123 ὑπάρχον,

2127 2149 2225 2218 οὐχ
2248 2147 2433 2212 ἁπλῶς
2461 2147 2541 2214 δὲ,
2565 2147 2672 2201 οὐδ’
2701 2147 2778 2212 ὡς
2805 2147 3014 2216 ἔτυχεν,
3041 2145 3181 2200 άλλά
3208 2145 3297 2202 διὰ
3327 2144 3526 2215 πολλὴν
3553 2144 3716 2216 ἀκρί-

2127 2239 2304 2298 ϐειαν,
2347 2237 2409 2293 '0
2437 2239 2546 2309 γὰρ
2575 2237 2784 2301 δίκαιος
2814 2238 3012 2308 μόδιος,
3048 2235 3231 2300 καθὼς
3259 2235 3450 2289 εἴωθεν
3481 2236 3510 2287 ὁ
3546 2237 3716 2304 νόμος

2129 2331 2331 2398 λέγειν,
2367 2331 2508 2384 κατὰ
2550 2329 2611 2383 τὸ
2649 2326 2844 2400 μέτρον
2881 2327 2942 2380 τὸ
2971 2328 3034 2397 άγ
3050 2345 3125 2381 ιον
3155 2328 3266 2399 (67)
3306 2327 3601 2398 ἐμετρήθη.
3637 2324 3716 2378 Τὸ

2129 2422 2186 2477 δὲ
2222 2423 2375 2492 άγιον
2407 2423 2604 2494 μέτρον
2639 2421 2791 2474 οὐδὲν
2822 2419 2950 2476 ἄλλο
2998 2421 3146 2474 ἐστὶν
3191 2419 3224 2489 ἢ
3263 2419 3332 2473 τά
3361 2418 3444 2488 κβ’
3479 2418 3638 2488 ἔργα,
3675 2417 3715 2470 ἃ

2128 2515 2388 2586 ἐποίησεν
2433 2514 2462 2568 ὁ
2503 2513 2635 2578 Θεὸς
2678 2515 2737 2566 ὲν
2777 2517 2899 2577 ταῖς
2934 2512 2995 2580 ἓξ
3051 2513 3289 2584 ἡμέραις
3345 2510 3449 2581 τῆς
3483 2509 3718 2580 ἑϐδομά-

2130 2603 2239 2665 δος.

2204 2693 2330 2748 KB'.
2375 2693 2453 2764 Τῇ
2494 2694 2592 2764 μὲν
2622 2694 2730 2768 γάρ
2763 2693 2953 2766 πρώτῃ
2978 2692 3087 2765 (68)
3117 2693 3300 2765 ἡμέρᾳ
3328 2692 3552 2762 ἐποίησε
3595 2691 3718 2754 τοὺς

2134 2785 2441 2856 άνωτέρους
2478 2786 2773 2856 οὐρανοὺς,
2819 2785 2920 2853 τὴν
2967 2785 3101 2854 γῆν,
3148 2783 3218 2836 τὰ
3251 2782 3442 2837 ὕδατα.
3504 2781 3594 2846 Ἐξ
3639 2775 3718 2834 ὧν

2137 2875 2450 2947 στοιχείων,
2473 2893 2481 2900 ’
2502 2877 2598 2930 καὶ
2629 2876 2985 2948 κρύσταλλος,
3021 2876 3136 2929 ίκαὶ
3169 2873 3380 2946 χάλαζα
3403 2913 3418 2937 ,
3470 2873 3565 2928 καὶ
3603 2891 3716 2926 πα-

2134 2968 2311 3039 γετοὶ,
2349 2969 2445 3022 κα)⁹
2481 2969 2704 3039 δρόσος,
2747 2969 2815 3023 τὰ
2855 2968 3138 3040 πνεύματα
3174 2969 3243 3022 τά
3300 2965 3720 3039 λειτουργοῦντα

2138 3059 2368 3114 ἐνώπιον
2393 3059 2584 3124 αὐτοῦ,
2610 3061 2772 3115 άτινά
2812 3062 2928 3114 ἐστι
2957 3059 3082 3114 τάδε
3102 3077 3114 3090 ·
3157 3059 3380 3128 ἄγγελοι
3415 3059 3522 3128 πρὸ
3550 3076 3721 3129 προσ-

450 3143 736 3205 sistentes,
767 3142 948 3210 angeli
979 3141 1189 3211 glorise,
1226 3139 1403 3210 angeli
1431 3138 1725 3208 spirituum
1754 3138 2028 3202 ﬂantium,

2134 3149 2307 3216 ώπου,
2334 3152 2429 3204 καὶ
2449 3151 2672 3220 ἄγγελοι
2697 3153 2796 3221 τῆς
2824 3151 3000 3222 δόξης,
3034 3152 3127 3205 καὶ
3144 3151 3365 3220 ἄγγελοι
3391 3151 3720 3221 πνευμάτων

457 3230 619 3301 179
647 3231 827 3300 angeli
857 3231 1108 3295 nubium,
1140 3244 1206 3284 ac
1235 3231 1510 3300 caliginis.
1543 3229 1710 3295 nivis,
1745 3227 2034 3298 grandinis

454 3329 619 3398 atque
649 3321 844 3390 glaciei
873 3339 888 3374 :
924 3321 1101 3390 angeli
1143 3319 1446 3390 fragorum,
1494 3318 1887 3395 tonitruorum,
1925 3317 2035 3372 ful-

453 3427 676 3483 gurum,
739 3411 982 3482 frigoris,
1025 3422 1212 3477 aestus,
1266 3411 1483 3476 hiemis,
1545 3412 1816 3476 autumni,
1869 3411 2035 3476 veris,

453 3502 686 3565 astatis,
725 3502 1083 3572 omniumque
1134 3502 1453 3572 spirituum,
1500 3503 1593 3572 qui
1635 3503 1838 3558 creatis
1872 3502 2038 3558 rebus

457 3593 652 3648 insunt
681 3593 961 3660 omnibus,
1004 3608 1144 3664 quas
1175 3593 1375 3649 coelum
1426 3601 1684 3664 terraque
1724 3594 2040 3664 complecti-

458 3685 684 3740 turzad
734 3685 850 3740 haec
899 3685 1157 3758 abyssos,
1204 3701 1270 3740 ac
1319 3687 1612 3757 voragines
1659 3687 1883 3752 creavit,
1919 3701 2040 3757 quae

459 3776 603 3832 infra
633 3786 834 3833 terram
863 3785 990 3833 sunt
1023 3793 1088 3833 ac
1117 3779 1308 3843 chaos,
1333 3787 1388 3834 et
1413 3779 1702 3846 tenebras;
1734 3789 1920 3834 secuta
1953 3787 2040 3835 est

457 3883 710 3938 vespera,
755 3885 886 3935 nox,
938 3869 1202 3946 dieiqlux,
1253 3884 1319 3926 ac
1367 3870 1617 3925 diluenti.
1666 3870 1884 3941 Septem
1924 3872 2041 3926 haec

458 3961 722 4032 primaria
753 3977 918 4032 opera
955 3947 1097 4018 Dens
1132 3963 1311 4034 primo
1343 3963 1433 4019 die
1463 3963 1694 4034 perficit.

531 4055 787 4112 Secundo
825 4072 954 4112 vero
991 4057 1082 4111 die
1117 4057 1546 4120 ﬁrmamentum,
1577 4059 1724 4126 quod
1766 4057 1822 4111 in
1862 4056 2042 4111 medio

461 4162 728 4218 aquarum
747 4155 854 4212 est,
884 4147 1154 4212 condidit,
1180 4155 1237 4203 et
1262 4149 1580 4204 earumdem
1608 4163 2044 4220 aquarum,.quae

460 4255 628 4310 supra
671 4240 1072 4296 ﬁrmamentum
1121 4248 1275 4301 sunt.
1301 4241 1371 4298 ab
1418 4243 1488 4298 iis
1547 4258 1668 4312 quae
1711 4243 1817 4298 sub
1862 4242 2043 4296 ﬁrma-

533 4402 552 4433 ¹
577 4398 637 4453 L.
671 4399 885 4470 μνασίς.
929 4398 1087 4454 Eul'r.

746 4482 821 4527 (ια

2138 3244 2430 3311 πνεόντων,
2479 3244 2697 3315 ἄγγελοι
2731 3243 2969 3314 νεφελῶν
3003 3246 3098 3298 καὶ
3140 3245 3378 3314 γνόφων,
3420 3245 3595 3315 χιόνος
3626 3245 3722 3298 καὶ

2140 3336 2383 3408 χαλάζης
2440 3337 2536 3390 καὶ
2590 3337 2768 3406 πάγου
2791 3354 2804 3368 ·
2871 3336 3092 3406 ἄγγελοι
3157 3335 3351 3406 φωνῶν
3373 3377 3389 3402 ,
3445 3335 3718 3406 βροντῶν,

2139 3431 2456 3502 ἀστραπῶν,
2495 3432 2724 3502 ψύχους,
2763 3432 3067 3503 καύματος,
3113 3433 3400 3503 χειμῶνος,
3447 3429 3724 3501 φθινοπώο

2142 3537 2258 3592 ρου,
2282 3521 2459 3592 ἔαρος,
2504 3522 2599 3576 καὶ
2627 3521 2838 3593 θέρους,
2873 3523 2963 3575 καὶ
2996 3523 3214 3577 πάντων
3245 3521 3353 3575 τῶν
3395 3521 3724 3593 πνευμάτων

2138 3613 2248 3666 τῶν
2296 3613 2611 3683 κτισμάτων
2658 3613 2822 3668 αὑτοῦ
2869 3614 2979 3667 τῶν
3020 3615 3078 3667 ὲν
3118 3614 3367 3685 οὐρανοῖς
3418 3614 3513 3668 καὶ
3557 3614 3615 3666 ἐν
3653 3617 3722 3686 τῇ

2141 3709 2212 3777 γῇ
2238 3723 2250 3736 ·
2282 3705 2382 3770 τὰς
2403 3706 2694 3770 ἀϐύσσους,
2719 3707 2819 3777 τήν
2846 3724 2907 3760 τε
2940 3707 3200 3761 ὑποκάτω
3229 3707 3330 3777 τῆς
3357 3708 3480 3778 γῆς,
3507 3706 3602 3760 καὶ
3627 3705 3724 3759 τοῦ

2136 3797 2291 3866 χάως
2309 3813 2324 3828 ο
2349 3797 2443 3850 καὶ
2469 3797 2678 3862 σκότος,
2709 3797 2916 3869 ἑσπέρα
2938 3794 3042 3851 ¹καὶ
3059 3798 3174 3864 νὺξ,
3203 3799 3262 3852 τὺ
3290 3798 3406 3868 φῶς
3435 3798 3649 3870 ἡμέρας
3664 3815 3725 3852 τε

2145 3891 2239 3943 καὶ
2265 3889 2484 3961 ὄρθρου.
2523 3891 2709 3944 Ταῦτα
2738 3890 2806 3944 τὰ
2843 3891 2986 3945 ἑπτά
3019 3892 3250 3962 μέγιστα
3294 3891 3432 3962 ἔργα
3471 3893 3727 3961 ἐποίησεν

2143 3985 2171 4038 ὀ
2196 3984 2324 4047 Θεὸς
2355 3984 2413 4036 ὲν
2442 3985 2507 4054 τῇ
2549 3983 2740 4057 πρώτῃ
2759 3985 2966 4056 ἡμέρᾳ.

2229 4075 2316 4128 Ἐν
2345 4074 2402 4128 δὲ
2429 4077 2494 4147 τῇ
2534 4075 2763 4146 δευτέρᾳ
2808 4075 2870 4128 τὸ
2917 4074 3202 4146 στερέωμα
3241 4073 3301 4128 τὺ
3335 4075 3392 4128 έν
3424 4073 3575 4145 μέσῳ
3617 4071 3724 4126 τῶν

2146 4164 2376 4230 ὑδάτων,
2403 4166 2496 4219 καὶ
2525 4165 2624 4238 τὴν
2653 4166 2977 4238 διαμέρησιν
3011 4167 3118 4221 τῶν
3153 4167 3339 4222 ἐπάνω
3364 4167 3459 4221 τοῦ
3489 4165 3724 4238 στερεώ-

2151 4273 2321 4325 ματος
2355 4257 2584 4322 ὑδάτων,
2633 4257 2730 4310 καὶ
2765 4258 2874 4312 τῶν
2908 4259 3167 4313 ὑποκάτω
3204 4256 3299 4312 τοῦ
3344 4257 3726 4329 περεὼματος

530 4553 642 4620 (65)
683 4511 842 4628 Elei
862 4551 932 4605 δὲ
979 4553 1080 4628 καὶ
1122 4551 1548 4628 μόδιοι-σίτου.
1575 4553 1717 4628 _Leg.
1762 4554 1898 4628 δέκα
1942 4555 2032 4624 μό-

2148 4570 2275 4609 vero
2312 4556 2486 4628 magis
2537 4555 2605 4610 de
2647 4555 2900 4611 Hebraici
2949 4556 3186 4628 nominis
3227 4557 3440 4628 origine
3488 4565 3727 4628 constat,

457 4627 595 4679 διον
627 4632 685 4676 ut
719 4630 773 4677 et
803 4621 1104 4677 Cornarius
1140 4623 1288 4691 legit.
1324 4621 1528 4677 Mnasis
1557 4621 1697 4679 duos
1732 4621 2041 4680 medimnos

460 4694 746 4757 continet;
785 4693 1094 4764 mediomus
1122 4691 1359 4764 Cyprius
1400 4693 1613 4749 modios
1651 4695 1910 4764 quinque.
1946 4695 2046 4764 Igi-

460 4774 552 4817 tur
581 4763 790 4818 mnasis
820 4763 1036 4818 modios
1058 4763 1205 4831 capit
1235 4763 1445 4817 decem.
1483 4763 1552 4817 At
1588 4763 1872 4826 Romanis,
1901 4763 2047 4819 Grie-

461 4834 655 4904 cisque
681 4832 991 4887 medimnus
1021 4847 1185 4887 senos
1224 4833 1436 4889 modios
1473 4836 1742 4904 capiebat.
1792 4833 1898 4889 Sed
1921 4851 2044 4904 quae

462 4903 696 4957 subinde
735 4904 990 4970 pertexit.
1033 4917 1097 4957 ea
1127 4914 1382 4972 corrupta
1427 4903 1633 4960 suntet
1663 4906 1917 4959 obscura.
1942 4903 2044 4958 ’Ex

461 4973 663 5042 quibus
696 4973 824 5045 illud
857 4971 1594 5045 tamen,ellicitur,niodium
1629 4975 1772 5044 apud
1817 4974 2047 5045 Cyprios

464 5041 576 5096 xvtt
609 5043 880 5099 sextarios
909 5044 1211 5097 continere.
1243 5041 1421 5113 Vulgo
1453 5056 1628 5099 autem
1657 5041 1744 5098 im
1777 5041 2046 5099 duntaxat

463 5113 823 5182 imputantur.
859 5114 967 5168 Sed
997 5115 1051 5166 in
1084 5113 1206 5182 istis
1238 5114 1616 5182 ἀκριϐολογεῖν
1637 5116 1918 5168 nolumus.

397 5201 402 5205 ’
537 5183 649 5253 (66)
690 5182 884 5238 Σάτον
936 5181 1228 5236 καλεῖται.
1278 5181 1660 5243 Ηεῢιδωίπκῠ
1714 5192 1910 5238 vocant
1959 5197 2047 5236 sa-

465 5260 603 5306 tum.
659 5253 792 5319 Qum
825 5268 1084 5308 mensura
1129 5253 1562 5321 sesquimodium
1616 5255 1860 5307 Italicum
1897 5267 2050 5306 com-

468 5324 746 5394 plectitur,
775 5322 1014 5394 Josepho
1035 5332 1092 5394 et
1125 5320 1458 5394 Hieronymo
1483 5323 1715 5394 testibus
1749 5340 1762 5376 ε
1803 5322 2050 5389 adeoque

466 5392 741 5449 sextarios
768 5392 921 5448 xxiv.
947 5394 1014 5446 At
1058 5392 1394 5460 Epiphanius
1426 5393 1665 5445 modium
1697 5408 1820 5445 cum
1856 5398 2049 5461 quarta

468 5467 694 5536 iuSuper
720 5475 874 5535 parte
906 5470 1026 5519 sato
1055 5463 1267 5536 tribuit.
1297 5461 1476 5527 Quare
1501 5477 1623 5514 cum
1659 5461 2052 5536 modioAsexta-

468 5531 746 5606 i'jOS—XVli
795 5532 1263 5606 assignctscapiet
1310 5543 1486 5606 satum
1545 5533 1814 5606 sextarios
1841 5531 2045 5606 Euri.

472 5603 624 5658 lianc
656 5600 967 5660 mensuram
1016 5600 1194 5674 μόδιον
1243 5603 1556 5674 ὑπέργομον
1594 5603 1846 5671 appellat.
1895 5600 2050 5674 Uudc

467 5689 516 5728 οι
557 5674 917 5746 Hieronymus
943 5672 1176 5729 fortasse
1205 5672 1390 5728 vocem
1432 5672 1911 5746 Hebraicainmtp
1947 5672 2050 5726 hoc

468 5749 556 5801 cst
596 5742 796 5820 satuni,
818 5762 913 5817 per
951 5746 1197 5800 Latinam
1247 5749 1479 5799 modium
1538 5743 1821 5815 expressit.
1863 5742 2049 5816 Neque

2148 4641 2308 4694 quam
2358 4626 2586 4697 aliarum
2641 4642 3045 4697 mensurarum.
3102 4626 3337 4682 Proinde
3385 4627 3529 4697 quod
3576 4627 3729 4694 dicit,

2151 4707 2326 4770 satum
2377 4695 2829 4770 llebraice_idem
2862 4712 3003 4770 esse
3049 4712 3114 4770 ac
3160 4697 3343 4770 λῆψιν,
3394 4695 3509 4753 sive
3548 4699 3729 4767 ἄρσιν,

2150 4764 2559 4836 suﬁ‘ragatorem
2589 4766 2753 4820 habet
2786 4767 3015 4820 nullum.
3046 4764 3512 4837 Quod'utcunque
3542 4764 3727 4821 verum

2149 4838 2390 4895 esset..si
2417 4846 2549 4895 nam
2585 4851 2694 4890 non
2726 4847 2844 4896 τικο
2884 4837 3238 4892 scriberetur.
3271 4838 3509 4892 Tametsi
3553 4837 3730 4891 littera

2149 4915 2203 4964 ω
2240 4921 2364 4958 cum
2407 4907 2631 4961 sinistro
2677 4918 2878 4976 puncto
2907 4923 3006 4977 pro
3047 4918 3086 4966 D
3124 4908 3437 4978 promiscue
3469 4921 3731 4961 nonnun-

2153 4989 2316 5046 quam
2359 4986 2672 5046 usurpatur.

2223 5045 2332 5114 (67)
2351 5044 2512 5117 κατὰ
2532 5046 2596 5099 τὸ
2613 5047 2834 5115 μέτρον
2847 5046 2914 5100 τὸ
2931 5047 3119 5117 ἅγιον.
3144 5046 3312 5117 Igitur
3334 5049 3474 5101 alius
3498 5045 3599 5099 fuit
3625 5060 3733 5099 mo-

2149 5115 2274 5169 dius
2312 5115 2594 5181 profanus,
2643 5118 2783 5171 alius
2819 5115 2992 5171 sacer.
3042 5116 3141 5171 Hic
3171 5115 3288 5171 erit
3329 5126 3505 5172 satum
3537 5125 3731 5186 quarta

2150 5194 2307 5258 parte
2336 5187 2543 5258 vulgari
2592 5186 2775 5258 modio
2806 5187 3003 5256 majus.
3054 5186 3176 5242 Haec
3212 5186 3569 5258 Epiphanius,
3613 5201 3734 5256 qua:

2153 5270 2254 5310 nos
2283 5255 2384 5308 hoc
2409 5257 2532 5309 loco
2563 5270 2671 5310 non
2708 5257 3059 5313 discutimus.

2225 5327 2334 5395 (68)
2377 5323 2455 5394 Τῇ
2480 5324 2596 5393 μὲν
2621 5326 2734 5394 γὰρ
2763 5325 2982 5396 πρώτῃ.
3021 5325 3268 5396 Sequens
3285 5327 3586 5396 disputatio
3601 5341 3737 5396 prae.

2153 5396 2379 5468 ter-mitti
2408 5399 2475 5450 ab
2500 5396 2805 5468 Epiphanio
2835 5395 3064 5468 poterat,
3114 5395 3301 5466 Neque
3334 5395 3479 5468 enim
3513 5395 3582 5450 ad
3608 5395 3732 5468 rem

2157 5466 2449 5520 adumdum
2501 5465 2660 5530 facit,
2711 5465 2885 5536 neque
2930 5465 3230 5536 quidquam
3282 5467 3548 5526 continet.
3574 5465 3734 5536 quod

2157 5537 2298 5591 seire
2337 5537 2531 5606 magis,
2563 5552 2726 5606 quam
2758 5535 3015 5623 ignorare
3062 5535 3250 5623 nostra
3288 5537 3511 5592 referat.
3553 5535 3735 5602 Quan-

2153 5622 2315 5686 quam
2359 5622 2421 5660 ea
2450 5621 2684 5686 quoque
2725 5608 2800 5662 ab'
2848 5608 3054 5664 isidoro
3095 5611 3152 5662 in
3187 5608 3281 5662 lib.
3329 5624 3437 5686 xvr,
3478 5621 3600 5677 cap.
3655 5617 3728 5674 ξεῖ

2154 5679 2404 5744 (ΜΩ-εει
2445 5677 2729 5731 translata.
2813 5697 2818 5702 ·
