4034 6216
392 248 500 306 277

1369 250 1574 307 LIBER
1610 251 1697 306 DE
1734 250 2090 309 MENSLRIS
2127 250 2216 308 ET
2259 251 2713 315 PONDERIBUS.

3549 255 3656 311 278

397 367 495 421 επὶ
526 365 1024 439 πρόσωπονπάσης
1050 366 1151 438 τῆς
1176 366 1299 439 γῆς.
1330 367 1506 423 Τοῦτο
1535 369 1696 441 μόνον
1718 368 1979 440 ἐποίησεν
2006 420 2012 434 ε

2116 376 2291 437 uento,
2318 375 2571 443 atquein
2622 382 2782 428 terra:
2827 368 3115 443 superﬁcie
3162 369 3536 441 porriguntur,
3572 367 3657 421 di-
3756 400 3757 403 η

395 459 427 515 ὁ
447 458 581 525 Θεὸς
610 459 668 512 ἐν
694 459 761 530 τῇ
793 458 1021 531 δευτέρᾳ
1046 458 1252 531 ἡμέρᾳ.

469 638 641 712 Τρίτῃ
684 638 743 692 δὲ
779 638 963 710 ἡμέρᾳ
1015 638 1115 704 τὰς
1166 638 1464 705 θαλάσσας,
1501 639 1630 703 τοὺς
1672 638 1977 710 ποταμοὺς,

2082 458 2258 514 vortia
2277 462 2590 517 constituit.
2622 461 2804 518 Unum
2830 461 2935 516 hoc
2957 475 3097 530 opus
3127 459 3380 517 secundo
3409 456 3500 511 die
3527 469 3656 510 con-

2080 547 2283 606 fectum
2318 558 2425 607 est.
3148 558 3151 561 ’

2153 641 2340 699 Tertio
2367 643 2457 699 die
2486 645 2683 710 maria,
2714 645 2960 713 ﬁumina,
2985 643 3185 709 fontes,
3215 639 3391 708 lacus,
3426 639 3660 703 semina,

397 730 504 793 τὰς
531 728 716 799 πηγὰς
744 729 839 782 καὶ
858 729 1077 801 λίμνας,
1110 729 1179 784 τὰ
1211 728 1504 801 σπέρματα
1533 729 1629 784 τοῦ
1664 728 1888 801 σπόρου,
1912 726 1984 782 τὰ

2116 734 2307 805 lirpes,
2337 735 2655 792 fructiferas
2682 736 2909 793 arbores
2942 751 3007 792 ac
3031 735 3268 801 steriles,
3294 733 3467 788 silvas
3499 731 3661 786 deni-

403 821 783 891 βλαστήματα,
809 821 879 875 τὰ
908 821 1039 886 ξύλα
1081 821 1152 876 τὰ
1194 822 1454 894 κάρπιμά
1491 838 1551 876 τε
1586 821 1683 876 καὶ
1734 822 1981 893 ἄκαρπα,

2083 842 2190 898 que
2222 829 2559 899 procreavit.
2589 828 2841 897 Quatuor
2864 830 2980 885 haec
3018 827 3292 900 pracipua
3326 825 3470 881 Deus
3494 836 3662 894 Opera

402 914 528 975 τοὺς
554 913 646 984 δρο
659 912 810 984 μούς.
867 912 1052 967 Ταῦτα
1079 913 1148 967 τὰ
1192 914 1436 987 τέσσαρα
1472 913 1611 986 ἔργα
1639 912 1711 967 τὰ
1748 912 1985 985 μέγιστα

2116 918 2253 975 ertio
2280 918 2372 975 die
2405 918 2713 975 fabricavit.

404 1005 659 1075 εποίησεν
687 1005 717 1058 ὁ
744 1005 876 1068 Θεὸς
902 1006 962 1059 ὲν
996 1008 1061 1077 τῇ
1091 1005 1251 1077 τρίτῃ
1282 1004 1490 1077 ἡμέρᾳ.

475 1097 557 1166 Τῇ
590 1096 647 1149 δὲ
673 1095 908 1167 τετάρτῃ
936 1095 1029 1149 τὸν
1061 1096 1231 1167 ἥλιον,
1263 1096 1361 1167 τὴν
1392 1095 1644 1167 σελήνην,
1669 1095 1797 1159 τοὺς
1822 1094 1987 1149 ἁστέ·

2082 1116 2096 1127 -
2159 1097 2370 1164 Quarto
2404 1097 2493 1153 die
2524 1097 2719 1162 solem,
2756 1097 2943 1152 lunam
2993 1109 3058 1150 ac
3089 1093 3301 1161 stellas,
3331 1093 3438 1149 tria
3473 1091 3668 1148 videli-

409 1203 538 1258 ρας·
573 1186 744 1239 ταῦτα
768 1188 837 1241 τὰ
860 1188 988 1257 τρία
1013 1188 1152 1259 ἔργα
1171 1187 1238 1242 τὰ
1278 1188 1489 1260 μεγάλα
1510 1188 1766 1259 ἐποίησεν
1786 1189 1818 1242 ὁ
1851 1187 1987 1253 Θεὸς

2116 1196 2176 1247 :et
2207 1190 2447 1262 insignia
2478 1204 2669 1263 opera,
2706 1188 2851 1246 Deus
2880 1187 3205 1244 elaboravit.

407 1280 465 1329 ὲν
496 1278 561 1347 τῇ
601 1276 837 1348 τετάρτῃ
861 1278 1062 1349 ἡμέρᾳ.

478 1365 558 1435 Τῇ
584 1364 639 1418 δὲ
671 1367 895 1436 πέμπτῃ
930 1365 999 1420 τὰ
1032 1368 1174 1439 κήτη
1220 1367 1289 1422 τὰ
1340 1367 1572 1438 μεγάλα,
1604 1370 1733 1433 τοὺς
1775 1367 1986 1440 ἰχθύας,

409 1455 596 1509 καὶτὰ
620 1456 755 1510 ἄλλα
783 1456 993 1527 ἑρπετὰ
1022 1458 1092 1512 τὰ
1118 1459 1176 1513 ἐν
1200 1461 1316 1523 τοῖς
1348 1457 1524 1526 ὕδασι,
1548 1458 1618 1512 τὰ
1647 1459 1890 1525 πετεινὰ,
1913 1462 1985 1514 τὰ

416 1545 686 1615 πτερωτά.
712 1546 897 1601 Ταῦτα
920 1547 988 1601 τὰ
1010 1548 1135 1619 τρία
1167 1548 1305 1620 ἔργα
1350 1549 1419 1603 τὰ
1461 1547 1671 1620 μεγάλα
1730 1549 1988 1621 ἐποίησεν

412 1638 441 1691 ὁ
482 1636 613 1700 Θεὸς
657 1639 714 1690 ὲν
749 1640 817 1709 τῇ
847 1637 1071 1710 πέμπτῃ
1108 1639 1312 1711 ἡμέρᾳ.

2163 1374 2367 1440 Quinto
2406 1373 2497 1429 die
2536 1370 2833 1442 grandiora
2866 1377 3006 1433 cete,
3048 1368 3251 1439 pisces,
3290 1378 3354 1420 ac
3386 1370 3584 1419 caetera
3615 1361 3672 1416 in

2096 1466 2256 1536 aquis
2286 1464 2554 1534 tepentia,
2616 1476 2830 1518 necnon
2864 1470 2918 1515 et
2958 1475 3109 1526 aves,
3138 1472 3205 1514 ac
3242 1455 3507 1513 volatilia.
3542 1452 3698 1520 Quae

2095 1556 2201 1610 tria
2230 1563 2359 1611 sunt
2388 1555 2668 1625 praecipua
2705 1552 2888 1623 quinti
2927 1551 3037 1607 diei
3059 1565 3248 1621 opera.

482 1730 562 1800 Τῇ
588 1729 647 1783 δὲ
664 1708 813 1801 tam
830 1708 1013 1801 ἡμέρᾳ
1040 1708 1110 1784 τὰ
1130 1708 1325 1801 me,
1356 1730 1427 1785 τὰ
1457 1733 1654 1805 κτήνη,
1682 1734 1752 1787 τὰ
1787 1731 1993 1803 ἑρπετὰ

2169 1732 2339 1788 Sexto
2362 1731 2453 1787 die
2492 1731 2658 1796 feras,
2688 1728 2948 1800 pecudes,
2979 1736 3125 1782 terra
3163 1733 3551 1798 proserpentes
3580 1724 3678 1782 bc-

414 1819 519 1891 τῆς
561 1820 689 1890 γῆς,
718 1820 810 1874 τὸν
852 1820 1158 1892 ἄνθρωπον.
1195 1822 1382 1877 Ταῦτα
1409 1822 1478 1876 τὰ
1504 1824 1744 1896 τέσσαρα
1784 1824 1995 1894 μεγάλα

416 1907 557 1978 ἔργα
583 1906 882 1979 ὲποίησενὸ
910 1908 1042 1972 Θεὸς
1065 1911 1123 1963 ὲν
1150 1912 1214 1981 τῇ
1246 1910 1379 1982 ἕκτῃ
1408 1911 1612 1984 ἡμέρᾳ.
1643 1913 1755 1967 Καὶ
1781 1913 1996 1983 ἐγένετο

419 2000 599 2054 πάντα
647 2001 716 2056 τὰ
748 2001 805 2055 έν
830 2003 952 2066 ταῖς
990 2000 1051 2067 ἓξ
1076 2002 1311 2074 ἡμέραις
1343 2004 1494 2076 παρὰ
1537 2002 1630 2058 τοῦ
1666 2004 1803 2059 Θεοῦ
1841 2021 1998 2075 ποιη-

417 2093 599 2159 θέντα,
623 2092 759 2165 ἔργα
802 2092 908 2163 κβ’.
956 2094 1067 2147 Καὶ
1102 2094 1446 2149 συνετέλεσεν
1484 2096 1511 2149 ὁ
1539 2095 1671 2159 Θεὸς
1712 2095 1889 2149 πάντα
1938 2096 1998 2148 ὲν

413 2187 484 2256 τῇ
510 2184 641 2255 ἕκτῃ
673 2184 878 2257 ἡμέρᾳ,
908 2186 1009 2239 ὅσα
1036 2186 1097 2239 ἐν
1140 2188 1253 2250 τοῖς
1293 2187 1543 2258 οὐρανοῖς
1586 2188 1680 2240 καὶ
1707 2187 1766 2240 ὲν
1790 2189 1858 2257 τῇ
1902 2188 1996 2257 γῇ,

416 2278 475 2329 ὲν
510 2280 630 2340 ταῖς
664 2276 961 2341 Θαλάσσαις
988 2278 1083 2332 καὶ
1118 2280 1175 2333 ὲν
1200 2281 1321 2343 ταῖς
1347 2277 1626 2345 ἀϐύσσοις,
1650 2281 1709 2333 ἐν
1748 2277 1828 2349 τῷ
1859 2280 1999 2349 φωτὶ

410 2368 512 2420 καὶ
542 2369 601 2421 ὲν
621 2366 700 2438 τῷ
732 2368 938 2433 σκότει,
971 2370 1065 2423 καὶ
1084 2370 1145 2423 ὲν
1168 2370 1323 2424 πᾶσι.

490 2458 600 2510 Καὶ
637 2458 983 2513 ἀνεπαύσατο
1027 2461 1056 2513 ὁ
1092 2460 1225 2524 Θεὸς
1273 2462 1338 2517 ὲκ
1400 2461 1618 2519 πάντων
1660 2460 1771 2515 τῶν
1806 2460 1999 2533 ιέργων

308 2552 311 2555 ’
418 2550 585 2603 αὐτοῦ
626 2553 684 2603 ὲν
720 2553 785 2622 τῇ
832 2552 1036 2625 ἑϐδόμῃ
1065 2553 1273 2625 ἡμέρᾳ,
1314 2554 1409 2607 καὶ
1457 2553 1760 2624 ηὐλὸγησεν
1806 2552 1999 2623 αὐτὴν,

419 2643 516 2694 καὶ
560 2643 787 2712 ἡγίασεν
819 2643 1027 2715 αὐτὴν,
1086 2646 1182 2699 καὶ
1237 2644 1471 2716 ἐδήλωσε
1519 2646 1586 2699 δι’
1645 2644 1879 2714 ἀγγέλου
1924 2642 2003 2714 τῷ

424 2734 658 2804 Μωῦσῇ,
688 2734 769 2786 ὅτι
794 2737 889 2788 καλ¹
930 2734 1197 2788 εἰκοσιδύο
1231 2736 1500 2804 κεφάλαια
1532 2736 1639 2790 ἀπὸ
1673 2736 1844 2805 Ἀδὰμ
1872 2734 2003 2806 ἄχρι

427 2822 521 2874 τοῦ
563 2821 755 2875 Ἰακώϐ
776 2841 788 2854 ·
827 2825 936 2878 Καὶ
960 2824 1282 2895 ἐκλέξομαι
1305 2824 1539 2896 ἐμαυτῷ
1569 2828 1639 2881 ἐκ
1677 2827 1785 2881 τοῦ
1820 2827 2006 2898 σπέρ-

425 2926 614 2978 ματος
640 2912 829 2967 αὐτοῦ
865 2913 1022 2967 λαὸν
1059 2915 1412 2984 περιούσιον
1446 2916 1563 2969 ἀπὸ
1602 2915 1847 2971 πάντων
1886 2916 2008 2972 τῶν

2100 1824 2263 1889 stias,
2288 1822 2677 1892 hominemque
2698 1819 3029 1889 designavit.
3057 1817 3308 1883 Quatuor
3329 1821 3444 1873 hac
3467 1816 3676 1887 majora

2101 1912 2248 1970 Deus
2293 1928 2458 1983 opera
2510 1919 2665 1968 sexto
2701 1911 2791 1967 die
2827 1910 3074 1981 perfecit.
3120 1906 3411 1979 Colligitur
3446 1923 3675 1978 operum

2100 2005 2347 2059 omnium
2380 2018 2614 2070 summa,
2648 2017 2771 2074 quae
2796 2016 2892 2057 sex
2923 2000 3117 2056 diebus
3143 2000 3290 2056 edita
3312 2007 3464 2065 sunt,
3490 1998 3601 2053 duo
3624 2008 3681 2054 et

2100 2098 2315 2169 viginti.
2351 2096 2485 2152 Nam
2515 2104 2672 2152 sexto
2700 2096 2791 2151 die
2819 2095 3073 2150 absoluta
3101 2100 3231 2148 sunt
3263 2108 3297 2148 a
3332 2091 3444 2148 Deo
3466 2091 3678 2155 omnia,

2100 2203 2224 2259 quae
2254 2188 2417 2254 crelo,
2448 2197 2620 2254 terra,
2652 2187 2816 2255 mari,
2837 2185 3076 2258 abyssis,
3108 2185 3252 2254 luce,
3283 2186 3548 2253 tenebris,
3574 2199 3683 2240 cae-

2100 2282 2346 2352 terisque
2372 2281 2744 2338 continentur.

2176 2457 2426 2529 Septimo
2477 2456 2681 2513 deinde
2726 2457 2816 2514 die
2864 2458 3101 2515 cessavit
3146 2456 3216 2513 ab
3256 2453 3408 2512 omni
3454 2467 3685 2525 prorsus

2106 2563 2273 2619 opere
2309 2548 2473 2613 Deus,
2507 2550 2670 2619 eique
2693 2548 2803 2604 diei
2829 2549 3130 2613 benedixit,
3156 2562 3219 2601 ac
3245 2545 3558 2601 consecrari
3587 2560 3685 2599 vo—

2107 2639 2231 2705 luit,
2266 2638 2430 2709 idque
2467 2653 2563 2707 per
2606 2640 2859 2709 angelum
2892 2638 3063 2709 Moysi
3103 2636 3453 2708 signiﬁcavit.
3484 2634 3685 2689 Eodem

2108 2730 2381 2801 pertinere
2409 2737 2611 2799 potest,
2645 2730 2791 2800 quod
2824 2730 2893 2785 ab
2921 2730 3134 2785 Adamo
3173 2728 3241 2783 ad
3288 2727 3553 2783 Jacobum
3579 2725 3689 2781 duo

2106 2834 2163 2880 et
2207 2810 2401 2894 viginti
2444 2824 2623 2893 capita
2670 2830 3081 2878 numerantur:
3126 2820 3195 2874 Et
3242 2820 3457 2890 eligam,
3489 2820 3689 2887 inquit,

2108 2917 2242 2970 mihi
2267 2930 2332 2971 ea:
2359 2916 2475 2985 ejus
2506 2916 2673 2985 stirpe
2698 2914 2951 2985 populum
2978 2915 3322 2984 peculiarem,
3353 2927 3418 2966 ea:
3447 2909 3689 2965 omnibus

427 3000 739 3104 Mrem-2A!
773 3004 829 3057 δὲ
858 3005 1092 3076 κεφαλαὶ
1130 2988 1358 3078 περϊῶν
1392 3003 1543 3062 εἶπεν
1571 3008 1683 3079 (69)
1706 3011 1735 3063 ὁ
1778 3008 2006 3083 Κύριος,

2116 3006 2346 3077 gentibus
2368 3008 2408 3061 ⁸.
2438 3006 2628 3078 Capita
2662 3022 2827 3077 porro
2867 3006 2979 3071 illa,
3013 3005 3081 3060 de
3125 3004 3330 3075 quibus
3361 3002 3578 3057 locutus
3607 3010 3693 3056 est

430 3094 569 3148 εἰσὶν
601 3086 791 3148 αὗται·
828 3096 1019 3168 Ἀδὰμ,
1062 3097 1196 3170 me,
1233 3097 1419 3163 Ἐνὼς,
1474 3098 1664 3170 Ἑνὼχ,
1709 3100 2003 3172 Ἀρφαξὰδ,

430 3185 594 3251 Σαλα,
644 3187 886 3254 Καϊνὰν,
932 3188 1143 3253 Φαλὲκ,
1175 3189 1480 3262 Μαλαλεὴλ,
1533 3191 1723 3263 Ἔϐερ,
1780 3193 2007 3262 Ῥαγαῦ,

443 3275 636 3346 Ἰάρεδ,
673 3278 898 3349 Σερούχ,
934 3279 1160 3351 Ναχὼρ,
1193 3280 1546 3349 Μαθουσάλα,
1577 3282 1752 3354 Θάρα,
1796 3284 2009 3355 Λάμεχ,

429 3368 576 3433 Νῶε,
615 3368 900 3441 Ἀϐραὰμ,
962 3372 1165 3439 Ἰσαὰκ,
1209 3372 1426 3439 Ἰακὼϐ,
1469 3376 1613 3445 Σὴμ.
1662 3374 1826 3447 Ὁμοῦ
1868 3378 2013 3431 εἰκο-

432 3457 582 3511 σιδύο
623 3460 827 3527 γενεαί.
854 3460 944 3514 Διὸ
973 3462 1068 3517 καὶ
1120 3463 1387 3518 εἰκοσιδύο
1432 3466 1539 3519 εἰσὶ
1592 3466 1660 3521 τὰ
1698 3467 1852 3539 παρὰ
1901 3470 2014 3532 τοϊς

444 3550 719 3622 Ἑϐραίοις
748 3552 1071 3626 γράμματα,
1098 3556 1190 3609 καὶ
1215 3555 1352 3627 πρὸς
1381 3556 1521 3610 αὐτὰ
1548 3558 1645 3613 καὶ
1670 3557 1771 3625 τὰς
1801 3558 2016 3630 βίϐλους

434 3644 613 3700 αὐτῶν
643 3644 726 3715 κβ¹
750 3645 1065 3718 ἠρίθμησαν
1095 3648 1414 3703 εἰκοσιεπτὰ
1440 3647 1603 3714 οὔσας
1625 3667 1638 3681 ’
1676 3651 1790 3705 ἀλλ’
1828 3651 2017 3724 ἐπειδὴ

436 3734 749 3791 διπλοῦνται
798 3738 963 3793 πέντε
1000 3740 1129 3811 παρ’
1168 3740 1350 3805 αὐτοῖς
1389 3745 1627 3814 στοιχεῖα
1649 3783 1665 3809 ,
1700 3745 2018 3799 εἰκοσιεπτὰ

443 3829 538 3882 καὶ
592 3829 733 3883 αὐτὰ
786 3830 936 3894 ὄντα,
977 3833 1069 3886 καὶ
1123 3834 1204 3897 είς
1251 3833 1336 3904 κβ¹
1365 3834 1791 3902 ἀποτελοῦνται,
1825 3837 2017 3892 τούτου

444 3920 603 3993 χάριν
630 3921 727 3975 καὶ
754 3922 854 3986 τὰς
879 3920 1093 3993 βίϐλους
1124 3922 1205 3990 κζ’
1231 3923 1416 3992 οὔσας,
1449 3926 1533 3998 κβ¹
1562 3933 1946 4001 πεποιήκασιν.

510 4091 743 4154 ΚΓἏὯν
773 4098 967 4172 πρώτη
987 4097 1216 4173 Βρισὴθ,
1234 4100 1269 4171 ἢ
1287 4098 1534 4156 καλεῖται
1551 4101 1771 4166 Γένεσις
1791 4102 2017 4173 κόσμου·

453 4187 848 4261 Ἐλησιμὼθ,ἢ
892 4191 1109 4258 Ἕξοδος
1143 4191 1253 4244 τῶν
1297 4190 1429 4245 υἱῶν
1492 4192 1709 4264 Ἰσραὴλ
1752 4194 1811 4260 ἐξ
1856 4193 2025 4262 Αίγύ-

442 4293 609 4330 πτουο
642 4278 990 4351 Ούδωῖεκρὰ,
1034 4280 1068 4352 ἢ
1104 4280 1468 4352 ἑρμηνεύεται
1511 4282 1826 4336 Δευῖτικόν⁸
1863 4284 2027 4338 Ἰουδ⁴

2112 3096 2378 3152 Dominus
2419 3096 2523 3152 ista
2578 3104 2707 3154 sunt
2746 3115 2761 3151 :
2808 3095 3006 3162 Adam,
3059 3093 3213 3159 Seth,
3264 3094 3430 3159 Enos,
3478 3093 3691 3160 EIIOCII,

2111 3187 2431 3259 Arphaxad,
2465 3186 2613 3255 Sala,
2645 3184 2899 3254 Cainam,
2922 3186 3148 3254 Phalec,
3185 3186 3452 3251 Malaleel,
3490 3183 3691 3250 Heber,

2112 3277 2534 3349 Ragau,Jared,
2572 3280 2804 3347 Seruch,
2839 3278 3081 3347 Nachor,
3122 3278 3453 3345 Mathusala,
3490 3277 3693 3342 Thare,

2114 3370 2374 3439 Lamech,
2391 3374 2524 3441 Noe,
2540 3370 3189 3446 Abraham,1801saac,
3206 3372 3395 3439 Jacob,
3415 3371 3699 3429 Sem.Col-

2117 3465 2361 3535 liguntur
2383 3467 2766 3538 generationes
2811 3466 2933 3522 duae
2958 3474 3012 3522 et
3039 3466 3252 3537 viginti.
3289 3463 3448 3521 Unde
3486 3472 3540 3520 et
3580 3480 3695 3518 χιιι

2118 3565 2249 3614 Sunt
2276 3557 2419 3630 apud
2445 3557 2705 3616 Hebraeos
2725 3560 2952 3623 litterae;
2975 3556 3278 3615 secundum
3307 3572 3446 3628 quas
3474 3554 3701 3627 perinde

2118 3665 2237 3705 xm
2278 3650 2448 3707 libros
2490 3660 2804 3719 numerant,
2840 3652 2969 3707 licet
2997 3667 3147 3706 xxvn
3179 3651 3400 3723 preprie
3433 3651 3563 3705 sint.
3592 3646 3699 3703 Ve-

2121 3755 2242 3794 rum
2277 3740 2535 3810 quoniam
2559 3741 2803 3811 quinque
2832 3738 2978 3810 apud
3015 3740 3141 3794 illos
3178 3738 3374 3792 litterae
3412 3735 3699 3805 duplican~

2123 3840 2231 3898 tur,
2269 3832 2515 3904 ﬁuntque
2544 3833 2951 3904 quodammodo
2977 3846 3151 3897 xxvn,
3178 3845 3300 3902 quae
3329 3829 3386 3884 in
3421 3844 3532 3883 xxn
3564 3843 3699 3881 con-

2123 3922 2433 3989 trahuntur,
2469 3923 2593 3979 ideo
2629 3938 2779 3978 xxvu
2820 3936 3043 3995 quoque
3070 3921 3244 3977 libros
3274 3920 3331 3975 in
3360 3932 3476 3973 χχιι
3509 3916 3700 3973 conlc-

2122 4021 2273 4068 runt.

2196 4103 2386 4158 XXIII.
2422 4103 2639 4159 Primus
2666 4110 2749 4159 est
2776 4101 3048 4167 Beresith,
3088 4118 3210 4173 quae
3251 4100 3481 4157 Genesis
3521 4100 3707 4171 appel-

2126 4194 2305 4262 latur;
2348 4203 2462 4249 tum
2510 4192 2871 4261 Ellesemnth,
2919 4209 3043 4265 quae
3088 4200 3174 4249 est
3204 4192 3447 4258 Exodus,
3487 4190 3592 4245 hoc
3623 4198 3709 4245 est

2127 4287 2370 4358 egressio
2414 4285 2645 4342 ﬁliorum
2693 4285 2862 4343 Israel
2901 4302 2968 4343 ex
3004 4285 3278 4358 Egypto;
3314 4282 3533 4354 Vajiera
3562 4321 3576 4348 ,
3609 4282 3707 4353 qui

441 4370 637 4441 δαϐἡρ,
664 4372 700 4443 ἡ
729 4372 877 4425 ἐστιν
916 4372 1191 4445 Ἀριθμῶν
1215 4389 1229 4404 ’
1275 4372 1710 4446 Ἐλλεδεϐαρεὶμ,
1745 4375 1808 4429 τὸ
1833 4378 2012 4430 Δευτε-

2131 4388 2215 4433 est
2266 4378 2579 4446 Leviticus;
2623 4377 2994 4449 Vajedabber,
3049 4379 3155 4433 hoc
3207 4384 3293 4434 est
3343 4373 3709 4430 Numerorum

445 4463 728 4535 ρονόμιον·
785 4464 984 4536 Διησοῦ
1013 4506 1029 4531 ,
1073 4468 1108 4537 ἡ
1155 4466 1250 4521 τοῦ
1298 4465 1474 4538 Ἰησοῦ
1520 4467 1633 4539 (70)
1682 4467 1777 4522 τοῦ
1829 4469 2023 4540 Ναυῆο

442 4548 618 4616 Διὼϐ,
670 4552 705 4623 ἡ
747 4553 842 4606 τοῦ
896 4553 1051 4607 ’1ώϐ’
1105 4554 1493 4626 Διασωφθεὶμ,
1526 4559 1560 4628 ἡ
1609 4556 1720 4611 τῶν
1770 4558 2023 4629 Κριτῶνο
2066 4578 2071 4583 ’

445 4642 701 4712 Διαροὺθ,
734 4644 767 4715 ἡ
801 4643 902 4716 τῆς
936 4644 1093 4699 Ῥούθ
1117 4663 1130 4680 ο
1173 4647 1536 4721 Σφεργελεὶμ,
1577 4651 1639 4704 τὸ
1669 4651 1983 4725 Ψαλτὴριον
2010 4671 2021 4684 ⁸

445 4730 851 4805 Δεϐριιαμεὶμ,
886 4735 919 4805 ἡ
967 4734 1158 4809 πρώτη
1196 4738 1305 4790 τῶν
1360 4739 1830 4812 Παραλειπομένω
1877 4760 1892 4774 ·
1930 4745 2029 4797 Δε-

447 4822 740 4896 ϐριιαμεὶμ
759 4867 773 4892 ,
809 4826 1302 4900 Παραλειπομένων
1330 4831 1559 4904 δευτέρα
1578 4850 1593 4863 ·
1624 4835 1883 4905 Δεμουὲλ,
1921 4837 2028 4890 Βα-

450 4914 664 4970 σιλειῶν
693 4915 915 4988 πρώτη’
964 4920 1392 4994 Δαδουδεμουὴλ,
1424 4923 1720 4979 Βασιλειῶν
1759 4927 1991 4999 δευτέρα
2011 4947 2025 4961 ο

448 5007 755 5080 Δμαλαχεὶ,
798 5010 1094 5066 Βασιλειῶν
1135 5014 1325 5087 τρίτη”
1368 5016 1680 5088 Δμαλαχεὶ,
1728 5020 2030 5077 Βασιλειῶν

448 5098 686 5172 τετάρτη
705 5117 718 5129 ·
738 5101 1068 5177 Δμεαλὼθ,ἡ
1096 5105 1412 5176 Παροιμιῶν
1430 5123 1443 5139 ·
1471 5109 1765 5177 Δεκωέλεθ,
1803 5113 2031 5185 Ἐκκλη-

546 5279 564 5312 ¹
600 5278 759 5336 Deut.
801 5296 913 5348 xlv,
953 5281 1007 5337 2.

528 5461 640 5535 (69)
677 5466 749 5519 Al
779 5464 849 5518 δὲ
878 5466 1133 5535 κεφαλαὶ
1167 5466 1301 5535 περὶ
1327 5461 1415 5521 ὧν
1443 5466 1632 5525 εἶπεν.
1676 5471 2035 5530 Perturbatus

459 5547 523 5616 ac
544 5544 908 5616 praeposterus
940 5535 1083 5616 ordo.
1110 5538 1388 5616 nominum
1427 5547 1531 5595 est.
1571 5542 1686 5608 Qua
1722 5544 1775 5598 in
1808 5561 1866 5599 re
1902 5545 2035 5616 quid

460 5604 862 5675 Insgi_t_tnysterii
894 5622 1005 5661 non
1038 5606 1213 5662 video.

535 5672 648 5743 (70)
678 5672 1036 5748 ’Διησοῦκή
1086 5678 1192 5734 τοῦ
1267 5681 1495 5749 Ἰησοῦ.
1550 5680 1849 5753 Depravata
1907 5697 2035 5740 sunt

2128 4472 2296 4538 liber;
2328 4469 2711 4540 Elledebarim,
2744 4471 3259 4538 Deuteronomium;
3296 4469 3431 4525 liber
3450 4467 3580 4523 Jesu
3617 4467 3710 4521 lilii

2131 4561 2313 4629 Nave;
2348 4560 2472 4628 Job,
2515 4563 2818 4634 Sophetim,
2857 4564 2907 4618 id
2955 4575 3040 4620 est
3079 4561 3357 4627 Iudicum,
3396 4560 3567 4625 Ruth,
3616 4560 3714 4614 Se-

2130 4654 2267 4724 plier
2289 4652 2566 4719 Tebillim,
2593 4654 2699 4709 hoc
2720 4661 2803 4710 est
2821 4653 3145 4710 Psalterium
3170 4671 3184 4721 ;
3216 4651 3379 4707 Dibre
3407 4650 3710 4715 haiiamim,

2132 4747 2248 4804 sive
2282 4750 2493 4819 primus
2522 4748 2975 4820 Paralipomenon
3002 4748 3176 4815 liber;
3210 4744 3371 4800 Dibre
3406 4743 3711 4814 haijamim,

2137 4840 2417 4895 secundus
2452 4837 2910 4909 Paralipomenon
2950 4835 3122 4903 liber;
3166 4833 3438 4890 Samuelis
3482 4831 3712 4902 primus,

2139 4933 2254 4988 sive
2284 4931 2599 5005 Regnorum
2634 4931 2884 5002 primus;
2921 4928 3216 4993 Samuelis,
3246 4927 3361 4982 sive
3396 4924 3715 4997 Regnorum

2140 5024 2451 5092 secundus;
2485 5022 2789 5087 Mclachim,
2816 5022 2932 5078 sive
2958 5020 3272 5091 Regnorum
3303 5014 3717 5080 tertius;Mela-

2137 5117 2282 5171 chim
2306 5117 2421 5173 sive
2445 5114 2757 5185 Regnorum
2787 5120 3056 5186 quartus;
3080 5109 3328 5177 Mischle,
3353 5109 3466 5167 sive
3486 5106 3718 5163 Prover-

2162 5477 2400 5547 ileraque
2432 5488 2717 5547 sacrorum
2744 5472 3010 5547 librorum
3039 5468 3326 5547 vocabula.
3365 5464 3602 5547 Sed__n_us

2162 5497 2400 5547 iteraun
2432 5497 2717 5530 SICI’UI’UIII
2744 5497 3010 5527 nurerum
3043 5497 3326 5547 Vllcauura.
3366 5497 3602 5542 ναῦν-μηδ
3639 5497 3707 5513 ιιι

2143 5497 2217 5602 Iiil
2273 5544 2671 5602 immutandum
2724 5543 3061 5598 censuimus.
3138 5538 3419 5605 Plerisque
3464 5534 3707 5588 litterae

2145 5616 2361 5689 praeﬁxa
2389 5636 2400 5670 :
2435 5616 2527 5687 qui
2556 5624 2641 5673 est
2670 5612 3003 5670 Chaldaieus
3035 5606 3320 5662 articulus.
