4034 6216
351 209 459 270 2ἲ9

1747 216 1805 272 ε.
1847 214 2189 279 EPIPHANH

3506 225 3612 281 288

352 326 567 380 biorum
610 326 772 396 liber;
800 326 1089 396 Coheleth,
1131 329 1234 385 hoc
1266 340 1351 386 est
1389 329 1920 400 Ecclesiastes;Sir-

2029 338 2255 408 σιαστής
2280 354 2294 370 ⁸
2325 337 2739 410 Σιρασισείν,τδ
2760 335 2949 413 ’ᾼσμα
2978 340 3089 394 τῶν
3114 338 3379 412 ᾀσμάτων
3396 356 3409 370 ·
3436 337 3612 393 Δαθα-

351 418 865 483 hassirirn,Cantica
885 422 1225 478 canticorum
1247 423 1687 492 ;Dathariasara,
1713 427 1817 483 hoc
1842 438 1920 485 est

2032 428 2292 501 ριασαρὰ,
2305 434 2368 484 τὸ
2392 431 2795 505 Δωδεκαπρὸφη
2804 450 2890 503 τον
2909 453 2922 466 ο
2940 435 3196 506 Δησαῖου,
3214 433 3309 488 τοῦ
3330 435 3609 506 προςήτου

351 525 427 564 xu
452 508 771 582 Prophette;
799 512 966 569 Isaias
988 515 1274 585 propheta,
1308 514 1631 583 Hieremias,
1655 517 1927 586 Ezechiel,

350 600 565 671 Daniel,
598 603 737 661 liber
758 605 971 676 primus
1007 604 1215 673 Esdraz,
1247 608 1390 664 liber
1416 611 1693 669 secundus
1720 611 1927 677 Esdm,

350 694 569 753 Esther.
601 696 667 753 Hi
712 705 843 753 sunt
881 708 1087 769 septem
1118 709 1174 755 et
1203 701 1395 771 viginti
1446 703 1613 761 libri:
1661 704 1756 776 qui
1801 710 1928 761 curn

350 788 943 847 numero.litterarum
999 803 1388 862 exaequantur,
1441 795 1639 854 litteris
1685 797 1929 868 quinque

349 882 663 952 geminatis,
699 891 759 937 ut
805 899 975 955 supra
1009 888 1346 944 monuimus.
1384 889 1482 946 Est
1528 901 1583 947 et
1623 893 1764 949 alius
1801 895 1926 965 qui-

348 974 474 1028 dam
506 976 736 1047 exiguus
778 976 935 1041 liber,
967 978 1060 1049 qui
1094 978 1294 1034 Cinoth
1339 981 1687 1051 inscribitur,
1717 985 1819 1041 hoc
1846 997 1929 1042 est

344 1067 793 1125 Lamentationes
861 1070 1175 1139 Hieremiae,
1241 1074 1335 1144 qui
1419 1083 1575 1130 extra
1636 1093 1923 1134 numerum

343 1160 415 1217 ad
448 1159 779 1216 Hieremiam
807 1162 1140 1234 adjungitur.
1171 1163 1440 1220 Caeterum
1465 1167 1658 1237 viginti
1690 1168 1925 1224 duorum

344 1256 452 1310 iste
486 1270 749 1311 numerus
784 1256 987 1326 ubique
1030 1258 1325 1328 reperitur,
1364 1274 1428 1314 ac
1463 1259 1699 1316 diversis
1738 1261 1795 1315 in
1838 1276 1925 1317 re-

344 1346 451 1401 bus
472 1347 740 1410 cernitur,
766 1348 917 1403 velut
940 1351 996 1404 in
1026 1349 1217 1420 viginti
1241 1350 1458 1406 duobus
1487 1352 1768 1423 operibus,
1802 1368 1925 1424 qua:

345 1438 493 1492 Deus
519 1454 612 1493 sex
656 1439 766 1494 illis
812 1439 1029 1504 diebus,
1066 1442 1159 1511 qui
1194 1444 1249 1498 in
1283 1444 1471 1499 mundi
1514 1443 1922 1501 fabricationem

344 1530 608 1601 insumpti
653 1542 811 1599 sunt,
851 1532 1193 1599 elaboravit;
1226 1542 1342 1589 tum
1389 1535 1445 1590 in
1479 1536 1668 1607 viginti
1710 1536 1923 1592 duabus

345 1608 814 1696 generationibus,
846 1640 968 1695 quae
999 1626 1067 1681 ab
1104 1624 1316 1681 Adamo
1346 1626 1414 1681 ad
1447 1628 1702 1684 lsraelem
1749 1628 1921 1684 inter-

2042 518 2263 573 Ἡσαΐου
2282 536 2295 550 ·
2319 520 2626 591 Διερεμίου,
2645 523 2679 592 ὴ
2701 521 2793 575 τοῦ
2818 522 3084 594 Ἱερεμίου
3103 540 3117 554 ·
3135 522 3437 597 Διεζεκιὴλ,
3458 524 3490 594 ἡ
3511 521 3607 575 τοῦ

2028 609 2321 684 Ἰεζεκιήλο
2347 612 2681 685 Διδανιὴλ,ὴ
2718 614 2809 668 τοῦ
2862 614 3065 687 Δανιήλ
3088 633 3102 647 ο
3136 615 3415 686 Διδέσδρα,
3438 616 3473 682 ἡ
3509 613 3606 667 τοῦ

2029 698 2238 772 Ἐσδρα
2278 698 2504 772 πρώτη·
2549 701 2829 774 Διδέσδρα,
2862 705 2896 774 ἡ
2952 702 3048 757 τοῦ
3081 703 3289 773 Ἐσδρα
3331 701 3561 771 δευτέρα
3588 716 3603 729 ·

2025 790 2260 863 Δεσθὴρ,
2289 793 2324 864 ἡ
2364 792 2464 863 τῆς
2513 792 2736 867 Ἐσθήρο
2764 788 2936 849 Αῦται
2976 794 3035 849 δὲ
3074 795 3132 848 αἰ
3180 793 3494 848 εἰκοσιεπτά
3525 792 3604 863 βί-

2025 882 2145 938 ϐλοι
2187 883 2270 955 κβ¹
2309 885 2667 957 ἀριθμοῦνται
2710 886 2851 941 κατὰ
2904 887 2997 942 τὸν
3039 886 3272 959 ἀριθμὸν
3315 885 3424 940 τῶν
3456 901 3606 939 στοι-

2025 978 2210 1049 χείων,
2248 979 2551 1052 ἐπειδήπερ
2599 982 2694 1034 καὶ
2744 980 2906 1035 πέντε
2959 984 3198 1051 στοιχεῖα
3250 978 3595 1049 διπλοῦνται,

2026 1076 2211 1138 καθὼς
2244 1077 2358 1135 ἄνω
2406 1078 2766 1151 προείπομεν.
2809 1079 2964 1132 Ἔστι
3002 1078 3059 1132 δὲ
3112 1078 3207 1134 καὶ
3254 1077 3389 1146 άλλη
3427 1082 3603 1147 μικρὰ

2027 1169 2229 1239 βίϐλος,
2258 1169 2295 1241 ἢ
2332 1168 2575 1223 καλεῖται
2596 1169 2798 1229 Κινὼθ,
2825 1170 2949 1239 ἥτις
2987 1168 3351 1241 ἑρμηνεύεται
3394 1167 3605 1238 Θρῆνος

2035 1264 2321 1335 Ἰερεμίου.
2366 1263 2512 1335 Αῦτη
2560 1263 2617 1317 δὲ
2664 1261 2744 1335 τῷ
2797 1264 3039 1335 Ἱερεμίᾳ
3090 1263 3442 1325 συνάπτεται,
3477 1260 3602 1331 ητις

2024 1356 2143 1410 ἐστί
2197 1355 2433 1427 περισσὴ
2480 1353 2576 1408 τοῦ
2630 1354 2867 1426 ἀριθμοῦ
2920 1355 3016 1409 καί
3054 1354 3141 1426 τῷ
3187 1353 3426 1426 Ἱερεμίᾳ
3478 1367 3600 1405 συν-

2024 1446 2323 1517 απτομένη.
2349 1438 2509 1500 Οὗτοι
2547 1446 2598 1498 οἰ
2626 1443 2893 1498 εἰκοσιδύο
2936 1444 3162 1518 ἀριθμοὶ
3202 1441 3480 1513 πανταχοῦ
3510 1440 3603 1493 εύ-

2025 1538 2358 1610 ρισκόμενοι,
2388 1537 2485 1591 καὶ
2526 1537 2585 1591 εν
2624 1536 2905 1609 διαφόροις
2943 1536 3141 1590 εἴδεσιν
3185 1533 3597 1607 ἀριθμούμενοι,

2024 1628 2082 1683 ιν
2102 1646 2162 1682 τε
2197 1631 2311 1691 τοῖς
2342 1625 2609 1681 εἰκοσιδύο
2649 1625 2850 1697 ἔργοις,
2884 1620 2967 1689 οἷς
3011 1626 3265 1701 ὶποίησεν
3309 1628 3339 1678 ὁ
3378 1624 3509 1688 Θεδς
3541 1626 3599 1677 ὲν

344 1714 570 1769 cedunt.
606 1712 739 1769 Item
788 1715 844 1770 in
897 1718 1092 1787 viginti
1152 1717 1369 1774 duabus
1410 1718 1611 1773 litteris
1654 1720 1723 1775 ab
1764 1719 1920 1790 aleph

2023 1724 2142 1784 ταῖς
2174 1720 2234 1785 ἒξ
2273 1720 2508 1792 ἡμέραις
2537 1719 2637 1790 τῆς
2666 1719 3053 1790 κοσμοποιίας,
3094 1717 3189 1773 καὶ
3231 1720 3293 1773 ὲν
3335 1717 3600 1775 εἰκοσιδύο

344 1806 413 1860 ad
441 1806 595 1860 thau.
642 1805 929 1862 Postremo
963 1808 1018 1862 in
1052 1808 1269 1864 duobus
1296 1816 1351 1863 et
1383 1809 1575 1881 viginti
1620 1809 1799 1874 libris,
1826 1810 1921 1881 qui

343 1896 415 1954 ab
452 1894 650 1952 Genesi
681 1896 749 1951 ad
783 1896 985 1955 Esther
1014 1914 1193 1970 usque
1232 1909 1553 1957 censentur.
1594 1899 1672 1955 Ita
1703 1902 1920 1959 modius

341 2002 603 2044 mensura
631 1990 792 2047 nobis
818 1997 903 2047 est
943 1993 1314 2048 sextariorum
1347 1992 1583 2049 duorum
1619 2002 1674 2050 et
1707 1995 1917 2067 viginti.

343 2082 517 2149 Quem
541 2082 755 2140 Hebraei
777 2085 936 2141 mode
967 2094 1184 2149 vocant,
1215 2086 1764 2160 Graeclexpeditioris
1793 2104 1920 2159 pro-

343 2174 707 2232 nuntiationis
736 2178 935 2249 gratia,
966 2179 1168 2234 modia.
1196 2179 1346 2235 Idem
1376 2188 1430 2235 et
1455 2180 1597 2251 apud
1630 2180 1920 2252 Egyptios

344 2282 544 2327 nomen
579 2277 695 2334 est;
744 2269 841 2325 sed
870 2278 925 2325 et
958 2269 1104 2341 Syri,
1144 2278 1199 2326 et
1228 2271 1439 2328 Arabes
1467 2272 1648 2327 modia
1696 2281 1917 2336 vocant,

344 2362 493 2439 quod
540 2360 922 2438 confessionem
968 2362 1259 2434 signiﬁcat.
1297 2364 1453 2434 181
1489 2362 1625 2418 Nam
1660 2364 1919 2435 impletus

344 2450 564 2506 modius
584 2452 804 2521 plenum
835 2467 896 2510 se
924 2467 1047 2509 esse
1071 2452 1388 2514 conﬁtetur.
1413 2453 1557 2511 ldem
1584 2461 1639 2511 et
1667 2453 1917 2510 Gnomon

345 2540 668 2621 appellatur.

414 2828 605 2892 XXIV.
644 2830 913 2889 Caeterum
947 2849 1211 2892 numerus
1254 2835 1345 2891 ille
1380 2834 1614 2890 duorum
1688 2849 1945 2909 operum.

342 2932 397 2991 ct
419 2922 633 2995 viginti,
670 2938 791 2995 quae
836 2922 980 2981 Deus
1016 2926 1173 2982 initio
1202 2926 1425 2982 molitus
1455 2934 1561 2993 est,
1602 2935 1719 2982 tum
1754 2941 1919 2998 gene-

344 3017 617 3071 rationum
655 3018 897 3084 totidem,
926 3034 1049 3090 quae
1087 3019 1155 3075 ad
1196 3017 1462 3076 Jacobum
1510 3035 1684 3092 usque
1718 3034 1916 3092 propa-

342 3116 480 3183 gatae
526 3117 677 3186 sunt,
719 3119 773 3165 et
813 3110 1005 3180 viginti
1042 3110 1276 3172 duorum
1316 3113 1579 3169 librorum
1614 3112 1683 3167 ad
1724 3111 1919 3167 Esther

343 3216 539 3271 usque,
570 3215 632 3255 ac
656 3202 958 3263 litterarum
979 3202 1173 3275 viginti
1202 3204 1461 3270 duarum,
1483 3204 1684 3274 quibus
1714 3203 1809 3258 Dei
1833 3205 1918 3259 lex

342 3292 669 3362 consignata
720 3293 881 3348 nobis
925 3300 1033 3359 est,
1088 3310 1152 3349 ac
1206 3294 1304 3352 Dei
1346 3297 1585 3367 primum
1626 3294 1918 3355 informata

342 3381 615 3444 doctrina,
654 3380 788 3436 illud
818 3382 995 3453 ipsum
1027 3383 1339 3454 signiﬁcare
1362 3384 1595 3451 videtur,
1626 3393 1917 3441 venturum

342 3473 474 3531 olim
515 3472 819 3538 Christum,
866 3475 1004 3545 legis
1054 3476 1283 3547 ejusque
1332 3477 1719 3549 mysteriorum
1764 3478 1918 3534 testi-

341 3565 528 3627 monio
565 3565 902 3621 declaratum
950 3581 1093 3633 esse,
1127 3576 1291 3638 atque
1332 3569 1684 3639 patefactum.
1721 3569 1824 3637 Qui
1862 3570 1918 3625 in

340 3658 491 3713 hunc
536 3657 799 3725 mundum
854 3660 1079 3719 veniens
1125 3660 1249 3715 vitae
1297 3661 1455 3721 nobis
1500 3675 1813 3717 mensuram
1864 3660 1919 3715 in

340 3749 639 3821 Evangelio
677 3766 771 3831 per
802 3751 1044 3807 modium
1074 3751 1338 3823 implevit,
1368 3752 1472 3807 hoc
1500 3759 1584 3809 est
1615 3751 1919 3808 confessioo

338 3857 488 3913 nem,
522 3850 576 3897 et
623 3842 690 3898 iis
722 3843 1003 3908 omnibus,
1036 3844 1129 3920 qui
1170 3844 1318 3899 illius
1360 3843 1520 3899 ﬁdem
1568 3844 1916 3915 proﬁtentur,

340 3949 405 3988 ac
433 3934 597 3989 vitam
624 3934 744 4005 ejus
760 3935 1023 3992 beneﬁcio
1036 3944 1470 4006 consequuntur.
1496 3934 1669 4001 Quam
1694 3935 1764 3990 ob
1790 3950 1919 3990 cau-

338 4043 457 4085 sam
497 4044 768 4085 mensura:
796 4045 969 4101 genus
1012 4037 1266 4084 sanctum
1306 4029 1375 4084 ab
1418 4027 1662 4084 Hebraeis
1691 4028 1917 4093 dicitur,

338 4119 487 4191 quod
517 4134 581 4175 ex
613 4121 795 4177 allatis
825 4120 1133 4176 rationibus
1168 4121 1308 4176 duos
1334 4130 1389 4176 et
1418 4120 1610 4192 viginti
1645 4120 1919 4181 sextarios

338 4200 507 4284 capit.
534 4210 670 4281 Nam
704 4212 976 4286 pleraeque
1009 4220 1199 4291 gentes
1234 4212 1300 4266 ad
1335 4226 1455 4266 eam
1489 4225 1801 4267 mensuram
1824 4209 1919 4264 ad—

336 4303 597 4371 diderunt
636 4302 866 4371 aliquid,
896 4302 982 4356 vel
1010 4303 1061 4356 ei
1088 4303 1469 4364 detraxerunt,
1495 4317 1618 4356 cum
1650 4302 1792 4372 apud
1816 4299 1920 4355 He-

2023 1814 2237 1883 γενεαῖς
2281 1812 2390 1866 ἀπὸ
2444 1810 2616 1882 Ἀδὰμ
2658 1811 2786 1882 ἄχρι
2820 1809 2922 1863 τοῦ
2958 1809 3209 1882 Ἰσραὴλ,
3257 1810 3353 1864 καὶ
3383 1810 3441 1863 ὲν
3484 1810 3596 1871 τοῖς

2022 1900 2289 1957 εἰκοσιδύο
2325 1899 2611 1971 στοιχείοις
2641 1899 2753 1955 τῶν
2789 1900 3136 1970 γραμμάτων
3174 1899 3283 1953 ἀπὸ
3324 1898 3419 1952 τοῦ
3458 1903 3596 1965 ἅλεφ

2021 1994 2150 2065 ἄχρι
2202 1992 2299 2047 τοῦ
2351 1990 2477 2060 θαῦ,
2524 1992 2622 2047 καὶ
2668 1990 2727 2044 ἐν
2776 1993 2897 2055 ταῖς
2948 1989 3032 2062 κβ¹
3088 1990 3298 2062 βίϐλοις
3334 1989 3443 2042 άπὸ
3493 1990 3597 2059 τῆς

2021 2087 2292 2150 Γενέσεως
2320 2086 2449 2157 ἄχρι
2498 2084 2597 2155 τῆς
2631 2081 2853 2153 Ἐσθὴρ,
2885 2082 3083 2154 μέτρον
3110 2084 3241 2154 ἡμῖν
3264 2084 3282 2112 ¹
3325 2078 3596 2152 ’ἐγενήθη-

2024 2194 2123 2231 σαν
2167 2175 2251 2245 κβ’
2305 2174 2542 2240 ξέστων,
2571 2172 2600 2225 ὃ
2647 2171 2893 2225 καλεῖται
2943 2170 3072 2243 παρ’
3124 2171 3396 2242 Ἑϐραίοις
3438 2170 3595 2241 μόδη,

2021 2268 2152 2338 παρ’
2177 2266 2405 2337 Ἕλλησι
2449 2264 2508 2318 δὲ
2542 2263 2737 2335 μόδια,
2770 2263 2858 2318 διὰ
2901 2264 3001 2335 τὴν
3037 2263 3375 2334 τρανότηταο
3411 2279 3596 2333 παρα-

2022 2357 2267 2429 πλησίως
2302 2356 2357 2410 δὲ
2388 2355 2483 2409 καὶ
2524 2354 2812 2425 Αἰγύπτιοι
2864 2355 2965 2426 μέν
2990 2372 3076 2408 τοι
3106 2354 3268 2408 τοῦτο
3304 2352 3562 2408 καλοῦσιν
3581 2372 3597 2389 ·

2020 2446 2222 2519 ὁμοίως
2246 2446 2303 2500 δὲ
2341 2448 2434 2501 καὶ
2470 2447 2654 2518 Σύροι,
2710 2447 2807 2502 καὶ
2854 2447 3094 2518 ’Δραϐες
3131 2445 3288 2518 μόδια
3324 2445 3595 2515 λέγουσιν,

1932 2552 1933 2555 ‘
1976 2538 2051 2617 _6
2109 2539 2473 2611 ἑρμηνεύεται
2519 2539 2826 2608 ὁμολογία.
2884 2537 3203 2609 Πληρωθεὶς
3260 2537 3368 2608 γὰρ
3418 2538 3447 2590 ὁ
3498 2537 3598 2607 μό-

2019 2631 2131 2696 διος
2160 2629 2271 2699 (71)
2308 2631 2578 2702 ὁμολογεῖ,
2643 2631 2728 2684 ὅτι
2768 2628 3164 2701 Πεπλήρωμαι.
3222 2627 3483 2683 Καλετται
3540 2628 3597 2682 δὲ

2023 2724 2117 2776 καί
2146 2721 2402 2792 γνώμων.

2093 2833 2213 2892 ΚΔ’.
2247 2833 2337 2906 Τῷ
2363 2835 2419 2888 δὲ
2471 2835 2689 2907 ἀριθμῷ
2714 2836 2822 2889 τῶν
2869 2834 2952 2904 κβ⁹
2985 2834 3162 2906 ἔργων
3185 2833 3278 2887 τοῦ
3322 2832 3456 2887 Θεοῦ
3488 2832 3602 2885 τῶν

2019 2928 2312 2998 ἀπαρχῆς,
2369 2929 2465 2981 καὶ
2516 2927 2624 2982 τῶν
2687 2927 2793 2998 κβ’-⁴
2818 2929 3019 2995 γενεῶν
3071 2929 3177 2992 ἕως
3223 2926 3318 2980 τοῦ
3380 2925 3599 2986 Ἰακὼϐ,

2021 3021 2250 3075 καὶτῶν
2287 3020 2371 3091 κβ¹
2406 3020 2624 3091 βιϐλίων
2668 3021 2772 3084 ἕως
2803 3022 2904 3092 τῆς
2952 3020 3190 3091 Ἐσθὴρ,
3232 3021 3327 3073 καί
3369 3019 3459 3073 διὰ
3497 3020 3603 3088 τῆς

2021 3111 2105 3181 κβ¹
2128 3112 2469 3183 γραμμάτων
2503 3111 2842 3176 ὑποθέσεως,
2875 3111 2932 3178 ἐξ
2964 3104 3039 3166 ὧν
3082 3112 3111 3163 ό
3148 3111 3311 3181 νόμος
3340 3110 3433 3163 τοῦ
3462 3108 3601 3170 Θεοῦ

2019 3206 2177 3275 ἡμῶν
2207 3204 2482 3275 παρέστη,
2512 3205 2607 3258 καί
2642 3204 2776 3258 Θεοῦ
2822 3203 3137 3259 διδασκαλία
3166 3206 3300 3275 ἡμῖν
3340 3202 3603 3274 προτετύ-

2021 3312 2198 3348 πωται
2222 3335 2237 3359 ,
2280 3294 2438 3347 τοῦτο
2461 3293 2715 3363 δηλοῦται
2742 3336 2756 3359 ,
2787 3295 2868 3348 ὃτι
2897 3296 2961 3348 ὲκ
2994 3293 3089 3348 τοῦ
3126 3294 3295 3365 νόμου
3319 3332 3334 3357 ,
3371 3294 3464 3352 καὶ
3491 3292 3605 3346 τῶν

2021 3387 2078 3439 ὲν
2098 3384 2246 3456 αὐτῷ
2278 3385 2612 3457 μυστηρίων,
2639 3388 2667 3439 ὁ
2695 3385 2930 3457 Χριστὸς
2956 3388 3091 3456 ἡμῖν
3117 3385 3409 3457 ἐρχόμενος
3432 3387 3602 3456 ἐμαρ-

2020 3476 2228 3548 τυρήθη
2268 3476 2362 3529 καὶ
2390 3476 2771 3547 ἀπεκαλύφθη.
2813 3478 2910 3540 Ὃς
2939 3475 3109 3530 ἐλθὼν
3138 3478 3196 3530 ὲν
3228 3475 3308 3546 τῷ
3356 3458 3603 3544 Εὐαγγε-

2020 3564 2119 3636 λίῳ
2147 3564 2463 3636 ἐπλήρωσεν
2495 3566 2630 3634 ἡμῖν
2653 3565 2713 3618 τὸ
2738 3564 2931 3636 μέτρον
2953 3565 3053 3636 τῆς
3082 3565 3226 3636 ζωῆς
3257 3564 3347 3618 διὰ
3372 3564 3465 3617 τοῦ
3507 3582 3601 3635 μο-

2020 3659 2134 3713 δίου
2156 3698 2171 3721 ,
2206 3658 2475 3723 τουτέστι,
2531 3658 2633 3727 τῆς
2669 3656 2977 3728 ὁμολογίας,
3003 3658 3167 3712 παντὶ
3214 3656 3294 3728 τῷ
3332 3658 3411 3720 εἰς
3440 3656 3605 3711 αὐτὸν

2022 3752 2416 3822 ὁμολογήσαντι
2450 3750 2543 3804 καί
2579 3750 2676 3821 τὴν
2705 3749 2850 3821 ζωὴν
2870 3751 3000 3820 παρ’
3027 3748 3192 3803 αὐτοῦ
3222 3749 3599 3821 κομισαμένῳ.

2020 3845 2113 3897 Διὸ
2138 3842 2197 3897 τὸ
2231 3842 2428 3914 μέτρον
2452 3841 2512 3894 τὸ
2544 3842 2698 3910 ἅγιον
2734 3840 2973 3913 Ἑϐραῖοι
3004 3841 3251 3909 λέγουσιν
3272 3882 3285 3905 ,
3315 3842 3344 3894 ὅ
3375 3842 3491 3894 ἐστι
3518 3842 3601 3911 κβ’

2021 3936 2225 4004 ξέστων
2250 3977 2264 4002 ,
2303 3935 2445 3989 κατά
2486 3935 2613 3997 τοὺς
2642 3933 3092 4005 προειρημένους.
3134 3933 3326 3987 Πολλοὶ
3354 3934 3461 4005 γὰρ
3494 3934 3602 3986 τῶν

2020 4028 2195 4084 ἄλλων
2238 4027 2407 4082 ἐθνῶν
2462 4026 2494 4097 ἢ
2553 4026 2915 4097 προσέθεντο,
2969 4025 3002 4096 ἢ
3053 4024 3340 4095 ἀφείλαντο
3370 4025 3477 4079 ἀπὸ
3507 4024 3602 4078 τοῦ

2025 4120 2224 4193 μέτρου
2251 4119 2463 4176 τούτου.
2496 4116 2592 4172 τοῦ
2620 4116 2864 4191 ἀκριϐῶς
2891 4118 3024 4189 παρ’
3065 4116 3336 4187 Ἑϐραίοις
3364 4117 3602 4188 ἀριθμη-

2021 4210 2224 4274 θέντος.
2296 4208 2455 4262 Ἀλλὰ
2516 4209 2610 4261 καί
2679 4207 2830 4278 παρὰ
2902 4208 3194 4279 Ῥωμαίοις
3259 4207 3604 4279 συμϐέϐηκεν

2020 4302 2529 4373 δμοιοκαταλήκτως
2587 4300 2768 4371 μοδίου
2824 4300 3020 4372 μέτρον
3068 4301 3376 4365 καλεῖσθαι,
3415 4301 3603 4371 ὥσπερ

336 4393 516 4448 Βπωοε
568 4408 831 4447 numerus
867 4391 1279 4457 accuratissime
1325 4392 1430 4447 sibi
1491 4400 1723 4451 constet.
1776 4391 1917 4458 Quin

2024 4395 2154 4465 παρ’
2205 4392 2479 4464 Ἑϐραίοις
2532 4390 2594 4444 τὸ
2630 4389 2764 4460 άλεφ
2812 4391 2891 4462 τῷ
2946 4393 3145 4462 παιδίῳ
3191 4392 3252 4445 τὸ
3314 4390 3603 4463 μανθάνειν

336 4486 503 4539 etiam
548 4484 690 4554 apud
729 4482 1011 4538 Romanos
1044 4483 1272 4552 aequalis
1294 4498 1548 4539 mensura
1572 4485 1788 4541 modius
1818 4498 1917 4553 ap-

338 4576 594 4647 pellatur,
620 4574 1082 4646 quemadmodum
1121 4576 1264 4646 apud
1282 4573 1541 4640 Hebraeos
1564 4575 1720 4650 aleph
1740 4576 1918 4631 littera

338 4682 571 4747 puerum
603 4666 671 4722 ad
703 4666 1026 4726 discendum
1056 4667 1418 4737 adhortatur;
1458 4668 1546 4725 cui
1576 4667 1757 4723 simile
1795 4681 1920 4723 ver-

338 4761 470 4831 bum
521 4759 666 4830 apud
696 4759 916 4815 Graecos
954 4760 1144 4831 ἀλφείν
1174 4762 1486 4832 investigare
1514 4760 1807 4834 signiﬁcat.
1837 4760 1916 4815 Ex

339 4869 452 4924 quo
483 4851 833 4911 manifestum
865 4860 949 4910 est
977 4868 1165 4912 vocem
1196 4852 1338 4907 hanc
1376 4853 1535 4924 alpha
1584 4854 1638 4909 in
1668 4852 1914 4909 Graecam

341 4949 584 5018 linguam
628 4946 697 5001 ab
749 4944 1017 5001 Hebraica
1060 4960 1185 5001 esse
1232 4945 1578 5001 translatam.
1623 4944 1715 5000 Sic
1748 4945 1919 5016 igitur

341 5034 561 5107 modius
599 5036 668 5091 ab
693 5034 939 5092 Hebraeis
981 5035 1240 5111 proﬂuxit
1275 5055 1287 5089 :
1323 5035 1464 5123 apud
1491 5050 1629 5107 quos
1658 5035 1804 5092 idem
1834 5044 1918 5095 est

414 5252 430 5285 ⁸
459 5248 619 5305 Deest
651 5245 875 5316 aliquid.

414 5478 528 5546 (Ἡ)
587 5474 925 5546 Πληρωθείς
975 5473 1086 5542 γὰρ
1140 5474 1173 5526 ὀ
1239 5472 1471 5542 μόδιος.
1551 5469 1753 5546 Eadem
1835 5484 1923 5523 ra-

345 5540 755 5602 tion'c'nullum
782 5562 916 5617 _non
968 5540 1251 5617 mensura!
1294 5557 1474 5617 genus
1527 5540 1782 5617 modium
1825 5555 1922 5617 ap-

347 5619 547 5700 pellare
586 5617 731 5673 licet.
782 5615 916 5671 Nam
948 5612 1156 5671 nullam
1192 5611 1477 5685 est,'quod
1525 5627 1631 5667 non
1672 5611 1915 5682 perinde,

2026 4487 2283 4556 παραινεῖ
2310 4501 2323 4514 ’
2357 4484 2449 4536 καὶ
2480 4483 2609 4554 παρ’
2657 4482 2885 4553 Ἕλλησι
2917 4484 2977 4537 τὸ
3001 4485 3189 4553 άλφείν
3243 4483 3439 4552 ζητεῖν
3468 4501 3595 4553 συμ-

2026 4575 2226 4647 ϐέϐηκε
2261 4574 2561 4635 καλεῖσθαι.
2594 4572 2758 4628 Ὅθεν
2793 4575 3033 4646 δηλονότι
3081 4577 3175 4630 καί
3224 4576 3286 4629 τδ
3342 4576 3488 4645 ἄλφα
3544 4575 3605 4641 ἐξ

2036 4667 2313 4740 Ἐϐραΐδος
2367 4665 2687 4742 παρηνέχθη
2732 4672 2812 4735 εἰς
2865 4669 2961 4741 τὴν
3015 4668 3313 4740 Ἑλληνίδα.
3364 4668 3437 4721 Τὸ
3474 4668 3605 4735 γοῦν

2029 4759 2208 4829 μόδιον
2234 4799 2249 4824 ,
2302 4760 2378 4825 ὡς
2432 4765 2495 4817 ἐκ
2553 4765 2654 4835 τῆς
2700 4764 2978 4837 Ἐϐραΐδος
3032 4762 3267 4834 εὑρέθη,
3325 4758 3607 4830 ὁμολογεῖν

2027 4850 2243 4921 λεχθὲν,
2278 4853 2353 4917 ὡς
2386 4854 2645 4921 πολλάκις
2673 4853 2825 4911 εἶπον
2851 4895 2865 4920 ,
2900 4854 2987 4908 διὰ
3024 4854 3126 4923 τῆς
3155 4854 3404 4924 χρήσεως
3427 4852 3602 4922 έρμτΓ

2025 4943 2331 5015 νευόμενον.
2377 4947 2441 5000 Εἰ
2483 4948 2557 5019 μὴ
2610 4949 2718 5020 γὰρ
2750 4948 2912 5003 αὑτὸν
2942 4946 3331 5018 πληρεστάτως
3357 4942 3604 5014 γεμίσειέ

2023 5052 2110 5100 τις
2134 5077 2150 5104 ,
2185 5037 2282 5107 οὐχ
2318 5038 2601 5113 ὁμολογεῖ,
2656 5041 2737 5094 ὅτι
2766 5039 3161 5111 Πεπλήρωμαι.
3190 5037 3409 5109 Πλήσας
3459 5034 3516 5089 δὲ
3541 5033 3605 5095 τδ

2032 5484 2155 5523 cum
2198 5467 2487 5539 impletum,
2516 5466 2603 5530 sit,
2618 5466 2849 5539 plenum
2874 5479 2931 5519 se
2972 5475 3095 5539 esse
3128 5459 3385 5539 fateatur.
3422 5453 3599 5539 lsido:

2032 5555 2128 5594 rus
2171 5525 2333 5593 alia'm
2370 5538 2524 5592 vocis
2561 5525 2943 5605 etymologiam
2999 5532 3175 5597 allert,
3225 5529 3296 5585 ab
3339 5542 3406 5584 eo
3452 5525 3599 5597 quod

2029 5611 2099 5666 sit
2134 5625 2234 5664 suo
2266 5609 2425 5664 modo
2459 5606 2752 5678 perfectus.
