4034 6216
489 383 596 441 983

1900 375 1955 432 S.
1999 375 2338 430 EPlPllANil

3641 375 3751 432 εει

493 498 704 552 decima
747 513 893 567 pars,
943 512 1062 568 qua:
1105 495 1372 553 sextarios
1423 501 1658 567 septem,
1708 504 1760 552 et
1809 495 2112 567 quintami

2204 497 2410 550 ουτέστι
2453 495 2552 569 τῆς
2578 495 2851 570 amas“,
2880 497 2910 551 ὃ
2960 497 3167 567 γίνεται
3203 495 3360 552 ἑπτὰ·
3398 496 3600 563 ξέστων
3643 496 3748 550 καὶ

496 583 662 636 unius
689 592 894 653 partem
927 585 1190 638 continet.

569 672 696 727 Tria
739 675 978 727 canistra
1017 673 1458 739 chundritarum,
1493 675 1610 730 sive
1648 689 1851 744 panum
1899 675 2072 727 alica-

500 764 705 818 riorum
736 778 862 818 vasa
889 771 1037 827 sunt,
1066 765 1264 833 quibus
1287 763 1584 818 cliondritre
1603 765 1679 818 illi
1702 772 2069 834 reponuntur,

499 855 643 926 quod
673 860 754 909 est
794 868 964 923 genus
994 855 1171 923 panis,
1197 855 1290 923 qui
1325 853 1578 908 bifariam
1609 853 1893 907 dividitur.

574 943 740 997 Nebel
768 945 879 998 vini
912 944 1027 1000 sive
1052 952 1172 999 uter
1197 944 1468 1000 sextarios
1489 944 1636 1015 capit
1659 952 1880 1000 centum
1911 944 2073 1014 quin-

499 1035 784 1104 quaginta.

570 1125 761 1181 Salum
791 1124 1055 1180 sextarios
1080 1139 1192 1178 va.

570 1217 923 1270 Alabastrum
957 1195 1242 1286 unguenti,
1267 1217 1502 1286 ampulla
1533 1225 1617 1272 est
1645 1215 1840 1283 vitrea,
1865 1230 1987 1286 quae
2014 1215 2080 1270 li-

499 1306 656 1361 bram
684 1307 788 1361 olei
835 1307 1018 1376 capit;
1053 1315 1246 1376 estque
1284 1308 1495 1363 dimidii
1527 1309 1754 1364 sextarii
1793 1323 2075 1364 mensura.

505 1398 779 1453 Alabastri
809 1413 972 1469 porro
993 1413 1192 1453 nomen
1227 1413 1257 1452 a
1283 1397 1577 1470 fragilitate
1615 1399 1840 1469 reperit.

575 1576 900 1646 Campsaces
926 1591 1078 1646 aquae
1109 1593 1186 1632 xu
1219 1578 1385 1633 habet
1416 1578 1720 1646 sextarios;
1745 1588 1799 1632 at
1825 1577 1913 1633 ille
1933 1591 2082 1632 cam-

507 1684 720 1739 psaces,
761 1670 853 1740 qui
892 1668 1023 1724 Elia:
1062 1681 1396 1741 praeparatus
1434 1677 1537 1738 est,
1573 1669 1938 1726 sextariorum
1964 1674 2084 1724 erat

509 1769 764 1828 quatuor.

576 1848 765 1920 Cotyla
796 1850 1080 1904 dimidium
1109 1850 1403 1908 sextarium
1431 1849 1698 1914 continet,
1744 1853 1802 1903 et
1828 1862 1858 1901 a
1893 1846 2081 1902 Graeca
2111 1823 2159 1882 Β

511 1956 644 1996 voce
675 1942 970 1995 κόπτεσθαι
1009 1958 1205 1998 nomen
1245 1943 1496 2008 sortitur,
1527 1956 1593 1996 eo
1617 1939 1764 2012 quod
1798 1940 2080 1995 sextarius

511 2033 651 2088 duas
679 2034 734 2088 in
764 2043 948 2102 partes
977 2044 1217 2089 secatur.

583 2119 826 2191 Cyathus
852 2123 1073 2176 sextarii
1099 2138 1226 2192 pars
1253 2131 1337 2177 est
1380 2129 1552 2177 sexta.
1585 2122 1758 2176 Porro
1798 2123 2087 2195 Scriptura

513 2213 738 2282 cyathos
765 2213 1067 2267 mededzoth
1101 2213 1364 2282 appellat;
1393 2210 1479 2266 uti
1511 2214 1841 2267 masmaroth
1870 2230 2084 2283 saccos,

515 2297 597 2353 vel
646 2298 764 2352 cola
809 2299 1074 2354 nominat.
1119 2298 1240 2365 Quo
1267 2299 1458 2354 eodem
1509 2300 1731 2353 nomine
1779 2301 2090 2370 promiscue

517 2394 767 2450 utuntur,
818 2402 942 2441 cum
975 2387 1225 2442 eumdem
1277 2404 1436 2442 usum
1500 2396 1556 2443 et
1609 2397 1935 2458 potestatem
1995 2391 2093 2445 ha-

519 2477 701 2531 beant.
717 2477 726 2532 .’

590 2574 819 2630 Catinus
851 2589 948 2630 vas
981 2582 1063 2630 est
1091 2574 1160 2628 ad
1186 2589 1374 2629 eorum
1403 2589 1658 2629 vasorum
1686 2573 1945 2640 formam,
1973 2576 2094 2646 qui-

527 2662 629 2715 bus
670 2662 736 2716 ad
768 2661 1029 2716 intinctus
1058 2660 1281 2725 utimur,
1312 2677 1432 2730 quae
1461 2671 1515 2717 et
1547 2664 1796 2733 paropsis
1844 2673 2093 2733 vocatur,

523 2753 875 2822 continctque
928 2755 1150 2808 sextarii
1185 2753 1500 2808 dimidium.
1533 2754 1819 2813 Sextarius
1854 2755 2095 2812 Alexan-

525 2846 717 2901 drinus
755 2846 892 2902 duas
924 2847 1029 2900 olei
1065 2846 1234 2900 libras
1263 2848 1426 2914 capit.

597 2935 938 3006 Aporrhyma
975 2935 1116 3007 apud
1158 2937 1305 2991 ειιιοε
1331 2934 1621 2992 Thebanos
1665 2937 1717 2991 in
1748 2953 1852 2994 usu
1897 2945 2003 3000 est,
2044 2943 2100 2991 et

528 3022 732 3079 Saitico
766 3023 997 3078 dimidio
1059 3023 1238 3078 minor
1293 3033 1394 3078 est.
1437 3022 1612 3081 Verus
1671 3026 1816 3080 enim
1858 3023 2098 3080 Saiticus

521 3114 788 3169 sextarios
828 3113 974 3183 capit
1002 3129 1136 3167 xxii.

2175 587 2246 639 πέ
2254 604 2447 657 μπτον.

2244 677 2382 747 Τρία
2410 678 2550 731 κανᾶ
2569 676 2865 749 χονδριτῶν
2891 717 2906 741 ,
2941 677 3070 732 ἔνθα
3113 677 3336 732 εἰώθασι
3382 679 3501 732 τότε
3553 678 3748 732 ἀσωτία

2175 765 2361 820 θεσθαι
2402 769 2529 831 τοὺς
2559 767 2858 838 χονδρίτας,
2891 768 3046 822 Ἔστι
3090 769 3145 822 δὲ
3171 765 3308 832 εἶδος
3339 767 3506 841 ἄρτου
3531 770 3609 832 εἰς
3651 765 3751 822 δύο

2173 855 2528 928 τεμνομένου.

2244 948 2434 1004 Νέϐελ
2463 950 2631 1014 οἴνου,
2660 950 2798 1020 ὅπερ
2827 951 2944 1004 ἐστὶ
2979 950 3175 1022 μέτρον
3203 950 3406 1018 ξέστων
3433 955 3531 1022 ρν’.

2247 1123 2322 1176 Τὸ
2344 1123 2536 1177 σάτον
2559 1129 2645 1188 νς¹
2675 1123 2875 1188 ξέστων
2904 1123 3014 1193 (78)
3050 1124 3306 1194 ὑπάρχειν

2260 1213 2621 1286 Ἀλάϐαστρον
2651 1215 2822 1286 μύρου
2863 1215 3016 1285 (79),
3064 1214 3236 1284 βικίον
3287 1215 3384 1285 μὲν
3417 1213 3560 1266 ἐστιν
3604 1213 3754 1267 aen-

2179 1320 2288 1366 νον,
2321 1303 2529 1375 χωροῦν
2554 1304 2743 1376 λίτραν
2774 1304 2948 1357 ἔλαιον
2975 1305 2989 1334 ¹
3020 1320 3034 1336 ·
3065 1303 3128 1356 τὸ
3167 1304 3225 1357 δὲ
3273 1303 3468 1374 μέτρον
3504 1303 3620 1356 ἐστὶ
3660 1302 3750 1369 ξέ-

2181 1413 2306 1450 στου
2360 1398 2419 1450 τὺ
2463 1399 2652 1468 ἥμισυ.
2715 1398 3080 1469 Ἀλάόαστρον
3136 1398 3193 1452 δὲ
3241 1398 3500 1468 κέκληται
3550 1398 3638 1452 διὰ
3689 1400 3756 1452 τὸ

2180 1487 2503 1558 εὔθρυπτον.

2253 1578 2566 1650 Καμψάκης
2591 1577 2780 1640 ὓδατος
2801 1617 2816 1639 ,
2867 1577 2932 1648 ιβ’
2968 1577 3170 1644 ξέστων
3198 1575 3388 1641 ὕδατός
3425 1577 3540 1630 ἑστι
3567 1575 3629 1629 τδ
3661 1575 3760 1645 μέ-

2182 1687 2328 1742 τρον.
2386 1671 2443 1724 '0
2484 1671 2541 1724 δὲ
2569 1669 2648 1740 τῷ
2705 1670 2860 1742 Ἠλίᾳ
2905 1668 3248 1740 ἑτοιμασθεὶς
3273 1669 3388 1740 (80)
3433 1667 3757 1740 καμψάκης,

2184 1760 2464 1832 τεσσάρων
2492 1762 2609 1814 ἐστὶ
2638 1761 2863 1827 ’ξέστων.
3356 1783 3362 1788 ·

2257 1852 2414 1906 Ἐστι
2453 1853 2514 1906 τὸ
2546 1852 2741 1924 μέτρον
2777 1851 2974 1920 κοτύλη
2999 1891 3016 1916 ,
3067 1851 3242 1920 ἥμισυ
3279 1851 3468 1918 ξέστου
3499 1849 3759 1923 ὑπάρχει,

2184 1943 2450 2016 κέκληται
2493 1943 2552 1996 δὲ
2603 1941 2799 2012 κοτύλη
2849 1940 2958 1995 ἀπὸ
3000 1938 3095 1993 τοῦ
3144 1940 3236 1996 τὸν
3289 1940 3484 2011 ξέστην
3543 1942 3623 2004 εἰς
3665 1941 3766 1995 δύο

2184 2031 2501 2087 κόπτεσθαι.

2257 2123 2508 2190 Κύαθος,
2565 2121 2711 2176 ἔστιν
2761 2121 2920 2176 Ξκτον
2973 2122 3159 2188 ξέστου
3196 2121 3335 2192 (81).
3375 2119 3655 2176 Medum
3707 2119 3767 2174 δὲ

2186 2213 2333 2282 λέγει
2358 2212 2470 2284 (82)
2511 2213 2636 2276 τοὺς
2676 2212 2912 2277 κυάθους
2937 2216 2970 2285 ἡ
3000 2214 3212 2285 Γραφή.
3244 2212 3326 2266 Τὰ
3349 2212 3407 2266 δὲ
3433 2209 3768 2282 μασμαρᾶκὶ

2189 2304 2336 2372 λέγει
2361 2305 2488 2366 τοὺς
2530 2303 2914 2375 διῡλιστῆρας,
2944 2303 3038 2368 οὒς
3074 2304 3172 2357 καὶ
3214 2302 3425 2373 ἠθμοὺς
3468 2303 3765 2372 καλοῦμεν.

2191 2394 2284 2466 Τῷ
2325 2394 2471 2465 αὑτῷ
2494 2395 2551 2448 δὲ
2583 2395 2808 2465 ὀνόματι
2853 2395 3136 2465 ἀμφότερα
3162 2393 3493 2465 κέχρηνται,
3528 2393 3652 2448 ἐπεὶ
3675 2395 3771 2448 καὶ

2192 2484 2290 2557 τὴν
2316 2483 2484 2554 αὐτὴν
2508 2484 2788 2555 ἐνέργειαν
2811 2483 3018 2555 έχουσι.

2266 2574 2552 2646 Τρυϐλιον,
2582 2574 2854 2644 ὀψοδαφόν
2908 2575 3023 2628 ἐστι
3062 2573 3165 2642 τὴν
3199 2573 3434 2633 πλάσιν,
3463 2571 3584 2642 ἤτοι
3626 2587 3771 2641 παρ-

2195 2665 2354 2736 οψὶς,
2391 2667 2563 2737 ἥμισυ
2591 2666 2649 2718 δὲ
2704 2664 2888 2728 ξέστου
2943 2664 3005 2717 τὸ
3061 2663 3256 2733 μέτρον
3309 2662 3441 2732 ἔχει.
3488 2661 3696 2732 Ξέστης
3744 2663 3774 2714 ὁ

2210 2756 2605 2827 Ἀλεξανδρινδς
2667 2755 2765 2814 δύο
2831 2752 3030 2825 λιτρῶν
3098 2754 3256 2824 φέρει
3341 2749 3505 2824 ὁλκὴν
3567 2751 3625 2804 ὲν
3695 2750 3775 2821 τῷ

2199 2845 2382 2917 ἐλαίῳ.
2724 2842 2728 2846 ’

2283 2937 2600 3009 Ἀπόρῤυμα
2649 2935 2706 2990 δὲ
2753 2936 2901 3009 παρὰ
2941 2937 3125 3008 μόνοις
3161 2935 3415 3007 Θηϐαίοις
3473 2936 3777 3004 μετρεῖται,

2201 3030 2372 3100 ἥμισυ
2409 3029 2518 3099 γὰρ
2546 3028 2641 3081 τοῦ
2674 3029 2867 3083 Σαΐτου
2901 3029 3067 3084 ἐστίν.
3120 3028 3179 3081 '0
3205 3028 3263 3080 δὲ
3294 3024 3545 3096 ἀληθινὸς
3575 3023 3778 3092 Σαΐτης

2207 3115 2410 3182 ξέστων
2437 3115 2584 3169 ἐστὶν
2611 3116 2716 3186 κβθ.

600 3204 825 3261 Sabitha
856 3205 1080 3276 Syriaca
1114 3220 1218 3260 vox
1251 3213 1359 3271 est,
1392 3205 1540 3276 quod
1573 3206 1850 3276 capulum,
1878 3205 1985 3260 hoc
2016 3212 2100 3260 est

2274 3205 2490 3261 Σαϐιθὰ
2517 3222 2530 3238 ·
2563 3205 2721 3260 τοῦτο
2741 3207 3060 3277 Συριατικόν
3087 3208 3202 3261 ἐστι
3233 3204 3295 3260 τὸ
3325 3205 3516 3276 ὄνομα,
3546 3204 3574 3258 ὃ
3603 3204 3781 3276 ἑρμη-

531 3307 627 3347 vas
655 3291 724 3345 ad
758 3292 1011 3358 deplenda
1043 3293 1332 3346 toriularia
1363 3295 1712 3363 interpretari
1752 3293 1955 3362 possis,
1990 3300 2105 3346 esto

532 3398 640 3453 que
675 3383 1038 3437 sextariorum
1069 3383 1212 3453 apud
1235 3383 1583 3439 Ascalonitas
1619 3384 1808 3454 viginti
1840 3383 2098 3438 duorum.

607 3472 674 3528 1η
717 3473 893 3543 majus
949 3474 1220 3529 sextarios
1275 3473 1424 3545 capit
1475 3474 1778 3530 octodecim
1824 3493 1838 3530 :
1883 3489 2108 3532 sacrum

541 3579 669 3620 vero
698 3566 965 3620 sextarios
1000 3580 1075 3620 ix.

603 3655 842 3726 Congius
853 3656 1116 3711 sextarios
1135 3655 1295 3710 habet
1323 3661 1468 3720 octo,
1503 3662 1556 3710 at
1579 3656 1672 3726 qui
1695 3671 1850 3712 sacer
1881 3655 2107 3725 dicitur,

539 3746 802 3801 sextarios
834 3761 950 3810 sex,
974 3761 1094 3816 quae
1122 3755 1206 3801 est
1231 3745 1551 3802 duodecima
1576 3755 1818 3804 metretae
1853 3763 2004 3820 pars.

610 3901 631 3933 ¹
657 3901 717 3958 C.
750 3901 950 3958 ἐλαίου.
1027 3905 1048 3936 ⁸
1072 3903 1204 3976 Reg.
1237 3903 1544 3976 λημνιαῖον.

542 4030 682 4101 7115
709 4030 863 4097 Quod
884 4047 1007 4088 cum
1038 4048 1166 4089 vere
1182 4033 1251 4090 ab
1269 4033 1362 4089 illo
1398 4031 1681 4087 deﬁnitum
1713 4031 1898 4098 fuerit,
1924 4033 1993 4088 ab
2021 4033 2112 4100 iis,

539 4115 660 4226 gum
692 4102 853 4171 paulo
901 4113 1026 4158 ante
1079 4112 1391 4159 constanter
1439 4113 1754 4168 asseverat,
1787 4119 2116 4174 magnopere

582 4173 828 4226 issentit:
859 4189 982 4226 nam
1011 4189 1198 4226 corum
1223 4214 1239 4226 .
1269 4175 1361 4226 nui
1397 4181 1481 4226 est
1508 4175 1732 4226 cbomer
1753 4215 1771 4226 .
1805 4173 2113 4226 modiorum

582 4173 828 4244 issentit:
859 4189 982 4227 nam
1011 4189 1198 4228 corum
1223 4214 1239 4237 ,
1269 4175 1361 4244 qui
1397 4181 1481 4229 est
1508 4175 1732 4229 cbomer
1753 4215 1771 4240 ,
1805 4173 2113 4228 modiorum

539 4257 662 4297 esse
690 4242 950 4297 docuerat
979 4259 1086 4296 xxx
1114 4262 1127 4300 :
1155 4242 1335 4299 modio
1364 4259 1495 4298 vero
1521 4245 1789 4298 sextarios
1820 4243 2114 4300 inmutave-

542 4319 629 4364 rat
657 4327 790 4366 xvn.
839 4312 919 4365 Ita
975 4327 1139 4366 corus
1197 4314 1450 4368 sextariis
1508 4313 1784 4368 constabit
1816 4311 1941 4366 510.
1991 4311 2116 4366 .Iam

540 4394 672 4450 vero
719 4380 933 4450 balbus,
986 4381 1079 4449 qui
1108 4383 1232 4450 ephi
1266 4383 1548 4435 aridorum
1575 4396 1847 4437 mensura:
1885 4395 2116 4449 respon-

543 4449 636 4519 d_e_t
658 4486 672 4511 ,
693 4448 916 4519 decima
947 4448 1074 4519 pars
1101 4448 1184 4504 est
1221 4451 1335 4503 cori
1362 4468 1375 4504 :
1407 4463 1596 4519 gomor
1629 4451 1840 4504 decima
1869 4448 1994 4517 pars
2020 4450 2118 4502 ba-

2206 3296 2420 3350 νεύεται
2467 3295 2745 3365 ληνιαῖον
2768 3299 2789 3330 ²
2822 3297 3120 3368 ἄντλημα,
3172 3294 3323 3367 παρὰ
3362 3292 3783 3355 Ἀσκαλωνίταις

2210 3386 2417 3454 ξέστων
2448 3387 2556 3458 κβ’.

2282 3479 2365 3533 Ἰν
2389 3497 2404 3512 ο
2439 3480 2502 3532 τὸ
2527 3479 2580 3533 ἲν
2607 3478 2750 3550 μέγα
2763 3478 2896 3551 (85),
2931 3477 3132 3544 ξέστων
3166 3479 3314 3532 ἐστὶν
3336 3482 3406 3548 ιη’
3424 3495 3437 3508 ·
3458 3476 3521 3531 τὸ
3548 3477 3604 3530 δὲ
3628 3475 3784 3545 ἅγιον

2207 3569 2282 3634 ἳν,
2315 3569 2515 3635 ξέστων
2544 3569 2613 3625 θ’.

2280 3661 2464 3726 Χοῦς,
2501 3660 2617 3714 ἐστι
2677 3660 2878 3726 ξέστων
2929 3667 2978 3733 η’
3027 3660 3177 3732 (84)·
3227 3659 3290 3713 τὸ
3340 3659 3399 3713 δὲ
3451 3658 3788 3729 καλούμενον

2212 3753 2366 3824 ἅγιον
2385 3792 2401 3820 ,
2436 3752 2637 3819 ξέστων
2669 3755 2744 3821 ς’,
2770 3755 2799 3809 ὃ
2829 3753 2946 3807 ἐστι
2977 3751 3279 3827 δωδέκατον
3315 3748 3620 3824 μετρητοῶ

2213 4036 2682 4108 εῙυεὰεῐηγηυοιιιε
2707 4042 2879 4108 parte.
2904 4033 3083 4101 Quare
3105 4031 3440 4108 cum‘mpdlo
3460 4045 3570 4108 xvn
3605 4042 3791 4087 sexta-

2215 4103 2326 4162 rios
2360 4103 2638 4169 attribuat,
2661 4103 2821 4160 erunt
2840 4106 2894 4159 in
2912 4112 3031 4159 sato
3046 4103 3268 4160 sextarii
3300 4103 3363 4156 21
3396 4103 3505 4171 5,4,
3538 4109 3596 4155 ut
3629 4111 3792 4157 antea

2215 4178 2474 4232 diximus.
2515 4177 2584 4229 At
2612 4173 2912 4230 secundum
2955 4187 3297 4228 communem
3341 4187 3520 4234 usuin,
3551 4171 3643 4240 qui
3676 4187 3793 4226 mo-

2216 4247 2307 4302 dio
2356 4247 2630 4303 sextarios
2678 4245 2918 4315 assignat
2951 4259 3076 4311 xvi,
3127 4249 3289 4296 erunt
3341 4242 3397 4295 in
3443 4248 3565 4295 sato
3609 4247 3791 4297 sexta-

2217 4333 2285 4370 l'll
2327 4332 2479 4370 XXIV.

2289 4384 2401 4455 (79)
2459 4383 2864 4455 ΪΑλάϐαστρον
2917 4382 3150 4455 μύρου..
3171 4379 3521 4455 Αιεψοειτυιη
3573 4395 3642 4435 ex
3691 4381 3793 4455 sui

2287 4448 2432 4507 neris
2461 4453 2672 4522 lapide.
2702 4448 2810 4508 non
2852 4448 3179 4522 ex'vitro_ﬁt
3205 4468 3216 4502 :
3239 4449 3443 4522 _th£ov_
3474 4450 3607 4522 item
3656 4450 3794 4522 alias

545 4516 667 4588 thi._
693 4515 860 4588 Igitur
890 4515 965 4588 ex'
987 4517 1272 4588 Epiplianii
1305 4515 1574 4573 sententia
1616 4519 1816 4574 batlius
1846 4515 2116 4573 sextarios
2146 4519 2192 4576 Ι)
2219 4515 2382 4577 lictile
2408 4515 2532 4583 vas,"
2557 4523 2693 4577 alias
2719 4523 2974 4578 vitreum.
3004 4520 3078 4575 De
3101 4519 3204 4573 hoc
3237 4517 3578 4584 Eustathius,
3615 4527 3671 4574 et
3699 4520 3795 4574 alii

546 4585 751 4658 colligit
780 4586 1006 4658 “(cui
1034 4585 1269 4658 quidem
1300 4589 1518 4643 nonnisi
1568 4604 1599 4643 ι.
1633 4587 1892 4658 tribuit),
1926 4603 2117 4658 gomor

548 4656 816 4729 sextarios
846 4656 1043 4726 51110.
1063 4656 1162 4711 Hic
1192 4667 1370 4729 autem
1398 4659 1458 4711 τὸ
1475 4659 1795 4729 γόμονβίνθ
1826 4656 2000 4729 γόμορ
2016 4657 2116 4711 ha-

546 4724 678 4803 bere
701 4734 852 4794 putat
867 4724 1133 4803 sextarios
1155 4729 1186 4781 7
1200 4729 1308 4797 l15.
1329 4724 1516 4803 Quaesi
1542 4724 1749 4783 centies
1768 4724 2113 4803 multiplices,
2141 4784 2180 4803 ,λ

547 4793 715 4870 flent:
735 4797 958 4850 sextarii
1016 4797 1156 4870 72ος
1207 4793 1363 4870 Δ(ᾑιιοιξ
1393 4798 1572 4869 reipsa
1628 4793 2114 4870 corus_continet.

552 4861 762 4938 Etenim
789 4881 951 4938 corus
989 4861 1389 4938 Amgdios'capit
1427 4861 1534 4922 non
1568 4885 1708 4934 xxx,
1742 4865 1835 4923 sed
1867 4883 1968 4921 va
1991 4907 2008 4933 ,
2059 4875 2122 4922 ut

553 4931 928 5014 Villalpandus
969 4931 1128 5014 docet
1154 4977 1170 5000 ,
1206 4931 1420 5014 modius
1464 4953 1627 5014 porro
1677 4931 1948 5014 sextarius
1987 4931 2118 4991 xv1:

553 5004 644 5072 (ιυὶ
674 5004 730 5082 jn
760 5020 863 5060 va
891 5005 1052 5082 ducti
1063 5009 1335 5082 sextarios
1366 5004 1657 5082 conﬁcient
1685 5008 1808 5082 729.
1846 5004 1923 5082 Ea
1966 5022 2119 5062 sum-

553 5086 640 5125 ma
673 5077 734 5146 in
768 5085 994 5146 centum
1024 5077 1197 5132 divisa
1237 5078 1332 5131 dat
1378 5080 1648 5134 sextarios
1695 5078 1987 5146 unicuique
2025 5090 2124 5143 go-

519 5181 524 5186 .
553 5154 676 5220 mor
763 5143 867 5212 l15.
884 5144 1014 5210 Quae
1035 5148 1351 5216 Opinionum
1376 5148 1630 5220 varietas.
1651 5147 1825 5220 sinon
1845 5141 1913 5200 ex
1943 5141 2123 5220 hallu-_

555 5211 832 5283 cinatione
867 5227 1012 5276 nata.
1044 5211 1108 5271 ex
1140 5231 1204 5270 eo
1231 5225 1375 5270 certe
1419 5217 1657 5283 profecta
1686 5215 1900 5268 videtur
1923 5254 1938 5276 ,
1975 5213 2123 5282 quod

557 5282 859 5354 cum__alia:
893 5286 1064 5354 apud
1131 5286 1264 5338 alias
1317 5282 1564 5339 nationes
1619 5283 2124 5354 mensuraeiisdem

559 5349 1012 5417 appellationibus
1041 5365 1426 5416 censerentur,
1463 5368 1527 5406 ac
1551 5354 1790 5407 minores
1819 5352 2126 5420 maioresve

559 5426 765 5491 essent,
791 5423 905 5475 hare
939 5424 1054 5491 ipsa
1077 5423 1308 5479 diversis
1337 5439 1404 5478 ex
1436 5423 1749 5476 auctoribus
1775 5419 2129 5476 tumultuarie

562 5489 620 5543 in
650 5488 985 5549 Adversariis
1023 5500 1206 5548 notata
1258 5495 1312 5547 in
1359 5494 1506 5548 hunc
1533 5493 1995 5546 Commentariun)
2035 5507 2126 5546 re-

565 5558 792 5632 degerit,
823 5578 996 5632 neque
1031 5572 1282 5618 accurate
1307 5579 1370 5619 ac
1399 5563 1654 5632 distincte
1686 5561 2051 5630 proposuerit.

638 5630 750 5700 (78)
787 5631 857 5685 Τὸ
889 5630 1080 5686 ἁάτον
1100 5637 1195 5692 σνς’
1227 5633 1474 5698 ξέστων.
1508 5631 1690 5702 Neque
1715 5632 1858 5702 istud
1884 5630 2128 5701 superio-

567 5698 1175 5758 ribus'consentaneum
1207 5714 1322 5758 est:
1369 5703 1456 5757 ubi
1497 5698 1673 5757 satum
1718 5698 1975 5756 docuerat
2005 5717 2129 5756 esse

572 5767 779 5839 μόδιον,
829 5773 1170 5846 ὑπέργομον,
1219 5773 1320 5829 hoc
1350 5783 1431 5828 cst
1480 5773 1718 5828 modium
1769 5789 1969 5838 unum,
2003 5786 2126 5826 cum

2224 4593 2585 4664 grammatici.

2289 4663 2402 4730 (80)
2443 4662 2495 4713 Ὀ
2512 4661 2580 4714 δὲ
2595 4659 2674 4726 τῷ
2699 4661 2862 4728 Ἠλίᾳ
2877 4657 3285 4730 ἐλι-οιμιισνθέιζςζ
3289 4653 3464 4730 Locus
3477 4660 3560 4730 est
3569 4653 3640 4709 ΙΠ
3650 4653 3691 4707 Il
3685 4670 3784 4730 fa.

2217 4725 2333 4793 xix,
2363 4725 2418 4792 6.
2444 4732 2533 4786 ubi
2561 4725 2934 4808 liebraice'est
2958 4725 3136 4790 num.
3323 4727 3643 4808 καμψάκης.
3681 4725 3792 4780 Sed

2219 4816 2454 4871 quonam
2512 4807 2832 4871 argumento
2899 4809 3134 4869 quatuor
3203 4799 3373 4852 fuisse
3430 4799 3793 4852 sextariorum
3838 4816 3854 4833 ι

2221 4869 2464 4940 colligat,
2498 4869 2682 4924 nullus
2716 4869 2894 4940 video.

2292 4932 2401 5011 (εἴ)
2435 4941 2687 5006 Κύαθος,
2722 4939 2892 5011 ἐστιν
2915 4937 3098 5011 ,ἕκτον
3132 4933 3392 5011 ξέσξου-
3413 4932 3586 5011 Vul_go
3606 4941 3794 5011 tamen

2223 5002 2462 5080 sextario
2501 5025 2577 5063 xu
2627 5002 2807 5080 cyathi
2861 5007 3195 5062 tribuntur.
3241 5002 3317 5059 De
3355 5019 3465 5074 quo
3495 5002 3795 5075 Gregorius

2244 5075 2254 5084 λ

2221 5081 2473 5149 Agricola
2517 5081 2610 5133 lib.
2640 5095 2680 5132 ι.

2298 5149 2408 5218 (82)
2440 5148 2718 5218 -Μερεκὼθ
2744 5145 2812 5199 δὲ
2837 5145 3016 5218 λέγει.
3054 5145 3210 5218 _Ii_lem
3246 5145 3409 5218 locus
3431 5149 3618 5218 exstat
3643 5141 3793 5218 -hzer.

2223 5211 2315 5280 75,
2348 5211 2403 5272 η.
2435 5218 2489 5272 6.
2536 5216 2696 5272 Forte
2740 5229 2838 5286 pro
2879 5211 3152 5286 μὲδεκὼθ,
3205 5211 3454 5284 ne.me
3485 5212 3795 5267 rescriben-

2225 5287 2377 5357 dum.
2405 5286 2538 5342 Vide
2565 5303 2686 5357 qua:
2717 5286 2829 5357 illic
2861 5287 3239 5357 observamus.

2297 5356 2406 5427 (85)
2449 5350 2598 5411 ἰνδ
2636 5357 2704 5409 τὸ
2753 5355 2818 5427 ,ἲν
2847 5354 3020 5425 μέγα.
3078 5351 3137 5407 In
3187 5351 3456 5408 sextarios
3502 5350 3647 5420 capit
3693 5364 3792 5414 xii,

2227 5426 2330 5482 hoc
2362 5433 2446 5481 est
2477 5426 2627 5492 logos
2665 5426 2908 5479 totidem.

2298 5495 2409 5566 (84)
2439 5485 2624 5569 Χοῧς,
2647 5495 2780 5549 ἐστι
2805 5493 3036 5569 saqu
3064 5491 3314 5569 nutibus
3337 5489 3663 5569 Atticumnet
3689 5485 3793 5542 Ro-

2227 5558 2426 5620 manus
2472 5558 2697 5639 congius
2730 5564 3022 5639 _sextarios
3076 5558 3239 5639 habet
3293 5575 3402 5639 non
3448 5558 3683 5639 amplius
3720 5571 3800 5639 ιν.

2229 5652 2350 5706 qua:
2390 5644 2476 5689 est
2516 5630 2833 5706 duodecima
2873 5647 3000 5702 pars
3043 5638 3302 5689 metretas.
3347 5630 3600 5685 Continet
3649 5630 3827 5682 enim.

2230 5704 2459 5762 nietrcta
2491 5704 2759 5760 sextarios
2795 5718 2962 5758 Lxxn.
