4034 6216
188 368 195 373 _
269 294 380 351 εδδ

1506 289 1593 343 PF.
1626 290 1720 344 ΧΗ
1755 288 2019 349 GEMMZS
2058 287 2280 344 LIBER.

3422 274 3530 331 2M

279 410 416 477 παρ’
477 374 744 480 Ἑϐραίοις
800 407 1213 478 ἐπιφωνούμενον
1244 421 1260 436 ·
1319 404 1478 458 τοῦτο
1537 405 1598 458 τὸ
1657 405 1856 476 μέτρον

1965 404 2093 459 brmi
2129 404 2293 457 etiam
2341 410 2626 472 usurpant.
2662 400 2908 456 Meminit
2956 398 3121 467 hujus
3162 411 3432 473 mensurae
3474 402 3531 451 et

275 499 425 552 ἐστὶν
473 501 532 551 ὲν
562 498 1035 569 Χρονογραφίαις
1074 495 1336 550 Εὐσεϐίου
1383 496 1479 549 καὶ
1527 496 1637 548 τῶν
1684 496 1858 550 ἄλλων

276 590 662 663 χρονογράφων
703 589 1031 659 δηλούμενον
1056 627 1071 650 ,
1117 588 1191 650 ὡς
1216 588 1449 648 ἕκαστος
1487 586 1594 638 τῶν
1620 587 1738 638 τότε
1766 585 1862 655 βα-

278 681 471 735 σιλέων
516 680 661 734 κατὰ
706 680 1018 750 φιλοτιμίαν
1068 679 1147 749 τῷ
1198 679 1354 749 δήμῳ
1399 677 1684 748 Ῥωμαίων
1727 678 1863 748 πρὸς

274 774 578 846 εύφρασίαν
632 772 966 844 ἐχαρίζοντο,
999 772 1028 825 ὃ
1056 769 1415 843 ἑρμηνεύεται
1450 768 1865 838 συνημμένον,

274 860 308 929 ἢ
341 860 903 931 συνεστραμμένον.

1959 493 2227 547 Eusebius
2276 493 2330 546 in
2382 491 2656 545 Chronicis
2724 492 2925 559 aliique
2987 486 3326 555 chronologi.
3374 484 3531 554 Apud

1963 598 2102 653 quos
2170 583 2559 650 imperatorum
2635 581 2863 649 quilibet
2928 576 3349 647 magniﬁcentiae
3412 590 3528 628 sine

1964 674 2301 729 ostentandae
2345 672 2527 726 studio
2575 671 2914 740 congiarium
2958 667 3157 738 populo
3192 666 3435 719 Romano
3464 666 3533 718 ad

1973 765 2304 838 epulandum
2339 764 2522 833 largiri
2548 763 2786 817 solt-hat:
2820 778 2937 830 quin
2964 777 3068 814 vox
3098 760 3237 814 idem
3266 756 3536 829 signiﬁcat

1969 872 2033 911 ac
2066 856 2425 925 coujunctum,
2463 854 2576 909 sive
2605 862 3044 922 coagmentatum.

284 992 3493 1040 Mm

1364 1155 1500 1209 ΤΟΥ
1541 1154 1630 1208 ΕΝ
1668 1154 1895 1207 ΑΓΙΟΙΣ
1933 1154 2205 1208 ΠΑΤΡΟΣ
2244 1153 2442 1207 ΗΜΩΝ

964 1314 1588 1410 ΕΠΙΦΑΝΙΟΥ
1642 1320 2313 1407 ΕΠΙΣΚΟΠΟΥ
2368 1321 2833 1406 ΚΥΠΡΟΥ

1409 1497 1554 1570 Πρὸς
1586 1498 1849 1569 Διόδωρον
1876 1499 2171 1552 ἐπίσκοπον
2200 1498 2381 1571 Τύρου

485 1656 665 1711 ΠΕΡΙ
706 1656 845 1712 ΤΩΝ
875 1657 969 1709 IB'
1002 1655 1235 1711 ΛΙΘΩΝ
1272 1657 1411 1710 ΤΩΝ
1448 1653 1693 1709 ΟΝΖὩΝ
1715 1655 1821 1708 ΕΝ
1852 1656 2015 1708 ΤΟΙΣ
2054 1658 2509 1710 ΣΤΟΛΙΣΜΟΙΣ
2546 1657 2673 1710 ΊῸΥ
2706 1657 2957 1710 ΑΑΡΩΝ
2988 1655 3320 1711 ΒῙΒΛΙΟΝ.

774 1886 870 1975 S.
952 1889 1057 1975 P.
1134 1889 1251 1983 N.
1330 1890 1972 1979 EPIPHANII
2049 1888 2595 1980 EPISCOPI
2654 1890 3003 1978 CYPRI

1471 2093 1540 2133 ΔΙ)
1571 2094 1849 2135 DIODORUI
1880 2096 2001 2134 TYRI
2034 2095 2328 2136 EPISCOPUII

792 2233 881 2289 DE
918 2233 1273 2291 DUODECIM
1312 2235 1576 2292 GEMMIS
1615 2237 1781 2304 QUIE
1818 2237 2053 2293 ERANT
2094 2237 2158 2292 ΙΝ
2199 2236 2425 2293 VESTE
2463 2235 2768 2293 AARONIS
2806 2234 3031 2290 LIBER.

1464 2390 1585 2447 Iota
1621 2390 2017 2447 Ierotarautino
2050 2394 2352 2465 interprete.

351 2614 597 2685 ’ῌτησας
629 2612 778 2683 (παρ’
834 2611 969 2683 ἐμοῦ
1008 2610 1172 2684 [7⁶]),
1223 2613 1521 2683 τιμιώτατε
1567 2613 1862 2687 (Διόδωρε),

2040 2616 2384 2688 185-225
2410 2614 2563 2683 Quod
2593 2614 2819 2686 petiisti,
2857 2613 2940 2668 vir
2969 2613 3440 2684 praestantissime,
3468 2617 3539 2674 de

274 2702 542 2774 περὶτῶν
582 2704 640 2756 ἐν
672 2702 749 2774 τῷ
778 2702 946 2774 λογίῳ
975 2703 1075 2774 τῆς
1109 2703 1385 2773 ἐπωμίδος
1415 2702 1511 2756 τοῦ
1548 2705 1741 2775 ἱερέως
1768 2708 1862 2760 ἐπὶ

275 2795 370 2849 τοῦ
422 2795 652 2865 στήθους
723 2794 932 2866 Ἀαρὼν
983 2796 1471 2865 προστεταγμένων
1516 2797 1638 2849 τότε
1685 2798 1858 2867 ἐμπε-

275 2884 593 2955 πορπῆσθαι
641 2884 825 2950 λίθων,
855 2885 954 2948 τάς
993 2901 1053 2938 τε
1086 2884 1404 2955 ὀνομασίας,
1446 2885 1545 2949 τάς
1579 2902 1638 2938 τε
1674 2889 1860 2958 χρόας,

274 2976 377 3028 εἰτ’
433 2971 525 3030 οῦν
562 2976 727 3043 ίδέας,
761 2974 887 3039 τούς
924 2992 985 3029 τε
1025 2976 1247 3040 τόπους,
1283 2977 1377 3029 καὶ
1417 2974 1517 3039 τὰς
1559 2976 1639 3039 είς
1678 2977 1863 3031 θεοσέ-

275 3066 433 3120 ϐειαν
476 3066 747 3139 φερούσας
774 3066 884 3120 τῶν
922 3066 1101 3120 αὐτῶν
1138 3066 1301 3120 λίθων
1337 3065 1588 3136 θεωρίας,
1616 3068 1711 3119 καὶ
1735 3068 1865 3120 ἔκαε·

279 3176 402 3223 στος
451 3159 620 3222 λίθος,
655 3158 796 3228 ὑπὲρ
843 3157 1003 3220 ποίας
1038 3156 1212 3227 φυλῆς
1262 3156 1549 3209 ἐτέτακτο·
1596 3156 1761 3210 πόθεν
1803 3174 1863 3210 τε

275 3250 525 3322 εὓρηται,
562 3251 658 3307 καὶ
692 3250 852 3314 ποίας
879 3248 1136 3320 πατρίδος
1167 3247 1266 3318 (8).

351 3424 605 3496 Τετραχῆ
634 3424 692 3476 δὲ
720 3423 1010 3497 διαιρεῖται
1040 3422 1102 3476 τὸ
1138 3421 1340 3490 λόγιον,
1380 3420 1479 3475 καὶ¹
1512 3420 1643 3475 αὐτὸ
1670 3420 1863 3490 τετρά-

277 3533 474 3586 γωνον,
505 3513 787 3584 σπιθαμῆς
826 3512 889 3567 τὸ
936 3513 1108 3583 μῆκος
1151 3512 1249 3566 καὶ
1296 3507 1469 3582 εὖρος·
1499 3510 1722 3581 ὁμοίως.
1754 3508 1861 3563 Τοῦ

279 3609 381 3680 μὲν
411 3604 629 3677 πρώτου
661 3604 844 3674 στίχου
873 3604 1088 3675 πρῶτος
1111 3602 1259 3666 λίθος
1284 3603 1522 3673 σάρδιον,
1547 3598 1669 3655 εἶτα
1694 3601 1864 3655 τοπά-

276 3698 415 3762 ζιον,
444 3693 563 3751 εἶτα
607 3696 937 3769 σμάραγδος.
971 3694 1078 3749 Τοῦ
1107 3697 1163 3751 δὲ
1203 3697 1458 3767 δευτέρου
1496 3695 1680 3766 στίχου
1712 3696 1863 3766 πρῶ-

273 3805 371 3852 τος
396 3786 542 3851 λίθος
580 3786 805 3858 ἄνθραξ,
851 3782 969 3841 εἶτα
1004 3786 1328 3857 σάπφειρος,
1364 3780 1483 3838 εἶτα
1522 3784 1726 3848 ἴασπις.
1755 3784 1861 3837 Τοῦ

274 3880 462 3951 τρίτου
499 3879 681 3949 στίχου
724 3876 941 3949 πρῶτος
982 3876 1149 3943 λίθος,
1178 3876 1443 3947 λιγύριον,
1478 3870 1597 3929 εἶτα
1628 3875 1858 3945 ἀχάτης,

1964 2709 2194 2778 gemmis
2238 2724 2377 2776 quas
2424 2708 2477 2761 in
2522 2704 2779 2759 rationali
2822 2704 2936 2759 sive
2977 2704 3202 2759 oraculo
3232 2705 3379 2760 dicto
3408 2722 3539 2778 epo-

1962 2798 2125 2852 midis
2164 2797 2461 2850 humeralis
2503 2793 2831 2859 sacerdotis,
2874 2804 3040 2863 supra
3077 2802 3266 2863 pectus
3306 2795 3539 2852 Aaronis

1963 2886 2414 2957 Dominusjussit
2436 2897 2467 2936 a
2493 2880 2565 2949 lig
2603 2880 2742 2944 ri,ut
2772 2899 2897 2938 cum
2932 2900 3123 2939 eorum
3167 2885 3412 2951 nomina,
3445 2902 3536 2941 co-

1964 2979 2105 3034 lores
2130 2979 2245 3034 sive
2277 2976 2501 3040 formas,
2526 2974 2699 3039 locos,
2727 2982 2780 3028 et
2804 2989 2926 3043 quae
2957 2974 3167 3029 faciunt
3187 2976 3311 3031 inde
3338 2978 3405 3031 ad
3428 2979 3526 3047 pie-

1962 3076 2129 3124 tatem
2155 3067 2559 3129 meditationes,
2581 3076 2692 3119 tum
2720 3066 2882 3120 etiam
2911 3067 2976 3120 ad
2999 3080 3163 3136 quam
3192 3066 3539 3123 indicandam

1964 3157 2166 3212 tribum
2229 3156 2480 3225 quaelibet
2510 3169 2719 3224 gemma
2750 3157 2927 3226 posita
2983 3154 3168 3221 fuerit,
3220 3172 3439 3227 quoque
3483 3159 3537 3211 in
3642 3164 3655 3173 ‘

1966 3247 2087 3301 loco
2115 3253 2167 3300 et
2196 3254 2248 3299 In
2289 3259 2395 3314 qua
2426 3245 2603 3314 patria
2638 3245 2969 3309 inveniatur,
3002 3245 3054 3299 id
3081 3249 3274 3315 paucis
3313 3247 3410 3301 tibi
3444 3262 3537 3302 ex-

1963 3351 2157 3408 ponam
2189 3355 2201 3391 :
2235 3336 2337 3391 hoc
2363 3337 2581 3405 quidem
2610 3337 2686 3390 ita
2712 3352 2770 3391 se
2800 3337 2980 3391 habet.

2032 3425 2439 3493 Quadrifariam
2472 3426 2676 3481 dicitur
2704 3428 2989 3481 rationale.
3011 3426 3077 3479 Et
3102 3426 3279 3497 ipsum
3305 3426 3541 3497 quadra-

1961 3526 2077 3573 tum
2097 3517 2258 3588 palmi
2293 3517 2681 3587 longitudinem
2703 3532 2767 3572 ac
2792 3518 3132 3573 latitudinem
3158 3518 3339 3572 habet.
3369 3516 3539 3572 Primi

1961 3609 2180 3681 quidem
2220 3609 2428 3663 ordinis
2459 3610 2631 3678 prima
2681 3624 2914 3679 gemma,
2965 3609 3204 3674 sardius,
3240 3615 3355 3663 tum
3391 3619 3542 3679 topa-

1962 3699 2244 3763 zius,dein
2276 3700 2619 3770 smaragdus.
2652 3699 2941 3755 Secundus
2963 3702 3100 3755 ordo
3128 3700 3360 3770 primam
3389 3715 3539 3769 gem-

1962 3808 2106 3847 mam
2157 3792 2315 3846 habet
2368 3792 2792 3855 carbunculum,
2845 3792 3143 3847 secundam
3196 3793 3540 3863 sapphirum,

1962 3882 2176 3937 tertiam
2214 3881 2501 3951 iaspidem.
2538 3880 2597 3936 In
2635 3883 2795 3935 tertio
2836 3883 3030 3937 ordine
3068 3889 3217 3946 sunt,
3252 3884 3429 3951 prima
3471 3882 3540 3935 li-

276 3968 403 4025 εἷτα
425 3965 749 4041 ἀμέθύστος.
776 3968 882 4023 Τοῦ
909 3969 1171 4040 τετάρτου
1200 3970 1384 4039 στίχου
1402 3967 1638 4039 πρῶτος,
1662 3967 1861 4035 χρυσό-

1965 3976 2176 4046 gurius,
2236 3976 2478 4030 secunda
2532 3975 2794 4038 achates,
2853 3975 3014 4029 tertia
3068 3974 3430 4043 amethystus.
3482 3974 3537 4028 In

275 4063 449 4129 λιθος,
495 4058 613 4116 εἶτα
647 4062 953 4134 βηρύλλιον,
988 4057 1107 4115 εἶτα
1155 4060 1389 4130 ὀνύχιον.
1421 4059 1532 4113 Καὶ
1569 4051 1716 4111 οὗτοι
1760 4054 1860 4127 μὲν

276 4154 419 4207 εἰσὶν
452 4154 501 4206 οἱ
529 4152 616 4223 ιβ’,
644 4155 692 4207 ot
722 4155 780 4206 ὲν
812 4154 877 4223 τῇ
908 4151 1143 4223 ἐπωμίδι
1179 4151 1273 4205 τοῦ
1323 4150 1514 4220 ἱερέως
1559 4147 1863 4221 ἐξηρτημέ-

276 4263 382 4313 νοι,
417 4238 492 4299 ὧν
521 4246 615 4301 καὶ
638 4245 914 4317 διαφοραὶ,
945 4245 1040 4299 καὶ
1075 4243 1126 4299 oi
1156 4242 1312 4297 τόποι
1340 4233 1505 4298 οὗτοι·

378 4440 421 4466 ‘
582 4456 590 4462 ·
890 4436 1116 4500 νΑν.

354 4539 580 4611 Πρῶτος
612 4538 759 4601 λίθος
791 4537 1067 4609 σάρδιος.ὁ
1096 4533 1460 4599 Βαϐυλώνιος,
1499 4532 1643 4586 οὕτω
1671 4532 1865 4586 καλού-

284 4648 469 4702 μενος.
504 4628 659 4682 Ἔστι
696 4628 753 4681 δὲ
786 4626 1047 4699 πυρωπὸς
1073 4625 1153 4697 τῷ
1185 4625 1314 4679 εἴδει
1358 4625 1453 4679 καὶ⁸
1492 4623 1862 4695 αίματοειδὴς,

238 4718 244 4723 ’
285 4721 494 4793 σαρδίῳ
518 4719 596 4791 τῷ
620 4719 763 4790 ἰχθύῖ
785 4734 1069 4788 τεταριχευ
1078 4716 1222 4787 μένῳ
1246 4714 1439 4775 ἐοικώς
1461 4729 1474 4743 ·
1502 4714 1579 4766 διὸ
1609 4713 1704 4767 καὶ
1736 4714 1867 4783 cip-

282 4816 397 4876 διος
451 4811 692 4879 λέγεται,
737 4809 843 4861 ἀπὸ
890 4808 984 4860 τοῦ
1023 4807 1197 4869 εἴδους
1245 4803 1426 4857 λαϐὼν
1468 4803 1528 4855 τὸ
1561 4801 1863 4870 ἐπώνυμον.

297 4906 389 4957 Ἐν
419 4899 696 4954 Βαϐυλῶνι
725 4898 779 4951 δὲ
805 4900 871 4967 τῇ
899 4896 1034 4967 πρὸς
1066 4893 1353 4965 Ἀσσυρίαν
1376 4892 1603 4962 γίνεται.
1636 4892 1789 4945 Ἐστι
1810 4890 1867 4943 δὲ

284 4993 517 5064 διαυγὴς
545 4994 573 5045 ὀ
601 4990 747 5052 λίθος
771 5005 784 5019 ·
816 4988 1096 5058 δυνάμεως
1124 4986 1181 5038 δέ
1225 4988 1342 5038 ἐστι
1372 4982 1791 5054 θεραπευτικῆς,
1823 4973 1867 5050 ᾧ

286 5087 591 5155 κέχρηνται
620 5080 670 5133 οί
701 5078 873 5149 ἰατροὶ
905 5078 1042 5149 πρὸς
1085 5078 1372 5147 οἰδήματα,
1412 5074 1507 5127 καὶ
1545 5073 1708 5135 ἄλλας
1733 5073 1868 5144 πλη-

287 5176 393 5245 γὰς
446 5173 553 5227 ὑπὸ
603 5170 823 5241 σιδήρου
861 5168 1207 5238 γιγνομένας.
1248 5167 1404 5218 Ἔστι
1448 5163 1505 5217 δὲ
1550 5164 1644 5216 καὶ
1687 5162 1865 5226 ἄλλος,

289 5263 578 5338 σαρδόνυξ,
620 5261 678 5324 ὃς
711 5258 956 5313 καλεῖται
994 5257 1254 5328 μολοχάς·
1287 5254 1621 5326 μαλακτικὸς
1661 5253 1717 5307 δέ
1753 5254 1866 5305 ἐστι

290 5354 716 5426 στεατωμάτων.
747 5352 857 5422 Τῆς
890 5350 953 5418 ,δὲ
1002 5348 1174 5420 αὐτῆς
1228 5348 1372 5411 ίδέας
1418 5346 1698 5417 τυγχάνει,
1731 5346 1864 5397 ὑπο-

366 5508 468 5580 (7')
492 5506 656 5580 l_)eest_
677 5505 980 5580 aliquid,_et
1009 5500 1524 5580 sententiapendet.

365 5568 462 5647 (‘8),
484 5568 792 5631 Genuinum
820 5583 879 5647 et
892 5568 1176 5647 integrum
1206 5568 1506 5647 Epiphanii
1527 5568 1863 5647 opus_de_.xn

293 5636 530 5725 geminis
569 5661 695 5702 esse
734 5636 1049 5716 perhibetur
1080 5641 1227 5711 quod
1254 5636 1341 5695 'in
1399 5636 1623 5715 antiqua
1675 5636 1865 5691 Latina

1963 4075 2180 4136 quarto,
2204 4066 2379 4135 prima
2410 4065 2801 4135 chrysolithus,
2829 4064 3070 4119 secunda
3095 4065 3358 4134 beryllus,
3382 4064 3542 4118 tertia

1964 4154 2277 4220 ouychium.
2306 4152 2373 4205 Et
2404 4153 2523 4208 istae
2549 4152 2770 4224 quidem
2799 4161 2928 4207 sunt
2958 4167 3037 4205 xii
3067 4167 3312 4221 gemmae,
3339 4167 3459 4222 qua:
3487 4152 3541 4205 in

1965 4244 2235 4299 humerali
2275 4243 2569 4316 (epomide)
2600 4242 2906 4298 sacerdotis
2938 4251 3068 4297 sunt
3119 4257 3368 4311 annexae,
3403 4257 3541 4314 qua-

1966 4348 2088 4389 rum
2122 4341 2239 4389 tum
2266 4333 2585 4390 discrimina
2625 4344 2737 4388 tum
2769 4332 2873 4389 loci
2906 4339 3036 4387 sunt
3068 4330 3156 4386 isti
3187 4350 3200 4385 :

2034 4532 2219 4588 Prima
2242 4549 2474 4605 gemma,
2498 4535 2715 4591 sardius
2740 4535 3071 4606 Babylonius
3097 4535 3265 4590 dicta.
3290 4532 3387 4589 Est
3411 4549 3540 4588 vero

1968 4623 2140 4677 forma
2188 4624 2366 4693 ignea,
2412 4633 2469 4679 et
2517 4640 2639 4694 qua:
2685 4626 2973 4695 sanguinis
3023 4626 3263 4681 colorem
3313 4622 3536 4682 referat.

1968 4712 2153 4768 sardio
2184 4715 2321 4783 pisci
2355 4716 2469 4771 sale
2497 4716 2716 4774 condito
2745 4724 2800 4771 et
2832 4717 3133 4774 inveterato
3160 4716 3356 4772 similis
3382 4734 3396 4769 :
3432 4732 3539 4785 qua

1968 4804 2037 4859 de
2079 4819 2248 4859 causa
2281 4805 2444 4860 etiam
2491 4808 2709 4863 sardius
2754 4806 2977 4874 dicitur,
3020 4822 3050 4861 a
3101 4806 3277 4861 forma
3312 4806 3538 4875 (colore)

1968 4896 2189 4952 nomine
2222 4896 2528 4966 desumpto.
2566 4897 2826 4954 Nascitur
2873 4899 2929 4953 in
2976 4897 3253 4968 Babylone
3292 4896 3542 4967 Assyrio-

1968 5000 2115 5039 rum.
2147 4983 2425 5041 Pellucida
2455 4993 2539 5043 est
2568 5004 2581 5041 :
2609 4995 2663 5041 et
2688 4987 2797 5041 vim
2844 4987 3009 5042 habet
3054 4985 3303 5041 medendi
3346 4985 3413 5039 ad
3456 4995 3539 5039 tu-

1969 5091 2151 5131 mores
2196 5091 2260 5131 ac
2313 5077 2539 5132 vulnera
2587 5077 2734 5133 ferro
2776 5077 3004 5133 inﬂicta.
3041 5076 3141 5137 Est
3181 5085 3235 5132 et
3282 5078 3385 5131 alia
3422 5092 3545 5145 quae

1970 5164 2245 5237 sardonyx
2284 5175 2535 5231 vocatur,
2569 5169 2735 5240 226
2767 5180 2821 5224 et
2853 5169 3194 5235 molochiles,
3225 5168 3334 5223 vim
3373 5166 3545 5223 emol-

1970 5254 2136 5309 liendi
2168 5265 2490 5312 steatomata
2522 5260 2748 5317 habens.
2785 5260 3043 5329 Ejusdem
3082 5260 3199 5315 haec
3229 5258 3430 5315 coloris
3459 5266 3548 5311 est

1970 5360 2093 5399 cum
2142 5348 2446 5416 superiore,
2497 5349 2816 5405 subviridis.
2856 5350 3193 5406 Gravissima
3235 5356 3416 5402 autem
3458 5352 3545 5397 est

1971 5498 2221 5554 versione
2247 5509 2544 5569 repertum,
2572 5516 2636 5556 ex
2663 5501 2784 5557 cod.
2813 5500 3100 5567 Vaticano,
3125 5498 3325 5569 prodiit
3355 5493 3547 5546 Bomﬁ‘

1973 5570 2131 5626 1745.
2170 5569 2302 5627 Vide
2335 5570 2495 5624 infra.
2525 5572 2679 5625 Eutr.
