4034 6216
470 345 573 403 295

1851 338 1909 392 S.
1950 337 2288 394 EPIPIIANII

472 459 575 513 sub
603 456 820 511 initium
840 453 1010 511 veris.
1036 466 1158 508 cum
1192 450 1505 522 hujusmodi
1542 451 1700 505 mala:
1730 449 2043 505 ati‘ccliones

2157 449 2438 519 ιλωρίζων.
2472 449 2923 520 Ἐμϐριθέστατος
2949 446 3005 501 δὲ
3032 447 3230 517 μᾶλλον
3254 446 3405 517 παρὰ
3423 446 3716 518 τὴνάρχὴν

470 549 761 619 incipiunt.
838 588 843 594 .

543 789 813 859 Topazius
842 801 1051 858 gemma
1095 786 1279 839 colore
1315 783 1471 837 rubet
1504 780 1679 851 magis
1712 795 1876 850 quam
1915 793 2039 832 car-

474 881 760 936 bunculus.
795 874 1053 933 Nascitur
1078 878 1132 929 in
1168 874 1385 944 Topaza
1422 872 1557 927 urbe
1599 871 1786 933 India},
1823 870 2041 925 inventa

473 970 745 1042 quondam
783 970 897 1023 illic
930 984 960 1020 a
992 966 1243 1035 lapicidis
1274 965 1327 1017 in
1354 963 1519 1017 corde
1552 962 1780 1016 alterius
1804 960 2039 1032 lapidis:

472 1076 635 1131 quam
668 1075 793 1113 cum
831 1056 1171 1127 splendidam
1205 1054 1491 1117 vidissent,
1526 1060 1578 1105 et
1616 1051 1895 1105 Thebanis
1924 1048 2045 1118 qui—

474 1149 701 1206 busdam
732 1144 1100 1200 ostendissent
1139 1158 1305 1213 parvo
1355 1142 1530 1210 pretio
1564 1140 1873 1195 vendidere.
1904 1139 2046 1194 The-

476 1240 602 1294 bani
632 1250 759 1292 vero
794 1246 906 1288 tum
939 1236 1199 1302 temporis
1238 1246 1462 1301 regnum
1520 1230 1921 1284 administranti
1958 1245 2046 1284 re-

475 1332 615 1403 ginae
642 1328 965 1381 attulerunt.
1002 1324 1097 1378 Illa
1137 1340 1267 1379 vero
1310 1322 1606 1378 diademati
1646 1338 1747 1377 suo
1786 1322 2047 1392 imposuit

477 1422 531 1473 in
578 1419 754 1473 medio
809 1417 1024 1471 frontis.
1082 1414 1257 1469 IIabet
1300 1414 1408 1469 tale
1451 1414 1879 1483 experimentum
1935 1415 2048 1467 haec

478 1523 688 1578 gemma
728 1525 740 1561 :
788 1508 989 1560 Attrita
1021 1505 1229 1560 medica
1276 1515 1398 1560 cote
1444 1505 1623 1559 reddit
1666 1519 1889 1559 succum
1939 1519 2044 1558 nor:

480 1614 579 1668 pro
604 1613 704 1652 suo
735 1598 916 1652 colore
948 1595 1197 1660 rubrum,
1225 1596 1317 1650 sed
1352 1596 1610 1650 lacteum.
1642 1593 1834 1663 Implet
1864 1600 2045 1647 autem

482 1704 646 1743 succo
687 1688 835 1742 illius
882 1687 1084 1741 attrita:
1125 1693 1260 1755 quot
1311 1692 1552 1739 crateres
1594 1685 1831 1737 voluerit
1868 1684 1913 1736 is
1954 1682 2048 1752 qui

483 1778 710 1842 alI‘ricat,
753 1779 915 1848 idque
955 1779 1161 1847 absque
1205 1776 1408 1845 prioris
1456 1775 1716 1845 ponderis
1762 1776 1853 1828 illa
1890 1775 2049 1844 plane

482 1869 882 1923 imminutione.
919 1868 1082 1923 Utilis
1110 1877 1194 1923 est
1217 1883 1416 1923 succus
1451 1867 1538 1920 hic
1566 1866 1634 1919 ad
1661 1866 1881 1920 morbos
1914 1880 2050 1919 ocu-

481 1962 678 2016 lorum.
709 1959 916 2030 Epotus
950 1961 1272 2016 adversatur
1305 1960 1557 2030 liyilropi,
1598 1967 1654 2013 ct
1695 1957 1941 2014 medetur
1971 1964 2054 2011 ta‘

483 2053 826 2108 besceutibus
859 2052 929 2107 ab
968 2066 1071 2106 uva
1100 2053 1310 2105 marina
1335 2060 1572 2120 sumpta.

563 2377 893 2448 Smaragdus
921 2393 1150 2449 gemma.
1180 2376 1411 2432 Vocatur
1437 2377 1552 2431 haec
1584 2377 1747 2432 etiam
1775 2377 2052 2446 prasinus,

485 2479 677 2539 estque
706 2470 866 2524 viridi
902 2470 1104 2531 colore,
1134 2478 1187 2522 ct
1220 2468 1478 2522 diﬂ‘erunt
1500 2476 1680 2522 tamen
1712 2469 2053 2537 aliquantum

485 2564 629 2617 inter
662 2577 741 2617 se.
773 2560 1003 2627 Quidam
1039 2560 1183 2613 enim
1214 2560 1337 2613 illos
1367 2557 2055 2622 vocantNeronianos,aIii

490 2653 844 2706 Domitianos.
870 2650 934 2703 Et
954 2648 1299 2704 Ncronianus
1323 2649 1542 2719 quidem
1563 2664 1726 2718 parva
1748 2656 1833 2704 est
1859 2648 2053 2714 forma,

492 2743 647 2797 valde
675 2741 882 2806 viridis,
920 2740 1247 2810 pellucidus,
1278 2746 1333 2794 et
1367 2738 1677 2808 splendens.
1711 2738 2056 2807 Appellatum

493 2848 624 2887 vero
662 2829 1032 2886 Neronianum
1078 2829 1192 2884 sive
1232 2829 1595 2883 Domitianum
1639 2828 1950 2898 hujusmodi
1990 2826 2058 2882 de

492 2937 658 2976 causa
718 2920 927 2974 l'crunt:
982 2918 1250 2973 Neronem
1309 2919 1463 2973 aiunt
1517 2920 1632 2974 sive
1688 2917 2055 2973 Domitianum

488 3013 666 3066 oleum
707 3012 759 3065 in
810 3011 979 3064 multa
1004 3024 1136 3065 vasa
1167 3008 1438 3065 infudisse
1467 3027 1481 3065 :
1515 3019 1569 3065 et
1598 3010 1885 3065 intervallo
1922 3017 2059 3062 tom-

489 3106 657 3173 poris,
702 3103 879 3158 oleum
913 3101 1140 3157 viridem
1174 3102 1413 3156 colorem
1447 3100 1810 3162 contraxisse,
1846 3099 2059 3166 hocque

489 3196 607 3249 oleo
654 3202 859 3262 petram
905 3192 1183 3261 copiosius
1235 3192 1465 3263 rigalam
1518 3190 1815 3245 ﬂoridioris
1858 3188 2060 3244 coloris

489 3286 751 3339 evasisse.
798 3284 904 3338 Alii
937 3284 1130 3337 dicunt
1159 3282 1429 3338 Neronem
1452 3282 1743 3352 quemdam
1776 3280 2061 3350 antiquum

490 3377 773 3439 artiﬁcem,
816 3391 1153 3446 gemmarum
1213 3376 1565 3446 scalptorem,
1613 3373 1883 3444 smaragdi
1924 3387 2063 3442 prae-

492 3466 713 3534 cipuum
750 3480 908 3520 usum
956 3464 1259 3528 invenisse,
1291 3473 1346 3518 et
1376 3477 1643 3533 gemmam
1676 3462 1835 3517 istam
1866 3462 1936 3518 ab
1970 3463 2063 3516 illo

492 3557 857 3612 Ncronianam
898 3559 1100 3613 dictam
1137 3576 1149 3611 :
1181 3559 1272 3611 alii
1307 3574 1436 3613 vero
1483 3557 1843 3612 Domitianam
1881 3558 2065 3629 appel-

497 3651 595 3703 lari
631 3650 861 3703 malunt.
901 3647 1041 3703 Sunt
1068 3658 1248 3703 autem
1281 3658 1335 3703 et
1367 3649 1458 3702 alii
1498 3648 1773 3720 smaragdi
1813 3668 1826 3704 :
1867 3658 1921 3703 et
1953 3650 2067 3719 pri-

497 3757 617 3795 mus
661 3741 880 3809 quidem
930 3740 1178 3794 nascitur
1223 3740 1276 3793 in
1322 3738 1530 3804 Iudaea,
1569 3737 1879 3795 Neroniano
1910 3740 2066 3796 valde

495 3832 688 3885 similis
728 3850 741 3885 :
777 3831 913 3886 alter
953 3846 1082 3886 vero
1125 3831 1181 3884 in
1235 3829 1554 3899 Aitliiopia,
1594 3845 1755 3900 quem
1804 3832 1967 3885 etiam
2010 3831 2065 3885 in

496 3920 730 3977 Pliisone
771 3920 935 3976 ﬂuvio
985 3923 1137 3976 nasci
1188 3921 1403 3976 dicunt.
1444 3921 1649 3976 Phison
1696 3931 1876 3977 autem
1920 3921 2064 3992 apud

494 4013 712 4066 Graecos
752 4010 948 4077 Indus,
1000 4012 1143 4083 apud
1194 4012 1469 4067 Barbaros
1513 4011 1729 4083 Ganges
1813 4022 2062 4069 vocatur.

494 4106 665 4159 Aiunt
694 4106 857 4159 etiam
894 4105 1288 4159 carbunculum
1319 4105 1374 4160 in
1419 4104 1520 4159 hoc
1551 4103 1714 4159 ﬂuvio
1753 4103 1917 4175 gigni.
1953 4104 2065 4158 Illic

493 4196 659 4259 enim,
697 4190 856 4264 227
888 4195 1065 4265 inquit
1106 4194 1280 4249 Moses
1305 4194 1344 4261 ί,
1377 4193 1750 4249 carbunculus
1773 4201 1827 4249 et
1854 4207 2066 4264 gemma

497 4285 772 4354 prasinus.
804 4280 1008 4337 Ferunt
1044 4293 1222 4338 autem
1269 4282 1618 4354 smaragdum
1660 4282 1867 4353 speculi
1894 4285 2067 4339 instar

498 4374 763 4443 imagines
799 4374 1047 4427 reddere.
1088 4373 1335 4427 Tradunt
1377 4374 1541 4427 etiam
1590 4372 1919 4429 l'abulatores
1956 4374 2065 4427 vim

496 4480 619 4519 cum
654 4462 850 4516 habere
879 4462 943 4516 ad
977 4462 1350 4531 prmdicendas
1384 4478 1472 4517 res
1513 4462 1747 4518 futuras.

1231 4595 1321 4650 IV.

568 4713 946 4769 Carbunculus
987 4727 1221 4783 gemma,
1250 4711 1489 4768 Puniceo
1533 4713 1718 4767 colore
1751 4711 1923 4768 ardet.
1959 4710 2068 4767 Na-

501 4801 674 4855 scitur
719 4800 772 4853 in
815 4799 1147 4867 Carthagine.
1191 4801 1409 4873 Libyae,
1448 4815 1569 4871 qua:
1617 4800 1820 4855 dicitur
1860 4800 2067 4856 Africa.

503 4891 642 4945 Sunt
678 4890 769 4959 qui
824 4890 897 4943 ita
932 4890 1167 4945 inveniri
1216 4891 1356 4945 hanc
1394 4906 1659 4962 gemmam
1703 4892 1888 4947 dicant
1929 4912 1941 4948 :
1980 4894 2067 4947 in-

502 4980 677 5035 terdiu
694 4978 913 5049 quidem
932 4994 1042 5035 non
1063 4979 1259 5040 videri.
1288 4981 1382 5035 sed
1410 4993 1574 5035 noctu
1607 4982 1779 5036 instar
1804 4982 2068 5053 lampadis

501 5082 557 5128 et
587 5072 839 5127 carbonis
871 5070 1222 5126 scintillantis
1252 5071 1468 5125 eminus
1490 5088 1553 5126 ac
1568 5074 1758 5142 procul
1782 5086 2062 5143 apparere.

502 5163 639 5217 Hinc
679 5160 917 5233 agnitam
958 5159 1051 5230 qui
1096 5175 1215 5214 eam
1259 5171 1530 5230 quarunt,
1568 5161 1726 5217 facile
1760 5163 2062 5216 inveniunt.

499 5251 718 5306 Gestala
747 5250 1164 5320 quibuscunque
1200 5251 1447 5306 vestibus
1476 5259 1710 5322 tegatur,
1751 5251 1920 5305 latere
1958 5264 2066 5303 non

498 5349 696 5412 potest.
737 5340 1008 5411 Splendor
1040 5341 1189 5395 enim
1222 5341 1343 5410 ejus
1380 5348 1535 5396 extra
1570 5349 1749 5395 vestes
1793 5347 2062 5410 apparet:

500 5433 642 5488 unde
691 5432 855 5488 etiam
911 5431 1282 5486 carbunculus
1336 5432 1660 5502 appellatur.
1717 5430 2064 5485 Carbunculo

499 5524 780 5588 nonnihil,
823 5538 1014 5594 parum
1058 5524 1310 5594 quidem,
1351 5524 1547 5580 similis
1587 5530 1670 5580 est
1716 5540 1929 5595 gemina
1966 5540 2056 5581 ce-

570 5702 590 5735 ⁸
615 5700 749 5759 Gen.
784 5717 845 5770 ιι,
873 5703 958 5758 12.
1035 5707 1054 5737 ³
1082 5702 1326 5776 εὕρηται.
1405 5706 1425 5738 ³
1455 5705 1530 5770 ὡς
1556 5705 1893 5776 ἀλάϐαστρον
1920 5746 1936 5771 ,
1973 5704 2057 5761 vel
2086 5705 2343 5776 Θηϐαίοις
2368 5704 2528 5759 τισίν.
2607 5706 2630 5737 ⁸
2672 5705 2884 5776 μικρός.

2137 538 2230 590 τοῦ
2261 538 2440 607 ἔαρος,
2467 540 2555 591 ὅτε
2579 541 2611 609 ὴ
2639 539 2779 608 ἁρχὴ
2813 538 2922 589 τῶν
2955 538 3159 590 παθῶν.

2876 665 2952 719 Β’.

2212 770 2371 838 Λίθος
2415 772 2694 838 τοπάζιον,
2740 775 2970 845 ἐρυθρὸς
3016 775 3094 847 τῷ
3127 774 3257 829 εῖδει
3311 774 3451 845 ὑπὲρ
3491 775 3583 830 τὸν
3614 778 3714 831 ἆν-

2140 861 2339 933 θρακα.
2399 862 2612 915 Γίνεται
2645 866 2665 895 ²
2699 863 2756 915 δὲ
2795 865 2852 916 ὲν
2900 863 3122 935 Τοπάζῃ
3176 864 3328 917 πόλει
3359 865 3457 935 τῆς
3506 863 3718 927 Ἰνδίας,

2141 953 2247 1005 ύπὸ
2270 953 2379 1005 τῶν
2409 954 2589 1007 ἐκεῖσέ
2629 971 2759 1008 ποτε
2791 954 2970 1019 λίθους
3000 955 3400 1024 λατομούντων,
3432 957 3489 1007 ἐν
3519 955 3719 1027 καρδίᾳ

2141 1043 2328 1112 ἐτέρου
2374 1041 2558 1094 λίθου·
2596 1042 2655 1095 ὃν
2697 1045 2746 1095 οἱ
2786 1043 3188 1113 λατομήσαντες
3233 1043 3562 1113 θεασάμενοι
3591 1060 3716 1109 φαι-

2140 1132 2285 1202 δρὸν,
2312 1131 2405 1184 καὶ
2436 1132 2812 1198 ύποδείξαντες
2855 1132 3191 1203 ἀλάϐαστρόν
3212 1149 3354 1185 τισιν
3389 1134 3430 1195 ³,
3461 1131 3721 1185 ἀπέδοντο

2143 1220 2322 1289 ὀλίγου
2360 1223 2685 1292 τιμήματος.
2715 1222 2940 1293 Θηϐαῖοι
2984 1223 3041 1276 δὲ
3093 1224 3473 1293 προσήνεγκαν
3499 1226 3565 1292 τῇ
3599 1224 3721 1276 κατ’

2144 1311 2349 1365 ἐκεῖνον
2378 1314 2567 1384 καιρὸν
2596 1314 2880 1388 βασιλίσσῃ
2903 1332 2917 1345 σ
2949 1317 2981 1385 ή
3006 1315 3063 1368 δὲ
3086 1313 3347 1380 λαϐοῦσα,
3371 1316 3428 1366 ὲν
3452 1314 3529 1384 τῷ
3552 1314 3723 1379 αὐτῆς

2143 1402 2433 1473 διαδήματι
2465 1406 2627 1475 μέσον
2668 1406 2761 1458 τοῦ
2801 1406 3051 1477 μετώπου
3094 1406 3396 1477 περιέθετο.
3430 1407 3583 1475 Ἔχει
3606 1405 3662 1457 δὲ
3695 1408 3725 1453 ὁ

2144 1496 2290 1559 λίθος
2317 1496 2546 1567 δοκιμὴν
2581 1496 2809 1550 τοιάνδεο
2835 1497 3171 1568 Τριϐὀμενος
3203 1500 3261 1551 ὲν
3290 1500 3503 1569 ἰατρικῇ
3530 1499 3728 1567 ἀκόνης

2146 1588 2245 1639 οὐκ
2280 1587 2510 1658 ἐρυθρὸν
2548 1587 2839 1641 ἀποδίδωσι
2892 1590 3033 1642 κατὰ
3059 1589 3120 1641 τὸ
3161 1588 3359 1660 χρῶμα
3407 1589 3499 1641 τὸν
3541 1589 3727 1659 χυλὸν,

2148 1678 2283 1731 ἀλλὰ
2314 1678 2659 1749 γαλακτώδη.
2710 1677 3042 1749 Ἐμπίπλησι
3074 1680 3131 1732 δὲ
3160 1679 3444 1753 κρατῆρας
3469 1680 3625 1743 ὅσους
3654 1680 3725 1733 ἂν

2153 1769 2282 1842 θέλῃ
2306 1768 2640 1839 ἁποτρίϐων,
2666 1769 2762 1822 xui
2783 1767 2876 1822 τοῦ
2899 1771 3164 1841 προτέρου
3190 1768 3431 1839 σταθμοῦ
3449 1770 3547 1822 οὐκ
3569 1771 3727 1822 ὲλατο

2152 1859 2339 1913 τοῦται
2372 1860 2479 1913 οὐδ’
2502 1858 2658 1923 ὅλως.
2690 1861 3029 1931 Χρησιμεύει
3053 1860 3109 1913 δὲ
3136 1862 3229 1913 καὶ
3252 1862 3279 1913 ό
3302 1859 3360 1925 ἐξ
3385 1858 3550 1913 αὐτοῦ
3572 1855 3728 1923 οὗτος

2151 1950 2313 2021 χυλὸς
2342 1950 2479 2022 πρὸς
2507 1950 2678 2014 πάθος
2707 1950 3022 2022 ὀφθαλμῶν.
3055 1952 3167 2004 Καὶ
3190 1951 3474 2020 πινόμενος
3501 1951 3557 2004 δὲ
3580 1952 3731 2005 am,

2155 2042 2320 2096 παθεῖ
2340 2042 2477 2113 πρὸς
2507 2040 2781 2112 ὕδρωπας,
2817 2042 2911 2095 xui
2933 2042 3058 2106 τοὺς
3092 2042 3200 2096 άπὸ
3225 2041 3503 2113 σταφυλῆς
3527 2041 3729 2096 θαλασ-

2156 2131 2277 2194 σίας
2318 2131 2767 2203 μαραινομένους.

2899 2268 2973 2322 Γ⁹.

2226 2374 2388 2439 Λίθος
2440 2376 2773 2448 σμάραγδος.
2806 2373 2973 2441 Οὗτος
3024 2379 3265 2433 καλεῖται
3315 2382 3409 2435 καὶ
3444 2382 3725 2452 πράσινος.

2158 2466 2311 2519 Ἐστι
2343 2467 2399 2519 δὲ
2430 2468 2523 2521 xui.
2574 2469 2781 2539 χλωρὸς
2829 2470 2906 2539 τῷ
2947 2470 3096 2535 εῖδει,
3146 2472 3239 2525 xui
3270 2472 3502 2542 διαφορά
3542 2488 3627 2534 τις
3668 2473 3731 2522 ὲν

2155 2558 2360 2621 αὐτοῖς.
2394 2552 2552 2622 Τινὲς
2587 2560 2685 2630 μὲν
2722 2560 2829 2629 γὰρ
2863 2561 3057 2623 αὐτοὺς
3103 2561 3482 2632 Νερωνιανοὺς
3532 2559 3731 2612 καλοῦ-

2160 2667 2271 2703 σιν·
2303 2649 2453 2703 ἄλλοι
2499 2651 2555 2703 δὲ
2600 2650 2973 2720 Δομετιανούς.
3023 2652 3133 2705 Καὶ
3175 2654 3204 2707 ὁ
3248 2653 3346 2722 μὲν
3392 2652 3733 2723 Νερωνιανὸς

2157 2739 2352 2809 πικρός
2382 2740 2402 2771 ’⁵
2430 2741 2546 2793 ἐστι
2568 2739 2644 2809 τῷ
2669 2739 2820 2806 εῖδει,
2846 2741 3047 2812 σφόδρα
3079 2742 3378 2813 χλωρίζων,
3405 2742 3603 2812 διειδὴς
3638 2743 3732 2795 καὶ

2159 2829 2410 2883 στίλϐων.
2458 2829 2756 2883 Καλεῖσθαι
2783 2829 2841 2883 δὲ
2873 2832 3213 2902 Νερωνιανὸν
3248 2831 3514 2900 λέγουσιν,
3557 2832 3734 2885 εἷτουν

2155 2920 2500 2991 Δομετιανὸν,
2540 2921 2629 2974 διὰ
2674 2921 2932 2993 τοιαύτην
2972 2924 3185 2997 αἰτίανο
3217 2926 3300 2978 ὅτι
3345 2925 3510 2993 φασὶν
3556 2924 3734 2977 ἔλαιον

2158 3010 2391 3083 Νέρωνα
2424 3010 2533 3064 εἴτε
2572 3013 2897 3083 Δομετιανὸν
2933 3014 2990 3066 ὲν
3034 3014 3248 3070 σκεύεσι
3286 3015 3466 3085 βαλεῖν
3501 3017 3730 3080 ἱκανοῖς,

2161 3100 2255 3153 xui.
2298 3102 2362 3153 ὲκ
2407 3100 2502 3153 τοῦ
2538 3101 2619 3155 ίοῦ
2651 3102 2727 3174 τῷ
2764 3103 2939 3175 χρόνῳ
2990 3104 3384 3175 χλωραίνεσθαι
3425 3106 3486 3158 τὸ
3532 3106 3733 3170 ἔλαιον,

2161 3192 2256 3245 καὶ
2281 3193 2344 3245 ἐκ
2373 3190 2560 3245 τούτου
2587 3193 2685 3263 τὴν
2713 3194 2917 3266 πέτραν
2942 3195 3300 3267 ποτιζομένην
3332 3197 3734 3268 περισσοτέρως

2160 3280 2401 3346 ἐξανθεῖν
2439 3285 2503 3353 τῇ
2540 3284 2716 3353 χροιᾷ.
2757 3283 2938 3337 ’Λλλοι
2971 3285 3028 3337 δέ
3059 3301 3189 3353 φασι
3225 3285 3454 3356 Νέρωνά
3487 3302 3609 3339 τινα
3638 3303 3727 3339 τε-

2162 3372 2348 3442 χνίτην
2380 3371 2486 3426 τῶν
2535 3372 2779 3427 παλαιῶν
2803 3375 3169 3446 πιναροποιὸν,
3203 3377 3377 3429 εῐτουν
3407 3375 3688 3447 λιθουργὸν
3714 3416 3732 3440 ,

2162 3463 2413 3532 ὲφευρεῖν
2462 3461 2522 3513 τὸ
2576 3462 3001 3530 ἀναγκαιότατον
3045 3462 3136 3516 τοῦ
3179 3463 3511 3535 σμαράγδου,
3544 3465 3637 3519 καὶ
3670 3465 3736 3517 ὲκ

2163 3552 2354 3606 τούτου
2407 3552 2749 3624 Νερωνιανὸν
2807 3554 3131 3607 καλεῖσθαι·
3184 3556 3234 3606 οἱ
3287 3555 3343 3607 δὲ
3390 3554 3733 3624 Δομετιανόν.

2180 3642 2338 3695 Ἀλλὰ
2369 3643 2463 3696 xui.
2500 3642 2647 3696 ἄλλοι
2695 3644 2798 3697 εἰσὶ
2838 3644 3158 3715 σμάραγδοι.
3203 3644 3261 3698 '0
3310 3645 3407 3715 μὲν
3437 3645 3650 3716 πρῶτος
3678 3646 3738 3696 ἐν

2165 3738 2231 3805 τῇ
2274 3734 2523 3805 Ἰουδαίᾳ,
2552 3736 2691 3788 πάνυ
2726 3736 2918 3799 ἐοικὼς
2942 3734 3021 3806 τῷ
3047 3735 3397 3807 Νερωνιανῷ.
3439 3735 3581 3807 Ὀιδὲ
3620 3736 3739 3788 ἓτε-

2168 3842 2258 3897 ρος
2290 3828 2347 3879 ὲν
2370 3828 2436 3897 τῇ
2479 3825 2757 3898 Δίθιοπία,
2793 3827 2853 3881 δν
2886 3828 2981 3881 καὶ
3010 3830 3067 3881 ὲν
3088 3827 3167 3898 τῷ
3206 3827 3470 3882 Φεισσῶνι
3506 3826 3738 3897 ποταμῷ

2164 3917 2378 3985 λέγεται
2407 3918 2785 3989 γεγεννῆσθαι.
2826 3918 3065 3974 Φεισσὼν
3092 3919 3149 3973 δέ
3194 3921 3349 3975 ἔστιν
3378 3922 3406 3972 ὁ
3445 3918 3597 3989 παρὰ
3622 3919 3736 3980 τοῖς

2168 4009 2423 4079 Ἕλλησιν
2464 4008 2619 4072 Ἰνδὸς
2641 4009 2991 4081 καλούμενος,
3033 4010 3184 4082 παρὰ
3214 4011 3327 4073 τοῖς
3351 3992 3654 4079 Βαρϐάροις
3678 4008 3736 4061 δὲ

2166 4104 2403 4173 Γάγγης.
2433 4102 2665 4171 Λέγουσι
2696 4101 2754 4154 δὲ
2782 4101 2876 4154 καὶ
2906 4099 2998 4152 τὸν
3035 4098 3283 4169 ἄνθρακα
3319 4100 3377 4152 ἐν
3413 4098 3560 4168 αὑτῷ
3590 4099 3735 4166 γίνε-

2169 4198 2311 4253 σθαι.
2349 4198 2494 4251 Ἐκεῖ
2514 4196 2643 4268 γὰρ,
2673 4194 2855 4265 φησὶν,
2880 4194 2908 4247 ὁ
2934 4189 3161 4265 ἄνθραξ,
3188 4192 3282 4246 xui
3313 4192 3343 4244 ό
3366 4191 3512 4255 λίθος
3537 4192 3567 4243 ὁ
3596 4191 3737 4261 πρά-

2168 4307 2332 4353 σινος.
2376 4289 2441 4342 ’11
2470 4288 2532 4342 δὲ
2558 4288 2808 4357 δύναμις,
2853 4286 3004 4355 φασὶ,
3040 4284 3135 4339 τοῦ
3174 4284 3342 4349 λίθου,
3389 4284 3589 4354 δηλαδὴ
3641 4284 3736 4335 τοῦ

2169 4377 2504 4449 σμαράγδου,
2534 4379 2670 4450 πρὸς
2698 4376 2758 4428 τὸ
2784 4373 3195 4446 ὲνοπτρίζεσθαι
3225 4374 3532 4443 πρόσωπον.
3567 4372 3737 4439 Λέγε-

2098 4497 2140 4551 D
2169 4487 2256 4523 ται
2286 4469 2344 4523 δὲ
2376 4468 2527 4539 παρά
2560 4468 2671 4529 τοῖς
2706 4465 3020 4537 μυθοποιοῖς
3058 4464 3464 4538 προγνωστικὸς
3503 4460 3658 4517 εἶναι.
3770 4516 3773 4521 ,

2918 4596 2992 4653 Δ’.

2238 4712 2398 4777 Λίθος
2423 4712 2645 4784 ἄνθραξ.
2676 4706 2841 4776 Οὗτος
2865 4707 3004 4773 εἶδος
3037 4709 3343 4779 ξυφοίνικον
3367 4708 3388 4741 ⁸
3417 4708 3549 4779 ἔχει.
3583 4706 3735 4763 Γίνε-

2164 4820 2253 4858 ται
2282 4802 2339 4855 δὲ
2382 4803 2440 4854 ὲν
2476 4800 2782 4872 Καρχηδόνι
2822 4801 2919 4869 τῆς
2954 4799 3180 4867 Λιϐύης,
3207 4799 3330 4867 ἥτις
3362 4796 3595 4866 Ἀφρικὴ
3630 4814 3733 4849 κα-

2164 4896 2357 4947 λεῖται.
2391 4893 2608 4963 ’Έτεροι
2645 4892 2701 4943 δέ
2733 4908 2863 4961 φασι
2907 4888 2998 4942 τὸν
3034 4887 3178 4943 λίθον
3222 4886 3409 4941 τοῦτον
3443 4887 3613 4951 οὓτως
3642 4889 3729 4940 εὐ-

2168 4983 2470 5056 ρίσκεσθαι,
2501 4985 2600 5037 οὐκ
2628 4985 2685 5036 ὲν
2708 4982 2889 5054 ἡμέρᾳ
2916 4982 3397 5051 κατοπτευόμενον,
3429 4980 3563 5034 ἀλλὰ
3595 4979 3736 5033 κατὰ

2167 5076 2263 5145 τὴν
2323 5075 2493 5129 νύκτα
2539 5073 2818 5145 πόρρωθεν
2862 5072 3018 5134 δίκην
3063 5070 3341 5142 λαμπάδος
3379 5070 3412 5141 ἢ
3466 5069 3736 5137 ἄνθρακος

2168 5163 2629 5235 σπινθηρίζοντος,
2687 5164 2781 5216 xui.
2834 5163 2908 5226 ὠς
2956 5162 3227 5234 μακρόθεν
3275 5163 3573 5230 φαίνοντος.
3624 5160 3733 5213 Καὶ

2164 5254 2349 5308 τούτου
2381 5255 2851 5323 ἐπιγινώσκοντες,
2886 5252 2932 5305 οἱ
2967 5252 3155 5305 τοῦτον
3181 5250 3597 5322 ἀνερευνῶντες,
3640 5252 3741 5319 ῥᾳ-

2162 5344 2288 5408 δίως
2323 5345 2667 5416 εὑρίσκουσιν
2708 5344 2889 5398 αὐτόν.
2936 5342 3346 5412 Βασταζόμενον
3378 5340 3434 5394 δὲ
3477 5338 3734 5392 ἀδύνατον

2161 5434 2461 5489 διαλαθεῖν·
2517 5435 2721 5498 ὁποίοις
2759 5433 2867 5506 γὰρ
2911 5435 2977 5488 ἂν
3031 5434 3263 5505 ἱματίοις
3312 5430 3653 5503 κατακρυσῇ,
3700 5431 3733 5498 ἠ

2162 5526 2457 5596 ἁνταύγεια
2500 5525 2664 5581 αὑτοῦ
2710 5526 2907 5593 ἔξωθεν
2951 5525 3051 5595 τῆς
3103 5524 3393 5595 περιϐολῆς
3446 5523 3733 5593 φαίνεταιο

2983 5705 3003 5737 ⁵
3026 5702 3387 5770 ὀξυφοίνικον.

3603 341 3713 396 206
3823 385 3841 399 .
