4034 6216
254 355 298 386 ”
342 403 442 460 297

1574 403 1659 456 DE
1697 402 1791 457 XII
1833 403 2100 461 GEMMIS
2139 405 2360 459 LIBER.

3486 404 3590 459 298

337 526 460 578 ὅθεν
507 523 599 576 καὶ
643 521 848 593 ἄνθραξ
887 511 1168 594 κέκληται.
1203 523 1413 592 ’ὓλίγον
1457 525 1513 576 δὲ
1545 527 1572 578 6
1626 526 1909 596 κεραύνιος

2019 529 2264 590 raunius,
2300 541 2462 595 quem
2497 527 2662 596 aliqui
2687 527 2914 580 οἰνωπόν
2941 540 2968 579 a
3001 527 3114 581 vini
3142 526 3460 597 nigricantis
3495 542 3591 580 co-

337 618 482 680 λίθος
513 615 662 686 αὐτῷ
711 615 874 670 ἔοικε.
922 614 1163 670 Καλοῦσι
1197 617 1252 670 δὲ
1289 617 1380 670 τὸν
1430 618 1751 688 κεραύνιον,
1807 620 1917 672 οἱν-

337 708 506 762 ωπόν.
524 708 678 760 Ἔστι
701 707 756 760 δὲ
773 709 799 760 6
819 707 1182 778 Χαλκηδόνιος
1199 709 1211 737 ¹
1232 707 1566 778 καλούμενος
1585 708 1730 772 λίθος
1746 726 1916 779 παρα-

338 797 565 867 πλήσιος
601 796 792 866 τούτῳ,
837 797 920 850 ὅτι
969 799 1064 851 καὶ
1104 800 1171 852 ἐκ
1204 797 1295 851 τοῦ
1343 799 1506 852 αὐτοῦ
1556 799 1720 853 τόπου
1767 801 1916 871 εὑρί-

340 904 551 944 σκεται.

1091 1002 1164 1056 E’.
1188 1073 1207 1085 τ

410 1093 570 1158 Λίθος
597 1094 895 1168 σάπφειρος
941 1095 1308 1167 πορφυρίζων,
1337 1097 1413 1158 ὡς
1443 1095 1677 1166 βλάττης
1704 1095 1914 1168 πορφύ-

341 1203 442 1257 ρας
466 1185 542 1254 (9)
578 1185 678 1256 τῆς
710 1187 968 1260 μελαίνης
995 1189 1054 1240 τὸ
1076 1185 1234 1251 εἶδος.
1271 1186 1446 1240 Πολλά
1470 1187 1525 1242 δὲ
1559 1187 1688 1259 γένη
1720 1187 1914 1241 τούτου

339 1278 697 1348 ὑπάρχουσιν.
747 1280 902 1332 Ἔστι
941 1279 1048 1350 γὰρ
1088 1279 1116 1330 6
1171 1279 1467 1349 βασιλικὸς,
1519 1280 1911 1350 χρυσοστιγής·

339 1370 399 1423 οὗ
427 1371 568 1424 πάνυ
589 1371 645 1424 δὲ
660 1365 815 1435 οὗτος
841 1371 1276 1443 θαυμαζόμενος,
1295 1373 1369 1435 ὡς
1395 1375 1423 1425 6
1443 1372 1616 1426 διόλου
1645 1372 1916 1443 πορφυρί-

340 1463 469 1526 ζων.
504 1463 614 1516 Καὶ
635 1457 789 1527 οὗτος
816 1463 872 1516 δὲ
899 1462 1114 1532 λέγεται
1140 1459 1282 1517 εἶναι
1316 1465 1373 1517 ὲν
1400 1466 1465 1535 τῇ
1514 1465 1673 1536 Ἰνδίᾳ
1699 1466 1795 1518 καὶ
1821 1468 1917 1518 Αἰσ-

343 1552 548 1624 θιοπια.
585 1555 675 1606 Διὸ
717 1556 779 1607 τὸ
810 1555 1034 1625 τέμενος
1071 1556 1221 1626 παρά
1244 1555 1428 1619 Ἰνδοῖς
1457 1557 1620 1626 φασὶν
1660 1553 1797 1611 εἶναι
1819 1557 1913 1610 τοῦ

339 1643 594 1696 Διονύσου
622 1644 729 1710 τξε’
753 1644 1102 1715 ἀναϐαθμοὺς
1133 1643 1254 1715 ἔχον
1289 1648 1352 1698 ὲκ
1393 1646 1696 1718 σαπφείρου
1738 1647 1912 1714 λίθου,

339 1733 387 1783 εἰ
411 1733 502 1784 καὶ
530 1736 641 1796 τοῖς
670 1733 881 1796 πολλοῖς
910 1733 1144 1804 ὑπάρχει
1165 1734 1410 1788 ἄπιστον.
1440 1736 1595 1788 Ἔστι
1622 1736 1676 1789 δὲ
1704 1735 1916 1808 θαυμα-

342 1823 466 1886 στὸς
489 1827 517 1877 6
540 1824 685 1887 λίθος
727 1825 820 1878 καὶ
853 1826 1245 1890 εὐειδέστατος,
1286 1828 1380 1880 καὶ
1409 1826 1788 1899 χαριέστατος.
1821 1829 1915 1882 Διὸ

339 1916 434 1968 καὶ
463 1917 519 1969 ὲν
551 1919 661 1980 τοῖς
686 1919 705 1948 ⁸
736 1916 938 1986 χλιδόσι
964 1919 1058 1972 καὶ
1082 1919 1368 1990 ὁρμίσκοις
1409 1919 1761 1974 κατατιθέασι
1789 1920 1911 1973 τοῦ-

336 2026 447 2071 τον,
475 2009 707 2078 μάλιστα
737 2013 786 2063 οἱ
821 2010 1081 2080 βασιλεῖς.
1111 2009 1448 2077 ’Δλεξίπονος
1474 2012 1531 2065 δέ
1557 2014 1691 2067 ἐστι.
1724 2012 1912 2083 Τριϐό-

341 2118 498 2170 μενος
542 2100 652 2171 γὰρ
683 2103 776 2155 καὶ
831 2103 1120 2174 ψυδράκων
1170 2103 1264 2156 καὶ
1315 2104 1579 2174 φυμάτων
1621 2107 1910 2175 γινομένας

338 2192 549 2262 πληγὰς
571 2193 668 2246 σὺν
691 2193 922 2261 γάλακτι
946 2196 1111 2261 ἰᾶται,
1135 2195 1422 2267 χριόμενος
1443 2199 1556 2260 τοῖς
1577 2197 1911 2268 ήλκωμένοις

336 2283 541 2347 τόποις.
578 2285 888 2356 Γέγραπται
933 2286 989 2339 δὲ
1016 2288 1110 2340 καὶ
1159 2287 1218 2340 ὲν
1255 2286 1334 2358 τῷ
1362 2288 1533 2358 νόμῳ,
1575 2287 1673 2359 τὴν
1703 2288 1906 2358 Μωῦσῇ

334 2374 593 2443 ὀφθεῖσαν
634 2376 898 2431 ὀπτασίαν
921 2379 978 2430 ὲν
1015 2377 1095 2448 τῷ
1127 2377 1264 2449 δρει,
1303 2378 1397 2432 καὶ
1421 2376 1662 2430 δοθεῖσαν
1688 2377 1910 2448 νομοθεο-

337 2467 477 2534 σίαν,
511 2469 603 2521 ἐπὶ
632 2469 780 2522 λίθου
809 2470 1110 2542 σαπφείρου
1137 2471 1436 2540 πεφυκέναι
1466 2470 1703 2538 λέγεται.

406 2753 564 2816 Λίθος
596 2756 800 2816 ἴασπις.
841 2748 1006 2818 Οὗτός
1049 2756 1163 2807 ἐστι
1202 2755 1278 2824 τῷ
1324 2755 1451 2808 εῖδει
1503 2751 1906 2825 σμαραγδίζων,

336 2848 488 2916 παρὰ
532 2846 585 2900 δὲ
616 2847 685 2899 τὰ
717 2847 868 2920 χείλη
909 2848 999 2901 τοῦ
1040 2847 1420 2920 θερμώδοντος
1470 2845 1716 2917 ποταμοῦ
1757 2845 1910 2914 εὑρί-

338 2957 546 3006 σκεται,
587 2939 680 2993 καὶ
719 2917 846 3010 πέρι
884 2939 1244 3009 Ἀμαθοῦντα,
1277 2941 1338 2993 οὐ
1377 2941 1502 3003 τοὺς
1539 2942 1596 2995 ὲν
1631 2939 1838 3013 Κύπρῳ
1869 2941 1907 2992 ³.

335 3029 477 3085 Ἀλλ’
510 3031 624 3085 ἔστι
673 3032 828 3100 γένος
874 3031 1007 3085 πολὺ
1053 3032 1385 3103 καλούμενον
1425 3032 1803 3104 ’Δμαθούσιον.
1838 3032 1910 3085 Τὸ

335 3122 475 3188 εἶδος
520 3124 576 3178 δὲ
619 3124 820 3178 τοιόνδε
858 3125 974 3176 ἐστὶ
1017 3123 1110 3178 τοῦ
1148 3124 1324 3178 λίθου·
1361 3123 1519 3178 Κατὰ
1557 3125 1656 3196 τὴν
1697 3125 1909 3197 σμάρα-

2020 617 2132 670 lore
2166 617 2578 684 cognominant.
2616 617 2707 671 Est
2754 621 2918 672 etiam
2954 634 3164 688 gemma
3196 619 3344 673 dicta
3368 618 3593 673 carche-

2018 709 2216 763 douius
2255 725 2359 763 uon
2399 710 2668 766 absimilis
2703 713 2851 774 huic,
2879 713 3136 783 quoniam
3170 719 3224 766 et
3253 712 3453 768 ibidem
3485 711 3591 768 loci

2019 803 2308 873 reperitur.
3199 805 3222 822 ’

2777 997 2836 1053 V.

2089 1089 2395 1161 Sapphirus
2422 1105 2634 1162 gemma
2667 1089 3039 1160 purpurascit,
3073 1097 3130 1143 ut
3154 1091 3363 1160 species
3383 1090 3587 1151 blattae.

2019 1180 2070 1233 id
2106 1189 2215 1245 est,
2245 1197 2500 1252 purpurae
2529 1182 2716 1251 nigrae.
2745 1180 2912 1235 Multa
2944 1189 3074 1236 sunt
3097 1181 3219 1250 ejus
3245 1197 3464 1250 genera.
3495 1185 3592 1237 Est

2018 1273 2161 1327 enim
2212 1273 2417 1342 regius,
2463 1273 2646 1328 aureis
2686 1275 2906 1342 punctis
2951 1272 3155 1327 varius.
3197 1271 3309 1325 Non
3345 1279 3430 1326 est
3462 1287 3590 1326 vero

2018 1363 2107 1420 hic
2143 1365 2196 1418 in
2239 1372 2389 1420 tanta
2431 1365 2818 1431 admiratione,
2857 1375 3062 1435 quanta
3104 1364 3194 1419 ille
3235 1364 3328 1432 qui
3363 1380 3590 1434 prorsus

2017 1456 2387 1524 purpurascit.
2420 1453 2487 1509 Et
2528 1455 2615 1510 hic
2653 1455 3000 1511 dicituresse
3037 1469 3164 1511 eum
3203 1457 3254 1510 in
3290 1455 3439 1510 India
3477 1465 3588 1511 tum

2015 1549 2178 1600 etiam
2203 1547 2256 1602 in
2279 1547 2586 1617 IEthiopia.
2616 1547 2887 1614 Quocirca
2912 1550 3068 1603 aiunt
3096 1548 3238 1618 apud
3263 1547 3425 1604 Indos
3455 1558 3590 1603 tem-

2017 1641 2163 1710 plum
2207 1648 2548 1696 exstructum
2597 1640 2811 1696 Baccho
2839 1648 3076 1704 exstare,
3113 1641 3491 1712 quodgradus
3523 1657 3588 1695 ex

2018 1731 2282 1802 sapphiro
2341 1741 2618 1788 trecentos
2689 1734 2974 1802 sexaginta
3031 1734 3274 1804 quinque
3347 1733 3587 1799 habeat,

2017 1823 2268 1891 quamvis
2326 1823 2480 1877 multi
2545 1824 2702 1879 ﬁdem
2769 1840 2872 1879 non
2933 1825 3246 1880 adhibeant.
3301 1825 3397 1881 Est
3461 1842 3590 1880 vero

2019 1927 2230 1982 gemma
2266 1912 2627 1975 admirabilis,
2653 1913 3038 1982 pulcherrima,
3068 1914 3376 1984 gratissima
3412 1933 3425 1968 :
3463 1929 3590 1983 pro-

2021 2012 2207 2075 pterea
2246 2004 2408 2059 etiam
2451 2003 2505 2058 in
2547 2005 2777 2060 armillis
2817 2012 2870 2059 et
2905 2005 3202 2060 monilibus
3238 2006 3424 2075 reponi
3455 2021 3588 2060 cou-

2021 2095 2215 2159 suevit,
2259 2094 2422 2164 idque
2470 2095 2814 2163 potissimum
2846 2110 2878 2149 a
2913 2097 3155 2166 regibus.
3183 2094 3386 2151 Locum
3426 2097 3590 2150 etiam
3637 2118 3644 2122 ·

2021 2187 2166 2240 inter
2215 2185 2454 2240 remedia
2513 2186 2696 2240 habet.
2750 2187 2947 2241 Attrita
3003 2188 3148 2242 enim
3193 2194 3244 2241 et
3298 2186 3420 2241 lacti
3468 2203 3582 2257 per-

2020 2278 2180 2333 mista
2219 2279 2392 2348 plagis
2436 2294 2557 2348 qua}
2591 2277 2728 2332 fiunt
2756 2294 2821 2333 ex
2869 2280 3102 2348 pustulis
3145 2280 3284 2334 albis
3315 2288 3369 2335 et
3408 2279 3585 2335 tuber-

2018 2371 2159 2425 culis
2191 2371 2459 2435 medetur,
2485 2371 2530 2424 si
2569 2371 2680 2425 illis
2721 2371 2986 2427 illinatur.
3017 2369 3294 2440 Scriptum
3327 2380 3412 2428 est
3439 2378 3492 2426 et
3537 2373 3588 2423 in

2019 2462 2158 2532 lege,
2190 2463 2457 2518 visionem
2491 2479 2614 2532 qum
2651 2463 2786 2519 Mosi
2818 2464 3068 2532 apparuit
3109 2463 3162 2516 in
3190 2475 3392 2527 monte,
3429 2471 3484 2517 et
3521 2463 3586 2514 Ie-

2019 2571 2137 2625 gem
2180 2557 2387 2621 datam,
2424 2557 2479 2611 in
2521 2571 2733 2628 gemma
2763 2556 3024 2627 sapphiro
3050 2555 3223 2611 fuisse
3253 2569 3588 2624 expressam.

2759 2670 2844 2726 Vl.

2011 2810 2013 2812 .
2087 2763 2268 2833 Jaspis
2322 2780 2556 2834 gemma.
2606 2764 2728 2820 Ilaec
2769 2766 3116 2835 smaragdum
3159 2763 3328 2818 forma
3362 2762 3588 2832 (colore)

2020 2855 2206 2911 refert.
2249 2855 2526 2910 Invenitur
2565 2858 2636 2912 ad
2669 2857 2816 2926 ripas
2868 2855 3288 2911 Thermodontis
3331 2853 3502 2914 fluvii,
3536 2862 3587 2906 et

2019 2947 2164 3000 circa
2219 2947 2603 3002 Amathuntem
2658 2949 2824 3018 228
2882 2947 3140 3018 oppidum
3187 2947 3372 3017 Cypri.
3414 2943 3588 3014 Hujus

2018 3036 2148 3094 vero
2194 3038 2394 3107 lapidis
2424 3039 2731 3094 Amathusii
2777 3038 2907 3093 dicti
2961 3038 3133 3092 multa
3182 3044 3313 3094 sunt
3359 3053 3584 3108 genera.

2017 3129 2172 3197 Quod
2205 3130 2270 3184 ad
2301 3130 2563 3196 colorem,
2601 3129 2740 3184 viret
2773 3139 2829 3185 ut
2861 3129 3217 3199 smaragdus;
3250 3127 3346 3184 sed
3382 3135 3466 3185 est
3487 3129 3587 3183 ob-

333 3218 461 3286 γδόν
499 3217 616 3271 ἐστι
642 3215 1000 3287 χλωρίζοιισα,
1041 3216 1175 3269 ἀλλὰ
1201 3216 1516 3288 ἀμϐλυτέρα
1539 3217 1631 3269 καὶ
1670 3217 1909 3287 ἀμαυρο-

2018 3221 2190 3278 tusior
2207 3230 2262 3278 et
2286 3221 2556 3278 hebetior.
2589 3221 2738 3278 Intus
2761 3237 2962 3293 corpus
2988 3223 3153 3277 habet
3177 3222 3369 3288 viride,
3393 3222 3589 3277 similis

337 3306 490 3377 τέρα.
527 3306 638 3360 Καὶ
666 3304 875 3359 ἔνδοθεν
917 3303 1121 3376 χλωρὸν
1153 3303 1266 3376 ἔχει
1299 3305 1360 3359 τὸ
1391 3305 1570 3376 σῶμα,
1615 3306 1822 3358 ἐοικυῖα
1850 3304 1912 3375 ἰῷ

339 3395 563 3467 χαλκοῦ,
625 3395 797 3466 ἔχοντι
833 3394 1034 3466 φλέϐας
1083 3397 1502 3469 τετραστίχους·
1551 3396 1626 3460 ὡς
1667 3397 1722 3450 δὲ
1755 3396 1912 3450 τοῦτο

339 3489 652 3557 ἠκούσαμεν
677 3485 815 3541 εἷναι
841 3487 1160 3558 φαντασίας,
1186 3489 1261 3552 ὡς
1285 3491 1333 3542 οἱ
1365 3489 1649 3560 μυθολόγοι
1676 3492 1695 3520 ’⁸
1724 3489 1904 3558 λέγου-

338 3597 445 3633 σιν.
497 3580 665 3650 ’Λλλη
707 3581 763 3633 δέ
798 3583 914 3634 ἐστι
947 3581 1286 3654 γλαυκοτέρα
1313 3581 1608 3650 θαλάσσης,
1642 3581 1910 3652 βαθυτέρα

336 3671 416 3743 τῷ
441 3671 588 3725 ἄνθει
620 3672 713 3724 καὶ
743 3675 808 3744 τῇ
851 3672 1016 3744 βαφῇ.
1057 3673 1223 3743 ’Λλλη
1259 3673 1314 3726 δὲ
1361 3677 1417 3727 ἐν
1451 3677 1561 3737 τοῖς
1610 3673 1907 3745 σπηλαίοις,

337 3763 396 3816 ὲν
425 3763 500 3834 τῷ
537 3763 651 3834 ὄρει
693 3766 789 3834 τῆς
837 3765 979 3834 Ἴδης
1011 3767 1067 3817 ὲν
1104 3767 1168 3834 τῇ
1212 3766 1438 3837 Φρυγίᾳ,
1487 3768 1816 3837 ὁμοιάςουσα
1843 3769 1907 3836 τῇ

338 3855 447 3908 ἀπὸ
472 3853 562 3907 τοῦ
584 3855 812 3923 αἵματος
831 3855 850 3885 ⁸
876 3854 1086 3924 κόχλου,
1103 3855 1460 3926 διαυγεστέρα
1489 3855 1705 3926 μᾶλλον,
1724 3855 1910 3926 ὥσπερ

326 3948 464 4016 οἴνῳ
491 3945 838 4015 ὁμοιάζουσα,
873 3945 905 4016 ἦ
942 3945 1247 4015 ἀμεθύστων
1291 3946 1586 4018 ξανθοτέρα
1620 3949 1659 4002 ⁸.
1696 3949 1770 3999 Οὐ
1801 3947 1910 4019 γάρ

337 4039 452 4090 ἐστι
505 4039 632 4107 μιᾶς
681 4039 886 4107 χροιᾶς,
928 4039 1047 4091 οὐδὲ
1091 4039 1188 4109 τῆς
1225 4039 1393 4109 αὐτῆς
1439 4038 1738 4108 δυνάμεως.
1769 4039 1909 4090 Ἀλλ’

337 4129 370 4197 ἡ
421 4127 518 4196 μὲν
568 4127 680 4180 ἐστι
724 4129 1043 4198 χαυνοτέρα,
1084 4128 1176 4182 καὶ
1231 4127 1547 4197 λευκοτέρα,
1594 4127 1715 4180 οὔτε
1769 4131 1908 4182 πάνυ

339 4218 645 4284 στίλϐουσα,
680 4218 802 4272 οὔτε
838 4219 997 4272 πάλιν
1031 4219 1362 4272 ἀποδέουσα·
1391 4218 1521 4289 ἄλλη
1551 4217 1606 4269 δὲ
1639 4216 1908 4288 κρυστάλ-

334 4311 427 4362 λου
482 4310 634 4364 ὕδατι
690 4312 869 4382 ὁμοία.
906 4313 1140 4380 Λέγεται
1184 4311 1239 4365 δὲ
1289 4311 1394 4364 ὑπὸ
1434 4311 1541 4363 τῶν
1602 4309 1910 4380 μυθοποιῶν

336 4403 468 4466 ἄκος
511 4400 644 4457 εἶναι
699 4405 1004 4474 φαντασιῶν
1038 4406 1078 4458 ⁷.
1134 4403 1346 4475 Εὑρέθη
1391 4403 1448 4456 δὲ
1497 4403 1645 4474 παρά
1697 4401 1909 4472 Ἴϐηρσι

338 4495 430 4547 καὶ
460 4495 714 4565 ποιμέσιν
755 4495 1034 4567 Ὑρκανῶν
1063 4497 1174 4560 τοῖς
1203 4497 1343 4549 κατὰ
1372 4496 1468 4566 τὴν
1501 4494 1755 4547 Κασπίαν
1784 4495 1907 4564 γῆν.

2013 3314 2267 3383 zerugiui,
2317 3314 2591 3385 habetque
2650 3331 2819 3370 venas
2867 3323 3104 3386 quatuor
3143 3313 3418 3369 ordinum.
3465 3311 3588 3367 Hace

2014 3404 2178 3459 noxia
2212 3405 2600 3474 phantasmata
2632 3407 2880 3477 expellit,
2904 3416 2963 3461 ut
2994 3405 3215 3476 quidam
3253 3406 3585 3461 fabulantur.

2015 3497 2108 3551 Est
2149 3506 2201 3551 et
2244 3499 2350 3552 alia
2396 3500 2570 3570 magis
2615 3500 2804 3569 glauca
2857 3515 3018 3570 quam
3072 3514 3243 3563 mare,
3294 3499 3590 3553 saturatior

2015 3588 2149 3642 ﬂore
2173 3595 2230 3642 et
2263 3588 2524 3643 tinctura.
2551 3589 2670 3642 Alia
2698 3591 2970 3660 reperitur
2993 3591 3047 3643 in
3078 3589 3356 3659 speluncis
3387 3591 3583 3644 montis

2015 3679 2120 3732 Idae
2152 3677 2208 3732 in
2243 3677 2500 3750 Phrygia,
2546 3680 2874 3750 pellucidior
2913 3695 3156 3750 purpura
3181 3695 3303 3749 quae
3347 3679 3584 3734 cochleae

2013 3769 2241 3825 marinae
2272 3772 2541 3842 sanguine
2571 3772 2886 3841 tingitur,et
2918 3772 3028 3826 vini
3063 3771 3383 3842 nigricantis
3415 3770 3584 3826 colori

2013 3861 2266 3925 similior,
2284 3862 2590 3935 amethysto
2606 3863 3037 3918 saturatior.Nec
3054 3865 3195 3918 enim
3211 3880 3240 3916 ιι
3250 3864 3370 3917 nius
3383 3870 3435 3916 et
3450 3863 3496 3931 ej
3507 3878 3582 3916 us,

2014 3955 2133 4006 dem
2157 3953 2357 4010 coloris
2375 3970 2436 4008 ac
2457 3954 2732 4010 facultatis
2749 3955 3051 4026 estjaspis;
3084 3955 3176 4009 sed
3215 3955 3328 4009 haec
3367 3955 3583 4024 quidem

2014 4045 2230 4100 mollior
2259 4056 2342 4101 est
2373 4055 2426 4101 et
2465 4047 2660 4111 albior,
2687 4063 2807 4116 qua:
2841 4063 3017 4117 neque
3041 4046 3198 4101 valde
3225 4047 3378 4112 nitet,
3411 4061 3584 4117 neque

2013 4152 2209 4192 rursus
2233 4137 2528 4208 Splendore
2554 4139 2908 4206 destituitur;
2934 4140 3037 4194 alia
3062 4156 3190 4194 vero
3216 4141 3411 4196 similis
3433 4157 3583 4212 aqu-.r

2014 4228 2230 4297 glacici.
2268 4228 2517 4283 Tradunt
2548 4229 2887 4286 fabulatores
2917 4231 3020 4286 hac
3045 4231 3162 4301 ipsa
3194 4233 3321 4303 pelli
3351 4234 3573 4305 phanta-

2013 4330 2210 4373 smata.
2250 4318 2532 4376 Invenitur
2576 4330 2760 4376 autem
2811 4322 2954 4391 apud
3004 4324 3190 4380 Iberos
3237 4331 3290 4378 et
3336 4333 3582 4395 pastores

2014 4409 2321 4480 Hyrcanos,
2370 4412 2460 4481 qui
2516 4421 2720 4467 terram
2773 4413 3029 4484 Caspiam
3075 4415 3349 4470 accolunt.
3387 4415 3483 4470 Est
3531 4428 3582 4469 et

2015 4503 2157 4560 alius
2203 4504 2401 4574 jaspis,
2428 4521 2536 4559 non
2593 4506 2750 4562 valde
2805 4506 3125 4578 splendens,
3159 4508 3376 4564 viridis.
3411 4508 3505 4564 Est
3533 4519 3583 4563 ct

339 4583 506 4654 Ἀλλη
544 4583 601 4636 δὲ
651 4583 858 4649 ἴασπις,
904 4585 964 4637 οὐ
1017 4584 1156 4639 πάνυ
1200 4583 1744 4656 λάμπουσα,χλιι)ρά,
1789 4584 1908 4654 ἥτις

2015 4597 2157 4651 alius
2187 4596 2326 4651 idem
2346 4599 2594 4668 antiquus
2627 4607 2875 4662 vocatus,
2899 4600 3097 4656 similis
3122 4601 3233 4655 nivi
3261 4616 3355 4657 seu
3379 4617 3580 4671 spumae

335 4675 448 4746 ἔχει
480 4677 742 4747 γραμμὰς
784 4675 972 4746 μέσας.
1003 4677 1110 4730 Καὶ
1155 4677 1311 4740 ἀλλος
1351 4676 1536 4736 ἴασπις
1573 4675 1602 4725 6
1647 4674 1905 4740 παλαιὸς

335 4767 685 4838 καλούμενος,
708 4769 892 4838 ὅμοιος
919 4767 950 4837 ἦ
992 4768 1147 4839 χιόνι,
1179 4767 1210 4838 ἦ
1251 4766 1410 4838 ἀφρῷ
1445 4767 1738 4836 θαλάσσης.
1771 4765 1906 4818 Τοῦ-

333 4859 426 4911 τόν
461 4875 619 4927 φασιν
643 4859 693 4911 οἱ
721 4857 1001 4928 μυθοποιοὶ
1028 4860 1154 4921 τοὺς
1183 4857 1353 4929 θῆρας
1384 4857 1508 4918 τοὺς
1545 4858 1602 4909 ὲν
1621 4853 1779 4926 ἀγρῷ
1813 4872 1907 4923 φο·

333 4948 566 5014 ϐεἶσθαι,
589 4950 684 5002 καὶ
710 4951 777 5003 τά
811 4950 1090 5020 φάσματα.

1075 5085 1144 5138 Z'.

398 5178 559 5241 Λίθος
600 5177 839 5246 λιγύριον
872 5179 912 5230 ⁸.
944 5177 1144 5230 Τούτου
1186 5178 1239 5230 δὲ
1270 5178 1366 5248 τὴν
1410 5178 1624 5251 εὕρεσιν
1651 5179 1904 5250 οὐδαμῶς

330 5269 595 5340 ἔγνωμεν,
630 5268 752 5323 οὗτε
797 5269 945 5340 παρὰ
988 5269 1339 5339 φυσιολόγοις,
1390 5271 1510 5323 οὕτε
1559 5272 1708 5342 παρά
1761 5289 1903 5326 τισιν

334 5363 575 5433 ἀρχαίοις
617 5367 724 5428 τοῖς
760 5363 886 5435 περὶ
929 5362 1132 5416 τούτων
1189 5364 1673 5434 μεμεριμνηκόσιν.
1728 5363 1901 5436 Εὖρο-

333 5471 432 5526 μεν
459 5455 516 5509 δὲ
556 5455 875 5526 λαγκούριον
907 5453 1050 5508 οὕτω
1091 5453 1420 5523 καλούμενον
1451 5455 1615 5520 λίθον,
1664 5457 1724 5507 ὅν
1756 5472 1899 5518 τινες

2013 4690 2260 4766 marinae.
2299 4690 2456 4745 Ilimc
2493 4691 2716 4746 tradunt
2762 4691 3101 4749 fabulatores
3136 4701 3250 4747 tum
3285 4701 3580 4749 venenatas

2010 4781 2235 4845 bestias,
2276 4791 2388 4835 tum
2427 4784 2590 4837 etiam
2623 4791 2839 4853 spectra
2876 4791 3137 4840 metuere.

2747 5089 2856 5145 V'Il.

2079 5181 2334 5252 Ligynas
2364 5182 2447 5238 vel
2477 5182 2762 5253 lyncurius
2796 5197 3030 5253 gemma.
3081 5181 3155 5237 De
3186 5181 3351 5251 hujus
3387 5181 3577 5238 inven-

2010 5275 2156 5330 tione
2185 5277 2267 5330 vel
2308 5276 2452 5346 apud
2487 5283 2698 5330 naturae
2739 5275 3111 5347 indagatores,
3143 5275 3228 5330 vel
3269 5276 3410 5346 apud
3443 5278 3578 5330 alios

2006 5377 2239 5433 veteres,
2275 5369 2367 5437 qui
2409 5368 2604 5422 harum
2654 5383 2835 5423 rerum
2879 5368 3270 5432 meminerunt,
3319 5367 3454 5419 nihil
3485 5382 3574 5419 co-

2009 5461 2318 5529 gnovimus.
2368 5459 2682 5515 Invenimus
2731 5469 2912 5513 tamen
2965 5459 3271 5512 lancurium
3308 5469 3575 5525 gemmam

401 5614 418 5644 ¹
454 5615 845 5687 κᾳρχηδόνιοςι-
892 5617 912 5647 ³
945 5617 1084 5678 ταῖς.
1161 5612 1549 5687 ξ’λὶμαροῦντοι
1581 5613 1675 5687 τὴν
1714 5616 1770 5687 ὲν
1813 5616 2042 5687 Κύπρῳ.
2125 5617 2145 5647 ⁵⁵
2171 5617 2388 5687 ἔχουσα.
2421 5634 2476 5685 φ.
2518 5633 2641 5687 τετ.
2690 5619 2782 5669 καὶ
2825 5618 3030 5687 ταυτην
3086 5613 3217 5687 ἄκος
3259 5609 3397 5664 εἶναι
3438 5626 3573 5684 φιν·

337 5681 640 5751 τασμάτων,
666 5687 713 5737 οἱ
750 5685 873 5754 μυθ.
952 5687 971 5716 ⁸
1003 5681 1288 5756 πορφύρας
1315 5684 1414 5753 τῆς
1451 5684 1558 5736 ἀπὸ
1583 5681 1674 5736 τοῦ
1704 5685 1824 5756 αἴμ.
1901 5687 1923 5717 ⁸
1944 5681 2242 5758 βαθυτέράζ.
2310 5690 2329 5720 ⁷
2359 5681 2778 5756 φαντασμάτων.
2859 5687 2879 5717 ⁸
2916 5681 3354 5753 Ε’ίλυγκούριον.

347 5869 354 5876 γ
402 5795 479 5868 (9)
515 5798 805 5870 Πορφὺρας
826 5811 954 5870 puto
981 5818 1078 5872 pro
1100 5800 1547 5871 interpretatione
1577 5802 1628 5855 in
1657 5805 1896 5874 margine
1937 5815 2196 5876 scriptum
2224 5813 2412 5860 fuisse.

646 5895 912 5955 PATBOL.
948 5897 1063 5954 Gn.
1108 5897 1328 5958 XLIII.

3215 5895 3288 5954 10
