4034 6216
388 397 480 452 501
531 417 548 434 ο

1620 386 1705 440 ΜΞ
1739 387 1829 442 XII
1867 383 2131 440 GEMMIS
2171 382 2392 436 LIBER.

3523 377 3628 433 502

385 507 438 560 δὲ
473 507 565 559 καὶ
590 504 963 575 χρυσόπαστος
991 501 1124 571 (12).
1155 496 1318 558 Οὗτος
1352 501 1694 567 στομαχικοῖς
1730 497 1822 550 καὶ
1850 513 1953 548 κοι-

2085 493 2240 546 uisse.
2291 491 2564 546 Invenitur
2592 497 2644 544 et
2685 490 3096 561 chrystipastus,
3131 506 3249 559 qua!
3281 490 3629 545 stomachicis

385 599 588 659 λιακοῑς
622 594 960 665 τριϐόμενος,
993 592 1085 646 καὶ
1115 591 1422 660 πινόμενος,
1461 588 1742 659 ἰαματικὺς
1784 587 1958 656 ὑπάρ-

384 705 489 757 χει.

1126 797 1227 849 ιλη

460 899 621 963 Λίθος
644 900 952 972 βηρύλλιον,
999 900 1307 970 γλαυκίζων
1341 901 1436 971 μὲν
1469 901 1605 960 ἐστι,
1635 901 1962 953 θαλασσοϐα-

395 994 522 1065 φὴς,
559 992 697 1062 ἔχων
736 989 870 1056 εἶδος
899 993 995 1047 καὶ
1029 994 1129 1063 τῆς
1171 993 1534 1064 ὑδαρεστέρας
1567 992 1840 1046 ὑακίνθου.
1876 991 1964 1043 Γί-

388 1101 538 1137 νεται
582 1084 638 1135 δὲ
685 1085 812 1156 περὶ
843 1084 903 1137 τὸ
940 1084 1115 1156 τέρμα
1153 1084 1246 1138 τοῦ
1285 1085 1444 1154 ὅρους
1487 1084 1578 1137 τοῦ
1630 1083 1961 1153 κκλουμένου

393 1177 628 1249 Ταύρου.
679 1178 742 1230 Εἰ
792 1177 850 1230 δέ
897 1195 980 1242 τις
1015 1178 1218 1252 θελήσῃ
1243 1179 1383 1232 κατὰ
1420 1178 1648 1248 ἀντικρὺ
1681 1174 1774 1229 τοῦ
1813 1176 1962 1246 ἡλίου

388 1267 578 1322 τοῦτον
625 1268 1020 1335 ἀνακαλέσαι¹,
1074 1269 1321 1338 φαίνεται
1366 1269 1441 1333 ὼς
1489 1267 1640 1333 ὕελος
1699 1271 1964 1343 κέγχρους

389 1357 529 1429 ἔχων
577 1357 786 1412 ἔνδοθεν
832 1359 1089 1428 διαυγεῖς.
1127 1359 1293 1431 Ἀλλη
1322 1359 1379 1412 δέ
1417 1377 1502 1423 τις
1531 1359 1814 1432 βήρυλλος,
1844 1361 1966 1422 ταῖς

393 1447 580 1516 κόραις
612 1447 718 1500 τῶν
748 1448 1041 1520 ὀφθαλμῶν
1073 1449 1168 1502 τοῦ
1199 1449 1487 1521 δράκοντός
1527 1451 1640 1502 ἐστι
1677 1449 1966 1520 παραπλη-

400 1539 505 1591 σία.
547 1539 701 1591 Ἐστι
744 1540 801 1593 δὲ
844 1541 937 1595 καὶ
969 1541 1101 1611 ἄλλη
1156 1541 1312 1596 πάλιν
1344 1542 1502 1612 ὁμοία
1537 1540 1711 1612 κηρῷ.
1763 1541 1965 1613 Ἐφάνη

394 1628 451 1682 δὲ
477 1629 613 1704 αὕτη
644 1630 772 1702 περ).
797 1630 894 1702 τὴν
929 1631 1105 1696 ἔξοδον
1143 1633 1236 1686 τοῦ
1267 1633 1548 1704 Εὐφράτου
1584 1631 1848 1706 ποταμοῦ.

1134 1745 1232 1798 ΙΒ’.

2062 591 2113 636 et
2147 583 2383 635 C(I‘IiliCiS
2417 590 2537 656 pota
2562 582 2667 635 vim
2696 581 2943 637 medendi
2977 581 3155 636 habet.

2809 778 2898 833 XI.

2135 891 2299 961 230
2333 889 2578 962 Bcryllus
2626 903 2835 960 gemma
2883 889 3072 960 glauca
3110 898 3233 951 est.
3281 890 3464 946 colore
3515 905 3636 946 ma-

2065 983 2142 1037 ris
2169 1023 2184 1048 ,
2234 992 2324 1036 aut
2370 980 2650 1054 hyacinthi
2678 977 2974 1034 dilutioris.
3010 978 3265 1034 Nascitur
3293 982 3440 1034 circa
3473 980 3630 1038 ﬁnem

2066 1076 2266 1129 montis
2301 1072 2488 1127 Tauri.
2532 1072 2586 1125 Si
2629 1071 2753 1143 quis
2784 1071 2912 1125 velit
2961 1070 3102 1125 hanc
3147 1087 3174 1125 e
3230 1075 3449 1142 regione
3501 1076 3635 1135 solis

2065 1165 2446 1236 contemplari,
2476 1163 2749 1219 videbitur
2776 1179 2883 1216 non
2921 1178 3078 1216 secus
3114 1177 3177 1215 ac
3213 1163 3406 1218 vitrum
3436 1166 3634 1222 intrin»

2069 1274 2228 1314 secus
2273 1273 2438 1328 grana
2465 1256 2600 1310 milii
2630 1255 2831 1310 habere.
2875 1253 3159 1325 pellucida.
3197 1254 3289 1308 Est
3318 1262 3372 1308 et
3402 1257 3506 1310 alia
3544 1258 3639 1312 be-

2068 1352 2237 1422 ryllus
2272 1349 2492 1420 pupillis
2551 1348 2831 1402 oculorum
2891 1355 3202 1416 serpentum
3257 1346 3473 1402 similis.
3507 1347 3635 1405 Item

2071 1443 2174 1495 alia
2204 1456 2342 1495 cera:
2377 1439 2604 1504 similis,
2651 1455 2773 1508 quae
2806 1438 2953 1493 circa
2980 1437 3274 1510 Euphratis
3309 1439 3514 1494 exitum
3557 1455 3642 1493 re—

2072 1533 2280 1604 peritur
2312 1531 2448 1601 (1-1).

2813 1723 2926 1778 XII.

469 1851 627 1913 Λίθος
653 1853 714 1905 τὸ
739 1853 968 1924 όνύχιον.
1007 1849 1176 1918 Οὗτος
1197 1859 1224 1909 6
1254 1854 1395 1919 λίθος
1431 1856 1628 1928 ξανθὴν
1679 1859 1818 1911 πάνυ
1859 1857 1970 1927 ἔχει

2144 1834 2298 1906 Onyx
2328 1835 2410 1888 vel
2444 1835 2736 1904 onychium
2787 1847 3019 1903 gemma.
3057 1831 3150 1887 Est
3176 1832 3291 1888 haec
3317 1833 3473 1889 valde
3509 1835 3646 1890 ﬂavo

397 1942 498 2012 τὴν
529 1945 739 2013 χροιάν.
795 1946 1105 2016 Τέρπεσθαι
1145 1949 1204 2000 δὲ
1236 1948 1312 2019 τῷ
1345 1948 1477 2018 λίθῳ
1506 1949 1680 2016 τούτῳ
1706 1951 1837 2018 φασὶ
1875 1951 1973 2014 τὰς

399 2034 614 2104 νύμφας
645 2036 751 2088 τῶν
791 2035 1072 2105 βασιλέων,
1119 2037 1150 2109 ἢ
1186 2038 1281 2092 καὶ
1323 2038 1591 2092 πλουσίων
1611 2039 1844 2110 ἀνδρῶν,
1891 2042 1975 2093 αἴ·-

399 2144 542 2190 τινες
564 2127 657 2179 καὶ
673 2128 750 2190 εἰς
772 2126 1103 2198 ὲκπτώματα
1124 2129 1232 2199 (15)
1267 2129 1373 2182 ἴδια
1395 2129 1770 2200 ἀνατρέψασαι
1791 2130 1974 2201 έχουσι

399 2216 490 2270 τὸν
521 2217 665 2271 λίθον
691 2217 896 2270 τοῦτον.
930 2219 1050 2271 Εἰσὶ
1080 2219 1135 2272 δὲ
1165 2220 1259 2274 καὶ
1297 2220 1446 2273 ἄλλοι
1484 2222 1725 2290 όνυχῖται
1757 2222 1974 2294 ὁμωνύ-

405 2328 520 2380 μως
570 2309 931 2381 καλούμενοι,
979 2311 1175 2375 οἵτινες
1223 2312 1378 2383 κηρῷ
1421 2311 1498 2382 τῷ
1547 2313 1818 2384 μελιχρόῳ
1871 2314 1978 2366 εἰσὶ

404 2401 795 2472 παραπλήσιοι,
831 2403 984 2468 Τινὲς
1017 2403 1072 2455 δέ
1108 2421 1267 2472 φασιν
1304 2406 1500 2468 αὐτοὺς
1532 2405 1590 2470 ἐξ
1619 2405 1804 2470 ὓδατος
1833 2407 1980 2459 ἀταί-

404 2510 533 2545 κτου
562 2494 858 2563 πεπῆχθαι.
926 2496 1205 2565 Ὀνυχίτας
1257 2495 1313 2548 δὲ
1365 2497 1557 2559 αὐτοὺς
1617 2496 1832 2565 λέγουσι
1887 2514 1980 2565 φυ-

409 2581 742 2650 σιολογικῶς,
803 2584 922 2636 ἐπεὶ
969 2587 996 2638 6
1038 2584 1160 2649 ὖνυξ
1199 2587 1304 2638 τῶν
1349 2586 1579 2638 ἀστείων
1611 2586 1819 2658 ἀνδρῶν
1850 2604 1982 2658 μαρ-

409 2672 570 2744 μάρῳ
591 2675 706 2726 ἐστὶ
737 2675 1177 2746 συνεδιαζόμενος
1202 2680 1242 2744 ⁸,
1268 2679 1363 2730 σὺν
1387 2681 1449 2748 τῇ
1476 2677 1568 2730 τοῦ
1593 2679 1818 2748 αἵματος
1845 2677 1976 2748 ἰδέᾳ.

423 2766 607 2818 Ἀλλοι
635 2766 691 2818 δέ
721 2783 822 2819 που
851 2769 943 2822 καὶ
973 2769 1060 2822 τὸν
1089 2768 1235 2823 λίθον
1263 2769 1354 2823 τὸν
1387 2770 1728 2841 μαρμάρινον
1755 2771 1862 2823 ἀπὸ
1888 2769 1978 2823 τοῦ

408 2858 676 2928 δοκιμίου,
707 2859 1076 2932 ψευδωνύμως
1109 2861 1358 2932 όνυχίτην
1387 2861 1608 2914 καλοῦσι
1625 2862 1710 2914 διὰ
1739 2863 1798 2914 τὸ
1822 2862 1983 2915 καθα·

414 2948 506 3018 ρὸν
535 2949 632 3021 τῆς
663 2949 985 3021 λευκότητος
1011 2953 1047 3004 ³.

675 3084 830 3138 ΠΕΡΙ
868 3084 1001 3136 ΤΟΥ
1045 3083 1452 3136 ΑΔΛΜΑΝΤΟΣ
1496 3085 1718 3146 ΛΙΘυΥ,

2079 1931 2276 1982 colore.
2305 1925 2604 1980 Plurimum
2627 1925 2887 1980 delectari
2911 1927 3010 1979 hac
3041 1941 3252 1995 gemma
3281 1925 3432 1979 aiunt
3460 1941 3644 1995 regum

2077 2029 2130 2075 ct
2186 2020 2412 2073 divitum
2450 2018 2728 2073 hominum
2766 2031 3028 2085 sponsas,
3068 2032 3188 2084 qua:
3216 2017 3356 2070 hanc
3381 2031 3644 2084 gemmam

2081 2114 2134 2165 in
2206 2110 2524 2180 poculorum
2604 2123 2762 2161 usum
2818 2114 3166 2160 convertunt.
3241 2108 3376 2160 Sunt
3445 2115 3498 2161 et
3557 2107 3649 2162 alii

2080 2203 2348 2273 onychitae
2371 2200 2650 2270 aaquivoce
2683 2197 2836 2261 dicti,
2877 2199 2970 2266 qui
3005 2212 3172 2261 cerae,
3207 2198 3378 2252 mellis
3414 2197 3648 2252 colorem

2081 2293 2353 2356 habentis,
2383 2299 2512 2346 sunt
2545 2289 2771 2345 similes.
2802 2288 2969 2341 Aiunt
3015 2296 3195 2341 autem
3246 2288 3412 2357 aliqui
3461 2303 3554 2343 eos
3584 2303 3652 2345 ex.

2082 2398 2221 2454 aqua
2269 2384 2415 2437 coire
2474 2396 2537 2436 ac
2589 2381 2751 2436 veluti
2803 2378 3098 2448 congelari.
3135 2377 3431 2448 Ouychitas
3471 2381 3655 2449 appel~

2084 2477 2196 2529 lant
2228 2491 2257 2529 a
2291 2475 2472 2528 nativo
2517 2488 2706 2527 eorum
2744 2470 2960 2534 colore,
2995 2471 3118 2539 quia
3153 2471 3480 2540 elegantium
3514 2471 3655 2523 viro-

2082 2585 2202 2624 rum
2236 2568 2432 2638 uuguis
2463 2567 2533 2622 sit
2573 2566 2831 2619 marmori
2886 2565 3082 2620 similis
3111 2603 3126 2629 ,
3159 2580 3267 2619 non
3315 2564 3434 2621 sine
3474 2565 3658 2620 colore

2084 2659 2366 2730 sanguinis
2394 2668 2594 2712 tamen.
2629 2656 2731 2709 Alii
2763 2670 2890 2709 vero
2918 2670 3049 2710 sane
3095 2663 3149 2710 et
3194 2659 3371 2725 ipsum
3417 2671 3658 2709 marmor

2085 2751 2152 2804 ab
2188 2751 2562 2820 exploratione
2622 2747 2818 2817 unguis
2865 2747 3177 2817 onychitaui
3234 2749 3426 2802 vacant
3455 2789 3468 2813 ,
3521 2747 3658 2805 falso

2087 2843 2303 2897 nomine
2334 2851 2550 2912 propter
2582 2843 2872 2910 puritatem
2903 2838 3169 2894 albediuis
3206 2839 3339 2909 (I5).

2481 3077 2568 3129 DE
2606 3075 2986 3131 ADAMANTE
3025 3076 3288 3144 GEMMA,

418 3204 520 3254 ’ον
556 3199 652 3254 καὶ
681 3198 867 3282 αὐτόν
898 3198 1095 3282 ἐφόρει
1130 3200 1161 3250 ό
1199 3198 1524 3282 ᾀρχιεγιείιις.
1547 3198 1981 3280 τρξςΙὲνιαυτοῦ

2093 3195 2260 3260 Quam
2293 3193 2454 3248 etiam
2479 3194 2725 3282 gestapat
2765 3211 3003 3282 animum
3033 3195 3303 3264 pontifex,
3336 3194 3461 3250 dum
3501 3205 3577 3251 ter
3606 3198 3660 3255 in

588 3268 1003 3337 είσερχόμενος
1037 3270 1122 3332 είς
1155 3267 1226 3320 τὰ
1256 3270 1415 3336 Ἅγια
1454 3267 1571 3320 τῶν
1601 3270 1804 3336 ἁγίων.

497 3387 554 3438 '0
581 3384 724 3446 λίθος
754 3384 781 3435 6
820 3383 1032 3454 ἁδάμας
1059 3383 1304 3452 ἐμφερής
1343 3383 1455 3434 ἐστι
1499 3382 1639 3435 κατά
1671 3384 1770 3452 τὴν
1797 3384 1985 3453 χροιὰν

411 3475 490 3546 τῷ
521 3475 660 3546 ἀέρι.
692 3473 891 3526 Τοῦτον
915 3473 968 3525 δὲ
1000 3473 1181 3545 ἐφόρει
1217 3475 1244 3525 ό
1273 3474 1562 3544 ἀρχιερεὺς
1586 3475 1672 3526 ὅτε
1704 3475 1986 3545 εἰσήρχετο

417 3568 498 3628 εἰς
525 3565 592 3617 τὰ
623 3565 786 3631 ’Ἅγια
814 3565 920 3615 τῶν
954 3563 1142 3630 ἁγίων.
1172 3563 1301 3634 Τρὶς
1323 3564 1377 3616 δὲ
1400 3564 1490 3617 τοῦ
1523 3564 1764 3618 ἐνιαυτοῦ
1799 3566 1985 3636 εἰσήρ-

415 3672 557 3725 χετο·
585 3658 649 3725 τῇ
671 3656 830 3724 ἑορτῇ
859 3653 952 3706 τοῦ
983 3653 1192 3723 Πάσχα,
1219 3655 1317 3724 τῆς
1349 3655 1745 3725 Πεντηκοστῆς,
1773 3656 1864 3708 καὶ
1890 3657 1987 3724 τῆς

417 3746 815 3815 Σκηνοπηγίας.
850 3739 956 3796 την
985 3743 1038 3797 δὲ
1071 3745 1319 3813 κείμενος
1348 3746 1440 3798 ἐπὶ
1486 3745 1577 3798 τοῦ
1625 3745 1851 3816 στήθους
1891 3746 1984 3799 τοῦ

417 3837 712 3906 ἀρχιερέως
746 3836 832 3888 ὅτε
873 3834 1235 3888 ἐνεδιδύσκετο
1274 3835 1365 3889 τὸν
1415 3837 1645 3908 ποδήρη,
1681 3839 1774 3891 καὶ
1804 3839 1988 3892 ἐπάνω

416 3928 509 3980 τοῦ
541 3928 807 3998 ποδήρους
840 3927 1155 3982 ἐπενεδύετο
1185 3928 1281 3999 τὴν
1306 3929 1571 3998 ἐπωμίδα.
1609 3930 1910 3984 Κατέὸαινε
1933 3930 1988 3982 δὲ

418 4020 451 4088 ἡ
490 4019 699 4087 ὲπωμὶς
733 4017 911 4086 ὀλίγον
953 4018 1260 4090 κατώτερον
1302 4018 1396 4072 τοῦ
1448 4021 1696 4091 στήθους.
1734 4017 1843 4074 7Hv
1881 4022 1990 4092 γὰρ

419 4105 696 4176 σπιθαμῆς
727 4107 818 4158 καὶ
847 4108 1101 4176 ἡμισείας
1134 4107 1194 4160 τὸ
1239 4107 1432 4178 μῆκος.
1479 4109 1573 4160 Ἐκ
1603 4108 1792 4174 δεξιῶν
1817 4110 1870 4163 δὲ
1896 4112 1992 4163 καὶ

418 4198 478 4262 ἐξ
507 4197 799 4268 εὐωνύμων
833 4199 1109 4253 ὲπάνωθεν
1140 4198 1244 4252 τῶν
1271 4199 1455 4270 μαζῶν
1477 4200 1517 4264 ’⁵,
1550 4199 1677 4254 ἔνθα
1708 4201 1801 4254 δύο
1831 4203 1992 4256 ἀσπι-

417 4290 592 4342 δίσκοι
624 4286 760 4361 ἦσαν
795 4289 1250 4360 συνερραμμένοι,
1282 4290 1610 4360 ἀπῃώρηντο
1652 4290 1743 4343 δύο
1784 4293 1994 4364 σμάρα-

417 4379 554 4446 γδοι.
597 4378 692 4441 El;
738 4379 901 4449 μέσον
928 4379 983 4430 δὲ
1021 4377 1224 4431 τούτων
1273 4373 1339 4448 ἦν
1386 4379 1418 4448 ἡ
1461 4377 1707 4448 δήλωσις,
1749 4379 1807 4442 ὃς
1839 4375 1906 4450 ἦν
1965 4381 1992 4432 ό

2308 3281 2445 3318 anno
2473 3264 2832 3335 ingrederetur
2857 3264 3054 3319 Sancta
3088 3275 3413 3321 sanctorum.

2161 3377 2394 3431 Aulamas
2441 3377 2624 3431 colore
2674 3375 2872 3432 similis
2905 3381 2988 3430 est
3037 3375 3172 3430 acri.
3224 3373 3379 3429 [Iunc
3415 3376 3664 3448 gestabat

2087 3481 2331 3522 suunuus
2361 3465 2598 3537 pontifex
2651 3467 2703 3520 in
2741 3466 2938 3520 Sancta
2975 3474 3289 3520 sanctorum
3334 3466 3664 3537 ingrediens.

2091 3558 2195 3613 Ter
2222 3575 2350 3614 vero
2380 3560 2432 3612 in
2463 3574 2606 3613 anno
2637 3559 3063 3629 ingrediebatur,
3093 3559 3148 3612 in
3185 3558 3451 3614 Paschate
3478 3601 3493 3625 ,
3523 3558 3665 3614 Peu-

2091 3657 2293 3704 tecoste
2341 3658 2395 3704 ct
2423 3647 2926 3704 Tabernaculorum
2961 3648 3116 3703 festo.
3145 3646 3454 3703 Ponebatur
3486 3655 3664 3703 autem

2092 3757 2254 3810 super
2285 3747 2474 3811 pectus
2515 3740 2714 3796 summi
2739 3738 3061 3803 sacerdotis,
3099 3739 3186 3793 ubi
3224 3741 3269 3795 is
3317 3740 3541 3793 talarem
3574 3754 3666 3792 vc-

2092 3841 2261 3896 stem,
2311 3841 2363 3886 et
2405 3847 2568 3902 super
2626 3831 2852 3885 lalarem
2911 3831 3189 3886 humerale
3225 3831 3338 3903 (16)
3380 3831 3666 3886 induisset.
3723 3886 3731 3892 _

2093 3923 2460 3978 Descendebat
2489 3938 2615 3977 vero
2645 3923 2921 3978 humerale
2941 3924 3102 3993 paulo
3128 3924 3267 3978 infra
3297 3935 3517 3994 pectus;
3551 3933 3669 3980 erat

2091 4013 2235 4067 enim
2268 4013 2386 4080 ejus
2423 4011 2702 4083 longitudo
2752 4011 3036 4066 dodrantis
3085 4010 3196 4082 (I7)
3244 4027 3368 4066 cum
3415 4011 3665 4067 dimidio.

2093 4107 2134 4156 Α
2185 4105 2394 4158 dextris
2446 4111 2500 4157 et
2528 4119 2558 4157 a
2600 4102 2840 4157 sinistris
2865 4117 3026 4171 supra
3063 4103 3330 4157 niamillas
3353 4103 3394 4162 ⁸.
3433 4103 3524 4157 ubi
3561 4105 3671 4159 duo

2093 4194 2250 4265 231
2276 4207 2440 4263 parva
2465 4207 2561 4246 ceu
2592 4203 2745 4246 scuta
2772 4200 3000 4246 consuta
3031 4199 3208 4255 erant,
3230 4191 3534 4262 pendebant
3559 4193 3670 4251 duo

2095 4283 2388 4354 smaragdi.
2435 4281 2493 4336 lu
2523 4283 2705 4338 medio
2735 4290 2917 4337 autem
2952 4283 3145 4337 horum
3195 4289 3310 4337 erat
3349 4283 3670 4347 declaratio.

2094 4392 2215 4446 quae
2252 4387 2368 4433 erat
2409 4376 2520 4447 jam
2561 4374 2741 4430 dictus
2786 4373 3040 4438 adamas,
3089 4375 3272 4432 colore
3311 4390 3490 4432 aerem
3528 4375 3668 4431 refc-

419 4468 675 4538 δηλωθεὶς
699 4471 718 4501 ⁸
761 4470 993 4538 ἀδάμας,
1039 4469 1137 4538 τὴν
1177 4469 1364 4540 χροιὰν
1399 4469 1649 4540 ἀερίζων.
1696 4469 1908 4523 Ἐπάνω
1935 4470 1981 4523 δὲ

2099 4485 2243 4524 rens.
2290 4468 2464 4538 Super
2495 4470 2750 4522 humeros
2783 4481 2913 4520 vero
2959 4465 3244 4522 duodecim
3290 4465 3399 4536 jam
3426 4466 3675 4522 iudicatae

417 4561 527 4614 τῶν
555 4560 718 4632 ὤμων
749 4563 798 4614 oi.
832 4561 1159 4632 δηλωθέντες
1190 4561 1395 4615 δώδεκα
1427 4561 1584 4614 λίθοι.
1633 4562 1765 4632 Τρὶς
1794 4561 1870 4624 δὲ,
1915 4562 1992 4625 ὡς

421 4653 655 4721 εἴρηται,
684 4650 776 4703 τοῦ
803 4651 1048 4704 ἐνιαυτοῦ
1077 4652 1326 4723 ἐδηλοῦτο
1341 4651 1416 4722 τῷ
1444 4652 1557 4724 λαῷ
1583 4652 1669 4705 διὰ
1697 4652 1789 4705 τοῦ
1826 4653 1994 4706 πετά-

419 4743 534 4796 λου.
580 4742 688 4796 Καὶ
727 4743 776 4795 εί
817 4745 874 4795 ἐν
916 4743 1155 4814 ἁμαρτίᾳ
1203 4743 1649 4813 εὑρέθησαν,“κα“ι
1681 4741 1754 4813 μὴ
1781 4744 1836 4795 ἐν
1873 4745 1993 4806 ταῖς

421 4833 678 4898 ἐντολαῖς,
696 4833 760 4895 ἀς
791 4834 1036 4889 ἐδεδώκει
1058 4837 1086 4888 ό
1107 4836 1259 4897 Θεὸς,
1280 4836 1558 4903 ἐτρέπετο,
1577 4836 1759 4904 φασὶν,
1783 4837 1814 4906 ἡ
1837 4833 1996 4906 χροιὰ

420 4923 514 4978 τοῦ
553 4923 720 4989 λίθου,
753 4925 846 4978 καὶ
877 4925 1092 4994 ἐγένετο
1127 4925 1313 4995 μέλας·
1347 4926 1440 4980 καὶ
1475 4928 1538 4979 ὲκ
1573 4925 1762 4980 τούτου
1803 4928 1994 4995 ἐγίνω-

496 5082 511 5111 ¹
537 5080 858 5133 ἀνακλάσαι.

933 5080 1422 5153 ’-συνδιαζόμενοθ
1457 5081 1536 5135 vel
1572 5081 1977 5153 ὁμοιαζόμενος.

425 5150 446 5181 ⁸
477 5149 536 5203 In
565 5151 825 5204 humeris.

903 5151 921 5180 ⁷
949 5149 1144 5205 Galero
1178 5149 1381 5205 addita.

502 5303 614 5372 (1'2)
647 5305 1099 5378 vaoo’naq'toc.
1119 5305 1290 5371 ldest,
1309 5308 1486 5362 aureis
1507 5309 1720 5378 punctis
1737 5323 1994 5378 consper-

430 5391 543 5437 Sus;
581 5376 768 5446 malnn
795 5374 1193 5446 χρυσόπρασος,
1229 5392 1349 5444 quae
1375 5374 1584 5445 gemina
1625 5381 1809 5432 colore
1847 5374 1992 5446 porri

429 5459 652 5518 succum
687 5443 874 5518 refert,
919 5443 1036 5498 nitri
1084 5443 1570 5518 intervenientibus
1617 5448 1807 5518 guttis,
1850 5443 1994 5502 unde

429 5515 678 5586 similiter
703 5515 772 5568 ab
801 5530 956 5586 auro,
999 5526 1057 5569 ut
1102 5516 1473 5586 chrysolithus
1503 5515 1698 5571 nomen
1738 5520 1944 5586 accepit
1974 5532 1990 5570 :

428 5599 536 5636 non
574 5584 912 5654 chrysolitho
960 5595 1165 5651 tamen,
1209 5584 1310 5639 Sed
1357 5586 1585 5656 beryllo,
1615 5587 1681 5641 de
1723 5602 1828 5657 qua
1865 5584 1988 5641 mox

428 5663 636 5722 agetur,
663 5661 912 5722 cognata.

430 5789 444 5844 1
502 5721 610 5800 (15)
654 5721 1019 5794 Ἐλᾲτώμίιτω
1071 5723 1149 5779 Ex
1191 5725 1402 5796 onyche
1444 5725 1586 5781 enim
1620 5726 1815 5794 poeula
1852 5726 1990 5781 facta

449 5805 678 5844 821111115.

482 5806 678 5860 gunus.

2099 4576 2344 4631 gemmze.
2371 4561 2478 4614 Ter
2510 4575 2661 4624 vero,
2697 4571 2757 4613 ut
2781 4558 2983 4614 dictum
3011 4566 3116 4620 est,
3145 4573 3240 4631 per
3265 4573 3466 4614 annum
3490 4566 3672 4613 osteu-
3708 4572 3720 4630 ξ

2101 4652 2331 4707 debatur
2378 4651 2478 4723 (sic
2512 4657 2737 4706 ornatus
2792 4649 3055 4720 pontifex)
3084 4650 3283 4721 popqu
3313 4664 3436 4705 cum
3469 4649 3674 4705 lamina

2104 4745 2326 4800 aurea’.
2381 4744 2534 4810 Quod
2584 4744 2628 4799 si
2664 4743 2717 4796 in
2770 4750 2994 4812 peccato
3027 4741 3584 4812 deprehenderentur,
3627 4746 3674 4798 si

2102 4837 2156 4890 in
2190 4837 2475 4905 praeceptis
2519 4849 2640 4905 qua:
2675 4833 2902 4890 dederat
2931 4831 3092 4898 Deus,
3137 4849 3246 4889 non
3275 4834 3673 4897 ambulassem,

2103 4928 2435 4995 mutabatur,
2471 4933 2529 4980 ut
2560 4927 2760 4992 ferunt,
2792 4927 2943 4980 color
2971 4925 3190 4996 lapidis,
3221 4931 3275 4980 et
3308 4925 3470 4982 ﬁebat
3499 4925 3673 4996 niger.

2056 5081 2075 5110 ³
2104 5081 2190 5134 διὰ
2217 5083 2274 5134 τὸ
2302 5081 2522 5154 ἀκριϐὲς
2538 5082 2638 5152 τῆς
2668 5081 2956 5152 λειότητος.
3018 5081 3036 5110 ⁵
3062 5079 3244 5152 ὤμων.
3319 5083 3340 5112 ⁸
3370 5083 3397 5134 ό
3419 5082 3537 5152 ἦτοι
3559 5082 3675 5154 δηλ.

2177 5306 2288 5376 (14)
2321 5305 2516 5377 Berylli
2559 5309 2604 5362 si
2639 5306 2918 5376 sphzerica:
2951 5305 3105 5370 ﬁant,
3136 5314 3184 5360 et
3221 5306 3388 5361 radiis
3417 5307 3549 5361 solis
3577 5324 3678 5375 0p-

2104 5385 2397 5444 ponantur,
2455 5377 2630 5446 ignem
2678 5379 2955 5444 emittunt,
3013 5387 3070 5430 ut
3130 5379 3348 5446 specula
3403 5392 3666 5431 concava.

2105 5449 2429 5518 Anonymus.
2463 5448 2552 5499 Sic
2572 5455 2646 5518 et
2676 5448 2942 5518 crystalli.

2174 5515 2284 5584 (15)
2315 5516 2670 5580 Alabastrites
2702 5515 2921 5586 quidem
2953 5517 3089 5586 lapis
3123 5532 3150 5569 a
3182 5515 3495 5572 Dioscoride
3513 5515 3674 5570 etiam

2100 5600 2256 5655 οιψι⁸
2279 5594 2524 5655 vocatur.

2175 5653 2286 5724 (I6)
2322 5653 2634 5724 Epomidem
2681 5655 2740 5708 D.
2786 5655 3008 5710 Hieron.
3068 5653 3490 5721 super/iumerale
3555 5663 3680 5712 ver.

2103 5728 2186 5780 tit.

2178 5795 2287 5869 (17)
2320 5795 2642 5867 Σπιθαμῆς,
2677 5796 2873 5861 palmi,
2914 5793 2971 5847 D.
3011 5793 3394 5855 Hieronymus.
