4034 6216
342 447 450 503 303

1346 437 1403 491 s.
1449 430 1791 490 lil’ll’llANll
1833 427 1923 483 DE
1962 426 2055 483 xu
2097 426 2357 486 GEMMIS
2398 429 2621 487 LIBER.

3492 412 3615 489 ἐει

350 561 487 616 llinc
521 558 891 631 agnoscebant
915 554 1063 626 quod
1098 551 1362 608 Dominus
1389 556 1622 604 mortem
1659 546 1929 600 missurus

2046 557 2160 598 rxov
2188 543 2270 598 ὅτι
2288 543 2518 600 θάνατον
2532 545 2883 613 ἐξαπέστειλε
2900 544 3123 616 Κύριος.
3143 542 3333 598 ’Πνίκα
3356 542 3413 598 δὲ
3433 543 3491 599 ὲν
3511 560 3617 614 μα-

347 661 512 709 esset.
563 651 698 706 Cum
739 664 870 705 vero
908 663 1004 704 eos
1029 644 1210 717 gladio
1247 642 1478 715 perdere
1513 640 1699 703 vellet,
1728 635 1930 694 ellicie—

346 748 510 802 batur
545 742 828 816 sanguinei
857 741 1079 797 coloris.
1134 738 1203 796 Ut
1231 751 1325 808 per
1383 734 1674 790 Jeremiam
1720 731 1925 802 inquit:

353 837 545 892 Emitte
602 835 849 905 populum
896 833 1087 903 ipsius,
1136 839 1186 886 et
1224 828 1604 900 egrediantur;
1642 826 1933 897 quicunque

346 930 415 983 ad
453 937 693 995 mortem,
722 925 793 981 ad
832 933 1085 987 mortem;
1124 921 1418 993 quicunque
1465 917 1533 972 ad
1560 917 1820 989 gladium,
1863 913 1933 969 ad

347 1019 618 1085 gladium;
657 1017 950 1090 quicunque
977 1013 1047 1068 ad
1083 1013 1301 1081 (autem,
1340 1010 1410 1065 ad
1444 1009 1678 1079 famem;
1709 1005 1933 1078 quicun-

348 1106 443 1180 que
472 1110 539 1163 ad
586 1104 970 1178 captivitatem,
1019 1102 1088 1157 ad
1125 1101 1485 1172 captivitatem
1543 1101 1584 1154 ί.
1637 1093 1843 1164 Quodsi
1876 1100 1935 1148 ut

347 1203 438 1255 nix
481 1198 814 1271 Splenderet,
866 1195 1242 1266 agnoscebant
1289 1207 1348 1248 se
1392 1205 1499 1246 non
1552 1202 1833 1261 peccasse.
1881 1194 1936 1242 et

348 1300 481 1347 tunc
515 1291 714 1346 festum
741 1288 1117 1343 celebrabant.
1165 1282 1637 1353 Quemadmodum
1671 1280 1935 1353 propheta

348 1383 422 1435 ait
452 1400 465 1437 :
497 1379 882 1449 Celebra‘festa
916 1388 1040 1443 tua,
1082 1377 1229 1433 Juda
1250 1417 1264 1442 ,
1300 1375 1459 1431 redde
1494 1383 1616 1429 vota
1642 1382 1780 1427 tua:
1816 1370 1936 1425 abs-

348 1471 471 1525 tulit
524 1469 783 1525 Dominus
825 1479 944 1524 tuas
974 1469 1295 1539 iniquitates.
1337 1465 1572 1522 Redemit
1610 1472 1660 1520 te
1705 1479 1733 1518 e
1764 1461 1937 1516 maui-

349 1564 444 1618 bus
491 1562 723 1616 hostium
769 1570 1004 1617 tuorum.
1052 1558 1306 1632 chnabit
1363 1558 1619 1612 Dominus
1669 1556 1723 1611 in
1766 1554 1938 1609 medio

350 1656 448 1710 tui.
484 1654 606 1708 Non
636 1654 830 1708 uidebis
864 1653 1083 1706 ulterius
1117 1653 1261 1705 mala
1289 1652 1329 1701 ².
1365 1649 1571 1705 Idcirco
1599 1648 1762 1704 etiam
1803 1658 1938 1702 tem-

349 1763 483 1819 pore
516 1745 795 1800 Zachariae
844 1744 1018 1815 patris
1053 1740 1303 1807 Joannis,
1353 1740 1483 1796 dum
1528 1739 1595 1794 ad
1629 1753 1754 1793 eum
1787 1737 1939 1794 vices

348 1847 683 1911 spectarent,
718 1840 770 1891 in
804 1836 1093 1901 Paschale,
1125 1832 1445 1904 splendidus
1471 1829 1574 1885 fuit
1606 1829 1766 1899 lapis.
1798 1826 1936 1882 Tum

347 1934 515 1988 etiam
547 1930 714 2001 erepit
760 1928 866 1983 hoc
907 1941 1053 1982 anno
1081 1925 1231 1996 fungi
1272 1923 1601 1981 sacerdotio.
1663 1920 1940 1992 Sequente

349 2034 532 2107 autem
560 2023 700 2079 alius
725 2021 967 2076 tunicam
989 2020 1219 2075 talarem
1242 2016 1509 2089 sumpsit:
1534 2014 1754 2086 quando
1774 2015 1939 2068 etiam

350 2106 599 2174 tardante
652 2114 921 2170 Zacharia
971 2113 1027 2168 in
1074 2111 1297 2166 Sanctis
1349 2118 1692 2171 sanctorum,
1743 2106 1940 2163 anxius

349 2217 467 2263 erat
495 2207 732 2279 populus
753 2206 793 2269 ³,
840 2220 911 2260 ne
954 2202 1093 2258 forte
1126 2216 1340 2273 gemma
1368 2215 1467 2256 eos
1501 2198 1707 2270 peccati
1750 2198 1942 2254 redar-

351 2309 557 2374 gueret.
605 2301 875 2355 Caeterum
920 2296 1040 2366 ipso
1088 2308 1314 2366 egresso
1364 2299 1749 2364 agnoscentes,
1795 2291 1942 2362 quod

352 2409 562 2463 magna:
611 2390 799 2463 gloriae
843 2388 1109 2444 visionem
1157 2385 1408 2450 vidisset,
1454 2384 1613 2440 valde
1649 2383 1940 2440 exhilarati

352 2496 501 2543 sunt.
566 2484 893 2540 Nasciturus
940 2479 1087 2535 enim
1144 2487 1264 2535 erat
1309 2477 1553 2534 Joannes
1601 2477 1941 2548 praenuntius

351 2577 576 2634 Christi.
632 2576 980 2645 Quapropter
1007 2572 1171 2630 etiam
1203 2570 1408 2626 lamina
1443 2583 1609 2625 aurea
1642 2567 1941 2640 gloriﬁcata

353 2671 629 2744 apparuit.

384 2761 695 2829 *Qnoniam
747 2772 878 2813 vero
911 2755 1002 2813 isti
1046 2754 1342 2811 duodecim
1385 2751 1598 2824 lapides
1636 2752 1777 2822 iussi
1813 2759 1942 2809 sunt

353 2854 519 2912 inseri
542 2850 833 2915 Rationali,
873 2848 1176 2905 secnndum
1205 2845 1492 2902 duodecim
1518 2845 1696 2901 tribus
1723 2844 1941 2900 Israeli-

351 2951 513 3013 ticas,
548 2954 605 3000 ut
645 2943 1025 3014 unusquisque
1062 2942 1203 3012 lapis
1233 2939 1326 2995 uni
1374 2938 1538 2994 tribui
1565 2938 1939 3009 responderet,

352 3041 565 3097 veniam
615 3038 768 3109 iuxta
809 3035 1138 3091 divisionem
1169 3031 1567 3104 praecedentem
1593 3028 1661 3084 ad
1705 3029 1846 3085 tilior
1888 3045 1939 3083 m

350 3131 556 3190 Jacobo
578 3137 831 3183 natorum
852 3125 1071 3183 seriem.
1102 3120 1179 3178 lla
1208 3121 1353 3177 enim
1379 3119 1636 3175 convenit
1666 3134 1761 3175 eos
1778 3120 1942 3190 (hlios

366 3222 553 3279 Jacobi
585 3230 637 3276 et
666 3219 898 3291 lapides)
936 3217 1132 3272 idoneo
1165 3215 1358 3271 ordine
1394 3210 1674 3282 conjungi.

424 3312 546 3367 Filii
579 3311 702 3366 Leaz
731 3318 1006 3381 quatuor;
1048 3305 1266 3371 Ruben,
1293 3305 1545 3368 sardius;
1583 3300 1843 3373 Symeon,
1870 3310 1948 3359 to-

356 3406 545 3475 pazius
571 3419 586 3466 ;
617 3400 767 3465 Levi,
799 3398 1155 3470 smaragdus;
1190 3395 1382 3465 ludas,
1413 3397 1800 3452 carbunculus.

427 3493 547 3549 Filii
572 3492 763 3557 Bilhm,
796 3491 926 3546 duo.
964 3486 1120 3544 Bilha
1149 3489 1352 3543 ancilla
1382 3499 1498 3544 erat
1528 3489 1803 3544 Rachelis.
1839 3486 1945 3542 Ra-

356 3591 477 3647 chel
520 3603 651 3646 vero
682 3604 805 3643 cum
857 3602 966 3642 non
1013 3591 1248 3656 pareret,
1306 3582 1456 3638 dedit
1486 3599 1606 3640 eam
1655 3582 1861 3639 Jacobo
1887 3583 1941 3638 in

357 3702 609 3751 uxorem,
638 3691 699 3739 ut
730 3683 870 3738 ﬁlios
897 3684 951 3737 in
987 3697 1050 3737 ea
1086 3681 1410 3752 susciperet.
1455 3678 1577 3734 Nati
1610 3686 1792 3735 autem
1817 3685 1947 3735 sunt

357 3779 519 3850 232
544 3793 607 3832 ex
639 3790 702 3832 ea
728 3794 740 3831 :
774 3773 912 3837 Dan,
945 3773 1274 3844 sapphirus;
1305 3770 1612 3842 Nephthali,
1635 3770 1835 3840 jaspis.

426 3869 551 3924 Filii
583 3867 821 3939 Zilphae,
869 3866 997 3921 duo.
1064 3863 1257 3936 Zilpha
1301 3862 1497 3917 ancilla
1542 3873 1658 3917 erat
1701 3861 1842 3926 Leaz,
1893 3869 1948 3917 et

358 3962 506 4020 dedit
559 3977 677 4019 eam
709 3960 817 4016 Lea
845 3958 1053 4014 Jacobo
1101 3958 1157 4011 in
1207 3970 1458 4020 uxorem,
1510 3961 1571 4009 ut
1619 3970 1682 4010 ex
1711 3969 1774 4010 ea
1805 3955 1944 4009 tilius

357 4062 703 4127 procuraret.
759 4052 902 4109 Sunt
947 4067 1078 4107 vero
1112 4049 1240 4105 isti:
1291 4046 1430 4112 Gad,
1472 4047 1737 4120 ligurius;
1787 4046 1945 4113 Aser,

289 4198 294 4202 .
358 4148 601 4204 achates.

427 4239 551 4297 Filii
585 4240 725 4306 bere,
769 4239 917 4294 duo:
957 4233 1201 4299 lsachar,
1249 4232 1622 4306 amethystus;
1677 4228 1943 4295 Zabulon,

358 4326 751 4405 chrysolithos.

429 4425 550 4481 Filii
583 4421 874 4485 Rachelis,
935 4418 1084 4474 duo:
1142 4412 1387 4484 Ioseph,
1433 4412 1705 4485 beryllus;
1751 4410 1949 4482 Benja-

358 4517 493 4580 inin,
529 4513 846 4585 onychium.

2033 636 2251 710 χαίραις
2280 638 2475 703 αὐτοὺς
2494 638 2763 710 ἔπεμπεν,
2790 639 3010 707 ἐγένετο
3029 637 3335 708 αἱμάτινος’
3365 636 3442 699 ὡς
3460 636 3519 690 ὲν
3540 636 3617 707 τῷ

2045 728 2285 800 Ἱερεμίᾳ
2302 731 2485 802 φησίψ
2517 730 2990 797 Ἐξαπόστειλον
3001 728 3275 784 τὸν-λαὸν
3293 727 3503 794 αὑτοῦ,
3517 730 3617 783 καὶ

2032 820 2462 886 ἐξελθέτωσαν,
2498 822 2631 877 ὅσοι
2658 825 2747 888 εἰς
2767 820 3048 886 θάνατον,
3068 823 3158 885 είς
3178 819 3461 874 θάνατον·
3484 818 3618 873 ὅσοι

2033 915 2122 980 εἰς
2143 913 2466 984 μάχαιραν,
2492 916 2579 981 εις
2597 913 2921 985 μάχαιραν-ο
2950 914 3050 969 καὶ
3069 913 3202 969 ὅσοι
3217 910 3516 982 ειςλιμὸν,
3531 913 3619 977 εις

2034 1008 2234 1075 λιμόν
2258 1006 2357 1060 καὶ
2372 1005 2505 1061 ὅσοι
2519 1009 2607 1074 εὶς
2621 1008 3061 1077 αἰχμαλωσίαν,
3076 1007 3164 1073 εἰς
3176 1005 3614 1076 αἰχμαλωσίαν.

2039 1098 2100 1153 El
2130 1099 2186 1153 δὲ
2223 1098 2430 1169 ἐγίνετο
2458 1099 2590 1153 ὡσεὶ
2618 1099 2751 1172 χιὼν
2788 1098 3057 1173 λαμπρὸς,
3099 1099 3394 1169 ἐγίνωσκεν
3427 1099 3458 1152 6
3492 1094 3620 1163 λαδς

2036 1190 2119 1244 ὅτι
2147 1190 2384 1263 οὐδαμοῦ
2423 1191 2688 1264 ἁμαρτία·
2727 1192 2826 1247 καὶ
2843 1193 2964 1246 τότε
2992 1190 3289 1263 ἑώρταζονο
3315 1190 3392 1255 ὡς
3419 1189 3567 1260 λέγει
3589 1191 3620 1244 6

2038 1283 2343 1355 προφήτης·
2386 1282 2668 1353 Ἐ’όρταζε,
2708 1284 2924 1348 Ἰούδα,
2945 1284 3055 1352 τὰς
3082 1281 3292 1353 ἑορτάς
3319 1299 3458 1346 σου,
3476 1282 3621 1337 ἀπό·

2038 1375 2146 1444 δος
2167 1376 2273 1442 τὰς
2295 1374 2484 1445 εὐχάς
2501 1389 2645 1430 σου·-
2664 1374 2924 1445 περιεῖλε
2951 1375 3169 1444 Κύριος
3191 1373 3263 1428 τὰ
3286 1371 3622 1444 ἀδικήματὰ

2038 1481 2176 1521 σου.
2208 1463 2557 1534 Λελύτρωκέ
2585 1479 2660 1518 σε
2679 1464 2748 1518 ἐκ
2775 1461 2977 1533 χειρὸς
3007 1459 3237 1532 ἐχθρῶν
3268 1474 3409 1516 σου.
3444 1462 3623 1514 Βασι-

2038 1558 2247 1614 λεύσει
2277 1555 2494 1625 Κύριος
2514 1554 2585 1610 ἐν
2604 1553 2771 1626 μέσῳ
2802 1568 2940 1609 σου.
2976 1553 3101 1608 Οὐκ
3142 1551 3265 1622 ὄψῃ
3302 1550 3460 1607 κακὰ
3490 1553 3623 1605 οὐκ·

2039 1650 2148 1704 ἑτι.
2183 1648 2274 1703 Διὸ
2299 1647 2395 1702 καὶ
2423 1648 2516 1702 ἐπὶ
2542 1647 2815 1719 Ζαχαρίου
2840 1644 2935 1700 τοῦ
2966 1645 3172 1717 πατρὸς
3207 1643 3454 1698 Ἰωάννου
3476 1644 3535 1696 ὲν
3552 1644 3620 1713 τῇ

2041 1741 2318 1815 ὲφημερίᾳ
2349 1739 2536 1808 αὐτοῦ,
2571 1740 2630 1795 ὲν
2670 1738 2748 1810 τῷ
2790 1736 3013 1815 Πάσχα,
3050 1735 3302 1809 λαμπρὸς
3343 1735 3554 1805 ἐγίνετο
3595 1737 3624 1789 6

2042 1835 2205 1900 λίθος.
2243 1834 2377 1888 Τότε
2418 1832 2530 1906 γάρ
2559 1833 2736 1905 ἀρχὴν
2760 1830 2921 1887 ἔλαϐε
2942 1829 3038 1885 τοῦ
3067 1828 3368 1902 ἱερατεύειν
3393 1827 3486 1882 τὸν
3514 1827 3624 1881 ὲνι-

2041 1926 2224 1981 αυτόν.
2257 1926 2368 1981 Καὶ
2396 1926 2474 1997 τῷ
2504 1924 2712 1979 ἐπιόντι
2747 1923 2932 1995 ἕτερος
2964 1921 3306 1994 ἀνελάμϐανε
3338 1920 3430 1976 τὸν
3456 1920 3625 1994 ποδή⁴

2044 2036 2133 2092 ρη·
2164 2020 2255 2073 ὅτε
2284 2018 2379 2072 καὶ⁸
2412 2014 2768 2088 βραδύνοντος
2809 2013 2900 2068 τοῦ
2932 2012 3205 2084 Ζαχαρίου
3239 2012 3320 2075 είς
3363 2010 3432 2065 τὰ
3458 2010 3626 2077 Ἅγια.

2040 2110 2153 2166 τῶν
2182 2110 2354 2179 ἁγίων
2381 2110 2440 2162 ὲν
2455 2106 2668 2180 ἀγωνίᾳ
2686 2102 2755 2179 ἦν
2775 2108 2803 2161 6
2820 2105 2970 2170 λαὸς,
2995 2105 3070 2176 μή
3092 2120 3223 2158 ποτε
3243 2103 3400 2157 ἔσται
3425 2103 3455 2156 6
3476 2101 3647 2166 λίθος-

2044 2204 2230 2266 αύτοῖς
2264 2201 2497 2273 ὲλεγμδς
2521 2199 2817 2272 ἁμαρτίας.
2846 2196 2958 2252 Καὶ
2985 2194 3294 2261 ἐξελθόντος
3313 2192 3501 2260 αὐτοῦ,
3528 2194 3627 2247 καὶ

2044 2295 2265 2365 γνόντες
2293 2295 2376 2348 ὅτι
2414 2293 2660 2365 μεγάλης
2703 2290 2862 2362 δόξης
2899 2289 3167 2345 ὀπτασίαν
3204 2287 3468 2361 ἑώρακεν,
3498 2287 3625 2358 ἐχά-

2047 2404 2221 2461 ρησαν
2254 2386 2479 2459 σφόδρα.
2518 2385 2771 2457 Ἰωάννης
2804 2383 2914 2457 γὰρ
2944 2378 3014 2456 ἦν
3041 2382 3250 2455 μέλλων
3277 2379 3564 2451 γεννᾶσθαι
3594 2382 3626 2434 6

2045 2480 2276 2551 ἄγγελος
2303 2478 2398 2534 τοῦ
2429 2477 2692 2552 Χριστοῦ.
2738 2478 2831 2533 Διὸ
2871 2477 2968 2532 καὶ
3009 2473 3393 2546 δεδοξασμένον
3429 2473 3491 2527 τὸ
3530 2473 3628 2525 πέ-

2046 2573 2177 2628 πλον
2199 2572 2219 2606 ⁸
2250 2572 2446 2645 ἐφάνη.

2127 2751 2347 2822 Ἐπειδὴ
2374 2749 2432 2804 δὲ
2464 2748 2608 2804 κατὰ
2634 2749 2733 2812 τὰς
2756 2746 2966 2803 δώδεκα
2992 2744 3165 2815 φυλάς
3200 2743 3296 2798 τοῦ
3334 2741 3550 2815 Ἰσραὴλ
3575 2743 3626 2796 οὲ

2045 2844 2256 2899 δώδεκα
2278 2843 2418 2897 λίθοι
2453 2835 2600 2895 οὗτοι
2628 2839 3078 2913 προσετάχθησαν
3105 2834 3622 2907 ὲγκαταλεχθῆναιί,

2045 2939 2120 3003 ὡς
2159 2933 2300 2992 εἶναι
2339 2936 2436 2990 ἕνα
2478 2934 2625 2989 λίθον
2667 2933 2804 3004 πρὸς
2856 2931 2985 3003 μίαν
3036 2929 3208 3001 φυλὴν
3252 2927 3623 3002 ἡρμοσμένον,

2047 3028 2378 3101 ἐλευσόμεθα
2420 3027 2565 3082 κατὰ
2609 3027 2707 3099 τὴν
2754 3024 3025 3097 προτέραν
3061 3023 3349 3094 διαίρεσιν,
3393 3019 3486 3073 ἐπὶ
3527 3019 3631 3090 τὴν

2047 3123 2366 3179 ἀκολουθίαν
2393 3121 2503 3177 τῶν
2534 3119 2917 3191 γεγενημένων
2945 3116 3077 3172 υίῶν
3101 3115 3194 3170 τοῦ
3228 3113 3443 3170 Ἰακώϐ.
3471 3110 3628 3167 Οὕτω

1974 3224 2015 3282 c
2048 3214 2156 3285 γάρ
2187 3213 2335 3266 ἐστιν
2356 3210 2612 3283 ἁρμόδιον
2643 3208 2955 3263 συντάττειν
2982 3205 3200 3269 αὐτούς.

2122 3303 2314 3368 Παῖδες
2344 3302 2508 3367 Λείας
2537 3300 2579 3356 δ’
2586 3319 2599 3334 ο
2643 3300 2891 3371 Ῥουϐὴν,
2924 3299 3160 3371 σάρδιονο
3186 3294 3434 3369 Συμεὼν,
3465 3291 3628 3349 τοπά-

2050 3396 2185 3463 {tow
2219 3394 2374 3461 Λευῒ,
2402 3393 2731 3466 σμάραγδος·
2779 3392 2997 3457 Ἰούδας,
3021 3388 3245 3462 ἄνθραξ.

2116 3487 2313 3552 Παῖδες
2362 3486 2569 3552 Βαλλᾶς
2621 3486 2686 3556 β’.
2748 3484 2814 3539 Ἥ
2863 3481 3043 3537 Βαλλὰ
3094 3481 3354 3552 παιδίσκη
3403 3475 3473 3551 ἦν
3529 3478 3629 3548 τῆς

2061 3582 2284 3657 Ῥαχήλ.
2315 3582 2426 3637 Καὶ
2459 3581 2581 3634 ἐπεὶ
2614 3580 2713 3634 οὐκ
2738 3578 2939 3642 ἔτικτε,
2966 3577 3151 3631 δίδωσι
3181 3574 3260 3646 τῷ
3300 3572 3499 3627 Ἰακὼϐ
3532 3572 3629 3625 a6-

2048 3676 2146 3749 τὴν
2178 3677 2412 3744 γυναῖκα
2448 3673 2585 3744 πρὸς
2622 3671 2684 3726 τὸ
2721 3670 2947 3741 ποιῆσαι
2978 3667 3194 3730 παῖδας.
3232 3664 3353 3719 Εἰσὶ
3376 3663 3434 3718 δὲ
3456 3657 3621 3717 οὗτοι·

2050 3769 2179 3832 Δάν,
2212 3767 2534 3837 σάπφειρος
2561 3763 2900 3833 Νεφθαλεὶμ,
2927 3762 3134 3823 ἴασπις.

2118 3861 2313 3923 Παῖδες
2335 3857 2546 3926 Ζελφᾶς
2570 3853 2635 3926 β’.
2669 3854 2736 3907 Ἡ
2758 3851 2935 3921 Ζελφὰ
2961 3851 3217 3921 παιδίσκη
3232 3843 3300 3920 ἦν
3321 3846 3423 3919 τῆς
3440 3846 3624 3910 Λείας,

2049 3955 2144 4008 καὶ
2173 3952 2357 4005 δίδωσι
2386 3948 2464 4019 τῷ
2499 3945 2694 4002 Ἰακὼϐ
2732 3948 2965 4015 γυναῖκα
2994 3942 3129 4015 πρὸς
3160 3941 3218 3995 τὸ
3249 3941 3473 4012 ποιῆσαι
3503 3939 3627 3993 παῖ-

2045 4048 2160 4111 δας.
2183 4045 2305 4100 Εἰσὶ
2333 4043 2390 4098 δὲ
2422 4034 2586 4097 οὗτοι·
2616 4039 2744 4107 Γὰδ,
2766 4037 3028 4112 λιγύριον*
3068 4033 3258 4107 Ἀσὴρ,
3292 4033 3520 4104 ἀχάτης.

2118 4222 2317 4287 Παῖδες
2360 4217 2526 4281 Λείας
2555 4216 2621 4288 β’·
2663 4212 2906 4285 Ἰσάχαρ,
2950 4208 3278 4282 ἀμέθυστος
3320 4199 3631 4266 Ζαϐουλὼν,

2048 4314 2387 4389 χρυσόλιθος.

2118 4408 2316 4471 Παῖδες
2356 4402 2559 4474 Ῥαχὴλ
2602 4400 2671 4474 ﬁ"
2726 4396 2947 4469 Ἰωσὴφ,
2997 4391 3301 4466 βηρύλλιον·
3347 4386 3627 4458 Βενιαμὶν,

2050 4500 2282 4572 όνύχιον.

427 4605 524 4662 lla:
560 4571 689 4662 sunt
718 4600 1010 4659 duodecim
1048 4611 1297 4672 gemmae,
1335 4593 1632 4668 unicuique
1673 4594 1840 4650 tribui
1866 4593 1939 4649 ls-

2127 4571 2288 4649 Οὗτοί
2327 4594 2465 4647 εἰσιν
2505 4591 2557 4644 οἱ
2590 4584 2925 4661 ἡρμοσμένοι
2950 4580 3155 4636 δώδεκα
3185 4576 3323 4631 λίθοι
3359 4573 3483 4628 καθ’
3511 4571 3632 4627 Exi-

356 4697 524 4754 raelis
550 4694 968 4767 respondentes.

2048 4705 2182 4761 στην
2221 4684 2392 4757 φυλὴν
2423 4681 2516 4737 τοῦ
2555 4678 2795 4752 Ἰσραήλ.

435 4851 452 4882 ι
491 4846 604 4905 Jer.
637 4864 729 4917 xv,
762 4849 816 4916 l,
848 4847 905 4905 ‘2.
982 4849 1004 4880 '
1033 4846 1246 4904 Nabum
1304 4865 1345 4915 ι,
1373 4846 1461 4903 l5.
1539 4847 1561 4880 ⁸
1591 4845 1722 4903 Luc.
1768 4861 1808 4914 ι,
1836 4845 1900 4900 21
1930 4861 1939 4902 ε

2046 4888 2054 4901 .
2127 4846 2150 4877 ⁸
2177 4842 2429 4898 πέταλον.
2506 4842 2527 4873 ⁵
2554 4830 3103 4907 ὲγκατακλεισθῆναι.

372 5027 3586 5067 ___________________________________________————-———-

1694 5187 1809 5249 AD
1844 5181 2300 5247 LECTOREM.

435 5342 572 5401 Cum
602 5338 856 5411 superior
886 5338 978 5411 ille
1006 5336 1146 5411 liber
1167 5332 1462 5411 Epiphanii
1501 5331 1667 5411 longe
1686 5326 1912 5384 brevior
1943 5326 1997 5380 in
2034 5319 2426 5411 manuscriptis
2457 5315 2795 5411 quibusdam
2834 5306 3638 5411 codicibusneﬁtarethubihct

362 5376 1553 5481 mnditia;
1583 5376 1914 5472 legerentur,
1935 5376 2074 5478 nos,
2095 5376 2250 5481 utne
2273 5376 2602 5481 quid,.‘qiiod
2635 5386 2943 5481 Epiphanio
2969 5376 3635 5481 iqscribergtu‘r,nrrsi.de;

362 5449 731 5557 3:339:23;
759 5449 923 5538 citium
943 5449 1360 5557 _altei'ainillam
1390 5449 1709 5557 editionem:
1745 5484 1868 5552 qua}
1901 5449 2109 5557 prioris
2140 5449 2597 5557 .vclu'tnepiitome
2646 5449 2895 5528 quaedam
2920 5449 3635 5557 “videturgnﬁublic‘iﬁi‘d‘amiir:

362 5534 731 5617 ἱιέἓιῖ-ἑνῖῖιῖὑέζ
765 5534 897 5608 cum
943 5547 1136 5604 Latina
1171 5546 1620 5617 interpretatione
1660 5534 1942 5617 Fraanisc'i
1990 5534 2272 5617 'l‘urriani.

2306 5515 2463 5598 Quod
2503 5515 2802 5597 utrumque
2842 5538 2949 5579 una
2989 5537 3115 5577 cum
3168 5520 3293 5598 aliis
3342 5515 3635 5598 Epiphanii

362 5585 1140 5695 ἓδῒιέἷῖἱὶξΞέιεᾌῖίῗιιιῖῗζὶϊῖ
1736 5585 2281 5664 ’έοοῖσῖιξιιῖεῙι-οείιλαὲ
2301 5585 2982 5667 ιῆιιιιαηίεεὶιηο’ρει·ωᾳιιε
3009 5600 3065 5648 et
3086 5585 3465 5646 eruditissimo
3490 5585 3632 5641 viro.

366 5643 460 5750 litt
485 5697 600 5750 bare
649 5697 885 5750 enitome
938 5706 1048 5748 non
1071 5688 1359 5750 Epiphanii
1388 5694 1496 5750 est,
1532 5683 1628 5741 sed
1653 5680 1931 5737 Anastasii
1968 5677 2210 5744 Sinaiue,
2236 5676 2291 5730 in
2325 5673 2483 5745 cujus
2509 5672 2672 5728 etiam
2707 5668 2967 5740 Operibus
2991 5663 3271 5720 invenitur
3303 5665 3501 5731 quaest.
3528 5655 3632 5721 ως

438 5655 1048 5765 τῖιῖἕδεῑέῖῶσιξςὶωῖιῑιῖ
1071 5655 2483 5765 ἒβῑριςιςῖῑζξᾶῗξέῑᾏῑηεῑεςειξεί-πεῖρείίιτευίυε
2509 5655 2672 5728 etiam
2707 5655 2967 5740 aptans
2991 5663 3271 5720 invenitur
3303 5665 3501 5731 quaest.
3528 5655 3633 5721 ωε

364 5693 460 5826 ΡΛ
485 5697 600 5751 hate
649 5693 885 5765 epitome
938 5706 1048 5748 non
1072 5693 1359 5761 Epiphanii
1388 5718 1390 5728 ι

386 5766 458 5824 iic
481 5766 647 5837 igitur
676 5763 978 5823 omittenda
1004 5769 1141 5820 erat.
1205 5757 1390 5830 Eam]

1672 5919 2297 5950 «w—n—

2380 6006 2427 6033 ll
