4034 6216
370 310 474 368 309

1088 426 1115 500 ς
1156 425 1246 483 tv.

379 510 524 589 [xw]
568 517 881 591 Procopium
931 517 1188 591 Castrum
1215 535 1278 574 ex
1306 519 1440 591 l_ibro
1471 519 1753 591 Epiphanii
1783 523 1858 578 De
1882 540 1956 579 xu

449 587 698 657 gemmis,
745 604 862 658 qua:
912 587 976 642 de
1001 589 1266 645 montibus
1295 587 1536 645 Garizim
1566 587 1615 647 et
1661 592 1823 648 Cebal
1853 611 1958 649 me-

451 668 624 711 morat
689 659 1086 731 descripsisse;
1148 661 1509 731 Theophanem
1566 673 1738 719 antem
1788 663 1953 719 Cera-

453 745 644 792 menm,
679 745 793 798 qua:
831 741 1017 783 narrat
1054 730 1118 784 de
1151 730 1532 788 Samaritanis.

352 852 360 868 ’
450 842 558 898 Sed
593 850 651 896 ut
684 844 834 903 illuc.
872 847 1016 901 unde
1045 847 1185 901 haud
1218 856 1420 901 temere
1449 846 1831 913 discessimus,
1868 865 1956 905 re-

380 922 693 988 vertamur;
743 916 906 988 igitur
950 916 1334 988 Hieronymus,
1382 916 1674 973 Facundus
1710 918 1957 973 Hermia-

379 987 591 1038 nensis.
653 983 977 1040 Anastasius
1029 983 1264 1053 Sinaita,
1319 988 1563 1042 Andreas
1610 997 1662 1042 et
1725 990 1956 1044 Arcthas

379 1057 759 1129 (fa-sarcenscs
813 1058 1235 1129 archiepiscopi,
1291 1058 1567 1129 iiomnes
1612 1067 1762 1119 sunt,
1817 1075 1956 1129 quos

381 1125 694 1199 scriptores
739 1125 879 1199 inth
924 1125 1193 1199 antiquos
1233 1127 1368 1199 mihi
1420 1129 1651 1199 contigit
1711 1125 1956 1187 invenire

379 1210 577 1271 usque_
610 1194 788 1271 adhuc
825 1195 881 1250 S.
919 1194 1239 1271 _Epiphanii'
1265 1197 1462 1271 librum
1489 1194 1830 1271 De'gemmis
1872 1201 1954 1254 di-

384 1273 530 1320 serte
563 1265 874 1320 laudantes.
904 1265 1130 1322 At‘vero
1163 1269 1438 1322 invenisse
1467 1265 1881 1324 certe'arbitror
1901 1280 1954 1325 et

381 1336 529 1408 alios
566 1335 726 1408 duos,
762 1337 854 1404 qui
878 1352 960 1408 _eo
993 1339 1075 1391 usi
1109 1346 1258 1400 sunt,
1300 1338 1424 1408 licet
1458 1340 1626 1391 tacito
1663 1339 1952 1408 Epiphauii

379 1404 604 1478 nomine
631 1405 845 1478 relicto,
878 1406 1205 1478 ProcOpium
1229 1409 1354 1462 dico
1383 1407 1658 1474 Gazzeum,
1691 1404 1745 1464 et
1766 1404 1954 1466 'Theo-

382 1476 615 1549 phgucm
647 1474 967 1549 Cerametlm
1003 1474 1342 1532 Tauromiuii
1381 1480 1878 1549 archiepiscopum.

463 1543 1035 1618 Prefopius,rGazzeus
1053 1556 1232 1618 gente,
1263 1556 1380 1603 arte
1407 1565 1533 1603 vero
1561 1543 1828 1618 sophista,
1857 1551 1951 1604 Ju-

382 1616 528 1669 stino
557 1614 768 1669 Thrace
795 1614 1094 1687 imperanti-
1116 1619 1312 1673 claruit
1343 1633 1431 1672 an.
1454 1619 1554 1673 Ch.
1579 1614 1801 1674 circiter
1822 1621 1947 1687 520,

381 1694 436 1759 et
475 1686 843 1759 ezeterainter
877 1686 1003 1756 ejus
1031 1689 1230 1759 scripta
1267 1698 1444 1742 exstat
1480 1690 1654 1743 adhuc
1699 1686 1948 1744 luculen-4

383 1757 634 1841 t'issimus
667 1756 731 1841 in
769 1756 1153 1840 Octateuclut'nt
1189 1758 1628 1841 commentarius
1660 1775 1726 1815 ex
1757 1764 1948 1841 ortho-
1987 1789 2025 1841 Β

380 1826 646 1879 doxm'um
689 1825 914 1880 Patrum
961 1829 1178 1898 scriptis
1220 1830 1480 1897 singulari
1531 1830 1744 1884 delectu
1782 1834 1850 1884 ab
1887 1847 1953 1885 eo

383 1905 695 1968 excerptu_s,
728 1913 1051 1968 summaque
1080 1907 1370 1953 contextus
1410 1900 1694 1963 industria,
1727 1902 1818 1968 qui
1843 1903 1952 1954 lau-

383 1965 607 2038 datur‘a
632 1965 826 2020 Photio
870 1968 922 2021 in
959 1965 1096 2024 Bibl.
1129 1969 1252 2023 cod.
1277 1968 1462 2036 ‘206,et
1492 1970 1687 2038 prodiit
1716 1965 1826 2038 jam
1854 1971 1952 2024 La-

380 2038 534 2090 tinus
566 2035 753 2110 Tiguri
786 2051 873 2110 an.
917 2039 1074 2093 1555.
1110 2039 1242 2094 Aliis
1275 2035 1850 2110 Graicis'Latinis‘que,
1894 2049 1952 2095 ut

382 2113 602 2167 vocant,
632 2109 850 2162 Catenis
885 2110 1230 2164 adnumerari
1273 2110 1362 2163 hic
1399 2123 1546 2165 certe
1577 2109 1759 2177 debet,
1800 2127 1955 2165 com-

384 2178 670 2250 mentariis
695 2193 885 2247 nempe
911 2179 1017 2234 illis
1055 2180 1106 2233 in
1135 2195 1325 2234 sacras
1370 2178 1602 2234 Litteras
1629 2196 1695 2234 ex
1728 2181 1952 2250 scriptis

382 2248 660 2300 variorum
720 2259 1001 2302 auctorum
1069 2251 1360 2305 collectis:
1411 2261 1464 2303 et
1522 2253 1768 2319 quamvis
1820 2248 1955 2305 tales

383 2319 760 2388 eon'unentarii
797 2320 996 2388 cuique
1029 2320 1340 2375 auctoritati
1371 2322 1610 2373 auctoris
1638 2321 1719 2373 sui
1754 2337 1954 2375 nomen

384 2387 661 2459 ascribere
696 2387 928 2453 soleant,
969 2391 1112 2459 quod
1160 2392 1213 2444 in
1252 2389 1545 2446 Comment.
1575 2390 1824 2459 Procopii
1857 2393 1956 2443 Ini-

386 2458 534 2530 nime
565 2467 809 2526 apparet,
844 2458 1112 2530 ingenuus
1139 2471 1317 2515 tamen
1349 2461 1642 2528 Procopius
1670 2458 1866 2514 fatetur
1887 2476 1954 2515 ex

387 2527 543 2581 libris
573 2536 814 2600 veterum
848 2527 970 2600 eum
992 2531 1316 2600 collegisse;
1344 2539 1396 2584 et
1421 2527 1638 2584 nomina
1670 2540 1952 2584 auctorum

387 2599 778 2670 apponeregob
819 2599 951 2653 illud
981 2599 1213 2654 fortasse
1247 2602 1526 2670 pra‘teriit,
1575 2601 1716 2670 quod
1761 2616 1953 2655 eorum

386 2668 805 2723 auctoritatibus
854 2670 926 2722 ita
963 2677 1166 2734 utatur,
1197 2668 1263 2723 uti
1284 2673 1445 2725 modo
1485 2668 1702 2726 brevius
1735 2681 1956 2726 senten-

386 2736 530 2808 tiam
560 2741 1038 2808 comprehendere,
1084 2741 1244 2794 modo
1271 2756 1399 2795 vero
1430 2742 1537 2794 alio
1569 2741 1831 2797 deductas
1866 2758 1954 2796 rcs

385 2807 465 2859 eis
521 2807 865 2881 il‘itorserere,
918 2810 1317 2881 religionirsibi
1375 2826 1720 2881 nequaquam
1769 2812 1951 2872 ducat,

391 2878 668 2952 quomodo
711 2880 935 2952 quidem
977 2878 1534 2952 animadvertereest
1569 2878 1688 2951 pag.
1725 2883 1956 2952 459,}ibi

384 2947 848 3002 Denteronomium
887 2950 1168 3005 illustrans
1199 2951 1264 3004 ad
1297 2968 1345 3004 ν.
1379 2951 1468 3013 29,
1500 2947 1619 3020 cap.
1641 2947 1723 3005 ’χιι
1747 2991 1761 3014 ,
1797 2947 1958 3020 appo-

390 3022 495 3070 site
538 3020 590 3071 iu
626 3020 811 3073 multis
855 3022 1234 3088 epitomatum,
1285 3021 1335 3074 in
1375 3021 1558 3074 multis
1603 3021 1764 3074 etiam
1811 3022 1954 3074 inte-

385 3104 543 3162 grum
576 3089 852 3162 describit
893 3089 1007 3162 [xv]
1058 3091 1319 3160 quidquid
1366 3090 1702 3162 Epiphanius
1753 3091 1956 3162 iniboc

388 3160 527 3210 lihro
555 3159 792 3228 disputat
823 3159 1034 3214 de'situ
1076 3159 1340 3214 montium
1377 3160 1611 3214 Garizim
1643 3170 1695 3214 et
1741 3159 1907 3214 G-ebal
1936 3181 1947 3214 ;

387 3229 495 3281 alio
528 3237 705 3281 tamen
728 3231 1070 3298 desumptutu
1101 3230 1432 3286 interserens
1457 3246 1739 3284 numerum
1773 3245 1952 3283 sacer-

385 3301 573 3371 dotum
599 3301 1046 3371 abscondentium
1072 3301 1237 3364 idola,
1265 3318 1401 3371 quos
1424 3302 1757 3371 septuaginta
1783 3301 1952 3355 fuisse

385 3369 587 3440 refert;
638 3378 690 3440 et
740 3372 829 3424 ubi
880 3370 1216 3440 Epiphanius
1264 3369 1366 3434 an,
1414 3369 1648 3424 Carizim
1696 3371 1952 3426 habuisse

387 3438 588 3502 gradus
628 3439 903 3511 plurimos,
930 3438 996 3494 iet“
1040 3451 1094 3493 ut
1131 3443 1280 3495 aiant
1330 3440 1564 3511 quidam,
1612 3440 1756 3494 mille
1796 3443 1950 3512 quin-

387 3518 568 3577 gmtos
599 3519 647 3562 et
681 3525 860 3570 supra,
894 3512 1003 3581 iste
1029 3513 1126 3566 hos
1155 3512 1358 3581 gradus
1390 3512 1558 3581 fuisse
1586 3512 1778 3566 scribit
1806 3512 1952 3566 mille

386 3589 654 3632 sexcentos
683 3589 730 3632 ct
767 3597 946 3633 unum.
978 3579 1245 3636 Praeterea
1283 3582 1440 3636 docet
1473 3579 1740 3635 Somoron
1785 3582 1952 3636 fuisse

388 3650 671 3721 antiquum
725 3665 921 3721 nomen
965 3653 1167 3708 montis
1211 3653 1382 3714 illius,
1430 3653 1494 3721 ad
1539 3653 1698 3721 cujus
1742 3651 1952 3706 radices

389 3720 605 3792 Sit-hem
628 3727 779 3792 erat;
809 3720 900 3775 sed
935 3721 1166 3792 fortasse
1188 3737 1252 3776 ex
1284 3724 1401 3792 ipso
1428 3720 1730 3791 Epiphanio
1759 3721 1809 3775 id
1842 3723 1953 3775 col-

389 3789 478 3860 ligi
528 3790 767 3860 putavit;
821 3791 965 3860 quod
1013 3801 1192 3846 autem
1237 3789 1429 3846 sci-ibit
1475 3789 1545 3846 de
1594 3792 1878 3847 intervallo
1920 3808 1949 3846 a

387 3858 573 3927 Galgal
603 3859 668 3912 ad
702 3858 916 3932 Jericbo
948 3862 999 3932 in
1034 3862 1192 3924 libro,
1217 3878 1377 3932 quem
1406 3861 1640 3932 edimus,
1670 3870 1817 3932 certe
1831 3877 1950 3932 non

387 3937 631 4002 apparet.
681 3931 776 4002 sed
813 3931 866 3984 in
909 3931 1002 3984 illo
1035 3931 1245 3994 codice,
1290 3947 1398 4002 quo
1438 3931 1599 3986 unico
1636 3932 1716 3986 uti
1757 3931 1948 3985 debui-

387 4013 534 4071 tuus.
565 3999 765 4053 librarii
789 4002 1081 4054 oscitantia
1111 3999 1541 4071 praterhdssum
1571 4017 1693 4057 esse
1715 4002 1948 4055 videtur.

390 4067 614 4141 ljlxstant
634 4079 814 4124 autem
837 4071 888 4124 in
922 4072 1023 4125 hoc
1046 4067 1289 4141 Procopii
1311 4071 1701 4126 Commentario
1729 4080 1783 4125 et
1805 4088 1942 4140 qua:-

387 4137 512 4191 dam
548 4140 673 4212 alia,
716 4156 836 4212 quae
876 4157 942 4197 ex
983 4137 1267 4212 Epiphanii
1311 4144 1450 4196 libro
1495 4137 1948 4212 Degemmis'ac-

387 4217 545 4280 cepta
610 4209 652 4262 si
702 4209 825 4280 quis
874 4209 1173 4279 conjectet,
1229 4211 1507 4267 adversari
1558 4209 1702 4273 nolo,
1758 4227 1950 4279 netnpe

392 4279 503 4352 illa,
545 4295 665 4348 quae
716 4279 1016 4334 alleruntur
1057 4298 1084 4336 a
1122 4281 1384 4352 Procopio
1428 4281 1496 4334 ad
1540 4281 1786 4336 Exortum
1827 4296 1948 4350 pag.

389 4348 524 4423 δραι
545 4361 596 4423 et
616 4363 890 4423 exponunt
913 4353 1038 4420 quid
1064 4348 1594 4423 tnystice'RatiOnale
1620 4348 1949 4423 Aaronicum

389 4420 738 4493 significaret.
773 4422 1054 4492 Epiphanii
1087 4420 1360 4493 ingenium
1390 4438 1449 4475 ea
1477 4423 1695 4492 quidem
1728 4422 1950 4475 minimc

1477 306 1723 368 vsasm
1762 313 2091 381 ANTIQUA.
2133 269 2204 358 -ζ-
2242 313 2634 370 ΡΒᾹεῖΕΑΤΙΟ.

1985 444 2028 496 Α
2058 433 2286 506 broﬂe
2330 437 2546 506 gemmis
2600 435 2768 489 multa
2828 449 2951 492 esse
3013 433 3305 506 compilata
3356 430 3631 506 videntur.

3529 311 3636 370 8l'0

2063 502 2200 575 [xw]
2227 502 2388 560 Certe
2420 521 2544 559 cum
2576 507 2665 569 iis,
2713 521 2834 573 qua:
2873 507 2962 560 ille
3000 502 3206 572 narrat,
3239 504 3462 558 omnino
3504 516 3632 575 con:

2060 571 2293 646 cordant
2325 591 2446 644 quae
2478 584 2664 629 narrat
2689 571 3072 646 Theophanes,
3120 576 3164 630 si
3191 571 3452 643 excipias.
3490 571 3636 640 quod

2062 644 2150 698 hic
2189 653 2469 699 oratorum
2510 660 2662 701 more
2705 644 2984 702 verbosior
3018 662 3130 701 rem
3164 646 3420 714 exprimit
3471 656 3638 695 orna-

2059 715 2298 784 tiorique
2319 715 2589 769 oratione.

2129 783 2249 858 Jam
2300 800 2432 839 vero
2483 784 2780 858 dummodo
2829 787 2965 850 bare,
3023 801 3144 858 quae
3187 785 3256 840 de
3298 783 3637 858 Theophane

2063 855 2200 930 dixi,
2225 871 2367 930 vana
2393 871 2501 910 non
2528 855 2628 930 sim
2658 863 2957 925 auguratus
2983 855 3635 930 conjectura,"lfheopha-

2059 941 2159 980 nes
2186 927 2351 994 igitur
2383 927 2660 980 recentior
2693 934 2776 979 est
2802 933 3014 989 auctor,
3052 925 3211 996 quem
3245 925 3532 996 Epiphauii
3568 930 3635 984 li-

2063 996 2159 1050 bro
2203 997 2275 1049 De
2319 996 2538 1068 gemmis
2588 1010 2746 1068 usum
2787 1010 2910 1050 esse
2941 994 3088 1049 novi:
3129 994 3490 1068 Puto—autem
3519 999 3634 1068 jam

2060 1074 2172 1138 tum
2209 1080 2395 1138 rarum
2434 1067 2601 1138 fuisse
2635 1065 2858 1138 factum,
2891 1079 3014 1138 cum
3051 1081 3116 1120 nc
3142 1065 3384 1138 Photius
3413 1065 3631 1138 quidem

2059 1136 2178 1203 ejus
2212 1136 2542 1199 meminerit,
2579 1135 2863 1206 etiamdiu
2888 1136 3108 1204 quidem
3141 1136 3362 1206 itaet-at
3389 1135 3630 1206 ignotus,

2058 1216 2118 1277 ut
2149 1206 2451 1277 doctissimi
2484 1205 2659 1260 critici
2692 1207 2961 1277 lugerent,
2995 1214 3053 1259 ut
3085 1205 3376 1277 perditum,
3415 1205 3534 1264 fere
3570 1222 3634 1262 ac

2058 1276 2257 1347 librum
2276 1276 2461 1347 illum,
2494 1275 2965 1347 quemde‘eadem
2996 1291 3054 1330 re
3081 1275 3304 1345 scripsit
3327 1276 3632 1347 Septimius

2055 1345 2431 1401 Tertulliauus
2475 1345 2775 1401 secundum
2825 1345 3323 1415 imlicenropermu
3353 1345 3496 1415 ejus,
3541 1348 3633 1402 ubi

2054 1432 2178 1488 eum
2213 1417 2533 1488 adnotatum
2572 1415 2847 1471 invenisse
2877 1431 2937 1488 se
2975 1414 3144 1469 tradit
3177 1414 3540 1488 Hieronymus
3579 1421 3633 1470 in

2057 1485 2309 1559 Epistola
2333 1485 2400 1540 ad
2430 1484 2711 1541 Fabiolam
2752 1485 3008 1559 superius
3039 1501 3256 1557 quoque
3288 1484 3459 1552 laud,
3509 1502 3634 1559 quae

2055 1554 2112 1610 in
2144 1557 2233 1611 ed.
2269 1555 2492 1623 Veron,
2526 1565 2654 1624 etc.,
2691 1563 2774 1613 est
2799 1556 2887 1610 64.

2771 1645 2906 1719 ἓν.

2060 1737 2132 1792 De
2163 1736 2395 1818 Epitome
2416 1734 2632 1818 tibriS.
2667 1735 2966 1818 Epipltanii‘
2988 1735 3062 1790 De
3086 1752 3156 1818 ru
3182 1737 3413 1818 gemmis
3443 1755 3474 1791 a
3501 1737 3631 1792 Ges-

2129 1825 2250 1862 nero
2285 1807 2449 1873 edita,
2515 1817 2561 1860 et
2598 1808 2661 1860 de
2692 1809 2802 1860 alia
2845 1806 2909 1859 ab
2933 1805 3224 1860 Anastasio
3259 1805 3471 1862 Sinaita
3535 1823 3632 1865 e3-

2129 1889 2309 1932 arata.

2128 1970 2305 2023 Edidit
2328 1983 2460 2024 sane
2487 1968 2771 2024 Conradus
2803 1967 3079 2023 Gesnerus
3113 1968 3167 2022 iu
3203 1969 3530 2028 collectione
3560 1972 3642 2028 li-'

2054 2039 2276 2094 brorum
2313 2039 2386 2094 De
2419 2041 2775 2110 omniirerum
2808 2038 3075 2107 fossilinm
3107 2055 3288 2110 genere
3319 2043 3629 2110 agentium,

2058 2110 2245 2180 Tiguri
2273 2125 2416 2164 anno
2453 2109 2612 2171 1585,
2646 2110 2970 2180 opusculum
3001 2108 3271 2180 quoddam
3308 2108 3386 2162 De
3413 2113 3631 2180 gemmis

2056 2178 2145 2233 xit
2183 2180 2516 2246 Rationalis,
2555 2188 2610 2233 et
2667 2178 2967 2248 Epiphanio
3023 2179 3296 2233 attribuit.
3336 2178 3440 2235 Sed
3509 2182 3634 2238 licet

2058 2251 2186 2303 illud
2215 2259 2266 2304 et
2285 2259 2488 2321 postea
2503 2247 2725 2321 plurius
2751 2247 2854 2303 sub
2881 2247 3072 2321 eodem
3116 2250 3336 2304 nomine
3364 2251 3512 2321 typis
3546 2269 3630 2307 rc-

2057 2334 2248 2390 cusum
2279 2318 2468 2382 fuerit,
2500 2319 2642 2372 haud
2667 2329 2847 2372 tamen
2880 2319 3025 2372 aliud
3063 2333 3254 2390 revera
3287 2318 3627 2390 erat,'quam

2058 2389 2305 2459 Epitome
2350 2391 2472 2443 libri
2502 2390 2570 2444 de
2606 2405 2672 2443 eo
2703 2389 3121 2459 argumentoiab
3152 2387 3455 2458 Epiphanio
3478 2387 3630 2446 cou-

2056 2458 2266 2528 scripti,
2303 2461 2401 2513 etsi
2433 2460 2712 2528 aliquanto
2733 2459 3006 2530 prolixior
3036 2458 3286 2527 Epitome
3311 2461 3436 2524 alia,
3462 2476 3626 2530 quam

2058 2527 2183 2583 cum
2239 2527 2686 2599 interpreta’timte
2732 2527 2986 2582 'lurriani
3039 2531 3249 2598 accepit
3296 2545 3324 2582 a
3379 2527 3630 2598 Sch—otto,

2059 2600 2332 2680 ediditque
2363 2602 2544 2680 in-sua
2575 2615 2798 2680 operum
2831 2599 2889 2680 S.
2937 2599 3228 2680 lipiphapil
3259 2599 3500 2680 editione
3528 2600 3633 2656 Pe-

2059 2668 2402 2724 tavius—tom.
2431 2669 2490 2729 ll,
2527 2685 2649 2739 pag.
2679 2669 2806 2732 2'55,
2837 2677 2890 2722 et
2919 2668 3114 2724 deinde
3129 2669 3486 2738 deprehendit
3514 2686 3630 2727 me-

2059 2755 2175 2792 ram
2219 2757 2341 2794 esse
2383 2740 2655 2794 Anastasii
2701 2739 2924 2792 Sinaita:
2964 2739 3272 2808 Epitomen,
3309 2757 3430 2809 qua:
3475 2752 3632 2796 extra

2059 2825 2261 2879 corpus
2291 2811 2474 2879 operis
2503 2810 2801 2872 Anastasii,
2841 2817 2894 2863 ct
2929 2809 2986 2863 in
3032 2811 3310 2865 nonnullis
3353 2810 3630 2869 Vaticani-3

2059 2882 2342 2934 codicibus
2393 2881 2666 2950 descripta
2725 2879 2942 2948 legitur,
2995 2879 3247 2950 fortassis
3309 2883 3454 2950 quod
3505 2896 3630 2936 cum

2063 2965 2319 3018 perrarus
2355 2949 2471 3018 ipse
2499 2948 2785 3020 Epiphanii
2819 2949 2965 3020 liberi
2984 2948 3161 3004 factus
3185 2948 3350 3014 esset,
3387 2952 3480 3004 illa
3507 2952 3632 3020 ejus

2065 3022 2308 3088 Epitome
2338 3021 2390 3072 in
2417 3021 2590 3090 pretio
2623 3019 2859 3090 maxime
2883 3019 3173 3073 haberetur
3197 3036 3211 3082 ;
3243 3021 3345 3074 nisi
3371 3023 3499 3090 quis
3526 3019 3634 3074 ma-

2061 3092 2140 3148 lit.
2197 3093 2436 3145 imovero
2468 3089 2749 3158 Epitomen
2796 3089 3094 3153 Anastasii,
3131 3101 3225 3143 aut
3276 3089 3428 3145 illam
3467 3092 3631 3144 aliam

2061 3178 2088 3215 a
2121 3160 2364 3214 Gesnero
2400 3160 2625 3221 editam,
2661 3159 2820 3223 cujus
2870 3168 3148 3213 auctorem
3194 3161 3532 3229 ignoramus,
3570 3162 3633 3215 li-

2055 3232 2151 3285 bro
2173 3231 2331 3301 [xvu]
2351 3229 2634 3299 Epiphanii
2656 3229 2817 3298 235
2834 3230 3082 3284 attulisse
3104 3231 3421 3300 perniciem,
3444 3247 3632 3300 quem-

2054 3300 2347 3355 admodum
2393 3303 2566 3354 solent
2617 3300 2952 3370 primigeniis
3016 3301 3170 3355 libris
3223 3301 3418 3356 afferre
3468 3303 3633 3372 hujus

2053 3372 2267 3442 generis
2297 3372 2516 3436 scripta.

2125 3443 2490 3508 Quamobrem
2542 3441 2782 3494 Joannes
2833 3441 3088 3496 Albcrtus
3136 3441 3442 3505 Fabricius,
3507 3442 3632 3498 licet

2054 3512 2258 3581 nemini
2305 3513 2357 3564 in
2404 3511 2665 3564 librorum
2740 3512 3050 3581 cognitione
3097 3512 3394 3576 secundus,
3445 3512 3538 3567 lib.
3593 3529 3626 3566 ν

2055 3580 2204 3653 Βὶὺμ
2224 3580 2440 3653 (It-tecte,
2465 3597 2586 3651 cap.
2621 3581 2706 3643 ll,
2736 3581 2762 3650 ᾗ
2788 3580 2841 3642 Ξ,
2875 3599 2926 3634 n.
2952 3583 3002 3638 7.
3030 3582 3228 3648 injuria
3258 3583 3476 3653 quidem
3511 3598 3634 3652 pro-

2055 3651 2290 3711 nuntiat.
2316 3651 2546 3706 Caveum
2571 3662 2762 3720 prwter
2801 3669 2905 3705 rem
2938 3653 3132 3706 librum
3160 3653 3224 3707 de
3261 3651 3524 3722 lapidibus
3549 3654 3632 3706 in-

2058 3732 2134 3774 ter
2161 3723 2359 3793 inedita
2387 3722 2666 3793 Epiphanii
2695 3723 2958 3793 retulisse,
2983 3731 3034 3776 et
3064 3724 3179 3793 ipse
3201 3726 3418 3793 quidem
3449 3725 3630 3793 potius

2055 3791 2537 3864 reprehendendus
2579 3799 2681 3854 est,
2719 3794 2810 3860 qui
2862 3791 3144 3864 Epitomen
3191 3791 3290 3864 pro
3336 3791 3478 3848 libro
3512 3795 3632 3864 ipso

2057 3861 2348 3931 Epiphanii
2380 3865 2560 3917 minus
2585 3871 2780 3917 cautus
2805 3863 3104 3931 accipiens,
3137 3861 3287 3918 illum
3321 3864 3493 3920 fuisse
3514 3861 3634 3918 edi.

2055 3940 2166 4005 tum
2199 3933 2682 4005 asseritai’etavio
2702 3943 2842 4005 tom.
2877 3933 2917 4005 l_l
2973 3947 3090 4002 opp.
3137 3933 3193 3987 S.
3239 3934 3545 4005 Epiphanii,
3579 3942 3632 3990 et

2054 4017 2082 4053 a
2118 4001 2340 4056 Matthia
2371 4002 2577 4058 llillero
2608 4003 2661 4055 in
2701 4003 2839 4056 libro
2874 4003 2949 4056 De
2989 4001 3064 4056 sit
3107 4001 3324 4072 gemmis
3341 4001 3410 4058 ’ἱη
3451 4014 3632 4072 pecto-

2053 4073 2158 4144 rali
2187 4073 2381 4126 summi
2419 4074 2707 4144 pontiﬁcis,
2747 4088 2845 4126 nec
2884 4088 2989 4125 non
3023 4075 3076 4126 in
3112 4073 3477 4144 Sgntagnmtis
3508 4075 3630 4142 ejus

2059 4141 2492 4196 llermeneutitfis.
2537 4142 2802 4196 Praeterea
2853 4157 2980 4195 vero
3031 4141 3172 4196 male
3219 4141 3383 4198 etiam
3442 4141 3627 4206 docet,

2053 4210 2354 4266 Gcsnerum
2401 4213 2639 4267 edidisse
2671 4211 2955 4280 Epitomen
2989 4211 3056 4264 ab
3090 4213 3383 4269 Anastasio
3416 4211 3630 4267 Sinaita

2053 4281 2380 4346 confectam,
2431 4292 2484 4335 et
2532 4297 2562 4335 a
2604 4281 2830 4336 Petavio
2875 4296 3090 4352 quoque
3141 4283 3342 4338 editam
3395 4291 3528 4338 tom.
3563 4282 3628 4348 ll,

2055 4353 2331 4424 pag._2§5,
2372 4367 2495 4406 cum
2529 4352 2804 4407 Gesner-us
2848 4352 3186 4424 illamaliam
3223 4353 3470 4415 ediderit.
3510 4369 3631 4424 qua:

2057 4422 2200 4491 apud
2230 4423 2507 4494 Petaviuin
2541 4432 2719 4480 exstat
2751 4438 2881 4494 pag.
2909 4422 3035 4475 2‘25.
3064 4424 3286 4479 Demum
3333 4425 3465 4479 illud
3489 4422 3628 4494 quo-

385 4484 756 4565 dellecent,_et
803 4484 973 4565 inice
998 4484 1544 4565 libro'lipiphaniuin
1601 4503 1946 4565 persecutum
1988 4484 2027 4539 ί)
2058 4484 2164 4562 que
2191 4493 2380 4565 adjicit
2409 4493 2714 4565 Fabricius,
2737 4484 2994 4557 eosvfalli,
3028 4497 3120 4562 qui
3155 4495 3350 4549 librant
3386 4496 3462 4550 De
3486 4484 3630 4564 gem-

384 4575 508 4634 esse
539 4562 822 4634 mysticam
860 4562 1159 4618 ltationalis
1203 4562 1257 4618 et
1288 4562 1675 4634 'prctiosorum
1712 4563 1834 4631 ejus
1868 4563 1947 4634 la-

386 4630 573 4702 pidum
601 4630 1064 4700 'signiftcationem
1096 4630 1376 4689 indubiu'm
1422 4647 1526 4698 est,
1575 4649 1698 4687 cum
1736 4630 1852 4702 ipse
1894 4633 1947 4686 iu

383 4700 612 4767 cpistola
649 4703 786 4756 libro
809 4706 1020 4771 pra-lixa
1059 4704 1160 4759 hoc
1192 4721 1407 4775 quoque
1432 4706 1486 4758 in
1515 4720 1578 4759 eo
1611 4704 1713 4758 sibi
1748 4700 1947 4775 propo-

384 4778 479 4822 nat
517 4775 1266 4839 pertractandum.Certiores
1296 4774 1374 4829 rei
1417 4777 1532 4845 ipse
1572 4775 1707 4845 liber
1737 4790 1837 4828 nos
1871 4774 1951 4845 fa-

381 4856 507 4913 cere
547 4850 752 4908 posset,
805 4849 898 4898 sed
950 4861 1205 4900 mancmu
1243 4843 1571 4900 inveniinus.
1622 4843 1678 4897 Si
1731 4843 1951 4913 quando

384 4911 949 4986 inveniat_ur_integer,
981 4915 1234 4972 fortassis
1259 4925 1312 4971 et
1343 4931 1463 4985 qua:
1494 4911 1860 4986 Hieronymus
1885 4913 1952 4986 de

388 4983 668 5057 mysteriis
703 4982 1006 5040 Rationalis
1033 4989 1274 5057 scripsit,
1306 4982 1950 5057 mutuasseilliueintel-

387 5052 600 5122 ligetur.
635 5051 907 5109 Pnetereo
939 5071 968 5109 e
1005 5051 1236 5112 divcr'sis
1280 5059 1414 5112 locis
1463 5058 1722 5110 collectas
1757 5054 1952 5108 Ilieroo

385 5124 532 5195 ωηιιὶ
566 5126 867 5178 sententias
900 5127 951 5178 in
984 5127 1123 5180 hanc
1166 5143 1302 5188 rem,
1345 5127 1487 5195 quod
1520 5128 1630 5192 jam
1671 5125 1952 5193 collegerit

384 5191 762 5266 [.ipomannus
798 5195 850 5248 in
889 5211 987 5250 sua
1021 5198 1225 5253 Catena
1267 5198 1335 5250 ad
1365 5191 1629 5252 'Exodum
1666 5212 1786 5266 pag.
1817 5191 1950 5249 987.

385 5263 489 5317 Sed
522 5263 634 5317 haec
665 5265 1000 5318 omittamus.

458 5333 626 5406 Venio
672 5350 819 5406 nunc
861 5336 927 5389 ad
960 5335 1346 5406 TheOphanem
1386 5337 1703 5392 Cerameum
1743 5337 1957 5392 Tauro-

386 5405 538 5457 miuii
569 5405 1063 5477 archiepiscopum.
1113 5405 1164 5460 et
1192 5407 1428 5477 Rogerio
1468 5407 1784 5477 “Siciliam
1815 5409 1958 5462 obti--

387 5483 548 5529 nente
567 5475 858 5546 illustrem,
883 5485 941 5530 ut
958 5477 1150 5546 probat
1166 5475 1412 5533 Oudiuus
1434 5479 1488 5532 in
1506 5476 1796 5532 Comment.
1823 5487 1953 5543 etc.,

393 5557 524 5597 tom.
555 5543 632 5618 _ll,
678 5547 783 5600 col.
822 5543 982 5601 1185⁷.
1029 5547 1262 5618 Scripsit
1309 5550 1394 5602 hic
1440 5548 1703 5603 llomilias
1751 5551 1956 5618 plures,

386 5629 525 5684 quas
545 5614 729 5671 Grazce
757 5625 808 5672 et
839 5617 1028 5673 Latine
1052 5614 1222 5672 edidit
1244 5618 1471 5674 Parisiis
1499 5635 1587 5672 an.
1619 5614 1764 5674 16M
1789 5614 1960 5673 Frau-

386 5700 567 5759 ctseus
600 5684 834 5742 Seorsus
865 5689 920 5743 S.
959 5688 1030 5754 J.,
1061 5697 1114 5743 et
1147 5690 1244 5745 has
1297 5690 1437 5744 inter
1469 5690 1740 5744 tricesima
1768 5705 1830 5744 ea
1855 5698 1963 5759 est,

391 5757 594 5824 inqua,
629 5759 718 5811 uhi
747 5759 818 5812 de
848 5760 1208 5815 Samaritanis
1242 5762 1441 5832 agitur,
1485 5777 1550 5815 ex
1579 5760 1864 5830 Epiphanii
1898 5757 1958 5814 li;

2051 4566 2152 4618 mis
2185 4564 2488 4635 Epiphanio
2512 4564 2856 4635 abiudicant,
2884 4573 2939 4635 et
2976 4575 3123 4635 recte
3167 4566 3390 4635 quidem
3420 4567 3488 4621 de
3527 4567 3630 4621 hoc

2051 4633 2260 4695 censet,
2289 4633 2338 4690 si
2379 4633 2473 4705 qui
2505 4633 2643 4688 forte
2672 4633 2802 4705 sint,
2849 4633 2942 4704 qui
2974 4633 3338 4704 Epiphaniam
3380 4638 3434 4690 in
3487 4637 3630 4692 hanc

2052 4719 2164 4758 rem
2184 4704 2738 4778 scripsissealiquid
2769 4711 2986 4778 negent.
3024 4705 3122 4760 sed
3162 4709 3253 4775 qui
3300 4705 3625 4778 Epiphanio,

2053 4775 2198 4844 quod
2253 4777 2370 4848 ipse
2417 4775 2708 4848 Epiphanii
2747 4790 2880 4848 esse
2909 4775 3010 4830 sibi
3060 4775 3630 4848 consuadetﬁabjudi-

2053 4856 2200 4908 cant,
2233 4844 2456 4900 minime
2489 4847 2710 4913 quidem
2742 4844 3026 4900 falluntur.

2125 4915 2458 4988 Opusculum
2499 4916 2576 4988 De
2606 4914 2842 4988 Cemmis
2870 4931 2899 4968 a
2935 4916 3180 4988 Gesnero
3225 4917 3459 4988 aliisque
3514 4919 3630 4973 edi-

2055 4993 2168 5058 tum
2190 4987 2963 5058 jamdiuprol‘ectobrevitate
2987 5001 3092 5058 sua
3108 4986 3254 5041 aliud
3280 5003 3340 5043 se
3365 4986 3487 5045 esse
3510 5004 3632 5058 pro«

2055 5055 2288 5129 diderat.
2313 5072 2377 5129 ac
2404 5056 2600 5129 librum
2639 5056 2813 5129 illum,
2843 5071 3003 5126 quem
3035 5056 3398 5129 Hieronymus
3428 5055 3631 5129 insigne

2057 5125 2292 5180 volumen
2321 5127 2478 5189 dixit,
2511 5134 2562 5181 et
2593 5125 2962 5196 aptissimum,
2999 5127 3142 5183 unde
3169 5125 3633 5197 plenissimam'de

2055 5197 2634 5269 Rationali_Aaronico_
2665 5198 2941 5252 scientiam
2973 5200 3218 5269 consequi
3264 5198 3485 5254 Fabiola
3532 5216 3629 5269 po-

2059 5270 2274 5323 tuisset.
2299 5267 2453 5340 Quid
2494 5267 3000 5340 quod__neutiquam
3038 5268 3106 5340 ab
3137 5267 3367 5340 epistola
3417 5267 3632 5338 incipit,

2059 5340 2203 5410 unde
2228 5339 2621 5410 primigeuium
2639 5337 3222 5410 Epiphaniiiscriptuin
3247 5341 3460 5394 initium
3491 5337 3634 5396 sum-

2065 5409 2241 5478 psisse
2277 5409 2433 5465 testis
2471 5418 2590 5464 erat
2616 5409 2908 5463 Facundus
2941 5409 3388 5465 llermianensis?

2133 5478 2238 5533 Sed
2275 5479 2386 5534 base
2423 5487 2550 5534 sunt
2596 5480 2813 5549 quidem
2851 5479 2999 5542 talia,
3045 5489 3104 5532 ut
3145 5481 3328 5534 nullus
3364 5484 3633 5549 emuncta:

2063 5551 2211 5604 naris
2267 5550 2448 5611 homo,
2499 5549 2564 5603 ad
2617 5548 2730 5604 rem
2768 5550 3010 5618 propius
3041 5550 3328 5611 accedens,
3378 5548 3632 5618 dubitare

2032 5671 2034 5674 .
2063 5620 2336 5680 debuerit,
2383 5621 2508 5688 jure
2549 5629 2600 5673 et
2634 5617 2828 5674 merito
2871 5621 2939 5672 ab
2973 5617 3276 5686 Epiphanio
3309 5617 3634 5688 abjudican-

2063 5693 2188 5747 dznu
2225 5707 2365 5755 esse,
2388 5687 2544 5760 quod
2591 5690 2694 5744 sub
2723 5690 3112 5760 ejus_nomine
3142 5687 3635 5742 circumferebatur

2066 5763 2386 5830 opusculum
2422 5756 2504 5815 'De
2532 5756 2805 5831 gemmisa
2845 5756 3086 5812 Gcsnero
3129 5760 3441 5827 vulgatum;
3482 5773 3634 5814 eras—
