4034 6216
428 280 528 339 311

1723 280 1900 337 LIBRI
1941 283 2027 338 DE
2067 284 2163 339 XII
2199 283 2462 340 GEMRIIS

3594 286 3707 343 5ιὲ

427 414 604 455 srores
635 406 815 456 tamen
846 400 1071 457 litterati
1104 399 1199 473 rei
1216 398 1480 455 certiores
1517 399 1633 473 ﬁeri
1676 401 2013 456 luculentius
2043 408 2085 463 Α
2118 402 2242 456 dam
2296 403 2642 457 soloecismos
2688 402 2828 473 typis
2866 402 3210 473 committere
3244 401 3473 456 minime
3507 415 3709 472 passus

429 487 538 523 non
566 480 842 538 poterant,
876 486 1040 541 quam
1070 471 1127 541 si
1150 470 1241 541 ob
1261 486 1451 525 eorum
1481 471 1673 526 oculos
1715 480 2013 539 poneretur

430 540 793 611 primigenios
840 539 956 611 ipse
992 541 1049 595 S.
1092 539 1379 610 Epiphanii
1422 541 1579 604 liber,
1626 542 1717 596 ubi
1748 557 1897 610 eum,
1955 550 2014 596 ut

430 609 594 666 modo
626 610 830 667 factum
859 609 965 676 est,
1003 609 1245 682 reperire
1274 612 1620 683 contigisset.

1134 704 1162 777 §
1204 703 1290 760 Vl.

433 796 720 872 [vrtujﬂDe
743 798 1013 872 codicibus
1042 816 1187 872 mss:
1204 797 1345 852 unde
1381 806 1533 872 eruta
1573 806 1653 853 est
1678 799 1872 872 Latina
1899 816 2008 855 ver-

498 868 730 924 sio’libri
756 868 815 925 S.
851 868 1135 941 Epiphanii
1159 869 1233 923 De
1272 870 1535 940 gemmis;
1572 869 1777 941 etquid
1803 873 2014 937 proasti-

503 949 615 993 tum
642 941 712 995 sit
746 942 797 994 iu
834 940 948 1011 ejus
969 941 1216 994 editione.

496 1031 698 1096 Locus,
726 1035 816 1089 ubi
846 1035 1000 1088 illum
1027 1031 1229 1087 offendi
1260 1030 1461 1101 primo,
1485 1031 1814 1088 chartaceus
1836 1033 2007 1090 codex

424 1112 509 1158 est
545 1103 733 1158 in-fol.
762 1121 828 1159 ex
864 1120 999 1160 mss.
1039 1103 1326 1159 codicibus
1354 1104 1699 1158 bibliothecae
1723 1105 2008 1159 Corsinio-

423 1190 549 1229 rum
583 1174 709 1237 817,
733 1189 895 1242 quem
923 1190 1028 1228 non
1060 1182 1220 1229 aetate
1248 1174 1489 1242 quidem,
1523 1190 1644 1243 quae
1675 1175 1761 1229 vix
1786 1184 2006 1230 centum

427 1259 604 1315 annos
649 1258 911 1315 superare
954 1245 1086 1315 mihi
1129 1244 1437 1306 videbatur,
1487 1246 1582 1300 sed
1634 1245 1823 1309 rebus,
1868 1262 2007 1315 quas

429 1314 609 1381 primo
641 1314 829 1368 statim
880 1314 1084 1371 intuitu
1131 1316 1416 1369 continere
1460 1315 1725 1380 intellexi,
1757 1314 2009 1371 conside-

429 1388 664 1456 randum
707 1392 879 1450 ratus,
920 1384 1215 1456 diligenter
1245 1385 1444 1456 evolvi,
1492 1401 1593 1456 nec
1632 1401 1807 1441 vanus
1857 1388 2005 1444 sensi

431 1454 702 1523 integrum
746 1454 1112 1525 antiquissimi
1158 1454 1394 1523 alicujus
1436 1455 1646 1511 codicis
1699 1457 2003 1525 exemplum

429 1538 554 1577 esse
594 1538 609 1576 :
660 1540 722 1578 ea
767 1527 912 1579 enim
960 1528 1217 1595 opinione
1267 1527 1654 1582 bibliothecam
1687 1525 2003 1581 Vaticanum

431 1595 747 1663 consulens,
800 1596 1133 1651 ditissimum
1187 1605 1430 1652 veterum
1478 1612 1611 1663 mss.
1665 1597 2002 1659 thesaurum,

430 1662 677 1737 codicem
704 1680 837 1737 vere
869 1667 1197 1737 pretiosum,
1243 1670 1386 1723 unde
1416 1662 1775 1722 Corsinianus
1801 1668 2002 1737 aliique

432 1732 560 1788 huic
589 1735 801 1791 similes
844 1732 898 1791 in
936 1737 1123 1796 eadem
1153 1736 1418 1792 Vaticana
1464 1737 1797 1793 bibliotheca
1840 1752 1871 1791 a
1913 1732 2005 1793 ine

427 1804 552 1868 visi,
583 1806 759 1861 exorti
791 1815 939 1871 sunt,
978 1815 1317 1863 asservatum
1351 1810 1556 1863 inveni.

503 1874 597 1930 Est
625 1876 713 1932 hic
747 1876 799 1930 in
836 1879 1025 1931 charta
1065 1894 1392 1948 pergamena
1428 1879 1637 1942 in-fol.,
1681 1886 1737 1932 et
1780 1885 2003 1932 notatur

431 1960 662 2002 numero
688 1948 851 2003 4961.
891 1948 1094 2003 Ριωιει·
1144 1948 1275 2003 illud
1325 1957 1530 2013 autem,
1575 1948 1721 2018 quod
1764 1950 1998 2013 edimus,

429 2018 785 2086 opusculum,
816 2021 1016 2075 multas
1051 2018 1427 2075 Romanorum
1465 2019 1781 2088 pontificum
1813 2030 1868 2073 et
1900 2020 2003 2073 im-

430 2096 744 2153 peratorum
776 2091 1042 2159 epistolas
1068 2093 1335 2153 continet,
1369 2105 1602 2159 quarum
1647 2090 1845 2146 seriem
1877 2090 2002 2144 dili-

429 2160 649 2225 gentius
686 2160 1224 2216 evolvisse-minime
1266 2162 1447 2231 piget;
1494 2160 1826 2230 deprehendi
1853 2160 2000 2231 enim

430 2243 549 2282 mea
584 2245 710 2283 cum
749 2231 1046 2299 voluptate.
1088 2232 1231 2285 bono
1259 2230 1440 2285 autem
1484 2246 1589 2284 non
1631 2246 1752 2285 meo
1797 2230 1999 2293 solum,

433 2307 490 2366 ut
532 2309 682 2366 puto.
716 2302 811 2354 sed
842 2300 1120 2354 communi
1150 2301 1418 2362 omnium,
1447 2315 1571 2353 eum
1606 2316 1727 2355 esse
1756 2301 1999 2354 codicem

432 2365 781 2431 Vaticanum,
815 2386 878 2425 ex
907 2384 1019 2440 quo
1044 2370 1316 2426 Baronius
1342 2370 1709 2438 pulcherrima
1731 2369 2001 2425 Christia-

430 2453 515 2510 nae
545 2440 895 2510 antiquitatis
924 2450 1275 2495 tuonutnenta
1304 2441 1372 2493 ad
1405 2443 1553 2495 tertii
1585 2448 1638 2497 et
1677 2443 1858 2510 quarti
1896 2457 2000 2495 sa:-

430 2509 538 2582 cu‘ti
573 2508 832 2565 Ecclesiae
864 2512 1152 2566 historiam
1203 2511 1582 2582 illustrandam
1634 2508 1853 2582 inlsuos
1890 2515 1995 2564 Λιι-

429 2579 578 2651 uales
609 2582 895 2645 derivavit,
932 2596 1055 2636 eum
1088 2596 1232 2651 stupe
1265 2580 1585 2635 Vaticanum
1624 2579 1870 2651 codicem
1904 2597 2000 2650 ap-

430 2650 667 2717 pellans,
699 2651 974 2707 interdum
1010 2666 1139 2706 vero
1170 2650 1539 2722 pervetustunt
1579 2652 1813 2706 codicem
1850 2650 2000 2705 Vati-

431 2736 644 2792 canum,
694 2724 749 2776 in
781 2739 880 2792 quo
926 2723 1138 2791 scriptae
1177 2720 1318 2776 sunt
1346 2720 1589 2791 epistolis
1650 2722 2002 2789 complurium

424 2789 1146 2862 Romanorumpontiﬁcum,
1179 2804 1239 2847 ut
1272 2793 1339 2851 ad
1369 2789 1457 2846 an.
1494 2793 1758 2862 (31.7568,
1795 2795 1823 2862 §
1863 2792 1918 2851 2.
1945 2800 2000 2848 et

430 2863 595 2913 modo
623 2861 855 2917 codiceni
892 2863 1067 2924 illum,
1099 2862 1189 2917 ubi
1231 2863 1508 2930 descriptae
1533 2861 1998 2930 [tabenttat'iplures

426 2934 737 2999 pontificum
771 2933 1125 2987 Montanorum
1144 2934 1402 3003 epistolrv,
1439 2943 1495 2987 ut
1525 2936 1590 2986 ad
1618 2949 1709 2986 an.
1741 2934 1870 2996 581,
1902 2930 1995 3003 δι,

426 3016 481 3056 et
514 3003 647 3076 585,
677 3004 704 3076 §
743 3006 795 3059 5.
832 3005 987 3071 Quod
1027 3015 1208 3076 autem
1241 3004 1458 3059 exhibet
1486 3003 1744 3076 primum,
1775 3004 1999 3076 libellus

429 3081 511 3145 est
538 3073 1014 3131 schismaticorum
1037 3074 1333 3130 Marcellini
1351 3073 1513 3145 atque
1542 3073 1811 3145 Faustini,
1834 3089 1995 3145 quem

2117 489 2262 535 sum,
2298 481 2352 528 et
2378 473 2521 543 quod
2545 472 3081 544 adorthographiam
3112 479 3349 542 spectat,
3383 488 3505 541 qua:
3527 474 3707 543 magis

2115 546 2426 598 communis
2461 543 2603 613 apud
2647 544 2839 598 doctos
2874 543 3122 598 homines
3165 554 3449 605 nunc-est,
3490 546 3704 613 passim

2115 613 2362 677 adhibui,
2409 615 2554 667 illam
2606 615 2813 668 colicis
2846 628 3074 670 servans
3104 614 3383 667 nonnullis
3413 614 3588 667 solum
3647 614 3703 669 iu

2115 684 2285 745 locis,
2320 686 2410 738 ubi
2445 684 2561 738 visa
2601 692 2686 739 est
2724 684 2854 738 mihi
2902 684 3301 753 philologorum
3351 684 3701 739 animadver-

2114 755 2269 810 sione
2299 772 2405 810 non
2441 755 2682 824 indigna.
2716 753 2888 809 Porro
2920 757 3034 808 loca
3065 761 3348 824 corrupta,
3377 769 3499 824 qua:
3537 754 3691 809 resti-

2113 831 2267 880 tuere
2291 824 2389 897 [xx
2413 824 2662 895 ldiﬂicile
2688 842 2800 881 non
2826 826 2953 897 fuit,
2984 825 3195 880 restitui
3222 824 3471 897 quidem,
3492 824 3585 879 sed
3607 840 3695 886 ea,

2112 910 2233 967 quae
2276 893 2383 951 rion
2417 893 2549 952 sine
2597 898 2781 967 aliquo
2831 896 3207 951 additamento
3244 893 3477 967 restitui
3533 909 3696 967 posse

2110 966 2444 1031 arbitrabar,
2468 975 2522 1021 et
2540 984 2664 1037 quae
2682 964 2775 1021 aut
2802 982 2907 1021 non
2932 974 3071 1026 erat,
3092 977 3187 1021 aut
3204 982 3310 1019 non
3338 964 3505 1037 subiit
3532 965 3694 1037 resti-

2110 1037 2300 1091 tuendi
2331 1034 2573 1102 modus,'
2595 1038 2650 1092 in
2690 1040 2886 1093 mendo
2920 1037 3125 1091 cubare
3155 1035 3376 1105 reliqui,
3419 1034 3691 1088 interdum

2109 1122 2174 1160 ea
2205 1122 2329 1178 esse
2359 1116 2617 1178 corrupta
2648 1110 2701 1162 in
2732 1107 2888 1164 Notis
2910 1121 3160 1171 monens,
3202 1106 3474 1178 interdum
3510 1113 3692 1178 tamen

2109 1193 2179 1249 ne
2204 1176 2307 1233 hoc
2335 1175 2554 1248 quidem
2589 1188 2888 1249 prantans,
2923 1185 3113 1247 utpote
3140 1177 3287 1249 illius
3318 1176 3499 1230 minus
3537 1175 3692 1249 solli-

2108 1248 2272 1316 citus,
2303 1246 2449 1374 quod
2474 1246 2888 1315 tale—noveram,
2921 1246 3189 1318 uttequus
3211 1247 3382 1303 lector
3408 1260 3509 1301 nec
3539 1246 3689 1309 velit,

2110 1335 2212 1373 nec
2244 1335 2317 1374 no
2345 1330 2405 1373 tt.

2110 1335 2212 1373 nec
2244 1330 2405 1374 IIOIIL

2178 1388 2334 1456 Quod
2380 1399 2590 1459 spectat
2630 1390 2698 1445 ad
2742 1397 3059 1446 contextum
3101 1388 3373 1452 Graecum,
3409 1387 3477 1443 de
3502 1402 3567 1441 eo
3598 1386 3689 1440 in-

2109 1461 2329 1529 quirere
2360 1477 2465 1515 non
2492 1461 2675 1524 omisi,
2699 1462 2880 1516 adhuc
2917 1470 3099 1515 tamen
3130 1459 3331 1517 factum
3355 1468 3439 1513 est
3460 1460 3685 1529 frustra.

2107 1533 2242 1602 timo
2274 1532 2415 1602 apud
2459 1530 2923 1586 Moutfauconium
2958 1529 3110 1602 Diog.
3149 1530 3374 1602 [ιαμ-ρ.
3418 1529 3552 1602 215,
3593 1528 3688 1581 ubi

2110 1596 2493 1655 bibliothecam
2531 1605 2923 1657 monachorum
2961 1600 3016 1655 S.
3062 1600 3248 1656 Basilii
3291 1596 3496 1662 Romae,
3528 1598 3687 1653 festi-

2108 1670 2331 1726 vissima
2358 1687 2489 1727 mss.
2537 1674 2848 1727 Ul‘tBCOt'tllll
2881 1670 3133 1725 codicum
3166 1670 3327 1739 copia
3364 1669 3509 1724 Petri
3544 1667 3688 1722 Men-

2035 1769 2076 1824 B
2109 1741 2226 1824 uitii
2256 1741 3189 1824 studiolocupletatamdescribit,
3227 1740 3480 1809 legissem
3508 1758 3522 1795 :
3559 1739 3688 1809 Epi—

2103 1810 2290 1879 phanii
2330 1815 2399 1866 ad
2454 1810 2751 1868 Diodorum
2810 1811 3036 1881 epistola
3067 1828 3085 1866 .'
3118 1811 3172 1864 in
3224 1826 3476 1881 magnam
3532 1825 3686 1878 spem

2106 1882 2413 1952 reperiendi
2444 1883 2597 1937 illum
2625 1879 2905 1947 veneram,
2937 1883 3030 1938 sed
3066 1881 3246 1936 inanis
3272 1879 3399 1950 spes
3430 1879 3534 1935 ista
3561 1882 3684 1942 fuit,

2145 1951 2248 2005 und
2292 1968 2479 2007 revera
2531 1954 2682 2008 nulla
2729 1954 2970 2010 reperire
3017 1955 3088 2007 sit
3133 1967 3231 2007 eos
3279 1952 3422 2005 inter
3467 1952 3685 2005 codices

2153 2021 2348 2092 pistola
2374 2022 2657 2093 Epipltauii
2678 2024 2748 2078 ad
2782 2020 3096 2084 Diodorum,
3125 2023 3220 2077 sed
3253 2021 3431 2093 solum
3459 2022 3582 2093 co_d.
3611 2020 3691 2093 21)

2104 2091 2161 2147 et
2188 2092 2254 2148 99
2287 2091 2583 2163 Episto‘lam
2636 2096 2895 2151 exhibent
2923 2096 3068 2148 illam
3092 2094 3161 2146 ad
3185 2091 3477 2147 Diodorum
3504 2091 3685 2153 Tarsi,
3710 2098 3717 2101 ‘

2103 2180 2225 2232 qua)
2277 2163 2502 2220 disserit
2551 2165 2620 2220 de
2668 2166 3020 2219 matrimonio
3071 2180 3198 2219 cum
3253 2177 3448 2219 sorore
3480 2164 3686 2232 uxoris

2105 2231 2352 2297 titortum,
2384 2242 2440 2291 et
2465 2238 2520 2289 in
2547 2235 2841 2291 novissima
2869 2235 3110 2291 editione
3134 2249 3361 2302 operum
3390 2231 3447 2288 S.
3472 2231 3684 2295 Basilii,

2101 2306 2195 2376 qui
2231 2307 2351 2375 ejus
2396 2315 2481 2361 est
2515 2314 2727 2372 auctor,
2778 2307 3048 2376 reperitur
3099 2311 3230 2361 tom.
3272 2302 3358 2376 III,
3394 2318 3518 2372 pag.
3553 2303 3681 2376 249.

2104 2372 2312 2430 Interea
2357 2387 2538 2432 tamen
2584 2372 2882 2432 admonere
2930 2391 3038 2430 non
3089 2375 3403 2444 praeteribo,
3448 2372 3685 2444 quodsi

2103 2446 2226 2513 quis
2261 2463 2501 2514 unquam
2538 2446 2602 2499 ad
2641 2461 2832 2501 novam
2875 2443 3103 2515 cperunt
3151 2444 3440 2514 ldpiplianii
3482 2443 3683 2497 editio—

2105 2534 2227 2570 nem
2267 2517 2510 2572 Graecam
2535 2528 2589 2572 et
2617 2515 2864 2570 Latinam
2900 2516 3272 2570 adornandum
3303 2515 3544 2567 animum
3569 2528 3677 2566 ma-

2101 2602 2317 2656 nusque
2354 2586 2677 2652 admoverit,
2706 2589 2851 2656 quod
2886 2587 3130 2641 futurum
3164 2601 3274 2641 non
3311 2585 3683 2656 dubitopcnm

2102 2653 2309 2711 Petavii
2360 2658 2508 2711 illam
2571 2653 2937 2727 negligentius
2982 2672 3104 2712 esse
3158 2656 3357 2710 lactant
3406 2653 3683 2727 neminem

2102 2728 2287 2789 lateat,
2323 2728 2410 2782 tibi
2442 2722 2808 2798 integer'li'bri
2864 2728 2937 2782 De
2968 2730 3184 2798 gemmis
3207 2735 3498 2798 contextus
3527 2722 3681 2779 Grato

2101 2813 2200 2853 cus
2232 2814 2408 2868 neque
2440 2795 2574 2853 dum
2607 2801 2866 2868 inventus
2900 2795 2989 2862 sit,
3028 2797 3095 2852 ad
3127 2795 3378 2850 Latinam
3410 2795 3531 2864 ejus
3561 2810 3686 2849 ver-

2101 2867 2338 2932 sionem,
2371 2884 2537 2937 quam
2566 2869 2803 2932 edimus,
2836 2867 3025 2924 Graeca
3058 2869 3221 2922 verba
3263 2882 3373 2921 non
3422 2881 3549 2919 raro
3586 2880 3684 2935 ap-

2104 2953 2306 3006 ponere
2330 2939 2559 3009 pulerit,
2587 2940 2633 2994 si
2668 2949 2973 3009 utramque
3001 2937 3288 3009 Epitomen
3318 2937 3594 3009 consulat,
3626 2944 3682 2989 et

2099 3023 2288 3062 sacras
2327 3006 2563 3064 Litteras
2598 3024 2628 3062 a
2665 3008 2802 3061 LXX
2848 3006 2900 3063 in
2936 3006 3186 3063 Graecum
3218 3021 3427 3072 versas,
3460 3006 3682 3060 demum

2101 3079 2321 3151 (ii-meos
2356 3080 2482 3135 illos
2540 3080 2862 3151 scriptores,
2912 3095 3052 3150 quos
3095 3094 3161 3135 eo
3200 3078 3344 3134 libro
3382 3090 3516 3132 usos
3560 3092 3684 3132 esse

430 3144 557 3197 nine
580 3161 713 3200 sane
747 3146 1082 3215 descriptum
1114 3148 1366 3216 vulgasse
1393 3137 1608 3216 videtur
1645 3137 1993 3216 Sirmondus,
2024 3137 2065 3194 C
2099 3148 2231 3204 dixi.

426 3224 483 3269 et
515 3216 606 3270 hic
639 3226 850 3286 certum
896 3227 980 3271 est
1024 3214 1245 3286 quidem
1284 3214 1855 3286 vidisseBaronium,
1901 3215 1997 3283 qui

429 3286 496 3338 ad
519 3301 608 3340 an.
632 3288 758 3349 565,
788 3284 815 3355 §
840 3287 923 3348 I9,
950 3288 1026 3339 ait
1043 3282 1068 3339 ’ς
1089 3286 1154 3340 1d
1185 3285 1391 3355 quidem
1407 3301 1471 3339 ea:
1500 3285 1612 3355 ipso
1628 3282 1995 3355 schismatico-

428 3370 547 3408 rum
576 3356 753 3410 libello
785 3352 1080 3409 Marcellini
1114 3352 1267 3424 atque
1291 3355 1533 3409 Faustini
1556 3352 1696 3427 [six]
1710 3354 1997 3427 colligitur,

428 3442 582 3548 quin]:
608 3427 900 3506 qutiquitus
934 3428 1187 3494 scriptum
1227 3426 1487 3482 Vaticana
1517 3425 1828 3480 bibliotheca
1848 3427 1998 3481 nobis

428 3512 548 3548 exit
588 3505 684 3548 uit.
1132 3544 1137 3548 .

426 3497 684 3550 exhibuit.
1132 3544 1137 3549 .

503 3568 633 3621 Erat
656 3567 787 3621 olim
817 3568 922 3622 iste
961 3566 1133 3621 codex
1160 3565 1499 3621 celeberrimi
1534 3564 1687 3620 card.
1725 3564 2000 3620 Guillelmi

431 3638 638 3701 Sirhti,
664 3638 967 3692 secundum
995 3639 1141 3706 quod
1166 3645 1291 3691 nota
1315 3635 1562 3705 quaedam
1587 3638 1860 3700 admouet,
1882 3651 2002 3704 quae

431 3712 485 3763 in
522 3709 693 3779 prima
727 3707 1189 3779 paginaeccurrit
1219 3726 1232 3761 :
1266 3707 1513 3779 Emptum
1541 3722 1615 3779 ex,
1639 3707 1789 3761 libris
1830 3709 2003 3760 cardi-

428 3782 572 3834 uulis
601 3777 815 3832 Sirletii
835 3780 888 3832 In
913 3780 1102 3833 ultuna
1133 3786 1313 3830 autem
1342 3778 1533 3847 pagina
1555 3778 1871 3833 adnotatum
1895 3785 1999 3843 est,

428 3866 553 3906 eum
581 3850 747 3904 luis~e
769 3850 880 3919 jam
905 3849 1221 3903 monasterii
1247 3847 1462 3903 Sancta:
1486 3850 1679 3903 Crucis
1705 3848 1999 3919 Avellante,

426 3932 482 3977 et
515 3917 875 3990 acquisivissc
906 3919 1261 3973 Damianum:
1287 3919 1388 3974 sub
1415 3920 1580 3990 altera
1602 3919 1746 3972 enim
1777 3917 2004 3986 hujusce

429 3988 659 4063 paginae,
698 3999 755 4044 ιιι
779 3991 964 4063 aiunt_,_
982 3990 1236 4063 columna
1260 3990 1471 4063 legitur
1496 4010 1510 4044 :
1540 3988 1693 4063 Litter
1718 4002 1796 4063 est
1819 4006 2004 4063 mona-

426 4059 579 4139 iterii
698 4059 1115 4139 CrlucisFoutis
1144 4059 1390 4116 Avellaue
1425 4060 1697 4139 [flugubiue
1723 4061 1958 4139 ditecesis
1982 4073 2002 4121 ,'

427 4137 529 4189 sub
574 4137 742 4188 altera
770 4131 802 4188 ἐ
852 4132 1006 4186 lluuc
1056 4131 1251 4186 librum
1299 4132 1577 4200 acquisivit
1623 4131 1740 4186 Dan
1790 4131 2006 4185 Damia-

425 4222 524 4260 uus
552 4206 611 4261 S.
649 4210 732 4268 ᾖ.

496 4276 667 4332 Porro
692 4278 806 4330 haec
831 4274 1023 4328 ultima
1072 4282 1200 4327 nota
1246 4273 1650 4342 antiquissimis
1685 4273 1881 4327 litteris
1910 4286 2006 4327 ex-

424 4356 598 4411 arata,
647 4346 822 4400 codici
854 4361 921 4399 ex
964 4344 1052 4398 iis.
1085 4360 1205 4412 quae
1241 4348 1504 4409 continet,
1537 4346 1693 4414 longe
1722 4345 2005 4412 pretiosis-

425 4420 588 4479 simo,
632 4418 925 4485 plurimum
972 4429 1106 4485 sane
1140 4422 1405 4485 auget‘et
1430 4416 1663 4482 pretium
1694 4420 1746 4468 et
1790 4414 1961 4485 decus
1988 4449 2004 4476 ,

2786 3242 2814 3313 ς
2851 3241 2966 3298 vn.

2099 3333 2177 3389 De
2205 3337 2372 3404 pretio
2414 3346 2460 3389 et
2498 3353 2595 3390 usu
2647 3334 2952 3407 Fragmenti
2995 3334 3239 3407 libriiDe
3280 3336 3510 3407 gemmis
3558 3334 3678 3405 Eli-

2295 3407 2499 3477 pliunii,
2523 3408 2659 3477 quod
2689 3406 2891 3462 exhibet
2922 3407 3084 3462 codex
3123 3406 3425 3461 Vaticanus.

2170 3499 2238 3553 At
2266 3515 2416 3565 vero,
2443 3501 2591 3570 quod
2614 3508 2763 3555 certe
2790 3500 3199 3556 incommodum
3234 3501 3470 3556 accessit
3517 3501 3681 3554 maxi-

2101 3571 2407 3637 mum,i|lud
2433 3579 2540 3630 est.
2574 3575 2628 3626 in
2657 3570 2925 3626 Vaticano
2944 3571 3136 3626 codice
3163 3570 3451 3640 Epiphaoii
3481 3571 3678 3625 librum

2101 3586 2407 3637 mumuuuu
2433 3586 2540 3630 εει.
2574 3589 2628 3626 ιιι
2664 3586 2925 3626 \‘attcano
2944 3586 3136 3626 coutce
3163 3586 3260 3640 ιρι
3307 3586 3451 3627 naon
3481 3586 3678 3625 ttnrum

2101 3640 2672 3715 exliibe_ri__mutilum.
2730 3641 3073 3715 236Quid
3114 3586 3487 3715 [xttrtamen
3538 3642 3681 3715 face-

2104 3712 2258 3794 rem?
2292 3711 2447 3793 Edidi
2481 3713 2700 3794 qualem
2741 3711 2922 3767 iuveni
2944 3752 2959 3775 ,
2982 3719 3048 3794 _et
3075 3711 3346 3794 neminem
3370 3727 3524 3794 sane
3548 3712 3681 3794 fore

2103 3788 2257 3850 puto,
2289 3783 2382 3852 qui
2418 3782 2547 3838 velit
2575 3784 2785 3837 idcirco
2824 3786 3127 3838 anecdoton
3160 3783 3444 3853 despectui
3473 3782 3681 3837 haben-

2103 3854 2232 3934 dum
2264 3869 2349 3934 me
2380 3854 2639 3934 edidisse.
2667 3852 2823 3919 Quod
2854 3855 3171 3924 prolixioris
3197 3852 3381 3922 operis
3408 3855 3680 3934 fragmen-

2103 3929 2218 3995 tum
2273 3924 2579 3987 edatn,non
2615 3924 2885 3995 integrum
2938 3940 3110 3994 opus,
3158 3938 3326 3995 causa
3360 3924 3675 3995 neutiquam

2105 3992 2237 4046 talis
2263 4000 2348 4048 est
2375 4032 2389 4051 .
2422 4001 2480 4046 ut
2511 3992 2785 4063 quispiam
2817 3992 3014 4049 merito
3059 4010 3144 4049 me
3173 4003 3228 4049 et
3257 3994 3405 4048 hunc
3436 3994 3674 4048 libellum

2105 4077 2285 4117 meum
2321 4063 2644 4135 calumniari
2683 4066 2856 4135 possit
2890 4074 2944 4119 et
2974 4066 3253 4119 damnare.
3278 4065 3412 4118 Nam
3452 4072 3676 4133 ιιι-διιεῖ-

2106 4147 2269 4206 quam
2313 4134 2460 4203 quod
2496 4135 2661 4204 hujus
2705 4136 2992 4206 fragmeuti
3038 4137 3364 4190 auctoritate
3414 4136 3679 4190 certiores

2107 4203 2236 4276 facti
2276 4218 2498 4276 sumus,
2541 4203 3213 4276 nequaquamEpiphanii
3241 4221 3365 4261 esse
3390 4220 3551 4274 opus,
3583 4205 3676 4274 qui

2106 4273 2211 4328 sub
2239 4274 2360 4344 ejus
2404 4273 2839 4331 nomine—editus
2870 4273 3304 4331 fttit—aGesuero
3337 4276 3570 4344 aliisque
3606 4276 3678 4328 De

2109 4360 2182 4396 xu
2223 4346 2453 4416 Geminis
2485 4345 2783 4401 Rationalis
2818 4347 3047 4402 Aarouis
3084 4349 3239 4408 liber,
3281 4346 3425 4416 quod
3460 4347 3676 4416 quidem

2110 4429 2276 4467 unum
2307 4433 2390 4470 nte
2420 4415 2578 4471 facile
2602 4424 2806 4480 tuetur,
2839 4427 2892 4472 et
2920 4433 3106 4471 curam
3140 4415 3336 4479 mcani,
3361 4415 3678 4485 qualisi-uu-

424 4503 549 4539 eum
579 4481 746 4540 certa:
774 4483 1120 4552 antiquitatis
1145 4499 1270 4537 eum
1308 4481 1505 4547 faciat;
1532 4498 1682 4546 nam,
1723 4486 1832 4537 etsi
1872 4484 1994 4551 plus
2027 4481 2073 4537 D
2102 4500 2207 4552 que
2234 4486 2325 4538 illa
2358 4487 2539 4549 fuerit,
2562 4488 2940 4542 commendat:
2965 4489 3246 4543 enimvero
3280 4481 3392 4541 ςδξ
3411 4486 3515 4539 PP.
3541 4489 3676 4542 seri-

423 4571 589 4624 quam
624 4558 1090 4624 septingentorum
1133 4568 1404 4609 annorum
1437 4562 1651 4608 aetatem
1692 4554 1875 4624 Statim
1912 4569 2000 4609 re-

423 4623 590 4687 dolet,
616 4623 924 4681 tamen’tali
956 4632 1082 4678 nota
1117 4641 1228 4682 rem
1256 4625 1329 4677 ita
1353 4637 1475 4679 esse
1498 4632 1651 4678 certo
1674 4623 1884 4691 judicio
1911 4640 2004 4681 co-

423 4698 761 4765 gnoscimus.
800 4696 1164 4766 Ecqttetnnam
1186 4736 1202 4757 ,
1238 4695 1423 4749 statim
1451 4709 1517 4748 ac
1566 4693 1724 4747 talem
1755 4695 2001 4752 codicem

424 4769 760 4823 monasterio
806 4767 865 4822 S.
901 4766 1096 4820 Crueis
1129 4767 1400 4820 Avellanat
1438 4766 1768 4835 acquisitum
1814 4780 1844 4817 a
1892 4766 2002 4822 Da-

424 4837 607 4890 miano
646 4838 816 4893 fuisse
846 4837 1192 4899 intellexerit,
1217 4836 1410 4891 Petrus
1446 4836 1535 4890 ille
1566 4835 1861 4890 Damianus
1893 4854 2001 4892 non

422 4908 574 4961 subit
602 4910 896 4963 sanctitate
929 4907 1051 4961 vitae
1072 4946 1086 4971 ,
1119 4907 1531 4977 magistratibus
1566 4913 1621 4960 et
1652 4907 1874 4976 scriptis
1911 4924 2003 4963 ce-

424 4976 770 5041 leberrimus,
802 4980 898 5049 qui
928 4976 1288 5035 monasticam
1329 4979 1497 5031 vitam
1531 4977 1583 5030 in
1607 4977 1705 5049 illo
1728 4990 2002 5035 monaste-

424 5049 507 5102 rio
539 5049 678 5116 iniit,
716 5058 771 5104 et
791 5045 1028 5105 medium
1061 5050 1284 5105 circiter
1321 5049 1581 5104 saeculum
1605 5045 1864 5103 Ecclesia:
1896 5066 2001 5103 un-

317 5108 339 5173 ;i
420 5108 694 5190 decimum
725 5121 803 5175 un
837 5119 1089 5190 praefuit?

494 5188 694 5245 Verum
742 5188 865 5261 qua:
913 5192 1131 5260 quidem
1180 5190 1322 5245 mala
1353 5189 1698 5261 obvenerunt
1737 5188 1864 5261 alite
1907 5190 2000 5244 illa

419 5269 569 5324 sunt,
596 5277 706 5316 non
736 5257 1021 5333 integrum
1040 5262 1325 5331 Epiphanii
1360 5261 1579 5324 librutn,
1605 5257 2001 5333 sedejuspar-

417 5338 549 5397 tem,
578 5343 834 5402 praeterea
858 5330 966 5387 iton
990 5330 1239 5386 Graecum
1263 5339 1603 5402 contextum,
1632 5330 1725 5383 sed
1750 5330 1997 5386 Latinam

350 5418 353 5427 ι
416 5399 723 5458 versionem
776 5403 1157 5458 tantummodo
1208 5405 1261 5456 in
1313 5400 1434 5455 Vat.
1483 5399 1672 5471 codice
1714 5402 1996 5471 exhiberi,

412 5483 468 5526 et
500 5474 640 5528 hanc
672 5490 815 5545 saepe
838 5474 1019 5528 minus
1044 5472 1280 5537 felicem,
1312 5474 1385 5526 ita
1418 5470 1812 5545 utharbariem
1838 5489 1993 5531 suam

414 5559 523 5597 non
550 5547 728 5600 solum
751 5542 1126 5617 'iuvocabulis
1156 5545 1372 5617 prodat,
1400 5543 1494 5597 sed
1531 5542 1802 5617 interdum
1830 5546 1991 5602 etiam

412 5624 603 5688 contra
642 5619 785 5688 leges
817 5616 1022 5671 Latinze
1057 5615 1430 5688 grammatica:
1464 5628 1690 5688 peccare
1720 5615 1989 5688 videatur.

412 5682 519 5762 βω
548 5686 650 5742 hoc
670 5682 796 5741 cum
830 5705 937 5762 non
962 5682 1087 5742 raro
1112 5686 1404 5762 scriptoris
1437 5686 1617 5755 potius
1647 5685 1796 5762 vitio,
1827 5704 1990 5757 quam

410 5756 725 5824 interpretis
756 5761 1180 5819 cxistimavcrim
1217 5761 1439 5827 factum,
1490 5756 1789 5814 crassiores
1819 5756 1988 5829 quos-

2112 4562 2200 4628 pta
2231 4565 2478 4628 easunt,
2514 4567 2572 4612 ut
2602 4573 2709 4613 non
2748 4559 2923 4613 solum
2956 4558 3322 4628 quodcunque
3349 4559 3561 4612 illorum
3595 4558 3676 4610 iu-

2106 4627 2263 4699 sigue
2306 4624 2703 4697 fragmentum,
2751 4629 2913 4699 quale
2959 4624 3044 4684 est
3090 4644 3120 4683 a
3151 4624 3245 4682 me
3286 4628 3525 4693 editum,
3581 4628 3673 4682 sed

2106 4697 2516 4767 qualecunque,
2546 4707 2604 4755 et
2637 4697 2859 4770 operam
2899 4708 3145 4755 nostram
3174 4708 3229 4753 et
3269 4699 3544 4769 publicam
3593 4700 3675 4752 lu-

2106 4781 2223 4821 cem
2256 4776 2547 4824 mereatur.

2175 4836 2329 4909 Quod
2370 4840 2414 4895 si
2463 4840 2773 4909 gravissimi
2817 4839 3067 4895 homines
3112 4838 3332 4909 dignam
3362 4856 3423 4895 se
3454 4854 3671 4908 operam

2103 4908 2492 4980 existimarunt
2567 4922 2809 4966 veterum
2879 4908 3193 4980 poctarunf
3243 4918 3673 4980 cmterornmquc

2106 4979 2456 5046 profanorum
2491 4984 2820 5052 scriptormn
2848 4979 3147 5047 fragmenta
3173 4980 3430 5052 colligere
3465 4989 3521 5052 et
3558 4979 3673 5032 vul-

2104 5065 2253 5115 gare,
2302 5054 2428 5121 quis
2476 5061 2561 5107 est
2609 5051 2716 5107 non
2763 5053 2979 5106 iulirnto
3005 5090 3019 5113 ,
3055 5066 3122 5105 ne
3164 5051 3343 5105 dicam
3382 5051 3587 5121 optimo
3621 5057 3671 5101 rt

2105 5121 2550 5193 splendidissimo
2598 5124 2818 5193 ingenio
2846 5123 3128 5192 praeditus.
3159 5122 3253 5191 qui
3283 5137 3391 5193 non
3418 5121 3672 5193 prie-clare

2102 5191 2277 5261 magis
2320 5189 2812 5249 eovnmendandnm
2848 5189 3446 5255 arbitretur—studere,
3480 5207 3547 5245 ne
3575 5189 3670 5262 la-

2101 5258 2252 5335 teant
2287 5266 2529 5334 reliquiae
2559 5279 2897 5335 quaecunque
2924 5278 3113 5335 earum
3142 5278 3349 5335 rerum,
3390 5277 3531 5335 quas
3568 5258 3667 5313 SS.

2100 5329 2290 5392 Patres
2323 5346 2382 5391 ut
2407 5329 2781 5390 monumentis
2810 5329 3134 5388 mandarent
3157 5333 3355 5388 litteris
3381 5329 3671 5400 consigna-

2099 5413 2229 5478 runt
2256 5426 2268 5462 :
2299 5409 2570 5478 praecipue
2607 5422 2736 5478 vero
2765 5405 2811 5478 si
2839 5404 2907 5459 de
2940 5404 3051 5478 illis
3084 5404 3362 5478 loquimur
3395 5402 3668 5478 Patribus,

2097 5476 2191 5545 qui
2223 5474 2475 5549 ampliori
2500 5476 2903 5549 eruditiouiset
2925 5476 3190 5549 doctrina:
3215 5474 3376 5529 laude
3393 5474 3672 5528 celebran-

2097 5555 2205 5613 tur,
2237 5545 2415 5620 qualis
2447 5556 2595 5603 certe
2627 5555 2711 5602 est
2736 5545 3118 5620 Epiphanius?

2167 5614 2348 5687 Quid?
2391 5620 2582 5675 Nonne
2614 5619 2704 5672 ille
2735 5614 2861 5686 ipse
2890 5616 2970 5670 De
3003 5632 3076 5671 xu
3122 5617 3341 5686 gemmis
3374 5614 3512 5668 liber
3538 5625 3672 5687 prte-

2094 5684 2258 5760 cipuo
2291 5693 2497 5747 honore
2521 5684 2957 5760 habenduserit,
2989 5690 3083 5760 qui
3112 5684 3373 5760 egregium
3396 5694 3444 5760 et
3471 5684 3676 5760 insigne

2095 5751 2289 5833 inuenit“
2308 5774 2356 5818 et
2378 5760 2692 5827 eruditionis
2726 5751 3021 5828 Epipltauii'
3039 5751 3279 5815 volumen
3306 5756 3413 5813 dici
3437 5751 3676 5810 meruit!
