4034 6216
291 431 316 456 τ’

289 455 319 480 ο)

329 428 356 480 2

360 425 382 481 l

1594 413 1846 474 VERSIO
1883 413 2215 484 ANTIQUA.

3439 417 3546 472 322

297 573 3525 602 ΝΜ

328 1610 592 1659 ΕΡιετοιΑ
636 1606 904 1647 ΕΡΙΡΠΔΝΙΙ
946 1606 1012 1645 AD

517 1678 815 1718 υιοῐιοιιυὶί.

292 1776 524 1829 Facundo
570 1774 930 1824 Hermianense
971 1771 1049 1819 in-

560 1842 802 1898 terprete.

294 1949 523 2004 Domino
578 1963 691 2000 meo
749 1941 1048 1998 honorabili

367 2019 528 2091 fratri
582 2027 632 2072 et
686 2012 1051 2091 consacerdoti

363 2084 604 2144 Diodoro
668 2085 886 2140 antabiti
944 2084 1052 2150 epi-

367 2177 560 2230 scopo,
615 2155 943 2230 Epiphanius
998 2154 1052 2205 in

371 2228 596 2284 Domino
629 2228 875 2282 salutem.

371 2341 449 2415 [Ι]
486 2340 648 2412 240
677 2338 916 2392 Gratiam
941 2352 1055 2388 nta-

292 2435 463 2506 jorem
493 2444 755 2503 prwstans
785 2446 940 2500 quant
967 2444 1055 2481 ac-

297 2526 514 2595 cipiens,
553 2522 756 2592 petebat
801 2520 1055 2573 Dominus

299 2633 330 2668 a
356 2614 708 2669 Samaritana
740 2627 931 2682 aquam
978 2610 1056 2662 bi-

300 2711 460 2761 bere:
495 2707 604 2775 ipse
650 2710 767 2772 {ous
815 2712 1053 2766 exstans,

297 2798 453 2870 iuxta
481 2806 696 2868 puteum
729 2793 967 2856 sedebat,
1009 2801 1057 2847 et

301 2893 560 2963 fatigatus
598 2908 662 2946 ea:
704 2891 891 2944 itinere
917 2889 1059 2942 inve-'-

303 2985 568 3047 niebatur,
598 2993 655 3037 ut
685 2992 1062 3055 consequenter

300 3077 552 3144 prtcsenti
587 3089 845 3137 sermone,
884 3073 1063 3126 incar-

306 3167 540 3219 nationis
564 3181 664 3218 non
694 3165 962 3218 excederet
988 3181 1064 3219 ve-

300 3258 536 3311 ritatem.
583 3256 676 3327 (Et
716 3263 833 3325 post
873 3256 1064 3327 paulu-

304 3347 581 3417 lutn.)Sed
623 3351 783 3420 etiam
825 3349 938 3418 ejus
979 3349 1061 3401 di-

305 3441 516 3509 scipuli,
552 3455 598 3494 et
636 3441 792 3504 servi,
819 3459 848 3493 a
875 3442 1064 3511 quibus

308 3531 513 3601 aliquid
563 3532 838 3599 petebant,
897 3536 1064 3604 magis

307 3627 383 3679 eis
435 3625 658 3689 dabant,
717 3644 875 3696 quant
929 3630 1066 3681 acci-

308 3714 522 3787 piebant
574 3717 638 3769 ab
689 3718 782 3778 eis,
830 3727 878 3770 et
933 3719 1066 3771 allo-

307 3809 566 3878 quebatur
595 3810 801 3877 quidem
853 3808 1000 3862 Elias
1021 3811 1061 3874 ¹,

306 3901 399 3972 qui
450 3910 562 3955 erat
635 3902 808 3971 ﬁgura
854 3904 1064 3972 proprie

306 3995 544 4058 Domini,
557 4006 603 4049 et
619 3997 1061 4062 necessariorum,

305 4095 558 4155 quantum
602 4101 729 4148 opus
773 4095 908 4150 erat,
953 4087 1064 4139 exi-

305 4179 458 4248 gebat
493 4195 792 4234 mensuram
823 4197 841 4234 :
884 4197 1063 4250 super-

1113 878 1117 882 Α
1193 701 1762 836 SANCTI
1857 695 2669 828 EPIPHANII

1631 949 2178 1044 EPISCOPI

636 1153 744 1212 DE
778 1149 900 1212 XII
931 1147 1247 1213 GEMMIS
1283 1144 1763 1208 RATIONALIS
1795 1143 2053 1206 SUMMI
2094 1141 2593 1206 SACEBDOTIS
2629 1142 3163 1208 HEBIUEORUM

1706 1322 2103 1413 LIBER.

1162 1599 1423 1640 EPISTOLA
1465 1597 1732 1638 ΕΙἾΡΠΑΝΙΙ
1775 1601 1840 1638 sn
1894 1588 2136 1657 Apetens
2187 1604 2397 1658 panem,
2434 1606 2526 1659 per
2573 1605 2718 1643 occa-

1358 1669 1654 1709 DIODOBUM.

1193 1772 1456 1830 Anonymo
1505 1768 1802 1830 interprete.

1129 1943 1362 1998 Domino
1399 1943 1708 1998 venerando
1731 1942 1886 1997 fratri

1198 2025 1254 2068 el
1312 2015 1692 2069 consacerdoti
1760 2014 1889 2066 Dio-

1199 2083 1336 2138 doro
1437 2084 1888 2139 reverendissinzo

1197 2154 1480 2224 episcopo,
1548 2153 1887 2224 Epiphanius

1196 2223 1247 2278 iti
1269 2223 1495 2278 Domino
1511 2223 1885 2292 salutemllS).

1201 2333 1443 2389 Gratiam
1478 2341 1748 2406 praestans
1793 2349 1889 2402 po-

1133 2428 1262 2491 tius,
1298 2444 1461 2500 quam
1505 2443 1729 2484 sumens
1781 2427 1890 2479 Do-

1133 2521 1317 2575 minus
1342 2535 1371 2573 a
1402 2518 1773 2581 Samaritana,
1807 2520 1887 2571 bi-

1132 2611 1261 2668 bere
1311 2613 1627 2684 postulabat
1677 2615 1719 2675 ³,
1777 2612 1890 2681 ipse

1134 2703 1255 2758 fons
1314 2705 1509 2759 salutis
1575 2705 1884 2769 exsistens,

1131 2807 1184 2852 et
1215 2797 1294 2870 [εἰ]
1331 2799 1488 2869 juxta
1519 2799 1736 2869 quidem
1793 2815 1892 2869 pu-

1132 2900 1279 2946 teum
1309 2891 1471 2957 sedit,
1497 2899 1551 2945 et
1579 2907 1643 2946 ex
1677 2892 1890 2945 itineris

1133 2984 1322 3040 labore
1370 2983 1628 3054 fatigatus
1681 2993 1784 3049 est,
1832 2993 1892 3038 ut

1137 3088 1482 3143 consequens
1513 3075 1761 3129 veritatis
1803 3089 1890 3127 ar-

1135 3173 1451 3236 gumentum

1137 3275 1251 3315 suae
1310 3259 1617 3331 praisentia:
1689 3276 1892 3330 nequa-

1964 1679 2164 1736 siouem
2214 1691 2389 1736 autem
2453 1683 2720 1750 petitionis

1958 1784 2218 1842 prtestans
2333 1772 2717 1826 abundantiam

1960 1866 2372 1930 benedictionis;
2413 1867 2489 1919 sic
2536 1879 2585 1919 et
2630 1875 2719 1918 tua

1959 1956 2342 2011 honorabit-itas
2482 1965 2721 2009 nostram

1963 2051 2304 2122 exiguitatem
2341 2059 2518 2119 petens
2551 2051 2721 2120 magis

1963 2143 2082 2204 das,
2108 2159 2265 2213 quam
2296 2144 2496 2197 sumis:
2522 2142 2722 2196 submi-

1963 2235 2197 2286 nistratis
2257 2232 2466 2302 quidem
2519 2241 2609 2284 tua
2653 2239 2720 2284 ad

1965 2325 2132 2378 Deum
2179 2323 2471 2393 postulatio
2514 2323 2723 2390 capsaci

1965 2427 2145 2470 nostro
2195 2416 2624 2485 inde/icientiam,
2657 2430 2720 2467 ex

1962 2527 2120 2572 parvo
2151 2515 2392 2577 pra’stat,
2429 2514 2477 2560 et
2517 2504 2720 2574 hydria:

1965 2603 2343 2672 indeﬁcieutem
2379 2616 2442 2654 ex
2464 2599 2718 2669 parvissi-

1966 2711 2050 2747 ma
2126 2691 2394 2744 cumulant
2469 2689 2714 2760 largitur.

1966 2786 2110 2840 Petis
2140 2786 2317 2854 itaque
2365 2783 2420 2836 in
2460 2783 2717 2851 principio

1964 2878 2197 2949 epistoltc
2221 2886 2342 2940 tum,
2369 2873 2717 2936 honorabilis,

1965 2971 2026 3025 de
2061 2968 2325 3040 lapidibus
2371 2968 2424 3020 in
2450 2965 2719 3020 Rationali

1965 3060 2408 3131 superhameralis
2431 3059 2718 3113 sacerdotis

1584 3167 1890 3237 corporalis
1913 3162 2121 3224 Bsuper
2143 3163 2321 3224 pectus
2345 3155 2525 3206 Aaron
2549 3152 2721 3220 dispo-

1966 3248 2081 3302 sitis
2113 3257 2160 3300 et
2203 3246 2435 3308 insertis,
2465 3252 2512 3297 et
2537 3260 2716 3297 eorum

1137 3369 1301 3424 quam
1350 3367 1580 3423 prorsus
1608 3353 1914 3414 excederet,
1973 3351 2021 3393 et
2054 3337 2289 3402 nomina,
2329 3345 2375 3390 et
2408 3335 2628 3399 colores,
2673 3345 2720 3388 et

1143 3462 1160 3495 ‹
1173 3453 1224 3499 et
1242 3445 1442 3514 ubique
1460 3443 1623 3498 simul
1645 3444 1895 3497 humana:

1138 3545 1366 3599 natura,
1411 3551 1572 3606 quam
1622 3535 1888 3603 condidit,

1141 3627 1360 3696 propria
1446 3627 1668 3697 largiter
1745 3627 1888 3680 dona

1139 3720 1484 3784 concedens,
1565 3736 1714 3774 nunc
1772 3735 1890 3780 c;.m

1136 3810 1358 3880 quidem
1434 3809 1725 3880 dignanter
1807 3827 1888 3863 as-

1138 3920 1382 3970 sumens,
1424 3921 1567 3960 nunc
1611 3907 1772 3960 etiam
1817 3905 1889 3970 id,

1138 3998 1283 4069 quod
1309 3997 1429 4066 ejus
1477 4006 1581 4059 est,
1624 3999 1898 4053 veraciter

1137 4105 1408 4155 asserens,
1471 4106 1680 4145 necnon
1710 4099 1762 4144 οἱ
1806 4107 1897 4144 Cll-

1138 4199 1252 4238 ram
1294 4183 1416 4252 ejus
1475 4199 1539 4238 ac
1590 4184 1878 4253 providen-

1966 3435 2193 3503 species,
2251 3444 2297 3486 et
2350 3432 2507 3495 loca,
2559 3441 2606 3485 et
2653 3431 2722 3484 ad

1965 3533 2210 3598 pietatem
2230 3529 2471 3581 ducentes
2490 3529 2722 3596 ipsorum

1967 3623 2205 3693 lapidum
2235 3621 2722 3689 contemplationes,

1967 3728 2014 3771 et
2047 3716 2400 3787 unusquisque
2447 3715 2582 3783 lapis
2629 3732 2724 3784 pro

1969 3809 2115 3878 quali
2204 3809 2344 3861 tribu
2449 3807 2724 3861 ordinatus

1968 3912 2104 3967 erat,
2135 3912 2184 3956 et
2209 3901 2346 3955 unde
2366 3902 2600 3956 inventus
2623 3915 2723 3966 est,

1969 4003 2016 4046 et
2073 4010 2138 4048 ea:
2198 4011 2302 4062 qua
2363 3995 2559 4064 patria.
2640 3993 2725 4056 Et,

1972 4087 2129 4138 sicuti
2159 4086 2292 4148 dixi,
2322 4086 2471 4139 nobis
2517 4087 2727 4156 quidem

1971 4177 2157 4229 harum
2178 4193 2354 4231 rerum
2377 4177 2601 4244 difﬁcilis
2625 4177 2727 4244 fuit

2791 1586 2997 1656 aliquid
3077 1586 3390 1642 tribuebant
3466 1587 3553 1644 his

2793 1681 2998 1750 potius,
3037 1695 3199 1750 quam
3237 1681 3548 1735 sumebant.

2794 1771 3033 1842 ldipsum
3069 1772 3451 1842 praeﬁgurabat
3497 1780 3553 1826 et

2792 1867 2938 1922 Elias
2981 1868 2995 1898 ‘
3045 1870 3097 1922 in
3131 1868 3302 1921 forma
3338 1867 3550 1922 Domini

2797 1960 2882 2014 sui
2939 1960 3276 2029 praecedens.
3329 1958 3549 2013 Modum

2795 2051 3016 2122 quidem
3081 2052 3408 2106 necessaria:
3472 2053 3550 2105 rei

2794 2148 3164 2210 competenter
3209 2140 3514 2210 eﬂlagitaus
3534 2181 3550 2204 ,

2793 2251 2956 2305 super
3011 2235 3062 2289 id
3136 2243 3352 2300 autem,
3406 2236 3553 2305 quod

2794 2331 3168 2386 necessarium
3224 2338 3343 2385 erat
3406 2330 3549 2400 ejus,

2793 2422 2884 2495 qui
2954 2425 3010 2477 itt
3075 2440 3135 2479 se
3195 2425 3551 2489 morabatur,

2795 2517 3096 2586 largitatem
3153 2516 3552 2570 benedictionis

2793 2610 3102 2664 insinuans.
3180 2608 3283 2675 Qui
3355 2624 3552 2679 panem

2792 2700 3011 2774 quidem
3034 2705 3292 2774 poscebat
3308 2705 3550 2763 viduam.

2794 2797 2888 2850 sed
2936 2796 3224 2851 occasione
3272 2798 3550 2867 petitionis

2796 2889 2981 2958 hujus,
2999 2889 3396 2944 benedictionis
3421 2905 3551 2959 Opi-.-

2796 2984 3016 3037 lentiam
3093 2981 3475 3036 commodabat
3532 3001 3545 3036 :

2795 3075 2874 3129 sic
2899 3081 2949 3127 et
2989 3084 3078 3127 tua
3109 3073 3496 3127 venerabilitas
3519 3088 3551 3127 a

2794 3165 3058 3235 parvitate
3144 3174 3333 3219 nostra
3402 3164 3553 3233 quid-

2795 3257 2919 3311 dam
2945 3256 3249 3326 postulans,
3282 3256 3414 3310 dat'e
3439 3271 3552 3308 nta-

2799 3352 2903 3423 gis,
2939 3367 3102 3422 quam
3127 3352 3378 3422 accipere
3408 3366 3556 3410 com-

2797 3450 3078 3514 probatur.
3171 3441 3266 3514 μ]
3347 3441 3558 3511 Coepe-

2796 3548 2950 3592 rante
3015 3552 3252 3606 namque
3321 3545 3412 3591 tua
3467 3539 3558 3602 ju-

2797 3633 2936 3695 giter
2995 3629 3136 3699 apud
3198 3629 3366 3685 Deum
3434 3645 3562 3698 sup-

2799 3721 3096 3792 plicatione
3153 3736 3386 3791 capsace
3441 3723 3558 3791 qui-

2798 3814 2919 3868 dem
2970 3814 3087 3868 olei-
3123 3812 3442 3868 indeﬁeie'ns
3487 3829 3554 3866 ex

2798 3918 2966 3973 P‘N'VO
3020 3903 3389 3973 pra-stabitur.
3445 3901 3558 3972 liv--

2799 3995 2932 4048 drite
2956 4010 3085 4049 vero
3114 3995 3304 4048 farinae
3344 3994 3413 4048 de
3448 3997 3559 4048 exi-

2799 4105 2907 4158 guo
2938 4105 3103 4158 supra
3152 4089 3371 4142 modum
3405 4088 3564 4158 largi-

2802 4182 2929 4234 tatis
2989 4181 3144 4248 eopia
3211 4179 3559 4233 conferetur.

306 4269 643 4324 abundanter
671 4270 750 4342 [5]
782 4281 955 4325 autem
986 4289 1059 4326 re-
1132 4272 1260 4325 tiam
1281 4287 1474 4341 gerens
1498 4271 1630 4342 (19).
1656 4291 1675 4324 ι
1709 4272 1812 4326 Sed
1839 4279 1893 4326 et

305 4357 484 4423 plebat
558 4359 874 4428 prmbetitem
961 4361 1062 4413 sibi
1136 4359 1885 4433 discipuliejusetl'amuli,a

309 4448 714 4505 benedictionem
797 4467 828 4505 a
905 4451 1063 4506 vidua
1137 4453 1558 4524 quibuseunqne
1615 4454 1887 4521 petebant,

383 4561 488 4615 ¹111
516 4561 651 4632 Reg.
685 4575 824 4627 xvu,
859 4561 926 4614 10
950 4559 1070 4632 sqq.
1137 4561 1334 4615 'Joan.
1364 4576 1438 4624 tv,
1469 4560 1500 4613 Ἰ
1545 4572 1661 4627 seq.

1975 4270 2210 4332 omnino,
2243 4269 2379 4322 velut
2411 4269 2493 4323 illi
2537 4269 2726 4330 vittate,
2802 4271 3110 4342 Poposcisti
3221 4270 3390 4340 igitur
3501 4272 3556 4323 in

1969 4370 2182 4431 propter
2228 4369 2611 4431 paupertatem,
2647 4362 2729 4414 in-
2805 4364 3078 4435 principio
3124 4379 3220 4435 per
3276 4362 3564 4434 epistolam

1973 4455 2175 4516 t‘entio;
2210 4453 2300 4508 sed
2329 4454 2465 4508 sicut
2513 4453 2592 4506 illi
2641 4470 2732 4522 per
2812 4472 2997 4526 tuam,
3074 4459 3435 4524 venerabilis,
3500 4460 3572 4512 de

381 4718 500 4792 (l8),
541 4719 788 4792 Epitome
838 4720 962 4792 libri
1013 4715 1288 4792 bujusus.
1316 4714 1635 4792 _Epiphanii_
1671 4713 1748 4768 De
1776 4730 1880 4792 _xtt
1912 4721 1954 4778 ο
1991 4731 2086 4792 rus
2126 4715 2411 4792 Epitomen
2451 4719 2728 4792 laudatam
2763 4721 3047 4792 edidisset,
3081 4721 3173 4777 sed
3206 4722 3369 4776 etiam
3405 4720 3570 4792 Peta-

307 4785 551 4862 gemntis,
586 4785 718 4855 ete.,
760 4806 803 4862 γα
855 4785 1099 4862 Gesnetjo
1128 4787 1275 4862 edita
1316 4785 1460 4839 hunc
1499 4785 1882 4862 prmfet't_titu-

311 4854 423 4939 ξηιξί
455 4878 467 4914 :
517 4854 829 4939 ‘Emgavloo
871 4860 1179 4939 ἐπῳκροποῖ
1199 4856 1591 4939 βλύπρθξδηπρὸς
1620 4854 1883 4939 ᾲιόδυέρᾳν

309 4931 608 4983 ἐπίσκοπον
641 4925 831 5002 Τύρουᾲ
858 4930 982 5001 περὶ
1010 4927 1128 5002 cfea
1150 4925 1358 5002 δώδεκά
1385 4925 1569 5002 lilium,
1614 4936 1716 4980 etc.
1755 4925 1884 5002 Epit

289 5002 492 5071 ‘phanii
538 4994 765 5070 episcopi
799 4994 958 5070 Cypri
994 5000 1062 5052 ad
1097 4997 1718 5071 Diodorumepiscopum
1758 4994 1884 5066 Tyri

307 5065 374 5125 de
404 5087 478 5125 xu
521 5065 760 5142 gemmis,
782 5065 908 5142 rete.
941 5067 1485 5142 AtqveroiFacutnlus
1523 5065 1884 5142 llermiaucn-

309 5144 389 5197 sis
427 5143 479 5194 in
513 5136 668 5197 libris
709 5141 824 5195 suis
859 5139 963 5192 Pro
993 5139 1293 5208 defensione
1325 5140 1484 5190 trium
1533 5136 1884 5205 capitulorum

309 5213 522 5266 concilii
579 5210 1016 5267 Chalcedonensis
1061 5207 1139 5262 ad
1190 5207 1554 5261 Iustinianum
1602 5209 1886 5274 imperato-

311 5300 443 5347 rem,
480 5283 572 5336 ubi
607 5283 774 5336 multa
807 5277 1058 5348 congeri!
1081 5279 1420 5332 laudatorum
1456 5278 1707 5348 virtu-unt
1731 5277 1883 5330 testi-

313 5344 518 5417 monia,
565 5368 594 5406 a
648 5352 848 5423 quibus
891 5344 1159 5423 Diodorus
1211 5349 1501 5423 episcopus
1556 5344 1713 5423 Tarsi
1763 5362 1879 5423 non

311 5415 586 5477 solumut
613 5415 832 5485 doctus,
869 5419 963 5475 sed
997 5420 1160 5473 etiam
1203 5415 1261 5470 ut
1303 5415 1424 5486 pius
1455 5417 1708 5470 laudatus
1757 5415 1877 5480 fuit,

313 5494 412 5562 lib.
479 5509 548 5555 tv,
599 5510 719 5562 cap.
758 5492 830 5562 2,
873 5491 1014 5562 hanc
1065 5488 1226 5562 etiam
1284 5485 1548 5562 describit.
1593 5485 1879 5562 epistolam

314 5561 374 5616 S.
411 5555 718 5633 Epiphani'i.
756 5561 926 5616 Porro
959 5559 1372 5633 Itinc‘prjtnum,
1403 5557 1620 5633 cuinam
1651 5555 1884 5633 Diodoro

315 5627 530 5686 librum"
564 5632 640 5688 De
688 5648 764 5687 xu
811 5631 1027 5703 gemmis
1174 5627 1523 5703 Epiphanius
1545 5627 1888 5703 inscripserit

314 5711 787 5776 constasseﬁnota
811 5694 892 5756 'ad
939 5715 1062 5776 eum
1093 5694 1290 5776 locum
1335 5695 1608 5776 apposita,
1642 5699 1750 5776 "qui
1787 5694 1889 5747 Fa-

316 5773 483 5827 cundi
530 5766 810 5828 in’lueem
857 5771 1042 5827 emisit
1093 5770 1284 5834 libros,
1326 5766 1609 5821 admonuit
1641 5766 1891 5820 Sirmon-

317 5843 444 5911 dus,
477 5842 573 5899 sed
617 5844 800 5898 minus
830 5857 978 5912 vere,
1009 5855 1135 5897 cum
1175 5839 1288 5910 jam
1323 5853 1434 5894 non
1467 5837 1642 5893 solum
1681 5835 1888 5890 Gesne-

1993 4788 2136 4850 vius,
2187 4789 2240 4842 in
2281 4789 2630 4858 cujus-titulo
2662 4791 2885 4846 minime
2922 4791 3128 4845 nudum
3181 4800 3300 4846 erat
3347 4791 3570 4846 Diodori

1990 4872 2208 4921 nomen,
2259 4859 2720 4926 quemadmodum
2773 4861 2863 4916 ille
2911 4862 3124 4917 censuit
3158 4877 3223 4916 ex
3278 4864 3570 4922 memoria,

1991 4937 2048 4980 ιιι
2079 4929 2620 5001 videtur,scribens.
2658 4929 2850 4984 Utrum
2883 4943 3062 4986 autem
3095 4929 3366 5001 Facundo;
3390 4932 3577 5001 potius

1990 5000 2244 5069 standum
2301 5000 2410 5062 sit,
2461 5015 2528 5052 an
2584 5003 2793 5053 auctori
2853 5001 3163 5069 Epitomes,
3227 4999 3403 5054 baud'
3437 5001 3576 5054 levis

1990 5067 2384 5140 disputationis
2435 5079 2820 5140 argumentum
2866 5067 2986 5126 esse
3019 5077 3219 5140 potest.
3275 5069 3578 5126 Facundos

1991 5137 2279 5211 postquam
2348 5137 2979 5211 Epiplﬁianiirepistolam
3019 5137 3400 5211 'descripserit
3460 5141 3577 5197 haec

1991 5209 2176 5262 subdit
2223 5223 2338 5280 non
2404 5209 2765 5266 omittenda}
2804 5209 2928 5264 Non
2983 5211 3134 5280 parui
3182 5209 3316 5265 esset
3357 5211 3576 5280 judicii,

1990 5279 2391 5332 clementissime
2447 5281 2769 5347 imperator,
2819 5282 2898 5334 vel
2948 5285 2995 5334 si
3056 5281 3288 5334 aliorum
3350 5279 3578 5334 Patrum

1991 5351 2292 5402 testimonia
2343 5349 2652 5413 defuissent,
2705 5350 2904 5406 nullius
2936 5361 3203 5405 auctorem
3235 5351 3448 5405 hwresis
3482 5365 3579 5404 ea:-

1988 5419 2186 5472 stitisse
2223 5418 2532 5490 Diodorum,
2569 5421 2706 5490 quod
2748 5438 2864 5475 eum
2917 5421 3265 5490 Epiphanius,
3303 5422 3380 5473 vir
3413 5436 3578 5490 sagu-

1987 5490 2252 5551 cissintus,
2287 5499 2334 5543 et
2371 5491 2424 5543 in
2453 5488 2697 5544 doctrina
2740 5488 3024 5545 catholica!
3069 5492 3192 5559 ﬁdei
3237 5488 3581 5559 laudabiliter

1993 5560 2330 5628 di/famatus,
2360 5575 2461 5613 non
2486 5563 2851 5615 memoraverit
2875 5563 3011 5615 inter
3039 5557 3449 5619 It’tvresiarchas,
3469 5565 3580 5610 etc.

2067 5629 2182 5702 (19)
2232 5629 2326 5684 His
2384 5632 2567 5686 verbis
2625 5631 2852 5686 lineolas
2897 5633 3026 5702 illas
3083 5628 3463 5702 opposuimus,
3499 5631 3582 5702 _ut

1997 5693 2181 5755 Statim
2213 5708 2510 5771 appareant
2542 5716 2663 5769 qua:
2697 5700 2936 5771 praeterit
2958 5693 3283 5771 Facundos
3329 5693 3584 5754 Hermia-

1998 5771 2185 5828 ncnsis
2214 5769 2488 5841 inquiens,
2531 5775 2598 5826 Et
2633 5769 2749 5840 post
2777 5769 3078 5840 paululunt.
