4034 6216
532 394 637 449 59.5

1784 403 1963 460 LIBRI
2005 404 2089 460 DE
2129 404 2220 461 XII
2262 406 2525 464 GEMMIS

3690 417 3813 473 εει

533 508 935 603 benedictione»:
969 514 1283 569 miraculum
1359 515 1657 589 lapidibus,
1690 523 1783 592 qui
1821 523 1872 577 in
1926 539 2110 595 super-
2138 532 2183 589 Α
2214 527 2401 583 tudine
2428 530 2666 599 palmum
2700 546 2889 589 unum.
2915 529 3082 587 Primi
3115 546 3246 603 ergo
3282 546 3476 588 versus
3504 530 3646 589 ordo
3674 542 3810 592 cst:

531 602 768 672 contigit,
812 613 860 657 et
900 603 1281 673 Samaritana,

531 706 627 760 pro
650 710 786 763 aqua
814 696 1054 750 sensibili
1072 696 1286 752 Domini

530 786 841 854 mysterium
890 786 1225 849 revelabalur
1265 806 1284 843 :

527 876 602 929 sic
615 885 664 929 ct
680 877 849 943 nobis,
862 878 1064 949 exiguis
1080 890 1287 935 exstan-

528 964 686 1032 tibus,
714 967 806 1022 sed
828 986 958 1025 novo
993 964 1280 1040 intellectu,

524 1067 573 1110 et
602 1075 733 1114 nova
750 1063 1065 1132 cognitione,
1086 1072 1135 1118 et
1150 1081 1284 1119 nova

524 1152 729 1206 ratione
758 1152 1087 1209 abundantia
1123 1156 1281 1210 undi-

522 1260 620 1315 que
662 1246 847 1314 e/fecta
887 1257 986 1312 est,
1020 1250 1179 1304 veluti
1213 1268 1278 1305 ea:

524 1348 714 1405 magna
741 1335 989 1391 imbrium
1020 1339 1276 1407 effusione

520 1447 616 1499 per
671 1434 962 1488 orationem
1019 1434 1155 1491 Elite
1227 1448 1276 1492 et

523 1526 753 1580 aliorum
862 1529 1274 1599 prophetarum,

520 1632 743 1685 quorum
771 1628 823 1673 et
846 1619 1013 1689 ﬁlius,
1045 1631 1094 1675 et
1121 1622 1277 1678 disci-

1356 606 1656 665 humeralis
1685 609 1959 667 ltationali
1984 629 2110 684 pon-

1356 701 1542 767 tiﬁcis,
1571 710 1705 759 tunc
1733 719 1895 774 super
1920 717 2109 775 pectus

1355 792 1537 849 Aaron
1590 796 1790 866 apponi
1846 799 2105 868 praecepti

1354 894 1504 952 sunt,
1537 896 1596 942 nt
1630 890 1852 944 nomina
1894 904 2105 960 eorum,

1352 989 1406 1034 et
1464 980 1712 1045 colores,
1763 991 1818 1037 et
1871 981 2102 1052 species,

1352 1086 1563 1128 necnon
1615 1083 1669 1129 et
1701 1073 1839 1140 loca,
1864 1089 1959 1130 seu
1982 1089 2109 1129 con-

1350 1167 1769 1237 templationes,
1834 1184 1973 1238 quas
2036 1168 2104 1223 ad

1355 1255 1594 1311 divinum
1667 1257 1871 1312 cultum
1964 1258 2103 1315 refe-

1350 1364 1493 1418 rant,
1536 1355 1847 1425 singulique
1893 1355 2103 1426 lapides

1350 1462 1449 1518 pro
1495 1463 1603 1517 qua
1659 1448 1804 1503 tribu
1837 1448 2099 1519 impositi,

1348 1539 1432 1595 vel
1463 1540 1609 1596 unde
1648 1539 1877 1612 reperti,
1924 1540 2007 1595 vel
2033 1556 2098 1596 ex

1348 1645 1456 1702 qua
1525 1632 1698 1702 patria
1762 1632 2065 1703 probentur
2083 1671 2098 1698 ,

518 1709 771 1774 pulus,et
814 1728 1088 1767 successor
1130 1716 1273 1769 exsi-

526 1800 625 1853 stis
688 1801 1038 1867 honorabilis,
1097 1807 1268 1859 susci-

524 1892 672 1959 piens
743 1895 1086 1964 propinquam
1158 1897 1268 1952 illis

516 1982 650 2034 hanc
662 1984 888 2052 gratiam
911 2002 943 2038 a
960 1985 1204 2052 Domino,
1218 1996 1267 2041 et

515 2073 661 2128 nobis
678 2090 769 2143 per
792 2077 1083 2132 orationem
1115 2080 1270 2133 attri-

516 2168 698 2222 buens.

1347 1740 1635 1797 exponam.
1678 1723 1744 1779 Et
1786 1725 1945 1780 nobis
1986 1726 2103 1796 qni-

1345 1819 1490 1886 dem,
1512 1819 1811 1875 memoravi
1834 1830 2094 1891 tanquam

1344 2010 1587 2082 inopiam
1674 2008 1911 2064 diﬁicilis
1981 2019 2098 2065 erat

1344 2101 1538 2155 horum
1572 2098 1797 2169 prorsus
1831 2099 1990 2172 24],
2018 2098 2094 2172 [5]

1345 2190 1605 2246 inventio.
1632 2192 1829 2247 Verum
1849 2193 1991 2245 sicut
2018 2192 2097 2246 illi

514 2290 611 2351 per
640 2282 1074 2339 benedictionem
1105 2285 1356 2340 miranda
1381 2299 1468 2339 res
1498 2283 1720 2348 accidit,
1762 2290 1817 2338 et
1853 2281 2098 2339 Samari-

513 2378 653 2425 tana:
689 2388 786 2442 pro
829 2389 968 2443 aqua
1000 2374 1244 2429 sensibili
1298 2372 1686 2445 mysteriorum
1741 2372 1956 2428 Domini
1985 2388 2098 2427 mu-

512 2476 618 2516 nus
669 2470 998 2517 ostensum:
1042 2464 1121 2518 sic
1169 2464 1329 2519 nobis
1381 2463 1547 2519 nimis
1597 2463 1890 2534 sapientia,
1935 2471 2097 2535 atque

512 2550 764 2617 scicntia,
800 2560 852 2608 et
884 2567 1139 2609 sermone
1171 2553 1452 2610 destitutis
1501 2551 1613 2625 (20)
1653 2553 1895 2623 undique
1925 2552 2096 2608 facul-

512 2649 597 2696 tas
631 2654 715 2697 est
763 2643 1049 2709 attributa,
1103 2645 1253 2700 velut
1282 2661 1350 2701 ex
1402 2645 1591 2700 multis
1629 2644 1897 2701 imbribus
1928 2642 2092 2698 fertili

513 2734 760 2804 largitate
811 2735 1050 2800 diﬁ‘usis,
1097 2735 1227 2791 Elia:
1272 2736 1549 2806 precibus,
1594 2735 1935 2806 aliorumque
1975 2748 2097 2805 pro-

512 2828 815 2911 pitielarum,
866 2844 1100 2898 quorum
1145 2828 1249 2893 Tu,
1309 2828 1474 2893 ﬁlius,
1509 2828 1832 2898 discipulus,
1874 2834 1926 2883 et
1961 2841 2078 2883 suc-

507 2933 695 2973 cessor
732 2919 1063 2975 venerabilis
1108 2920 1455 2990 approbaris,
1506 2920 1787 2991 ancipiens
1839 2933 1983 2981 eam,
2031 2926 2090 2971 ut

505 3009 606 3076 illi,
637 3024 665 3063 a
715 3009 947 3066 Domino
985 3012 1239 3084 gratiora,
1263 3013 1421 3069 nobis
1467 3026 1697 3083 eamque
1750 3010 2093 3067 orationibus

506 3102 615 3157 tuis
646 3103 984 3173 impertiens.

575 3187 732 3245 Unde
757 3192 869 3285 jam
902 3191 970 3247 de
1000 3191 1085 3248 his
1132 3193 1388 3263 incipiam
1434 3193 1619 3249 dicere
1656 3211 1667 3247 :
1708 3191 2090 3285 primumqui-
2115 3226 2157 3285 ε

504 3282 627 3336 dem
685 3284 894 3337 veniam
943 3299 1203 3354 poscens,
1257 3297 1312 3340 et
1359 3285 1623 3356 propositi
1679 3286 1785 3340 mei
1845 3284 2085 3339 studium

505 3371 855 3442 patefaciens,
880 3374 1015 3429 licet
1047 3376 1299 3431 invalida:
1337 3360 1747 3433 dissertationis
1777 3377 1984 3447 possim
2010 3390 2089 3431 re-

503 3462 647 3519 ferre
693 3479 1021 3520 sermonem.
1087 3465 1185 3522 Est
1234 3483 1364 3537 ergo
1412 3468 1647 3539 primum
1701 3468 1972 3537 scriptum
2028 3468 2083 3521 in

502 3559 740 3622 quatuor
767 3554 1038 3619 versibus,
1075 3553 1469 3624 quadrifariam
1514 3555 1715 3626 quippe.
1743 3555 2085 3610 discrimina-

502 3645 685 3709 batur,
730 3646 1015 3700 Rationale
1049 3646 1345 3716 pontiﬁcis,
1403 3647 1692 3718 ipsumque
1745 3648 2087 3721 quadrangu-

516 3738 629 3791 lum
660 3744 799 3803 erat,
832 3738 1037 3794 habens
1068 3747 1174 3793 tam
1203 3738 1260 3792 in
1286 3737 1645 3811 longitudine,
1675 3754 1840 3809 quam
1882 3740 1937 3793 in
1973 3740 2087 3793 lati-

574 3912 687 3986 (20)
726 3912 785 3968 In
823 3913 947 3970 cod.
984 3913 1102 3970 Vat.
1132 3915 1330 3986 legitur
1366 3917 1707 3986 constitutus,
1764 3917 1856 3972 sed
1900 3917 2075 3970 mani—

500 3982 902 4040 festo'librarii
957 4000 1162 4042 errore.
1189 3982 1374 4055 Ἀριιά
1430 3985 1744 4040 Facundum
1797 3990 2070 4042 sententia

498 4055 659 4110 aliter
716 4055 980 4127 procedit,
1034 4057 1130 4111 sed
1192 4054 1490 4111 Facundus
1526 4058 1871 4113 versionibus
1922 4057 2068 4111 haud

498 4126 1049 4196 multuniidiligenter
1079 4126 1236 4181 factis
1262 4137 1348 4181 est
1384 4143 1536 4183 usus.

568 4194 986 4269 (2i)“Epito_t_ne,
1033 4196 1257 4269 Πρῶτος
1298 4196 1445 4261 λίθος
1483 4197 1768 4269 Σάρδιρςῤ
1814 4194 2073 4269 Βαβυλὼ-

496 4265 610 4338 νιοζ
654 4265 798 4338 cens
824 4265 1176 4338 καλᾳύμειᾶος·
1218 4266 1437 4323 Primus
1475 4265 1611 4338 lapis
1633 4268 1856 4324 Sardius
1891 4266 2072 4336 Baby-

499 4337 675 4391 lonius
712 4336 886 4391 dictus
928 4336 1050 4404 fuit.

569 4404 681 4478 (22)
720 4403 935 4478 Nempe
950 4407 1055 4459 alia
1082 4405 1566 4478 quoque_Babylon
1598 4404 1699 4478 fuit
1735 4405 1787 4458 in
1813 4403 2069 4478 Egypto,

507 4473 712 4544 de'qua
755 4473 1005 4544 pluribus
1046 4473 1130 4544 egi
1172 4473 1231 4530 in
1274 4473 1753 4529 Exercitationibus
1803 4473 2074 4528 Instat-ico-

500 4543 701 4614 criticis
749 4544 814 4598 de
861 4543 1096 4600 Romano
1142 4544 1212 4600 Β.
1266 4544 1411 4599 Petri
1450 4546 1633 4600 itinere
1662 4554 1711 4599 et
1739 4544 2065 4614 episcopatu,

493 4613 826 4676 ete.,E:cerc.
863 4615 951 4670 10.

565 4682 678 4757 (2})
721 4682 943 4757 porrige
971 4684 1179 4757 medici.
1222 4683 1469 4757 Epitome
1498 4684 1749 4757 Gesneri,
1781 4684 1829 4737 oi
1867 4686 2063 4756 ἰατροί.

567 4752 680 4826 (24)
721 4752 903 4826 l_lujus
928 4755 1078 4810 urbis
1104 4752 1284 4811 nemo'
1304 4758 1444 4813 alius
1470 4756 1602 4810 mihi
1632 4761 1794 4826 notus
1820 4752 2066 4811 meminit

494 4824 695 4894 praeter
722 4824 1086 4897 Epiphaniam
1114 4826 1219 4880 hoc
1263 4827 1406 4897 loco,
1458 4826 1585 4881 licet
1636 4825 1895 4897 celebris
1920 4828 2063 4897 apud

494 4901 707 4950 veteres
739 4894 995 4968 auctores
1019 4896 1090 4968 sit
1132 4898 1311 4952 insula
1349 4896 1602 4968 ,TOpazos
1654 4896 1819 4968 dicta.
1874 4894 2064 4968 Itaque

492 4973 589 5039 aut
646 4966 849 5020 erravit
883 4966 1242 5039 Epiphanius
1278 4966 1466 5023 urbem
1526 4981 1630 5039 pro
1677 4966 2060 5039 insulsae-ei-

491 5036 671 5107 piensj
701 5044 794 5090 aut
822 5036 985 5092 etiam
1012 5036 1209 5092 insulae
1245 5036 1561 5107 metropolis
1590 5036 1631 5091 Τ
1635 5052 1805 5107 opaza
1838 5037 2062 5093 diccba-

491 5103 600 5177 iur.
637 5103 810 5161 Porro
848 5108 916 5161 de
966 5107 1073 5163 situ
1127 5107 1356 5177 hujusre
1407 5103 1599 5162 insula:
1637 5103 1744 5177 non
1795 5123 1903 5161 una
1938 5122 2062 5163 esse

488 5175 707 5246 videtur
745 5178 989 5231 omnium
1039 5175 1342 5241 sententia;
1400 5178 1610 5246 scilicet
1645 5176 1956 5246 Stephanus
2004 5178 2059 5231 in

491 5244 641 5319 india
675 5248 944 5313 collocat;
978 5246 1032 5300 in
1065 5248 1200 5319 mari
1238 5246 1437 5319 liubro
1477 5245 1615 5301 Juba
1644 5244 1787 5319 apud
1821 5245 2057 5319 Plinium

490 5316 583 5370 lib.
639 5331 846 5381 xxxvii,
900 5330 1022 5383 cap.
1075 5318 1180 5383 32;
1235 5318 1290 5371 in
1330 5319 1528 5372 Arabia
1578 5315 1706 5371 vero
1766 5315 2059 5373 Archelaus

486 5386 628 5456 apud
674 5388 924 5442 eumdem
966 5386 1199 5441 Plinium
1230 5388 1420 5443 eodem
1454 5388 1594 5456 loco,
1639 5394 1693 5439 et
1735 5386 1852 5456 ipse
1892 5386 2056 5441 etiam

484 5455 697 5513 Plinius
753 5457 846 5527 lib.
885 5472 960 5521 vr,
1012 5472 1135 5527 cap.
1172 5458 1261 5525 54,
1308 5472 1519 5512 necnon
1570 5455 1766 5511 Strabo
1804 5457 1898 5511 lib.
1944 5473 2053 5522 xw,

484 5528 754 5598 Diodorus
793 5525 1011 5598 Siculus
1042 5525 1133 5583 lib.
1168 5543 1252 5592 ιιι,
1317 5528 1637 5598 Ptolemmus
1682 5527 1779 5583 lib.
1825 5543 1899 5591 IV,
1930 5542 2051 5598 cap.

482 5597 536 5663 ὅ,
563 5596 874 5669 PsellusADe
897 5599 1132 5669 gemmis,
1166 5597 1580 5669 lsidorusOrig.
1612 5599 1707 5653 lib.
1743 5614 1816 5660 νι,
1852 5613 1976 5667 cap.
1999 5596 2052 5665 7,

482 5669 702 5738 aliique.
763 5667 1020 5734 Quinimo
1069 5668 1343 5726 Braunius
1404 5668 1481 5723 De
1531 5667 1657 5723 best.
1718 5669 2051 5723 sacerdotum

482 5737 645 5813 Hebr.
677 5739 772 5791 lib.
800 5754 859 5802 ιι,
892 5754 1011 5809 cap.
1041 5737 1151 5813 ξς
1184 5740 1273 5807 92,
1302 5749 1356 5813 et
1390 5738 1525 5813 illud
1549 5738 2052 5813 Jobi_cap.__x1_tvm,

482 5820 533 5859 v.
566 5808 650 5873 l9,
683 5817 790 5866 m1:
837 5806 1000 5871 mtas
1052 5806 1270 5865 Piidath
1301 5809 1494 5879 Cusclt,
1543 5810 1686 5883 quod
1733 5806 1788 5864 in
1820 5806 2052 5882 Vulgata

2219 619 2461 675 sardium
2524 623 2730 692 primus
2783 622 2941 693 lapis,
2993 623 3118 678 dein
3174 625 3445 694 topazion,
3494 631 3623 695 post
3656 641 3817 682 sma-

2212 711 2415 783 ragdos
2448 733 2461 770 :
2493 714 2718 772 secundi
2749 731 2942 773 versus
2977 716 3188 786 primus
3223 716 3360 786 lapis
3389 717 3811 780 carbunculus.

2210 803 2335 858 dein
2377 805 2691 875 sapphirus,
2742 815 2865 876 post
2901 804 3109 877 jaspis;
3160 805 3303 860 tertii
3343 820 3536 861 versus
3577 807 3815 877 primus

2209 893 2354 964 lapis
2402 895 2678 967 ligyrium,
2728 895 2854 952 dein
2912 897 3156 960 achates,
3211 902 3336 966 post
3392 896 3810 967 amethystus:

2207 987 2389 1056 quarti
2434 1002 2651 1058 quoque
2696 1003 2887 1044 versus
2928 989 3176 1053 extremi,
3219 989 3597 1058 primusJapis
3632 989 3813 1059 chry-

2209 1080 2465 1147 solithus,
2520 1079 2719 1137 deinde
2774 1081 3078 1151 beryllum,
3131 1090 3254 1152 post
3306 1081 3626 1151 onychium.
3699 1081 3811 1136 Isti

2206 1171 2425 1242 quidem
2476 1179 2604 1227 sunt
2654 1171 2941 1227 duodecim
2991 1171 3226 1243 lapides,
3271 1185 3411 1242 quos
3464 1179 3687 1227 constat
3743 1172 3809 1227 in

2206 1262 2515 1331 Rationali,
2545 1262 2690 1333 quod
2740 1263 2794 1318 in
2823 1262 3251 1333 superhumerali
3304 1262 3577 1333 pontiﬁcis
3623 1277 3811 1332 pone-

2204 1354 2364 1411 batur
2412 1353 2493 1428 [6]
2535 1355 2794 1423 insertos,
2840 1370 3070 1427 quorum
3131 1353 3467 1411 diﬂ‘erentias
3550 1355 3807 1425 locaque

2203 1445 2467 1501 dicemus.
2840 1458 2843 1461 '
2894 1444 2897 1447 ’

2279 1534 2558 1602 Sardium,
2589 1536 2734 1609 quod
2766 1547 2820 1593 et
2858 1536 3238 1609 Babylonium,
3274 1534 3355 1592 sic
3392 1534 3594 1590 dicitur
3625 1532 3750 1606 (2|)
3782 1553 3799 1589 :

2204 1629 2365 1684 habet
2401 1629 2622 1699 quidem
2655 1628 2893 1699 speciem
2927 1628 3105 1685 instar
3137 1628 3279 1699 ignis
3322 1626 3636 1696 colorisque
3664 1641 3801 1680 san-

2201 1717 2383 1789 guinei
2434 1717 2621 1775 sardic
2673 1718 2808 1789 pisci
2859 1717 3223 1782 consimilem,
3260 1714 3402 1771 unde
3434 1722 3488 1770 et
3531 1713 3793 1771 sardium

2200 1818 2452 1865 vocatum
2504 1817 2612 1882 est,
2658 1825 2688 1864 a
2746 1809 2930 1881 specie
2983 1823 3287 1879 COgnomen
3347 1805 3647 1876 accipiens.
3726 1804 3792 1858 In
3885 1884 3899 1894 .

1344 1915 1580 1986 praefata;
1637 1916 1829 1983 viduae,
1876 1888 2099 1988 ρτδριθι-
2128 1888 2171 1945 Β
2198 1901 2476 1974 Babylone
2515 1916 2662 1967 vero,
2697 1916 2819 1971 quae
2850 1909 2934 1956 est
2961 1899 3106 1971 apud
3135 1898 3392 1970 Assyrios
3423 1897 3559 1968 (2'2),
3612 1896 3798 1967 gigni-

2201 1998 2311 2059 tur,
2345 2000 2400 2048 et
2432 1998 2516 2047 est
2560 1992 2701 2062 lapis
2736 1991 2852 2061 ipse
2898 1988 3234 2061 perlucidus,
3283 1988 3491 2044 habens
3524 1987 3793 2044 medendi
3874 2048 3899 2067 .

2199 2086 2527 2155 potentiam;
2559 2082 2718 2154 cujus
2754 2096 2944 2140 sucum
2981 2080 3123 2137 medi
3158 2080 3271 2152 (25)
3312 2094 3478 2150 super
3531 2087 3793 2134 tumores

2198 2189 2263 2229 ac
2316 2174 2634 2245 putredines
2698 2174 2952 2229 linientes
3003 2173 3215 2237 sedant,
3272 2172 3517 2242 aliasque
3564 2171 3788 2243 plagas.

2198 2280 2320 2336 quae
2350 2281 2447 2336 per
2474 2265 2795 2321 incisionem
2825 2264 2955 2319 ferri
2984 2266 3332 2335 proveniunt.
3383 2261 3480 2317 Est
3509 2272 3694 2316 autem
3728 2269 3790 2315 et

2199 2357 2339 2411 alius
2368 2355 2664 2426 sardonyx,
2696 2356 2790 2427 qui
2820 2364 3045 2412 vocatur
3087 2354 3392 2419 molochas,
3424 2353 3609 2409 sciens
3645 2360 3791 2406 atte-

2196 2463 2369 2505 nuare
2412 2448 2769 2520 pinguedines
2802 2465 2817 2502 :
2854 2448 3026 2520 ipsius
3075 2456 3259 2501 autem
3295 2445 3481 2501 forma:
3505 2455 3613 2510 est,
3646 2446 3787 2500 sub-

2195 2542 2390 2598 viridis
2430 2542 2848 2612 aliquantulum,
2880 2541 3263 2613 potentiorque
3307 2538 3479 2609 magis
3511 2546 3594 2594 est
3623 2538 3781 2593 circa

2195 2633 2346 2690 verni
2378 2633 2640 2705 temporis
2670 2632 2908 2700 initium,
2935 2631 3155 2703 quando
3183 2630 3394 2686 Pascha
3423 2630 3778 2696 celebratur;

2193 2736 2250 2783 et
2292 2727 2433 2781 alius
2477 2725 2852 2790 sardachales,
2902 2726 3050 2781 circa
3096 2739 3257 2797 quem
3314 2722 3548 2795 lapidem
3613 2722 3782 2777 albus

2195 2818 2415 2889 quidam
2459 2817 2699 2874 circulus
2723 2824 2968 2888 apparet,
3000 2816 3142 2872 sicut
3171 2815 3224 2869 in
3257 2815 3470 2883 achate,
3505 2829 3669 2885 quem
3710 2814 3777 2875 ii,

2194 2910 2286 2981 qui
2333 2909 2580 2965 fabulosa
2630 2909 2969 2980 conﬁngunt,
3006 2909 3148 2962 mala
3187 2907 3375 2981 fugate
3411 2908 3778 2979 pronuntiant

2196 3016 2377 3070 posse,
2419 3016 2653 3072 eumque
2698 3003 2985 3072 paciﬁcum
3015 3009 3237 3059 vocant.

2676 3108 2754 3151 ΦΕ
2795 3108 2984 3148 ιΑιηοε
3026 3107 3273 3148 ΤΟΡΔΖΙΟ.

2264 3186 2562 3259 Topazium
2604 3187 2829 3242 rubrum
2878 3194 2965 3243 est
3013 3187 3193 3258 specie
3231 3192 3353 3256 post
3381 3184 3639 3255 lapidem,
3672 3182 3773 3253 qui

2190 3282 2558 3338 carbunculus
2587 3281 2912 3352 appellatur.
2964 3279 3225 3338 lnventus
3254 3287 3336 3333 est
3371 3275 3451 3351 [7]
3494 3284 3676 3331 autem
3711 3275 3771 3329 in

2189 3372 2403 3444 Topaze
2427 3372 2648 3428 civitate
2676 3370 2843 3426 India:
2869 3369 3005 3441 (ﬁt),
3039 3371 3093 3423 in
3135 3369 3299 3423 corde
3330 3365 3525 3437 lapidis
3554 3365 3622 3419 ab
3652 3364 3766 3428 his,

2188 3465 2283 3538 qui
2328 3463 2527 3519 ibidem
2572 3463 2778 3533 lapides
2807 3471 2935 3516 tunc
2963 3460 3263 3516 caedebant.
3302 3459 3475 3525 Quem
3520 3456 3765 3526 lapidum

2139 3564 2145 3571 '
2188 3572 2422 3613 caesores
2454 3556 2728 3611 intuentes
2780 3551 3303 3624 splendidissimum,
3351 3547 3602 3604 delectati
3647 3546 3772 3616 pul—

2184 3647 2498 3704 chritudine
2548 3645 2687 3717 ejus,
2721 3644 3079 3701 ostenderunt
3125 3639 3431 3695 Alabastris
3479 3637 3591 3710 (‘25)
3639 3636 3770 3706 qui-

2187 3738 2415 3794 busdam
2457 3736 2906 3807 negotiatoribus,
2942 3747 3218 3804 parvoque
3257 3730 3431 3803 pretio
3467 3726 3548 3800 [8]
3573 3725 3769 3783 vendi-

2182 3916 2433 3971 redditur
2484 3915 2744 3983 Topazius
2795 3915 2859 3968 de
2912 3909 3578 3983 Ethiopiareddendum
3634 3921 3764 3961 esse

2181 3995 2370 4041 censet
2404 3980 2666 4055 Topasius
2709 3985 2990 4055 Arabians,
3023 3998 3053 4037 ιι
3089 3980 3357 4055 Bocharto
3407 3980 3603 4055 doctus
3654 3985 3771 4055 itm

2181 4056 2352 4111 Cusch
2390 4049 2647 4111 Arabiam
2680 4071 2821 4110 esse.
2867 4053 3067 4108 Verum
3112 4050 3287 4106 critici
3323 4065 3440 4105 rem
3481 4049 3622 4102 hanc
3672 4050 3761 4100 ta-

2183 4127 2274 4180 citi
2335 4126 2551 4197 negotio
2606 4126 2876 4197 explicare
2926 4122 3267 4197 poteruntsi
3321 4119 3760 4197 animadvertant

2184 4200 2384 4268 veteris
2407 4187 2764 4267 vgeograpliiae
2811 4187 3100 4268 rationem.
3148 4191 3437 4261 Dionysius
3468 4187 3753 4268 Periegeta

2181 4257 2556 4337 Erythrarum:
2587 4257 2684 4320 seu
2741 4266 2915 4337 mavis
2962 4262 3206 4337 Rubrum
3263 4257 3432 4337 mare,
3470 4257 3752 4337 {Ethiopi-

2181 4328 2302 4412 guin
2356 4328 2574 4412 quoque
2624 4336 2927 4412 appellabat
2946 4373 2979 4412 ,_
3018 4343 3072 4387 et
3121 4330 3365 4412 pioriysii
3428 4328 3757 4412 scholiastes

2182 4400 2501 4461 Eustathius
2562 4400 2854 4461 nonnullos
2911 4405 3072 4459 etiam
3108 4400 3401 4456 Arabicum
3456 4400 3662 4461 sinum,
3699 4405 3755 4452 et

2181 4473 2519 4545 Erythrzeum
2553 4491 2724 4540 mare,
2766 4491 2933 4530 unum
2966 4481 3019 4528 et
3053 4471 3195 4545 idem
3227 4486 3380 4545 mare
3407 4468 3757 4545 existimasse

2103 4521 2149 4580 θ
2174 4521 2754 4602 όοέειίῖ’διίι·ο”1ηι1ἶξιι
2769 4521 2994 4602 333nm;
3012 4542 3179 4597 variis
3207 4541 3392 4595 datum
3416 4554 3539 4595 esse
3572 4539 3757 4607 regio-

2168 4614 2352 4685 nibus,
2407 4614 2700 4685 IEtbiopia:
2730 4626 2909 4669 autem
2946 4613 3234 4685 praecipue,
3271 4619 3750 4685 nemo_est_quem

2165 4678 2370 4753 lateat;
2401 4688 2532 4759 quin
2564 4678 2727 4759 etiam
2761 4678 2977 4759 Indiam
3007 4684 3074 4737 ad
3112 4678 3376 4759 oceanum
3404 4678 3752 4759 Erythri-eunt

2166 4746 2435 4824 spectasse
2461 4756 2686 4813 disertis
2721 4756 2899 4811 verbis
2940 4753 3262 4809 Eustathius
3301 4746 3505 4824 tradit;
3523 4757 3577 4804 et
3617 4746 3750 4801 Dio-

2165 4822 2358 4899 nysius
2404 4832 2526 4899 ipse
2576 4829 2721 4881 inter
2752 4836 2983 4899 caeteros
3031 4823 3311 4899 pretiosos
3341 4822 3549 4899 lapides
3606 4833 3748 4899 qnos

2165 4888 2282 4952 Indi
2329 4888 2746 4967 habenuetiam
2784 4888 3221 4967 glaucum—nitidi
3269 4888 3469 4967 Τορὰλὶ
3517 4888 3749 4958 lapidem

2166 4979 2445 5039 recenset.
2477 4967 2617 5039 Vide
2652 4962 2996 5039 Eustathium
3016 4962 3479 5039 _in__l_)ionysiu_m_,
3515 4969 3747 5039 et.-..Ae_x

2162 5038 2416 5093 versione
2464 5038 2534 5091 cl.
2583 5046 2633 5088 v.
2678 5036 2977 5091 Alexandri
3016 5032 3202 5098 Politi,
3237 5030 3620 5097 etc.,tJolonia:
3648 5030 3748 5082 Al-

2164 5106 2471 5178 lobrogum,
2515 5106 2672 5172 {741,
2707 5122 2845 5178 pag.
2869 5107 2940 5159 23
2972 5103 3178 5178 et_529.

2233 5171 2348 5250 (253
2405 5171 2656 5248 Ligurius
2707 5171 2941 5250 Sabinae
3000 5171 3395 5250 Tranquillina:
3456 5184 3743 5249 numinum

2162 5242 2445 5312 memorat,
2472 5242 2586 5303 'ubi
2632 5257 2788 5301 erant
2837 5246 2965 5308 Isis,
3009 5253 3065 5300 et
3111 5242 3495 5314 Harpocratesp
3532 5242 3742 5314 strigam

2161 5310 2594 5389 manurdelxtera
2623 5327 2842 5389 gestans
2886 5332 3010 5389 cum
3065 5310 3425 5389 inscriptione
3469 5310 3744 5389 ΔΛᾼΒᾼι-

2158 5387 2472 5446 ΣΤΡΙΤΩΝ.
2523 5379 2835 5458 ὤεξριίιιιιι
2883 5387 3053 5441 fuisse
3091 5379 3741 5458 hunc—nummumlsidis

2161 5458 2332 5529 ﬁgura
2367 5453 2680 5514 luculenter"
2701 5458 2923 5529 probat,
2950 5467 3004 5511 et
3036 5456 3258 5529 quidem
3289 5454 3418 5508 urbs
3451 5453 3740 5506 Alabastra

2158 5525 2323 5585 etiam
2367 5545 2397 5583 a
2437 5525 2728 5583 Ptolemaeo
2780 5530 2835 5583 in
2862 5528 3098 5598 IEgypto
3125 5525 3455 5598 collocatur,
3471 5535 3684 5598 necnon
3709 5534 3740 5571 a

2156 5599 2337 5669 Plinio
2388 5602 2482 5656 lib.
2534 5616 2588 5663 v,
2624 5615 2746 5669 cap.
2795 5600 2828 5655 9
2877 5592 3271 5669 et"3'7.__Quod
3322 5599 3368 5650 si
3425 5592 3739 5669 Stephanus

2155 5668 2442 5742 Phrygiam
2470 5660 2821 5742 urbemeam
2862 5677 3022 5723 vocat
3055 5660 3390 5742 Herodotum
3416 5660 3739 5742 testemnadg

2156 5733 2370 5805 hibe'n's,
2406 5755 2507 5795 nos
2555 5740 2776 5810 quidem
2814 5745 3257 5810 cumexstantes
3292 5734 3555 5810 Herodoti
3606 5733 3736 5810 libri

2154 5803 2367 5866 nullum
2419 5803 2652 5880 hujusce
2706 5811 2784 5865 rei
2836 5808 3210 5869 testimonium
3262 5805 3605 5881 perhibeant,
3641 5803 3736 5861 lib.
