4034 6216
411 364 518 422 555

1758 356 2011 411 VERSIO
2048 356 2371 427 ANTIQUA.

3579 360 3691 423 5H

413 485 509 543 sed
545 484 601 539 in
646 482 1041 539 occidentalem
1080 477 1201 551 ejus
1253 487 1463 551 partem
1500 477 1705 533 Phison
1751 477 1866 550 (67)
1894 520 1908 540 ,
1943 484 2003 532 ut
2031 476 2077 540 Α
2106 487 2217 536 ιειιι
2250 489 2336 539 est
2382 482 2437 540 in
2462 482 2604 558 Lege
2630 486 2745 560 (70)
2768 525 2786 552 ,
2818 486 3084 544 visionem
3116 485 3253 545 Mosi
3277 486 3336 544 in
3359 491 3547 549 monte
3571 488 3685 541 vel-

412 575 673 640 diximus,
700 573 899 636 inﬂuit,
926 581 981 628 et
1002 572 1209 628 idcirco
1250 570 1389 641 lapis
1416 571 1518 626 iste
1552 568 1607 624 in
1637 565 1820 639 Libyas
1871 582 1998 640 par-

414 680 496 722 tes
542 665 865 732 advehitur;
923 664 1057 719 dicit
1115 674 1293 718 autem
1337 661 1625 731 Scriptura
1676 658 1838 732 24.5
1882 655 1997 732 [21]

414 760 599 815 divina
632 779 644 813 :
689 757 911 812 Flavius
938 756 1203 828 egreditur
1238 772 1302 809 ea:
1329 756 1512 809 eadem
1551 752 1620 807 ad
1665 750 1999 823 irrigandum

412 852 749 923 paradisum,
771 852 864 921 qui
896 851 1016 904 inde
1045 849 1301 904 dividitur
1326 850 1379 901 in
1407 855 1639 917 quatuor
1682 846 1857 900 initia.
1887 843 2003 898 No-

416 964 533 1001 men
558 946 651 1000 uni
686 945 881 999 Phison
912 958 931 995 :
970 944 1068 998 iste
1090 950 1189 1009 est,
1224 943 1315 1012 qui
1350 940 1537 1017 circuit
1569 952 1773 993 omnem
1802 947 2002 991 terram

418 1039 637 1104 Evilat,
675 1038 766 1094 ubi
802 1048 880 1094 est
915 1054 1105 1092 aurum
1130 1076 1146 1101 ,
1177 1046 1225 1091 et
1260 1052 1453 1090 aurum
1499 1043 1653 1089 terra:
1690 1031 1836 1087 illius
1862 1032 2001 1101 opti-

416 1149 593 1196 mum;
624 1130 699 1185 ibi
726 1140 803 1186 est
833 1128 1189 1185 carbunculus
1211 1138 1260 1183 et
1292 1128 1427 1199 lapis
1448 1126 1700 1195 prasinus
1727 1124 1766 1180 ί.

910 1235 977 1274 ηε
1011 1233 1270 1275 ελῐψιιιιο
1306 1230 1519 1271 ιιιηιιε.

489 1312 795 1387 Sapphirus
834 1312 974 1383 lapis
1006 1310 1211 1366 dicitur
1242 1311 1297 1365 in
1325 1310 1548 1364 modum
1579 1319 1837 1378 purpuras
1862 1303 1999 1376 (68),

414 1424 581 1481 quam
624 1410 849 1463 blattam
878 1404 1124 1461 vocitant
1147 1403 1284 1475 (69),
1314 1403 1473 1473 cujus
1501 1408 1585 1457 est
1610 1400 1855 1472 pressior
1880 1414 2002 1470 spe-

415 1504 531 1559 cies
576 1520 591 1556 :
636 1501 806 1556 multa
855 1514 985 1553 vero
1019 1512 1221 1569 genera
1261 1503 1393 1551 sunt
1431 1493 1599 1564 hujus
1633 1492 1874 1563 lapidis;
1918 1499 2004 1547 est

416 1594 563 1649 enim
604 1593 657 1645 in
690 1591 825 1662 ipsis
856 1590 1057 1661 regalis
1091 1588 1210 1643 auri
1240 1587 1459 1659 punctis
1496 1586 1877 1648 intermicans,
1908 1583 2000 1654 qui

418 1698 528 1737 non
569 1681 704 1737 adeo
740 1691 823 1736 est
869 1680 1156 1744 mirabilis,
1188 1678 1334 1733 sicut
1378 1692 1552 1749 purus
1585 1676 1677 1731 ille
1709 1675 1880 1746 lapis,
1906 1673 2002 1746 qui

418 1790 517 1845 per
555 1774 739 1828 omnia
772 1788 1027 1843 purpura:
1055 1772 1240 1842 specie
1266 1776 1467 1826 renitet
1494 1809 1509 1830 ,
1537 1776 1592 1824 et
1632 1767 1721 1822 hic
1749 1767 2002 1822 fortassis

2105 571 2185 626 uti
2240 589 2406 645 super
2428 577 2607 649 lapide
2642 580 2903 650 sapp'hiro
2932 579 3103 636 fuisse
3121 579 3481 638 declaratam.

2609 685 2678 725 DE
2715 686 2907 727 LAPIDS
2946 687 3184 729 ιΑειηυε.

2172 754 2356 827 Jaspis
2381 764 2465 814 est
2490 758 2628 830 lapis
2652 762 2802 817 velut
2828 764 3067 834 speciem
3109 762 3385 833 smaragdi
3416 759 3690 829 referens.

2102 845 2198 916 qui
2232 848 2374 918 apud
2415 849 2553 905 ostia
2581 849 3009 910 Thermodontis
3036 853 3279 909 ﬂuminis
3309 853 3610 918 invenitur,
3632 860 3688 907 et

2104 937 2247 1006 apud
2276 937 2609 995 Amathunta
2643 942 2779 1012 (7i),
2812 959 2921 999 non
2967 960 3089 1016 qua:
3126 946 3179 1001 in
3207 945 3390 1018 Cypro
3420 945 3538 1019 [ἳό]
3560 954 3681 1004 est:

2104 1026 2200 1083 sed
2239 1030 2565 1087 naturaliter
2604 1032 3052 1089 Amathusiorum
3090 1036 3203 1106 (7-2)
3237 1037 3517 1107 generatio
3543 1035 3686 1091 mul-

2104 1119 2270 1191 tiplex
2297 1122 2544 1179 habetur.
2580 1123 2681 1178 ilic
2705 1141 2835 1180 vero
2871 1126 3010 1196 lapis
3038 1127 3180 1183 hanc
3212 1129 3372 1183 habet
3401 1128 3640 1199 speciem
3667 1142 3681 1179 :

2105 1214 2210 1269 sub
2244 1215 2533 1288 smaragdo
2567 1227 2652 1272 est
2683 1219 3135 1286 intervirescens,
3178 1220 3273 1275 sed
3320 1220 3605 1275 obtunsior
3634 1227 3689 1275 ct

2104 1306 2411 1373 obscurior,
2459 1310 2801 1382 interiusque
2832 1322 3035 1382 corpus
3086 1311 3247 1366 habet
3280 1312 3455 1368 viride
3500 1310 3570 1366 ad
3603 1312 3689 1366 in-

2105 1405 2222 1452 star
2260 1399 2520 1471 aeruginis
2554 1403 2698 1457 teris.
2742 1402 3090 1459 Delectantur
3133 1410 3314 1459 autem
3364 1400 3686 1474 phantasia'.

2107 1488 2160 1543 id
2187 1497 2272 1544 est
2294 1491 2698 1559 speculationes
2746 1493 2875 1549 huic
2920 1494 3156 1550 insidere
3180 1532 3197 1559 ,
3225 1494 3370 1550 sicut
3408 1504 3686 1562 asserunt,

2102 1581 2195 1651 qui
2229 1581 2477 1638 fabulosa
2515 1594 2952 1641 commemorant
2980 1588 3115 1659 (75).
3151 1587 3248 1643 Est
3275 1596 3331 1642 et
3371 1587 3478 1641 alia
3512 1587 3689 1657 jaspis

2104 1671 2356 1740 albidior,
2380 1691 2544 1745 quam
2578 1692 2766 1742 mare;
2810 1676 2944 1735 flore
2965 1694 3095 1735 vero
3114 1722 3128 1747 ,
3156 1681 3508 1752 tincturaque
3542 1695 3689 1751 pres-

2105 1764 2219 1819 sior
2264 1765 2418 1835 (74):
2452 1768 2558 1822 alia
2596 1784 2727 1824 vero
2762 1770 2817 1824 in
2858 1770 3137 1841 speluncis
3168 1772 3275 1828 Ida:
3315 1773 3552 1836 montis,
3592 1771 3687 1842 qui

416 1832 539 1917 esse
562 1832 786 1915 dicitur'
809 1832 1161 1924 iu.lndia,-et
1188 1859 1243 1912 in
1265 1855 1549 1926 EtbiOpia
1571 1895 1587 1918 ,
1618 1860 1839 1925 propter
1865 1860 2001 1907 tem-
2034 1832 2075 1889 Β
2107 1863 2193 1911 est
2222 1832 2282 1911 in.
2302 1832 2535 1929 Phrygia
2560 1900 2574 1924 ,
2605 1832 3111 1930 reperitur-similis
3140 1864 3394 1932 sanguini
3424 1832 3685 1926 cochleae,

417 1954 566 2025 plum
590 1952 769 2009 Liberi
801 1951 973 2022 patris
1008 1948 1150 2020 apud
1174 1949 1358 2015 Indos,
1383 1947 1527 2019 quod
1552 1948 1756 2004 habere
1778 1946 2000 2013 dicitur,

417 2047 545 2102 licet
575 2045 892 2101 incredibile
914 2044 1167 2100 videatur
1185 2082 1201 2108 ,
1234 2058 1434 2098 cccuv
1468 2042 1692 2113 gradus,
1720 2056 1913 2097 omnes
1936 2056 2002 2096 ex

418 2136 599 2208 lapide
630 2136 912 2208 sapphiro.
952 2134 1010 2189 In
1039 2135 1382 2190 ornamentis
1410 2143 1593 2189 autem
1626 2134 1743 2189 suis
1795 2141 1852 2189 et
1894 2148 2005 2187 mo-

419 2229 621 2283 nilibus
651 2242 805 2300 reges
844 2234 1075 2281 utuntur
1098 2242 1165 2281 eo
1194 2226 1277 2282 vel
1300 2227 1555 2288 maxime,
1576 2225 1705 2296 quia
1732 2223 2002 2278 mirabilis

416 2328 524 2384 est,
573 2327 737 2389 atque
795 2316 1203 2388 pulcherrimus
1270 2321 1325 2370 et
1372 2314 1652 2386 gratiosus
1706 2330 1720 2368 :
1764 2312 1910 2368 unde
1948 2320 2003 2367 et

417 2409 668 2463 nonnulli
729 2414 1060 2462 vocaverunt
1110 2420 1235 2461 eum
1286 2404 1507 2462 monilis
1558 2403 1673 2476 [22]
1725 2411 1999 2459 ornatum.

417 2500 579 2557 Pellit
606 2500 771 2554 etiam
812 2500 1051 2565 dolores,
1076 2513 1201 2552 nam
1252 2499 1297 2553 si
1324 2504 1534 2553 teratur
1558 2511 1683 2552 cum
1714 2496 1855 2552 lacte
1887 2510 2003 2551 me-

416 2591 539 2648 dela
573 2591 841 2649 scabiosis
900 2598 955 2646 et
1006 2588 1272 2645 ulcerosis
1336 2587 1570 2643 efﬁcitur
1607 2586 1799 2642 linitus
1838 2601 2005 2657 super

418 2687 560 2749 loca,
582 2701 705 2757 quae
724 2684 931 2740 iuerint
953 2683 1276 2739 vulneribus
1299 2690 1573 2753 asperato.
1600 2679 1882 2753 Scriptum
1905 2695 2003 2736 au-

490 2844 510 2878 ⁸
542 2842 682 2900 Gen.
706 2858 792 2909 ιιι,
828 2841 1001 2897 10-ιό
1022 2840 1165 2912 just.
1192 2838 1357 2895 LXX.

496 2997 606 3069 (67)
644 2997 778 3053 Mira
810 2995 1010 3052 iterum
1036 3001 1442 3069 commentatur
1459 2993 1527 3049 de
1556 2991 1761 3069 Phison
1781 2993 2004 3069 ﬂumine

420 3064 794 3140 Epiphanius.
826 3078 886 3121 ut
938 3083 1001 3122 ea
1050 3067 1324 3140 conciliet.
1369 3064 1645 3140 quomodo
1694 3074 1807 3140 tum
1857 3065 2002 3140 apud

418 3133 805 3211 carthaginem
848 3138 1221 3193 carbunculus
1254 3133 1577 3206 reperiatur,
1619 3142 1735 3189 tum
1771 3134 1824 3190 in
1872 3133 2001 3189 Phi-

421 3225 546 3267 son.
936 3226 941 3233 ’

493 3280 608 3348 (68)
642 3278 844 3348 Snpple
873 3276 1064 3343 lucere,
1091 3276 1473 3348 splendescere.
1497 3274 1554 3329 lu
1595 3273 2005 3348 EpitomeGes—

419 3343 535 3404 neri
564 3343 598 3405 ε’
633 3343 794 3410 Λίσοξ
842 3343 1165 3417 odia-pata);
1198 3343 1552 3417 πρρφυρίζων
1574 3386 1588 3409 ,
1640 3343 1723 3417 ὦς
1772 3345 2005 3415 βλάττης

420 3400 829 3491 iéép'cp'seégéij;
850 3400 1103 3491 μελᾶίγῆς
1122 3400 1184 3471 ab
1210 3400 1366 3491 εἶὸρξ.
1385 3400 1552 3484 ἰἇρὶε
1574 3400 1851 3491 ὲαρρλίέιιε
1881 3400 2007 3485 ραῆ

419 3487 678 3557 pn'rasc'it,
715 3500 771 3541 ut
790 3487 985 3555 species
1016 3489 1219 3551 blattae,
1252 3487 1305 3540 id
1337 3496 1436 3550 est,
1470 3501 1721 3557 purpurae
1747 3487 1928 3557 nigris.

494 3560 604 3631 (69)
625 3559 947 3631 Purpuram
975 3573 1167 3631 nempe
1211 3559 1470 3631 optimam
1497 3556 1681 3631 _:_talis
1704 3556 2005 3631 enimpur-

423 3624 559 3698 pui'a
587 3624 785 3682 ’Μαιιᾶ
834 3638 918 3683 est
952 3628 1080 3698 olim
1104 3624 1392 3698 “appellata
1424 3624 1663 3698 ablatta
1703 3624 2005 3698 vermiculo

421 3695 503 3753 sic
529 3716 561 3752 a
592 3698 843 3761 nocendo,
880 3697 987 3751 ἀπὸ
1016 3699 1109 3750 τοῦ
1143 3695 1420 3766 βλάπτειν,
1452 3695 1629 3753 dicto.
1659 3697 1787 3766 quia
1813 3711 2004 3766 appre-

422 3769 630 3824 hensus
666 3784 887 3823 manum
935 3766 1171 3822 hominis
1219 3768 1398 3837 tingit.
1451 3766 1713 3837 Egnatius
1767 3767 1821 3820 in
1852 3766 2003 3837 illud

423 3837 721 3909 Lampridii
767 3840 822 3893 in
882 3838 998 3892 Vita
1054 3838 1386 3909 Ileliogabali
1419 3852 1451 3909 :7
1492 3836 1795 3909 Paraverat
1841 3836 2004 3906 igitur

421 3906 574 3977 funes
622 3910 793 3963 blatta
831 3918 881 3963 et
931 3909 1097 3963 serico
1146 3906 1222 3962 ρι’
1249 3923 1403 3961 cocco
1437 3908 1661 3960 intortos
1684 3906 1957 3977 ,adnotat
1985 3946 1999 3969 ,

425 3979 648 4032 blattam
695 3994 1021 4049 purpuram_
1042 3992 1166 4049 esse
1212 3994 1295 4033 ex.
1332 3977 1517 4029 Indico
1573 3976 1864 4049 conchylio
1922 3976 2002 4049 fa-

424 4059 601 4115 ctam;
634 4046 729 4105 sed
762 4046 939 4119 ipsum
980 4046 1205 4119 Tyrium
1240 4046 1871 4119 ostrumunomenidein
1901 4046 2002 4101 ob-

428 4119 663 4173 tinuisse
688 4114 924 4174 dubitari
961 4114 1148 4187 nequit
1177 4126 1411 4170 canente
1441 4114 1670 4170 Sidonio
1704 4117 1757 4169 in
1798 4114 2000 4186 Paneg.
2046 4170 2049 4173 γ

424 4186 696 4243 Maiorani
727 4204 779 4243 ν.
820 4189 887 4241 Η
924 4204 938 4240 :

496 4206 515 4240 ι
544 4206 693 4243 oram
727 4206 779 4243 v.
820 4206 887 4241 ss
924 4206 938 4240 :

496 4206 695 4313 Igontus
727 4268 990 4321 castorea,
1032 4255 1255 4309 blattam
1298 4255 1504 4327 Tyrus,
1543 4270 1653 4311 σῖγα
1692 4251 1999 4321 Corinthus,

421 4335 612 4466 etC(70)
647 4396 849 4469 Nempe
879 4396 1205 4469 Exodircap.
1248 4412 1411 4469 .xxiv,
1464 4395 1548 4462 l0,
1587 4393 2002 4469 EpitomeGes-

423 4468 537 4538 neri
585 4470 733 4537 ipsas
776 4466 952 4538 etiam
977 4468 1110 4537 legis
1149 4468 1365 4521 tabulas
1402 4482 1466 4521 ex
1526 4466 1788 4538 sapphiro
1826 4466 1999 4523 fuisse

424 4531 709 4592 insinuans
736 4554 915 4591 veram
945 4531 1225 4607 Epi'pliauii
1254 4531 1607 4600 sententiam;
1629 4531 1685 4590 ut
1711 4538 1837 4590 hinc
1864 4551 1996 4592 con—
2034 4531 2076 4586 D
2106 4537 2262 4599 mari,
2300 4531 2348 4590 et
2382 4538 2574 4590 tinctus
2618 4531 2773 4607 quasi

424 4616 554 4669 stat,
583 4617 896 4677 corruptam
923 4610 1176 4677 exhibet,
1207 4616 1260 4661 et
1292 4609 1365 4660 illi
1397 4608 1595 4673 injuria
1626 4616 1992 4661 cmumeutum

425 4678 650 4741 intexit,
686 4676 831 4747 quod
868 4677 1105 4732 Hebraeis
1144 4676 1389 4748 Lyrauus
1437 4679 1716 4742 attribuit,
1746 4686 1799 4730 et
1845 4678 1996 4731 invc-

422 4748 573 4819 nitur
609 4764 824 4819 quoque
853 4749 993 4815 apud
1020 4750 1113 4802 Sui
1140 4752 1242 4800 lam
1278 4748 1446 4819 verba
1465 4748 1721 4819 Μωῧσῆς.
1740 4749 1997 4819 hbulen-

423 4818 501 4871 sis
533 4817 806 4889 redarguit
846 4818 1094 4873 llenraeos
1112 4820 1272 4873 etiam
1307 4817 1448 4889 quod
1482 4817 1992 4889 dixerintMoysem,

461 4887 712 4955 estquam
742 4889 813 4943 ob
840 4898 1117 4956 peccatum
1153 4890 1334 4958 populi
1361 4887 1575 4943 tabulas
1611 4887 1847 4959 fregerit,
1879 4890 1995 4942 col-

444 4960 621 5023 egisse
647 4960 944 5027 fragmenta
967 5000 980 5016 .
1022 4967 1074 5013 et
1108 4959 1232 5011 hinc
1264 4975 1323 5013 se
1356 4960 1580 5013 ditasse.
1606 4958 1874 5013 Caeterum
1907 4960 1992 5013 hi-

421 5030 671 5088 storiam,
711 5039 873 5097 atque
903 5029 1036 5082 adeo
1082 5028 1315 5081 fabulam
1358 5032 1495 5082 hanc
1532 5046 1638 5083 non
1676 5030 1866 5085 dubito
1906 5045 1997 5082 or-

421 5107 534 5170 tum
564 5099 786 5151 duxisse
817 5114 880 5150 ex
912 5115 975 5151 eo
1031 5100 1173 5167 quod
1205 5098 1344 5170 Deus
1368 5101 1594 5153 daturus
1627 5101 1794 5168 legem
1824 5099 1992 5170 Moysi

421 5168 548 5238 talis
581 5171 908 5237 processerit
951 5168 1406 5236 conspiciendus,
1440 5181 1497 5222 ut
1532 5171 1753 5223 haberet
1786 5170 1879 5223 sub
1902 5168 1994 5238 pc-

418 5236 593 5310 dibus:
642 5239 796 5306 quasi
857 5254 984 5310 opus
1011 5239 1226 5310 _lap_idis
1283 5240 1615 5307 sapphirini,
1682 5249 1740 5293 ut
1800 5236 1994 5310 legitur

422 5305 592 5360 Exodi
654 5305 705 5361 c.
756 5323 906 5370 χειν,
970 5308 1051 5379 ιιι.
1096 5305 1386 5379 Enimvero
1413 5312 1732 5379 sapphirum
1774 5305 1990 5364 tabula-

420 5390 540 5450 rum
564 5395 629 5431 ex
662 5380 978 5450 sapphirum
1005 5377 1093 5450 Dei
1122 5378 1320 5431 throno
1341 5377 1584 5433 excisum
1610 5380 1777 5435 fuisse
1807 5389 1993 5450 aperte

419 5446 1062 5518 dictitarunt’Rahbini,
1125 5459 1177 5501 et
1235 5464 1425 5502 earum
1476 5451 1689 5518 pondus
1745 5446 1993 5505 fecerunt

418 5518 778 5590 quadraginta
810 5528 947 5574 sata.
986 5517 1117 5573 Vide
1149 5526 1305 5573 notas
1332 5517 1569 5589 majores
1599 5520 1781 5575 Drusii
1812 5529 1942 5575 tom.
1973 5520 1990 5573 Ι

420 5586 605 5642 Critic.
636 5586 800 5652 sucu,
828 5600 932 5644 etc.

492 5656 603 5731 (7|)
640 5658 819 5731 Locus
880 5660 1015 5715 mire
1066 5668 1378 5731 corruptus.
1446 5659 1685 5729 Utraque
1743 5659 1992 5731 Epitome

422 5727 585 5805 habet
629 5730 898 5805 jaspidcm
961 5731 1191 5805 inveniri
1235 5727 1376 5801 apud
1424 5727 1755 5805 Ama_tlimta
1790 5727 1986 5805 Cypri.

424 5798 609 5867 itaque
642 5798 734 5853 aut
764 5800 822 5852 τὸ
858 5819 956 5854 non
1003 5798 1299 5855 oscitanter
1345 5811 1425 5860 est
1467 5802 1731 5865 additum,
1764 5798 1863 5855 aut
1884 5798 1986 5857 Eili-

2104 1948 2198 2003 sed
2232 1948 2467 2004 lucidior
2496 1952 2673 2023 magis
2700 1992 2713 2015 ,
2747 1962 2801 2007 et
2831 1953 2996 2007 veluti
3032 1953 3265 2009 similior
3294 1955 3424 2007 vino
3454 1961 3509 2007 et
3548 1967 3688 2009 ame-

2102 2039 2285 2112 thysto
2315 2042 2711 2110 rubicundior;
2758 2060 2866 2100 non
2897 2046 3042 2100 enim
3089 2055 3218 2101 sunt
3244 2045 3408 2101 unius
3440 2044 3682 2112 coloris,

2102 2132 2462 2204 ejusdemque
2498 2136 2792 2205 potentiae,
2839 2137 2936 2192 scd
2986 2137 3091 2191 alia
3120 2137 3338 2208 quidem
3378 2140 3558 2193 rarior
3601 2144 3690 2193 εει

2102 2232 2159 2278 et
2211 2225 2470 2293 albidior,
2500 2242 2664 2298 quam
2714 2244 2809 2283 aer
2845 2228 2978 2283 fumi
3033 2229 3202 2285 nimis
3247 2229 3536 2300 ellulgens,
3584 2242 3689 2284 nec

2104 2314 2283 2385 impar
2313 2317 2442 2372 item
2476 2319 2724 2374 caerulea:
2746 2319 3071 2375 vibrationis
3102 2319 3238 2393 (75),
3260 2319 3425 2375 veluti
3457 2318 3505 2373 si
3545 2325 3687 2374 tem-

2104 2422 2235 2478 pore
2266 2408 2465 2466 hiemis
2494 2411 2562 2466 de
2597 2419 2744 2467 terra
2783 2426 2955 2482 vapor
3010 2419 3105 2467 aut
3136 2411 3336 2467 nebula
3360 2409 3475 2483 [Ἡ]
3499 2416 3690 2466 austro

2103 2496 2392 2552 desinente
2425 2510 2766 2571 consurgat;
2798 2501 2903 2554 alia
2923 2540 2938 2565 ,
2971 2516 3094 2572 qua:
3138 2500 3331 2572 glaciei
3377 2499 3575 2556 similis
3603 2506 3692 2555 est

2103 2586 2173 2643 ab
2205 2586 2312 2653 his,
2340 2589 2434 2660 qui
2468 2588 2717 2647 fabulosa
2746 2591 2981 2663 tingunt,
3018 2591 3323 2664 phantasiis
3343 2591 3547 2648 dicitur
3567 2604 3692 2647 esse

2103 2679 2426 2739 remedium.
2458 2681 2754 2753 Repertum
2787 2691 2874 2740 est
2915 2692 3098 2741 autem
3123 2683 3194 2740 ab
3216 2683 3433 2741 Hiberis
3468 2681 3582 2756 (76)
3636 2692 3691 2739 et

2102 2987 2234 3059 quid
2269 2988 2414 3042 aliud
2459 2998 2763 3060 oscuanter
2790 2998 2875 3047 est
2923 2998 3374 3060 praetermissum.
3406 2988 3687 3047 Fortassis

2106 3058 2405 3132 scripserat
2450 3058 2509 3114 S.
2540 3060 2878 3132 Epiphanius
2924 3058 3245 3132 smaragdos
3279 3060 3513 3115 inveniri
3533 3062 3687 3132 apud

2104 3129 2461 3202 Amathunta,
2494 3129 2601 3184 nati
2641 3129 2759 3202 qua:
2790 3141 2937 3186 trans
2970 3130 3259 3184 Iordanem
3306 3140 3415 3195 est,
3449 3131 3540 3202 sed
3570 3129 3690 3202 quc

2027 3194 2069 3252 C
2103 3209 2180 3253 est
2222 3200 2279 3255 in
2326 3194 2499 3271 Cypro
2531 3218 2549 3255 :
2583 3194 2851 3256 Amathus
2887 3202 3032 3256 enim
3075 3202 3335 3270 oppidum
3386 3194 3684 3271 maximum

2110 3270 2452 3326 omniumeI
2480 3272 2908 3326 inunitissimum
2935 3273 3075 3326 inter
3109 3287 3195 3333 ea,
3223 3285 3344 3340 qua:
3380 3278 3537 3326 trans
3560 3270 3688 3326 Jor-

2107 3340 2301 3411 danem
2323 3350 2499 3411 erant,
2534 3358 2564 3395 a
2596 3341 2835 3411 Josepho
2866 3342 3045 3411 Antiq.
3084 3341 3177 3395 lib.
3216 3356 3333 3404 ιιιιι,
3367 3355 3490 3410 cap.
3525 3341 3612 3403 15.
3634 3348 3687 3395 ct

2109 3409 2187 3464 De
2213 3411 2345 3465 bello
2366 3410 2499 3467 Iud.
2533 3413 2626 3466 lib.
2659 3428 2708 3473 ι,
2731 3409 2855 3481 cap.
2895 3412 2950 3473 8.
2985 3409 3341 3475 memoratur,
3373 3409 3585 3466 necnon
3618 3411 3689 3466 ah

2107 3488 2334 3535 auctore
2367 3482 2441 3536 De
2466 3482 2594 3536 locis
2631 3481 2688 3536 S.
2724 3480 3047 3551 Scriptum,
3074 3492 3182 3536 etc.
3234 3481 3308 3535 De
3352 3480 3690 3538 Amathunte

2107 3561 2287 3624 autem
2315 3554 2448 3608 urbe
2479 3554 2532 3607 in
2563 3553 2743 3624 insula
2783 3552 2966 3624 Cypro
2988 3552 3340 3607 celeberrima
3365 3588 3382 3615 ,
3416 3551 3557 3624 unde
3586 3553 3688 3608 toti

2105 3621 2499 3694 etiam_iusulae
2547 3623 2728 3694 Cypro
2756 3621 3092 3678 Amathusia:
3137 3637 3335 3694 nomen
3376 3630 3462 3694 est
3498 3621 3688 3677 datunt

2110 3700 2243 3745 teste
2275 3692 2467 3754 Plinio,
2494 3691 2639 3748 nihil
2658 3695 2883 3747 interest
2911 3694 3116 3754 dicere,
3148 3700 3202 3747 et
3232 3691 3367 3746 satis
3397 3692 3470 3747 sit
3497 3708 3689 3748 recor-

2105 3760 2261 3825 dari,
2297 3766 2501 3818 metalli
2540 3764 2823 3832 fecundam
2850 3764 2958 3818 dici
3006 3763 3075 3817 ab
3106 3761 3301 3817 Ovidio
3337 3760 3558 3816 Metam.
3590 3764 3686 3819 lib.

2108 3846 2162 3895 ι,
2194 3833 2402 3903 1.7220,
2432 3842 2485 3887 ει
2510 3852 2563 3889 v.
2585 3835 2710 3896 530,
2740 3835 2943 3887 metalli
2967 3832 3261 3903 gravidam.

2179 3902 2291 3970 (Η)
2327 3904 2465 3961 Cod.
2527 3924 2541 3959 :
2609 3905 2698 3959 sed
2760 3899 3009 3957 naturain
3049 3905 3221 3957 littam
3269 3899 3686 3958 Mathusiorunt.

2106 3968 2340 4055 Restitui
2398 3986 2562 4046 prout
2641 3977 2709 4028 ab
2785 3975 3085 4045 interprete
3161 3974 3334 4029 fuisse
3418 3978 3686 4044 scriptum

2104 4056 2316 4097 CCIISIII.

2176 4109 2291 4179 (75)
2322 4112 2684 4184 Hieronymus
2727 4114 2854 4167 hinc
2901 4121 3048 4184 certe
3096 4118 3377 4166 mutuatus
3416 4121 3532 4184 est._
3565 4128 3687 4183 qua:

2106 4183 2268 4236 liabet
2307 4184 2401 4237 lib.
2431 4200 2498 4236 xv
2530 4182 2825 4237 Comment.
2889 4186 2940 4236 in
2981 4182 3144 4236 Isaia:
3172 4198 3293 4250 cap.
3343 4197 3432 4235 Liv
3462 4182 3685 4249 :Jasipi-

2104 4252 2229 4323 dunt
2284 4254 2453 4305 multa
2502 4268 2624 4307 sunt
2647 4270 2872 4323 genera:
2912 4254 3049 4305 alius
3095 4261 3173 4306 est
3226 4253 3365 4305 enim
3408 4254 3683 4322 smaragdi

2104 4322 2298 4377 habens
2325 4322 2741 4378 similitudinem
2782 4325 2869 4392 qui
2902 4324 3158 4391 reperitur
3180 4326 3234 4377 in
3263 4323 3494 4388 fontibus
3522 4323 3683 4378 Ther-

2105 4393 2367 4448 modontis
2444 4394 2717 4464 ﬂuminis,
2766 4406 2816 4449 et
2873 4404 3090 4448 vocatur
3142 4395 3535 4464 grammatias.
3575 4409 3677 4464 quo

2105 4466 2283 4519 omnia
2311 4465 2687 4534 phantasmata
2716 4466 2895 4536 fugari
2925 4475 3237 4536 autumant;
3282 4464 3419 4517 alius
3441 4464 3679 4536 viridior

2764 4535 2788 4591 id
2826 4535 3048 4605 ﬂoribus
3083 4552 3100 4589 :
3133 4536 3275 4606 hunc;
3315 4536 3371 4587 in
3428 4535 3675 4606 Phrygia:

2108 4617 2281 4660 monte
2309 4606 2431 4665 Ida.
2468 4618 2517 4661 et
2554 4609 2605 4661 in
2631 4605 3073 4676 'profmidissimis
3101 4605 3355 4673 specubus
3383 4608 3501 4674 ejus
3529 4605 3679 4659 nasci

2103 4678 2378 4747 referunt;
2418 4679 2587 4731 alium
2617 4695 2732 4732 vero
2790 4678 2954 4746 juxta
2994 4676 3178 4730 Iberos
3216 4677 3595 4746 Ilyrcanosqus
3632 4686 3681 4729 et

2103 4764 2247 4801 mare
2294 4748 2547 4816 Caspium
2599 4749 2845 4816 reperiri,
2893 4758 2940 4802 et
2998 4747 3262 4817 pracipue
3296 4747 3458 4814 juxta
3506 4750 3681 4800 lacum

2104 4817 2339 4872 Nausia.
2373 4820 2469 4872 Est
2492 4828 2542 4873 et
2565 4820 2703 4874 alius
2729 4819 2924 4888 jvspis,
2970 4819 3074 4872 nivi
3111 4827 3160 4871 et
3205 4834 3406 4885 spuma:
3447 4819 3682 4870 marino-

2100 4904 2218 4941 rum
2238 4889 2494 4957 ﬂuctuum
2525 4890 2738 4953 similis,
2765 4900 2812 4942 et
2837 4889 3112 4943 clementer
3138 4888 3475 4957 quasi‘misto
3495 4900 3682 4941 cruore

2099 4958 2448 5030 subrutilans.
2481 4959 2756 5015 Hactenus
2789 4958 2847 5013 S.
2885 4959 3265 5030 Hieronymus.
3297 4957 3678 5013 Monetautem

2105 5026 2407 5101 Vallarsius
2440 5030 2492 5083 in
2525 5026 3108 5101 Ambrosianoicodicé
3149 5045 3255 5083 non
3299 5030 3676 5101 grammatias,

2101 5100 2195 5170 sed
2247 5098 2453 5155 Graecis
2502 5102 2696 5155 litteris
2728 5100 3003 5156 invenisse
3031 5098 3317 5170 scriptum'
3352 5100 3674 5153 ΑΜΑΦΟΥ-

2095 5166 2275 5234 CIUC,
2327 5170 2468 5226 unde
2515 5179 2662 5224 recte
2714 5172 2941 5235 conjicit
2984 5166 3239 5227 fortassis
3263 5186 3451 5225 verum
3481 5171 3677 5240 lapidis

2100 5255 2299 5313 nomen
2326 5242 2530 5313 pluisse
2593 5241 2972 5311 Ἀμαθούσιος,
3025 5242 3295 5313 siquidem
3343 5243 3494 5313 illum
3548 5241 3678 5310 περὶ

2111 5311 2474 5391 λΑμςξθοῦςιτα,
2509 5327 2630 5381 qua:
2672 5314 2725 5367 in
2758 5313 2937 5384 Cypro
2984 5311 3106 5377 est,
3146 5312 3379 5367 inveniri
3428 5312 3678 5366 docuerit

2100 5378 2458 5450 Epiphanius.

2169 5451 2283 5525 (74)
2315 5454 2558 5525 lipitome
2585 5451 2833 5515 Gesneri,
2871 5452 3163 5525 βαθυτέρα.

2170 5524 2283 5591 (75)
2318 5522 2464 5577 Fort.
2500 5529 2731 5579 caerulea
2763 5522 3075 5579 t'ibr’atione.

2170 5588 2283 5664 (76)
2322 5593 2527 5648 Horum
2572 5597 2896 5666 pepulerunt
2939 5596 3215 5666 regionem
3246 5590 3478 5666 lberiam
3508 5588 3673 5645 anm

2098 5660 2421 5720 Eustathius
2477 5660 2659 5728 vocat,
2692 5673 2746 5719 et
2792 5660 3090 5718 Asiaticum
3136 5664 3301 5717 etiam
3350 5660 3562 5727 dicunt,
3619 5671 3674 5717 ut

2097 5734 2469 5805 distinguatur
2505 5737 2573 5791 ab
2610 5736 2782 5791 lbet-ia
2819 5734 3100 5805 Europzca.
3148 5747 3343 5800 nempe
3383 5731 3672 5805 Hispania.

2100 5804 2253 5862 Nunc
2273 5802 2387 5862 'sub
2414 5804 2853 5874 Georgianorum
2879 5803 3097 5856 nomine
3123 5817 3217 5857 eos
3246 5802 3545 5858 noscimus.
