4034 6216
365 358 509 419 337'

1713 365 1963 422 VERSIU
1999 366 2325 436 ANTIQUA.

3535 376 3642 435 338

369 476 451 538 sis
500 477 741 533 arbitror
782 478 928 533 hunc
956 492 1081 535 esse
1112 478 1387 551 ligyrium,
1425 481 1683 553 quoniam
1729 479 1948 555 quidem
1989 486 2036 543 Α
2065 484 2167 540 bus
2203 489 2480 557 pretiosis,
2510 497 2564 545 et
2602 488 2765 561 247
2796 488 2911 562 [29]
2947 489 3356 553 nonnullorum,
3382 490 3475 559 qui
3502 493 3637 546 mul—

368 568 571 625 divinaa
607 566 909 638 Scriptura:
935 570 1200 624 nonnulla
1237 572 1459 626 nomina
1497 572 1657 627 aliter
1695 572 1955 627 immuta-

370 668 524 727 runt,
576 662 722 716 sicut
756 663 1103 733 smaragdum
1147 662 1340 720 dixere
1373 665 1678 736 prasinum,
1721 666 1958 737 aliisque

371 751 693 808 nominibus
748 751 854 806 alia
895 760 1254 809 vocaverunt.
1308 752 1371 808 Et
1408 754 1658 826 liggurus
1707 756 1953 827 quidem,

368 846 457 903 vel
486 845 656 903 etiam
679 845 945 917 laggurus
974 844 1117 918 (85),
1154 847 1200 902 si
1230 847 1347 917 ipse
1371 848 1444 903 sit
1475 848 1796 921 liggyrium,
1826 865 1957 905 rur-

370 953 469 995 sus
521 954 589 994 ex
639 953 750 1008 quo
795 939 867 994 sit
916 938 1060 1005 loco,
1110 940 1357 995 nescitur
1404 956 1434 996 a
1470 943 1651 999 nobis.
1690 943 1955 999 Arbitrati

370 1039 502 1088 sunt
531 1038 714 1087 autem
749 1046 875 1086 eum
913 1031 981 1087 de
1020 1033 1310 1102 superiore
1338 1047 1465 1089 esse
1503 1033 1803 1104 Thebaida,
1829 1052 1956 1107 pro-

368 1131 495 1196 pter
521 1122 670 1194 quod
696 1123 966 1177 allii-ment
1006 1123 1229 1193 aliquos
1271 1124 1502 1195 lapides,
1529 1142 1594 1181 ex
1629 1126 1809 1198 lapide
1850 1127 1955 1183 hoc

367 1216 427 1270 in
474 1214 587 1270 atde
634 1212 871 1284 Asclepii
905 1211 1045 1284 (86),
1073 1213 1190 1286 [28]
1240 1230 1363 1286 qua;
1401 1216 1484 1271 sic
1534 1218 1859 1289 appellatur,
1897 1219 1951 1274 in

368 1306 607 1378 Memphi
660 1304 915 1378 Egyptia
966 1308 1194 1378 reperiri
1228 1326 1243 1363 :
1275 1310 1330 1364 in
1371 1310 1572 1381 quibus
1612 1320 1740 1367 sunt
1786 1312 1950 1367 veluti

368 1408 513 1454 notae
565 1398 982 1454 intermicantes
1032 1414 1139 1455 non
1174 1402 1318 1458 sicut
1366 1403 1420 1457 in
1464 1403 1649 1473 ophite
1679 1402 1814 1475 (87),
1856 1405 1951 1460 sed

366 1490 633 1547 habentes
686 1496 891 1559 puncta
947 1489 1103 1560 juxta
1154 1493 1397 1548 cerinum
1444 1494 1556 1564 (88)
1584 1495 1815 1565 lapidem
1871 1494 1951 1551 sic

364 1590 646 1637 vocatum.
682 1579 890 1637 Puncta
937 1589 1066 1636 sunt
1098 1583 1389 1639 viridantia
1440 1586 1536 1649 ita,
1570 1596 1627 1641 ut
1675 1587 1946 1657 intelliga-

366 1690 493 1730 mus
520 1675 577 1730 in
607 1673 887 1745 profundo
921 1675 1120 1746 lapidis
1153 1676 1319 1746 hujus
1343 1692 1535 1732 venam
1567 1693 1691 1733 esse
1715 1678 1949 1733 lectissi-

363 1778 533 1821 mam.
590 1763 697 1821 Sed
744 1773 797 1821 et
855 1765 1033 1822 adhuc
1092 1766 1328 1822 lucidius
1374 1776 1431 1822 et
1480 1770 1785 1838 speciosius
1835 1769 1948 1823 haec

2063 584 2176 632 tum
2226 590 2384 635 erant
2418 582 2529 636 noti
2567 582 2971 652 maniiestique,
3012 596 3470 645 commemorans,
3520 572 3669 635 car?

2059 668 2286 724 bunculi
2330 670 2478 736 dico,
2528 679 2583 726 et
2632 671 2926 743 smaragdi,
2969 670 3283 741 amethysti,
3339 681 3393 726 et
3438 671 3639 737 achati,

2059 761 2275 833 berylli,
2311 768 2366 816 et
2395 762 2737 833 chrysolithi.
2774 764 2829 817 in
2862 763 3058 817 horum
3090 762 3527 818 dinumeratione
3558 764 3640 817 la-

2060 852 2248 923 pidum
2278 868 2389 908 non
2421 852 2731 907 meminerit
2760 853 3062 925 hyacinthi,
3098 868 3225 907 cum
3257 854 3327 910 sit
3356 855 3492 925 lapis
3537 854 3640 910 iste

2058 944 2425 1008 clarissimus,
2458 944 2708 1014 adeoque
2728 946 3031 1015 pretiosus,
3063 954 3232 1015 atque
3260 945 3547 1008 mirabilis,
3581 954 3639 1000 ut

2058 1036 2587 1100 animadvertamus,
2625 1050 2695 1090 ne
2725 1035 2979 1106 ligyrium
3013 1034 3245 1090 forsitan
3280 1034 3426 1091 hunc
3452 1035 3638 1090 divina

2062 1123 2350 1196 Scriptura
2383 1126 2730 1197 cognominet
2761 1125 2897 1195 (90).
2936 1124 3273 1197 Hyacinthus
3304 1132 3485 1181 autem
3523 1140 3639 1196 spe-

2055 1216 2171 1273 cies
2217 1217 2382 1273 habet
2428 1216 2695 1284 diversas,
2746 1225 2954 1288 quanto
3004 1219 3150 1271 enim
3195 1216 3319 1286 quis
3361 1217 3638 1271 invenitur

2057 1310 2246 1365 colore
2284 1308 2631 1379 profundior,
2665 1316 2819 1363 tanto
2847 1317 2933 1363 est
2964 1308 3088 1363 aliis
3124 1308 3470 1363 necessarior
3497 1308 3632 1379 (9i).

2056 1400 2369 1472 Hyacintho
2413 1415 2565 1464 vero,
2599 1402 2680 1455 vel
2720 1399 2955 1455 callaino
3002 1414 3311 1470 purpureus
3351 1400 3503 1454 color
3549 1408 3635 1455 est

2056 1493 2341 1563 aliquanto
2369 1492 2675 1548 consimilis
2695 1492 2832 1562 (99).
2861 1491 3016 1547 Unde
3042 1492 3225 1547 divina
3250 1507 3469 1561 quoque
3486 1489 3636 1546 Scri-

2055 1592 2216 1654 ptura
2252 1599 2317 1639 ex
2377 1585 2683 1655 hyacintho
2713 1599 3062 1654 purpuraque
3104 1585 3439 1655 pontilicalia
3467 1584 3633 1639 vesti-

2055 1686 2239 1732 menta
2287 1677 2422 1733 dicit
2473 1678 2682 1732 ornari.
2744 1677 2811 1731 Et
2859 1680 3170 1748 praecipuus
3223 1677 3442 1747 quidem
3497 1676 3635 1747 lapis

2056 1767 2386 1838 hyacinthus
2435 1767 2748 1823 thalassitcs
2797 1767 3121 1837 appellatur,
3177 1783 3244 1821 eo
3291 1767 3435 1837 quod
3485 1776 3636 1822 tran-

364 1865 520 1925 petra
579 1855 797 1912 videtur
868 1857 1174 1928 sumpsisse
1227 1873 1554 1929 cognomen.
1609 1861 1950 1930 Explanatur
1982 1839 2025 1896 Β
2052 1856 2208 1926 quilli
2243 1856 2415 1911 maris
2443 1856 2869 1911 similitudinem
2895 1856 3115 1911 referat.
3149 1856 3246 1911 Est
3274 1864 3327 1910 et
3352 1857 3512 1920 alios,
3541 1857 3634 1926 qui

364 1946 510 2003 enim
562 1945 810 2019 liggurus
863 1962 893 2001 a
943 1949 1179 2019 quodam
1226 1951 1476 2015 animali,
1527 1952 1672 2020 quod
1724 1952 1946 2023 liggium

363 2036 705 2101 nominatur,
743 2037 951 2093 habens
985 2038 1243 2093 colorem
1270 2040 1404 2108 pulli
1436 2039 1622 2095 bubali
1659 2043 1743 2097 vel
1775 2043 1946 2096 bucu-

362 2129 432 2186 la:
475 2129 630 2194 rufae,
658 2130 819 2200 cujus
853 2130 1027 2184 cauda
1057 2130 1274 2185 modica
1310 2138 1415 2198 est,
1466 2140 1518 2188 et
1553 2133 1715 2189 habet
1744 2144 1947 2204 puncta

364 2222 616 2293 quaedam
652 2222 972 2287 viridantia,
1025 2230 1249 2293 propter
1281 2223 1427 2294 quod
1471 2233 1526 2280 et
1560 2226 1699 2295 lapis
1736 2228 1946 2297 ligurus

363 2314 509 2370 idem
544 2314 694 2386 liggii
728 2314 905 2368 cauda
932 2314 1208 2369 vocitatur
1235 2314 1372 2383 (89).
1407 2315 1518 2386 Ego
1558 2326 1739 2372 autem
1786 2320 1947 2375 vehe-

364 2414 582 2463 menter
631 2407 891 2470 admiror,
939 2421 1041 2461 cur
1075 2404 1362 2475 Scriptura
1410 2406 1593 2460 divina
1638 2423 1840 2463 curans
1879 2412 1945 2465 ad

361 2507 642 2565 ornatum,
672 2498 1039 2567 decoremque
1068 2496 1500 2568 pulchritudinis
1530 2500 1794 2569 regalium
1825 2517 1943 2556 ser-

360 2599 547 2648 torum
583 2599 638 2647 et
667 2590 1122 2647 vestimentorum
1165 2584 1559 2660 pontiﬁcalium
1616 2592 1690 2645 uti
1755 2592 1946 2664 lapidi-

360 2793 528 2866 etiam
561 2789 720 2866 Plinii
762 2790 858 2845 lib.
911 2807 1121 2866 XX‘(\'-1_l,
1175 2806 1295 2866 cap.
1330 2791 1384 2845 2.
1422 2791 1620 2866 Yerum
1674 2794 1942 2866 vulgatius

359 2875 414 2937 et
446 2862 787 2937 frequentius
822 2875 1021 2937 nomen
1072 2862 1386 2937 lyncurium
1428 2861 1562 2937 fuit,
1605 2872 1705 2937 aut
1750 2861 1943 2937 lyngu-

361 2932 604 2996 rium,’et
652 2932 881 3002 quidem
914 2932 988 2985 ita
1022 2932 1313 3002 vulgatius,
1355 2941 1416 2987 ut
1462 2934 1690 2990 alterius
1724 2932 1793 2991 ab
1834 2932 1944 2993 uno

358 3003 540 3077 Plinio
567 3000 830 3058 certiores
863 3000 1425 3077 factiufu‘erimustcui
1452 3019 1599 3059 nunc
1626 3007 1787 3060 etiam
1817 3006 1945 3077 Epi-

361 3075 598 3146 phanius
630 3082 782 3146 certe
807 3082 899 3146 est
926 3073 1287 3146 adjiciendus.
1321 3071 1508 3143 Neque
1530 3090 1660 3129 vero
1693 3071 1942 3145 praeteri—

358 3141 422 3200 re
443 3145 598 3217 decet
624 3145 765 3213 apud
798 3141 1019 3217 Graecos
1049 3143 1249 3217 saepius
1271 3141 1562 3217 occurrere
1589 3141 1787 3201 nomen
1810 3147 1937 3217 λυγ-

362 3214 584 3286 γούριον
611 3212 773 3286 quam
800 3212 1142 3286 luyxodpmv.
1165 3213 1299 3286 Illud
1322 3213 1462 3285 apud
1489 3212 1935 3285 Theophrastum

359 3294 417 3354 et
450 3284 821 3342 Dioscoridem
873 3284 1000 3354 legit
1029 3284 1373 3354 Salmasius,
1428 3293 1481 3338 et
1532 3284 1734 3341 habent
1771 3289 1935 3343 etiam

360 3352 582 3418 Strabo,
624 3352 985 3420 etc.,necnon
1023 3353 1347 3409 Plutarchus
1403 3357 1455 3408 in
1493 3354 1528 3409 Ι.
1587 3355 1662 3410 De
1711 3359 1933 3413 animal.

359 3426 581 3498 solertia
620 3431 662 3477 t.
698 3423 763 3486 ll,
794 3438 862 3498 p.
882 3423 1007 3498 952,
1055 3424 1143 3498 ed.
1186 3423 1359 3498 Paris.
1390 3425 1530 3479 16%
1562 3444 1576 3481 :
1609 3436 1660 3482 et
1711 3429 1936 3498 quidem

361 3496 624 3569 Solinus,
672 3509 795 3569 cap.
836 3494 908 3557 2,
939 3496 1071 3569 illud
1130 3496 1307 3569 solum
1362 3506 1627 3569 memorat
1676 3494 1935 3569 tanquam

360 3566 567 3640 graecis
604 3563 873 3640 familiare
911 3585 923 3620 :
962 3563 1144 3640 erce
1177 3567 1477 3640 lyngurium
1502 3566 1717 3640 dicitur.
1749 3563 1938 3640 Itaque

360 3634 700 3710 Epiphanius
732 3650 950 3710 quoque
987 3637 1060 3690 ita
1111 3634 1408 3710 scripserat
1441 3656 1452 3691 :
1485 3638 1630 3710 unde
1665 3634 1938 3710 interpres

358 3705 509 3776 quod
546 3706 635 3777 alii
672 3705 975 3777 lyngurium
1002 3705 1302 3761 secundum
1336 3708 1730 3776 pronuntiandi
1763 3705 1934 3766 ratio-

359 3792 485 3830 nem
519 3776 1126 3848 scripsisSent,scripsit
1167 3778 1485 3847 lyggurium,
1522 3778 1793 3849 lyggurus,
1823 3782 1937 3850 lag-

357 3863 546 3918 gurus,
585 3854 714 3918 etc.,
752 3855 1045 3917 utrumque
1078 3863 1149 3915 γγ
1182 3850 1445 3902 retinens.
1499 3849 1591 3903 Sic
1622 3849 1938 3907 Priscianus

358 3913 596 3973 iestatur
632 3913 911 3991 fiomanos
958 3913 1099 3991 oliui
1130 3913 1327 3991 vocem
1364 3918 1603 3991 ﬁyyeho;
1643 3920 1939 3991 scripsisse

359 3991 604 4058 aggetos.
634 3986 807 4043 Varro
843 3997 1020 4042 autem
1056 3988 1128 4041 De
1154 3986 1475 4057 linguaLat.
1499 3990 1592 4044 lib.
1622 4007 1658 4052 ι,
1684 3999 1737 4045 et
1759 3986 1938 4045 Victo~

358 4057 519 4129 rjnus
580 4057 652 4111 De
687 4059 1079 4129 orthographia,
1124 4067 1254 4123 etc.,
1295 4068 1544 4113 auctores
1599 4062 1756 4116 nobis
1812 4070 1940 4116 sunt

358 4128 672 4184 GI-aacorum
728 4128 880 4184 more
906 4130 1111 4183 Attium
1170 4136 1385 4197 pertam
1426 4130 1668 4185 scribere
1712 4148 1942 4186 consue-

356 4199 505 4255 visse
534 4215 772 4269 agguem,
814 4199 1081 4269 aggulum,
1123 4207 1230 4252 etc.

435 4270 548 4341 (85)
567 4268 849 4342 iiosephus
882 4268 1132 4342 .4n_t._lib.
1166 4284 1247 4333 ιιι,
1279 4282 1400 4342 cap.
1429 4268 1483 4333 8,
1507 4269 1671 4323 habet
1693 4269 1934 4342 λίγυρος.

357 4338 615 4410 Nunquid
674 4339 918 4412 λίγυρος,
962 4338 1281 4409 λύγγουρος,
1335 4339 1657 4412 λάγγθψρος,
1705 4338 1939 4410 Myrtou-

362 4428 475 4482 ρος,
506 4422 636 4474 ctc.,
663 4410 1005 4482 substantiva
1044 4418 1171 4463 sunt
1210 4412 1480 4482 nomina;
1518 4410 1758 4482 ltyﬁpto;
1810 4427 1940 4466 vero

358 4478 1177 4574 adjectivkumrs‘ubauditanvoce
1209 4478 1377 4574 1:005,
1403 4478 1663 4574 llapiso;et
1696 4481 1934 4551 λυγγού-
1968 4519 2012 4574 D

359 4550 475 4623 ρων
502 4551 797 4623 subaudita
830 4566 964 4606 voce
997 4550 1577 4623 ῇλεκτρονβιεᾳιηιηιε)

429 4620 954 4695 (86)]Εςρυιθβιιιε,
996 4620 1183 4676 Graece
1240 4620 1575 4695 ξΛσξςλητςιός
1609 4632 1725 4695 est.
1747 4620 1933 4695 Itaque

355 4690 645 4763 Aselepius
681 4693 735 4748 in
757 4690 942 4748 multis
977 4707 1194 4762 quoque
1240 4690 1447 4763 Latinis
1478 4690 1932 4763 inscriptionibus

358 4762 501 4833 apud
525 4762 818 4833 Gruterum
850 4764 1050 4833 dit-itur
1074 4780 1103 4833 7:
1150 4763 1282 4832 quin
1312 4762 1473 4816 etiam
1505 4762 1805 4833 Martianus
1830 4763 1933 4817 Ca-

358 4832 603 4904 pellaADe
630 4836 846 4904 nuptiis,
878 4841 1008 4899 etc.,
1032 4832 1126 4887 lib.
1154 4849 1211 4898 ιι,
1244 4833 1420 4902 inquit
1451 4851 1464 4887 :
1501 4832 1726 4889 Ascribit
1750 4832 1932 4887 Ascle-

355 4899 444 4974 pio
486 4899 1061 4974 Grecia'medicinam.

430 4974 543 5046 (8'7)
582 4974 818 5029 Marmor
873 4973 1086 5046 ophites
1144 4974 1244 5028 hoc
1290 4990 1487 5046 nomen
1533 4972 1728 5039 habet,
1774 4974 1931 5046 quod

356 5044 673 5101 serpentum
705 5046 881 5100 instar
913 5044 1078 5099 variis
1119 5045 1350 5098 maculis
1388 5045 1706 5100 distinctum
1738 5045 1809 5099 sit
1858 5044 1932 5099 De

356 5129 422 5171 eo
447 5114 658 5171 Plinius
691 5114 786 5169 lib.
824 5131 1009 5176 xxxvi,
1036 5130 1155 5183 cap.
1191 5115 1240 5168 7.

427 5186 544 5257 (88)
584 5185 748 5255 Lapis
774 5184 891 5257 hic,
924 5185 1224 5257 utppinor,
1260 5185 1349 5239 ille
1387 5194 1490 5245 est,
1537 5200 1697 5255 quem
1729 5185 1819 5239 alii
1847 5201 1930 5239 ce-

355 5252 508 5313 ritem
530 5252 750 5312 vocant.
773 5252 910 5310 Vide
933 5252 1166 5309 Plin—ium
1194 5256 1288 5310 lib.
1318 5271 1527 5320 xxxv",
1554 5252 1677 5325 cap.
1707 5257 1793 5315 10,
1823 5264 1927 5309 etc.

428 5330 543 5400 (89)
576 5326 709 5400 Quae
738 5326 825 5380 hic
863 5328 931 5381 de
965 5326 1214 5400 lyngurio
1252 5335 1519 5400 memorat
1571 5326 1931 5400 Epiphanius,

355 5396 817 5469 nunc'primum,
882 5397 1028 5469 quod
1087 5396 1277 5469 sciam,
1333 5396 1705 5469 innotescunt.
1764 5397 1932 5451 Porro

355 5467 574 5525 animali
608 5467 761 5535 illud,
799 5468 943 5538 quod
984 5467 1204 5537 liggium
1249 5477 1427 5531 vocat,
1462 5475 1609 5523 certe
1644 5468 1771 5538 lynx
1804 5482 1927 5523 esse.

353 5541 592 5603 videtur,
623 5556 655 5595 a
690 5555 798 5609 qua
824 5548 878 5595 et
900 5539 991 5592 alii
1020 5552 1217 5609 nomen
1266 5538 1536 5608 lyncurio,
1587 5553 1683 5591 seu
1724 5538 1931 5608 lyngu—

355 5612 441 5667 rio
471 5610 675 5666 factum
703 5611 981 5677 dixerunt,
1008 5608 1254 5663 fabulosa
1282 5617 1463 5678 tamen
1496 5609 1733 5678 ratione,
1784 5609 1930 5678 quod

355 5682 623 5752 nimirum
649 5696 716 5736 ex
752 5682 923 5752 lyncis
952 5676 1128 5752 urina_
1144 5680 1254 5734 ﬁat.
1280 5677 1426 5752 iVide
1472 5676 1750 5752 [Elianum
1784 5676 1927 5736 Πίδι.

354 5751 580 5808 animal.
604 5752 697 5806 lib.
724 5749 798 5814 ιγ’,
824 5766 943 5821 cap.
973 5752 1064 5816 l7;
1087 5749 1526 5818 Theophrastum
1567 5750 1618 5803 in
1670 5751 1760 5804 lib.
1788 5753 1927 5817 Περὶ

358 5822 575 5889 ﬂatur;
614 5821 846 5877 Plinium
886 5825 978 5876 lib.
1028 5840 1143 5885 rm,
1188 5839 1306 5893 cap.
1353 5822 1440 5889 58,
1489 5831 1540 5877 et
1589 5822 1681 5877 lib.
1724 5839 1928 5893 xxxvii,

2055 1945 2594 2000 vocatur‘rhodiaeus
2618 1945 2733 2016 (95)
2768 1966 2781 1999 :
2809 1946 2949 2002 alius
2980 1945 3385 2017 oppalius(94)'.
3419 1945 3635 2001 Rursus

2058 2040 2201 2093 alius
2256 2038 2580 2108 perileutius
2608 2039 2743 2108 (95).
2786 2037 3149 2093 Inveniuntur
3191 2045 3373 2093 autem
3424 2039 3635 2109 lapides

2054 2131 2143 2187 isti
2198 2129 2314 2203 [50]
2380 2132 2435 2186 in
2490 2130 2754 2185 interiore
2800 2130 3055 2186 barbarie
3106 2131 3218 2199 (96)
3276 2130 3630 2204 Scytharum.

2054 2221 2335 2293 Scythiam
2382 2237 2513 2277 vero
2547 2222 2695 2277 soliti
2743 2231 2874 2277 sunt
2922 2230 3133 2278 veteres
3180 2223 3455 2294 appellare
3500 2238 3635 2279 cun-

2051 2319 2195 2366 ctam
2248 2312 2729 2382 septentrionalem
2778 2312 3013 2383 plagam,
3064 2312 3157 2366 ubi
3209 2323 3339 2367 sunt
3381 2313 3543 2368 Gothi
3581 2322 3635 2369 et

2050 2404 2226 2458 Dauni
2268 2405 2402 2475 (97),
2456 2403 2629 2459 Venni
2659 2404 2771 2477 (98)
2803 2402 3020 2476 quoque
3063 2413 3117 2461 et
3157 2405 3272 2459 Arii
3307 2404 3421 2477 (99)
3458 2422 3634 2478 usque

2054 2495 2453 2551 Germanorum
2503 2496 3017 2567 Amazonarumque
3066 2498 3344 2568 regionem
3373 2498 3473 2569 (l).
3519 2497 3635 2554 Illic

2052 2586 2222 2657 igitur
2269 2588 2501 2641 interius
2557 2588 2610 2640 in
2664 2586 2880 2643 deserto
2934 2588 3098 2659 hujus
3142 2603 3351 2661 magnae
3400 2587 3633 2661 Scythia!

2054 2806 2175 2862 cap.
2211 2792 2284 2857 2;
2326 2790 2576 2845 Solinum
2607 2805 2727 2860 cap.
2764 2790 2819 2857 2,
2852 2798 2905 2846 et
2944 2791 3121 2861 ipsum
3172 2788 3523 2862 Plutarchum
3557 2787 3633 2841 De

2051 2860 2218 2917 anim.
2275 2862 2515 2924 solertia,
2578 2868 2710 2922 etc.,
2774 2868 2833 2914 ut
2893 2862 3030 2915 alios
3080 2867 3310 2913 taceam.
3362 2860 3630 2914 Cmterum

2052 2932 2332 2994 animalia,
2369 2947 2490 3001 quae
2523 2931 2645 2985 aliis
2676 2931 2874 3000 λύγκες
2908 2938 3057 3001 sunt,
3086 2929 3317 2984 docente
3362 2928 3631 3001 Salnmsio

2052 3019 2175 3073 pag.
2209 3002 2302 3066 62,
2332 2996 2712 3073 Artemidorus
2740 2996 2900 3073 vocat
2945 3000 3198 3073 λύγγορς,
3238 3008 3292 3073 et
3324 2998 3467 3069 apud
3498 2996 3628 3052 Plu-

2049 3069 2299 3126 iar'chum
2332 3071 2554 3126 laudato
2592 3071 2713 3125 loco
2738 3071 2944 3139 λύγγας
2972 3071 3078 3124 dici
3108 3069 3346 3124 invenio.

2120 3143 2233 3213 (90)
2264 3142 2509 3213 HincS.
2543 3135 2908 3211 Hieronymus
2943 3139 3279 3213 in_Epistoia
3322 3137 3390 3192 ad
3425 3135 3627 3213 Fabio-

2120 3144 2210 3213 (90
2264 3144 2408 3197 Hinc
2452 3144 2509 3195 S.
2543 3144 2908 3211 Hieronymus
2943 3144 2996 3194 in
3036 3144 3279 3209 Epistola
3322 3144 3390 3192 ad
3425 3144 3627 3193 Fabio-

1964 3182 2010 3245 ο
2044 3216 2173 3290 lam,
2206 3144 2370 3290 in;
2402 3212 2650 3290 Satisque
2678 3213 2844 3265 miror
2873 3227 2969 3264 cur
3002 3209 3316 3290 hyacinthus
3356 3209 3627 3290 pretiosis-

2041 3278 2381 3354 simus'lapis
2412 3285 2469 3337 in
2490 3278 2678 3354 horum
2707 3298 2924 3354 numero
2950 3278 3054 3354 non
3083 3288 3329 3349 ponatur,
3358 3279 3461 3333 nisi
3489 3278 3625 3354 forte

2016 3354 2152 3425 ipse
2182 3368 2258 3410 est
2298 3349 2407 3409 alio
2443 3353 2651 3407 nomine
2697 3351 2943 3423 ligurius.
2987 3349 3245 3425 Scrutans
3288 3366 3410 3425 eos_,
3444 3349 3534 3425 qui
3564 3351 3630 3403 de

2042 3418 2282 3496 lapidum
2318 3435 2475 3495 atque
2520 3418 2848 3492 gemmarum
2897 3421 3154 3490 scripsere
3208 3418 3461 3487 naturis,
3492 3418 3628 3488 ligu-

2042 3499 2184 3552 rium
2220 3497 2451 3550 invenire
2478 3511 2582 3548 non
2618 3496 2787 3563 potui.

2110 3568 2226 3638 (9i)
2264 3565 2514 3637 Epitome
2560 3562 2791 3620 Gesneri
2850 3562 3322 3634 ἀναγκαιότερος,
3363 3568 3615 3631 prazstan-

2042 3639 2164 3693 tior.

2113 3708 2226 3778 (92)
2261 3708 2369 3761 Aut
2425 3704 2783 3778 hyacinthum
2807 3775 2817 3778 _
2843 3718 2967 3778 cum
3020 3702 3255 3778 callaino
3282 3699 3624 3778 _conl_'undit,

2042 3772 2136 3833 aut
2161 3778 2278 3832 vult
2322 3772 2482 3832 illuni
2510 3777 2751 3831 colorem
2805 3775 3009 3829 habere
3060 3773 3207 3828 haud
3246 3772 3557 3829 absimilem
3596 3787 3624 3822 a

2041 3849 2299 3915 callaino,
2328 3857 2382 3903 et
2417 3848 2499 3903 sic
2526 3846 2743 3902 videtur
2768 3859 2970 3900 vocare
2993 3858 3263 3913 gemmam
3297 3842 3466 3915 illam,
3501 3856 3625 3912 qua:

2042 3918 2236 3973 callais
2266 3913 2468 3974 dicitur
2495 3932 2525 3971 a
2558 3915 2739 3971 Plinio
2772 3916 2869 3969 lib.
2904 3929 3118 3984 xxxvii,
3149 3929 3271 3984 cap.
3295 3913 3349 3967 8.

2114 3989 2226 4072 (9⁵)
2268 3988 2410 4072 Evit-
2447 3986 2672 4072 Generi
2698 4024 2743 4072 2,
2773 3984 2999 4072 ρρδέγάςτ
3051 3982 3624 4072 acerrumis}???

2043 4054 2149 4113 tem
2204 4054 2479 4115 invenisse
2534 4054 3032 4125 νίᾱθιιιιπροδόεις·
3081 4061 3376 4123 utrumque
3421 4066 3619 4108 nomen

2046 4138 2203 4184 sonat
2235 4145 2439 4183 τοδειιδ.

2117 4198 2229 4267 (94)
2267 4197 2325 4251 In
2357 4198 2605 4269 Epitome
2628 4193 2855 4269 Gesneri
2890 4193 2995 4269 hoc
3022 4193 3145 4247 loco
3175 4191 3323 4269 nulla
3344 4198 3624 4269 est-men:

2047 4270 2122 4321 tio
2158 4261 2357 4340 oppalii
2381 4261 2520 4340 [sed
2562 4274 2759 4340 quarto
2792 4266 2911 4318 loco
2961 4264 3103 4340 inter
3133 4261 3623 4340 varias‘byaeinthi

2047 4332 2257 4407 species
2290 4340 2443 4409 ponit
2468 4332 2837 4409 hyacinthum
2857 4336 3129 4409 χαννιᾳῖον
3153 4333 3263 4388 sic:
3305 4332 3624 4409 ἑξέταρτος

2045 4401 2351 4480 χὶιννιαῖοξῤ
2387 4408 2482 4465 sed
2499 4401 2783 4480 :videndus
2807 4401 3129 4480 Salmasius,
3171 4419 3292 4480 pag.
3318 4401 3444 4480 '(79.

2119 4481 2233 4551 (95)
2291 4478 2435 4550 Epit.
2484 4477 2712 4534 Gesneri
2772 4473 3619 4549 napalsdxtog.‘Restituenduni

2042 4551 2384 4623 περίλευκοςο

2261 4622 2397 4699 Vide
2438 4635 2601 4699 SupI‘I)
2632 4634 2757 4699 Ρθὲο

2286 4686 2534 4773 Epitome
2566 4686 2841 4773 Anastasii
2901 4689 2950 4740 οἱ
3003 4686 3188 4773 Γᾴτθοι
3230 4691 3323 4773 κα).
3373 4691 3617 4773 ᾼΑαύνὲτς,

2043 4759 2291 4818 et'alios
2333 4759 2450 4817 _hie
2507 4766 2838 4829 memoratos
2898 4760 3130 4829 populos
3184 4763 3442 4828 praeterit.
3500 4759 3618 4816 Non

2043 4833 2243 4897 Dauni,
2272 4834 2365 4889 sed
2410 4832 2592 4896 Dab-.e,
2628 4836 2721 4900 aut
2756 4828 2910 4884 Dasae
2943 4828 3225 4900 legendum
3267 4830 3516 4897 videtur,
3567 4843 3622 4888 et

2044 4903 2099 4957 in
2132 4901 2321 4958 Graeco
2349 4899 2748 4958 restituendum
2783 4900 2937 4963 Δάαι,
2970 4907 3064 4953 aut
3098 4899 3285 4956 Δάσαι.

2114 4973 2226 5043 (98)
2256 4972 2466 5027 Plinius
2498 4971 2591 5043 lib.
2616 4986 2677 5043 _lV
2698 5009 2712 5035 ,
2745 4984 2795 5023 c.
2834 4970 2898 5022 12
2918 5013 2930 5033 ,
2959 4970 3010 5023 in
3051 4968 3329 5043 Sarmatis
3356 4970 3619 5043 Europaea

2046 5038 2396 5098 Va'nn'i‘anum
2450 5039 2724 5111 quoddam
2781 5055 3033 5111 regnum
3069 5038 3241 5111 ponit.
3290 5041 3426 5097 Vide
3455 5038 3617 5098 etiam

2046 5112 2297 5169 Tacitum
2330 5109 2527 5168 Annal.
2558 5112 2653 5166 lib.
2689 5127 2786 5164 xu.
2820 5109 2960 5176 Quid
2992 5109 3036 5180 si
3069 5109 3190 5180 quis
3242 5112 3430 5167 Iluuni
3457 5114 3619 5169 resti-

2045 5185 2260 5240 tueret?
2291 5184 2551 5254 Agatbias
2578 5180 2805 5254 Hunnos
2834 5182 2981 5254 circa
3020 5179 3321 5254 blaeotidem
3367 5185 3616 5239 collocat.

2116 5255 2230 5327 (99)
2284 5251 2786 5327 Fortassis,:Abi_i,
2829 5251 3196 5327 sc_ilicet_hos
3248 5256 3480 5327 populos
3534 5270 3620 5311 se-

2043 5321 2442 5396 ptentrionales
2483 5321 2667 5397 partes
2711 5321 2948 5395 Scythia:
2987 5321 3266 5381 habitasse
3298 5321 3619 5380 Ptolemaeus

2038 5399 2425 5549 ύϋῗῗῖᾏροὶρςι
2473 5466 2541 5524 de
2588 5464 3056 5549 ninazonibusnad
3096 5462 3357 5549 Tanaim.
3385 5465 3615 5549 Amazo-

2000 5532 2180 5594 ‘nuin'
2218 5532 2503 5594 historiam
2556 5539 2624 5593 ab
2676 5534 2891 5592 erudito
2948 5532 3187 5588 Floreat.
3243 5534 3442 5603 juvene
3486 5533 3614 5585 Ant.

2041 5610 2212 5666 Maria
2242 5610 2469 5666 Bcninio
2497 5610 2721 5683 copiose
2746 5604 3240 5683 illustratamscio,
3264 5613 3331 5683 _ut
3354 5603 3479 5683 edat
3504 5616 3617 5657 me-

2040 5696 2233 5748 moro,
2292 5688 2345 5737 et
2399 5673 2766 5741 Petri'Pctiti
2825 5675 3208 5735 dissertatione
3264 5673 3618 5730 laudatiorem

2038 5770 2291 5828 auguror.
