4034 6216
416 328 517 384 341

1749 327 1999 386 νειιδιο
2036 327 2360 398 ANTIQUA.

3580 326 3695 381 διε
3714 334 3722 343 ’

425 442 605 514 magis
631 440 915 497 exhibens.
953 440 1081 497 Haec
1125 440 1369 511 beryllus
1391 445 1547 512 juxta
1576 440 1719 496 viam
1749 440 1862 511 (14)
1890 439 1999 496 Eu-
2025 444 2073 502 Α
2107 440 2431 512 dispositos,
2458 445 2554 514 qui
2587 444 2774 500 annuli
2802 459 2899 515 per
2923 441 3300 499 extremitates
3347 450 3479 500 suas
3518 447 3685 499 ratio-

422 533 636 605 phratis
661 532 901 590 ﬂuminis
927 535 1043 589 visa
1073 540 1174 589 cst.

926 642 995 681 ns
1033 640 1223 693 Laetos
1260 640 1507 682 osseum.

492 715 800 791 Onychium
835 718 975 789 lapis
999 719 1205 774 navum
1253 720 1417 775 nimis
1466 725 1708 775 ostentat
1740 718 1998 773 colorem.

420 806 697 865 Delectari
712 791 856 864 'vero
883 808 1063 879 lapide
1086 810 1194 864 isto
1229 811 1411 865 ferunt
1440 825 1627 881 regum
1651 809 2000 881 nuptas(l5),

419 909 480 958 et
506 900 759 965 divitum,
790 916 914 970 quae
959 902 1013 955 in
1049 903 1242 973 pocula
1276 917 1382 957 sua
1418 902 1809 958 transferentes
1838 912 2001 957 utun-

422 996 516 1046 tur
552 991 658 1046 hoc
692 990 893 1063 lapide.
924 989 1066 1045 Sunt
1108 1001 1289 1047 autem
1338 999 1393 1047 et
1435 992 1527 1046 alii
1570 992 1864 1063 onychitae,
1909 992 2001 1060 qui

425 1084 704 1156 aequivoce
732 1094 1138 1154 nuncupantur,
1166 1084 1220 1138 id
1241 1092 1325 1140 est
1346 1098 1455 1139 non
1480 1085 1768 1149 veraciter,
1794 1084 2005 1139 similes

427 1188 587 1238 certe.
624 1177 745 1244 qua't
773 1174 975 1230 coloris
1003 1181 1087 1228 est
1108 1174 1312 1229 mellei.
1354 1173 1586 1239 Quidam
1622 1174 1721 1229 hos
1750 1174 1905 1227 aiunt
1938 1187 2004 1227 ex

430 1263 791 1335 guttisaquae
823 1262 1181 1318 consolidari.
1216 1261 1517 1333 Onychitas
1549 1272 1730 1318 autem
1769 1262 2004 1317 naturali

430 1354 645 1410 ratione
675 1354 1084 1425 cognominant,
1125 1370 1191 1409 eo
1219 1354 1365 1424 quod
1414 1369 1624 1424 ungues
1670 1354 2003 1410 urbanorum

428 1446 673 1502 virorum
730 1446 905 1501 instar
949 1453 1079 1501 sunt
1125 1448 1416 1501 marmoris
1465 1446 1699 1515 quadam
1753 1446 2007 1501 mistioue

429 1536 717 1607 sanguinis
762 1536 1082 1593 obrubescit
1125 1535 1257 1608 (16).
1292 1535 1406 1609 [55]
1434 1535 1590 1592 Unde
1638 1536 1883 1591 nonnulli
1929 1538 2008 1590 la-

433 1628 613 1699 pidem
650 1643 1047 1694 marmoreum,
1074 1630 1169 1700 qui
1198 1646 1266 1685 ex
1297 1630 1418 1684 loco
1442 1629 1670 1684 Decimii
1706 1630 1841 1699 (17),
1872 1645 2009 1700 ony-

431 1718 635 1773 chitem
677 1717 816 1775 falso
855 1720 1080 1776 nomine
1122 1720 1365 1775 vocitant
1417 1721 1489 1777 ob
1545 1720 1811 1777 alhedinis
1859 1720 2009 1793 puri-

431 1817 621 1867 tatem.

507 1898 633 1957 ﬂazc
673 1902 837 1974 igitur
867 1902 1160 1958 duodecim
1198 1904 1462 1976 lapidum,
1500 1904 1593 1975 qui
1646 1905 1701 1959 in
1738 1905 2009 1975 superhu-

434 1992 626 2050 merali
678 2001 809 2049 tunc
863 1993 1110 2063 imperati
1167 2003 1297 2050 sunt
1357 1997 1572 2052 annecti
1623 1997 1896 2066 pontiﬁcis
1949 2013 2009 2053 ex

434 2084 673 2141 diversis
713 2086 1054 2151 auctoribus,
1101 2086 1195 2156 qui
1240 2085 1308 2141 dc
1347 2087 1562 2141 naturis
1601 2087 1795 2141 horum
1831 2087 2016 2143 dixere

433 2176 701 2247 lapidum,
745 2185 961 2232 constat
996 2178 1260 2243 inventio,
1307 2194 1541 2249 quorum
1607 2179 1751 2233 sicut
1790 2179 2013 2235 investi-

435 2281 565 2338 gare
612 2265 913 2337 potuimus,
947 2273 1057 2320 tam
1115 2266 1328 2337 species
1359 2306 1374 2331 ,
1405 2282 1567 2338 quam
1598 2268 1716 2321 loca
1736 2306 1750 2327 .
1797 2284 2009 2323 necnon

437 2363 495 2411 et
541 2354 815 2425 potentias
869 2354 1230 2424 inspectionis
1280 2370 1467 2411 eorum
1516 2356 1732 2410 interim
1777 2356 2015 2412 breviter

437 2447 789 2511 adnotantes,
841 2446 1182 2517 singulorum
1236 2446 1477 2517 lapidum
1541 2448 1763 2502 nomina
1825 2464 2016 2504 conse-

437 2543 670 2606 quenter
708 2535 1102 2606 expressimus.
1132 2533 1232 2589 Hic
1258 2536 1370 2606 jam
1401 2552 1548 2592 nunc
1576 2538 1860 2606 quaeritur,
1892 2539 2014 2607 qui-

439 2630 547 2685 bus
602 2631 778 2685 modis
837 2645 961 2685 eum
1013 2630 1259 2685 ordinem
1311 2633 1735 2702 consequentiae,
1787 2634 1879 2703 qui
1933 2642 2018 2689 est

438 2721 778 2777 certissimus
822 2729 876 2776 et
918 2736 1248 2792 congruens,
1286 2722 1670 2792 approbemus.
1724 2721 1862 2777 Nam
1921 2741 2018 2794 per

442 2811 733 2867 duodecim
801 2811 985 2866 tribus
1031 2810 1320 2867 duodecim
1375 2813 1582 2882 lapides
1631 2814 1832 2884 apponi
1877 2813 2019 2884 jusri

442 2910 595 2971 sunt,
632 2904 727 2969 ita,
764 2911 825 2958 ut
862 2919 1006 2959 unus
1033 2903 1175 2974 lapis
1215 2904 1311 2959 uni
1351 2904 1518 2960 tribui
1559 2913 2022 2976 coaptaretur,et

445 2996 513 3051 ad
539 2996 880 3067 singularum
912 2997 1135 3051 nomina
1158 2996 1531 3052 decernantur
1559 2998 1759 3069 singuli
1787 2999 2016 3069 lapides.
2045 3071 2050 3077 _

443 3087 512 3143 Et
543 3088 810 3160 siquidem
842 3088 1177 3144 declarasset
1205 3088 1405 3159 jussio,
1441 3090 1528 3144 cui
1594 3090 1759 3145 tribui
1790 3091 1915 3161 quis
1941 3093 2020 3146 la-

443 3180 532 3252 pis
572 3188 808 3251 aptetur,
847 3180 997 3234 nulla
1038 3194 1265 3251 prorsus
1299 3180 1583 3251 inquisitio
1613 3189 1926 3252 superesset
1955 3182 2019 3237 ad

443 3273 806 3344 indagandum
844 3272 1217 3328 deﬁnitionem
1257 3273 1524 3331 divinitus
1563 3273 1899 3344 ordinatam;
1928 3277 2023 3332 sed

443 3366 510 3422 ad
561 3365 936 3438 exponendam
989 3367 1150 3422 nobis
1189 3368 1296 3421 vim
1356 3367 1599 3445 lapidum
1647 3370 2024 3425 tantummodo

446 3457 699 3515 studiosa
742 3458 1144 3528 relinqueretur
1188 3458 1438 3514 intentio.
1487 3456 1643 3513 Nunc
1689 3469 1870 3514 autem
1913 3476 2024 3515 non

454 3558 542 3607 est
586 3549 1031 3615 determinatum,
1064 3549 1160 3606 sed
1208 3551 1529 3621 simpliciter
1568 3553 1622 3606 in
1667 3551 1883 3608 duobus
1912 3551 2023 3626 [56]

446 3642 588 3698 locis
614 3640 811 3696 horum
860 3640 1099 3711 lapidum
1142 3640 1612 3710 consequentiam,
1650 3647 1705 3696 et
1754 3643 2027 3711 composi-

446 3735 614 3791 tionis
645 3749 836 3790 eorum
864 3733 1100 3804 speciem
1136 3732 1404 3788 fateamur
1446 3732 1770 3805 ascriptam,
1804 3733 1949 3790 sicut
1972 3734 2027 3789 in

447 3824 726 3890 rationali,
771 3823 919 3895 quod
963 3839 1130 3895 super
1157 3833 1350 3895 pectus
1378 3825 1686 3894 ponebatur
1725 3824 2023 3896 pontiﬁcis,

446 3925 503 3974 et
545 3916 980 3988 superhumerali
1029 3931 1125 3985 per
1177 3915 1320 3972 duos
1372 3916 1608 3972 annulos
1645 3931 1842 3973 aureos
1871 3916 1925 3971 in
1961 3932 2028 3973 eo

522 4050 541 4082 ¹
582 4046 754 4103 Exod.
786 4063 935 4113 xxix,
970 4046 1153 4101 10-15.

521 4208 634 4279 (1.1)
659 4205 719 4261 In
748 4204 844 4259 Gr.
865 4212 1013 4259 textu
1039 4201 1338 4273 Epitomes,
1368 4203 1497 4273 περὶ
1528 4203 1627 4273 τὴν
1660 4201 1858 4271 ἔξοδον,
1890 4205 2033 4258 circa

449 4280 673 4335 exitum.

524 4348 638 4431 (‘5)
688 4346 746 4401 ¹¹¹
775 4360 907 4431 ."lsr.
924 4343 1124 4431 les}???
1146 4343 1864 4431 ﬁ“?‘i‘,“1§9f‘§9‘filf‘9fi2
1884 4352 2033 4431 9W

450 4413 607 4483 vitio,
621 4413 731 4473 'nec
758 4416 1117 4470 dubitandum
1140 4414 1210 4469 al)
1234 4415 1527 4483 interprete
1548 4413 1813 4483 scriptum
1839 4413 2030 4482 fuisse,

453 4498 667 4561 nuptas.
696 4485 755 4541 In
779 4485 972 4541 Graeco
999 4485 1143 4539 enim
1171 4492 1322 4540 textu
1351 4485 1628 4555 Epitomes

451 4558 552 4623 τάξ
585 4558 803 4627 νύμφας
821 4597 836 4616 .
870 4562 976 4610 etc.

527 4629 641 4698 (16)
658 4624 771 4698 llic
806 4627 924 4698 ipsa
947 4639 1168 4695 quoque
1196 4624 1423 4698 Gesneri
1464 4626 1713 4696 Epitome
1744 4626 1798 4698 in
1836 4625 2034 4698 mendo

455 4695 641 4755 cubat.
675 4695 980 4752 Salmasius
1027 4705 1210 4751 tamen
1243 4697 1299 4751 in
1329 4695 1605 4761 Solinum,
1648 4712 1702 4766 p.
1758 4696 1862 4751 596
1886 4735 1903 4757 ,
1934 4712 2037 4766 ope

457 4769 658 4825 veteris
708 4766 915 4821 codicis
959 4766 1051 4836 sic
1080 4766 1374 4821 emendat:
1422 4767 1705 4836 Ὀνυχιτας
1740 4767 1797 4819 δὲ
1841 4767 2039 4831 αὐτοὺς

455 4838 676 4924 λέγουςι
702 4835 1273 4924 φυὶσιοδογυαῦςἎὲπεὶν
1288 4836 1416 4924 ρνυξ
1438 4835 1560 4923 τῶνέ
1573 4835 2039 4924 ἆστξὰιινηάνξρῶν

459 4905 740 5033 μα’ρῐιάρῴ
765 4907 883 4960 ἐστὶ
910 4905 1470 4989 συνερμθριαζόμενος
1512 4908 1610 4961 σὺν
1636 4909 1703 4977 τῇ
1747 4906 1841 4961 τοῦ
1871 4905 2039 4978 αἵμα-

454 4995 549 5059 ⁴ξος
595 4979 710 5049 δέᾳ.
742 4977 930 5059 Itaque
947 4986 1325 5059 restitanmus;
1365 4978 1787 5059 abi-tabescentes,
1820 4987 1915 5031 aut
1937 4992 2039 5059 po-

457 5049 601 5104 tius:
634 5047 771 5117 quod
798 5047 1012 5117 unguis,
1040 5055 1173 5110 etc.,
1203 5049 1378 5102 instar
1404 5050 1473 5103 sit
1506 5049 1790 5102 marmoris
1806 5049 2036 5117 quadam

455 5116 705 5173 mistiotte
734 5116 1006 5185 sanguinis
1031 5116 1397 5174 obrubescens.

531 5189 645 5271 (17)
675 5186 928 5271 graviter
960 5186 1048 5271 hic
1086 5198 1235 5271 errat
1264 5188 1545 5271 Gesnerus
1587 5202 1711 5271 cum
1749 5187 1869 5271 .lola
1917 5209 2038 5259 suo,

458 5256 556 5331 qui
578 5256 802 5331 verbum
829 5256 923 5331 σερῦ
947 5257 1205 5331 Δοκιμίου
1223 5262 1389 5331 vertit
1412 5261 1477 5315 ab
1504 5262 1885 5330 exploratione,
1910 5256 2040 5331 etc.,

460 5328 608 5400 quod
640 5329 852 5403 scilicet
868 5328 1189 5403 invenerint
1216 5328 1411 5402 δοκιμή
1439 5373 1454 5397 ,
1493 5340 1552 5403 et
1568 5328 1818 5403 δοκίμιον
1846 5328 2043 5403 proba;

351 5418 355 5420 γ
459 5396 665 5456 tionem
712 5397 1040 5467 signiﬁcare.
1088 5396 1288 5453 Verum
1340 5396 1411 5455 're'
1441 5396 1649 5455 melius
1695 5396 2041 5462 considerata

461 5470 950 5544 deprehendissent
974 5468 1219 5544 profecto
1238 5468 1601 5544 Epiphanium
1626 5470 1695 5528 de
1722 5475 1844 5529 loco
1875 5475 2042 5544 hujus

462 5539 711 5614 nominis
735 5541 1010 5614 locutum,
1031 5546 1085 5594 et
1110 5539 1447 5614 invenissent
1471 5543 1687 5598 celebre
1714 5547 1859 5614 apud
1902 5539 2043 5599 anti-

461 5624 603 5683 quos
640 5610 813 5667 fuisse
832 5610 1048 5683 iapidis
1074 5611 1359 5683 cyjusdam
1394 5627 1588 5683 genus,
1624 5616 1714 5683 qui
1746 5610 2041 5671 Docimites

465 5678 751 5737 dicebatur
779 5678 1073 5757 a_l)ocimio
1100 5680 1344 5752 Phrygiae
1358 5678 1530 5757 ~urbe,
1556 5678 1657 5737 seu
1680 5687 1855 5742 mavis
1880 5700 2040 5757 pago,

470 5759 707 5827 utroque
734 5752 879 5807 enim
915 5753 1133 5807 nomine
1164 5762 1319 5807 vocat
1354 5752 1684 5824 Stephanus,
1718 5752 1911 5827 nempe
1944 5752 2039 5811 ur-

2114 533 2241 587 nale
2284 534 2339 588 in
2389 534 2569 590 medio
2631 535 3011 600 continebant,
3061 548 3256 589 rursus
3296 534 3525 590 annexis
3592 549 3689 589 su-

2108 622 2424 690 perioribus
2453 624 2693 689 aunulis,
2725 624 2820 694 qui
2848 623 3074 680 erantin
3088 622 3519 693 superhumerali
3547 636 3688 693 pono

2118 711 2284 770 tiﬁcis
2327 714 2382 768 in
2419 721 2653 784 utraque
2702 715 2918 770 humeri
2967 724 3124 785 parte
3165 714 3427 771 conserti.
3460 713 3595 769 Nam
3629 723 3685 770 et

2116 802 2570 871 superbumerale
2602 818 2727 859 cum
2753 811 2900 859 esset
2933 819 3102 858 unum
3128 819 3225 873 per
3248 803 3543 858 circuitum
3573 816 3685 859 uno

2126 908 2356 965 prorsus
2389 895 2599 951 oriﬁcio
2631 893 2984 949 claudebatur
3011 895 3215 950 habens
3241 893 3432 949 vittam
3461 895 3685 966 hyacin-

2117 987 2332 1042 thinam
2364 1001 2500 1042 auro
2544 988 2914 1057 complexam,
2944 994 2998 1048 et
3037 987 3164 1042 hinc
3198 998 3230 1041 a
3271 988 3480 1043 dextris
3516 1002 3686 1042 unum

2121 1081 2411 1145 annulum,
2443 1087 2499 1136 et
2537 1095 2567 1134 a
2595 1080 2839 1136 sinistris
2882 1081 3112 1135 alterum
3148 1094 3244 1149 per
3272 1088 3560 1150 utramque
3586 1080 3690 1133 hu-

2118 1173 2253 1228 meri
2301 1181 2512 1243 partem
2563 1173 2972 1242 prominentes,
3034 1172 3267 1226 annulus
3325 1171 3394 1225 ad
3437 1172 3687 1242 jugulum

2123 1260 2397 1331 pontiﬁcis
2419 1262 2785 1326 innectentes,
2812 1261 2907 1331 qui
2938 1274 3130 1315 rursus
3168 1274 3232 1314 ex
3262 1268 3492 1330 utraque
3521 1262 3690 1315 ratio-

2118 1352 2431 1421 naliSparte
2488 1353 2877 1423 spectabantur
2926 1352 3181 1423 appositi,
3230 1352 3308 1406 ita
3365 1361 3425 1406 ut
3470 1353 3691 1423 perinde

2120 1452 2605 1509 connectercntnr,
2654 1452 2708 1498 et
2741 1452 3130 1513 coaptarentur
3166 1444 3221 1498 in
3273 1460 3394 1499 sese
3424 1460 3519 1514 per
3551 1444 3693 1497 duos

2118 1536 2329 1592 scilicet
2369 1537 2605 1593 annulos
2639 1537 2949 1604 rationalis,
2979 1547 3032 1593 et
3060 1536 3462 1593 duos-annulos
3502 1549 3693 1605 super-

2120 1627 2441 1693 humeralis,
2475 1628 2566 1684 ubi
2597 1636 2754 1684 erant
2799 1630 3061 1684 catenulaa
3106 1643 3284 1684 aurea:
3325 1629 3563 1699 desuper
3592 1626 3695 1680 im.

2117 1720 2409 1775 minentes.
2428 1747 2433 1751 -

2047 1802 2090 1857 Β
2187 1812 2304 1867 Hoc
2344 1820 2529 1867 autem
2578 1812 2863 1877 rationale,
2917 1812 3079 1868 sicuti
3124 1812 3259 1878 dixi,
3296 1811 3530 1867 habebat
3560 1811 3700 1867 d'uo-

2115 1905 2293 1959 decim
2359 1904 2569 1974 lapides
2616 1904 2723 1960 sibi
2783 1913 3147 1973 congruenter
3202 1905 3473 1966 insertos,
3533 1909 3699 1971 atque

2120 1997 2458 2065 compositos
2487 1996 2762 2067 quadrato
2806 1994 3136 2066 ordine,-qui
3166 1995 3245 2050 sic
3272 1994 3543 2049 intertexti
3568 2006 3695 2079 pro-

2118 2088 2344 2151 bantur,
2381 2097 2440 2141 ut
2462 2095 2547 2142 est
2585 2088 2773 2144 subter
2814 2102 3108 2142 annexum.
3146 2085 3362 2141 Primus
3389 2083 3553 2157 2&9
3581 2081 3695 2155 [‘57]

2123 2180 2283 2244 ordo,
2316 2186 2480 2249 atque
2506 2180 2759 2250 superior
2783 2195 2814 2232 a
2846 2179 2977 2233 laeva
3015 2186 3172 2249 parte
3208 2176 3481 2248 pontiﬁcis
3505 2186 3699 2230 versus

2121 2270 2188 2324 ad
2219 2272 2464 2324 dextram
2490 2270 2591 2325 hos
2619 2270 2830 2340 lapides
2851 2270 3082 2325 habebat
3103 2270 3404 2339 appositas,
3430 2266 3698 2331 sardium,

2126 2360 2403 2431 topazion,
2459 2360 2838 2432 smaragdum.
2888 2360 3115 2430 Oportet
3153 2359 3298 2413 enim
3336 2366 3387 2412 et
3435 2357 3540 2412 hoc
3576 2356 3700 2412 dili-

2128 2452 2347 2521 gentius
2402 2453 2687 2518 adnmare,
2723 2451 2867 2508 unde
2900 2451 3110 2507 scilicet
3152 2450 3447 2521 incipiebat
3478 2462 3701 2518 compo-

2125 2543 2275 2605 sitio,
2321 2551 2375 2599 et
2432 2542 2523 2597 ubi
2587 2543 2717 2598 item
2779 2542 3063 2599 desinebat
3102 2560 3111 2565 ⁴
3145 2540 3538 2609 sciendumque
3582 2545 3701 2604 est,

2122 2635 2267 2704 quod
2309 2634 2467 2704 juxta
2520 2635 2915 2690 Hebraicarum
2966 2634 3234 2690 elementa
3278 2633 3580 2688 litterarum
3628 2632 3705 2686 ita

2126 2726 2559 2796 compositiones
2619 2727 2737 2783 ista:
2779 2727 2998 2781 ﬁebant.
3056 2724 3314 2781 Scribunt
3350 2725 3550 2796 quippe
3598 2723 3707 2778 He-

2130 2816 2259 2872 braei
2303 2832 2332 2871 a
2391 2817 2632 2873 sinistris
2677 2817 2742 2871 ad
2773 2817 3022 2871 dextram
3063 2814 3355 2885 cujuslibet
3398 2815 3479 2869 rei
3523 2812 3707 2883 subje-

2131 2917 2280 2963 ctum
2321 2908 2570 2965 ordinem
2598 2909 2981 2977 perducentes.
3014 2908 3123 2977 Ipsi
3166 2901 3295 2962 vero
3323 2922 3545 2962 manum
3575 2906 3707 2962 sub.

2132 3006 2450 3069 sequentem
2509 3000 2706 3056 litteris
2751 3016 2781 3055 a
2840 3000 3051 3056 dextris
3090 3000 3292 3055 habere
3343 2999 3597 3053 videntur
3638 2996 3711 3051 ad

2130 3090 2318 3145 laevam
2354 3090 2490 3162 (18).
2524 3089 2695 3147 Erant
2734 3107 2865 3164 ergo
2913 3108 3079 3163 super
3126 3090 3403 3163 pontiﬁcis
3442 3096 3636 3160 pectus
3676 3101 3707 3141 a

2129 3182 2370 3241 sinistris
2400 3184 2522 3255 ejus
2549 3184 2770 3241 ordines
2812 3184 2878 3239 ad
2910 3184 3190 3240 dexteram
3220 3181 3601 3254 perducentes.

2209 3274 2430 3331 Primus
2459 3276 2616 3341 ordo,
2644 3277 2789 3331 sicut
2825 3277 2936 3347 jam
2969 3275 3081 3331 dixi
3115 3295 3127 3330 :
3162 3273 3404 3337 sardius,
3436 3270 3708 3341 t0pazius,

2135 3367 2495 3439 smaragdus;
2526 3367 2803 3424 seetmdus
2838 3376 3019 3423 autem
3062 3365 3454 3429 carbunculus,
3489 3362 3710 3433 sapphi-

2138 3476 2258 3529 rus,
2288 3462 2492 3533 jaspis;
2526 3462 2719 3517 tertius
2750 3461 3000 3531 ligurius,
3042 3459 3289 3524 achates,
3332 3457 3710 3527 amethystus;

2118 3563 2396 3624 quartus,
2443 3553 2535 3623 qui
2593 3560 2647 3607 et
2684 3552 2931 3616 ultimus,
2987 3550 3392 3621 chrysolithus,
3438 3547 3711 3617 beryllus,

2128 3644 2435 3718 onychinus
2457 3646 2497 3701 ¹.

2212 3737 2333 3810 [58]
2373 3737 2586 3795 Rursus
2620 3738 2930 3793 invenimus
2957 3734 3177 3792 eosdem
3223 3732 3435 3803 lapides
3483 3729 3537 3785 in
3578 3728 3709 3786 dua-

2134 3829 2241 3886 bus
2295 3829 2768 3901 superhumeralis
2814 3828 3060 3899 partibus
3120 3825 3353 3898 positos,
3414 3823 3470 3879 in
3514 3820 3713 3892 quibus

2136 3917 2246 3974 duo
2301 3918 2512 3989 lapides
2567 3918 2839 3974 catenulis
2895 3918 3078 3973 aureis
3142 3916 3467 3972 videbantur
3523 3912 3713 3968 inserti

2137 4206 2260 4261 hem
2325 4213 2482 4260 vocat
2509 4220 2566 4259 In
2596 4204 2713 4273 ipsa
2752 4217 2885 4257 voce
2914 4202 3197 4273 Δοκίμειον
3220 4242 3235 4267 ,
3273 4214 3471 4271 pagum
3504 4214 3636 4254 vero
3664 4201 3718 4255 in

2137 4292 2271 4331 voce
2292 4274 2533 4330 Σύνναδα
2563 4272 2889 4329 Strabonem
2918 4272 3259 4328 describens.
3718 4322 3721 4323 ν

2209 4348 2320 4419 (18)
2352 4345 2560 4419 De_ltoc
2584 4343 2933 4419 ljebrteorum
2964 4341 3433 4419 scribendimodo
3454 4340 3564 4419 agit
3591 4342 3723 4396 Her-

2138 4413 2373 4472 mann'us
2401 4415 2556 4488 Hugo
2580 4415 2657 4470 De
2684 4416 2868 4488 prima,
2886 4413 3146 4488 scribendi
3175 4413 3396 4488 origine,
3432 4416 3560 4488 etc.,
3595 4426 3717 4488 cap.

1704 4486 1885 4542 esneri
1915 4499 2029 4542 est:
2066 4493 2109 4549 ι)
2139 4488 2194 4553 8,
2222 4489 2311 4543 ubi
2344 4482 2523 4542 tamen
2560 4482 2723 4542 nimis
2768 4487 3028 4540 audacter
3054 4483 3168 4539 ait:
3223 4482 3396 4538 Porro
3428 4482 3563 4535 hanc
3589 4484 3723 4535 scrt-

2139 4557 2598 4639 qendifotionem
2644 4555 2887 4639 Egyptii
2933 4555 3018 4639 at)"
3044 4555 3301 4639 ltebrfeis'
3330 4568 3628 4639 πορίζει-μ·
3662 4562 3719 4639 ut

2141 4629 2443 4684 Herodotus
2483 4623 2833 4683 testatur'tib.
2886 4642 2944 4681 ιι.
2985 4625 3206 4680 Scilicet
3258 4624 3567 4679 Herodotus
3616 4623 3719 4676 hoc

2142 4716 2310 4755 unum
2343 4698 2843 4769 narrat,1Egyptios
2891 4711 2921 4750 a
2947 4696 3228 4769 dextroin
3253 4692 3723 4769 sinistrumjatus

2141 4771 2385 4827 scribere
2437 4761 2791 4825 consue'v'i'sse
2847 4784 2899 4838 p.
2944 4767 3047 4822 10‘2
3104 4766 3189 4822 ed.
3242 4764 3500 4838 Gronovii
3546 4761 3719 4833 Lugd.

2140 4842 2329 4895 Batav.
2383 4856 2512 4895 ann.
2568 4839 2727 4893 1715.
2767 4836 3218 4893 ΑιἸΙεὴινιευηιιιι
3272 4836 3586 4890 nullatenus
3616 4849 3724 4888 me-

2140 4912 2321 4974 minit,
2355 4919 2411 4965 et
2431 4908 2651 4980 quidem
2682 4924 2744 4964 ea
2775 4910 3049 4980 scribendi
3082 4908 3220 4980 ratio
3251 4905 3305 4980 in
3340 4903 3563 4980 oriente
3586 4918 3723 4980 pene

2142 4972 2465 5036 communis
2486 4980 2588 5035 fuit
2612 5019 2625 5044 ,
2657 4990 2714 5034 ut
2748 4979 2995 5035 Holmius
3026 4994 3134 5033 non
3169 4976 3481 5032 dissimulat
3508 4975 3565 5029 in
3586 4972 3728 5029 ’Dis-

2141 5052 2413 5121 putatione
2472 5052 2536 5105 de
2593 5052 2876 5119 scriptura,
2906 5058 3038 5115 etc.,
3072 5064 3192 5120 cap.
3224 5047 3280 5113 5,
3306 5045 3573 5121 ΔΑπαίειἝ.
3599 5046 3721 5121 phi-

2144 5114 2378 5193 iologic.,
2433 5114 2795 5193 etc.,Crenii,
2855 5114 2990 5193 pag;
3038 5121 3109 5175 46
3140 5114 3179 5193 ές
3226 5118 3471 5193 quinimo
3517 5114 3723 5172 Graecis

2143 5188 2360 5263 quoque
2384 5234 2398 5257 ,
2438 5188 3199 5263 Romanisquefet'Etruscis
3218 5189 3327 5263 ,_de
3356 5188 3554 5263 quibus
3587 5201 3725 5263 pra:-

2144 5257 2303 5333 cipue
2340 5257 2832 5333 consulendus'est
2859 5264 2929 5317 cl.
2963 5262 3163 5317 Gorius
3208 5259 3351 5333 Mus.
3379 5257 3725 5333 ‘Etrusgito-

2146 5326 2233 5410 ειιῦ
2256 5334 2321 5401 ll,
2350 5347 2471 5410 pag.
2507 5332 2635 5410 105,
2662 5333 3082 5410 eamscribendi
3116 5332 3383 5410 rationem
3418 5330 3527 5410 non
3545 5326 3722 5410 {uisse

2146 5396 2481 5474 incognitam
2512 5396 2674 5459 docet
2708 5405 2763 5458 in
2796 5404 2939 5458 libro
2968 5445 2983 5469 ,
3015 5419 3182 5474 quem
3215 5397 3509 5474 inscripsit.
3532 5396 3721 5467 Delphi

2146 5466 2589 5539 thiticizantes,
2623 5484 2755 5539 etc.,
2781 5489 2829 5528 c.
2868 5475 2936 5529 10
2958 5466 2977 5541 ξ’
3009 5466 3724 5541 Edmunduleckinsonus

2148 5545 2430 5616 Fasciculo
2477 5559 2495 5598 ι
2546 5537 2972 5616 Opusczdorum,
3016 5552 3162 5616 etc.,
3190 5539 3374 5596 Crenii
3430 5552 3555 5616 pag.
3595 5537 3721 5592 104.

2151 5615 2542 5672 Dickinsonum
2594 5612 2656 5671 in
2708 5617 2852 5671 notis
2907 5616 2975 5670 ad
3016 5612 3385 5667 llermannum
3422 5612 3722 5682 Δῌιιεοῐιετη

2148 5702 2321 5759 neque
2348 5686 2694 5744 Christianus
2724 5685 2890 5740 Trotz
2920 5683 3183 5739 indictum
3216 5679 3502 5753 praeteriit.
