4034 6216
305 281 416 336 ’διδ

1593 283 1770 341 LIBRI
1809 283 1898 338 DE
1938 280 2030 337 XII
2068 283 2328 342 GEMMIS

3467 287 3578 344 3H

305 404 466 475 juxta
497 410 796 478 utrumque
825 406 974 465 latus
1000 409 1377 474 humerorum,
1419 407 1533 479 jam
1564 423 1672 464 non
1703 423 1772 464 ex
1808 405 1894 461 di-
1925 406 1972 463 Δ
1998 405 2086 461 his
2112 406 2226 477 (22)
2273 422 2391 478 quae
2441 408 2736 475 dicuntur,
2797 408 2854 464 in
2923 407 3279 480 hippodromo
3331 405 3580 462 Chabra-

308 496 490 552 versis
532 497 831 568 lapidibus,
886 499 982 555 sed
1025 516 1092 555 ex
1153 500 1444 571 smaragdo
1486 497 1890 566 tantummodo,

310 597 579 660 erantque
614 605 809 646 rursus
843 591 1064 645 nomina
1101 590 1335 646 ﬁliorum
1369 592 1538 646 lsracl
1587 590 1893 646 secundum

311 689 648 753 praeceptum
683 681 898 736 Domini
945 681 1176 752 scripta,
1217 691 1386 756 atque
1411 684 1621 753 scalpta
1659 681 1717 737 in
1755 682 1893 737 duo-

315 775 424 830 bus
462 774 586 829 istis
621 773 936 843 lapidibus;
970 789 1079 828 non
1112 781 1296 830 tamen
1327 773 1612 829 evidenter
1641 773 1890 828 ostendi-

311 871 428 924 tur,
463 862 608 933 quod
635 877 837 918 nomen
882 864 938 918 in
974 870 1130 933 parte
1179 864 1400 919 dextera
1440 864 1649 933 prasini
1693 862 1891 933 lapidis

308 953 538 1010 inscribi
581 953 796 1018 debeat,
845 955 930 1008 vel
971 953 1118 1024 quod
1159 953 1214 1009 in
1263 954 1490 1010 sinistra
1532 965 1708 1025 parte,
1749 953 1893 1009 sicut

305 1047 429 1114 ipse
461 1044 702 1101 decrevit
734 1045 989 1101 similiter
1019 1045 1305 1112 adnotari;
1354 1046 1461 1100 nisi
1487 1044 1634 1116 quod
1663 1060 1891 1116 prorsus

309 1134 725 1206 intelligendum
757 1142 864 1202 est,
915 1135 1044 1204 quia
1092 1150 1189 1190 sex
1236 1137 1458 1191 nomina
1497 1136 1705 1207 scripta
1737 1145 1893 1191 erant

311 1243 366 1282 In
403 1227 628 1283 sinistra
662 1233 838 1296 parte,
863 1234 918 1282 et
945 1243 1042 1281 sex
1075 1227 1130 1281 in
1159 1228 1384 1284 dextera
1430 1229 1666 1283 ﬁliorum
1699 1229 1888 1286 Israel.

312 1313 424 1371 Nec
478 1317 626 1370 enim
675 1322 890 1386 poterat
942 1332 1085 1370 unus
1131 1316 1274 1387 lapis
1329 1318 1550 1373 nomina
1603 1319 1891 1375 duodecim

313 1407 560 1462 tribuum
609 1421 805 1476 capere
851 1414 1078 1478 propter
1124 1407 1510 1464 rotunditatem
1565 1424 1744 1464 suam.
1787 1411 1892 1465 Sed

313 1513 414 1552 nec
447 1500 704 1568 pnecepit
753 1497 1034 1564 Dominus,
1087 1506 1146 1552 ut
1192 1498 1484 1569 dupliciter
1529 1500 1894 1557 inscribantur

314 1588 606 1644 duodecim
655 1589 832 1645 tribus
876 1591 932 1645 in
974 1599 1128 1660 parte
1174 1591 1420 1657 dextera,
1459 1601 1516 1648 et
1571 1593 1627 1647 in
1670 1594 1894 1649 sinistra

314 1681 639 1748 duodecim;
674 1683 768 1737 sed
809 1683 1135 1754 simpliciter
1177 1681 1254 1738 ait
1285 1684 1340 1738 in
1382 1686 1666 1755 pressione
1717 1685 1897 1754 signa-

1997 497 2089 550 tha
2118 497 2248 567 (23).

2069 583 2194 660 [40]
2233 589 2460 661 Oportet
2504 590 2689 661 itaque
2739 591 2996 662 primitus
3042 591 3187 645 hanc
3248 589 3575 644 divisionem

1997 693 2184 744 nosse,
2230 689 2286 735 et
2325 679 2538 737 ordinis
2578 681 3058 752 consequentiam,
3105 695 3228 751 qua:
3272 678 3576 735 secundum

1996 777 2210 827 atatem
2258 780 2342 828 est
2391 773 2729 844 singulorum
2759 773 2800 837 ‘,'
2851 771 2904 828 id
2930 781 3014 828 est
3053 771 3280 835 Ruben,
3321 769 3577 834 Simeon,

2001 864 2157 931 Levi,
2205 864 2411 933 Judas;
2460 873 2688 937 propter
2727 866 2972 937 jurgium
3010 879 3141 920 vero
3187 862 3468 928 Rachclis,
3521 869 3580 916 et

1999 970 2124 1025 quae
2169 955 2297 1010 data
2340 956 2413 1012 sit
2461 954 2632 1011 Jacob
2667 957 2870 1011 ancilla
2906 955 3079 1020 Balla,
3131 955 3381 1009 nascitur
3420 954 3581 1024 juxta

1997 1046 2178 1102 aetatis
2213 1047 2458 1102 ordinem
2491 1057 2614 1119 post
2637 1046 2829 1101 Judam
2856 1046 3012 1114 Dan;
3042 1046 3336 1115 statimque
3367 1045 3434 1099 de
3460 1043 3579 1114 ipsa

2000 1137 2197 1194 ancilla
2271 1138 2547 1194 secundus
2606 1140 2788 1195 editur
2845 1137 3115 1208 Neptalim
3178 1136 3315 1208 (2i).
3376 1135 3582 1191 Deinde

1997 1247 2096 1302 per
2125 1231 2530 1286 mmulationem
2561 1230 2658 1285 Lia
2685 1246 2817 1286 vero
2849 1229 2998 1285 dedit
3028 1227 3285 1283 ancillam
3325 1227 3447 1281 viro
3467 1225 3584 1280 Zel-

1999 1327 2184 1397 pham,
2211 1340 2331 1395 quae
2385 1324 2705 1395 concipiens
2755 1322 2966 1394 peperit
3021 1319 3174 1386 Gad;
3233 1318 3363 1374 dein
3417 1319 3578 1374 Aser.

1999 1418 2217 1475 Rursus
2246 1418 2449 1489 adjecit
2486 1432 2624 1471 uxor
2653 1415 2749 1470 Lia
2784 1424 2842 1470 ut
2880 1414 3194 1483 conciperet
3224 1431 3238 1468 :
3277 1427 3398 1481 quae
3421 1411 3581 1481 juxta

2002 1508 2396 1564 conscientiam
2438 1507 2648 1577 peperit
2690 1503 2961 1569 Issachar,
2996 1502 3121 1558 exin
3164 1500 3429 1555 Zabulon.
3471 1498 3584 1554 No-

2002 1601 2226 1655 vissime
2257 1614 2389 1653 vero
2415 1598 2482 1652 de
2515 1595 2754 1651 Rachele
2775 1593 2977 1665 Ioseph
3009 1593 3278 1655 nascitur,
3303 1599 3357 1646 et
3382 1589 3582 1646 deinde

2002 1690 2310 1760 Benjamin.
2358 1687 2423 1744 Et
2469 1698 2556 1744 est
2607 1689 2712 1742 ista
2761 1685 3178 1756 consequentia,
3232 1683 3443 1746 Ruben,
3494 1679 3584 1735 Si-

314 1774 421 1828 culi
453 1772 687 1828 ﬁliorum
740 1772 929 1838 Israel,
973 1775 1118 1830 sicut
1150 1775 1313 1831 habet
1362 1777 1480 1847 ipsa
1535 1777 1900 1832 circumstan—
1931 1767 1972 1823 Β
2003 1798 2186 1848 meon,
2255 1781 2406 1847 Levi,
2450 1778 2620 1835 Judas
2649 1818 2663 1842 ,
2711 1779 2849 1842 Dan,
2893 1785 2948 1832 et
3000 1775 3292 1847 Neptalim,
3343 1771 3481 1836 Gad,
3526 1781 3583 1826 et

315 1869 391 1922 tia
447 1868 720 1932 lectionis,
777 1883 940 1939 quam
1003 1885 1151 1924 nunc
1205 1869 1272 1924 ad
1311 1871 1534 1926 verbum
1585 1871 1899 1926 curavimus
2000 1875 2155 1940 Aser,
2190 1872 2464 1937 Issachar,
2508 1881 2561 1926 et
2600 1869 2872 1933 Zabulon,
2917 1865 3142 1937 Joseph,
3181 1863 3345 1936 25o
3378 1861 3497 1936 [41]
3528 1872 3585 1917 et

313 1959 645 2030 exprimere,
683 1960 738 2014 in
781 1975 888 2032 qua
923 1961 1104 2031 ipsum
1152 1977 1370 2033 quoque
1399 1962 1750 2033 pontiﬁcatus
1793 1962 1903 2016 om-

313 2037 459 2107 ‘tiium
489 2061 821 2123 praeeptum
851 2062 936 2109 est
981 2052 1226 2108 ordinari
1261 2072 1275 2108 :
1310 2054 1390 2109 sic
1429 2055 1505 2108 ait
1529 2054 1641 2125 (19)
1675 2074 1689 2108 ;
1731 2052 1795 2106 Et
1825 2053 1902 2122 fe-

313 2156 498 2200 cerunt
531 2145 646 2217 (20)
685 2146 1118 2217 superhumerale
1143 2163 1210 2202 ea:
1240 2164 1394 2215 auro,
1438 2157 1489 2202 et
1523 2148 1826 2219 hyacintho,
1854 2159 1904 2203 et

319 2251 575 2306 purpura,
605 2247 654 2292 et
687 2253 841 2292 cocco
876 2255 994 2292 cum
1026 2238 1180 2309 bysso
1219 2247 1441 2305 retorta,
1476 2247 1583 2294 etc.
1613 2238 1724 2310 ['59]
1759 2238 1903 2307 Opus

318 2329 500 2382 textile
557 2329 790 2397 fecerunt
846 2329 1019 2394 illud;
1071 2330 1526 2401 super/Iumeraliu
1583 2332 1904 2386 continentia

319 2436 432 2474 sese
465 2435 531 2474 ea:
568 2421 808 2492 utrisque
826 2421 1090 2490 partibus,
1133 2437 1262 2495 opus
1294 2423 1478 2476 textile
1510 2423 1728 2476 invicem
1758 2438 1903 2476 com-

319 2510 601 2574 plectentis
639 2526 694 2564 se
736 2526 828 2579 per
869 2513 1172 2566 circuitum.
1208 2511 1294 2565 Ex
1329 2513 1441 2580 ipso
1481 2511 1711 2581 fecerunt
1742 2512 1906 2581 juxta

321 2601 434 2670 ejus
471 2600 763 2670 facturam,
788 2619 854 2658 ex
873 2620 1028 2668 auro,
1063 2614 1113 2659 et
1149 2605 1454 2675 hyacintho,
1489 2615 1539 2660 et
1565 2621 1823 2675 purpura,
1853 2615 1904 2660 et

321 2705 621 2756 cocconeto,
661 2705 710 2747 et
741 2695 896 2766 bysso
940 2704 1159 2763 retorta,
1194 2698 1331 2750 sicut
1360 2700 1604 2766 prlecepit
1645 2697 1902 2752 Dominus

323 2785 487 2842 Mosi.
519 2785 780 2842 Fecerunt
812 2797 1064 2858 utrosque
1093 2788 1298 2858 lapides
1345 2789 1639 2860 smaragdi,
1671 2790 1904 2858 con/ibu-

322 2880 484 2944 latos,
519 2890 570 2934 et
599 2879 874 2936 conclusos
897 2898 1052 2942 auro,
1079 2883 1309 2951 scalptos
1345 2884 1398 2937 in
1428 2885 1695 2950 pressione
1725 2885 1905 2955 signa-

321 2971 433 3025 culi
453 2973 725 3027 nominum
748 2974 984 3043 ﬁliorum
1015 2973 1207 3029 Israel.
1242 2974 1311 3028 Et
1333 2977 1694 3046 imposuerunt
1725 2995 1812 3032 eos
1849 2979 1905 3031 in

317 3063 567 3119 humeros
594 3065 1039 3135 superhumeralis
1073 3065 1274 3137 lapides
1314 3069 1640 3123 monumenti
1667 3070 1903 3138 ﬁliorum

323 3155 521 3222 Israel,
576 3159 713 3212 sicut
752 3160 999 3228 prwcepit
1040 3158 1249 3229 Moyses
1281 3159 1416 3231 (21).
1466 3160 1592 3216 Haec
1637 3161 1746 3216 duo
1785 3163 1905 3216 loca

325 3257 458 3304 sunt
487 3251 683 3303 horum
722 3251 988 3319 lapidum,
1023 3259 1078 3305 et
1107 3252 1505 3321 appellationes
1548 3267 1761 3318 eorum,
1787 3267 1908 3322 qua:

325 3339 632 3396 secundum
679 3340 883 3396 tribum
928 3351 1214 3413 praecepta:
1253 3352 1382 3398 sunt
1432 3343 1703 3398 adnotari.
1753 3343 1909 3402 Unus

325 3428 546 3500 quidem
597 3430 753 3486 locus
807 3437 892 3488 est
953 3431 1007 3485 in
1066 3432 1171 3487 hoc
1229 3433 1504 3498 rationali,
1559 3441 1611 3488 et
1661 3435 1798 3490 alter
1853 3437 1908 3490 in

402 3628 417 3664 ¹
451 3628 587 3684 Gen.
623 3643 788 3694 xxxv,
815 3629 886 3684 25
911 3644 1031 3700 sqq.
1112 3627 1288 3685 ’Gen.
1338 3647 1488 3686 xxxII
1515 3642 1571 3689 et
1612 3649 1803 3689 xxxIII.

404 3811 514 3883 (19)
531 3809 665 3866 Vide
702 3809 874 3867 Exod.
905 3826 1026 3880 cap.
1062 3827 1248 3883 xxxvi,
1279 3813 1335 3867 in
1367 3809 1619 3869 versione
1643 3813 1816 3880 LXX,
1858 3815 1914 3869 in

329 3882 564 3952 Vulgata
593 3897 723 3938 vero
752 3897 801 3935 c.
827 3882 1229 3952 xxxix,ctivide
1267 3884 1429 3937 etiam
1451 3883 1624 3938 Exod.
1644 3899 1694 3939 c.
1715 3900 1909 3940 xxvm.

329 3951 496 4026 Hotés
523 3953 908 4026 autern__vielim
960 3951 1164 4026 lapides
1190 3993 1204 4015 ,
1241 3969 1380 4020 quos
1414 3952 1553 4007 LXX
1589 3956 1912 4026 smaragdos

331 4025 628 4096 dixerunt,
685 4023 968 4096 vulgatam
1009 4023 1256 4096 aliosque
1314 4026 1639 4096 interpretes
1688 4023 1917 4081 vocasse

331 4094 633 4166 onychinos
664 4111 678 4160 ;
710 4092 1031 4163 Josephum,
1079 4092 1471 4185 sardonyches;

408 4165 517 4185 [αιὶι
550 4165 638 4185 0:-
673 4163 692 4185 1
717 4163 806 4185 vv
854 4166 901 4185 2--
943 4180 1024 4185 _--_
1088 4163 1208 4185 AL.--
1305 4166 1450 4185 D___P_

405 4163 520 4236 (20)
550 4165 640 4218 Sic
672 4163 905 4236 LXXiII
943 4180 1048 4218 ms.
1072 4163 1232 4236 Alex.
1286 4163 1601 4236 Ἔποίησαν.
1633 4165 1916 4223 Editiones

333 4234 1023 4307 plurimmtamenlerunt,
1057 4235 1347 4307 :EFFOHjGE,
1372 4234 1520 4307 fecit.

311 4302 352 4310 ’“
552 4303 694 4386 LXX
730 4324 743 4359 :
781 4304 986 4386 Kiiptog
1013 4303 1091 4372 τῷ
1120 4302 1325 4386 Mortis?)
1361 4302 1843 4386 Dominus-Moysi.

407 4377 522 4446 (22)
555 4375 733 4446 Locus
780 4374 929 4446 adeo
956 4381 1285 4446 corruptus,
1320 4375 1640 4446 utrestitui
1695 4374 1917 4429 minimc

335 4441 510 4518 posse
529 4444 800 4518 videatur:
825 4441 992 4518 Multa
1015 4441 1208 4518 deesse
1242 4442 1592 4518 n_on__dub_ito.

410 4511 521 4586 (23)
559 4513 700 4580 Quid
736 4512 840 4566 sibi
889 4513 1014 4567 velit
1054 4511 1158 4586 hoc
1187 4513 1292 4567 loci
1341 4511 1677 4586 Epiphanius
1706 4513 1924 4586 diﬁicile

338 4583 491 4643 dictu
520 4594 623 4653 est,
651 4597 774 4637 cum
808 4597 992 4653 neque
1019 4583 1154 4653 satis
1185 4591 1424 4647 constet,
1455 4585 1583 4650 quid
1616 4584 1926 4653 signiﬁcent

339 4657 506 4711 verba
539 4651 909 4722 liippodromo
929 4651 1258 4708 Chabratha.
1290 4664 1445 4714 m3:
1470 4651 1726 4709 Chibrath
1761 4661 1845 4708 ter
1870 4654 1924 4707 in

340 4727 515 4782 sacris
540 4723 764 4778 Litteris
798 4724 1075 4778 occurrit:
1113 4723 1388 4779 Geneseos
1419 4739 1539 4794 cap.
1605 4739 1769 4794 xxxv,
1833 4723 1923 4788 l7;

343 4795 591 4865 ejusdem
658 4795 780 4865 libri
825 4809 947 4864 cap.
989 4810 1194 4857 vam,
1266 4794 1297 4846 7
1351 4803 1405 4850 ct
1444 4792 1513 4865 «If;
1573 4795 1670 4865 lib.
1719 4792 1925 4864 Regum

343 4864 467 4938 cap.
519 4883 573 4928 v,
621 4864 707 4921 19.
758 4865 964 4938 Vocem
1001 4865 1176 4938 ipsam
1206 4872 1429 4938 servant
1476 4864 1640 4925 LXX.
1667 4879 1788 4934 cap.
1823 4880 1930 4938 xxv

344 4933 619 4992 Geneseos
663 4937 969 4992 scribentes
1005 4933 1304 5004 Χαὸραθά,
1351 4951 1450 4990 nec
1480 4951 1590 4990 non
1625 4933 1748 5004 cap.
1781 4951 1811 4987 v
1866 4935 1931 4986 li-

346 5009 430 5063 bri
458 5006 516 5062 ιν
562 5005 768 5077 Regum
799 5006 955 5075 juxta
980 5005 1607 5077 emendatioresiibros;
1637 5013 1764 5077 sunt
1783 5004 1928 5058 enim

346 5079 438 5147 qui
504 5074 763 5132 mendose
817 5074 1333 5147 habentdsépalid.
1392 5074 1931 5147 Verum_Geu_eseos

347 5145 466 5218 eap.
493 5163 681 5218 vaIII,
703 5155 763 5200 ut
779 5145 866 5218 hic
891 5145 1250 5218 Epiphanius,
1280 5161 1405 5218 cum
1425 5161 1557 5199 voce
1576 5145 1933 5218 hippodromo

348 5214 539 5274 vocem
573 5217 886 5273 Chabratha
919 5214 1281 5285 conjungunt.
1314 5215 1438 5270 Jam
1471 5230 1621 5285 vero,
1647 5217 1713 5285 Ani
1748 5214 1928 5272 fallor,

352 5291 497 5345 inter
522 5304 584 5342 ea
620 5289 815 5352 multa,
855 5303 977 5355 qua:
1001 5283 1088 5340 hic
1121 5283 1314 5341 deesse
1351 5292 1482 5354 puto
1503 5326 1516 5348 ,
1547 5283 1603 5338 S.
1643 5283 1931 5355 Doctorem

351 5359 680 5432 exposuisse
721 5353 1084 5432 crediderim,
1113 5353 1390 5432 quomodo
1435 5355 1724 5408 duodecim
1758 5353 1934 5432 tribus

352 5447 382 5487 a
425 5422 551 5486 liliis
582 5427 754 5484 Jacob
780 5443 981 5484 nomen
1008 5422 1340 5497 acceperint,
1365 5434 1498 5497 quot
1534 5422 1934 5497 uxoresdacob

356 5503 596 5565 duxerit,
630 5515 790 5571 quem
839 5497 1004 5553 ﬁlium
1057 5494 1309 5552 habuerit
1343 5494 1618 5571 ultimunm,
1649 5495 1834 5571 _et_hi_s
1869 5494 1935 5546 si-

356 5572 533 5635 milia,
567 5563 898 5640 tan'dcmque
926 5583 1185 5640 narrasse
1222 5567 1498 5640 quomodo
1531 5565 1732 5621 Rachel
1755 5563 1935 5640 ,_l_3en_-

353 5641 565 5711 jamino
587 5642 754 5712 edito.
781 5635 968 5712 partus
991 5638 1179 5712 dolore
1204 5635 1461 5712 coniecta
1484 5645 1711 5712 mortem
1740 5635 1936 5712 obierit

359 5705 415 5770 in
447 5720 587 5767 terra
613 5705 898 5779 Chanaan,
935 5711 992 5766 in
1018 5711 1376 5783 hippodromo
1405 5708 1738 5774 Chabralha,
1769 5716 1820 5763 et
1857 5705 1934 5762 sic

1954 4431 1996 4483 D

2000 1964 2307 2034 Benjamin.
2340 1961 2466 2017 Haec
2495 1961 2716 2032 quidem
2751 1959 2926 2030 prima
2953 1965 3038 2015 est
3067 1957 3396 2028 compositio
3422 1955 3584 2022 juxta

2003 2058 2182 2112 aetatis
2206 2055 2684 2125 consequentiam.

2073 2147 2208 2201 Cum
2257 2159 2384 2200 vero
2426 2145 2778 2215 pervenirent
2819 2143 2886 2198 de
2933 2139 3334 2210 Me50potamia
3389 2153 3581 2193 rever-

2004 2247 2153 2296 tente
2188 2237 2358 2294 Iacob
2391 2237 2446 2292 in
2483 2248 2685 2293 terram
2723 2235 3009 2297 Chanaan,
3061 2232 3306 2287 secunda
3356 2229 3410 2283 ﬁt
3442 2227 3584 2283 divi-

2005 2332 2178 2388 sionis
2223 2329 2584 2386 enumeratio.
2622 2327 2775 2383 Fecit
2798 2325 2943 2381 enim
2980 2323 3149 2379 Jacob
3179 2331 3292 2377 tres
3327 2321 3582 2375 turmas’

2005 2427 2326 2480 discernens
2368 2425 2620 2494 proprios
2669 2420 2832 2482 lilios,
2882 2425 2936 2473 et
2984 2416 3166 2487 posuit
3209 2413 3488 2484 Zelpham,
3531 2419 3585 2468 et

2007 2515 2216 2570 Ballam
2250 2514 2388 2569 duas
2419 2515 2646 2568 ancillas
2678 2511 2887 2566 faciens
2916 2524 3080 2564 unam
3116 2515 3354 2561 turmam
3392 2507 3445 2560 in
3477 2504 3586 2574 priv

2006 2609 2111 2662 mis
2141 2623 2266 2662 cum
2291 2614 2534 2677 quatuor
2564 2604 2692 2659 ﬁliis
2717 2618 2932 2665 earum,
2961 2602 3012 2656 id
3041 2609 3125 2656 est
3160 2599 3300 2661 Dan,
3356 2605 3409 2652 et
3442 2595 3586 2665 Nep-

2005 2699 2178 2764 talim,
2221 2697 2360 2762 Gad,
2400 2705 2454 2752 et
2501 2697 2668 2761 Aser;
2705 2695 2758 2747 iu
2797 2691 3038 2748 secunda
3080 2707 3209 2746 vero
3259 2697 3436 2742 turma
3493 2703 3586 2740 or-

2006 2791 2216 2845 dinavit
2241 2789 2394 2842 Liam
2426 2803 2551 2843 cum
2578 2803 2674 2842 sex
2702 2785 2827 2841 ﬁliis
2850 2785 2970 2852 ejus
3001 2798 3109 2838 non
3140 2782 3250 2852 jam
3285 2778 3586 2836 secundum

2006 2889 2244 2946 aetatem,
2273 2881 2367 2936 sed
2397 2879 2701 2935 secundum
2737 2878 2928 2932 matris
2955 2874 3336 2938 affectionem;
3377 2871 3588 2933 Ruben,

2011 2975 2155 3039 dico,
2185 2981 2239 3028 et
2271 2973 2512 3036 Simeon,
2549 2969 2680 3026 Levi
2717 2977 2771 3024 et
2815 2967 3034 3033 Judam,
3061 2965 3314 3022 lssachar
3338 2971 3392 3018 et
3417 2962 3593 3016 Zabu-

2011 3068 2141 3121 lon:
2183 3066 2302 3136 ipse
2326 3079 2458 3120 vero
2494 3072 2806 3134 postremus
2843 3059 3047 3116 mansit
3087 3072 3212 3112 cum
3269 3054 3508 3108 Rachele
3541 3063 3595 3106 et

2011 3159 2214 3230 .Ioseph
2260 3159 2416 3213 valde
2463 3155 2712 3227 parvulo.
2756 3152 3039 3221 Benjamin
3084 3158 3264 3203 autem
3312 3147 3366 3200 in
3404 3145 3594 3200 matris

2015 3250 2195 3305 adhuc
2228 3256 2385 3303 utero
2427 3246 2783 3318 portabatur;
2819 3251 2874 3297 et
2920 3242 3036 3295 haec
3064 3237 3304 3294 secunda
3334 3235 3595 3291 discretio

2015 3340 2437 3412 compositionis
2471 3337 2718 3408 ejusdem
2748 3332 2962 3388 numeri
2999 3329 3410 3402 comprobatur.

2087 3435 2309 3492 Tertius
2341 3441 2524 3489 autem
2564 3439 2829 3486 numerus
2862 3437 2946 3483 est
2975 3424 3132 3496 juxta
3167 3422 3330 3476 aliam
3367 3433 3595 3489 compo-

2024 3813 2394 3869 narrationcm
2450 3808 2756 3863 confecisse
2802 3805 2981 3859 verbis
3019 3801 3273 3856 nimirum
3316 3797 3479 3864 LXX;
3526 3801 3598 3855 ita

2021 3885 2168 3940 enim
2209 3883 2379 3937 Jacob
2421 3880 2681 3948 loquitur
2715 3877 2860 3948 laud.
2909 3889 2958 3929 c.
2997 3869 3455 3948 xI.v_III_Genes.:
3491 3869 3598 3943 Ego

2023 3964 2220 4016 autem,
2253 3949 2464 4021 quando
2493 3941 2613 4002 item"
2647 3944 3132 4021 deﬂesopotgmia
3167 3941 3328 4009 Syria
3350 3980 3363 4002 ,
3391 3941 3601 4021 mortua

2019 4035 2097 4080 est
2134 4011 2328 4077 Rachel
2371 4029 2539 4073 mater
2582 4028 2674 4070 tua
2711 4018 2766 4069 in
2807 4011 2946 4068 terra
2981 4011 3237 4068 Chanaan
3261 4051 3274 4073 ,
3319 4014 3602 4078 appropin-

2020 4104 2215 4164 quante
2265 4109 2349 4164 me
2376 4089 2468 4164 ad-
2487 4087 2885 4164 hippodromum
2923 4083 3228 4164 Chabratha
3244 4090 3444 4164 ferris.
3464 4080 3602 4164 ’ῌγὼ

2019 4151 2077 4219 is
2125 4165 2287 4231 ἡνίκα
2333 4151 2584 4231 animi
2629 4159 2692 4231 ex
2736 4154 3164 4231 Μεσοπᾳταμξαξ
3210 4151 3308 4231 τῇς
3361 4151 3596 4231 ﬂeeing,

2020 4219 2261 4289 ἀπέόανε
2297 4219 2499 4299 Ῥἂῄἦλ
2525 4219 2775 4350 ιίὲμήτηρ
2813 4241 2907 4277 σου
2936 4226 2993 4276 ὲν
3027 4219 3096 4291 ﬁl
3125 4221 3328 4283 Χανὰν,
3353 4219 3604 4302 ⁴ξγγίςειν-

2021 4306 2116 4350 τός
2159 4319 2258 4350 non
2309 4298 2455 4350 κατὰ
2511 4315 2541 4349 τ
2575 4314 2603 4348 ν
2648 4295 2981 4350 ἱππόδρομον
3020 4290 3284 4350 Χαϐραθὰ
3319 4306 3418 4350 της
3467 4307 3598 4350 γης,

2021 4306 2116 4367 τός
2157 4319 2258 4374 μου
2309 4290 2466 4352 καέᾶ
2511 4290 2605 4374 τὲ)ιὶ
2648 4290 2984 4374 ῑπῆρᾂρμοιζ
3020 4290 3418 4374 Χᾴϐρειθὰμτῆς
3467 4291 3598 4371 γῇςν

2023 4360 2130 4428 etc.
2157 4360 2438 4427 'Cmterum
2483 4369 2528 4421 si
2558 4367 2710 4421 vocis
2741 4360 2998 4419 Cllibrath
3032 4360 3486 4429 signiﬁcationem
3519 4360 3602 4412 in-

2025 4444 2335 4514 quirimusl
2359 4446 2485 4514 quot
2522 4437 2897 4514 interpretes,‘
2922 4441 2998 4514 t_ot
3039 4439 3172 4514 sunt
3217 4430 3606 4514 sententiounut

2027 4497 2165 4569 bene
2195 4512 2271 4565 ait
2304 4497 2535 4562 Dr'usius
2573 4507 2626 4578 in
2658 4497 2805 4578 vers.
2833 4504 2899 4558 16
2931 4501 3134 4578 laudati
3158 4513 3310 4578 cap:
3333 4513 3477 4551 xxxv
3500 4497 3607 4578 (ξε-

2029 4566 2244 4637 Iieseos.
2277 4579 2474 4649 Aquila
2497 4577 2751 4646 intelligit
2781 4590 2930 4649 secus
2957 4573 3120 4634 uiam,
3154 4566 3372 4649 aliiuiler
3399 4566 3538 4636 quod
3577 4583 3610 4618 a

2027 4652 2252 4722 prandio
2301 4639 2370 4702 ad
2404 4663 2606 4701 caenam
2667 4639 2855 4714 ἔστιβεί
2922 4649 3119 4722 potest,
3163 4639 3278 4722 _alii
3329 4639 3598 4722 jugerum,

2031 4706 2236 4792 nempe
2291 4729 2454 4792 terra:
2494 4706 2776 4792 tractum,
2809 4706 3118 4792 q_uem_duo
3142 4710 3329 4792 boves
3379 4722 3489 4760 uno
3523 4706 3610 4792 die

2031 4777 2208 4854 aran't,
2252 4790 2346 4844 alii
2414 4787 2634 4841 multum
2671 4777 2877 4839 itineris
2904 4825 2918 4847 ,
2952 4782 3042 4836 alii
3066 4779 3228 4854 mille
3263 4793 3486 4844 passus,
3520 4777 3609 4828 alii

2033 4852 2204 4916 aliam
2224 4871 2379 4915 terris
2408 4873 2731 4920 mensuram,
2765 4864 2820 4911 et
2849 4852 3096 4908 nonnulli
3135 4863 3373 4920 pernum_
3387 4857 3610 4914 tempus.

2033 4931 2234 4987 Vocem
2298 4916 2732 4998 hippodromum:
2762 4925 2833 4998 in_
2871 4932 3080 4998 textum
3133 4917 3294 4981 LXX,
3335 4916 3610 4998 Gcnescos

2034 5018 2157 5070 cap.
2191 4987 2371 5072 XLVIII:
2392 4987 2678 5072 irrepsisse
2711 4995 2870 5072 facile
2889 4993 3295 5072 dubitareni‘lex.
3323 4987 3609 5072 marginali

2035 5059 2161 5125 nolo
2209 5069 2441 5138 alicujus
2485 5059 2844 5135 intelligentia
2882 5065 2942 5138 in
2993 5077 3126 5115 voce
3177 5059 3439 5138 Chibratli
3487 5070 3613 5124 spa-

2036 5143 2195 5204 tium,
2228 5129 2374 5210 quod
2406 5154 2580 5210 equus
2610 5129 3065 5210 in'hippodi'omq
3093 5129 3447 5210 percurrebat
3469 5167 3482 5189 ,
3519 5142 3614 5210 nc-

2036 5228 2142 5279 que
2170 5195 2314 5266 enim
2354 5195 2510 5264 video
2540 5224 2639 5261 cur
2671 5195 2865 5261 uno-in
2900 5204 3022 5256 loco
3048 5195 3194 5279 LXX
3225 5198 3493 5279 duplicem
3517 5195 3614 5279 ad-

2038 5262 2605 5337 hibuissentlvocem,
2659 5279 2874 5331 duobus
2929 5288 3058 5326 vero
3107 5271 3229 5324 aliis
3275 5262 3617 5321 sbiununodo

2038 5368 2228 5406 vocem
2256 5350 2543 5422 Χαϐραθὰ.
2579 5348 2801 5401 Scilicet
2826 5355 3109 5422 sacrarum
3139 5339 3466 5422 Litterarum
3499 5343 3616 5422 tex:

2039 5432 2152 5476 tum
2199 5409 2444 5477 Graecum
2473 5459 2488 5481 ,
2542 5435 2702 5486 quem
2746 5429 2910 5486 nunc
2942 5413 3206 5486 habemus
3250 5409 3367 5486 sub,
3397 5409 3618 5486 nomine

2040 5492 2202 5556 LXX,
2242 5494 2368 5547 licet
2399 5481 2726 5545 venerabilis
2741 5488 2832 5552 sit,
2867 5484 3219 5556 plurimaeque
3249 5481 3616 5556 auctoritatis,

2039 5545 2206 5617 variis
2234 5545 2417 5616 tamen
2453 5561 2507 5614 in
2544 5559 2678 5613 locis
2712 5545 3102 5626 interpolatum
3130 5545 3613 5626 deprehendimus.

2115 5612 2539 5753 tristifins,
2576 5629 2670 5686 sed
2710 5629 2766 5683 in
2823 5612 2995 5680 Giaec.
3056 5637 3166 5678 non
3209 5612 3412 5675 'dubito
3453 5612 3624 5672 fuisse

2115 5721 2157 5753 re
2198 5715 2288 5753 αΑε
2321 5719 2382 5753 ιι.

2042 5703 2383 5773 Νῳθαλείμ,
