4034 6216
315 326 495 396 ass

1655 337 1900 394 VERSIO
1939 336 2265 403 ANTIQUA.

3468 332 3573 391 346

318 448 572 504 sitionem
600 446 910 507 divisionis.
957 448 1229 521 Incipiens
1275 452 1423 509 enim
1465 451 1638 508 Iacob
1683 454 1889 507 intrare
1918 460 1963 517 Α
1992 451 2127 503 mini
2166 450 2540 516 declarantur,
2586 450 2680 520 qui
2733 447 2967 504 debeant
3010 445 3455 517 esse.principes
3500 444 3568 503 ad

318 540 375 593 in
418 534 715 608 Egyptum
744 542 784 603 ³,
825 540 970 596 sicut
1006 557 1173 612 super
1214 551 1488 599 annexum
1523 552 1630 608 est,
1669 559 1894 613 congre-

317 626 461 697 gatis
508 628 565 680 in
606 626 843 699 idipsum
884 629 1013 687 ﬁliis
1051 632 1161 688 Liae
1197 634 1384 698 simul,
1423 645 1477 689 et
1523 635 1737 690 ancilla:
1773 635 1895 703 ejus

316 717 555 789 Zelpba,
587 730 1013 793 consequenter,
1041 726 1190 780 velut
1214 741 1280 781 ex
1312 727 1503 781 eadem
1525 726 1748 781 domina
1774 740 1900 796 pro-

318 810 540 880 genitis,
588 811 666 865 ita
710 811 1133 870 dinumerantur
1181 815 1331 886 ipsi:
1378 815 1596 880 Ruben,
1647 816 1895 881 Simeon,

315 900 471 966 Levi,
527 900 719 969 ludas,
763 904 1037 972 Issachar,
1093 906 1393 962 Zabulon:
1446 919 1500 963 et
1552 924 1619 962 ex
1670 907 1895 977 Zelpha,

317 995 436 1051 Gad
467 1002 521 1050 et
550 995 709 1052 Aser.
761 994 968 1052 Deinde
997 997 1258 1056 Rachelis
1289 1000 1383 1054 ﬁlii
1412 998 1639 1070 Ioseph.
1672 1009 1727 1055 et
1758 999 1900 1054 Ben-

313 1086 511 1158 jamin.
550 1089 610 1155 li,
662 1089 757 1161 qui
791 1103 857 1145 ex
892 1090 1011 1159 ejus
1042 1092 1243 1146 ancilla
1285 1100 1438 1155 sunt,
1472 1092 1590 1146 Dan
1654 1100 1709 1148 et
1748 1090 1897 1162 Nep-

319 1181 496 1235 talim.

388 1293 507 1367 [42]
538 1293 745 1361 Quarta
769 1295 970 1353 divisio
990 1303 1073 1352 est
1103 1297 1545 1367 compositionis,
1578 1306 1632 1353 et
1658 1296 1896 1364 numeri,

317 1386 541 1455 quando
566 1388 842 1442 benedixit
862 1386 1032 1443 Jacob
1061 1389 1188 1445 ﬁliis
1216 1390 1333 1445 suis
1367 1404 1489 1444 cum
1517 1395 1823 1443 moreretur
1847 1390 1894 1453 ’;

318 1482 535 1545 Oportet
580 1476 727 1531 enim
780 1476 1082 1533 secundum
1126 1485 1367 1548 tempus,
1415 1485 1471 1533 et
1526 1478 1579 1531 in
1636 1492 1898 1532 numeros

318 1566 473 1636 ipsos
505 1574 815 1623 annectere.
844 1567 943 1623 Hic
971 1583 1109 1641 ergo
1135 1584 1421 1632 numerus,
1455 1575 1509 1623 et
1544 1568 1648 1621 hoc
1683 1576 1898 1637 tempus

326 1655 659 1726 insequitur,
690 1657 913 1727 quando
940 1658 1110 1713 Jacob
1140 1658 1437 1725 benedixit,
1462 1658 1513 1712 id
1533 1664 1638 1723 est,
1679 1656 1894 1720 Ruben,

319 1744 515 1800 deinde
539 1744 849 1801 Simeonem
881 1762 1005 1802 cum
1034 1746 1184 1811 Levi,
1215 1756 1269 1803 et
1293 1746 1511 1811 Judam,
1542 1755 1595 1802 et
1624 1745 1894 1809 Zabulon,

320 1844 375 1892 et
409 1835 683 1901 lssachar,
720 1837 832 1892 Dan
868 1846 926 1894 et
980 1839 1119 1905 Gad,
1166 1809 1308 1895 Aser
1343 1847 1398 1894 et
1456 1809 1745 1910 Neptalim,
1803 1837 1899 1893 Jo-
1932 1809 1973 1867 Β

322 1927 457 1997 seph
487 1935 540 1982 et
568 1928 876 1999 Benjamin.

394 2039 526 2094 Dein
555 2041 807 2110 sequitur
832 2042 1023 2110 quinta
1046 2041 1245 2095 divisio
1272 2042 1339 2096 de
1368 2041 1574 2105 Exodo,
1602 2057 1724 2096 cum
1749 2056 1889 2111 egre-

320 2126 582 2182 derentur
620 2130 715 2184 lilii
748 2132 915 2185 Israel
952 2147 1018 2185 ex
1057 2131 1332 2203 Egypto;
1378 2131 1723 2187 enumeravit
1756 2133 1901 2186 enim

319 2236 415 2276 eos
434 2224 625 2277 Sermo
657 2224 876 2279 divinus
900 2225 1092 2279 dicens
1118 2226 1137 2256 ³
1163 2244 1175 2279 :
1212 2224 1339 2278 Ilarc
1372 2234 1493 2278 sunt
1521 2225 1740 2278 nomina
1762 2225 1893 2292 ﬁlio-

320 2327 437 2364 rum
475 2310 670 2376 Israel,
702 2315 792 2383 qui
824 2314 1049 2385 ingressi
1081 2324 1201 2367 sunt
1241 2316 1295 2367 in
1333 2312 1622 2383 Egyplum
1657 2330 1773 2366 cum
1801 2312 1902 2366 Ja-

319 2403 414 2456 cob
452 2412 603 2472 patre
634 2420 763 2467 suo;
792 2407 1150 2475 unusquisque
1188 2422 1305 2458 cum
1347 2416 1459 2458 tota
1499 2405 1654 2459 domo
1695 2422 1792 2457 sua
1821 2406 1900 2458 ἰη-

318 2510 531 2563 gressus
565 2503 679 2548 est:
712 2494 914 2557 Ruben,
948 2494 1180 2558 Simeon,
1214 2496 1359 2560 Levi,
1394 2495 1592 2557 ludas,
1624 2494 1899 2560 Issac/aar,

320 2580 591 2647 Zabulon,
628 2584 848 2653 (deinde
886 2583 1165 2655 Bachclis)
1203 2587 1507 2655 Benjamin,
1547 2587 1764 2657 (deinde
1789 2585 1906 2638 Bal-

322 2674 410 2745 lze)
447 2675 583 2740 Dan,
631 2686 679 2730 et
740 2676 1034 2745 Neptalim,
1094 2678 1171 2744 (et
1208 2678 1446 2750 chphze)
1483 2676 1623 2743 Cad,
1657 2688 1705 2731 et
1746 2678 1899 2730 .lser.

321 2765 518 2836 Ioseph
547 2783 723 2823 autem
755 2781 868 2824 erat
900 2772 952 2823 in
981 2771 1231 2842 .Egypto.

398 2879 532 2935 Dein
570 2891 761 2952 postea
796 2893 950 2940 sexta
986 2886 1185 2940 divisio
1220 2892 1304 2941 est
1338 2886 1551 2949 numeri
1595 2885 1748 2955 juxta
1790 2901 1897 2941 me-

325 2973 586 3027 tationem
614 2984 917 3031 castrorum
945 2976 1179 3031 ﬁliorum
1214 2977 1401 3040 Israel,
1441 2979 1585 3033 sicut
1629 2978 1899 3047 scriptum

1996 536 2271 604 oﬁ‘creuda
2322 552 2551 592 munera
2609 536 2861 593 Domino.
2914 535 3211 605 Dixitque:
3254 534 3331 590 De
3378 532 3569 590 Ruben

1997 628 2215 686 llelisur
2266 630 2411 684 ﬁlius
2461 629 2658 683 Sediur
2708 629 2843 699 (27),
2896 629 2965 683 de
3014 626 3271 683 Simeone
3314 626 3573 681 Salamiel

1999 720 2143 777 ﬁlius
2170 720 2515 784 Surisaddai,
2547 723 2616 777 de
2644 722 2784 777 Juda
2821 721 3034 777 Naason
3070 720 3214 775 ﬁlius
3244 718 3571 785 Aminadab,

1995 813 2063 868 de
2111 814 2363 870 lssachar
2395 812 2737 868 Nathanahel
2782 813 2929 869 ﬁlius
2978 810 3170 883 Sogar,
3218 811 3286 867 de
3329 810 3572 865 Zabulon

1997 905 2153 960 Eliab
2226 905 2372 961 ﬁlius
2418 905 2664 969 Climlon,
2710 905 2778 959 de
2842 904 3079 973 Ephrem
3140 902 3253 973 (28)
3310 899 3573 955 Melcham

2000 997 2145 1053 ﬁlius
2204 996 2403 1061 Euiud,
2448 996 2517 1051 de
2558 994 2810 1051 Manasse
2854 993 3122 1049 Gamaliel
3154 994 3298 1046 ﬁlius
3330 991 3576 1046 Pliadas-

1998 1103 2095 1143 sur
2122 1086 2259 1154 (29),
2304 1088 2371 1140 de
2416 1085 2700 1155 Beniamin
2741 1082 2915 1137 Abida
2944 1082 3088 1137 ﬁlius
3120 1080 3394 1135 Gedeouis
3439 1079 3576 1149 (50),

1998 1179 2066 1234 de
2112 1178 2257 1232 tribu
2307 1177 2424 1232 Dan
2476 1177 2742 1229 Acbiezer
2786 1173 2932 1228 ﬁlius
2983 1171 3284 1231 Amisadai,
3331 1169 3399 1223 de
3442 1169 3581 1224 Aser

1998 1270 2269 1325 Phaltihel
2313 1270 2425 1340 (5t)
2461 1268 2605 1323 ﬁlius
2646 1266 2879 1330 Ecchra,
2913 1264 2982 1319 de
3022 1261 3138 1317 Gad
3184 1260 3405 1331 Elisaph
3435 1260 3579 1315 ﬁlius

2000 1362 2269 1433 Raguhcl,
2299 1362 2366 1416 de
2392 1359 2660 1430 Neptalim
2690 1357 2888 1412 Achire
2920 1355 3063 1409 ﬁlius
3086 1352 3291 1408 IEnan.

2072 1452 2313 1524 Itemque
2340 1460 2465 1522 post
2487 1453 2628 1505 hanc
2652 1449 2905 1520 sequitur
2930 1454 3125 1502 octava
3146 1444 3345 1499 divisio
3363 1458 3431 1497 ex
3462 1442 3582 1511 ipso

2000 1546 2141 1601 libro
2167 1545 2530 1600 Numerorum
2565 1542 2705 1613 (32).
2746 1540 2965 1611 quando
3007 1535 3264 1609 praecepit
3289 1533 3579 1595 Dominus,

2000 1646 2055 1694 et
2085 1639 2234 1693 misit
2261 1636 2442 1692 Moses
2480 1635 2760 1705 principes
2805 1632 3054 1686 tribuum
3104 1626 3273 1683 Israel
3304 1625 3372 1679 ad
3406 1625 3580 1693 inspi—

2000 1730 2254 1786 ciendam
2302 1736 2505 1785 terram
2556 1721 3025 1796 repromissionis.
3076 1718 3168 1772 Ait
3212 1718 3452 1786 itaque:
3509 1713 3584 1768 De

2003 1821 2119 1893 μό)
2148 1820 2338 1874 Ruben
2366 1819 2479 1889 (33)
2507 1819 2674 1872 Samu
2702 1816 2845 1869 Illius
2869 1812 3055 1866 Acchu
3080 1809 3216 1880 (54),
3239 1808 3308 1863 de
3329 1807 3587 1861 Simeone

2008 1912 2189 1981 Sapha
2225 1910 2340 1979 (55)
2380 1909 2524 1963 ﬁlius
2556 1906 2705 1971 Suri,
2761 1905 2828 1961 de
2861 1904 3003 1959 Juda
3041 1900 3284 1969 Chaleph
3319 1898 3463 1952 ﬁlius
3496 1894 3587 1951 Je-

2006 2004 2189 2073 phone
2217 2000 2356 2070 (56),
2388 1999 2458 2053 de
2487 1997 2740 2053 Issachar
2772 1994 2907 2049 Sara
2935 1992 3052 2063 (57»)
3089 1990 3235 2045 ﬁlius
3262 1986 3488 2055 Ioseph,
3517 1984 3587 2039 de
3656 2058 3671 2073 ο

2007 2094 2243 2163 Ephrem
2267 2099 2445 2147 Auses
2473 2090 2588 2158 (58)
2622 2090 2767 2143 ﬁlius
2794 2085 2963 2152 Nave,
2991 2085 3059 2139 de
3088 2081 3373 2152 Benjamin
3402 2077 3584 2132 Phalti

2007 2186 2152 2241 ﬁlius
2189 2185 2404 2253 Buphu,
2440 2184 2509 2237 de
2542 2182 2793 2235 Zabulon
2824 2178 3057 2233 Gudihel
3096 2176 3242 2229 ﬁlius
3273 2172 3398 2227 Suri
3448 2170 3587 2240 (39),

2006 2278 2241 2331 ﬁliorum
2272 2274 2474 2344 Ioseph
2508 2273 2574 2327 de
2608 2272 2858 2326 Manasse
2897 2269 3009 2339 (40)
3052 2265 3220 2321 Gelad
3255 2265 3397 2319 ﬁlius
3428 2260 3586 2322 Sudi,

2016 2372 2084 2423 de
2121 2367 2231 2420 Dan
2265 2366 2477 2419 Amihel
2516 2366 2661 2419 ﬁlius
2690 2363 2923 2426 Gamali,
2960 2362 3029 2416 de
3062 2361 3199 2415 Aser
3230 2358 3442 2412 Sachus
3474 2356 3588 2425 (41)

2007 2462 2150 2515 ﬁlius
2185 2460 2475 2524 Michahel,
2518 2458 2585 2513 de
2631 2456 2844 2526 Neptali
2876 2455 2993 2509 llali
3028 2454 3172 2509 ﬁlius
3221 2450 3422 2521 Ulaphi
3448 2448 3586 2521 (42),

2007 2551 2075 2605 de
2101 2549 2217 2604 Gad
2249 2548 2479 2614 Gugihel
2510 2546 2654 2602 ﬁlius
2685 2546 2895 2601 Macchi
2936 2544 3072 2614 (45).

2076 2640 2231 2695 Nona
2275 2655 2495 2710 quoque
2540 2640 2740 2694 divisio
2786 2638 2999 2692 numeri
3050 2640 3323 2705 praecepto
3372 2625 3590 2684 Domini

2006 2732 2167 2787 datur
2204 2748 2270 2787 ex
2312 2732 2431 2802 ipso
2476 2731 2616 2785 libro
2657 2729 3042 2794 Numerorum,
3078 2742 3204 2781 cum
3248 2723 3377 2777 ﬁliis
3423 2718 3593 2774 Israel

2004 2835 2152 2879 terra
2197 2831 2346 2880 sorte
2378 2822 2753 2877 distribuitur.
2811 2819 2886 2875 De
2930 2818 3096 2897 Iuda,
3141 2815 3344 2885 inquit,
3386 2810 3594 2878 Chalep

2006 2917 2151 2971 ﬁlius
2176 2913 2458 2983 Jepphane
2483 2912 2599 2982 (44)
2620 2929 2635 2977 ;
2659 2920 2713 2966 et
2743 2910 3005 2978 deinceps
3031 2910 3429 2961 enumerantur
3445 2901 3591 2971 prin-

2008 3006 2157 3077 cipes
2187 3007 2427 3061 tribuum
2455 3023 2469 3059 :
2500 3005 2576 3059 De
2600 3004 2878 3067 Simeone,
2910 3001 2978 3055 de
3002 2998 3314 3068 Beniamin,
3341 2996 3411 3050 de
3449 2993 3588 3055 Dan.

326 3072 411 3167 est
434 3062 489 3116 in
530 3063 670 3169 libro
704 3064 1112 3169 :‘iume'rorum:
1144 3083 1206 3122 ex
1240 3076 1515 3169 prince-pro
1547 3067 1763 3169 bonum
1799 3087 1811 3121 :
1848 3068 1902 3122 in
1941 3158 1979 3169 Α
2011 3062 2079 3154 ἀὲ
2116 3098 2387 3160 Manasse,
2421 3096 2491 3151 de
2524 3095 2782 3166 Ephrem,
2818 3062 2886 3150 (ιε
2918 3062 3188 3155 Ζεδυιάη,
3220 3090 3292 3145 (ιθ
3318 3086 3590 3151 lssachar,

328 3158 505 3259 prima
534 3158 828 3259 metatione
858 3158 1051 3223 Judas,
1086 3159 1359 3224 Issachar,
1400 3160 1678 3226 Zabulon;
1724 3160 1784 3214 iu'
1818 3174 1905 3214 se-
1936 3158 1981 3218 ϐ
2012 3192 2081 3247 de
2106 3192 2261 3257 Aser,
2301 3158 2379 3245 dei
2402 3158 2637 3259 Νεριιίιί,

328 3247 509 3302 cunda
535 3247 751 3314 Ruben,
780 3249 1024 3317 Simeon,
1052 3250 1165 3307 Gad
1193 3270 1206 3318 ;
1240 3255 1293 3306 in
1318 3253 1477 3307 tertia
1512 3254 1743 3324 Ephrem
1770 3252 1905 3322 (25),

327 3348 385 3397 et
421 3342 722 3411 Manasses,
747 3351 802 3399 et
831 3342 1118 3415 Benjamin
1144 3363 1159 3412 ;
1186 3344 1241 3402 in
1270 3354 1466 3415 quarta
1494 3344 1630 3410 Dan,
1667 3353 1721 3400 ct
1748 3345 1903 3410 Aser,

316 3443 385 3491 let
414 3433 708 3505 Neptalim.

401 3546 616 3603 Rursus
650 3550 881 3618 septima
912 3551 1124 3607 numeri
1165 3550 1363 3606 divisio
1397 3562 1502 3618 est,
1534 3568 1599 3606 ex
1646 3552 1764 3622 ipso
1790 3552 1903 3607 Nu-

330 3655 607 3695 merorum
635 3640 750 3714 [45]
784 3642 926 3697 libro
952 3642 1089 3712 (26),
1118 3659 1241 3701 cum
1265 3644 1421 3713 juxta
1452 3654 1776 3715 praeceptum
1813 3644 1908 3699 Do-

409 3801 425 3832 ¹
461 3799 597 3856 Gen.
637 3817 783 3865 xavr,
819 3802 852 3856 6
891 3818 1011 3873 sqq.
1118 3803 1138 3833 ⁸
1182 3801 1319 3856 Cen.
1362 3818 1508 3869 ηιξ,
1554 3804 1729 3872 Isqq.

334 3870 359 3925 Ι
409 3886 528 3941 sqq.

410 4024 522 4095 (25)
557 4024 647 4079 Sic
698 4038 827 4089 ms.,
858 4024 951 4080 sed
982 4025 1037 4078 in
1078 4024 1252 4079 (ἶνειξε.
1306 4024 1475 4079 fuisse
1517 4026 1757 4096 Ἐφρ-ιιῖμ
1805 4041 1914 4079 non

334 4097 671 4153 dubitamus.

409 4165 521 4237 (26)
553 4163 694 4220 Puto
742 4165 855 4219 haec
890 4165 1130 4237 alludere
1171 4165 1237 4237 ad
1270 4174 1435 4237 caput
1488 4164 1648 4237 Num.
1684 4182 1795 4229 vu;
1830 4166 1920 4237 hic

336 4235 481 4296 enim
504 4235 865 4290 recensentur
894 4235 1173 4305 principes
1199 4235 1485 4305 duodecim
1523 4236 1766 4288 tribuum
1790 4235 1919 4289 oﬁ‘e—

339 4314 526 4364 rentes
552 4304 911 4361 tabernaculo
953 4320 1051 4359 sua
1097 4305 1273 4369 dona,
1308 4304 1433 4358 licet
1460 4307 1567 4358 alio
1620 4306 1810 4360 ordine
1850 4305 1919 4359 ab

339 4394 426 4443 eo,
451 4391 561 4447 quo
592 4387 841 4447 recenset
870 4375 1226 4447 Epiphanius,
1261 4384 1669 4447 recenseantur.
1706 4374 1799 4429 Est
1823 4391 1919 4447 au-

341 4444 624 4504 tem'talis
655 4464 668 4499 :
715 4444 919 4510 Iudas,
954 4444 1223 4506 ISSachar,
1278 4444 1547 4505 Zabulon,
1589 4447 1799 4507 lluhen,
1830 4445 1916 4498 Si-
1950 4460 1992 4514 ῃ

340 4533 501 4574 meon
523 4558 536 4581 ,
562 4516 675 4570 Gad
697 4558 711 4579 ,
748 4515 1001 4585 Ephraim
1022 4557 1039 4585 ,ν
1079 4514 1327 4569 Mauasse
1348 4555 1361 4578 ,
1403 4516 1683 4579 Benjamin
1712 4554 1726 4577 ,
1770 4516 1913 4579 Dan,

344 4595 505 4646 Aser,
535 4584 897 4655 Nephlhalim.
935 4584 1083 4641 Ordo
1115 4594 1368 4640 servatus
1401 4587 1467 4638 ab
1496 4586 1798 4655 Epiphanio
1819 4601 1916 4639 oc—

348 4658 520 4711 currit
571 4656 733 4710 Num.
768 4671 888 4725 cap.
928 4674 965 4721 l,
1012 4656 1100 4710 ubi
1155 4655 1326 4708 initur
1375 4672 1635 4709 numerus
1685 4656 1917 4709 Iiliorum

343 4728 511 4851 large!
570 4742 600 4781 a
668 4728 931 4781 vicesimo
981 4739 1125 4780 anno
1198 4736 1252 4780 et
1307 4742 1470 4795 supra
1529 4742 1623 4795 per
1675 4726 1919 4796 singulas

343 4807 413 4851 tri
458 4813 541 4851 us.

343 4800 541 4853 tribus.

440 4869 532 4937 27)
559 4867 711 4936 Apud
732 4865 867 4920 LXX
896 4864 1055 4937 Num.
1074 4881 1194 4934 cap.
1235 4882 1272 4929 I,
1296 4882 1359 4937 ex
1385 4882 1488 4920 ms.
1516 4866 1666 4937 Alex.
1687 4863 1916 4937 ‘EBrodp.

439 4935 528 5006 ‘28)
562 4935 697 4990 Ibid.
715 4937 821 4989 τῶν
847 4935 977 4988 υἱῶν
1006 4935 1620 5006 Ἰωσὴφ,τ‹ἶ›νἙφραῖμ,
1658 4935 1921 5006 Ἐλισαμά

348 5004 462 5072 υἱός
499 5004 735 5077 Ἐμίουδἴ
764 5006 845 5059 Ea:
867 5008 993 5075 ﬁliis
1016 5004 1228 5072 Joseph,
1264 5008 1352 5077 qui
1380 5004 1657 5076 Epitraem.
1679 5004 1920 5059 Elisama

348 5081 496 5149 filius
546 5075 776 5149 Emind,
807 5086 900 5149 aut
929 5075 1384 5147 quemadmodum
1425 5086 1507 5131 est
1542 5078 1592 5129 iu
1634 5092 1737 5130 ms.
1762 5076 1917 5130 Alex.

350 5147 602 5211 Σεμίουδ,
622 5147 859 5201 Semiud.

444 5219 537 5290 29)
562 5217 697 5290 Ibid.
734 5217 812 5270 sic
839 5216 997 5270 etiam
1027 5232 1127 5271 ms.
1154 5217 1659 5290 Αιοξτψαδᾳσσούρ.
1679 5218 1771 5290 sed
1798 5216 1897 5290 Vat

330 5287 650 5360 paéqoodp,
670 5302 789 5360 cap.
816 5294 994 5360 autem
1016 5301 1228 5349 vn,ms.
1254 5287 1405 5341 Alex.
1434 5289 1593 5341 habet
1615 5287 1917 5359 Φαδασούρ,

349 5372 404 5416 et
442 5355 619 5413 Vatic.
661 5355 938 5410 Φαδασσού
947 5373 997 5426 ρ.

444 5429 683 5499 30)Ihid.
712 5425 963 5493 l‘aanvi,
1002 5425 1250 5499 ϐητίιιοηὶΣ

444 5433 683 5499 δομιηιι.
712 5433 963 5493 Γαδεωνί,
1002 5433 1250 5479 Gadeoni.

422 5433 537 5570 IBI)
564 5499 697 5553 Ibid.
716 5499 1011 5570 secundum
1045 5499 1216 5550 codic.
1237 5495 1488 5570 Vaticq‘t
1503 5498 1623 5551 cod.
1646 5498 1923 5570 Alchu-

392 5566 559 5640 αἱήΧ,
594 5571 686 5623 sed
718 5584 837 5640 cap.
878 5570 928 5630 7,
967 5568 1011 5622 si
1067 5568 1307 5640 consulis
1362 5566 1650 5640 editionem
1685 5584 1749 5621 ex
1798 5567 1920 5640 cod.

392 5589 519 5640 αιηΛ
544 5610 559 5633 ,
594 5589 686 5623 seu
718 5589 837 5636 (ἴθι).
886 5589 928 5630 Ι,
967 5589 1011 5622 SI
1067 5589 1307 5621 ('UIISUIIS
1362 5589 1650 5620 CIIIIIUIICIII
1685 5589 1749 5621 ex
1798 5589 1917 5622 ρυυ.

352 5589 478 5694 in...
510 5639 865 5710 esttbaysﬁl,
909 5638 1152 5710 Φαγαιήλ
1202 5645 1383 5693 autem
1419 5639 1473 5692 lu
1521 5638 1649 5693 edit.
1692 5653 1754 5693 ex
1798 5637 1917 5694 cod.

362 5709 746 5764 Alexandrino.

428 5778 543 5849 (32)
568 5782 699 5849 Cap.
734 5795 851 5834 xm.

1834 3804 1854 3833 ⁸
1899 3800 2065 3856 Exod.
2110 3818 2146 3866 ι,
2199 3802 2250 3866 I,
2289 3801 2344 3855 5.

2086 3282 2218 3337 Dein
2250 3255 2448 3335 rursus
2484 3255 2734 3333 decima.
2752 3275 2965 3331 numeri
3009 3273 3207 3328 divisio
3239 3278 3326 3327 est
3370 3267 3591 3342 quando

2014 3374 2171 3444 251
2200 3371 2315 3445 [45]
2348 3371 2625 3427 benedixit
2648 3368 2828 3425 Moses
2855 3369 2877 3401 ⁵
2912 3367 3038 3423 ﬁliis
3070 3364 3238 3422 Israel
3268 3376 3595 3435 praeponens

2011 3461 2231 3525 Ruben,
2250 3468 2306 3515 et
2331 3460 2592 3529 deinceps
2615 3466 2917 3515 annectens
2955 3456 3175 3520 Iudam,
3204 3454 3354 3518 Levi,
3402 3451 3597 3521 Benja--

2013 3554 2152 3617 min,
2192 3552 2419 3623 Ioseph,
2455 3551 2724 3614 Zabulon,
2760 3547 3033 3614 Issacbar,
3074 3546 3213 3611 Dan,
3254 3544 3405 3610 Gad,
3455 3542 3598 3613 Nep-

2014 3645 2172 3710 talin,
2233 3653 2291 3701 et
2330 3644 2505 3711 Aser;
2536 3653 2592 3699 et
2632 3644 2691 3700 in
2726 3638 3042 3699 novissimis
3080 3641 3243 3696 iterat
3287 3649 3595 3694 sermonem

2450 3802 2471 3831 ⁶
2507 3799 2669 3855 Νυιη.
2710 3814 2775 3868 ιι,
2814 3796 2851 3853 2
2887 3814 3009 3870 sqq.
3118 3795 3141 3828 '
3180 3793 3337 3850 Deut.
3391 3803 3594 3855 xxxm,

2090 4027 2205 4094 ('55)
2235 4024 2397 4089 LXX,
2450 4026 2551 4096 τῆς
2581 4024 2752 4095 φυλῆς
2792 4023 3040 4091 Ῥουϐῆν.
3066 4021 3162 4096 _De
3202 4020 3343 4075 tribu
3394 4017 3595 4096 (iuben,

2019 4104 2073 4149 et
2099 4089 2427 4150 'sic'caztera:
2453 4089 2670 4163 quoque
2711 4089 2889 4148 tribus
2920 4089 3285 4163 nominantur
3310 4109 3323 4143 :
3369 4089 3470 4156 τῆς
3496 4105 3597 4156 φυ-

2020 4164 2381 4236 λῆςῗΣυμεεεῷγμ.
2415 4160 2545 4236 9th.,
2573 4160 2676 4236 ’ἑῆς
2705 4160 3104 4236 φυλῆς-Ἰούβα.
3134 4171 3240 4216 ctc.

2093 4230 2399 4301 (3i)'LXX,
2434 4230 2688 4305 Σαμυυὴλ
2718 4230 3106 4302 υἱὸζΖαχούρ,
3139 4242 3251 4297 aut,
3279 4233 3359 4289 uti
3409 4240 3491 4288 est
3541 4233 3594 4287 in

2022 4320 2125 4359 ms.
2157 4305 2333 4361 Alex..
2362 4303 2594 4373 Ζαχρού.

2095 4375 2205 4443 (55)
2239 4374 2400 4439 LXX,
2434 4376 2641 4442 Σαφάτ,
2677 4373 2901 4443 Saphat.

2056 4441 2386 4565 thLLXX,
2420 4441 2601 4498 Χὰλεδ
2636 4441 2761 4509 υἱὸςή
2798 4444 3054 4515 Ἰεφοννή,
3086 4442 3280 4499 Clialeb
3309 4443 3456 4514 ﬁlius
3501 4441 3596 4498 Je—

2036 4532 2241 4569 πιυηηε.

2020 4533 2401 4654 νηῖἕῧίχχ,
2438 4586 2633 4649 sua,
2658 4593 2712 4639 et
2743 4585 2795 4639 in
2825 4601 2929 4641 ms.
2958 4584 3113 4641 Alex.
3150 4586 3312 4655 Ἰγάλ.

2092 4657 2201 4722 ('58)
2230 4656 2391 4718 Lxx.
2424 4660 2592 4725 Αὺσή.

2091 4728 2200 4794 (39)
2235 4728 2395 4789 LXX,
2434 4729 2608 4782 Σουδί.

2092 4798 2202 4869 (40)
2231 4797 2392 4857 LXX.
2423 4801 2521 4869 τῆς
2552 4798 2723 4867 φυλῆς
2760 4795 2954 4869 ’Ῑῳσὴφ
3012 4796 3119 4869 τῶν
3144 4796 3276 4869 υἱῶν
3306 4793 3597 4869 Mavaooﬁ,

2020 4865 2177 4919 Γαδδὶ
2211 4869 2323 4931 υἱὸς
2358 4864 2535 4921 Σουάί.
2564 4864 2693 4948 Quae
2716 4864 3120 4948 verba'i'nnedit:
3148 4866 3320 4948 Paris.
3347 4880 3434 4919 an.
3463 4864 3601 4948 I628

2022 4950 2303 5005 perperam
2352 4941 2719 5009 praetermissa
2771 4946 2916 4991 sunt.
2962 4936 3036 4990 Ex
3067 4938 3153 4993 his
3190 4946 3370 4990 autem
3412 4943 3598 4989 nostra

2021 5007 2403 5078 intelligenda,
2438 5018 2531 5063 aut
2573 5010 2755 5077 potius
2788 5007 3108 5077 corrigenda
3162 5015 3244 5062 est
3299 5008 3510 5078 versio,
3542 5011 3597 5078 et

2022 5076 2146 5129 data
2196 5074 2486 5133 occasione
2540 5074 2756 5134 silentio
2815 5092 2920 5130 non
2943 5074 3362 5146 praetermittam
3397 5074 3596 5144 Ioseph

2022 5161 2144 5200 cum
2179 5148 2429 5204 Manasse
2465 5148 2745 5217 conjungi,
2783 5157 2836 5199 ut
2871 5156 3017 5201 certa
3055 5148 3231 5202 tribus
3261 5146 3598 5216 designetur;

2022 5218 2218 5286 duplex
2251 5222 2393 5272 enim
2430 5221 2604 5275 tribus
2632 5217 2831 5288 Ioseph
2857 5226 2996 5281 erat,
3023 5219 3197 5274 altera
3239 5217 3496 5288 Ephraim
3545 5222 3600 5269 et

2024 5289 2194 5340 altera
2221 5289 2489 5344 Manasse.

2233 5358 2396 5431 LXX,
2430 5359 2640 5431 Σαϐούρ
2661 5400 2681 5431 ,ί
2710 5357 2928 5431 Sat/iur.

2097 5428 2208 5500 (42)
2234 5430 2394 5489 LXX.
2431 5430 2567 5483 No.6).
2610 5428 2731 5492 ὐἱὸς
2763 5428 2894 5482 Σαδί
2921 5470 2932 5487 ,
2994 5428 3137 5483 Ναὺὶ

2026 5513 2132 5552 ms.
2160 5511 2339 5553 autem
2371 5501 2520 5554 Alex.
2554 5500 2711 5553 Ναϐὰ
2738 5500 2851 5563 υἱὸς
2901 5501 3056 5553 Ἰαϐί.

2098 5570 2210 5644 (45)
2244 5570 2406 5644 Lxx,
2434 5572 2657 5642 Γουδεὴλ
2686 5570 2801 5644 uio;
2832 5558 3256 5644 Maxxi,_Cudi_c!
3284 5564 3428 5644 ﬁnus
3455 5558 3599 5616 Maa—

2026 5634 2129 5702 chi,
2161 5634 2254 5707 sed
2280 5642 2438 5694 etiam
2481 5644 2534 5694 in
2570 5634 2671 5695 nis.
2706 5641 2860 5695 Alex.
2891 5634 3170 5707 est'Maxi,
3191 5634 3387 5689 Maelii.

2100 5711 2210 5783 (Μ)
2243 5711 2400 5776 LXX,
2440 5710 2699 5783 Ίεφοννῆ.

3171 5428 3315 5498 ﬁlius
3358 5424 3506 5479 Sabi.
3542 5420 3599 5474 In
