4034 6216
482 338 590 396 847

557 638 690 693 Item
726 636 1019 692 undecima
1047 635 1261 691 numeri
1288 635 1490 691 divisio
1532 635 1818 705 probatur,
1844 633 2062 704 quando

490 731 811 800 pracipitur
870 729 987 795 eis,
1057 736 1350 798 antequam
1422 726 1799 797 ingrediantur
1857 720 2060 781 terram

486 820 675 888 Israel,
720 836 841 874 mox
880 818 1301 875 transfretantes
1349 817 1665 882 Iordanem,
1711 826 1857 873 stent
1896 832 2062 887 super

486 913 626 966 duos
676 911 888 966 montes
928 911 1148 965 Garizin
1192 918 1246 964 et
1295 908 1464 964 Gebal
1497 910 1537 974 ⁸,
1589 924 1683 965 sex
1727 908 1853 963 hinc
1900 918 2062 979 atque

487 1001 635 1068 inde,
672 1003 737 1057 ad
779 1001 1209 1057 benedicendum
1257 1001 1343 1055 his
1379 999 1473 1071 qui
1508 1000 1828 1055 custodiunt
1864 1000 2058 1069 legem,

486 1100 541 1146 et
570 1092 636 1145 ad
663 1092 1100 1147 maledicendum
1133 1092 1218 1146 his
1251 1092 1344 1161 qui
1375 1091 1509 1162 legis
1542 1101 1810 1162 pmcepta
1844 1107 2063 1148 servare

488 1183 946 1250 contempserint,
978 1188 1032 1234 et
1062 1187 1147 1235 est
1187 1180 1290 1235 ista
1320 1179 1595 1233 contestio
1634 1179 1882 1245 numeri;
1933 1192 2060 1231 nam

488 1286 655 1341 super
684 1272 1093 1326 benedictiones
1118 1271 1403 1325 consecuti
1440 1276 1588 1332 sunt,
1628 1268 1869 1331 Simeon,
1906 1267 2058 1332 Levi,

485 1358 677 1424 Iudas,
709 1359 983 1423 Issaehar,
1037 1357 1263 1428 Ioseph,
1298 1368 1353 1413 et
1384 1356 1706 1426 Benjamin;
1739 1372 1905 1425 super
1944 1370 2061 1410 ma-

488 1451 808 1506 ledictiones
848 1460 1028 1506 autem
1061 1451 1113 1505 hi
1134 1490 1152 1517 ,
1186 1449 1398 1515 Ruben,
1425 1448 1563 1516 Gad,
1599 1450 1757 1512 Aser,
1795 1447 2059 1513 Zabulon,

485 1538 627 1601 Dan,
658 1549 713 1593 et
746 1540 1018 1610 Neptalin.

556 1628 889 1684 Duodecima
932 1646 1127 1685 rursus
1169 1638 1253 1685 est
1284 1628 1484 1685 divisio
1527 1629 1742 1685 numeri
1782 1644 1906 1684 eum
1942 1644 2063 1685 sor-

485 1719 702 1773 tiuntur
745 1727 947 1774 terram
1000 1720 1373 1789 possessionis
1416 1735 1529 1775 suae
1576 1718 1715 1790 (45),
1765 1726 1819 1774 et
1867 1719 2058 1775 Ruben

1752 333 1926 388 LIBIII
1968 333 2056 388 DE
2090 335 2179 390 XII
2218 339 2480 395 GEMMIS

422 432 433 485 ῖ
487 453 557 510 de
588 451 791 524 smpti
817 469 832 508 ε
858 451 974 508 hac
999 459 1128 510 sunt
1161 450 1330 507 millia
1360 449 1630 521 Ephrem;
1666 460 1720 506 et
1750 449 1863 505 haec
1890 449 2062 503 millia
2090 458 2133 513 Α

3631 339 3749 400 348

2244 452 2496 508 Forsitan
2532 463 2714 510 autem
2771 464 2828 511 et
2858 454 2983 512 aliis
3014 455 3150 511 locis
3181 454 3294 527 (46)
3325 455 3537 511 numeri
3579 457 3745 513 aliter

2166 542 2517 597 inveniantur
2540 542 2658 616 [47]
2681 544 2944 615 ascripti;
2975 560 3077 601 nos
3119 555 3302 599 tamen
3332 545 3466 599 istos
3489 543 3742 602 invenire

2164 636 2465 705 potuimus,
2495 644 2551 691 et
2596 637 2678 692 ha:
2708 638 2933 708 quidem
2969 645 3099 694 sunt
3128 636 3447 702 divisiones,
3490 650 3616 707 qua
3645 651 3741 692 se-

2165 725 2403 779 cundum
2429 741 2719 781 numerum
2752 725 2977 781 diverso
3006 726 3168 780 modo
3194 732 3411 780 constat
3439 740 3562 781 esse
3582 740 3743 780 com-

2164 817 2359 886 positae
2424 818 2558 888 (47),
2636 833 2779 872 nune
2822 819 3039 889 quidem
3072 818 3376 873 secundum
3408 826 3738 888 praeceptum

2165 905 2402 970 Domini,
2431 922 2579 962 nunc
2621 918 2802 962 autem
2856 909 3015 978 juxta
3044 909 3382 979 singulorum
3427 909 3738 979 principum

2164 995 2494 1051 voluntatem
2525 1016 2537 1052 :
2570 998 2698 1053 dico
2727 1012 2860 1053 vero
2905 997 3042 1054 Mosi
3085 1009 3140 1053 et
3184 998 3312 1053 Iesu
3353 997 3520 1063 Nave,
3556 1006 3612 1054 et
3638 1002 3741 1070 qui

2163 1086 2423 1157 deinceps
2460 1104 2655 1143 eorum
2701 1105 3055 1146 successores
3100 1092 3365 1147 exsistere
3393 1101 3737 1147 meruerunt.

2165 1176 2275 1231 Nec
2304 1179 2423 1233 sine
2450 1178 2662 1249 Spiritu
2697 1180 2748 1234 id
2779 1190 2958 1234 actum
2992 1188 3095 1246 est,
3131 1180 3248 1244 sed,
3277 1189 3336 1234 ut
3368 1180 3558 1245 voluit,
3590 1180 3740 1235 idem

2170 1265 2410 1337 Spiritus
2450 1278 2678 1323 sanctus
2715 1270 3076 1333 enumeravit,
3107 1280 3268 1339 atque
3324 1268 3591 1339 disposuit
3616 1271 3739 1324 sin-

2166 1360 2323 1429 gulas
2376 1360 2805 1430 consequentias
2848 1360 3003 1430 juxta
3054 1359 3328 1429 propriam
3379 1361 3737 1413 voluntatem.

2169 1449 2488 1515 Revertens,
2515 1452 2655 1507 idem
2683 1450 2751 1506 de
2780 1451 2867 1505 his
2901 1467 3010 1504 uno
3041 1451 3159 1504 loco
3187 1449 3421 1504 breviter
3467 1458 3520 1504 et
3546 1464 3742 1505 conse-

2163 1549 2393 1612 quenter
2434 1542 2735 1598 edisseram
2767 1539 3553 1611 easdemquequatuordecim
3597 1540 3741 1595 divi-

2164 1634 2370 1699 siones,
2406 1632 2711 1703 harumque
2745 1633 3094 1687 selectiones.
3137 1630 3257 1686 Non
3292 1632 3345 1685 in
3381 1646 3612 1685 vacuum
3652 1631 3742 1684 Ia-

2164 1724 2331 1791 ciam,
2363 1740 2467 1780 nec
2519 1732 2578 1779 ut
2603 1725 2939 1780 venerationi
2980 1732 3085 1778 tua:
3112 1724 3226 1778 haec
3259 1724 3563 1777 recensenti
3617 1736 3741 1775 mo-

481 1817 633 1866 sorte
672 1811 940 1879 contingit
978 1820 1130 1864 trans
1161 1808 1477 1873 Iordanem,
1526 1819 1820 1879 antequam
1858 1810 2059 1865 transi-
2091 1795 2132 1850 Β
2162 1817 2334 1873 [estus
2371 1818 2672 1885 exsistam;
2719 1818 2813 1873 sed
2844 1825 2901 1871 ut
2939 1816 3178 1881 noveris,
3212 1814 3357 1885 quod
3387 1815 3499 1884 jam
3529 1812 3625 1868 Dei
3668 1814 3741 1868 sil,

486 1911 647 1955 retur
672 1900 726 1954 in
753 1908 961 1955 terram
995 1902 1182 1964 Israel,
1216 1908 1271 1956 et
1301 1908 1383 1956 est
1422 1901 1528 1956 ista
1556 1901 1913 1956 distributio:
1949 1900 2060 1955 Bu-

480 1993 612 2059 ben,
646 2000 703 2047 et
732 1993 891 2063 juxta
927 2006 1051 2047 eum
1069 1991 1185 2048 Gad
1215 2001 1269 2048 et
1294 1984 1521 2048 dimidia
1578 1993 1756 2049 tribus
1785 1992 2053 2049 Manasse.

479 2082 619 2139 Dein
659 2090 1011 2139 transeuntes
1047 2081 1344 2137 Iordanem
1390 2083 1601 2153 primus
1635 2081 1807 2138 Iudas
1840 2083 2056 2153 accipit,

482 2180 601 2227 tum
636 2171 945 2243 Benjamin,
996 2173 1124 2228 dein
1155 2172 1358 2242 Ioseph
1403 2189 1469 2229 ei
1508 2173 1780 2239 Manasse,
1811 2175 1937 2230 dein
1976 2174 2061 2230 Si-

478 2279 642 2319 nteon
670 2265 811 2320 inter
842 2264 1124 2333 Benjamin
1154 2275 1210 2318 et
1231 2263 1427 2320 Iudam
1466 2265 1708 2330 locatus,
1744 2274 1818 2329 et,
1882 2276 1939 2320 ut
1986 2266 2061 2320 ita

480 2356 738 2420 dixerim,
791 2365 1188 2425 coangustatus
1238 2364 1344 2415 est.
1392 2358 1522 2427 quia
1571 2358 1683 2413 illis
1733 2360 1908 2427 spatia
1952 2375 2060 2413 non

482 2449 727 2505 fuerunt.
754 2448 889 2504 Dein
923 2448 1168 2504 Zabulon
1201 2456 1405 2504 terram
1440 2449 1821 2518 consequitur,
1844 2460 1898 2505 et
1918 2449 2063 2506 Issa-

495 2541 651 2607 char,
695 2550 749 2595 et
790 2542 948 2607 Aser,
1007 2539 1126 2613 με]
1171 2548 1225 2595 et
1286 2539 1579 2610 Neptalim,
1624 2550 1680 2597 et
1751 2540 1890 2597 Dan.
1932 2542 2062 2597 Levi

484 2647 621 2688 sane
657 2633 710 2687 in
759 2634 1016 2687 omnibus
1064 2632 1349 2701 dispersus
1391 2640 1478 2687 est
1521 2633 1774 2689 tribubus
1813 2634 2062 2691 civitates

493 2726 839 2782 solummodo
868 2734 923 2779 et
960 2725 1275 2781 suburbana
1303 2725 1630 2795 percipiens.

556 2817 770 2873 Itursus
811 2817 976 2871 tertia
1004 2817 1215 2872 decima
1244 2818 1441 2872 divisio
1476 2817 1687 2872 numeri
1727 2819 1972 2873 occurrit
1995 2835 2063 2874 ex

479 2906 748 2963 Zacharia
793 2908 1099 2979 propheta”
1140 2909 1286 2965 sicut
1327 2910 1502 2964 dicit:
1544 2908 1609 2964 In
1644 2910 1740 2963 illa
1765 2908 1854 2963 die
1904 2911 2061 2979 plan-

479 3007 602 3070 gant
640 3016 822 3055 omnes
854 3000 1023 3055 tribus
1057 3011 1253 3056 terra:
1285 3001 1453 3057 tribus
1488 3000 1679 3058 domus
1709 3002 1880 3057 David
1909 3019 2064 3072 super

2161 1908 2442 1979 adjuvare,
2485 1916 2544 1962 ut
2592 1909 2889 1979 unicuique
2934 1908 3102 1962 tribui
3154 1914 3484 1961 memoratos
3530 1904 3741 1975 lapidea

2162 2000 2434 2053 veraciter
2462 2008 2720 2069 coaptare
2750 1998 3045 2070 possimus.

2241 2088 2355 2162 [48]
2394 2089 2469 2143 Ex
2504 2089 2777 2161 cogitante
2808 2090 2975 2160 igitur
3011 2090 3243 2143 multum
3272 2096 3476 2155 mente,
3497 2094 3743 2140 tractau-

2163 2192 2247 2237 tes
2276 2183 2436 2251 juxta
2484 2182 2879 2251 experientiam
2926 2183 3091 2250 hujus
3134 2181 3444 2245 electionis,
3499 2179 3743 2249 suggerit

2163 2272 2323 2327 nobis
2365 2272 2582 2326 animus
2622 2280 2677 2327 et
2712 2272 2829 2342 ipsa
2861 2269 3257 2343 consequentia
3302 2269 3573 2336 lectionis,
3601 2285 3743 2338 qua-

2164 2367 2288 2422 liter
2329 2366 2692 2421 animadverti
2725 2367 2898 2437 possit
2940 2365 3241 2437 quadralus
3285 2363 3421 2419 ordo
3458 2362 3742 2417 rationalis

2166 2472 2231 2510 ex
2262 2457 2529 2527 appositis
2583 2456 2854 2527 lapidibus
2900 2454 3201 2510 secundum
3249 2460 3549 2507 memorata
3582 2466 3743 2505 voca-

2165 2547 2315 2601 bula.
2354 2545 2688 2616 Requiratur
2735 2546 2846 2615 jam
2894 2545 2962 2601 de
3012 2544 3246 2615 singulis
3289 2544 3533 2598 numeris
3578 2542 3741 2597 sicuti

2164 2638 2403 2693 discreta
2438 2645 2525 2691 est.
2562 2650 2901 2707 unaquaeque
2929 2634 3147 2699 divisio,
3180 2635 3362 2705 qualis
3412 2632 3481 2687 ad
3518 2648 3744 2687 eorum-

2165 2730 2287 2785 dem
2313 2729 2551 2798 lapidum
2581 2728 2848 2781 rationem
2879 2725 3276 2794 lectionemque
3306 2727 3376 2780 sit
3398 2739 3740 2794 congruens;

2162 2828 2217 2876 et
2254 2820 2569 2890 ubicunque
2599 2818 2818 2889 quidem
2860 2817 3328 2871 dinumeratarum
3366 2816 3605 2869 tribuum
3638 2823 3746 2869 sta-

2165 2920 2279 2964 tum
2317 2911 2371 2964 in
2413 2910 2548 2964 locis
2597 2908 2828 2979 singulis
2879 2908 3242 2979 inspeximus,
3280 2915 3571 2976 menteque
3615 2920 3744 2977 per-

2165 3000 2453 3070 pendimus
2481 3014 2586 3053 non
2626 3014 2789 3069 posse
2821 2999 3162 3061 naturaliter,
3193 3005 3251 3051 ut
3302 3010 3563 3050 numerus
3589 2993 3747 3066 quili-

480 3106 559 3158 se,
588 3099 640 3146 et
684 3092 931 3147 mulieres
963 3108 1149 3149 earum
1188 3109 1348 3162 super
1378 3108 1467 3157 se;
1512 3094 1683 3148 tribus
1708 3092 1895 3148 donius
1941 3092 2056 3147 Na-
2089 3125 2132 3182 ο
2167 3090 2261 3167 bet
2280 3103 2492 3153 eorum,
2518 3087 2612 3159 qui
2650 3102 2977 3157 unaquaque
3000 3086 3271 3142 divisione
3296 3084 3567 3139 numerati
3592 3092 3745 3152 sunt,

481 3184 609 3238 than
643 3199 796 3253 super
839 3201 925 3248 se,
969 3194 1018 3238 et
1056 3184 1299 3239 mulieres
1354 3200 1537 3239 earum
1578 3200 1738 3253 super
1767 3201 1850 3248 se;
1892 3185 2061 3238 tribus

479 3276 671 3331 donius
710 3275 833 3330 Levi
880 3292 1038 3342 super
1082 3293 1158 3340 se,
1202 3286 1252 3331 et
1294 3258 1539 3331 insiliens
1564 3292 1750 3330 earum
1789 3292 1942 3344 super
1971 3292 2060 3340 se;

485 3369 659 3425 tribus
688 3369 878 3423 domus
906 3367 1123 3423 Simeon
1145 3384 1302 3437 super
1315 3386 1392 3435 se,
1419 3379 1470 3425 et
1500 3369 1741 3424 mulieres
1761 3385 1945 3424 earum
1973 3386 2063 3424 su-

481 3476 576 3529 per
607 3478 682 3516 se.
724 3460 1086 3531 Plangeutqus
1116 3470 1323 3515 cuncta
1352 3461 1580 3515 residuae
1630 3460 1821 3524 tribus,
1864 3468 1920 3515 et
1955 3475 2061 3514 non

483 3551 790 3608 nominavit
817 3571 830 3606 :
860 3552 1025 3623 queis
1045 3566 1149 3608 nos
1176 3558 1358 3606 autem
1384 3562 1605 3622 propter
1670 3553 1835 3607 situm
1866 3551 2067 3608 descri-

485 3646 694 3718 ptionis
737 3654 917 3707 terra,
959 3645 1103 3700 hanc
1122 3645 1571 3716 consequentiam
1614 3659 1741 3702 esse
1784 3646 2065 3717 perspexi-

486 3751 636 3799 inus,
666 3743 728 3789 ut
764 3736 837 3790 sit
875 3735 1054 3790 tribus
1095 3735 1401 3806 Benjamin,
1432 3733 1556 3789 dein
1584 3732 1809 3806 Ioseph,
1850 3734 2063 3803 Ruben,

486 3824 918 3892 Gad,Zabulon,
950 3824 1227 3892 Issaehar,
1281 3825 1439 3893 Aser,
1486 3825 1758 3899 Neptalim
1813 3834 1868 3882 et
1923 3826 2063 3882 Dan.

558 3916 692 3974 Item
722 3926 920 3989 quarta
948 3916 1162 3972 decima
1192 3918 1396 3973 divisio
1422 3918 1638 3973 numeri
1671 3918 1860 3975 subest
1882 3934 1948 3975 ex
1981 3933 2067 3974 re-

486 4008 764 4066 velatione
792 4008 851 4065 S.
880 4007 1111 4065 Joannis
1141 4010 1162 4041 ³
1203 4010 1299 4081 qui
1328 4009 1697 4065 dinumeravit
1721 4024 1789 4065 ex
1823 4024 2068 4080 unaqua-

486 4116 599 4174 que
640 4102 787 4157 tribu
824 4099 1114 4157 duodecim
1164 4100 1337 4156 millia
1369 4115 1580 4167 eorum,
1627 4100 1722 4171 qui
1755 4100 2069 4171 virginitate

488 4193 815 4250 sanetilicati
844 4200 995 4257 sunt,
1026 4192 1102 4247 ait
1128 4192 1274 4248 enim
1307 4211 1321 4247 :
1360 4191 1433 4247 De
1459 4191 1601 4247 Iuda
1629 4193 1915 4249 duodecim
1943 4193 2069 4247 mil-

487 4285 562 4340 lia
590 4300 605 4339 :
639 4283 707 4339 de
737 4282 931 4338 Ruben
961 4282 1239 4348 similiter,
1272 4283 1400 4338 exin
1432 4281 1500 4336 de
1536 4280 1676 4347 Gad,
1702 4282 1770 4337 de
1806 4284 1966 4345 Aser,
2001 4282 2070 4337 de

486 4375 723 4445 Neptali,
785 4375 853 4429 dc
911 4375 1178 4436 Manasse,
1226 4374 1294 4429 de
1341 4374 1616 4437 Sitneone,
1674 4373 1742 4429 de
1806 4373 1954 4437 Levi,
2003 4375 2069 4427 de

2171 3193 2339 3232 unum
2386 3191 2580 3232 nomen
2614 3177 2798 3232 minus
2843 3177 3052 3230 habens
3092 3191 3158 3230 ex
3191 3175 3469 3239 tribubus,
3504 3174 3748 3244 appella-

2171 3269 2306 3322 tioni
2359 3268 2553 3323 horum
2597 3266 2836 3337 lapidum
2885 3266 3152 3337 coaptari.
3199 3264 3435 3336 Ideoque
3485 3264 3743 3334 protinus

2171 3360 2496 3416 divisionem
2525 3361 2825 3415 secundam
2870 3359 2972 3414 rite
3012 3357 3359 3423 sustulimus,
3401 3364 3588 3426 utpote
3624 3368 3750 3425 qua:

2172 3452 2371 3506 horum
2415 3450 2653 3520 lapidum
2694 3449 3114 3505 consonantiam
3158 3448 3358 3502 habere
3398 3460 3507 3500 non
3550 3447 3746 3516 possit,

2174 3552 2459 3615 propterea
2524 3543 2653 3613 quia
2705 3542 2916 3612 primos
2972 3546 3138 3611 ponat
3193 3538 3308 3593 Dan
3364 3546 3419 3594 et
3458 3536 3747 3607 Neptalim,

2183 3636 2300 3691 Gad
2341 3645 2396 3689 et
2440 3635 2598 3698 Aser,
2655 3635 2759 3689 hoc
2815 3640 2922 3700 est,
2956 3632 3277 3688 ancillarum
3324 3630 3487 3697 Illius,
3528 3629 3749 3699 quando

2176 3728 2399 3782 mittens
2436 3724 2614 3781 Iacob
2646 3724 2791 3780 Esau
2830 3739 3057 3779 munera
3106 3724 3161 3778 in
3208 3730 3446 3777 turmam
3494 3735 3589 3776 eos
3630 3721 3747 3789 pri-

2175 3833 2319 3872 mam
2351 3817 2559 3872 divisit.
2590 3815 2720 3870 Post
2750 3814 2865 3869 htec
2895 3824 3077 3870 autem
3112 3813 3254 3869 ﬁlios
3285 3812 3395 3867 Lire
3426 3812 3555 3867 fecit
3587 3811 3747 3864 aliam

2175 3918 2435 3965 turmam.
2464 3907 2601 3962 Dein
2640 3906 2780 3961 ﬁlios
2812 3905 3018 3960 Rachel
3068 3915 3303 3960 turmam
3335 3904 3573 3959 tertiam.
3612 3901 3746 3956 Nam

2176 4020 2302 4061 cum
2342 4000 2697 4072 pretiosiores
2733 3997 2937 4069 lapides
2980 3998 3093 4051 sint
3117 3997 3172 4050 in
3209 3995 3477 4066 principio
3507 3994 3753 4049 rationa-

2178 4096 2269 4160 lis,
2303 4107 2467 4165 porro
2497 4090 2589 4144 lilii
2622 4088 2947 4143 ancillarum
2995 4086 3286 4141 inferiores
3331 4086 3654 4148 habeantur,
3699 4092 3754 4140 et

2181 4187 2273 4242 hic
2301 4185 2537 4257 primum
2570 4181 2732 4253 positi
2760 4179 2893 4245 sint,
2926 4178 3264 4249 impossibile
3299 4184 3383 4231 est
3408 4192 3503 4231 eos
3531 4176 3598 4229 ad
3625 4191 3751 4230 cau-

2182 4293 2297 4334 sam
2347 4275 2655 4337 rationalis,
2700 4273 2756 4328 in
2792 4273 2897 4327 hac
2940 4269 3157 4325 numeri
3198 4278 3373 4339 parte,
3426 4282 3747 4338 congruere,

2183 4378 2408 4442 propter
2437 4369 2582 4438 quod
2616 4368 2690 4422 ita
2728 4382 2789 4423 se
2823 4366 3025 4422 habere
3062 4378 3171 4417 non
3202 4362 3392 4433 possit.
3424 4361 3554 4416 Item
3587 4376 3751 4430 quar-

491 4467 769 4531 Issaehar,
819 4465 887 4520 de
939 4464 1203 4529 Zabulon,
1257 4465 1325 4520 de
1372 4463 1596 4534 Ioseph,
1646 4466 1713 4519 de
1764 4464 2065 4533 Benjamin.
2103 4480 2147 4535 υ
2181 4472 2290 4517 tam
2326 4459 2671 4525 divisionem,
2720 4456 3158 4513 benedictionem
3196 4453 3387 4517 Iacob,
3439 4451 3751 4522 exploravi-

489 4557 775 4628 Nusquam
806 4570 939 4610 vero
971 4556 1025 4609 in
1068 4557 1172 4611 hoc
1205 4556 1327 4611 loco
1362 4557 1609 4610 meminit
1645 4555 1783 4609 Dan.

563 4744 579 4773 '
630 4740 998 4804 Deut..xxvn,
1039 4739 1105 4793 12
1146 4754 1269 4810 sqq.
1346 4740 1366 4770 ²
1409 4738 1641 4793 Zachar.
1687 4754 1786 4806 xu,
1831 4739 1898 4794 I2
1937 4755 2037 4812 sqq

586 4917 675 4983 45)
698 4916 836 4973 Vide
862 4919 957 4973 lib.
990 4917 1157 4973 Iosue
1186 4932 1214 4970 a
1245 4933 1366 4988 cap.
1399 4935 1519 4983 xm,
1549 4919 1614 4973 ad
1645 4927 1816 4975 totum
1849 4936 1963 4975 XXI.

586 4989 675 5059 I6)
727 4988 989 5044 Videntur
1016 4988 1317 5058 Epiphanio
1349 4990 1619 5045 excidisse
1674 4998 1836 5059 caput
1869 5007 1897 5043 χ
1947 4988 2070 5043 libri

490 5059 893 5121 Numerorum,
945 5060 1036 5130 ubi
1082 5075 1237 5114 saeer
1300 5060 1777 5130 historiographus
1824 5061 2072 5114 ordinem

492 5131 735 5197 exhibet,
773 5145 881 5199 quo
907 5129 1297 5197 gradiebantur
1322 5129 1584 5199 Israelita:
1614 5140 1737 5199 post
1759 5131 2074 5184 columnam

494 5202 694 5264 nubis,
733 5198 853 5271 qua:
904 5202 1025 5255 illos
1067 5198 1382 5271 praeivit_in
1422 5198 1677 5264 deserto,
1727 5207 1783 5271 et
1832 5200 2079 5271 ejusdem

494 5272 616 5326 libri
653 5265 771 5341 cap'.
810 5286 959 5333 xm,
1000 5265 1089 5324 ubi
1122 5268 1381 5323 Israelita!
1405 5285 1595 5341 omnes
1619 5265 1875 5341 a_viginti
1899 5265 2081 5329 annis,

495 5351 547 5398 et
596 5338 761 5412 supra
796 5350 1183 5412 numerantur:
1220 5345 1480 5412 praeterea
1509 5338 1901 5412 [ὧι-[ΕπειΙίρῇ
1937 5353 1986 5392 e.
2022 5351 2081 5399 ll,

537 5407 939 5481 uod'int-ipits
980 5410 1109 5464 Filii
1139 5407 1311 5463 autem
1351 5407 1563 5481 Israel,
1612 5408 1811 5481 Ruben,
1844 5408 2077 5481 Simeon,

529 5485 658 5543 .evi,
692 5476 835 5535 ludii
858 5522 872 5541 ,
913 5479 1165 5535 Issacltar
1227 5490 1275 5533 et
1340 5477 1583 5532 Zabulon
1608 5519 1625 5542 ,
1659 5479 1779 5533 Dan
1804 5519 1819 5541 ,
1851 5476 2078 5546 Joseph,

501 5554 806 5625 Benquin.
846 5550 1155 5623 Nepltthali,
1184 5547 1299 5603 Gud
1346 5559 1393 5603 et
1438 5551 1600 5603 Asrr:
1650 5550 1882 5625 etuordo
1909 5590 1924 5613 ,
1974 5563 2082 5617 quo

502 5620 621 5678 Iilii'
653 5624 825 5679 Iacob
874 5620 1232 5678 recensentur
1289 5636 1412 5675 cum
1471 5620 1839 5687 quorumlibet
1892 5635 2079 5675 eorum

502 5697 709 5749 texitur
736 5694 1050 5765 genealogia
1074 5694 1128 5747 in
1152 5693 1339 5765 eodem
1373 5691 1465 5745 lib.
1498 5693 1511 5744 Ι
1546 5691 1778 5765 I‘aralip.
1812 5706 1841 5742 a
1868 5706 1991 5765 cap.
2026 5706 2078 5746 v.

510 5764 572 5819 '..d
593 5761 940 5835 vm,nccnon
970 5761 1291 5821 'Ezcchiclis
1322 5779 1441 5833 cap.
1476 5777 1659 5827 sum,
1680 5761 2083 5830 ubiunicuique

2180 4568 2325 4621 mus,
2359 4552 2576 4623 quando
2620 4552 2860 4607 moriens
2898 4550 3021 4605 [iliis
3059 4546 3359 4603 benedixit.
3396 4543 3571 4602 Habet
3609 4547 3749 4601 enim

2134 4740 2157 4773 ³
2195 4743 2362 4810 Apoc.
2406 4752 2499 4803 vn,
2534 4737 2568 4789 4
2605 4750 2725 4806 sqq.

2177 4916 2344 4970 tribui
2379 4931 2441 4969 ea
2492 4922 2655 4969 teme
2692 4920 2894 4969 sanctae
2919 4926 3045 4981 pars
3070 4910 3355 4975 asseritur,
3396 4924 3517 4981 quae
3543 4907 3752 4962 unicui-

2179 5002 2286 5054 quc
2341 4985 2568 5049 conitigit
2603 4983 2763 5054 Mose_
2785 4989 2839 5054 et
2880 4980 3047 5054 Iosue
3085 4996 3204 5054 eam
3238 4988 3441 5054 terram
3478 4980 3619 5034 inter
3650 4992 3754 5054 eos

2180 5049 2655 5111 distribuentibus.
2732 5052 2987 5119 Quinimo
3054 5051 3099 5107 si
3187 5049 3527 5105 meminisset
3593 5049 3753 5119 etiam

2182 5142 2302 5194 cap.
2370 5140 2444 5179 sit
2494 5125 2587 5179 lib.
2631 5123 2649 5177 I
2689 5117 2923 5194 Paralip.
2976 5120 3066 5175 ubi
3091 5121 3126 5174 ii
3168 5117 3754 5194 recenseqtur‘pnpuli,

2185 5187 2277 5265 qui
2326 5212 2391 5250 ex
2444 5208 2772 5263 unaquaque
2814 5187 2961 5246 tribu
3014 5190 3187 5265 secuti
3240 5199 3368 5245 sunt
3411 5187 3664 5241 Davidem
3725 5200 3754 5237 a

2189 5260 2351 5322 Saule
2381 5260 2698 5334 fugientem,
2730 5277 2941 5334 necnon
2999 5260 3413 5334 tribuum,»qua3
3447 5270 3753 5334 memorant

2190 5347 2279 5392 tur
2313 5338 2365 5389 in
2406 5329 2664 5389 Diabborae
2720 5332 2958 5393 cantico,
2992 5329 3117 5384 Iud.
3158 5346 3211 5393 v,
3268 5332 3370 5383 ista
3401 5342 3649 5398 quoque,
3699 5331 3757 5376 ut

2187 5418 2336 5479 puto,
2374 5420 2481 5480 non
2508 5404 2863 5475 praeterisset.
2895 5401 3119 5480 pentum
3150 5409 3260 5480 tu_m
3288 5398 3755 5480 primoNumero:

2185 5467 2531 5547 rutncapite
2557 5518 2571 5541 ,
2630 5483 2742 5527 tum
2789 5472 3019 5541 septimo
3071 5467 3362 5547 duodecim
3391 5467 3567 5547 tribus
3608 5467 3759 5547 va'rio

2185 5549 2377 5603 ordine
2424 5534 2749 5600 Inum'eratas
2802 5534 3093 5595 occurrere
3148 5537 3550 5593 animadveitas
3600 5534 3755 5588 velim

2188 5617 2488 5688 secundum
2527 5631 2612 5688 ea,
2650 5630 2770 5684 quas
2799 5613 2943 5667 dicta
2983 5619 3110 5688 sunt
3156 5624 3277 5679 pag.

2260 5688 2371 5756 (47)
2397 5687 2579 5740 Bonus
2601 5677 2869 5754 interpres
2917 5677 3184 5751 graeciam,
3202 5677 3348 5749 quod
3378 5677 3513 5733 alias
3540 5686 3785 5745 quoque-

2189 5760 2337 5813 facit.
