4034 6216
334 321 438 382 549
1266 348 1267 351 η
1680 326 1927 385 νειιδιο

2018 328 2105 384 N'I'
2113 327 2296 397 IQUA.
3500 337 3603 393 359

340 442 575 517 primum
632 440 844 508 Ruben,
887 442 1049 517 252
1093 444 1216 523 [i9]
1241 446 1365 502 dein
1429 447 1651 503 Simeon
1691 457 1745 503 et
1793 449 1921 502 Levi
1956 455 1995 511 Α
2028 447 2233 518 Ioseph
2268 459 2591 507 numeratus
2635 458 2757 511 est:
2798 450 3041 521 beryllus
3087 457 3267 509 autem
3312 451 3368 507 in
3403 450 3600 524 Iouem

341 533 509 595 simul
556 534 886 604 adjunctos,
931 536 1006 590 ita
1055 548 1113 591 ut
1162 537 1267 594 ista
1319 539 1605 609 utriusque
1646 540 1923 610 c0pnlatio
2027 538 2482 599 accommodatus
2536 543 2607 597 ob
2641 543 3137 614 contemplationes
3184 543 3362 600 cidem
3410 560 3610 602 conso-

340 624 542 683 Ilorum
600 626 841 699 lapidum
908 630 1284 697 congruentia:
1333 630 1583 684 videatur
1636 631 1921 687 obsistere.
2026 644 2241 701 nantes,
2265 637 2518 707 quamvis
2546 637 2770 692 ultimus
2798 637 2941 707 lapis
2974 638 3091 706 ipse
3116 647 3454 700 numeretur,
3480 641 3605 708 quia

342 713 581 788 Ideoque
623 717 785 773 istam
836 734 1057 789 quoque
1098 721 1446 788 sustulimus,
1482 737 1606 776 cum
1652 722 1925 795 lapidibus

2027 733 2109 785 sic
2144 730 2370 796 accidit,
2399 736 2453 784 et
2478 726 2680 799 Ioseph
2713 731 3074 786 novissimum
3102 730 3295 792 scribi,
3326 730 3469 785 sicut
3502 730 3608 787 fre-

345 807 469 867 istis
500 807 911 862 accommodari
943 808 1170 865 minime
1201 812 1395 880 possit.
2028 833 2263 896 quenter
2293 822 2528 878 asserui.

418 896 768 970 lnapeximus
801 908 985 956 autem
1027 910 1082 957 et
1111 905 1361 972 quintam
1404 904 1758 971 divisionem,
1809 920 1928 975 quae

2101 913 2596 984 Transgredientcs
2648 910 2814 981 igitur
2859 921 2911 965 et
2956 900 3100 967 hanc
3155 912 3483 969 divisionem
3525 926 3611 967 re-

344 992 592 1047 c’atinet
653 990 870 1045 initium
944 993 1277 1064 egressionis
1344 994 1581 1051 ﬁliorum
1637 997 1806 1052 Israel
1862 1013 1928 1053 cx

2042 1008 2325 1079 speximus
2349 1004 2766 1076 dispositionem
2799 1012 3009 1059 sextam
3049 1006 3206 1072 juxta
3236 1005 3613 1061 dinumerata~

346 1078 609 1152 JEgypto,
651 1087 706 1135 et
746 1080 1060 1136 invenimus
1093 1097 1213 1137 eam
1264 1092 1674 1155 praaponentein
1727 1086 1928 1140 libera-

2032 1078 2152 1153 rum
2197 1096 2441 1151 tribuum
2483 1093 2957 1162 consequentiam,
3010 1100 3065 1146 et
3108 1092 3419 1148 invenimus
3457 1090 3611 1160 juxta

349 1172 669 1249 rnnqﬁlios,
707 1179 762 1228 ct
795 1172 1118 1227 ancillarum
1155 1174 1312 1244 juxta
1339 1176 1756 1246 compositionis
1784 1175 1931 1235 ordi-

2033 1189 2384 1245 metationem
2430 1194 2740 1240 castrorum
2775 1183 2942 1240 Israel
2973 1182 3230 1252 quadrati
3263 1182 3501 1252 agminis
3523 1197 3614 1236 or-

348 1280 473 1321 nem
522 1276 948 1335 supponentem,
1004 1266 1414 1339 facientemque
1464 1268 1831 1334 novissimos;
1880 1279 1934 1323 et

2032 1266 2216 1337 dinem
2280 1278 2455 1350 magis
2506 1285 2766 1346 oportere
2816 1289 3120 1345 congruere
3163 1273 3416 1331 rationali
3461 1273 3614 1341 juxta

347 1360 422 1417 ob
456 1362 558 1416 hoc
590 1360 737 1431 quod
762 1358 963 1431 Ioseph
996 1361 1052 1415 in
1092 1360 1328 1433 A'lgypto
1356 1362 1692 1419 constitutus
1715 1370 1931 1434 postre-

2038 1386 2229 1431 ternas
2271 1380 2325 1429 et
2366 1380 2552 1427 ternas
2586 1370 2785 1434 tribus,
2852 1368 2997 1424 sicut
3031 1369 3085 1422 in
3129 1366 3319 1423 eodem
3361 1365 3615 1421 rationali

349 1467 474 1509 inus
519 1454 836 1509 nominatus
880 1464 988 1517 est,
1037 1455 1531 1512 animadvertimus
1577 1456 1773 1510 iterum
1824 1472 1932 1511 non
2036 1467 2122 1522 fug
2162 1473 2279 1521 erat
2327 1477 2575 1527 cernere,
2611 1461 2760 1533 quod
2800 1461 3054 1531 quadrati
3103 1459 3316 1515 ordinis
3357 1459 3620 1529 probatur

349 1559 515 1615 posse
547 1543 758 1615 lapides
790 1545 929 1601 istos
954 1555 1380 1600 memoratarum
1415 1547 1659 1603 tribuum
1689 1547 1932 1617 coaptari

2035 1564 2281 1619 exstare,
2312 1563 2365 1610 et
2407 1562 2528 1610 erat
2566 1553 2669 1607 hoc
2708 1553 3116 1622 planissimum,
3158 1560 3323 1621 atque
3354 1548 3616 1620 symboli—

350 1636 712 1700 nominibus;
747 1644 802 1691 et
828 1636 976 1707 quod
1002 1637 1331 1691 naturaliter
1360 1638 1669 1709 onychinus
1714 1638 1852 1708 lapis
1880 1638 1933 1707 in
2039 1663 2187 1713 cum,
2239 1647 2290 1703 id
2334 1654 2422 1703 ρει
2469 1644 2914 1715 είεηῑῇρειίγυιη,
2974 1653 3191 1716 propter
3230 1640 3621 1712 dispositiones

350 1742 588 1799 persona
620 1726 825 1801 Ioseph
858 1729 1211 1800 interpretari
1238 1745 1348 1785 non
1377 1732 1572 1800 possit.
1608 1746 1783 1801 neque
1815 1746 1937 1785 νυν·
2038 1740 2294 1793 ordinant
2359 1736 2897 1806 conSorrantiamijiie
2938 1743 3274 1799 castrorum,
3305 1733 3402 1790 sed
3440 1731 3494 1786 in
3535 1730 3622 1787 his

351 1835 449 1875 sus
472 1827 755 1876 extremus
782 1820 987 1891 Ioseph
1019 1821 1177 1893 juxta
1208 1822 1664 1893 compositionem
1691 1824 1934 1877 rationa-
1972 1807 2011 1861 Β
2039 1836 2291 1897 separata
2320 1829 2521 1890 tribus,
2561 1828 2741 1882 tribus
2768 1826 2895 1883 Levi
2925 1827 3086 1882 nobis
3133 1826 3369 1881 obstitit.
3406 1823 3625 1880 Constio

353 1910 421 1965 lis
454 1910 621 1966 inseri
665 1910 882 1977 debeat,
931 1912 1037 1970 nisi
1074 1912 1219 1985 quod
1274 1913 1654 1968 tantummodo
1689 1915 1934 1970 necessia
2042 1931 2192 1976 tutus
2224 1925 2309 1974 est
2357 1922 2503 1974 enim
2537 1917 2730 1981 Iudas,
2777 1919 2986 1973 habens
3033 1933 3221 1974 secum
3256 1917 3508 1972 Issachar
3569 1926 3625 1972 οι

354 2010 465 2057 tate
493 2011 920 2077 prreposteratus
944 2007 1034 2069 εἱι,
1062 2014 1120 2060 ιιι
1142 2020 1265 2060 cum
1292 2005 1621 2062 undecimus
1646 2008 1934 2072 habeatur,
2042 2012 2314 2076 Zabttlon,
2358 2012 2412 2065 in
2457 2026 2567 2065 uno
2608 2011 2923 2065 ntelatiojjis
2965 2010 3363 2076 contubernio;
3400 2016 3453 2063 ct
3489 2023 3625 2063 con.

354 2100 447 2154 liic
478 2107 796 2155 numeretur
824 2098 1204 2163 duodecimus,
1228 2099 1386 2171 juxta
1429 2106 1709 2170 cogentem
1747 2115 1936 2155 neccs-
2042 2107 2270 2163 stitutus
2300 2112 2387 2159 est
2436 2104 2646 2174 primus
2690 2104 2756 2157 ad
2792 2104 3122 2158 orientalem
3158 2103 3368 2183 plagam
3401 2113 3626 2173 propter

357 2193 580 2245 sitatem
614 2191 1041 2261 compositionis
1078 2192 1242 2261 hujus
1272 2192 1510 2259 numeri,
1536 2207 1703 2263 quam
1736 2192 1938 2262 reperio
2039 2191 2485 2265 signiﬁcantiam,
2532 2200 2592 2245 ut
2642 2192 2875 2255 aestimo,
2954 2191 3120 2262 regiae
3183 2193 3513 2261 potestatis.
3569 2202 3627 2247 et

356 2299 481 2341 mus
514 2284 846 2340 ordinatam.
899 2285 954 2339 ln
1001 2284 1190 2340 Graeca
1224 2286 1426 2357 quippe
1470 2285 1770 2349 locutione,
1819 2300 1940 2355 quae
2040 2286 2187 2358 quod
2220 2283 2413 2339 Ruben
2446 2299 2474 2337 a
2518 2284 2745 2353 propria
2787 2282 3043 2337 reciderit
3085 2282 3281 2353 gloria,
3313 2285 3440 2351 quia
3484 2290 3628 2337 stla-

356 2391 422 2432 ex
462 2374 687 2431 Hebraea
729 2377 993 2432 translata
1023 2386 1125 2437 cst.
1161 2378 1493 2449 onychinum
1535 2376 1768 2447 lapidem
1797 2377 1935 2431 duo—
2042 2386 2159 2433 tum
2194 2376 2555 2432 maculaverit
2595 2376 2797 2446 patris,
2830 2375 2974 2431 sicut
3013 2374 3218 2429 divinis
3249 2375 3473 2429 Litteris
3502 2389 3627 2443 pro-

356 2469 635 2524 dccimum
682 2468 995 2525 invenimus
1032 2469 1295 2538 positum,
1340 2478 1507 2539 atque
1555 2469 1938 2534 novissimum,
2044 2472 2202 2527 batur
2240 2469 2574 2525 insertum'.
2621 2467 2681 2521 In
2731 2466 2973 2522 secunda
3013 2481 3142 2520 vero
3193 2466 3490 2520 metatione
3536 2480 3630 2519 ca—

358 2564 438 2617 ita
490 2575 551 2617 ut
611 2560 897 2631 Bcnjamin
947 2561 1000 2615 in
1064 2560 1582 2631 contemplationem
1630 2560 1717 2615 Sui
1763 2560 1940 2615 modis
2044 2572 2286 2621 strorum
2335 2561 2528 2616 Ruben
2576 2559 2861 2615 ordinatur
2907 2574 3032 2614 cum
3082 2557 3340 2613 Simeone
3390 2567 3442 2612 ct
3510 2556 3626 2611 Gad

358 2653 614 2709 munibus
648 2654 907 2708 attrahat.
946 2651 1306 2707 Uudecimum
1340 2667 1472 2706 vero
1508 2654 1818 2709 invenimus
1852 2654 1942 2709 be-
2043 2671 2241 2713 versus
2260 2654 2326 2709 ad
2348 2668 2521 2715 mare,
2548 2653 2613 2707 ad
2633 2651 2974 2706 occidentem
2999 2666 3217 2720 quoque
3246 2650 3476 2720 Ephrem
3499 2664 3625 2703 cum

360 2747 586 2817 ryllum,
632 2761 793 2815 quem
826 2752 881 2800 et
911 2745 1203 2800 undecimo
1246 2743 1450 2815 Ioseph
1492 2754 1601 2798 tam
1640 2745 1796 2814 juxta
1840 2761 1943 2798 nu-
2049 2749 2165 2822 [52]
2210 2748 2468 2802 Manassc
2518 2753 2575 2799 et
2616 2743 2924 2813 Benjamin,
2959 2745 3052 2812 qui
3091 2759 3283 2798 omnes
3317 2759 3381 2798 ex
3424 2741 3627 2797 Iiacliel

360 2854 594 2902 nierum,
628 2836 975 2907 quamjuxta
1005 2837 1945 2907 contemplationemconsequenter
2046 2845 2101 2897 in
2148 2856 2259 2896 una
2312 2845 2596 2911 ponuntur
2639 2837 2939 2890 metatione
2983 2842 3293 2888 castrorum
3339 2852 3353 2886 ε
3404 2839 3630 2902 propter

359 2932 692 3002 aplaVimus-
726 2928 1087 2999 InspiCIeﬂlcs
1114 2927 1228 3001 [5"]
1249 2929 1411 2983 ﬁliam
1436 2927 1759 2984 Hebraicalll
1804 2929 1943 2982 EXO-
2049 2935 2341 2989 Manassen
2404 2942 2537 2986 vero
2606 2927 2732 2983 Levi
2780 2925 2996 2980 videtur
3068 2925 3349 2979 exclusus.
3385 2924 3518 2978 Dein
3561 2923 3628 2977 ad

361 3022 514 3086 dum,
539 3023 594 3076 in
622 3035 729 3092 qua
750 3030 804 3076 et
824 3023 908 3075 lex
938 3021 1203 3091 probatur
1221 3019 1482 3090 ascripta,
1507 3020 1856 3090 legentesque
1879 3018 1946 3073 de
2048 3026 2365 3096 aquilonem
2388 3027 2639 3092 quartam
2672 3018 3023 3071 metalionem
3056 3016 3309 3085 primitus
3342 3013 3456 3067 Dan
3498 3028 3633 3067 con»-

364 3113 618 3170 rationali
645 3114 767 3175 hoc,
798 3114 853 3168 in
885 3128 994 3183 quo
1024 3113 1161 3169 clusi
1197 3121 1356 3168 erant
1414 3112 1505 3169 isti
1538 3111 1774 3181 lapides,
1797 3114 1947 3166 inve-
1975 3156 2019 3215 ο
2051 3121 2209 3182 tinet,
2253 3115 2382 3170 dein
2430 3119 2588 3179 Aser,
2633 3110 2829 3165 deinde
2873 3107 3139 3178 Neptaiim
3163 3149 3178 3173 ,
3253 3114 3307 3161 et
3349 3122 3473 3160 cum
3505 3104 3632 3159 Levi

366 3207 587 3261 niemus
607 3206 945 3278 onychinum
986 3204 1222 3275 lapidem
1258 3205 1416 3259 aliter
1444 3203 1783 3258 ordinatum.
1839 3200 1949 3256 Un-

2052 3227 2165 3266 non
2219 3207 2532 3263 invenimus
2582 3206 2722 3258 inter
2763 3218 2859 3257 eos
2904 3200 3229 3262 admistum,
3275 3198 3633 3269 cognovimus

365 3296 617 3351 decimus
661 3296 876 3367 positus
915 3304 1062 3361 erat;
1109 3295 1348 3363 beryllus
1387 3292 1745 3348 duodecimus
1789 3301 1951 3363 atque

2052 3316 2154 3356 nec
2188 3300 2349 3355 istam
2392 3311 2554 3367 posse
2594 3292 3024 3364 descriptionem
3064 3289 3448 3360 compositioni
3492 3287 3632 3357 lapi-

365 3384 1002 3459 p0stremus(48).Unde
1019 3385 1412 3457 propemodum
1440 3385 1599 3441 nobis
1622 3386 1951 3457 ambiguitas
2053 3393 2183 3448 dum
2228 3386 2657 3453 accommodari,
2693 3401 2761 3440 ne
2801 3383 3045 3438 videatur
3088 3383 3137 3437 ei
3189 3380 3421 3433 ﬁliorum
3469 3377 3634 3432 Israil

365 3486 489 3534 orta
519 3487 603 3535 est
631 3478 1085 3549 impedimentum
1120 3478 1497 3548 intelligentia
1528 3476 1754 3538 faciens.
1782 3476 1949 3533 veluti
2055 3499 2224 3539 unum
2260 3480 2456 3536 deesse
2480 3476 2833 3533 vocabulum.
2855 3475 3199 3545 Quapropter
3227 3480 3282 3528 et
3304 3472 3446 3525 hanc
3471 3469 3634 3523 omit-

372 3571 556 3626 ﬁctatn
594 3571 1112 3641 contemplationem
1160 3587 1262 3627 nos
1314 3573 1368 3626 in
1418 3572 1634 3627 duobus
1669 3571 1812 3635 istis,
1860 3572 1953 3625 be-
2056 3584 2235 3631 tentes
2280 3572 2621 3629 intendimus
2664 3568 2919 3625 divisioni
2968 3568 3215 3638 septima:
3245 3603 3261 3629 ,
3299 3578 3464 3633 quam
3505 3576 3634 3631 pro-

366 3664 492 3736 rylli
516 3665 663 3729 dico,
697 3676 751 3719 et
775 3663 1033 3735 onychini
1055 3663 1329 3735 lapidibus
1356 3664 1653 3730 attulisset,
1676 3663 1953 3718 dicebam-
2054 3670 2203 3725 tinus
2234 3666 2561 3730 ademimus,
2579 3662 2672 3732 qui
2702 3677 2811 3715 non
2836 3674 2954 3715 eam
2988 3656 3333 3729 respeximus
3360 3650 3638 3722 composi-

367 3771 480 3827 que
509 3754 786 3827 quomodo
827 3756 881 3811 in
907 3756 1429 3827 supplicationibus,
1457 3766 1512 3812 et
1542 3756 1791 3810 oratione
1821 3770 1948 3809 con-

2056 3760 2192 3815 tioni
2223 3758 2464 3829 lapidum
2493 3761 2911 3825 congruentem.
2953 3749 3083 3805 Haec
3114 3747 3260 3803 enim
3300 3746 3455 3814 juxta
3488 3743 3638 3812 prin—

367 3848 525 3903 tinua
556 3854 769 3917 poterat
800 3862 957 3904 error
995 3848 1297 3912 oboriri,et
1337 3848 1599 3909 intellexi.
1639 3846 1787 3916 quod
1832 3846 1948 3900 dis-
2055 3854 2209 3923 cipes
2255 3848 2501 3905 tribuum
2536 3847 2602 3899 ad
2639 3851 2974 3917 praeceptum
3012 3838 3226 3895 Domini
3265 3842 3483 3892 constat
3516 3847 3640 3887 ϐεδε

368 3946 635 4010 pensante
675 3937 787 3993 Deo
859 3939 969 3993 hoc
1012 3939 1084 3992 ita
1118 3946 1399 4009 peractum
1433 3946 1552 4007 est;
1586 3946 1643 3993 ut
1682 3937 1823 3992 idem
1862 3935 1947 3991 Io-

2057 3952 2345 4000 numerata
2374 3984 2390 4010 ,
2432 3941 2489 3996 in
2538 3956 2645 4010 qua
2689 3938 2900 4009 primus
2945 3933 3233 3989 ordinatus
3274 3938 3359 3985 est
3401 3926 3593 3981 Ruben
3621 3964 3636 3989 ,

371 4030 507 4099 seph
534 4029 863 4085 undecimus
909 4031 1057 4083 inter
1090 4030 1285 4086 fratres
1317 4044 1449 4085 suos
1477 4029 1774 4094 exsistens,
1825 4026 1957 4083 duo-

2057 4037 2184 4093 dein
2240 4035 2499 4091 lssachar
2557 4042 2610 4088 et
2677 4033 2770 4099 qui
2843 4034 3173 4098 sequuntur.
3217 4020 3416 4090 Ioseph
3457 4027 3637 4073 autem

372 4120 623 4177 decimus
684 4119 1026 4175 inveniretur
1074 4119 1229 4189 juxta
1286 4118 1738 4189 compositionem
1791 4116 1955 4186 hujus

2059 4125 2306 4182 secundo
2351 4130 2679 4178 numeratus
2720 4129 2807 4175 est
2844 4125 3067 4188 propter
3109 4112 3256 4184 quod
3300 4111 3537 4181 Ephrem
3583 4109 3638 4160 in

371 4212 609 4275 numeri,
641 4211 734 4280 qui
767 4226 892 4265 eum
924 4209 1309 4264 duodecimum
1339 4223 1460 4263 esse
1481 4207 1801 4269 declaravit.
1831 4223 1955 4261 cum

2060 4229 2171 4269 uno
2196 4227 2447 4275 numero,
2474 4210 2755 4264 Manasses
2782 4208 2834 4262 in
2866 4209 3039 4261 altero
3069 4204 3141 4257 sit
3164 4204 3406 4265 locatus;
3432 4207 3487 4254 et
3513 4214 3636 4252 cum

373 4304 619 4358 diceret:
665 4300 864 4371 Ioseph
899 4310 1075 4354 autent
1111 4309 1226 4353 erat
1260 4299 1314 4353 in
1354 4296 1589 4369 Egyplo
1616 4299 1656 4353 '.
1709 4296 1957 4353 Scientes
2060 4305 2189 4360 Levi
2240 4319 2436 4359 rursus
2481 4311 2767 4373 exemptus
2815 4307 2920 4364 est,
2962 4296 3310 4369 nequivimus
3350 4306 3636 4348 numerum

374 4401 562 4470 itaque
593 4397 1009 4468 dispensatione
1048 4394 1257 4460 divina,
1298 4402 1520 4465 propter
1555 4393 1802 4448 veritatis
1826 4407 1958 4446 con-

2060 4404 2321 4467 coaptare
2363 4392 2640 4464 lapidibus
2670 4402 2895 4463 propter
2935 4387 3371 4443 immutationem
3406 4383 3557 4452 Levi,
3589 4394 3642 4438 et

374 4491 765 4561 tcmplationes
796 4489 986 4560 berylli
1022 4487 1240 4558 lapidis,
1275 4500 1397 4557 qtae
1438 4485 1493 4539 in
1527 4485 1710 4555 ipsum
1753 4482 1954 4553 Ioseph
1991 4507 2036 4565 υ
2064 4498 2290 4561 propter
2341 4486 2702 4558 adjectionem
2746 4485 2912 4541 unius
2954 4485 3154 4547 tribus,
3190 4496 3311 4555 qua:
3337 4480 3391 4534 in
3425 4479 3643 4535 duabus

374 4583 685 4653 explentur.
722 4582 966 4651 coaptari
1004 4581 1139 4652 (49),
1175 4580 1255 4635 sic
1280 4587 1365 4633 est
1389 4578 1736 4649 dispositum,
1766 4585 1823 4632 ut
1860 4578 1955 4633 be-
2061 4580 2327 4651 probatur
2355 4593 2479 4634 esse
2503 4576 2701 4633 divisa.

376 4680 553 4752 ryllus
578 4679 715 4749 lapis
734 4676 1097 4732 duodecimus
1142 4681 1439 4745 poneretur
1461 4679 1516 4728 et
1547 4671 1805 4738 ultimus;
1832 4686 1957 4725 nam
2134 4668 2271 4725 Dein
2299 4677 2553 4725 octavam
2589 4666 2939 4733 divisionem,
2974 4664 3042 4721 de
3075 4664 3215 4719 libro
3252 4661 3641 4726 Numerorum,

376 4778 434 4825 et
458 4769 661 4839 Ioseph
691 4782 816 4822 cum
852 4767 997 4821 inter
1035 4766 1232 4819 fratres
1265 4763 1593 4818 undecimus
1635 4770 1806 4826 esset,
1846 4777 1960 4815 me-
2064 4761 2352 4833 diligenter
2395 4759 2768 4831 inspeximus,
2798 4757 2889 4813 ubi
2920 4757 3178 4827 praecepit
3208 4755 3375 4820 Deus,
3407 4761 3462 4809 et
3492 4753 3645 4809 misit

379 4870 631 4917 moratur
662 4861 714 4914 in
742 4860 845 4913 hac
877 4868 1059 4912 tamen
1091 4854 1490 4926 compositione
1523 4853 1735 4908 numeri
1777 4866 1961 4924 egres-
2068 4852 2252 4909 Moses
2302 4852 2582 4923 principes
2628 4850 2870 4905 tribuum
2916 4846 3084 4905 Israel
3137 4848 3204 4901 ad
3248 4846 3644 4918 inspiciendam

380 4953 557 5025 {tionis
611 4951 849 5007 ﬁliorum
908 4949 1072 5007 Israel
1150 4947 1543 5012 duodecimus,
1579 4953 1634 4999 et
1682 4954 1961 5001 extremus
2070 4955 2275 5004 terram
2317 4943 2724 5015 promissionis,
2764 4950 2820 4998 et
2860 4958 2960 4998 nec
2996 4942 3157 4996 istam
3195 4941 3501 5011 reperimus
3574 4939 3645 4994 ad

382 5045 705 5101 ascribitur.
730 5042 921 5113 Itaque
954 5057 1182 5113 prorsus
1226 5041 1594 5096 illustratione
1619 5039 1805 5094 divina
1847 5034 1961 5110 [51]
2070 5037 2530 5109 compositionem
2564 5044 2992 5089 memoratorum
3046 5034 3285 5102 lapidum
3330 5046 3647 5087 consonan-

382 5143 435 5191 et
465 5135 877 5205 dispensatione
908 5133 1045 5188 bene
1068 5132 1362 5187 admodum
1395 5132 1602 5186 relatus
1632 5136 1717 5186 est
1742 5128 1965 5201 onychi-
2072 5136 2205 5192 tem,
2239 5136 2464 5199 propter
2495 5125 2640 5197 quod
2677 5134 2733 5181 et
2770 5123 2963 5180 Ruben
3005 5123 3061 5179 in
3093 5124 3286 5195 primis
3326 5130 3649 5178 numeratus

384 5243 490 5284 nus
510 5226 651 5299 lapis
686 5226 742 5280 in
775 5223 1083 5295 Benjamin,
1111 5224 1205 5293 qui
1232 5222 1288 5277 in
1311 5221 1416 5277 hac
1440 5221 1805 5291 dispositione
1828 5227 1960 5275 ante
2071 5228 2176 5283 est,
2221 5218 2348 5273 dein
2398 5218 2616 5273 Simeon
2644 5257 2659 5283 ,
2708 5218 2903 5274 deinde
2937 5216 3143 5285 Iudas,
3191 5218 3315 5271 exin
3361 5214 3640 5285 lssacliar,

455 5408 474 5440 ¹
511 5405 684 5462 Exod.
722 5420 762 5470 ι,
796 5404 850 5460 5.
931 5406 952 5436 '
992 5401 1130 5456 Gen.
1175 5416 1342 5462 xxxv,
1380 5399 1489 5464 29.;
1527 5414 1673 5461 χιιι,
1713 5399 1768 5452 1..

454 5564 566 5635 (IS)
606 5563 838 5635 Vulgata
876 5574 1002 5635 cum
1055 5567 1206 5615 textu
1247 5556 1514 5611 llebraico
1566 5554 1821 5635 convenit
1862 5553 1957 5608 be-
2063 5549 2503 5635 liect'versioncs
2529 5550 2753 5631 Syriaca
2777 5556 2855 5635 “et.
2880 5545 3129 5635 ‘arabi‘ca
3152 5541 3485 5635 pqpveniapt
3522 5553 3651 5595 cum

382 5615 579 5695 ι’γίιῖιῶ
614 5615 941 5690 duodecimo
983 5633 1103 5685 loco
1131 5642 1424 5684 recensens
1446 5668 1456 5683 ,
1481 5626 1813 5695 onychinum
1848 5642 1953 5678 un-
2065 5621 2239 5695 LXX,
2266 5632 2325 5695 ut
2350 5622 2534 5675 videre
2555 5615 2639 5674 est
2692 5620 2744 5674 in
2777 5617 2969 5673 Bibliis
2990 5615 3324 5688 polyglottis,
3356 5618 3464 5675 etc,

382 5688 620 5761 decimo.
672 5688 951 5760 Accedunt
1001 5700 1233 5770 Paraph.
1297 5688 1588 5770 Clialdaic'a
1663 5705 1716 5748 et
1775 5702 1957 5749 textus
2138 5691 2248 5767 (Ill)
2282 5692 2461 5748 Locus
2498 5698 2809 5761 corruptus.

385 5772 1016 5832 Hebraeo-Samaritanus
1043 5810 1057 5839 ,
1126 5767 1336 5828 necnon
1372 5767 1714 5823 Samaritana
1755 5770 1949 5830 \‘eisio,
