4034 6216
410 318 509 378 351

1680 311 1857 367 LIBRI
1899 313 1986 367 DE
2021 313 2115 369 XII
2153 311 2414 368 GEMMIS

3571 306 3689 370 552

333 436 345 490 ἔ
411 427 711 506 ,ωίῦἢ
742 433 799 485 et
840 428 1102 498 deinceps
1133 425 1229 497 qui
1260 432 1588 496 sequuntur,
1627 431 1684 484 et
1724 438 1992 496 nusquam
2025 432 2069 488 Α
2098 425 2339 482 sollicita
2366 438 2597 493 prorsus
2630 421 2938 480 intentione
2979 421 3349 494 pervenimus,
3379 429 3436 478 et
3470 421 3689 494 reperi-

417 521 549 579 Levi
576 521 785 577 mentio
814 518 959 575 facta
991 526 1097 574 est.

488 612 865 669 Transeuntes
924 610 1089 682 igitur
1142 608 1210 665 ad
1271 624 1474 665 nonam
1524 609 1889 676 divisionem,
1937 618 1993 665 et

416 705 594 777 ipsam
616 700 1027 774 conspeximus,
1057 714 1183 772 quae
1205 698 1352 754 facta
1383 707 1468 755 est
1490 713 1558 754 ex
1583 707 1857 769 praecepto
1887 696 1992 751 Do-

415 795 574 875 mini,
601 797 744 852 sicut
766 795 822 849 in
843 794 984 850 libro
1003 793 1320 849 continetur
1348 790 1741 856 Numerorum,
1771 790 1991 861 quando

414 887 570 943 missi
605 895 732 942 sunt
764 885 1044 958 principes
1086 884 1353 950 tribuum,
1389 893 1448 939 ut
1485 892 1639 940 sorte
1684 882 1992 939 dividerent

415 988 623 1037 terram
662 979 1053 1052 promissionis
1090 978 1218 1034 llliis
1261 977 1470 1045 Israel;
1497 985 1553 1033 et
1585 992 1685 1033 nec
1723 977 1881 1032 istam
1916 976 1992 1033 si-

412 1069 619 1126 militer
649 1069 718 1123 ad
755 1068 1205 1139 consequentiam
1247 1066 1487 1139 lapidum
1533 1075 1791 1136 coaptare
1816 1065 1993 1121 valui-

411 1175 560 1217 mus.
604 1158 953 1215 lnvenientes
1000 1158 1147 1214 enim
1196 1156 1391 1212 Iudam
1440 1157 1678 1228 primum
1724 1157 1987 1228 positum,

404 1252 537 1308 dein
566 1250 900 1315 Simeonem,
935 1257 990 1305 et
1012 1258 1199 1321 postea
1240 1248 1565 1318 Benjamin;
1599 1247 1713 1303 Dan
1773 1262 1991 1319 quoque

410 1353 469 1401 et
514 1343 825 1408 Manassen,
895 1356 1107 1399 necnon
1147 1348 1202 1396 et
1254 1339 1489 1412 Ephrem
1539 1350 1594 1397 et
1637 1340 1904 1405 Zabulon,
1936 1350 1991 1397 et

411 1437 674 1507 deinceps
728 1435 1001 1503 Issachar,
1047 1434 1174 1489 exin
1227 1432 1365 1488 Aser
1417 1440 1471 1488 et
1541 1434 1841 1490 novissime
1886 1433 1995 1489 Ne-

415 1529 628 1599 ptalim,
674 1535 731 1585 et
765 1543 962 1585 rursus
1029 1528 1234 1584 tribum
1283 1526 1413 1599 Levi
1452 1527 1792 1599 reperientes
1823 1526 1993 1582 omis-

412 1632 555 1685 sam,
585 1626 639 1675 et
665 1617 868 1691 Ioseph
898 1618 1192 1690 dupliciter
1228 1626 1606 1675 enmneratum
1640 1618 1697 1672 in
1729 1616 1989 1687 Ephrem,

410 1720 468 1764 et
491 1709 822 1775 Manassem,
856 1709 999 1764 hanc
1037 1709 1203 1765 etiam
1236 1709 1708 1779 praetermisimus,
1733 1714 1789 1763 et
1814 1708 1867 1761 in
1897 1708 1992 1763 de-

2093 531 2221 571 mus
2245 506 2337 571 ubi
2366 516 2627 587 praecepit
2656 513 2891 587 Moyses,
2925 522 2986 568 ut
3009 514 3297 571 duodecim
3323 514 3500 573 tribus
3527 521 3684 576 stent

2095 606 2164 661 ad
2198 606 2631 663 benedicendum
2662 614 2717 662 et
2757 605 3223 670 maledicendum,
3265 618 3361 662 sex
3399 605 3457 660 in
3491 612 3684 662 monte

2091 697 2331 754 Garizim
2374 708 2430 755 et
2467 715 2564 756 sex
2607 699 2665 753 in
2712 678 2897 754 monte
2922 697 3116 764 Gebal,
3148 699 3295 753 sicut
3325 697 3383 752 in
3408 695 3677 753 Deutero—

2091 790 2280 844 nomio
2325 788 2587 858 probatur
2634 788 2957 859 ascriptum,
3019 801 3252 856 quarum
3300 785 3500 841 divisio
3545 783 3679 842 talis

2095 891 2222 937 est:
2267 879 2521 943 Stabunt,
2570 880 2772 950 inquit,
2799 881 2852 933 in
2876 889 3053 934 monte
3097 878 3336 933 Carizim
3370 879 3441 933 ad
3469 877 3679 933 benedi-

2092 968 2315 1024 cendum
2365 968 2598 1031 Simeon,
2643 967 2788 1031 Levi,
2828 966 3026 1034 Iudas,
3062 966 3337 1037 Issachar,
3374 967 3569 1036 Ioseph
3621 977 3677 1024 et

2091 1061 2413 1131 Benjamin;
2444 1070 2494 1116 et
2517 1061 2573 1115 Iri
2601 1060 2819 1114 stabunt
2858 1060 2927 1113 ad
2962 1058 3378 1114 maledicendum
3406 1060 3463 1114 in
3502 1069 3679 1114 monte

2095 1150 2280 1221 Gebal,
2308 1151 2511 1218 Ruben,
2555 1150 2694 1217 Gad,
2725 1151 2882 1215 Aser,
2928 1148 3206 1214 Zabulon,
3246 1148 3403 1215 Dan,
3448 1160 3497 1205 et
3541 1149 3680 1220 Nep-

2093 1244 2247 1298 talim
2295 1244 2337 1298 ί.
2383 1241 2704 1299 Liberarum
2742 1242 2838 1296 lilii
2865 1241 3166 1312 probantur
3185 1239 3275 1296 hic
3295 1255 3420 1296 esse
3441 1241 3673 1312 prazlati,

2092 1351 2329 1406 cumque
2382 1342 2438 1390 et
2485 1335 2591 1391 ista
2642 1334 2843 1390 divisio
2878 1331 3098 1388 videtur
3142 1333 3564 1404 inconsequens,
3605 1333 3675 1388 ad

2093 1428 2420 1500 quadratum
2449 1428 2734 1484 rationalis
2765 1426 3019 1485 ordinem
3042 1443 3152 1483 non
3182 1442 3246 1484 ea
3266 1428 3386 1483 visa
3409 1435 3493 1483 est
3514 1440 3676 1482 assu-

2093 1521 2312 1576 menda.
2349 1521 2734 1576 Verumtamen
2769 1519 2914 1575 hanc
2936 1520 3185 1577 eamdem
3215 1517 3560 1574 undecimam
3592 1516 3678 1572 di-

2093 1612 2361 1668 visionem
2395 1611 2630 1667 sollicite
2663 1619 3015 1678 contuentes,
3056 1627 3176 1684 quze
3225 1611 3282 1667 in
3319 1611 3460 1666 duas
3488 1616 3677 1681 partes

2096 1702 2311 1757 videtur
2339 1717 2463 1757 esse
2511 1701 2779 1770 discreta,
2815 1718 2913 1760 sex
2952 1704 3009 1760 in
3048 1718 3158 1759 uno
3194 1712 3376 1759 monte
3402 1710 3455 1758 et
3493 1716 3588 1757 sex
3618 1701 3676 1757 in

412 1804 611 1858 cimam
668 1801 993 1857 divisionem
1047 1802 1408 1857 intentionem
1459 1801 1662 1856 mentis
1705 1798 1994 1854 admonui-
2026 1779 2294 1859 Baltero,
2344 1793 2487 1849 hanc
2537 1793 2790 1849 arbitrati
2835 1809 3029 1851 sumus
3079 1806 3381 1864 congruere
3430 1791 3677 1847 numeris

411 1906 538 1950 mus
584 1892 723 1966 (50),
757 1908 859 1949 nec
895 1895 1069 1963 ipsam
1113 1895 1395 1966 quivimus
1434 1893 1678 1948 invenire
1719 1891 1994 1962 lapidibus

412 1992 849 2052 consonantem;
888 1987 1090 2042 etenim
1139 1985 1361 2057 quando
1401 1984 1680 2040 benedixit
1710 1983 1891 2040 Moses
1928 1984 1992 2037 li-

413 2079 503 2134 liis
535 2078 699 2134 Israel
737 2093 1049 2149 proponens
1085 2076 1369 2147 Beniamin
1396 2086 1653 2146 quartum
1681 2084 1808 2146 post
1837 2075 1990 2141 Levi,

411 2169 540 2223 dein
562 2167 789 2238 Ioseph,
815 2176 870 2224 et
900 2182 1025 2224 cum
1065 2166 1341 2222 Simeonis
1373 2167 1580 2242 nullam
1611 2166 1795 2220 intulit
1830 2181 1993 2220 men-

416 2259 644 2323 tionem,
663 2256 1006 2328 impossibile
1027 2255 1127 2309 l'uit
1152 2270 1270 2311 eam
1287 2263 1548 2326 eoaptarc
1568 2255 1859 2326 lapidibus.
1887 2253 1995 2311 Ha-

419 2348 514 2403 bet
540 2356 722 2402 autem
743 2347 816 2401 ita
841 2364 856 2402 :
880 2345 1096 2409 Ruben,
1126 2344 1498 2417 Iudas.Levi,
1523 2346 1836 2415 Beujamin;
1867 2347 1993 2403 dein

420 2434 658 2509 Ioseph,
694 2436 940 2491 Zabulon
968 2444 1023 2491 et
1048 2436 1337 2502 lssachar;
1378 2435 1575 2491 deinde
1606 2435 1744 2500 Gad,
1777 2437 1872 2506 qui
1910 2442 1995 2491 est

422 2530 638 2585 ancillae
684 2527 940 2583 secunda:
977 2525 1142 2589 (ilius,
1198 2534 1531 2596 praepostere
1573 2528 1821 2597 positus;
1869 2527 1995 2581 dein

419 2621 535 2676 Dan
561 2629 616 2676 et
644 2618 944 2690 Neptalim;
989 2618 1117 2674 dein
1143 2618 1281 2673 Aser
1324 2619 1573 2672 onmium
1630 2618 1993 2684 novissimus,

415 2712 513 2783 qui
556 2718 612 2768 et
660 2712 780 2783 ipse
824 2709 1083 2766 secundae
1125 2708 1338 2764 ancillae
1383 2708 1527 2764 ﬁlius
1559 2709 1854 2763 invenitur.
1895 2707 1996 2763 Hie

416 2806 605 2870 etiam,
643 2805 773 2875 quia
804 2819 1070 2861 numerus
1109 2805 1434 2860 imminutus
1461 2811 1566 2867 est,
1595 2799 1710 2874 [5i]
1744 2801 1997 2857 Simeone

418 2899 814 2970 praetermisso,
846 2896 929 2954 fas
972 2913 1080 2953 non
1124 2903 1245 2952 erat
1287 2895 1615 2951 divisionem
1661 2895 1821 2949 istam
1861 2893 1997 2965 lapi-

419 2990 583 3046 dibus
608 2989 894 3045 rationalis
928 3002 1091 3060 posse
1118 3002 1441 3059 congruere.

492 3081 711 3140 Rursus
749 3092 806 3139 et
852 3082 994 3138 banc
1031 3082 1509 3154 praetermittentes
1551 3080 1604 3135 in
1648 3077 1994 3134 undecimam

491 3195 507 3227 '
539 3196 697 3253 Deut.
734 3213 808 3261 xi,
840 3193 912 3249 29
936 3210 1057 3266 sqq.

456 3307 608 3390 _(50)
635 3306 729 3363 Sic
768 3306 1013 3374 cod.,sed
1053 3306 1193 3362 forte
1230 3303 1628 3361 restituendum
1667 3313 1772 3369 est,
1806 3302 1996 3359 admo-

416 3393 610 3433 cianus.

490 3447 712 3519 (5I)_l)e
735 3444 856 3519 _situ_
874 3445 1080 3501 montis
1121 3445 1364 3519 Ga_rizim
1404 3443 1627 3519 cepit-se
1669 3452 1836 3514 agunt
1876 3444 1992 3519 An-

419 3514 587 3573 dreas
617 3516 823 3572 Masius
844 3517 901 3570 in
915 3531 1038 3587 cap.
1062 3530 1158 3587 vin
1183 3515 1370 3587 Iosue,
1398 3514 1587 3587 ςτίιίιεἒ
1601 3531 1749 3587 sacr.
1773 3523 1907 3587 tom.
1932 3514 1994 3580 II,

431 3588 540 3644 col.
605 3589 734 3653 ΞΗ,
785 3583 1003 3656 necnon
1066 3585 1352 3656 Rolandu_s
1401 3583 1628 3639 Misrell.
1682 3600 1734 3656 p.
1778 3602 1815 3651 ι,
1852 3584 1994 3640 Diss.

426 3659 482 3730 Ii.
515 3657 748 3730 §5,_etc.
788 3655 961 3730 lfrput
993 3655 1277 3730 hicsentit
1302 3654 1656 3730 Epiphanius,
1683 3654 1903 3730 necnon
1915 3656 1994 3730 _in

422 3725 564 3783 Pan.
618 3728 672 3782 h.
703 3726 758 3790 9,
789 3725 900 3798 δί,
936 3742 991 3797 p.
1030 3725 1122 3794 25,
1140 3741 1371 3798 sensere
1423 3727 1585 3798 etiam
1631 3736 1850 3798 auctor_
1875 3727 1994 3781 libri

419 3798 502 3853 De
527 3799 630 3852 lac.
652 3794 814 3852 δαιτί
833 3794 1033 3866 δειῖρη
1065 3806 1120 3853 et
1136 3795 1439 3867 Procopius
1469 3794 1698 3851 Gazzeus
1722 3797 1777 3850 in
1814 3795 1994 3867 Deut,

420 3884 635 3924 necnon
682 3870 823 3923 inter
859 3865 1196 3938 recentiores
1217 3865 1489 3938 Iosephus
1533 3866 1777 3938 Scaliger
1809 3868 1863 3938 in
1892 3865 2000 3920 Eu-

421 3939 549 4010 sebii
592 3938 911 4010 Clu-enicem
949 3954 1070 4010 pag.
1092 3937 1218 4010 l‘25,
1247 3936 1382 4010 edit.
1412 3936 1721 4010 Amst._ptf.
1751 3936 1911 4010 1658ἓ
1943 3944 1998 4010 et

420 4009 740 4065 Gel-bardus
773 4004 1046 4080 Mercator
1080 4007 1222 4080 apud
1265 4007 1537 4063 Andream
1561 4078 1570 4080 Α
1594 4004 1843 4062 Masium.
1873 4006 1996 4063 Cri-

421 4080 515 4135 tici
561 4081 895 4151 opinionem
928 4079 1069 4135 hanc
1115 4078 1386 4151 ’l‘alsitatis
1431 4078 1733 4151 luculenter
1768 4080 1994 4151 coargui

418 4149 839 4234 arbitranture}
868 4149 996 4233 Iud.
1024 4166 1149 4234 cap.
1213 4166 1291 4218 ix,
1344 4150 1493 4234 liuet
1538 4149 1589 4234 Ζ,
1625 4149 1716 4231 ubi
1763 4149 1997 4234 legimus

417 4220 671 4288 Ioatham
705 4220 977 4277 Gedeonis
1034 4218 1205 4276 lilium
1240 4237 1271 4275 e
1299 4220 1502 4276 vertice
1536 4219 1772 4274 Garizim
1819 4218 1996 4274 Sichi-

416 4294 584 4348 mitas
612 4292 678 4346 ad
720 4292 924 4346 montis
974 4291 1186 4348 radices
1220 4298 1506 4346 versantes
1526 4292 1818 4344 allocutum
1849 4303 1992 4344 esse.

418 4360 691 4417 Praeterea
723 4361 865 4430 apud
886 4360 1174 4423 Joannem,
1217 4374 1341 4430 cap.
1379 4377 1454 4424 iv,
1489 4361 1833 4430 Samaritana
1882 4374 1998 4430 nni-

417 4432 523 4489 lier
554 4433 624 4487 ad
676 4427 900 4501 puteum
957 4432 1250 4500 quemdam
1284 4427 1393 4485 non
1437 4430 1594 4499 longe
1637 4431 1707 4484 ab
1740 4427 1876 4501 urbe
1909 4427 1996 4482 Si-

2095 1884 2515 1954 conipositionis
2550 1884 2792 1957 lapidum
2824 1884 3119 1957 smaragdi,
3154 1885 3249 1956 qui
3280 1883 3549 1941 eatenulis
3577 1898 3679 1939 ne-

2094 1976 2411 2043 ctebantur,
2437 1976 2683 2032 ordinati
2713 1993 2810 2048 per
2843 1987 3138 2049 utrumque
3170 1976 3446 2049 pontiﬁcis
3484 1975 3679 2031 hume-

2093 2086 2237 2137 rum,
2276 2086 2412 2127 auro
2455 2080 2511 2128 et
2544 2072 2895 2144 hyacinthina
2936 2073 3070 2129 vitta
3114 2071 3378 2137 conserti,
3415 2071 3489 2126 ita
3530 2078 3591 2125 ut
3619 2069 3677 2123 in

2095 2163 2181 2220 his
2208 2165 2420 2221 duobus
2448 2165 2758 2238 smaragdis
2796 2166 3240 2222 inscriberentur
3278 2166 3500 2221 nomina
3536 2163 3679 2218 Illio-

2095 2272 2214 2311 rum
2244 2256 2428 2323 Israel,
2459 2272 2525 2314 eo
2554 2259 2700 2330 quod
2737 2274 2882 2316 unus
2915 2259 3240 2331 smaragdus
3268 2258 3338 2314 ob
3362 2256 3678 2313 rotundita-

2096 2356 2204 2403 tem
2226 2350 2310 2404 sui
2341 2349 2627 2407 duodecim
2658 2351 2881 2406 nomina
2912 2366 3109 2423 capere
3133 2367 3240 2406 non
3268 2358 3473 2422 posset.
3499 2347 3678 2421 Opor-

2095 2441 2245 2496 tebat
2287 2450 2497 2509 autem,
2526 2450 2602 2511 et,
2655 2444 2700 2498 si
2755 2458 2951 2514 capere
2991 2450 3231 2515 poterat,
3276 2442 3498 2498 dextros
3541 2441 3679 2496 sini-

2097 2546 2356 2603 strosque
2384 2534 2673 2606 distingui,
2699 2542 2753 2590 et
2774 2535 2897 2590 ideo
2922 2534 2976 2589 in
3011 2542 3247 2605 utroque
3273 2534 3472 2606 lapide,
3495 2533 3678 2605 posito

2094 2622 2150 2678 in
2189 2623 2415 2678 dextera
2453 2624 2664 2680 scilicet
2694 2631 2749 2679 et
2787 2624 3035 2692 sinistra,
3067 2624 3384 2694 conscripta
3424 2629 3554 2678 sunt
3581 2637 3679 2677 no-

2096 2712 2268 2779 mina,
2303 2713 2466 2769 sicuti
2500 2712 2614 2786 [55]
2656 2715 2709 2768 in
2736 2724 2970 2785 utroque
3003 2723 3188 2770 monte
3217 2712 3456 2769 Garizim
3487 2720 3543 2768 et
3566 2711 3679 2767 Ge-

2098 2803 2186 2858 bal
2220 2804 2395 2860 tribus
2431 2804 2663 2860 ﬁliorum
2711 2804 2879 2862 Israel
2925 2807 3195 2862 ordinata:
3221 2814 3370 2861 sunt.
3395 2804 3498 2872 Qui
3530 2818 3679 2858 mon-

2099 2902 2181 2949 tes
2214 2910 2283 2950 ex
2321 2895 2560 2951 adverso
2599 2897 2701 2953 sibi
2748 2906 3056 2953 cernuntur
3089 2897 3326 2967 oppositi
3361 2896 3415 2951 in
3449 2895 3679 2952 orientis

2100 2996 2275 3056 parte,
2302 2986 2394 3041 ubi
2462 2985 2681 3042 Iericho
2721 2988 2824 3042 sita
2871 2994 2954 3042 est
2993 2986 3125 3055 (5i),
3158 2987 3299 3040 ultra
3332 2986 3509 3040 locum
3552 2983 3681 3039 Gal-

2101 3076 2258 3146 galaz,
2293 3076 2480 3148 ibique
2526 3077 2842 3134 referuntur
2892 3074 3006 3149 [56]
3041 3076 3387 3132 benedixisse
3417 3073 3585 3131 Israel
3617 3076 3677 3141 ii,

2169 3326 2215 3365 te
2273 3326 2410 3382 nunc
2469 3310 2725 3382 Neapolis
2772 3310 3088 3382 appellatur,
3122 3319 3174 3363 et
3196 3324 3262 3365 ex
3290 3317 3458 3372 latere
3484 3310 3677 3364 utentis

2151 3381 2341 3435 arizim
2393 3379 2738 3436 exstructam.
2795 3379 2876 3436 Ne
2914 3382 3039 3452 quis
3074 3388 3256 3436 autem
3317 3382 3545 3435 miretur
3576 3395 3678 3434 cur

2101 3449 2443 3522 Epiphanius
2467 3452 2802 3506 contrarium
2833 3449 3086 3516 senserit,
3123 3452 3296 3522 errori
3339 3465 3527 3506 ansam
3553 3465 3679 3522 esse

2099 3521 2283 3577 datam
2322 3521 2567 3577 creditur
2589 3538 2655 3578 ex
2683 3537 2831 3577 vers.
2883 3522 2953 3577 50
3001 3536 3122 3592 cap.
3150 3537 3206 3576 χι
3248 3521 3676 3592 Denteronomii,

2098 3607 2259 3716 Eueni
2314 3591 2546 3647 inferius
2592 3592 2921 3661 descripturi
2973 3590 3168 3647 sumus
3208 3599 3264 3647 et
3325 3590 3674 3661 cxplicatnri.

2148 3662 2394 3716 nimvero
2442 3664 2608 3716 etiam
2650 3662 2703 3716 in
2731 3660 2972 3716 Panario
3010 3661 3068 3716 S.
3104 3660 3442 3716 Epiphanius
3475 3660 3674 3716 Dente-

2148 3662 2394 3717 nimvero
2442 3664 2608 3717 etiam
2650 3662 2703 3716 in
2731 3660 2972 3716 Penuria
3010 3661 3068 3716 S.
3104 3660 3442 3732 Epiphanius
3475 3660 3675 3716 Dente-

3298 3731 3679 3786 ractermittens

3313 3816 3432 3865 ave,
3464 3800 3531 3857 de
3565 3815 3673 3871 qua

2098 3732 2332 3786 ronomii
2387 3733 2719 3788 auctoritate
2769 3747 2828 3788 se
2870 3739 3077 3796 tuetur,
3121 3747 3232 3787 non

2098 3810 2280 3858 tamen
2313 3803 2477 3858 etiam
2533 3804 2918 3857 auctoritatem
2950 3802 3071 3856 libri
3101 3802 3232 3858 Iesu

2101 3874 2309 3943 pariter
2339 3872 2495 3943 alias
2521 3872 2814 3943 dicendum
2852 3880 2958 3937 est,
2989 3873 3079 3927 ubi
3128 3873 3387 3931 nimirum
3429 3886 3557 3943 eam,
3579 3887 3677 3941 pro

2101 3939 2161 3999 se
2190 3950 2365 4012 urget.
2398 3939 2502 3997 Sed
2541 3944 2628 3997 hic
2684 3942 2836 3998 addit
2872 3952 3156 4012 praeterea,
3188 3952 3403 3998 montes
3437 3939 3674 3996 Gariiim

2100 4023 2152 4068 et
2176 4011 2365 4078 Gebal,
2394 4028 2532 4082 quos
2581 4014 2722 4068 inter
2761 4011 2938 4066 media
2971 4023 3089 4068 erat
3126 4012 3402 4082 Neapolis,
3443 4012 3521 4065 ita
3550 4026 3673 4067 esse

2099 4084 2386 4146 sublimes,
2422 4093 2481 4136 ut
2514 4085 2737 4138 minime
2767 4083 2876 4152 apti
2911 4097 3035 4153 esse
3064 4084 3372 4153 potuerint,
3391 4093 3448 4134 ut
3478 4083 3570 4151 qui
3607 4083 3671 4135 ad

2099 4153 2317 4209 radices
2338 4164 2456 4209 erat
2503 4154 2738 4224 populus
2766 4152 3117 4224 responderet
3152 4152 3471 4224 hominibus
3492 4168 3588 4224 sex
3620 4152 3673 4224 in

2098 4225 2302 4278 vertice
2344 4221 2727 4279 clamantibus.
2765 4221 2938 4278 Porro
2970 4239 3092 4277 cum
3152 4223 3383 4292 libellus,
3422 4222 3512 4277 hic
3550 4221 3676 4292 Epi-

2097 4292 2283 4364 phanii
2312 4294 2491 4364 media
2539 4295 2640 4348 hac
2695 4292 2905 4364 ipsode
2928 4295 3035 4347 situ
3060 4295 3324 4364 montium
3356 4290 3678 4347 Garizim'et

2098 4361 2265 4434 Gebal
2290 4363 2661 4433 disputatione
2680 4361 2918 4427 deﬁciat,
2951 4365 3206 4434 neliquet
3234 4363 3452 4433 quidem
3491 4371 3675 4434 utrum

2101 4433 2161 4488 S.
2195 4431 2396 4487 Doctor
2425 4435 2588 4489 etiam
2615 4435 2720 4488 alia
2749 4448 2848 4504 pro
2893 4449 2994 4488 sua
3037 4431 3304 4491 sententia
3334 4433 3679 4504 proposuerit

419 4498 841 4583 chempositum
870 4500 939 4555 de
964 4498 1164 4583 templo
1198 4514 1301 4555 suo
1348 4498 1789 4583 loquenshqucd.
1830 4513 1994 4583 super
2024 4498 2071 4555 ι)
2098 4511 2419 4583 argumenta
2461 4506 2518 4583 i_n
2571 4506 2646 4583 iis
2674 4498 2797 4583 quae
2824 4503 3242 4583 desiderantur,
3283 4498 3668 4559 desideranda.

420 4567 662 4626 Garizim
701 4571 871 4626 fuisse
916 4567 1255 4639 exploratum
1283 4577 1368 4626 est
1409 4567 1473 4626 ex
1501 4568 1542 4623 ll
1580 4567 1828 4626 Macbab.
1859 4567 1995 4624 libro

417 4645 545 4713 cap.
580 4657 655 4706 vi,
705 4640 761 4707 2,
800 4648 872 4713 et
910 4638 1270 4713 ex¥Iosepho,
1299 4643 1481 4712 Antiq.
1531 4641 1738 4713 lib._xi,
1772 4653 1893 4713 cap.
1938 4639 1993 4703 8,

415 4709 526 4784 52,
548 4713 625 4767 ait
641 4727 788 4784 vers.
815 4712 887 4784 20
916 4727 933 4767 :
959 4709 1158 4767 Patres
1169 4714 1335 4784 nostri
1354 4712 1408 4766 in
1427 4709 1599 4784 monte
1620 4709 1718 4784 hoc
1741 4710 1997 4784 adcreve-

418 4780 586 4847 runt;
622 4792 678 4839 et
726 4782 978 4838 Christus
1009 4782 1290 4852 respondit
1319 4781 1540 4837 versﬂl
1593 4800 1605 4836 :
1665 4780 1814 4836 Venit
1866 4781 1997 4836 liora

417 4852 631 4926 quando
670 4869 833 4924 neque
854 4854 910 4908 in
943 4864 1117 4908 mante
1162 4854 1279 4918 hoc,
1313 4861 1419 4926 etc.
1462 4872 1475 4909 :
1506 4868 1571 4926 ex
1601 4868 1709 4926 quo
1739 4852 1995 4926 loquendi

416 4922 587 4979 modo
618 4922 857 4995 montem
914 4926 968 4979 in
999 4932 1297 4995 conspectu
1319 4922 1508 4995 pluisse
1534 4922 1691 4995 facile
1725 4922 1998 4995 est’rintel-

417 4995 606 5065 ligere.
639 4994 865 5065 Demum
888 4995 1092 5051 diserte
1115 4993 1278 5051 etiam
1296 4993 1575 5065 Iosephus
1597 4994 1778 5065 Amiq.
1799 4993 1893 5065 lib.
1920 5009 1994 5065 tv,

419 5062 542 5147 cap.
576 5062 745 5135 ult.,§
772 5065 863 5129 M,
901 5067 995 5121 lib.
1024 5081 1082 5151 γ,
1132 5081 1253 5144 cap.
1282 5064 1334 5130 l,
1367 5064 1395 5136 §
1430 5062 1580 5131 l9,et
1610 5062 1819 5134 cap.'7,
1861 5063 1889 5187 ξ
1929 5064 1995 5129 2;

419 5135 515 5187 lib.
546 5151 604 5187 ιι.
639 5150 759 5187 can.
819 5134 973 5187 ult.-$
1005 5135 1057 5187 (ι.
1094 5143 1145 5187 et
1179 5135 1271 5187 lib.
1301 5151 1421 5187 xm.
1455 5152 1577 5187 can.
1609 5136 1663 5187 9.
1710 5134 1736 5187 ε
1768 5135 1818 5187 1.
1884 5136 1995 5187 ⁵ιύ-

419 5134 604 5207 lib._n,
639 5134 759 5207 cap.
819 5134 974 5207 ult.,§
1005 5135 1145 5207 6,7ct
1179 5134 1271 5207 lib.
1301 5134 1421 5207 XIII,
1455 5136 1663 5207 eap.ﬂ9,
1710 5134 1737 5207 ᾗ
1768 5135 1818 5189 1.
1861 5134 1995 5207 Pro-

415 5205 612 5278 copips
642 5203 1018 5278 Caesariensis,
1040 5204 1115 5260 De
1146 5205 1410 5278 adiﬁciis,
1436 5203 1569 5278 etei,
1595 5203 1916 5278 lib._v,_cap.
1945 5203 1995 5267 7,

418 5274 634 5331 necnon
690 5274 1038 5332 Adricomius
1095 5284 1149 5331 et
1219 5276 1524 5331 llrocardus
1582 5274 1785 5329 oculati
1830 5279 1998 5328 testes

422 5347 722 5402 Sicbimam
775 5346 963 5400 urbem
986 5347 1143 5415 juxta
1194 5344 1432 5400 Garizim
1463 5347 1709 5415 iacuisse
1747 5351 1996 5400 narrant.

419 5416 768 5474 Talmudicos
823 5414 1075 5472 auctores
1112 5417 1252 5472 duos
1291 5433 1321 5471 a
1359 5416 1529 5471 Masio
1589 5414 1862 5476 laudatos,
1905 5415 1997 5484 qui

419 5496 638 5544 montes
669 5485 909 5542 Garizim
935 5496 990 5543 et
1015 5486 1183 5543 Gebal
1204 5489 1425 5543 circiter
1452 5503 1519 5541 ιχ
1552 5486 1699 5541 mille
1733 5501 1994 5556 passuum

418 5559 488 5612 ab
508 5557 747 5613 Iordane
772 5559 966 5614 abesse
983 5567 1228 5625 narrant,
1252 5559 1336 5614 his
1362 5573 1653 5613 aceensere
1673 5571 1994 5626 possmuus:

417 5629 664 5701 quinimo
686 5629 802 5701 ips_e
829 5630 995 5686 etiam
1029 5629 1391 5701 Hieronymus
1417 5630 1468 5684 in
1493 5625 1774 5699 Epitaphio
1802 5625 1999 5701 _I_’aula:

420 5696 610 5771 metris
638 5696 722 5771 (ια’
749 5698 1091 5755 Eustochium
1123 5696 1433 5771 hoe'ipsum
1452 5696 1713 5756 docuerat
1742 5717 1754 5753 :
1796 5696 2000 5771 Trans-

426 5766 516 5824 irit
547 5767 775 5837 Sichem,
826 5788 926 5825 non
954 5783 1005 5826 ut
1038 5766 1289 5840 p'rriqve'
1313 5786 1546 5829 errantes
1581 5772 1750 5842 (equm
1785 5768 1992 5837 Sic/lar,

2098 4570 2240 4647 γεεί-υ
2251 4589 2300 4626 ιιι
2325 4589 2449 4628 cum
2476 4575 2529 4628 in
2563 4570 2799 4647 I’anorio
2823 4574 2953 4647 illud
2986 4591 3151 4629 unum
3171 4582 3461 4647 proponat,
3486 4588 3676 4647 nempe

2097 4643 2172 4715 ita
2214 4658 2338 4715 esse
2401 4647 2669 4715 scriptum
2728 4646 2784 4700 in
2831 4641 3288 4709 Deuteronon'iio,‘
3305 4652 3362 4698 et
3410 4644 3505 4715 lib.
3545 4641 3673 4698 Iesu

2097 4714 2267 4779 Nave,
2305 4714 2603 4786 hocipsum
2634 4730 2734 4785 pro
2763 4715 3050 4785 potissimo
3069 4722 3394 4786 argumento
3421 4714 3679 4786 habuisse

2092 4786 2218 4856 jure
2276 4792 2333 4839 et
2368 4785 2563 4844 merito
2619 4786 2892 4856 conjicere
2920 4786 3070 4842 licet.
3114 4785 3223 4841 Sed
3249 4785 3370 4855 ejus
3407 4785 3678 4856 sententia
3727 4805 3730 4807 λ

2099 4853 2277 4911 adhuc
2302 4855 2600 4927 probabilis
2625 4853 2794 4912 videri
2817 4865 3005 4927 posset
3047 4856 3138 4911 ubi
3165 4853 3292 4926 quis
3325 4853 3678 4927 probabiliter

2098 4935 2152 4981 et
2214 4927 2454 4997 legitime
2507 4934 2822 4990 testaretur,
2877 4926 3272 4997 duosAmontes
3321 4926 3671 4997 Garizim,et

2097 4997 2239 5052 duos
2275 4995 2491 5052 montes
2520 4997 2689 5052 Gebal
2718 4997 2888 5053 fuisse
2916 4998 2972 5052 in
3022 4995 3333 5061 Palaestina,
3367 5004 3501 5049 tunc
3529 4996 3677 5049 enim

2101 5067 2241 5122 alios
2292 5068 2358 5122 ad
2410 5065 2731 5123 Icricbunta
2786 5084 2887 5126 suo
2914 5069 3134 5124 nomine
3173 5070 3247 5123 ita
3287 5068 3487 5130 dictos,
3537 5065 3679 5120 alios

2102 5153 2232 5191 vero
2255 5136 2320 5190 ad
2344 5137 2637 5193 Sichimam
2668 5137 2859 5203 fuisse,
2887 5146 2941 5193 et
2977 5137 3058 5194 sic
3088 5138 3558 5192 Samaritanorum
3590 5150 3674 5190 er-

2101 5208 2565 5279 roreappcllatos,
2601 5224 2953 5265 censeremus
2983 5226 2995 5263 :
3024 5208 3117 5263 scd
3137 5207 3261 5279 quis
3294 5220 3534 5276 unquam
3548 5206 3678 5279 _hae_c

2105 5274 2371 5333 tradidit?
2403 5278 2543 5345 Quid
2572 5280 2715 5347 quod
2752 5294 2911 5335 mons
2956 5274 3177 5348 quidam
3204 5293 3236 5333 e
3266 5274 3475 5346 regium
3536 5274 3681 5330 Ieri-

2102 5349 2324 5403 clmntis
2350 5349 2491 5405 situs
2537 5350 2731 5404 Abaris
2764 5349 2968 5404 dicitur
2997 5365 3031 5403 a
3053 5348 3293 5418 Iosepho
3317 5350 3410 5404 lib.
3448 5363 3522 5411 tv,
3552 5362 3674 5416 cap.

2100 5419 2154 5483 8,
2196 5418 2356 5492 §45?
2380 5420 2696 5475 Gerliardus
2729 5420 2995 5492 Mercator
3029 5431 3321 5492 utramque
3350 5418 3679 5492 sententiain

2100 5486 2497 5546 conciliandam
2533 5492 2760 5560 putavit,
2786 5491 2932 5560 quod
2974 5486 3341 5545 arbitrabatur
3370 5488 3529 5543 facile
3551 5486 3680 5560 lieri

2100 5576 2285 5632 posse,
2307 5563 2352 5616 si
2383 5558 2619 5616 Gariiim
2656 5558 2818 5632 fuerit
2849 5570 3055 5616 tractus
3091 5562 3355 5616 montium
3387 5560 3453 5614 ad
3472 5558 3674 5632 urbem

2103 5627 2204 5702 llai
2255 5641 2309 5687 et
2333 5632 2506 5702 ipsam
2534 5648 2754 5702 quoque
2782 5631 3100 5688 Ierichunta
3138 5639 3400 5687 extensus
3433 5629 3503 5702 ab
3541 5627 3682 5702 urbe

2105 5698 2372 5773 Sichima.’
2401 5702 2505 5756 Sed
2540 5698 2641 5758 lioc
2666 5698 2861 5773 utpote
2905 5704 3055 5758 nullo
3078 5702 3317 5773 legitimo
3362 5698 3680 5773 testimqnio

2104 5772 2517 5841 comprobatum
2583 5766 2750 5835 facile
2810 5773 3071 5846 rejicilur.
3129 5766 3271 5839 Quin
3324 5771 3511 5839 etiam,
3562 5766 3679 5824 [ἰο-
