4034 6216
349 302 470 358 ῧῖὃ

1568 320 1658 377 DE
1698 320 1838 376 LXX
1880 318 2201 375 IM'ERPR.
2244 319 2469 377 LIBER.

3554 314 3664 368 τιῗῶ

1694 704 2322 799 MONITUM.

432 901 775 972 Opusculum
826 918 1044 972 sequens
1094 910 1171 957 est
1245 899 1525 969 Epiphanii
1577 894 1828 972 delsXX
1861 896 1955 948 luti

2059 892 2406 972 retitms,_:¢o).
2441 892 2565 972 ,τῶν
2609 892 3197 972 παρερμηνευσάντων,
3245 893 3382 972 quam!
3408 893 3498 972 _ad
3556 893 3645 947 lit-

356 961 545 1027 tera'm
593 961 988 1041 signiﬁcat,'de
1028 973 1115 1034 iis,
1162 974 1253 1041 qui
1284 961 1591 1041 'p'erperam
1640 961 2186 1041 interpretati'suut,
2240 964 2367 1041 sine,
2424 961 2491 1018 dc
2531 961 2766 1041 iishqui‘
2812 961 3264 1041 interpretando,
3303 962 3644 1041 Scripturam

355 1033 776 1097 adulterarun't.
835 1042 1034 1112 Estque
1071 1033 1321 1110 Epiiome'
1346 1033 1529 1094 eorum
1564 1033 2051 1112 quw_Eﬁip_It_tzttius
2086 1034 2355 1112 _libro__D_e
2405 1033 2738 1112 ponderibus
2776 1040 2830 1112 et
2869 1034 3145 1112 mensuris
3190 1033 3450 1112 {tenerius
3491 1036 3646 1112 inter-

350 1113 605 1178 pretibus
666 1123 894 1177 narrat;
935 1101 997 1165 ἁο
1049 1101 1151 1165 non
1200 1112 1357 1166 semel
1416 1128 1447 1163 a
1497 1101 2187 1178 narrationeitlahfusiore
2232 1101 2432 1172 di/fert'.
2470 1101 2659 1178 l_]_trum
2712 1111 2894 1178 autent
2928 1102 2991 1154 ab
3035 1103 3148 1178 ipso
3190 1102 3482 1178 Epiphanio
3536 1104 3646 1178 [tu'c

354 1172 615 1250 Epitome
644 1172 959 1236 concinnata
993 1182 1175 1250 fuerit,
1224 1200 1292 1235 an
1327 1180 1392 1234 ab
1418 1180 1549 1240 alio,
1601 1196 1703 1233 non
1729 1172 2010 1250 itafacile
2052 1185 2130 1250 est
2176 1186 2449 1250 ιιιιιιιεινι.Δ
2485 1172 2552 1227 Ut
2588 1183 2643 1226 ut
2683 1189 2801 1250 vero
2845 1172 2936 1235 sit,
2978 1172 3155 1250 prodit
3191 1172 3304 1250 Ito_e_
3330 1174 3641 1241 opusculum

350 1241 426 1326 ea}
461 1252 671 1326 duobus
707 1241 1003 1318 codicibus,
1033 1241 1192 1326 Regio
1222 1267 1402 1319 nempe
1442 1250 1599 1313 1807,
1628 1258 1677 1304 et
1728 1241 2007 1313 Vaticano,
2030 1246 2120 1305 qui
2151 1244 2305 1300 ambo
2339 1245 2540 1300 decimo
2569 1244 2787 1310 uacula,
2818 1251 2867 1296 et
2892 1241 3095 1311 eadem,
3139 1253 3192 1298 ut
3220 1244 3445 1313 videtur,
3486 1256 3650 1299 manu

351 1322 620 1391 descripti
657 1332 799 1378 sunt.

807 1560 901 1649 S.
979 1558 1622 1650 EPIPHANII
1704 1556 1854 1648 DE
1929 1557 2183 1647 LXX
2258 1548 3235 1643 INTERPRETIBUS

1804 1770 2219 1885 LIBER

1309 1996 1681 2061 (Mon'rnucos.
1708 1994 1910 2059 Proleg.
1936 1993 1997 2044 ad
2025 1989 2254 2054 Origeuis
2283 1989 2526 2051 Ilempta,
2554 2003 2602 2053 p.
2626 1987 2728 2051 77.)

388 2293 496 2344 NE
510 2291 713 2355 ΥἹὨΝ,
757 2291 887 2343 ΚΑΙ
932 2290 1071 2345 ΤΩΝ
1120 2289 1565 2344 ΠΑΡΕΡΜΗΝΕ
1576 2289 1756 2342 ΥΣΑΝ
1763 2289 1915 2342 ΤΩΝ.

428 2465 773 2535 Πτελεμαῖος
804 2465 832 2517 6
876 2463 1132 2535 δεύτερος
1171 2464 1200 2516 6
1245 2460 1564 2534 ἐπικληθεὶς
1607 2462 1952 2531 Φιλάδελφος,

357 2557 719 2629 βιϐλιοθήκας
767 2556 1120 2626 καταστήσας
1159 2553 1253 2606 ἐπὶ
1297 2553 1400 2623 τῆς
1444 2553 1651 2617 πόλεως
1701 2553 1955 2619 Ἀλεξαν-

353 2648 551 2718 δρείας
580 2648 638 2699 ὲν
668 2644 746 2716 τῷ
776 2645 982 2716 ἀρχείῳ
1006 2645 1066 2715 (l.
1099 2641 1363 2714 Βρουχίῳ)
1392 2641 1710 2714 καλουμένῳ
1735 2660 1749 2675 ’
1784 2643 1956 2714 κλίμα

356 2737 417 2790 δέ
439 2740 561 2791 ἐστι
584 2737 683 2807 τῆς
717 2736 888 2807 αὐτῆς
917 2735 1125 2799 πόλεως
1147 2751 1163 2765 ο
1195 2734 1491 2807 ἐνεχείρισε
1516 2735 1816 2808 Δημητρίῳ
1848 2736 1957 2790 τινὶ

352 2830 603 2901 Φαληρεῖ
643 2829 743 2900 τὴν
778 2827 948 2900 αὐτὴν
988 2826 1361 2899 βιϐλιοθήκην,
1410 2827 1678 2893 συντάξας
1721 2846 1955 2899 συναγα-

351 2924 485 2991 γεῖν
515 2921 613 2985 τάς
641 2920 915 2991 πανταχοῦ
943 2919 1160 2991 βίϐλους
1190 2918 1432 2990 ποιητῶν
1454 2936 1516 2973 τε
1559 2920 1653 2973 καὶ
1687 2921 1956 2993 λογογρά-

351 3031 501 3080 φων.
542 3013 934 3085 Συναγομένων
969 3012 1025 3065 δὲ
1056 3012 1165 3066 τῶν
1208 3010 1428 3083 βιϐλίων
1468 3011 1573 3075 ἕως
1605 3012 1880 3083 μυριάδων
1915 3018 1955 3064 ε’

352 3105 459 3159 καὶ
496 3103 538 3157 δ’
586 3104 865 3174 χιλιάδων,
916 3103 1040 3156 τότε
1084 3102 1407 3157 ἀποστέλλει
1442 3105 1471 3156 6
1513 3102 1770 3172 βασιλεὺς
1819 3102 1957 3173 πρὸς

352 3199 491 3260 τοὺς
521 3198 580 3249 ὲν
626 3194 1020 3267 Ἱεροσολύμοις
1057 3194 1348 3266 ἐπιστολὴν
1388 3194 1482 3249 καὶ
1517 3194 1798 3266 τράπεζαν
1821 3211 1955 3266 χρυ-

354 3287 469 3358 σῆν
508 3287 787 3341 ταλάντων
830 3293 873 3357 ρ’
913 3286 1005 3357 (al.
1037 3288 1111 3357 φ’)
1157 3286 1447 3357 διάχρυσον
1487 3282 1673 3354 οὖσαν,
1704 3288 1825 3341 ἀντὶ
1857 3289 1957 3357 τῆς

355 3379 646 3451 τραπέζης
689 3379 790 3450 τῆς
828 3379 1127 3450 ληφθείσης
1170 3380 1279 3433 ἀπὸ
1316 3379 1410 3434 τοῦ
1452 3380 1608 3450 ἁγίου
1653 3376 1820 3434 τόπου
1844 3380 1955 3434 τῶν

365 3470 439 3523 ἰε
453 3469 789 3541 ροσολύμων,
826 3470 1196 3541 αἰτησάμενος
1248 3472 1622 3543 ἀποσταλῆναι
1663 3472 1812 3543 αὑτῷ
1846 3473 1955 3526 πᾶ-

1974 2130 2043 2141 ..ι-

359 2220 515 2274 ΤΟΥ
548 2219 785 2273 ΑῙἾΟΥ
816 2219 1233 2273 ΕΠΙΦΛΝῙΟΥ
1257 2218 1428 2271 ΠΕΡΙ
1462 2219 1601 2270 ΤΩΝ
1638 2221 1695 2269 0'
1727 2219 1958 2273 EPMH-
1988 2226 2033 2281 Λ

2064 2209 2341 2270 δΛΝΟΤΙ
2373 2206 2812 2266 ΕΡΙΡΗΛΝΙΙ.
2846 2204 2944 2259 DE
2972 2204 3496 2263 SEPTUAGINTA
3531 2205 3647 2261 HV—

2140 2277 2681 2340 TERPRETIBUS,
2742 2276 2835 2331 ET
2890 2276 2988 2330 DE
3046 2277 3155 2332 IIS
3209 2276 3345 2345 QUI
3403 2276 3648 2333 PRAVE

2135 2345 2697 2409 INTERPRETATI
2739 2345 2959 2401 SUNT.

2128 2463 2454 2518 Ptolemaeus
2504 2459 2782 2516 secundus
2834 2459 3165 2531 cognomine
3201 2458 3640 2531 Philadelphus,

2056 2553 2426 2611 bibliothecas
2456 2567 2582 2608 cum
2615 2558 2872 2622 parasset
2899 2549 3249 2608 Alexandriae
3285 2552 3339 2606 in
3380 2551 3655 2619 Bruchio,»

2057 2654 2119 2699 ut
2143 2652 2364 2712 vocant,
2395 2658 2518 2714 qua:
2557 2650 2644 2699 est
2677 2643 2830 2699 urbis
2861 2642 3036 2714 regio,
3070 2655 3165 2700 eas
3209 2644 3487 2700 curandas
3532 2652 3648 2700 tra-

2059 2737 2200 2792 didit
2243 2736 2520 2793 Demetrio
2565 2735 2784 2792 cuidam
2831 2734 3122 2800 Phalereo,
3156 2736 3549 2808 pra-cepitque,
3587 2748 3648 2793 ut

2059 2828 2231 2885 libros
2277 2836 2564 2899 poetarum
2616 2828 2961 2899 aliorumque
2993 2828 3328 2897 scriptorum
3360 2829 3647 2899 undequa-

2058 2936 2164 2991 que
2196 2922 2499 2991 colligeret.
2528 2920 2669 2975 Cum
2710 2928 2897 2974 autem
2938 2919 3110 2976 libros
3145 2919 3211 2974 ad
3242 2920 3646 2992 quinquaginta

2058 3020 2300 3083 quatuor
2327 3013 2498 3067 millia
2537 3020 2941 3082 comparasset,
2974 3020 3107 3067 tunc
3149 3012 3299 3070 misit
3335 3028 3430 3069 rex
3460 3014 3527 3069 ad
3552 3012 3646 3069 Je-

2060 3105 2488 3177 rosolymitanos
2544 3104 2858 3175 epistolam,
2913 3111 2969 3159 et
3027 3120 3276 3162 mensam
3330 3112 3501 3161 totam
3546 3121 3648 3160 au-

2058 3212 2208 3253 ream
2243 3196 2426 3267 pondo
2460 3197 2797 3252 talentorum
2832 3205 3080 3263 centum,
3114 3212 3214 3267 pro
3251 3211 3444 3253 mensa
3484 3212 3515 3253 a
3554 3212 3647 3253 sa-

2058 3303 2155 3344 cro
2190 3287 2665 3359 Jerosolymorum
2715 3289 2838 3344 loco
2879 3287 3121 3355 sublata,
3156 3303 3360 3361 rogans
3393 3290 3648 3346 mandari

2058 3382 2164 3438 sibi
2214 3391 2385 3437 totam
2432 3381 2789 3437 Hebraeorum
2820 3378 3186 3453 Scripturam.
3232 3380 3354 3439 Mox
3399 3384 3476 3439 illi
3520 3401 3647 3440 cum

2060 3474 2260 3545 gaudio
2296 3474 2469 3530 libros
2520 3473 2807 3531 Hebraicis
2840 3474 3025 3530 aureis
3070 3474 3268 3533 litteris
3304 3475 3650 3545 conscriptos

356 3579 464 3614 σαν
491 3562 714 3634 Γραφὴν
745 3562 853 3616 τῶν
890 3563 1180 3635 Ἐϐραίων.
1218 3566 1281 3619 Oi
1325 3564 1381 3619 δὲ
1413 3565 1552 3636 μετά
1587 3567 1761 3638 χαρᾶς
1785 3567 1955 3638 ἀμελ-

2061 3565 2354 3631 miserunt,
2388 3565 2646 3620 videlicet
2672 3564 2865 3634 viginti
2895 3573 2951 3621 et
3000 3581 3194 3631 unum,
3220 3566 3314 3638 qui
3349 3568 3490 3637 apud
3527 3568 3649 3623 illos

357 3655 488 3725 λητὶ
538 3655 791 3725 χρυσέοις
841 3658 1167 3729 γράμμασιν
1220 3657 1530 3729 Ἑϐραϊκοῖς
1586 3659 1685 3724 τὰς
1736 3658 1954 3730 βίϐλους

360 3748 849 3820 μεταγραψάμενοι
888 3750 1229 3804 ’ἀπέστειλαν
1253 3767 1266 3782 ·
1298 3749 1383 3805 κα¹
1420 3751 1519 3823 μὲν
1565 3750 1752 3816 οὔσας,
1783 3750 1868 3821 κβ¹
1896 3752 1955 3806 δὲ

357 3841 497 3910 παρ’
523 3841 707 3904 αὐτοῖς
727 3841 1139 3913 ἀριθμουμένας
1156 3842 1256 3907 τὰς
1278 3841 1616 3906 ὲνδιαθέτους
1638 3859 1653 3874 ο
1677 3842 1757 3914 οβ’
1777 3843 1833 3898 δὲ
1856 3843 1957 3908 τὰς

360 3928 741 4001 ἀποκρύφους.
786 3931 843 3984 '0
880 3931 936 3983 δὲ
974 3930 1227 4002 βασιλεὺς
1268 3932 1637 4004 κομισάμενος
1663 3933 1758 3987 καὶ
1797 3934 1955 3986 ἐντυ-

363 4019 499 4091 χὼν,
529 4020 623 4074 καὶ
655 4021 729 4093 μὴ
772 4022 1073 4094 δυνάμενος
1110 4023 1440 4092 ἀναγνῶναι,
1484 4025 1745 4097 δευτέραν
1772 4026 1957 4090 αὐτοῖς

364 4112 656 4183 ἐπιστολὴν
704 4113 916 4183 γράψαι
970 4114 1331 4183 ¹ὴναγκάσθη,
1382 4113 1524 4167 ὥστε
1584 4115 1956 4185 ἀποσταλῆναι

363 4201 518 4273 αὑτῷ
547 4204 911 4273 έρμηνευτάς,
957 4204 1085 4265 τοὺς
1121 4202 1453 4273 δυναμένους
1503 4202 1653 4275 αὑτῷ
1682 4204 1957 4274 ἐκφράσαι

365 4297 450 4358 είς
477 4296 577 4366 τὴν
609 4296 931 4367 Ἑλληνικὴν
962 4295 1242 4349 διάλεκτον
1262 4294 1331 4349 τὰ
1364 4295 1466 4365 τῆς
1496 4295 1798 4368 Ἐϐραῖδος.
1823 4296 1957 4350 Τότε

363 4388 497 4451 τοὺς
549 4387 626 4458 οβ’
674 4387 1016 4459 έρμηνευτάς
1058 4387 1409 4459 ἐκλεξάμενοι
1449 4390 1497 4443 οί
1554 4388 1660 4443 τῶν
1692 4388 1957 4462 Ἑϐραίων

363 4480 698 4545 διδάσκαλοι,
718 4482 811 4535 καὶ
833 4482 1033 4551 ἄνδρας
1052 4481 1192 4535 κατὰ
1209 4481 1380 4553 φυλὴν
1404 4481 1794 4535 ἀποστέλλουσι
1814 4482 1958 4537 κατά

364 4574 459 4627 τὸν
486 4572 654 4628 τύπον
679 4574 738 4627 ὃν
769 4591 899 4627 ποτε
939 4574 1162 4645 ἐποίησε
1189 4575 1451 4645 Μωῦσῆς,
1472 4573 1633 4645 ἡνίκα
1673 4575 1840 4647 ἀνέϐη
1875 4577 1957 4641 εἰς

365 4663 428 4716 τὸ
449 4663 575 4733 ὅρος
602 4661 689 4714 διὰ
704 4662 1125 4734 προστάγματος
1158 4662 1386 4733 Κυρίου.
1403 4661 1663 4727 ἀκούσας,
1682 4664 1766 4717 ὅτι
1800 4663 1957 4719 Λάϐε

366 4757 513 4824 μετὰ
540 4754 801 4809 σεαυτοῦ
822 4754 1046 4824 ἄνδρας
1063 4753 1133 4819 0’,
1164 4755 1263 4808 καὶ
1285 4754 1537 4823 ἀνάϐηθι
1556 4757 1645 4822 εἰς
1672 4756 1738 4809 τὸ
1780 4755 1918 4825 ὄρος
1939 4775 1953 4789 υ
1994 4820 1995 4823 η

2060 3658 2250 3729 viginti
2280 3658 2390 3714 duo
2417 3656 2635 3714 Veteris
2662 3657 3007 3715 Testamenti
3045 3665 3438 3724 numerantur,
3474 3668 3527 3716 et
3557 3675 3648 3717 se-

2058 3747 2346 3818 ptuaginta
2377 3747 2488 3802 duo
2510 3747 2832 3819 apocryphi.
2873 3750 3024 3815 Quos
3061 3757 3258 3804 nactus
3288 3764 3382 3805 rex
3417 3764 3541 3804 cum
3572 3751 3649 3805 le-

2056 3856 2181 3912 gere
2204 3856 2315 3897 non
2347 3850 2555 3912 posset,
2589 3840 2888 3896 secundam
2913 3842 3050 3910 ipsis
3080 3843 3370 3911 epistolam
3401 3832 3666 3898 scribere!b

2057 3940 2283 3987 coaetus
2311 3938 2418 3995 est,
2458 3946 2660 4002 rogans
2692 3931 2835 3985 mitti
2877 3932 2982 3987 sibi
3018 3932 3371 4003 interpretes,
3398 3933 3492 4003 qui
3524 3948 3651 4004 pos-

2058 4032 2179 4079 sent
2207 4038 2303 4079 eos
2341 4040 2409 4077 ex
2436 4022 2706 4078 Hebraica
2741 4025 2797 4078 in
2820 4022 3065 4079 Grzecam
3089 4024 3387 4081 dialectum
3415 4037 3645 4084 vertere.

2059 4114 2216 4169 Tunc
2276 4114 2633 4169 Hebraeorum
2694 4115 2946 4187 magistri
3012 4117 3248 4173 selectos
3303 4118 3649 4189 septuaginta

2058 4208 2198 4263 duos
2238 4206 2591 4276 interpretes,
2628 4207 2890 4277 virosque
2919 4222 2988 4262 ex
3015 4207 3252 4277 singulis
3288 4208 3545 4264 tribubus
3578 4208 3647 4263 ad

2060 4310 2244 4365 regem
2270 4295 2544 4352 miserunt
2573 4316 2586 4351 :
2610 4298 2864 4369 exemplo
2891 4298 3118 4370 Moysis,
3140 4300 3234 4370 qui
3258 4313 3383 4354 cum
3414 4298 3649 4355 Domino

2054 4387 2283 4456 jubente
2321 4388 2575 4443 ascendit
2595 4389 2647 4444 in
2675 4398 2917 4447 montem
2952 4391 3052 4445 hac
3076 4392 3265 4446 audita
3284 4407 3453 4448 voce:
3486 4391 3649 4450 Sume

2061 4490 2232 4533 tecum
2260 4480 2400 4534 uiros
2428 4483 2785 4552 septuaginta,
2828 4492 2879 4538 et
2915 4482 3139 4538 ascende
3180 4484 3236 4538 in
3265 4486 3555 4551 montem‘,
3578 4500 3647 4542 ex

2060 4572 2293 4643 singulis
2316 4572 2570 4628 tribubus
2597 4575 2748 4630 viros
2778 4589 2871 4630 sex
2894 4575 3116 4646 delegit,
3140 4576 3399 4631 videlicet
3425 4584 3647 4647 septua-

2058 4663 2207 4734 ginta
2238 4663 2401 4721 duos.
2435 4662 2635 4720 Eodem
2667 4666 2745 4719 illi
2777 4665 2943 4721 modo
2986 4667 3332 4736 septuaginta
3371 4667 3510 4724 duos
3544 4668 3646 4722 mi-

2060 4770 2282 4824 serunt;
2314 4759 2409 4829 qui
2440 4774 2564 4813 cum
2593 4759 2822 4829 lubente
2851 4776 2980 4832 rege
3022 4760 3137 4816 bini
3187 4762 3243 4817 in
3289 4762 3514 4834 triginta
3550 4777 3648 4818 sex

368 4848 573 4909 ἐκεῖνος
599 4846 656 4899 δὲ
688 4846 847 4900 ἔλαϐε
874 4846 1017 4900 κατά
1046 4845 1219 4918 φυλὴν
1243 4845 1323 4910 ἒξ,
1355 4846 1492 4917 ὁμοῦ
1521 4846 1622 4917 οβ’.
1651 4846 1840 4912 Οὕτως
1864 4849 1955 4903 καὶ

2060 4850 2337 4906 cubiculis
2370 4851 2700 4917 dormirent,
2741 4868 2812 4909 ne
2851 4861 3080 4924 possent
3115 4863 3309 4909 mutuo
3338 4855 3646 4910 communi-

368 4934 513 4993 οὗτοι
545 4938 829 5010 ἐποίησαν,
854 4938 950 4992 καὶ
979 4912 1305 4992 ἀπέστειλαν
1330 4912 1428 5008 0,8",
1457 4912 1671 5003 οἵτινες
1698 4938 1836 5011 μετά
1861 4940 1954 4994 τοῦ

2059 4954 2205 5005 care,
2227 4942 2307 4996 sic
2324 4943 2476 5012 operi
2504 4944 2916 4999 incumbebant.
2941 4944 3075 4999 Nam
3099 4945 3391 5015 praedictas
3414 4947 3645 5002 cellulas

373 5031 634 5100 βασιλέως
659 5031 803 5085 κατά
827 5031 999 5101 ζυγὴν
1020 5034 1077 5085 ὲν
1100 5031 1320 5085 κοιτῶσι
1353 5032 1441 5097 λς’
1475 5033 1957 5101 συγκαθεύδοντες,

372 5126 450 5186 εἰς
477 5124 538 5177 τὸ
572 5122 647 5194 μὴ
679 5123 987 5177 συνδοιάσαι
1024 5125 1138 5194 μετ’
1172 5123 1436 5194 ἀλλήλων,
1467 5122 1639 5188 οὕτως
1660 5125 1956 5179 διετέλουν.

373 5215 513 5278 Τοὺς
541 5213 651 5286 γὰρ
685 5214 1114 5284 προειρημένους
1142 5215 1418 5278 οίκξσκους
1444 5216 1473 5268 6
1501 5215 1834 5287 Πτολεμαῖος
1857 5233 1960 5268 κα-

372 5306 738 5368 τασκευάσας,
788 5303 1009 5368 διπλοῦς
1054 5305 1251 5369 αὐτοὺς
1296 5306 1552 5377 ποιήσας,
1587 5305 1682 5359 δύο
1716 5305 1812 5359 δύο
1848 5307 1955 5360 ἀπ-

375 5395 618 5449 έκλεισεν
667 5396 761 5465 ἀφ’
806 5393 973 5447 ἔωθεν
1024 5392 1128 5456 ἓως
1169 5394 1429 5464 ἑσπέρας,
1471 5393 1568 5446 καὶ
1619 5392 1813 5456 παῖδας
1861 5392 1955 5446 δύο

375 5484 666 5555 ὑπηρετεῖν
706 5484 891 5553 αὐτοῖς
926 5483 1040 5554 ἅμα
1073 5482 1395 5537 ἀπέκλεισεν
1415 5482 1603 5537 ἕνεκεν
1649 5481 1954 5553 ὀψοποιίας,

375 5575 517 5632 μετά
557 5577 649 5631 καὶ
694 5576 1083 5647 ταχυγράφων.
1134 5575 1274 5628 Ἀλλ’
1305 5573 1427 5628 οὔτε
1475 5573 1695 5645 θυρίδας
1729 5576 1843 5638 τοῖς
1874 5578 1957 5631 ol-

449 5729 471 5765 ⁸
507 5733 673 5789 Exod.
713 5749 858 5789 xuv.
908 5734 992 5788 l2.

2056 5029 2383 5087 Ptolema‘us
2442 5032 2695 5103 duplices
2755 5036 3003 5090 construi
3057 5036 3310 5102 curavit,
3373 5036 3645 5107 binosque

2057 5123 2371 5179 includebat
2397 5140 2428 5179 a
2457 5141 2620 5181 mane
2651 5142 2827 5197 usque
2855 5127 2921 5181 ad
2943 5142 3248 5197 vesperam,
3276 5142 3399 5182 cum
3424 5127 3642 5183 duobus

2060 5213 2284 5271 famulis
2312 5216 2421 5272 cibi
2458 5217 2685 5287 parandi
2720 5225 2884 5288 atque
2927 5218 3277 5273 ministrandi
3311 5219 3508 5288 gratia,
3547 5215 3645 5270 ad-

2062 5307 2194 5363 ditis
2221 5308 2387 5362 etiam
2413 5310 2651 5365 notariis
2680 5311 2773 5379 qui
2803 5311 3009 5379 pariter
3034 5309 3231 5365 inclusi
3253 5315 3429 5364 erant.
3455 5306 3644 5376 Neque

2063 5397 2333 5453 fenestras
2382 5401 2558 5455 muris
2604 5400 2766 5465 fecit,
2810 5399 2904 5455 sed
2946 5416 2979 5453 a
3022 5401 3180 5455 tectis
3222 5398 3457 5468 aperuit,
3502 5410 3641 5465 quas

2063 5499 2281 5557 vocant,
2316 5490 2701 5561 anapliotidas.
2748 5489 2863 5545 Hoc
2896 5489 2973 5544 illi
3022 5491 3183 5545 modo
3217 5504 3246 5541 a
3295 5487 3471 5555 primo
3498 5484 3640 5536 dilu-

2064 5577 2191 5633 culo
2225 5593 2398 5649 usque
2432 5580 2499 5633 ad
2546 5593 2858 5650 vesperam,
2881 5576 3151 5633 obseratis
3200 5572 3437 5639 foribus,
3472 5571 3643 5627 inter-
