4034 6216
356 295 462 352 575

1782 307 1838 363 S.
1894 308 2236 364 EPIPllANll

3538 328 3653 386 376

357 398 717 470 pretationem
752 403 1067 463 ediderunt.
1103 408 1253 466 Binis
1299 426 1429 467 vero
1459 411 1602 470 liber
1650 430 1794 472 unus
1831 426 1939 470 tra-

2045 421 2255 486 κίσκοις
2282 420 2510 486 ἐκείνοις
2542 422 2605 476 ἐκ
2636 422 2741 477 τῶν
2768 424 2962 495 τοίχων
2994 424 3269 499 suam,
3295 428 3405 483 ἀλλ’
3429 431 3646 488 ἀνωθεν

357 494 508 550 ditus
538 494 737 561 fuerat,
757 498 1013 555 videlicet
1040 502 1157 571 pari
1189 503 1283 557 uni
1315 492 1466 560 liber.
1485 504 1784 570 Geneseos,
1820 509 1933 576 pari

357 589 517 641 alteri
551 586 773 644 Exodus
822 591 1059 647 ﬁliorum
1106 591 1293 659 Israel,
1342 597 1509 653 tertio
1555 596 1852 663 Leviticus,
1884 606 1939 653 et

356 678 551 749 reliqui
599 679 873 737 similiter.
924 681 1128 754 Sicque
1178 684 1461 756 Scriptura
1514 687 1702 745 tricies
1762 689 1938 745 sexies

354 785 514 824 versa
549 782 653 830 est.
689 771 826 826 Cum
851 780 1034 830 autem
1067 775 1191 831 libri
1225 778 1464 834 absoluti
1501 776 1762 844 fuissent,
1799 783 1941 838 sedit

354 876 451 915 rex
476 861 531 915 in
568 863 788 918 excelso
815 865 1037 931 throno,
1059 881 1124 923 ac
1152 867 1387 925 lectores
1411 871 1638 942 triginta
1662 888 1757 929 sex
1789 874 1940 929 humi

352 951 724 1008 c-onsederunt
772 954 944 1014 libros
984 973 1097 1028 prae
1139 961 1395 1018 manibus
1435 962 1699 1022 habentes
1734 985 1745 1021 :
1777 976 1942 1039 atque

355 1058 466 1097 uno
514 1044 727 1115 legente
771 1049 983 1103 nullum
1018 1051 1423 1121 deprehensum
1470 1063 1556 1111 est
1617 1058 1937 1115 discrimen.

353 1131 408 1187 ld
445 1150 577 1189 vero
608 1135 702 1191 Dei
744 1152 887 1208 Opus
929 1148 1071 1204 erat,
1104 1150 1163 1195 ut
1210 1144 1387 1211 palam
1447 1156 1595 1201 esset
1626 1150 1775 1207 viros
1816 1152 1941 1208 illos

353 1227 533 1280 sancti
596 1226 838 1296 Spiritus
894 1246 1125 1288 munere
1199 1235 1505 1292 instructos
1569 1239 1762 1296 fuisse.
1838 1242 1939 1297 Ubi

352 1319 635 1389 quidpiam
686 1321 756 1375 ab
806 1322 916 1378 illis
963 1324 1275 1396 ademptum
1329 1327 1528 1394 fuerat,
1571 1332 1639 1386 ab
1684 1333 1942 1392 om'nibus

354 1412 520 1467 simul
553 1409 869 1483 ademptum
903 1414 1077 1469 fuerat
1105 1435 1118 1471 :
1153 1417 1428 1488 ademptis
1460 1422 1596 1476 nihil
1632 1438 1771 1494 opus
1800 1434 1941 1493 erat,

354 1502 558 1557 additis
605 1518 788 1559 secus.
834 1503 985 1560 Libri
1032 1507 1216 1577 itaque
1268 1509 1346 1564 illi
1388 1510 1443 1565 in
1480 1511 1723 1567 Graecam
1772 1515 1945 1573 diale—

353 1600 506 1646 ctum
562 1595 842 1660 translati,
874 1597 928 1651 in
966 1597 1141 1668 prima
1172 1601 1503 1659 bibliotheca
1535 1608 1760 1676 repositi
1792 1618 1939 1664 sunt.

360 1682 566 1741 Deinde
586 1687 750 1741 aliam
777 1691 1089 1746 construxit
1112 1693 1524 1759 bibliothecam,
1551 1714 1713 1767 quam
1741 1701 1943 1770 prioris

357 1777 520 1830 tiliam
552 1781 840 1847 vocabant,
881 1783 1011 1836 olim
1046 1784 1101 1838 in
1136 1782 1365 1856 Serapio
1406 1798 1803 1859 nuncupatam.

2041 512 2104 562 ἐκ
2129 510 2234 563 τῶν
2265 511 2532 582 δωμάτων
2564 514 2913 583 ἁναφωτίδας
2944 514 3044 581 τὰς
3087 517 3429 591 καλουμένας
3459 523 3641 593 ἀνέῳο

2041 600 2149 667 ξεν.
2182 603 2245 657 Ol
2275 602 2331 656 δὲ
2362 602 2532 668 οὕτως
2582 606 2686 659 ἀπὸ
2726 606 2872 676 πρωῒ
2904 606 3011 672 ἕως
3046 608 3287 681 ἑσπέρας
3324 612 3427 665 ὑπὸ
3453 613 3643 667 κλεῖδα

2042 692 2471 765 συγκλειόμενοι,
2501 694 2672 761 οὕτως
2704 698 3077 769 ἡρμήνευσαν.
3124 701 3364 773 Ἐκάστῃ
3400 703 3456 755 δὲ
3492 701 3635 773 ζυγῇ

2042 782 2223 854 βίϐλος
2254 785 2353 855 μία
2396 787 2690 854 ἐπεδίδοτο,
2718 789 2794 854 ὡς
2841 792 3017 845 εἰπεῖν
3055 794 3088 863 ἡ
3142 792 3325 863 βίϐλος
3356 794 3454 863 τῆς
3478 794 3642 847 Γενὲ-

2043 890 2181 964 σεως
2207 877 2307 947 μιᾷ
2331 876 2475 964 ςυγῇ
2499 895 2511 908 ·
2530 882 2564 949 ἡ
2598 879 2817 945 Ἔξοδος
2845 881 2954 935 τῶν
2975 882 3107 937 υίῶν
3144 885 3363 955 Ἰσραὴλ
3392 888 3458 956 τῇ
3484 886 3625 957 ἄλλῃ

2042 963 2203 1036 ζυγῇ,
2242 963 2526 1021 Λευῖτικὸν
2555 971 2621 1039 τῇ
2651 969 2807 1041 ἄλλῃ,
2851 971 2947 1025 καὶ
2971 972 3041 1027 τὰ
3075 970 3235 1027 λοιπὰ
3272 974 3505 1045 ὁμοίως·
3541 976 3642 1030 καὶ

2042 1057 2184 1112 οὕτω
2234 1059 2532 1130 τριάκοντα
2563 1063 2660 1115 καλ⁸
2708 1063 2897 1129 ἑξάκις
2940 1065 3401 1137 έρμηνευθεῖσαὴ
3445 1068 3642 1139 Γραφὴ

2043 1150 2221 1222 ῶςρθη.
2258 1152 2388 1205 Ὅτε
2434 1152 2491 1206 δὲ
2538 1153 2934 1227 ἐτελειώθησαν
2969 1158 3026 1210 αί
3073 1157 3266 1227 βίϐλοι,
3316 1158 3570 1213 ἐκάθισεν
3610 1164 3641 1213 ό

2047 1244 2297 1314 βασιλεὺς
2344 1244 2437 1298 ἐπὶ
2488 1244 2679 1317 θρόνου
2728 1247 2960 1318 ὑψηλοῦ,
3018 1250 3112 1310 καὶ
3152 1249 3241 1314 λς’
3290 1250 3640 1319 ἀναγνῶσται

2044 1336 2305 1391 ἐκάθισαν
2334 1336 2713 1408 χαμαιζήλως,
2748 1338 2964 1409 ἔχοντες
2991 1341 3091 1405 τὰς
3128 1341 3344 1411 βίϐλους
3368 1343 3486 1394 καθ’
3510 1344 3641 1395 ἐαυ-

2044 1428 2172 1493 τῶν,
2208 1428 2303 1481 καὶ
2339 1428 2807 1497 ἀναγινώσκοντος
2839 1432 2959 1496 ἐνὸς
2989 1433 3086 1502 οὐχ
3118 1434 3320 1504 εὑρέθη
3350 1434 3636 1502 διαφωνία,

2044 1519 2182 1574 ἀλλὰ
2220 1519 2355 1573 Θεοῦ
2386 1519 2690 1592 θαυμάσιον
2726 1521 2886 1593 ἔργον
2913 1526 2993 1587 εἰς
3032 1524 3093 1577 τὸ
3131 1524 3335 1593 γνῶναι
3359 1526 3440 1578 ὅτι
3470 1524 3642 1577 Πνεύ-

2049 1628 2219 1683 ματος
2250 1612 2407 1681 ἁγίου
2428 1611 2586 1683 ἔσχον
2609 1612 2817 1685 δωρεὰν
2840 1615 2889 1667 οἱ
2912 1614 3103 1686 ἄνδρες
3132 1616 3352 1670 ἐκεῖνοι.
3377 1616 3551 1669 Ὅπου
3580 1616 3641 1668 δὲ

2046 1705 2346 1774 ἀφείλοντο,
2379 1705 2619 1769 ἅπαντες
2646 1705 2787 1777 όμοῦ
2825 1706 3127 1775 ἀφείλοντο,
3166 1706 3262 1760 καὶ
3294 1700 3368 1761 ὧν
3405 1707 3502 1777 μὲν
3536 1707 3639 1760 οὐκ

1968 1791 2010 1845 Β
2040 1794 2156 1850 ἐστι
2185 1797 2365 1869 χρεία,
2386 1790 2461 1852 ὧν
2485 1798 2542 1851 δὲ
2580 1798 2930 1870 προσέθηκαν
2958 1798 3134 1871 χρεία.
3171 1798 3358 1863 Οὕτως
3383 1799 3437 1852 αἱ
3466 1798 3639 1868 βίϐλοι

353 1876 435 1937 εἰς
466 1881 565 1946 την
599 1875 877 1947 Ἑλληνίδα
907 1878 1183 1934 διάλεκτον
1234 1881 1658 1954 μεταδληθεῖσαι
1706 1887 2052 1959 ἀπετέθησαν
2087 1894 2145 1945 ἐν
2173 1896 2240 1965 τῇ
2280 1892 2473 1967 πρώτῃ
2526 1893 2865 1967 βιϐλιοθήκῃ.
2895 1895 3005 1948 Καὶ
3053 1892 3248 1966 ἑτέραν
3298 1895 3413 1965 μετ’
3467 1892 3639 1963 αὐτὴν

354 1967 629 2042 θυγατέρα
680 1971 852 2042 αὐτῆς
898 1972 1309 2046 ἐπικληθεῖσαν,
1359 1976 1567 2033 ἀνωθεν
1623 1980 1683 2033 ἐν
1726 1981 1805 2052 τῷ
1848 1982 2153 2058 Σεραπείῳ.

425 2087 492 2140 Et
520 2086 789 2156 praeteriit
828 2093 1045 2158 tempus
1073 2087 1351 2147 Ptolemaei
1387 2100 1443 2148 et
1467 2092 1798 2165 Cleopatrae.
1836 2095 1944 2150 An-

351 2177 510 2234 nis...
550 2187 854 2251 regnarunt
886 2179 1127 2251 Lagidte.

423 2266 636 2326 Deinde
663 2277 975 2341 sequuntur
1009 2273 1243 2327 Romani
1277 2273 1660 2345 imperatores.

423 2363 707 2439 Augustus
747 2366 910 2422 annis
939 2381 1027 2420 ινι
1063 2366 1351 2436 imperavit
1384 2386 1396 2422 :
1434 2369 1594 2439 cujus
1628 2383 1775 2423 anno
1807 2383 1945 2438 qua-

354 2455 671 2527 dragesimo
717 2457 964 2514 secundo
1014 2456 1273 2516 Christus
1321 2469 1488 2516 natus
1533 2470 1639 2517 est.
1688 2462 1945 2517 Tiberius

354 2544 518 2601 annis
550 2559 688 2599 χχιιι
723 2563 737 2601 :
767 2546 888 2617 ejus
934 2556 1117 2603 autem
1160 2563 1309 2603 anno
1353 2550 1570 2606 decimo
1603 2560 1799 2605 octavo
1833 2549 1941 2605 Do-

352 2637 541 2692 minus
566 2638 868 2695 crueilixus
896 2647 1001 2695 est.
1037 2638 1084 2693 A
1110 2655 1278 2696 cruce
1315 2642 1383 2696 ad
1409 2643 1685 2698 excidium
1713 2641 1938 2698 Jerusa-

353 2730 457 2783 lem
502 2730 633 2785 anni
692 2746 761 2785 ιι.
800 2739 855 2788 et
898 2732 1107 2803 aliquot
1155 2732 1276 2789 dies
1316 2734 1670 2789 el‘lluxerunt.
1712 2736 1796 2790 Ab
1828 2736 1940 2789 Au-

351 2828 516 2888 gusto
548 2837 721 2893 usque
752 2823 820 2878 ad
867 2823 1173 2879 Adrianum
1208 2826 1339 2880 anni
1384 2835 1515 2883 sunt
1545 2841 1742 2882 cun.
1779 2827 1937 2884 Anno

352 2922 536 2967 autem
581 2912 910 2973 duodecimo
953 2914 1180 2970 Adriani
1228 2917 1414 2972 lloruit
1458 2917 1654 2987 Aquila
1700 2936 1713 2972 :
1756 2918 1830 2972 ita
1878 2926 1938 2972 ut

351 3003 420 3060 ab
444 3020 509 3061 eo
536 3013 782 3077 tempore
816 3023 924 3078 quo
952 3023 1058 3063 Lxx
1112 3007 1478 3080 lnterpretum
1502 3010 1685 3067 versio
1715 3019 1937 3082 peracta

2114 2079 2225 2135 Kal.
2258 2079 2537 2153 παρῆλθεν
2571 2081 2601 2133 ό
2647 2080 2839 2153 χρόνος
2887 2079 3230 2151 Πτολεμαίου
3258 2078 3351 2133 καὶ
3387 2078 3640 2134 Κλεοπά-

2043 2189 2198 2243 τρας,
2238 2172 2364 2229 έτ...
2398 2172 2820 2227 ἐϐασιλεύσαντο
2847 2175 2897 2227 οἱ
2932 2173 3114 2242 Λάγου
3161 2171 3418 2243 βασιλεῖς.

2046 2327 2055 2337 _
2117 2260 2252 2317 Εἶτα
2290 2266 2579 2335 Ῥωμαίων
2612 2266 2874 2336 βασιλεῖς.

2119 2354 2429 2425 Αὔγουστος
2453 2356 2545 2429 ἔτη
2587 2364 2682 2423 νς*
2702 2350 2912 2422 οὗτινος
2946 2356 3025 2429 τῷ
3060 2356 3148 2429 μ6’
3191 2357 3303 2412 ἔτει
3343 2359 3371 2412 ό
3401 2360 3445 2412 Χ
3456 2358 3640 2429 ριστδς

2047 2448 2331 2519 ἐγεννήθη.
2377 2448 2627 2520 Τιϐέριος
2660 2448 2756 2520 ἐτη
2805 2456 2911 2519 κγ’,
2948 2444 3008 2504 οὗ
3034 2449 3113 2521 τῷ
3149 2457 3217 2521 ιη’
3241 2450 3350 2504 ἐτει
3384 2452 3412 2504 ό
3433 2452 3639 2519 Κύριος

2042 2538 2384 2611 ἐσταυρώθη.
2435 2540 2573 2593 Ἀπὸ
2602 2539 2696 2593 τοῦ
2739 2540 2976 2612 σταυροῦ
3021 2541 3126 2605 ἓως
3156 2543 3257 2613 τῆς
3300 2541 3637 2613 ἐρημώσεως

2051 2632 2410 2705 Ἰερουσαλὴμ
2450 2631 2544 2703 ἐτη
2582 2640 2633 2703 μ’
2665 2633 2760 2685 καὶ
2792 2633 3005 2705 ἡμέρας
3038 2633 3210 2697 τινάς.
3249 2634 3381 2688 Ἀπὸ
3419 2633 3633 2701 Αὐγού-

2045 2743 2169 2779 στου
2198 2725 2303 2789 ἐως
2345 2724 2622 2796 Ἀδριανοῦ
2657 2724 2750 2796 ἐτη
2785 2731 2894 2797 ρπ¹.
2924 2723 2991 2796 ιβ’
3020 2725 3142 2779 ἔτει.
3167 2725 3443 2797 Ἀδριανοῦ
3481 2724 3638 2780 Ἀκύ-

2042 2818 2140 2881 λας
2170 2816 2527 2889 ἐγνωρίζετο·
2565 2818 2706 2872 ὥστε
2746 2813 2886 2873 εἶναι
2935 2819 3045 2874 ἀπὸ
3092 2818 3284 2891 χρόνου
3321 2819 3421 2889 τῆς
3454 2820 3633 2891 ἑρμη-

2041 2911 2190 2975 νείας
2223 2910 2336 2964 τῶν
2386 2910 2460 2979 οβ’
2495 2910 2599 2974 ἕως
2638 2909 2839 2965 Ἀκύλα
2889 2911 2983 2965 τοῦ
3034 2911 3392 2983 έρμηνευτοῦ,
3441 2913 3535 2965 καὶ
3567 2911 3637 2980 ιβ’

2040 2998 2194 3063 ἔτους
2237 2998 2539 3070 Ἀδριανοῦ,
2580 2997 2673 3071 ἐτη
2711 3000 2808 3065 υλ’,
2859 3000 3036 3072 μῆνας
3063 3001 3103 3053 δ’
3133 3003 3266 3073 παρ’
3313 3001 3527 3071 ἡμέρας
3567 2999 3635 3055 0'.

349 3103 436 3150 est
464 3110 643 3166 usque
673 3096 742 3152 ad
777 3097 1033 3167 Aquilam
1059 3097 1435 3167 interpretem,
1463 3111 1527 3152 ac
1551 3097 1937 3153 duodecimum

2048 3087 2214 3157 Οὗτος
2252 3094 2280 3146 ὁ
2311 3092 2592 3163 Ἀδριανὸς
2621 3091 2863 3147 ἀνελθὼν
2890 3095 2970 3157 είς
3007 3094 3357 3165 Ἱεροσόλυμα
3383 3093 3479 3146 καὶ
3516 3092 3637 3162 βους

349 3184 579 3241 Adriani
606 3202 831 3254 annum,
862 3188 991 3243 anni
1010 3188 1121 3243 sint
1140 3204 1405 3257 ccccxxx,
1436 3204 1653 3244 menses
1675 3196 1934 3259 quatuor,

352 3278 595 3349 demptis
622 3296 818 3336 novem
839 3279 1053 3337 diebus.
1082 3281 1364 3336 Adrianus
1379 3296 1513 3335 vero
1540 3280 1937 3352 Jerosolymam

356 3365 657 3437 profectus,
699 3384 824 3425 eum
885 3370 1074 3425 urbem
1124 3378 1441 3425 restaurare
1491 3381 1735 3441 cuperet,
1773 3386 1939 3440 supra

356 3468 659 3514 memorato
698 3458 894 3531 Aquila
926 3460 1116 3531 gentili
1171 3462 1397 3532 gentilis
1423 3468 1477 3517 et
1511 3463 1627 3532 ipse
1666 3477 1801 3518 usus
1834 3470 1938 3517 est.

354 3542 487 3598 Erat
532 3552 716 3601 autem
768 3548 969 3617 Aquila
1019 3563 1183 3605 socer
1224 3551 1577 3620 imperatoris
1637 3549 1838 3623 Sinope
1885 3554 1940 3607 in

354 3633 531 3691 Ponto
585 3637 877 3705 oriundus,
937 3655 1102 3709 quem
1149 3639 1621 3713 Jerosolymorum
1680 3645 1941 3715 operibus

353 3728 624 3800 praefecit,
650 3744 716 3785 ac
743 3746 944 3786 nomen
972 3733 1259 3802 proprium
1292 3733 1817 3806 imperatoriamque
1847 3753 1943 3809 ap-

351 3822 706 3887 pellationem
752 3822 879 3878 urbi
916 3823 1138 3890 indidit,
1182 3824 1498 3897 IEliamque
1542 3827 1781 3896 vocavit,
1810 3830 1941 3901 quia

352 3916 472 3985 ipse
495 3914 677 3971 Elius
706 3914 989 3973 Adrianus
1018 3917 1424 3988 appellabatur.

424 4009 627 4080 Aquila
670 4009 841 4081 igitur
887 4010 1251 4084 Jerosolymis
1294 4011 1520 4085 degens,
1562 4015 1939 4085 apostolorum

354 4102 663 4175 discipulos
691 4104 934 4169 videbat,
963 4105 1068 4162 ﬁde
1094 4104 1379 4175 ﬂorentes,
1412 4107 1569 4178 signa
1609 4123 1805 4180 magna
1842 4125 1941 4165 eu-

349 4195 630 4252 rationum
679 4202 735 4252 et
785 4198 1162 4269 prodigiorum
1215 4206 1508 4269 operantes
1561 4200 1731 4271 (Pella
1788 4204 1935 4257 enim

350 4288 562 4345 reversi
611 4296 771 4344 erant
812 4287 1237 4361 Jerosolymam,
1286 4291 1474 4361 ibique
1516 4292 1807 4363 degebant.
1844 4293 1937 4347 Si-

349 4380 572 4449 quidem
603 4396 729 4436 cum
780 4381 936 4437 urbis
984 4396 1016 4435 a
1057 4380 1323 4437 Romanis
1370 4383 1602 4438 instaret
1638 4384 1936 4449 excidium,

2044 3183 2270 3255 λόμενος
2297 3183 2468 3255 αὐτὴν
2492 3182 2699 3248 κτίσαι,
2727 3182 2911 3238 λαϐὼν
2934 3182 3025 3237 τὸν
3050 3185 3447 3255 προειρημένον
3474 3184 3638 3236 Ἀκύ-

2042 3277 2141 3329 λαν
2187 3276 2316 3330 ὄντα
2347 3276 2613 3348 Ἕλληνα,
2644 3276 2720 3341 ῶς
2750 3276 2843 3330 καὶ
2894 3277 3057 3341 αὐτὸς
3117 3276 3396 3348 Ἀδριανὸς
3434 3277 3638 3347 Ἕλλην

2045 3367 2307 3440 ὑπῆρξεν.
2340 3364 2447 3421 ἾΙν
2472 3368 2528 3421 δὲ
2579 3368 2740 3432 αὐτὸς
2774 3370 2801 3422 ὁ
2829 3369 3060 3429 Ἀκύλας
3093 3368 3185 3423 τοῦ
3227 3370 3324 3438 μὲν
3372 3369 3637 3439 βασιλέως

2044 3458 2382 3529 πενθερίδης,
2423 3459 2530 3513 ἀπὸ
2559 3458 2812 3531 Σινώπης
2840 3458 2895 3513 δέ
2932 3459 3022 3513 τοῦ
3054 3460 3257 3513 Πόντου
3284 3459 3632 3532 ὁρμώμενος,

2042 3552 2362 3623 καθίστησιν
2392 3552 2554 3607 αὑτὸν
2576 3554 2756 3607 ἐκεῖσε
2790 3554 2848 3606 ἐν
2889 3552 3284 3624 Ἰεροσολύμοις
3316 3554 3633 3606 ἐπιστατεῖν

2042 3646 2155 3708 τοῖς
2184 3643 2386 3717 ἔργοις,
2416 3642 2773 3706 ἐπιτεθεικὼς
2801 3646 2866 3715 τῇ
2898 3644 3048 3698 πόλει
3074 3644 3134 3697 τὸ
3159 3645 3287 3699 ῖδιον
3315 3644 3507 3716 ὄνομα,
3538 3643 3635 3697 καὶ

2041 3735 2137 3789 τοῦ
2186 3735 2468 3807 βασιλικοῦ
2520 3736 2783 3807 ὀνόματος
2833 3736 2920 3789 τὸν
2959 3735 3370 3807 χρηματισμόνο
3399 3736 3474 3799 ὡς
3523 3735 3634 3804 γὰρ

2044 3825 2415 3899 ἐχρημάτιζεν
2465 3827 2650 3892 Αἴλιος
2696 3827 3010 3899 Ἀδριανὸς,
3060 3826 3235 3892 οὕτως
3280 3828 3634 3898 ἐπωνόμασεν

2043 3920 2234 3974 Αἰλίαν
2261 3919 2362 3991 τὴν
2389 3920 2564 3975 πόλιν.

2125 4013 2184 4068 '0
2233 4013 2411 4068 τοίνυν
2454 4014 2686 4077 Ἀκύλας
2724 4012 2926 4082 διάγων
2970 4013 3029 4066 ἐν
3070 4012 3488 4085 Ἱεροσολύμοις,
3534 4011 3635 4065 καὶ

2043 4102 2184 4174 δρῶν
2230 4103 2358 4166 τοὺς
2393 4101 2642 4174 μαθητὰς
2690 4100 2801 4154 τῶν
2844 4101 3180 4167 ἀποστόλων,
3224 4101 3520 4165 ἀνθοῦντας
3562 4104 3631 4173 τῇ

2043 4196 2246 4259 πίστει,
2277 4195 2371 4248 καὶ
2401 4196 2604 4265 σημεῖα
2633 4193 2844 4265 μεγάλα
2877 4193 3277 4265 ἐργαζομένους
3316 4195 3517 4248 ἰάσεων
3535 4195 3632 4247 καὶ

2044 4285 2339 4356 θαυμάτων
2361 4281 2522 4356 (ἦσαν
2551 4285 2662 4356 γὰρ
2693 4284 3134 4356 ὑποστρέψαντες
3161 4286 3268 4338 ἀπὸ
3298 4286 3508 4356 Πέλλης
3532 4286 3634 4355 τῆς

2045 4376 2255 4440 πόλεως
2281 4378 2362 4441 είς
2399 4376 2571 4447 αὐτὴν
2595 4377 2694 4447 τὴν
2734 4376 3111 4448 Ἰερουσαλὴμ,
3145 4376 3239 4430 καὶ
3273 4379 3332 4429 ἐν
3356 4378 3494 4447 αὐτῇ
3517 4378 3637 4429 6.0.-

351 4472 545 4527 moniti
580 4470 653 4526 ab
680 4470 875 4540 angelo
912 4485 1106 4526 omnes
1146 4470 1427 4542 discipuli,
1470 4480 1530 4526 ut
1563 4474 1632 4527 ab
1680 4473 1816 4528 urbe
1846 4488 1936 4528 se-

2044 4471 2340 4542 τρίϐοντες.
2382 4469 2580 4523 Ἡνίκα
2622 4467 2730 4541 γάρ
2776 4469 3007 4540 ἤμελλεν
3041 4470 3075 4539 ἡ
3118 4468 3271 4531 πόλις
3312 4467 3609 4523 ἀλίσκεσθα

353 4560 636 4625 cederent,
678 4559 914 4628 digressi
953 4559 1029 4614 illi
1063 4558 1272 4616 Pellam
1307 4575 1369 4616 se
1399 4571 1750 4632 receperunt.
1789 4562 1939 4633 quod

349 4651 611 4722 oppidum
660 4657 819 4705 trans
863 4648 1158 4707 Jordanem
1210 4651 1377 4708 situm
1407 4652 1742 4723 est).ltaque
1790 4667 1943 4708 com-

351 4750 592 4813 punctus
622 4740 792 4798 corde
820 4742 1038 4812 Aquila,
1068 4742 1554 4800 Christianismum
1603 4744 1888 4816 amplexus
1922 4762 1938 4800 :

348 4835 650 4905 elapsoque
689 4843 937 4905 tempore
976 4835 1185 4893 Christi
1222 4837 1464 4910 sigillum
1494 4838 1651 4910 petiit
1676 4846 1729 4895 et
1770 4839 1942 4910 impe-

351 4925 517 4979 travit
550 4944 565 4979 :
599 4940 778 4996 neque
817 4936 999 4983 tamen
1030 4942 1214 4986 mores
1244 4930 1510 4999 pristinos
1549 4930 1773 5001 quibus,
1807 4932 1940 4986 dum

348 5016 573 5086 gentilis
595 5028 762 5082 esset,
798 5017 1030 5075 allectus
1056 5029 1198 5085 erat,
1226 5021 1478 5075 mutavit.
1498 5020 1788 5078 Enimvero
1813 5037 1939 5076 cum

352 5110 407 5161 in
437 5123 575 5162 vana
610 5109 965 5164 astronomiae
994 5118 1112 5165 arte
1153 5111 1444 5167 institutus
1476 5122 1643 5175 esset,
1680 5128 1750 5167 ne
1782 5112 1941 5166 Chrio

352 5200 569 5256 stianus
610 5200 833 5271 quidem
871 5199 1122 5269 eli‘ectus,
1158 5217 1191 5257 a
1234 5203 1330 5257 tali
1373 5218 1565 5260 errore
1602 5203 1936 5267 abstinebat,

352 5292 447 5347 sed
489 5292 739 5363 quotidie
784 5294 1005 5364 genesis
1052 5309 1169 5351 suae
1214 5296 1544 5366 positionem
1588 5294 1939 5351 observabat.

352 5386 774 5459 increpantibus
816 5403 947 5443 vero
985 5389 1268 5460 magistris
1297 5398 1352 5445 et
1382 5388 1603 5445 assidue
1642 5389 1942 5461 objurgan-

348 5479 524 5545 tibus.
557 5494 683 5535 eum
715 5480 805 5537 ille
845 5480 1209 5551 pervicaciter
1248 5496 1584 5554 repugnans,
1630 5497 1694 5539 ac
1735 5481 1801 5537 de
1830 5481 1941 5535 fato

345 5572 681 5640 edisserens,
726 5590 833 5631 non
871 5574 1274 5644 obtemperaret
1303 5595 1314 5630 :
1347 5576 1415 5629 ab
1447 5575 1533 5639 iis,
1569 5584 1755 5645 utpote
1791 5575 1942 5628 salu-

352 5673 459 5719 tem
505 5682 783 5738 nunquam
829 5674 1259 5734 conseculurus,
1304 5669 1373 5723 ab
1411 5668 1656 5723 Ecclesia
1695 5668 1935 5738 pellitur.

357 5752 452 5811 llle
491 5761 647 5829 quasi
694 5761 995 5832 ignominia
1029 5759 1277 5833 allectus,
1316 5778 1570 5838 vanaque
1604 5761 1797 5834 pulsus
1830 5761 1938 5816 ira-

2041 4564 2146 4619 ὑπὸ
2164 4563 2273 4617 τῶν
2312 4561 2597 4632 Ῥωμαίων
2620 4560 2715 4615 καὶ¹
2737 4559 3098 4631 ἐρημοῦσθαι,
3125 4560 3635 4632 προεχρηματίσθη-

2044 4674 2142 4711 σαν
2181 4654 2287 4709 ὑπὸ
2324 4653 2558 4724 ἀγγέλου
2599 4653 2800 4717 πάντες
2831 4654 2878 4705 οἱ
2916 4652 3157 4724 μαθηταὶ
3197 4653 3528 4723 μεταστῆναι
3567 4652 3634 4705 ἐκ

2041 4749 2144 4820 τῆς
2181 4748 2409 4813 πόλεως,
2453 4746 2651 4811 οἵτινες
2695 4746 3027 4817 μετανάσται
3070 4745 3371 4816 γενόμενοι,
3407 4743 3633 4815 ῷκησαν

2041 4842 2099 4895 ἐν
2129 4840 2308 4913 Πέλλα
2331 4844 2396 4912 τῇ
2430 4841 2582 4894 πόλει
2612 4839 2785 4911 πέραν
2811 4839 2905 4892 τοῦ
2940 4838 3250 4911 Ἰορδάνου),
3282 4840 3311 4892 ὁ
3336 4833 3428 4892 οὖν
3468 4835 3633 4890 Ἀκύ-

2041 4933 2140 4997 λας
2184 4934 2511 5003 κατανυγεὶς
2546 4932 2645 5005 τὴν
2681 4932 2923 4988 διάνοιαν
2946 4930 3025 5003 τῷ
3066 4930 3481 5003 Χριστιανισμῷ
3509 4928 3632 4982 ἐπί-

2045 5041 2271 5079 στευσεο
2302 5026 2397 5079 καὶ
2454 5026 2593 5096 μετά
2646 5025 2840 5096 χρόνον
2884 5024 3115 5095 αἰτήσας
3154 5021 3254 5092 τὴν
3309 5022 3367 5076 ἐν
3410 5019 3633 5091 Χριστῷ

2044 5115 2333 5185 σφραγῖδα,
2349 5117 2669 5187 ἐκομίσατο·
2684 5116 2791 5170 ἀπὸ
2812 5114 2868 5168 δὲ
2892 5114 2991 5185 τῆς
3008 5113 3235 5186 πρώτης
3256 5112 3421 5167 αὐτοῦ
3442 5113 3630 5179 ἕξεως,

2042 5207 2133 5260 ὅτε
2166 5206 2236 5261 τὰ
2271 5208 2539 5278 Ἑλλήνων
2564 5210 2801 5280 ἐφρόνει,
2824 5209 2886 5262 οὐ
2919 5207 3208 5279 μετέπεσε.
3239 5206 3351 5277 Τὴν
3389 5206 3498 5276 γὰρ
3533 5222 3632 5275 μα-

2042 5299 2201 5353 ταίαν
2234 5300 2594 5371 ἀστρονομίαν
2632 5300 2876 5373 ἀκριϐῶς
2908 5298 3253 5353 ἐπαιδεύετο·
3289 5298 3349 5360 ὃς
3374 5298 3469 5351 καὶ
3497 5298 3633 5366 Χρι-

2047 5387 2261 5451 στιανὸς
2309 5390 2599 5459 γενόμενος
2650 5388 2759 5441 ἀπὸ
2811 5386 2913 5457 τῆς
2967 5385 3221 5457 τοιαύτης
3277 5384 3487 5454 πλάνης
3528 5383 3633 5437 οὐκ

2046 5480 2329 5551 ἁπείχετο’
2360 5480 2496 5534 ἀλλὰ
2539 5478 2659 5533 καθ’
2686 5478 2926 5548 ἐκάστην
2960 5478 3197 5549 ἡμέραν,
3228 5476 3304 5541 ὡς
3332 5476 3508 5547 δῆθεν⁹
3527 5472 3626 5528 τοῦ

2046 5572 2211 5627 αὑτοῦ
2258 5572 2582 5641 γενεσειδίου
2631 5571 2691 5624 τὸ
2744 5570 2885 5641 θέμα
2922 5571 3346 5624 κατεσκέπτετο.
3395 5566 3527 5621 Ἀπὸ
3567 5565 3629 5618 δὲ

2044 5666 2151 5717 τῶν
2177 5663 2512 5717 διδασκάλων
2542 5664 2822 5733 ἠλέγχετο,
2853 5662 3049 5725 οἵτινες
3084 5662 3442 5731 ἐπιτιμῶντες
3475 5656 3625 5727 αὐτῷ

2045 5758 2162 5817 καθ’
2182 5757 2580 5834 ἑκάστηνιοὺδὲν
2597 5756 2792 5815 ὥνουν·
2820 5757 2934 5814 ἀλλ’
2952 5757 3203 5828 ἀντέλεγε
3218 5754 3345 5828 περὶ
3361 5747 3631 5832 εἱμαρμέτ
