4034 6216
344 304 451 367 577

1486 306 1574 361 DE
1615 306 1755 363 LXX
1803 307 2126 365 INTERPR.
2172 309 2397 364 LIBER.

3532 314 3641 371 378

349 441 450 493 νης
472 420 825 493 διηγούμενος
845 438 858 452 ο
890 423 938 477 oi
961 421 1039 488 δὲ,
1071 423 1144 494 μὴ
1172 423 1466 497 δυναμένου
1493 427 1654 482 αὐτοῦ
1682 428 1941 501 σωθῆναι,

2049 428 2281 494 cundia,
2328 429 2813 488 Christianismum
2860 429 3080 501 ejurat,
3133 437 3466 500 acceptaque
3514 429 3628 485 cir-

354 514 592 578 έξέωσαν
624 515 787 569 αὐτὸν
822 516 923 586 τῆς
967 515 1312 587 Ἐκκλησίας.
1360 519 1418 572 Ὃ
1464 519 1521 572 δὲ
1552 520 1624 583 ὡς
1655 522 1939 592 ἠτιμωμέ-

353 624 445 669 νος
471 609 551 670 είς
580 606 742 676 ζῆλον
778 607 1007 678 μάταιον
1032 609 1247 681 αἴρεται
1276 610 1369 663 καὶ
1396 611 1487 665 τὸν
1516 612 1939 682 Χριστιανισμδν

353 696 778 767 ἀναθεματίσας,
811 700 1196 770 περιτέμνεται
1236 702 1506 768 Ἰουδαῖος,
1543 704 1638 757 καὶ
1668 704 1940 768 ἐπιπόνως

353 789 875 860 φιλοτιμησάμενος,
923 790 1183 855 ἐξέδωκεν
1231 793 1424 847 ἑαυτὸν
1474 794 1667 865 μαθεῖν
1700 794 1800 866 τὴν
1831 794 1940 849 τῶν

366 877 633 947 Ἐϐραίων
662 878 966 946 διάλεκτον,
1015 881 1111 933 καὶ
1151 881 1221 934 τὰ
1253 882 1392 935 αὐτὰ
1442 886 1701 954 στοιχεῖα,
1735 884 1939 955 ταύτην

352 969 409 1021 δὲ
439 970 810 1040 ἀκριϐέστατα
848 972 1177 1038 παιδευθεὶς,
1216 974 1513 1045 ἑρμηνείαν
1543 975 1719 1047 ἐαυτῷ
1759 978 1941 1048 ἡρμή-

363 1077 573 1113 νευσεν·
601 1063 704 1116 οὐκ
749 1063 894 1135 ὀρθῷ
934 1064 1178 1136 λογισμῷ
1215 1068 1586 1138 χρησάμενος,
1632 1069 1748 1122 ἀλλ’
1791 1070 1940 1133 ὅπως

354 1153 654 1227 διαστρέφῃ
707 1156 831 1211 τινὰ
877 1157 986 1211 τῶν
1026 1156 1204 1229 ῥητῶν
1243 1160 1301 1211 ἐν
1340 1159 1536 1231 σκήψει
1576 1161 1677 1230 τῆς
1715 1160 1825 1214 τῶν
1861 1162 1939 1232 οβ’

358 1244 727 1315 ἐρμηνευτῶν,
746 1247 831 1300 ἵνα
852 1246 977 1320 δόξῃ
1004 1250 1070 1303 τὰ
1089 1251 1462 1322 περὶΧριστοῦ
1478 1254 1595 1315 ταῖς
1618 1252 1787 1317 θείαις
1809 1254 1941 1326 Γρα-

359 1336 487 1402 φαῖς
534 1338 1006 1408 μεμαρτυρημένα
1055 1338 1229 1402 ἄλλως
1276 1341 1542 1407 ἐκδοῦναι,
1574 1342 1639 1396 δι’
1672 1344 1739 1415 ἢν
1795 1340 1940 1414 εἶχεν

357 1425 491 1479 αἰδῶ
520 1429 600 1490 είς
623 1426 816 1496 ἄλογον
844 1429 1011 1483 αὐτοῦ
1042 1430 1359 1499 ἀπολογίαν.

428 1519 539 1571 Καὶ
569 1519 778 1587 γίνεται
813 1520 952 1593 αὕτη
983 1522 1014 1593 ἡ
1049 1523 1314 1594 ἑρμηνεία
1346 1524 1436 1576 τοῦ
1482 1525 1680 1579 Ἀκύλα
1713 1525 1940 1597 δευτέρα

360 1610 499 1681 μετὰ
526 1609 779 1665 τοσοῦτον
805 1612 1017 1682 χρόνον,
1044 1615 1210 1684 ἤγουν
1236 1615 1310 1668 υλ¹
1336 1616 1451 1687 ἔτη.
1486 1618 1645 1671 Μετὰ
1680 1617 1737 1670 δὲ
1767 1619 1941 1672 ταῦτα¹

357 1705 416 1757 ἐν
447 1706 562 1765 τοῖς
589 1705 803 1777 χρόνοις
839 1708 1084 1778 Κομόδου
1124 1709 1366 1781 Σευήρου
1393 1710 1690 1781 Σύμμαχός
1723 1730 1804 1775 τις
1839 1713 1942 1775 Σατ-

2040 519 2401 585 cumcisione,
2447 520 2670 577 Judzeus
2711 522 2963 579 ellicitur.
3005 521 3144 578 Tum
3186 524 3278 578 ille
3314 523 3620 578 vehementi

2042 610 2225 666 studio
2252 612 2519 680 percitus,
2548 612 2828 669 Hebraieae
2858 615 3055 686 lingua:
3077 615 3307 684 ejusque
3338 614 3623 669 elementis

2041 702 2391 761 addisceudis
2419 713 2591 759 totum
2623 722 2684 761 se
2711 707 2938 772 dedidit,
2973 709 3132 777 cujus
3156 706 3451 777 perfectam
3493 706 3626 760 ade‘

2041 800 2168 862 ptus
2198 794 2471 859 notitiam,
2501 795 3011 867 interpretationem
3041 814 3107 853 ex
3135 798 3328 853 all‘ectu
3365 812 3464 852 suo
3486 811 3622 851 con-

2042 885 2304 951 einuavit,
2352 901 2460 941 non
2507 896 2660 943 recto
2695 888 2879 943 animo
2918 905 3084 955 usus;
3123 890 3216 944 sed
3270 897 3327 943 ut
3370 887 3618 958 qua‘dam

2043 976 2343 1049 Scripturaa
2392 979 2543 1035 dicta
2587 988 2786 1050 praeter
2830 996 2932 1034 Lxx
2972 981 3349 1051 Interpretum
3380 989 3618 1034 mentem

2042 1070 2110 1125 ad
2156 1072 2321 1124 alium
2373 1087 2597 1128 sensum
2641 1073 3136 1143 detorqueret;.ut
3188 1074 3500 1129 testimonia
3554 1072 3621 1126 de

2041 1159 2264 1218 Christo
2301 1161 2355 1215 in
2404 1163 2607 1217 divinis
2641 1162 2942 1233 Scripturis
2974 1178 3237 1233 expressa
3279 1164 3388 1217 alio
3449 1163 3617 1218 delle-

2041 1262 2236 1320 cteret,
2277 1264 2331 1309 et
2374 1255 2477 1311 sibi
2517 1256 2938 1327 ignominiaeque
2962 1270 3074 1310 suae
3102 1254 3400 1309 absurdam
3431 1255 3619 1324 apolo-

2040 1344 2183 1414 giam
2216 1352 2455 1414 pararet.

2112 1520 2238 1576 llaec
2261 1537 2428 1592 porro
2451 1522 2664 1592 Aquilae
2680 1521 3080 1591 interpretatio,
3103 1536 3226 1592 qua:
3248 1530 3332 1577 est
3355 1521 3619 1585 secunda,

2041 1619 2166 1681 post
2230 1619 2591 1667 memoratum
2671 1619 2928 1682 tempus,
2987 1614 3419 1684 quadringentos
3467 1612 3619 1667 vidc-

2042 1703 2172 1758 licet
2201 1713 2258 1759 et
2286 1705 2511 1774 triginta
2542 1720 2741 1771 annos,
2782 1706 2930 1761 edita
2959 1713 3064 1761 est.
3101 1706 3296 1761 Postea
3323 1720 3453 1760 vero
3480 1714 3620 1759 tem-

359 1794 623 1866 μαρείτης
651 1798 764 1860 τοῖς
785 1798 915 1868 παρ’
945 1797 1124 1852 αὐτῶν
1162 1802 1347 1868 σοφοῖς
1387 1802 1533 1871 (sic),
1574 1801 1649 1873 μὴ
1692 1802 1941 1873 tuaest;

2045 1794 2269 1864 poribus
2303 1794 2589 1850 Commodi
2624 1795 2835 1863 Severi,
2871 1794 3236 1867 Symmachus
3263 1796 3482 1866 quidam
3516 1795 3620 1850 Sa-

357 1886 464 1940 ὐπὸ
491 1886 588 1940 τοῦ
639 1887 770 1942 ἰδίου
813 1888 1020 1955 ἔθνους,
1051 1884 1292 1962 νοσήσας
1325 1892 1639 1964 φιλαρχίαν,
1671 1895 1764 1947 καὶ
1800 1896 1941 1962 ἁγα-

356 1979 635 2049 νακτήσας
677 1978 820 2033 κατὰ
856 1980 957 2050 τῆς
997 1981 1133 2046 ίδίας
1172 1982 1367 2053 φυλῆς,
1414 1984 1775 2057 προσέρχεται
1813 1987 1942 2039 Ἰου-

353 2069 526 2133 δαίοις
554 2070 649 2123 καὶ
680 2071 1096 2144 προσηλυτεύει,
1133 2075 1229 2128 καὶ
1262 2075 1651 2147 περιτέμνεται
1685 2078 1944 2149 δευτέραν

356 2162 680 2231 περιτομήν.
728 2162 885 2215 Ὅσοι
935 2162 1044 2234 γὰρ
1088 2164 1198 2217 ἀπὸ
1250 2164 1520 2219 Ἰουδαίων
1574 2166 1949 2238 Σαμαρείταις

354 2251 790 2323 προσφεύγουσιν
831 2254 1411 2327 ἀντιπεριτέμνονταιο
1462 2240 1725 2322 ὡσαύτως
1768 2259 1862 2312 καὶ
1892 2260 1940 2311 οί

352 2342 464 2396 ἀπὸ
508 2343 868 2414 Σαμαρειτῶν
918 2346 1055 2417 πρὸς
1104 2346 1394 2411 Ἰουδαίους
1423 2348 1742 2419 ἐρχόμενοι.
1782 2348 1941 2404 Ἀλλά

353 2435 449 2488 καί¹
471 2434 579 2489 ἀπὸ
594 2435 697 2507 τῆς
715 2439 1019 2509 περιτομῆς
1043 2438 1369 2511 ἀκρόϐυστοι
1389 2440 1630 2514 ἐγίνοντό
1649 2459 1753 2495 τινι
1776 2441 1941 2514 τέχνῃ

357 2530 577 2599 ἰατρικῇ
600 2528 690 2582 διὰ
720 2530 900 2600 ραφῆς
923 2528 1019 2582 καὶ¹
1050 2510 1377 2602 φαρμάκων,
1396 2510 1577 2596 καθὼς
1604 2532 1697 2586 καὶ
1720 2535 1748 2587 ό
1782 2510 1941 2586 Ἀ-πὸζ

354 2620 543 2684 στολος
580 2621 747 2691 λέγει’
780 2622 1285 2693 Περιτετμημένος
1311 2641 1400 2690 τις
1423 2623 1673 2693 ἐκλήθη,
1694 2623 1780 2694 μὴ
1811 2626 1939 2679 ἐπι-

353 2712 645 2768 σπάσθω·
678 2714 749 2769 ἐν
791 2715 1162 2785 ἀκροϐυστίᾳ
1197 2734 1288 2783 τις
1329 2718 1609 2788 ὑπάρχει,
1643 2717 1730 2788 μὴ
1778 2733 1944 2788 περι-

351 2804 677 2872 τεμνέσθω.
699 2805 836 2858 Φασὶ
855 2805 911 2858 δέ
931 2806 1028 2877 τὴν
1049 2805 1309 2878 τοιαύτην
1334 2807 1558 2861 κακοδαί
1565 2825 1703 2878 μονα
1732 2806 1941 2880 πλάνην

352 2895 569 2967 πρῶτον
607 2896 698 2951 τὸν
741 2896 913 2951 ἸΙσαῦ
954 2898 1271 2969 εὑρηκέναι.
1308 2892 1477 2963 Οὗτος
1515 2900 1693 2953 τοίνυν
1724 2902 1752 2953 ὁ
1791 2900 1938 2971 Σύμ-

355 3003 531 3057 μαχος
571 2988 709 3058 πρὸς
750 2987 1082 3060 διαστροφὴν
1114 2989 1224 3045 τῶν
1255 2990 1408 3062 παρὰ
1444 2991 1815 3063 Σαμαρείταις
1851 2993 1942 3061 ἐρ-

356 3078 640 3174 μηνευτῶν
672 3080 1038 3153 ἑρμηνεύσας,
1096 3082 1197 3156 τὴν
1222 3085 1414 3156 τρίτην
1449 3084 1709 3152 ἐξέδωκεν
1741 3086 1933 3158 ἐρμη-
1965 3115 2005 3174 c

353 3168 526 3226 νείαν.

424 3348 581 3403 Μετὰ
597 3349 785 3404 τοῦτον
808 3350 950 3406 κατὰ
975 3351 1141 3417 πόδας
1165 3352 1256 3406 ἐπὶ
1285 3354 1531 3426 Κομόδου
1558 3354 1821 3425 βασιλέως
1840 3356 1935 3411 τοῦ

353 3440 607 3511 δευτέρου
653 3442 943 3496 Θεοδοτίων
969 3461 1054 3507 τις
1102 3445 1361 3508 Ποντικὸς
1403 3445 1511 3499 ἀπὸ
1538 3446 1638 3518 τῆς
1685 3446 1936 3519 διαδοχῆς

354 3532 682 3604 Μαρκίωνος
722 3532 814 3587 τοῦ
849 3535 1224 3606 αίρεσιάρχου,
1257 3534 1351 3588 τοῦ
1381 3536 1488 3590 ἀπὸ
1514 3537 1686 3609 αὐτῆς
1729 3540 1828 3611 τῆς
1850 3541 1938 3593 Σι-

354 3620 544 3693 νώπης
580 3620 918 3693 ὁρμώμενος,
942 3622 1039 3677 καὶ
1072 3620 1234 3687 αὐτὸς
1262 3624 1470 3697 μηνιῶν
1494 3628 1561 3698 τῇ
1594 3627 1756 3681 αὐτοῦ
1787 3630 1938 3701 αἱρέ-

358 3732 475 3779 σεις
495 3716 575 3779 εἰς
616 3715 947 3786 ’ῐουδαῖσμὺν
968 3716 1156 3779 κλίνας
1181 3718 1275 3770 καὶ
1308 3720 1686 3790 περιτμηθεὶς,
1715 3722 1809 3774 καὶ
1838 3720 1936 3793 τὴν

354 3804 465 3858 τῶν
499 3803 763 3875 Ἑϐραίων
792 3805 974 3878 φωνὴν
1000 3805 1093 3859 καὶ
1130 3807 1199 3859 τά
1222 3807 1400 3861 αὐτῶν
1429 3812 1670 3880 στοιχεῖα
1709 3811 1935 3865 παιδευ-

357 3896 490 3961 θεὶς,
536 3896 718 3961 ίδικῶς
740 3898 834 3951 καὶ
858 3897 1019 3963 αὐτὸς
1062 3897 1311 3964 ἐξέδωκε.
1342 3901 1432 3954 Διὸ
1466 3901 1535 3955 τά
1566 3903 1797 3957 πλεῖστα
1826 3904 1936 3957 τῶν

356 3987 433 4063 οβ’
468 3988 802 4060 συνᾳδόντων
847 3989 1096 4056 ἐξέδωκε,
1135 3990 1327 4062 τριϐάς
1358 3990 1468 4061 γάρ
1502 3991 1664 4057 αὐτὸς
1693 3990 1808 4064 εἶχε
1837 3996 1937 4059 τὰς

358 4078 619 4143 πλείστας
648 4080 755 4134 ἀπὸ
784 4080 882 4151 τῆς
913 4081 1199 4153 συνηθείας
1221 4084 1330 4135 τῶν
1358 4083 1827 4156 οβἠὲρμηνευτῶν.

429 4171 565 4242 Περὶ
596 4171 652 4224 δὲ
681 4172 781 4243 τῆς
809 4179 848 4225 ε’
880 4173 974 4225 καὶ
1006 4179 1055 4238 ς’
1084 4173 1345 4236 ἐκδόσεως
1370 4174 1470 4228 οὐκ
1501 4173 1607 4245 ἔχω
1637 4176 1812 4228 εἰπεῖν
1839 4176 1937 4227 πό-

361 4260 472 4327 θεν,
507 4262 709 4333 ἢτίνες
729 4264 780 4316 οἱ
812 4264 1281 4335 ἑρμηνεύσαντεςο
1308 4264 1340 4334 ἢ
1376 4265 1533 4335 μόνον
1567 4266 1649 4319 ὄτι
1683 4264 1822 4336 μετὰ
1848 4266 1939 4320 τὸν

357 4354 595 4427 διωγμὸν
629 4355 720 4409 τοῦ
754 4356 1017 4426 βασιλέως
1044 4358 1303 4429 Σευήρου,
1328 4357 1527 4430 εὑρέθη
1548 4360 1581 4430 ὴ
1612 4365 1651 4411 ε’
1678 4360 1736 4411 ἐν
1761 4357 1939 4441 πίθοις

2042 1885 2381 1952 maritanus,
2433 1901 2465 1941 e
2511 1901 2742 1943 numero
2800 1887 3111 1956 sapientum
3158 1887 3306 1942 illius
3357 1886 3621 1949 nationis,

2043 1989 2167 2029 cum
2201 1976 2345 2045 apud
2383 1985 2602 2047 gentem
2641 1990 2798 2032 suam
2827 1976 2881 2030 in
2915 1976 3125 2032 honore
3155 1992 3264 2031 non
3293 1977 3620 2044 haberetur,

2043 2066 2365 2122 ambitionis
2395 2074 2450 2122 et
2498 2067 2742 2123 aﬂ‘ectati
2794 2068 3067 2138 primatus
3104 2067 3297 2123 morbo
3338 2068 3621 2133 laborans,

2042 2158 2459 2214 contribulibus
2482 2159 2798 2229 indignatus
2827 2160 2964 2226 suis,
2989 2160 3055 2214 ad
3078 2158 3294 2214 Judaaos
3317 2161 3625 2231 proselytus

2043 2248 2281 2313 accedit,
2315 2264 2381 2305 ac
2416 2251 2663 2306 secundo
2699 2251 3137 2307 circumciditur.
3170 2250 3452 2321 Quotquot
3475 2253 3624 2308 enim

2042 2353 2072 2393 ε
2110 2337 2317 2395 Judaais
2360 2340 2428 2395 ad
2478 2339 2859 2397 Samaritanos
2898 2340 3261 2413 confugiunt,
3293 2340 3474 2395 denuo
3514 2342 3625 2396 cir-

2041 2432 2454 2499 cumciduntur,
2506 2433 2873 2504 similiterque
2911 2433 3004 2503 qui
3059 2447 3089 2487 a
3141 2427 3505 2487 Samaritanis
3554 2432 3625 2487 ad

2038 2523 2276 2580 Judwos.
2309 2524 2424 2581 lmo
2454 2526 2618 2582 etiam
2650 2526 2970 2598 huiusmodi
3011 2524 3313 2597 transfuga:
3348 2534 3475 2596 post
3509 2527 3622 2581 cir-

2040 2616 2438 2672 cumcisionem
2462 2657 2479 2683 ,
2509 2615 2744 2688 quadam
2789 2618 3000 2673 medica
3044 2625 3162 2674 arte
3202 2634 3299 2688 per
3337 2604 3610 2682 suturam,

2038 2714 2094 2761 et
2150 2707 2331 2778 aliqua
2361 2709 2601 2764 remedia
2629 2709 2936 2779 pneputiati
2978 2708 3376 2774 cﬂiciebantur,
3421 2724 3618 2779 quem-

2039 2797 2331 2853 admodum
2380 2800 2458 2853 ait
2498 2800 2792 2869 Apostolus
2841 2824 2852 2857 :
2886 2800 3249 2856 Circumcisus
3284 2802 3480 2870 aliquis
3524 2817 3619 2855 vo-

2040 2902 2190 2946 catus
2220 2893 2338 2945 est?
2361 2909 2465 2945 non
2493 2893 2723 2947 adducat
2749 2896 3069 2962 prwputium
3102 2910 3120 2948 :
3152 2895 3205 2947 in
3231 2893 3491 2963 prwputio
3515 2892 3623 2946 ali-

2040 2982 2158 3051 quis
2192 2982 2308 3036 est?
2338 2997 2444 3034 non
2500 2982 2912 3036 circumcidatur
2947 2983 2988 3038 ί.
3032 2981 3270 3037 Narrant
3306 2988 3485 3037 autem
3520 2996 3622 3035 ne-

2042 3071 2268 3128 fandum
2329 3072 2649 3144 hujusmodi
2709 3089 2952 3133 errorem
3014 3074 3082 3129 ab
3139 3073 3282 3130 Esau
3342 3074 3622 3128 inventum

2043 3164 2235 3223 fuisse.
2284 3163 2455 3237 lgitur
2503 3166 2870 3235 Symmachus
2917 3174 2977 3221 ut
3026 3165 3498 3220 Samaritanorum
3531 3164 3623 3220 ln-

2041 3263 2316 3327 terpretes
2345 3267 2643 3325 everteret,
2684 3260 2903 3314 tertiam
2935 3259 3107 3314 edidit
3139 3258 3580 3312 translationem.

2110 3344 2243 3401 Post
2275 3346 2423 3402 hunc
2456 3347 2675 3402 modico
2702 3347 2889 3417 elapso
2914 3354 3163 3418 tempore
3192 3346 3295 3401 sub
3318 3344 3623 3399 Commodo

2039 3438 2288 3494 secundo
2321 3439 2677 3509 imperatore,
2714 3440 3018 3495 Theodotio
3064 3438 3285 3509 quidam
3333 3436 3620 3501 Ponticus,

2037 3544 2102 3583 ex
2137 3531 2494 3585 successione
2524 3529 2824 3587 Marcionis
2858 3530 3243 3586 haeresiarchas
3274 3528 3620 3600 Sinopensis,

2040 3634 2164 3673 cum
2201 3620 2393 3676 haeresi
2427 3634 2540 3675 sua:
2574 3629 2948 3687 succenseret,
2984 3621 3053 3676 ad
3081 3619 3301 3676 Iudaeos
3338 3619 3537 3675 defecit
3566 3627 3621 3674 et

2039 3714 2404 3769 circumcisus
2451 3721 2538 3769 est
2583 3731 2596 3768 :
2642 3721 2807 3783 atque
2852 3711 3119 3768 llehraica
3185 3713 3368 3784 lingua
3412 3721 3468 3767 ct
3508 3712 3621 3766 ele-

2039 3799 2238 3861 mentis
2263 3806 2564 3868 institutus,
2591 3804 2867 3875 propriam
2897 3804 3089 3874 et‘ipse
3119 3803 3412 3882 editionem
3435 3817 3621 3873 agres-

2039 3914 2132 3954 sus
2206 3908 2307 3954 est.
2367 3898 2534 3952 Multa
2574 3895 2931 3968 Septuaginta
2976 3895 3372 3966 lnterpretibus
3422 3911 3622 3950 conso-

2039 3992 2229 4045 nantia
2275 3989 2581 4060 expressit,
2626 3988 2897 4059 siquidem
2954 4002 2985 4041 a
3037 3987 3306 4059 frequenti
3373 3987 3619 4058 ipsorum

2039 4099 2142 4137 usu
2174 4082 2241 4137 iis
2272 4088 2527 4137 assuetus
2552 4088 2690 4135 erat.

2113 4173 2269 4241 Quod
2306 4181 2489 4227 autem
2541 4171 2611 4226 ad
2646 4170 2908 4236 Quintam
2958 4180 3011 4226 et
3056 4169 3277 4226 Sextum
3322 4168 3619 4225 editionem

2041 4265 2301 4336 pertinet,
2347 4263 2645 4329 undenam,
2675 4270 2729 4318 et
2772 4263 3107 4333 quibusnam
3150 4260 3468 4316 auctoribus
3516 4260 3623 4313 illae

2041 4355 2347 4427 prodierint
2380 4354 2565 4410 dicere
2586 4369 2822 4424 nequeo.
2855 4354 3003 4417 lllud,
3037 4354 3215 4409 solum
3262 4351 3371 4406 dici
3407 4359 3620 4420 potest;

360 4449 419 4503 ἐν
447 4448 653 4519 ’ῐεριχὼ
665 4450 1019 4521 κεκρυμμένη
1038 4451 1094 4503 ἐν
1119 4449 1330 4520 χρόνοις
1353 4451 1690 4517 Ἀντωνίνου,
1706 4450 1801 4505 τοῦ
1827 4452 1941 4505 υἱοῦ

2050 4455 2171 4519 post
2188 4446 2627 4518 persecutionem
2646 4446 2855 4509 Severi,
2886 4446 3187 4517 imperante
3210 4444 3491 4498 Antonino
3515 4442 3622 4497 Ca-

360 4542 495 4610 Σευή
507 4559 597 4611 ρου
610 4540 703 4595 τοῦ
728 4541 1108 4612 Καρακάλλου,
1131 4543 1271 4613 μετὰ
1291 4542 1468 4597 ἄλλων
1482 4543 1703 4614 βιϐλίων
1743 4543 1941 4615 Ἐϐρα-

358 4630 514 4685 ῖκῶν.
554 4631 680 4684 Ἐπὶ
703 4632 759 4685 δὲ
790 4633 1140 4703 Ἀλεξάνδρου
1167 4633 1369 4706 Μαμέα
1406 4634 1500 4689 τοῦ
1552 4634 1836 4706 βασιλέως,
1859 4636 1943 4689 εὑ-

364 4722 497 4793 ρέθη
526 4725 558 4794 ἡ
588 4722 639 4788 ς’
665 4723 892 4789 ἕκδοσις,
924 4724 1016 4799 καὶ
1046 4725 1184 4796 αὕτη
1206 4727 1263 4779 ἐν
1293 4726 1471 4792 πίθοις
1493 4727 1847 4800 κεκρυμμένη
1883 4729 1941 4780 ὲν

361 4814 655 4869 Νικοπόλει
684 4816 816 4887 πρὸς
842 4817 1099 4888 ἁρκτίους
1127 4818 1271 4890 (sic).

443 4990 565 5045 Ἐπὶ
616 4990 673 5043 δὲ
710 4992 899 5044 Δεκίου
951 4990 1211 5061 βασιλέως
1254 4992 1535 5063 Ὧριγένης
1590 4992 1932 5063 ἐγνωρίζετο¹

360 5083 504 5146 ὅστις
540 5083 843 5153 Ὠριγένης,
892 5082 967 5146 ὼς
1002 5084 1094 5137 καὶ
1141 5084 1270 5154 περὶ
1299 5085 1623 5155 άστερίσκου
1662 5084 1937 5155 ἐποίησεν,

360 5173 543 5237 καθὼς
589 5174 926 5244 προέερημεν,
961 5173 1133 5238 οὕτως
1180 5175 1274 5230 καὶ
1316 5175 1565 5246 περὶτοῦ
1606 5176 1795 5229 ὀϐελοῦ
1842 5176 1942 5249 τὴν

364 5267 662 5339 σημείωσιν
701 5266 943 5337 ἐποίησε.
986 5266 1096 5329 Τὰς
1128 5265 1236 5337 γὰρ
1283 5267 1343 5332 ἐξ
1384 5268 1677 5339 ἑρμηνείας
1721 5269 1813 5323 καὶ
1844 5268 1941 5340 τὴν

374 5361 667 5433 Ἐϐραῖκὴν
699 5359 882 5430 φωνὴν
917 5358 1220 5430 Ἑϐραϊκοῖς
1244 5360 1420 5429 λόγοις
1448 5361 1541 5415 καὶ
1577 5362 1814 5433 ῥήμασιν
1842 5362 1938 5414 αὐτ

363 5451 475 5511 τοῖς
524 5449 582 5501 ἐν
612 5448 779 5501 σελίδι
824 5449 925 5519 μιᾷ
971 5447 1347 5512 συντεθεικὼς,
1386 5449 1555 5521 ἄλλην
1588 5450 1765 5504 σελίδα
1812 5452 1939 5505 άντ-

365 5538 596 5607 εξέθετο,
628 5540 722 5593 καὶ
763 5541 1091 5612 Ἑλληνικῶν
1121 5540 1220 5609 μὲν
1249 5543 1612 5617 γραμμάτιον,
1631 5543 1935 5615 Ἑϐραϊκῶν

437 5697 453 5731 ¹
492 5697 509 5753 l
539 5698 661 5754 Cor.
692 5714 783 5764 vn,
816 5700 895 5753 l8.

2043 4538 2247 4592 racalla
2290 4537 2476 4592 Severi
2518 4537 2652 4602 tilio,
2684 4537 2742 4593 in
2786 4538 2971 4601 doliis,
3007 4551 3131 4591 cum
3177 4536 3304 4591 aliis
3335 4533 3621 4589 llebraicis

2043 4630 2197 4685 libris
2221 4627 2595 4695 Hierichunte,
2615 4629 2708 4685 ubi
2733 4629 2955 4693 latebat,
2985 4638 3257 4699 repertam
3286 4626 3477 4682 fuisse.
3504 4626 3621 4680 Sub

2040 4718 2355 4776 Alexandro
2402 4731 2585 4776 autem
2621 4719 2859 4777 Maura-1e
2903 4721 3034 4785 ﬁlio,
3074 4728 3290 4790 reperta
3337 4727 3420 4774 est
3454 4717 3620 4771 Nico-

2041 4813 2153 4882 poli
2181 4812 2249 4867 ad
2285 4812 2503 4869 Actium
2547 4810 2712 4868 Sexta
2743 4812 2931 4879 editio,
2964 4827 3086 4883 qua:
3112 4821 3167 4867 et
3199 4812 3316 4882 ipsa
3355 4811 3410 4865 in
3457 4810 3618 4864 doliis

2042 4904 2268 4959 latebat.

2112 4993 2423 5065 lmperante
2455 5000 2639 5049 autem
2684 4993 2855 5049 Decio
2900 4993 3129 5049 ﬂorebat
3172 4992 3456 5060 Origenes,
3499 4994 3617 5062 qui.

2042 5094 2103 5141 ut
2134 5101 2302 5157 supra
2332 5086 2539 5141 dictum
2578 5094 2685 5147 est,
2723 5087 3184 5155 quemadmodum
3233 5085 3501 5139 asterisco
3535 5090 3621 5138 est

2042 5195 2199 5245 usus,
2238 5180 2319 5235 sic
2349 5187 2403 5235 et
2445 5179 2585 5235 obeli
2618 5181 2834 5252 signum
2875 5180 3182 5249 usurpavit.
3217 5176 3322 5232 Sex
3348 5176 3493 5232 eiiim
3531 5175 3618 5229 in-

2044 5270 2486 5341 terpretationes,
2518 5281 2572 5326 et
2596 5269 2919 5328 llebraicam
2954 5269 3293 5341 Scripturam
3332 5265 3619 5321 Hebraicis

2044 5366 2229 5421 verbis
2258 5374 2312 5420 et
2340 5365 2678 5420 dictionibus
2715 5365 2769 5418 in
2809 5379 2916 5418 una
2947 5364 3203 5417 columna
3249 5359 3614 5419 conrinnans,

2044 5456 2273 5511 alteram
2303 5455 2432 5510 huic
2466 5471 2497 5510 e
2526 5455 2698 5510 latere
2730 5453 3069 5524 adiacentem
3099 5451 3411 5505 columnam
3445 5460 3621 5516 appo-

2044 5546 2175 5613 suit,
2220 5544 2425 5604 Graecis
2469 5547 2690 5619 quidem
2735 5545 2959 5611 litteris,
3009 5543 3103 5599 sed
3140 5537 3426 5594 Hebraicis
3462 5540 3620 5591 voci-
