4034 6216
407 298 518 357 379
1836 310 1894 365 S.
1931 306 2274 364 EPIPHANll
3581 311 3713 368 εδδ

415 413 547 483 bus,
574 424 638 474 ut
668 419 764 490 qui
793 419 1060 480 Hebraica
1095 425 1364 481 elementa
1404 424 1748 496 ignorarent,
1777 421 1994 480 Graeca-

2107 424 2150 478 Ξὲ
2184 423 2381 490 λέξεων
2415 421 2548 494 πρὸς
2583 421 2888 494 κατάληψιν
2909 421 3015 475 τῶν
3051 421 3125 494 μὴ
3154 419 3372 474 εἰδότων
3418 419 3700 494 Ἐϐραῖκὶ

409 525 532 564 rum
581 511 892 569 litterarum
941 530 1066 586 ope,
1108 515 1505 571 Hebraicorum
1544 516 1838 574 verborum
1881 515 1990 570 vim

2098 518 2352 586 στοιχεῖα,
2409 517 2490 579 εἰς
2538 514 2600 569 τὸ
2647 514 2736 569 διὰ
2785 515 2894 568 τῶν
2942 513 3272 586 Ἑλληνικῶν
3327 514 3527 568 εἰδέναι
3577 515 3691 568 τῶν

415 603 725 677 intelligere
766 619 1012 677 possent.
1045 607 1237 679 Itaque
1266 608 1322 663 in
1356 608 1612 678 llemaplis
1647 615 1701 663 et
1732 607 1990 677 Octaplis,

2103 604 2407 678 Ἑϐραϊκῶν
2443 605 2642 675 λογίων
2688 605 2784 677 τὴν
2813 604 3063 676 δύναμιν.
3101 606 3210 658 Καὶ
3247 604 3419 669 οὓτως
3451 606 3567 670 τοῖς
3598 605 3691 658 λε-

417 703 478 750 ut
528 697 618 752 ille
663 707 844 766 vocat,
891 698 1188 757 Hebraicas
1236 699 1377 756 duas
1425 699 1734 764 columnas,
1786 714 1994 769 sexque

2091 697 2344 768 γομένοις
2393 698 2484 751 ὑπ’
2524 696 2690 751 αὑτοῦ
2726 696 3047 765 Ἑξαπλοῖς
3101 697 3134 769 ἢ
3173 697 3521 762 Ὀκταπλοῑς
3575 694 3683 760 τὰς

411 789 555 844 alias
593 789 981 861 interpretum,
1017 808 1049 846 e
1086 794 1310 864 regione
1343 793 1704 858 concinnans,
1733 805 1986 863 magnam

2097 790 2195 862 μὲν
2230 788 2323 843 δύο
2356 789 2650 860 Έῦραῖκὰς
2678 789 2914 855 σελίδας,
2944 789 3040 843 καὶ
3063 790 3164 853 τὰς
3191 788 3252 853 ἒξ
3276 788 3384 841 τῶν
3413 789 3689 860 ἑρμηνευ-

413 881 627 935 notitiae
661 880 958 938 utilitatem
999 882 1266 938 studiosis
1309 883 1515 938 attulit.
1551 882 1732 954 Atque
1776 883 1990 937 utinam

2095 885 2201 939 τῶν
2229 887 2295 939 ἐκ
2324 883 2673 954 παραλλήλου
2700 881 3115 954 ἀντιπαραθεὶς,
3146 881 3390 952 μεγάλην
3412 879 3688 948 ὠφέλειαν

413 971 467 1024 in
499 973 721 1041 scriptis
743 973 862 1029 suis
895 989 1006 1028 non
1039 974 1277 1044 turpiter
1309 974 1640 1040 aberrasset,
1675 988 1854 1044 neque
1885 973 1993 1028 sibi

2091 974 2290 1028 δέδωκε
2316 973 2568 1043 γνώσεως
2610 976 2723 1036 τοῖς
2749 971 3080 1041 φιλοκάλοις.
3110 971 3242 1025 Εἴθε
3267 971 3323 1023 δὲ
3349 971 3406 1023 ὲν
3436 973 3548 1034 τοῖς
3579 971 3683 1024 αὐ-

407 1077 475 1116 ae
524 1064 624 1119 toti
672 1073 949 1119 terrarum
983 1065 1104 1120 orbi
1151 1065 1414 1122 damnum
1454 1066 1829 1136 importasset,
1863 1081 1991 1122 cum

2096 1066 2187 1121 τοῦ
2209 1066 2533 1138 γράμμασιν
2565 1064 2626 1118 οὐ
2658 1063 2937 1136 παρέπεσε
2969 1063 3065 1118 καὶ
3091 1062 3184 1116 τὸν
3209 1061 3413 1133 κόσμον
3438 1061 3533 1115 καὶ
3558 1063 3689 1114 ὲαυ-

411 1171 582 1226 prava
617 1158 686 1210 de
730 1158 837 1214 ﬁde
875 1159 1136 1229 dogmata
1171 1159 1360 1224 edidit,
1390 1173 1455 1214 ac
1493 1160 1662 1214 multa
1695 1158 1996 1230 Scriptura:

2095 1158 2186 1212 τὸν
2211 1157 2458 1228 ἠδίκησε,
2489 1155 2676 1220 κακῶς
2700 1155 3034 1226 δογματίσας
3055 1153 3124 1208 τὰ
3146 1170 3215 1206 πε
3225 1153 3278 1224 pl.
3303 1152 3560 1216 πίστεως,
3592 1153 3688 1206 καὶ

410 1244 530 1298 loca
565 1261 849 1316 perperam
883 1249 1274 1320 interpretatus
1302 1250 1415 1306 est!

2091 1251 2161 1306 τὰ
2198 1249 2424 1304 πλεῖστα
2451 1248 2561 1302 τῶν
2584 1247 2818 1319 Γραφῶν
2853 1247 3041 1310 κακῶς
3068 1247 3283 1318 φράσας
3310 1247 3323 1299 !

481 1336 619 1391 Cum
655 1345 838 1393 autem
871 1338 1130 1404 Quintam
1158 1347 1214 1395 et
1248 1338 1468 1396 Sextam
1497 1340 1797 1396 editionem
1832 1355 1990 1411 repe-

2163 1335 2332 1404 οὗτος
2361 1338 2538 1412 εὑρὼν
2584 1338 2682 1410 τὴν
2713 1337 2754 1390 ε’
2782 1338 2878 1391 καὶ⁵
2925 1335 2979 1403 ς’
3005 1337 3235 1402 ἔκδοσιν,
3279 1339 3374 1390 καὶ
3405 1338 3479 1408 μὴ
3531 1335 3689 1398 εἰδὼς

410 1430 599 1496 risset,
653 1446 756 1486 nec
802 1433 970 1487 sciret
1011 1433 1239 1502 quinam
1293 1441 1482 1488 essent
1533 1434 1654 1504 ejus
1709 1442 1988 1499 auctores,

2096 1434 2234 1498 τίνες
2262 1434 2398 1487 εἰσὶν
2431 1435 2481 1486 oi
2511 1430 2687 1487 ταῦτα
2723 1430 3108 1496 συντάξαντες,
3137 1430 3420 1501 ἐπέγραψε
3455 1431 3556 1500 τὴν
3583 1431 3689 1500 μὲν

412 1519 674 1585 Quintam
723 1537 822 1591 per
849 1523 912 1589 ε’,
947 1532 1003 1578 et
1037 1522 1257 1578 Sextam
1297 1539 1396 1595 per
1439 1531 1492 1591 ς’
1526 1526 1827 1582 denotavit.
1857 1527 1992 1593 Qui-

2098 1528 2349 1598 πέμπτην
2392 1524 2484 1580 διὰ
2509 1523 2603 1578 τοῦ
2628 1531 2691 1588 ε’,
2725 1523 2826 1596 τὴν
2869 1524 2926 1578 δὲ
2961 1523 3128 1593 ἕκτην
3172 1521 3263 1574 διὰ
3293 1521 3388 1574 τοῦ
3423 1528 3495 1586 ς’.
3527 1521 3691 1583 Τινὲς

412 1611 538 1664 dam
575 1627 760 1682 porro,
792 1629 916 1667 cum
950 1613 1272 1670 llebraicam
1298 1616 1599 1672 editionem
1640 1616 1875 1687 primam
1908 1617 1992 1673 vi-

2098 1615 2183 1673 οὖν
2210 1618 2461 1691 εὑρόντες
2489 1616 2588 1688 τὴν
2625 1615 2917 1689 Ἐὁραῖκὴν
2945 1614 3171 1688 πρώτην
3205 1613 3422 1668 ἔκδοσιν
3446 1613 3543 1666 καὶ
3567 1613 3691 1666 δευ·

411 1701 562 1767 dent,
595 1704 893 1758 secundam
929 1705 1161 1776 Aquilaa,
1191 1707 1391 1763 deinde
1430 1707 1765 1780 Symmachi,
1798 1718 1988 1780 postea

2092 1711 2255 1783 τέραν
2283 1708 2378 1764 τοῦ
2422 1709 2645 1773 Ἀκύλα,
2679 1706 2796 1762 εἶτα
2825 1707 2918 1761 τοῦ
2945 1706 3265 1778 Συμμάχου,
3297 1700 3416 1758 εἶτα
3449 1704 3559 1759 τῶν
3581 1704 3685 1775 οβ’,

413 1807 564 1848 1.xin
598 1813 612 1849 :
646 1795 778 1852 hinc
827 1795 1248 1864 Theodotionis,
1288 1814 1351 1854 ac
1397 1808 1804 1870 consequenter
1822 1800 1990 1868 Quin-

2097 1799 2215 1860 εἶτα
2253 1801 2347 1855 τοῦ
2393 1800 2770 1863 Θεοδοτίωνος,
2799 1798 2991 1854 ἔπειτα
3016 1797 3116 1868 τὴν
3147 1803 3210 1864 ε’,
3240 1798 3335 1850 καὶ
3363 1796 3460 1867 τὴν
3491 1802 3571 1860 ς’,
3594 1813 3689 1850 νο·-

411 1891 524 1936 tam
558 1891 613 1938 et
660 1883 904 1954 Sextam,
959 1895 1154 1958 putant
1190 1889 1445 1958 Aquilam
1497 1898 1552 1944 et
1602 1889 1989 1961 Symmachum

2101 1893 2315 1968 μίςουσι
2346 1894 2452 1967 πρὸ
2477 1893 2586 1947 τῶν
2615 1892 2696 1964 οβ’
2730 1888 2870 1946 εἶναι
2899 1890 2991 1944 τὸν
3020 1889 3254 1944 Ἀκύλαν
3283 1888 3380 1942 καὶ
3412 1887 3504 1941 τὸν
3539 1887 3690 1960 Σύμο

410 1975 585 2032 fuisse
633 1985 760 2033 ante
801 1977 1156 2052 Septuaginta
1203 1980 1557 2053 lnterpretes,
1602 1983 1699 2037 sed
1748 1982 1983 2036 halluci-

2100 2002 2286 2058 μαχον’
2305 1985 2723 2054 διασφάλλονται
2737 1983 2815 2038 δέ.
2843 1983 2900 2035 '0
2913 1981 3020 2054 γὰρ
3037 1980 3317 2053 Ὠριγένης
3331 1980 3503 2044 οὕτως
3513 1979 3693 2035 ταῦτα

410 2077 634 2123 nantur.
665 2068 800 2124 Nam
846 2071 1109 2142 Origenes
1149 2074 1263 2130 hare
1310 2076 1384 2128 ita
1417 2074 1719 2144 disposuit,
1747 2074 1984 2144 jureque

2097 2073 2374 2142 συνέταξε,
2402 2077 2470 2147 τῇ
2503 2075 2642 2147 μέσῃ
2666 2073 2816 2140 τάξει
2841 2073 2964 2136 δοὺς
2992 2072 3092 2144 τὴν
3123 2071 3421 2143 ἑρμηνείαν
3443 2071 3553 2126 τῶν
3582 2071 3688 2142 οβ’,

410 2176 477 2215 ac
514 2163 712 2217 merito
738 2180 889 2219 Lxxu
917 2166 1142 2222 editioni
1170 2167 1412 2222 medium
1442 2169 1622 2222 locum
1654 2167 1838 2222 dedit:
1867 2167 1990 2221 ideo

2100 2166 2284 2230 καλῶς
2325 2167 2482 2221 τοῦτο
2517 2167 2881 2238 ποιησάμενος
2903 2183 2917 2198 ο
2957 2165 3127 2236 μέσην
3161 2163 3272 2236 γὰρ
3305 2165 3476 2237 αὐτὴν
3507 2165 3690 2218 τέθει-

409 2251 556 2306 enim
589 2254 825 2308 mediam
859 2258 1062 2327 posuit,
1097 2266 1156 2312 ut
1190 2273 1286 2314 eas
1314 2273 1436 2330 quae
1464 2273 1492 2313 a
1524 2258 1790 2314 lateribus
1821 2265 1980 2314 erant

1658 2258 1790 2314 ibus
1821 2265 1980 2314 erant
2101 2273 2222 2323 κεν,
2257 2259 2407 2322 ὅπως
2434 2256 2504 2311 τὰ
2538 2255 2688 2311 ἔνθεν
2722 2257 2816 2310 καὶ
2846 2256 2996 2332 ἔνθεν
3019 2254 3251 2326 ἐλέγχοι.

411 2341 705 2400 refelleret.

437 2493 3646 2527 .__.__._________________.____________________________________

1367 2652 1886 2770 SANCTI
1983 2653 2734 2774 EPIPHANII

1772 2875 2080 2934 EPlSCOPI
2117 2877 2323 2933 CYPRI

945 3029 1337 3091 EPISTOLA
1374 3030 1480 3090 AD
1513 3031 1894 3094 JOANNEM
1935 3033 2372 3095 EPISCOPUM
2407 3034 3152 3098 JEROSOLYMORUM.

1291 3193 1443 3246 ωνο
1483 3196 1863 3248 HIERONYMU
1896 3195 2317 3252 PRESBYTERO
2361 3200 2781 3254 INTEBPBETE.
2894 3197 2899 3202 ’

1380 3347 1627 3410 (Exedit.
1652 3347 1882 3410 Vallarsi,
1909 3347 2036 3413 Opp.
2062 3345 2288 3407 Hierom,
2315 3347 2529 3400 Veronae
2553 3349 2714 3401 1777l.

418 3553 653 3610 Excusat
679 3569 733 3609 se
759 3553 897 3624 quod
931 3552 1319 3611 Paulinianum
1346 3557 1714 3629 presbyterum
1747 3560 2046 3685 ordin‘asset
2061 3563 2180 3687 (ipse
2204 3564 2527 3622 inconsulto.
2558 3563 2760 3621 Deinde
2793 3578 3104 3635 commonet,
3138 3578 3194 3624 ut
3225 3569 3289 3623 ab
3322 3569 3563 3639 Origenis
3598 3588 3686 3627 er-

1783 3647 1891 3686 rort
1933 3650 1993 3687 us
2024 3651 2057 3687 a
2093 3644 2306 3687 slmeal.

1783 3644 1993 3688 roribus
2024 3644 2306 3691 abstineat.

483 3741 648 3812 259
685 3740 913 3796 Domino
951 3741 1310 3798 dilectissimo
1345 3743 1500 3799 fratri
1551 3741 1747 3802 Joanni
1777 3749 1992 3821 episco—
2026 3757 2068 3815 C
2103 3759 2282 3817 terrae,
2317 3762 2376 3808 ut
2406 3754 2526 3810 loca
2566 3756 2987 3828 provinciasque
3026 3771 3134 3810 non
3170 3756 3465 3810 nominem.
3499 3755 3561 3810 Et
3589 3757 3688 3813 ubi

423 3851 524 3906 pus
565 3834 922 3925 Epiphanius.
2099 3853 2185 3901 est
2223 3843 2318 3900 Dei
2352 3847 2536 3912 timor,
2579 3848 2674 3918 qui
2723 3864 2826 3904 nos
2862 3848 3019 3904 debet
3065 3847 3159 3902 illo
3190 3857 3427 3902 tremore
3464 3863 3676 3903 concu-

487 3925 526 3981 l.
572 3925 871 3998 Oportebat
899 3941 1020 3992 nos,
1047 3925 1427 3997 dilectissime,
1463 3929 1761 3987 clericatus
1787 3931 1998 3988 honore
2101 3944 2236 4002 tere,
2274 3939 2367 4010 qui
2400 3938 2580 3995 dictus
2610 3948 2695 3996 est
2726 3955 2756 3994 a
2786 3939 3021 3996 Domino
3058 3957 3072 3994 :
3113 3957 3132 3991 ι
3181 3936 3238 3992 Si
3263 3938 3388 4009 quis
3425 3938 3687 3995 irascitur

415 4035 526 4075 non
567 4019 718 4074 abuti
755 4020 812 4074 in
848 4019 1164 4091 superbiam
1202 4019 1336 4092 (88),
1366 4021 1461 4078 sed
1489 4023 1739 4078 custodia
1773 4025 1998 4079 manda-
2100 4029 2254 4085 fratri
2317 4047 2419 4087 suo
2467 4033 2585 4090 sine
2635 4049 2824 4102 causa,
2863 4048 2991 4088 reus
3037 4031 3143 4087 erit
3185 4031 3392 4102 judicio
3417 4031 3478 4086 ’ἓ
3516 4053 3534 4084 ι
3567 4031 3686 4090 Non

413 4121 598 4170 torum
635 4113 753 4180 Dei,
790 4121 844 4169 et
869 4113 1255 4170 observatione
1285 4113 1707 4185 diligentissima
1737 4114 1843 4170 hoc
1870 4131 1995 4173 esse
2100 4121 2245 4190 quod
2275 4136 2609 4193 magnopere
2639 4138 2828 4178 curem
2860 4121 2906 4178 si
2966 4119 3177 4176 scribas
3212 4118 3357 4188 quod
3399 4118 3684 4189 placuerit.

414 4206 559 4277 quod
586 4205 842 4261 dicimur.
882 4204 940 4260 Si
977 4205 1120 4261 enim
1159 4211 1347 4260 sancta
1376 4204 1662 4276 Scriptura
1694 4207 1981 4277 loquitur:
2103 4213 2498 4268 Scribebantur
2537 4215 2705 4278 enim,
2740 4222 2796 4270 et
2840 4212 2954 4286 (89)
2981 4211 3226 4283 epistolae
3273 4210 3496 4268 biblina:
3531 4209 3687 4278 juxta

419 4316 440 4348 ι
483 4296 627 4352 Cleri
662 4312 852 4352 eorum
883 4313 991 4350 non
1023 4298 1322 4367 proderunt
1353 4297 1434 4352 eis
1465 4298 1518 4352 ‘z
1547 4316 1565 4350 ι
1585 4312 1706 4368 quae
1726 4312 1990 4369 arrogan-
2102 4297 2294 4353 Isaiam
2323 4320 2335 4355 :
2362 4309 2416 4357 et
2447 4302 2803 4357 mittebantur
2837 4317 3004 4372 super
3039 4315 3232 4371 aquas,
3271 4315 3394 4370 qua:
3427 4301 3536 4355 cito
3560 4315 3686 4354 cum

414 4389 492 4442 tia
521 4388 815 4443 clericatus
846 4389 1152 4443 conducere
1190 4388 1350 4443 nobis
1379 4390 1600 4458 poterit,
1631 4389 1725 4460 qui
1755 4406 1863 4446 non
1891 4407 1979 4447 so-
2102 4392 2302 4448 saewlo
2326 4401 2634 4451 transeunt.
2659 4394 2800 4449 Nihil
2828 4393 2927 4449 tibi
2956 4393 3270 4456 nocuimus,
3303 4393 3440 4449 nihil
3473 4393 3689 4463 injuria

419 4480 532 4533 lum
576 4479 932 4549 cogitatione,
986 4486 1040 4534 et
1074 4494 1264 4543 sensu,
1298 4494 1486 4534 verum
1536 4482 1700 4536 etiam
1747 4498 1999 4539 sermone
2106 4485 2355 4552 fecimus,
2402 4503 2505 4543 nec
2552 4489 2846 4558 quicquam
2894 4485 3164 4542 violenter
3217 4485 3569 4542 extorsimus.
3628 4485 3685 4536 In

415 4571 756 4640 peccamus?
783 4571 981 4625 Audivi
1012 4571 1214 4643 quippe
1242 4571 1388 4642 quod
1414 4579 1625 4628 tumeas
1649 4583 1842 4628 contra
1876 4590 1994 4642 nos,
2105 4581 2441 4637 monasterio
2471 4581 2724 4647 fratrum,
2754 4587 2808 4636 et
2848 4579 3079 4635 fratrum
3113 4579 3558 4650 Peregrinorum.
3586 4579 3680 4648 qui

415 4672 470 4716 et
497 4661 778 4728 irascaris,
803 4672 857 4718 et
879 4663 1153 4720 miniteris
1187 4663 1433 4722 scribere
1461 4665 1516 4719 in
1555 4672 1834 4721 extremos
1863 4665 1997 4726 ﬁnes
2105 4671 2399 4742 provinciae
2454 4674 2588 4750 nihil
2655 4681 2765 4731 tua:
2804 4661 3077 4730 deberent
3133 4670 3244 4744 (90)
3289 4685 3304 4724 :
3351 4678 3410 4748 et
3464 4679 3686 4741 pr0pter

495 4780 510 4810 ¹
552 4777 755 4836 Jerem.
798 4796 900 4845 xu,
935 4780 1024 4837 15.
1099 4783 1120 4814 ⁸
1161 4779 1352 4838 Matth.
1386 4799 1440 4850 v,
1468 4782 1563 4842 22.

490 4933 602 5015 (88)
643 4933 881 5018 Consule
910 4933 1421 5018 llieronymi‘epist.
1573 4934 1645 4990 De
1674 4939 1990 5018 optimo_ge—
2041 4943 2044 4950 '
2089 4941 2296 4999 siodnr.
2326 4938 2423 4995 lib.
2455 4954 2532 5006 ιι,
2569 4945 2730 5012 epist.
2768 4944 2858 5002 38.
2894 4942 3034 5000 Hinc
3074 4944 3358 5000 Aldelmus
3382 4944 3454 5001 de
3487 4940 3682 5014 Nycti-

423 5020 546 5102 Lzere
576 5005 979 5102 interpretandi,
1009 5005 1630 5102 qua'se|tuetgr_llLier."
1661 5005 1851 5102 cen‘tra
1882 5005 1995 5062 llu-
2028 5047 2073 5102 Β
2102 5030 2319 5080 corace,

420 5075 1324 5176 Ρ..“Ἇ¹Ϊ.¹ἐᾶ”ἷ¹.¹.ῗ¹ἶ¹ῗέ¹ἷΒῗὲῗτὲῘἮ
1338 5077 1998 5176 ΞΡέἒῗῗῗ¹¹ᾆθῖἓ³1ιξ¹ῗΞ¹ῗ
2028 5075 2073 5102 υ
2249 5109 2517 5164 Romuleis
2547 5109 2752 5165 scribor
2786 5107 2964 5173 biblia.
3000 5106 3092 5162 sed
3118 5123 3237 5162 voce
3258 5105 3508 5176 Pelasga-

418 5145 484 5220 in_
505 5143 696 5220 Graeco
721 5143 1124 5220 ευηιρὲδεζγὰρ
1151 5149 1318 5220 ἡμᾶς,
1336 5143 1610 5220 ciamus,
1632 5149 1706 5219 μὴ
1729 5152 1794 5219 τῇ
1822 5143 1996 5219 οἰήσει

418 5149 484 5227 ἱιξ⁸
505 5149 696 5200 Graeco
721 5149 994 5212 sunl,E6:-:t
1016 5149 1124 5219 γὰρ
1151 5149 1318 5272 ηὸμᾶς,
1336 5149 1610 5220 ἀγαπητὲ,
1632 5149 1706 5219 μὴ
1729 5152 1794 5219 τῇ
1822 5151 1996 5219 οἰήσει

415 5233 526 5302 των
555 5215 771 5302 κλήρων
803 5216 1126 5289 φέρεσθαι,α
1216 5257 1230 5272 .
1283 5217 1515 5302 Doctore
1553 5221 1694 5273 male
1731 5235 1998 5275 conversa

1835 5151 1996 5219 ,ἰήσει
2134 5200 2148 5216 Ἰ
2249 5149 2517 5213 "WHT"...
2547 5149 2740 5165 σνηνν,
2786 5149 2964 5173 νηηυ,
3000 5149 3089 5162 νυ..
3120 5149 3234 5162 ..ην
3258 5149 3278 5161 .
3303 5149 3428 5176 -...-,

1841 5235 1998 5274 versa
2105 5199 2172 5255 lat
2201 5199 2519 5256 Ennodlus:

415 5285 474 5341 in
498 5285 783 5362 Ῑξὲβῖιῖυιιῖε
818 5285 837 5362 ν,
878 5285 889 5289 ’
1010 5356 1031 5362 _
1101 5357 1112 5362 _
1300 5299 1309 5310 '
1681 5343 1696 5362 ,
1968 5358 1984 5362 _
2247 5289 2371 5362 Otia
2401 5291 2631 5348 Niliacis
2667 5309 2772 5348 non
2805 5306 2996 5362 passus
3027 5289 3271 5344 carmina
3297 5287 3454 5342 biblis

489 5356 602 5430 (89)
650 5357 974 5430 lnillebraao
1010 5356 1469 5430 lsai§e__l_exturest
1505 5367 1628 5418 ΜΞ]
1661 5343 1806 5420 183:.
1840 5358 1988 5430 quod
2241 5343 2611 5429 sulcari—etc.

417 5435 502 5485 est
525 5429 599 5534 in.
612 5429 754 5482 vasis
785 5428 998 5498 papyri,
1028 5439 1084 5483 at
1116 5426 1260 5482 LXX
1302 5429 1461 5483 aliam
1492 5440 1531 5486 3
1565 5432 1800 5486 litteram
1839 5426 1936 5502 pro
1960 5443 1994 5490 Ω
2117 5522 2150 5534 η
2174 5451 2370 5534 sed‘de
2393 5426 2653 5523 ρείιίιῑστί
2672 5451 2966 5534 hujus-loci
2993 5465 3158 5534 sequ
3187 5459 3360 5534 alqui:
3374 5463 3501 5534 uisu.
3525 5446 3681 5534 Quin

416 5537 541 5592 qua:
576 5519 836 5577 facillime
873 5530 1311 5589 commutantur,
1345 5524 1583 5593 legentes
1609 5531 1742 5584 mn
1773 5526 1994 5578 ἐπιστο-

417 5589 521 5656 λὰς
551 5591 791 5662 βιϐλινας
819 5593 1245 5668 transtulerunt.
1278 5593 1609 5668 accipientes
1639 5605 1757 5656 κω
1781 5610 1998 5668 εθυηρα·

2099 5522 2330 5578 dicenda
2363 5516 2520 5578 nobis
2551 5531 2715 5580 erunt
2744 5516 2797 5579 in
2826 5523 2920 5578 lib.
2959 5538 2995 5576 Il
3059 5516 3278 5575 Advers.
3315 5519 3500 5589 Pelag.
3538 5516 3654 5572 lnte

2101 5594 2574 5668 rin_r_§_up3riorem
2602 5593 2697 5668 tibi
2721 5594 2970 5668 voculam
2991 5591 3367 5668 _re_pos_uimus_
3392 5605 3424 5643 e
3453 5604 3588 5668 mss.
3623 5659 3636 5668 _

417 5659 608 5746 pyrum
643 5664 937 5746 pro_epist.
969 5663 1117 5746 quod
1155 5659 1412 5746 videlicet
1439 5664 1494 5718 in
1535 5679 1744 5746 papvro
1783 5659 1995 5746 scribe-
2147 5735 2158 5746 _
2169 5659 2447 5746 lii-01pm
2497 5664 2830 5746 vetustiores
2867 5662 3240 5746 coddLYatic.
3273 5659 3683 5746 gai'lirocincitc!

414 5729 949 5794 renturCVidcudus
970 5729 1183 5795 Plinius
1215 5735 1311 5794 lib.
1347 5749 1466 5809 xm,
1497 5729 1624 5808 cap.
1646 5729 1742 5806 Ἠ,
1777 5745 1830 5795 ct
1859 5735 1997 5818 Cas-j
2104 5729 2236 5791 m'liil
2261 5733 2498 5791 deluere.
2533 5733 2660 5789 Erat
2683 5741 2863 5790 autem
2894 5731 3247 5790 Paulinianns
3273 5729 3330 5785 S.
3365 5729 3680 5799 Hieronymi
