4034 6216
346 333 448 394 581

1280 331 1621 390 EPISTULA
1660 336 1750 389 AD
1788 336 1981 394 JOAN.
2026 339 2244 398 EPISC.
2286 342 2662 401 l‘llEROSOL.

3497 349 3607 409 ὅδε).

344 449 591 495 nostram
622 440 965 511 parvitatem,
998 450 1054 499 et
1091 444 1322 511 litteras,
1349 462 1485 517 quas
1511 448 1578 503 ad
1602 464 1696 505 eos
1728 450 1922 505 crebro
1956 456 2001 513 Α
2027 463 2307 511 cramcnta
2333 457 2761 523 conticerent,et
2787 455 2938 511 illum
2965 470 3155 511 omnes
3182 467 3284 511 suo
3310 464 3599 523 poscerent

344 528 679 596 direximus,
735 533 1136 589 communionis
1201 551 1414 606 quoque
1470 544 1578 599 tua:
1638 549 1924 610 cmperunt

346 619 549 675 habere
580 621 931 690 discordiam,
972 641 1043 679 ne
1081 626 1400 683 viderentur
1430 631 1665 700 quadam
1694 631 1921 700 duritia,

346 720 401 779 et
439 713 779 767 conscientia
831 724 1042 781 nostra,
1103 719 1337 789 antiquae
1394 720 1518 776 fidei
1565 722 1634 776 ab
1680 721 1926 778 Ecclesia

349 806 612 873 separari,
646 806 1022 866 ordinavimus
1050 809 1343 866 Diaconqu
1374 830 1387 867 :
1424 822 1477 867 et
1508 821 1800 884 postquam
1825 816 1928 869 mi-

349 898 625 966 nistravit,
652 916 869 955 rursum
899 903 1297 975 presbyterum,
1321 920 1486 973 super
1517 920 1627 975 quo
1657 904 1927 962 debueras

347 991 637 1062 gratulari,
672 992 980 1065 intelligens
1004 995 1150 1065 quod
1178 997 1248 1051 ob
1280 996 1373 1052 Dei
1413 998 1668 1053 timorem
1699 998 1806 1053 hoc
1835 1013 1930 1054 su-

352 1098 475 1138 mus
514 1084 693 1139 facere
727 1086 994 1155 compulsi
1037 1105 1051 1141 :
1088 1087 1326 1143 maxime
1372 1104 1496 1144 cum
1532 1090 1679 1144 nulla
1729 1090 1801 1145 sit
1844 1089 1930 1144 di-

350 1176 584 1231 versitas
613 1176 670 1230 in
702 1177 1013 1233 sacerdotio
1038 1178 1155 1244 Dei,
1193 1188 1246 1236 et
1276 1180 1365 1234 ubi
1403 1180 1628 1235 utilitati
1674 1179 1931 1235 Ecclesia:

350 1267 686 1336 providetur.
718 1266 875 1331 Nam,
899 1278 952 1323 et
978 1269 1023 1324 si
1052 1270 1254 1341 singuli
1285 1271 1658 1326 Ecclesiarum
1687 1271 1930 1342 episcopi

352 1360 556 1415 habent
608 1361 722 1432 (9i)
765 1362 870 1417 sub
920 1377 980 1419 se
1019 1362 1317 1431 Ecclesias,
1357 1363 1559 1434 quibus
1610 1378 1798 1417 curam
1850 1364 1934 1419 vi-

353 1449 554 1503 dentur
582 1449 895 1520 impendere
924 1470 937 1506 :
971 1458 1025 1507 et
1079 1467 1238 1508 nemo
1291 1468 1457 1522 super
1506 1453 1740 1508 alienam
1783 1468 1933 1507 men-

355 1555 541 1594 suram
571 1541 900 1624 extenditur,
938 1549 1125 1596 tamen
1160 1543 1493 1613 praeponitur
1520 1542 1774 1597 omnibus
1802 1542 1934 1596 cha-

356 1630 496 1683 ritas
529 1629 761 1695 Christi,
798 1631 853 1685 in
882 1645 991 1701 qua
1026 1632 1176 1686 nulla
1206 1632 1485 1688 simulatio
1515 1640 1600 1688 est
1630 1650 1643 1686 :
1678 1647 1778 1687 nec
1801 1647 1935 1686 con-

358 1725 707 1780 siderandum
742 1725 872 1796 quid
903 1724 1105 1781 factum
1135 1726 1227 1788 sit,
1276 1724 1372 1781 sed
1424 1740 1535 1795 quo
1578 1733 1841 1794 tempore,
1878 1730 1934 1778 et

2027 545 2374 613 testimonio,
2429 557 2483 602 et
2527 548 2787 619 grandem
2846 546 3137 602 utilitatem
3192 546 3248 600 in
3308 533 3600 600 commune

2027 636 2343 690 monasterii
2374 645 2709 692 testarentur
2741 652 2756 691 :
2790 653 2960 709 quare
2990 645 3122 692 tunc
3150 644 3366 706 reperta
3400 650 3601 705 oppor-

2027 728 2263 781 tunitate
2302 742 2409 781 non
2454 727 2805 796 scripsissent
2838 729 3015 795 nobis,
3047 744 3224 798 neque
3258 742 3421 798 super
3455 726 3600 780 ordi-

2028 815 2249 870 natione
2282 815 2403 884 ejus
2437 815 2641 885 aliquid
2682 817 3079 885 poposcissent.

2100 903 2160 960 ll.
2204 904 2328 959 Haec
2359 906 2431 957 ita
2463 916 2580 959 acta
2612 912 2759 969 sunt,
2793 913 2850 957 ut
2894 906 3107 959 locutus
3148 920 3291 967 sum,
3330 904 3386 958 in
3421 902 3604 957 chari-

2028 1004 2140 1052 tate
2188 996 2390 1052 Christi
2448 1011 2611 1066 quam
2696 1003 2749 1049 te
2804 1009 2932 1064 erga
2982 998 3303 1064 parvitatem
3358 1002 3599 1049 nostram

2029 1087 2229 1143 habere
2274 1088 2560 1142 credebam
2595 1105 2607 1140 ε
2644 1100 2959 1155 quanquam
2990 1085 3044 1139 in
3081 1086 3415 1139 monasterio
3452 1085 3605 1139 ordi-

2030 1180 2296 1244 naverim,
2331 1188 2385 1235 et
2432 1193 2542 1233 non
2576 1178 2629 1232 in
2664 1178 2922 1248 parmcia,
2954 1192 3077 1248 quae
3106 1177 3205 1231 tibi
3227 1177 3475 1245 subjecta
3509 1177 3601 1231 sit.

2031 1273 2074 1327 Ο
2117 1286 2242 1327 vere
2280 1270 2567 1326 benedicta
2617 1269 2999 1339 episcoporum
3050 1268 3213 1339 Cypri
3245 1268 3606 1322 mansuetudo

2032 1370 2085 1418 et
2127 1363 2364 1429 bonitas,
2404 1369 2460 1418 et
2491 1370 2679 1418 nostra
2724 1362 3003 1417 rusticitas
3029 1376 3195 1416 sensu
3231 1368 3325 1413 tuo
3352 1370 3407 1414 et
3456 1359 3606 1413 arbi-

2032 1462 2179 1509 tratu
2214 1454 2374 1524 digna
2410 1453 2787 1509 misericordia
2833 1452 2957 1507 Deil
2997 1450 3133 1505 Nam
3178 1451 3333 1505 multi
3364 1450 3606 1521 episcopi

2033 1545 2436 1602 communionis
2484 1554 2687 1600 nostra:
2727 1543 3074 1614 presbyteros
3132 1541 3187 1596 in
3240 1548 3428 1597 nostra
3463 1541 3610 1593 ordi-

2033 1649 2302 1693 naverunt
2327 1638 2631 1708 provincia,
2664 1651 2803 1706 quos
2833 1635 2995 1706 260
3017 1649 3120 1689 nos
3150 1631 3613 1703 comprehendere

2035 1744 2145 1782 non
2205 1735 2537 1798 poteramus,
2588 1734 2644 1781 et
2683 1726 2954 1781 miserunt
2982 1723 3051 1778 ad
3098 1737 3200 1777 nos
3249 1722 3509 1776 diaconos
3558 1725 3613 1772 et

359 1830 470 1887 quo
504 1816 684 1881 mOdO.
708 1824 762 1873 ct
795 1818 849 1872 in
879 1819 1103 1889 quibus,
1147 1826 1201 1874 et
1226 1834 1396 1890 quare
1436 1817 1639 1873 factum
1670 1818 1765 1874 sit.
1800 1816 1932 1871 Cum
1964 1794 2008 1848 Β
2037 1794 2465 1891 hypodiaconos,
2493 1833 2631 1887 quos
2659 1816 3007 1886 suscepimus
3032 1829 3155 1868 cum
3178 1814 3375 1883 gratia.
3402 1810 3468 1864 Et
3498 1812 3614 1880 ipse

356 1908 506 1963 enim
539 1908 823 1975 vidissem,
852 1910 978 1980 quia
1023 1910 1315 1964 multitudo
1358 1916 1673 1965 sanctorum
1708 1906 1933 1962 fratrum

361 1999 416 2053 in
476 2001 811 2057 monasterio
867 2001 1227 2062 consisteret,
1287 2008 1341 2055 et
1399 1998 1574 2054 sancti
1635 1994 1937 2067 presbyteri

362 2089 747 2163 Hieronymus,
801 2098 855 2147 et
906 2090 1229 2147 Vincentius
1273 2097 1495 2163 propter
1527 2086 1937 2150 verecundiam,

359 2192 415 2238 et
448 2183 813 2238 humilitatem
848 2182 1055 2237 nollent
1086 2180 1266 2235 debita
1314 2177 1521 2233 nomini
1554 2191 1657 2231 suo
1684 2189 1940 2231 exercere

362 2273 654 2339 sacriﬁcia,
686 2281 740 2329 et
772 2273 1023 2328 laborare
1053 2271 1108 2325 in
1141 2270 1246 2324 hac
1283 2278 1436 2340 parte
1472 2265 1783 2330 ministerii,
1819 2279 1940 2336 quae

363 2362 800 2421 Christianorum
827 2363 1101 2434 praecipua
1130 2361 1281 2418 salus
1307 2366 1391 2415 est
1417 2376 1431 2412 :
1464 2358 1709 2413 invenire
1735 2363 1938 2423 autem,

363 2466 418 2513 et
463 2456 927 2527 comprehendere
980 2469 1199 2511 servum
1253 2451 1348 2507 Dei
1404 2464 1514 2506 non
1577 2464 1804 2521 posses,
1846 2446 1940 2519 qui

364 2558 418 2603 te
452 2547 587 2619 (92),
618 2562 683 2602 eo
707 2550 850 2618 quod
883 2560 1046 2617 grave
1078 2559 1219 2599 onus
1248 2540 1540 2600 sacerdotii
1569 2541 1740 2596 nollet
1767 2539 1942 2595 susci-

365 2656 513 2710 pere,
547 2655 690 2710 saepe
728 2638 1004 2709 fugiebat;
1041 2635 1138 2693 sed
1168 2651 1268 2691 nec
1309 2635 1450 2690 alius
1481 2633 1605 2705 quis
1651 2633 1942 2704 episcopo-

366 2747 486 2786 rum
533 2730 692 2784 facile
736 2744 859 2783 eum
913 2727 1197 2798 reperiret.
1256 2723 1413 2780 Unde
1444 2729 1498 2779 et
1520 2722 1657 2779 satis
1711 2723 1944 2777 miratus

367 2837 511 2885 sum,
549 2820 821 2891 quomodo
877 2816 1284 2889 dispensatione
1330 2814 1425 2871 Dei
1472 2815 1539 2870 ad
1592 2830 1695 2869 nos
1734 2813 1947 2869 venerit

367 2929 491 2970 cum
539 2912 788 2967 diaconis
834 2909 1178 2972 monasterii,
1222 2916 1272 2962 et
1310 2905 1512 2961 cwteris
1552 2905 1834 2974 fratribus,
1887 2910 1947 2957 ut

368 3003 502 3058 mihi
536 3002 898 3065 satisfaceret,
930 3003 1054 3071 quia
1102 2998 1287 3055 nescio
1328 2997 1457 3069 quid
1505 2996 1795 3051 adversum
1839 3009 1933 3049 eos

369 3097 631 3151 habebam
661 3093 913 3148 tristitiae.
942 3090 1076 3146 Cum
1102 3090 1266 3162 igitur
1298 3087 1666 3144 celebraretur
1697 3086 1939 3142 Collecta

371 3188 427 3242 in
460 3186 693 3242 ecclesia
724 3184 883 3250 villae,
932 3197 1054 3253 quae
1085 3189 1170 3237 est
1208 3179 1364 3251 juxta
1410 3176 1799 3233 monasterium
1846 3191 1947 3230 no-

373 3289 570 3341 strum,
606 3276 946 3346 ignorantem
975 3288 1123 3337 eum,
1161 3279 1215 3326 et
1259 3271 1463 3325 nullam
1500 3271 1716 3341 penitus
1748 3268 1950 3322 haben-

373 3378 479 3422 tem
511 3365 899 3436 suspicionem,
938 3379 1033 3434 per
1077 3361 1281 3417 multos
1310 3360 1584 3416 Diaconos
1612 3358 1944 3430 apprehendi

370 3459 660 3531 jussimus,
705 3464 757 3511 et
799 3454 977 3510 teucri
1027 3469 1090 3510 os
1137 3454 1277 3523 ejus,
1337 3468 1400 3507 ne
1448 3452 1589 3508 forte
1628 3450 1845 3506 liberari
1893 3464 1954 3504 se

375 3552 623 3622 cupiens,
656 3549 934 3617 adjuraret
967 3562 1067 3601 nos
1098 3561 1194 3617 per
1230 3560 1429 3599 nomen
1460 3543 1665 3599 Christi
1696 3561 1709 3596 :
1748 3550 1801 3596 et
1839 3540 1953 3611 pri-

376 3656 523 3696 mum
562 3640 852 3694 diaconum
878 3636 1274 3702 ordinavimus,
1306 3641 1675 3706 proponentes
1706 3633 1754 3689 ei
1788 3632 1953 3686 timo-

375 3748 492 3790 rem
535 3732 652 3797 Dei,
696 3738 749 3786 et
798 3729 1206 3799 compcllentes,
1262 3734 1320 3781 ut
1370 3726 1741 3790 ministraret;
1801 3724 1957 3779 valde

376 3824 579 3894 quippe
621 3821 984 3885 obnitebatur,
1036 3818 1318 3889 indignum
1356 3832 1415 3873 se
1462 3831 1589 3872 esse
1640 3815 1954 3877 clamitans,

380 3922 435 3969 et
460 3928 623 3985 grave
648 3927 786 3967 onus
818 3911 962 3965 ultra
988 3910 1133 3965 vires
1162 3922 1291 3964 suas
1321 3920 1446 3962 esse
1476 3912 1793 3961 contestans
1820 3903 1957 3975 (93).

382 4007 483 4062 Vix
516 4021 644 4077 ergo
663 4004 1029 4074 compulimus
1061 4016 1209 4065 eum,
1240 4007 1293 4055 et
1320 3997 1651 4069 persuadere
1679 3996 1959 4067 potuimus

382 4098 712 4155 testimoniis
760 4093 1194 4164 Scripturarum,
1238 4095 1293 4146 et
1328 4090 1700 4161 propositione
1735 4085 1963 4141 manda-

382 4199 567 4245 torum
601 4188 713 4244 Dei.
752 4186 819 4240 Et
865 4199 995 4239 cum
1034 4182 1404 4237 ministrasset
1450 4178 1550 4253 [αι.
1606 4176 1960 4250 ministraret]

386 4285 443 4339 in
479 4281 682 4339 sanctis
726 4277 1035 4341 sacrificiis,
1068 4290 1265 4329 rursus
1310 4287 1435 4328 cum
1480 4271 1690 4342 ingenti
1734 4268 1958 4322 difficul-

386 4382 499 4430 tate
546 4380 696 4429 tento
744 4386 838 4427 ore
867 4370 1010 4438 ejus,
1052 4366 1430 4423 ordinavimus
1461 4362 1839 4434 presbyterum
1869 4377 1881 4413 :
1911 4367 1967 4414 et

2036 1911 2354 1965 cohortatus
2400 1925 2519 1965 sum
2552 1909 2723 1964 beatae
2768 1906 3044 1961 memoria:
3080 1903 3363 1958 Philonem
3395 1902 3611 1972 cpisc0~

2037 2018 2189 2072 pum,
2220 2008 2274 2057 et
2297 2009 2547 2057 sanctum
2583 1998 2964 2068 Theoprepum
3001 1993 3149 2067 (94),
3184 2002 3242 2048 ut
3275 1994 3331 2047 in
3364 1992 3615 2047 ecclesiis

2038 2092 2225 2165 Cypri,
2260 2106 2381 2163 qua:
2405 2090 2562 2160 juxta
2594 2104 2655 2145 se
2687 2096 2867 2153 erant,
2896 2089 2962 2142 ad
2988 2101 3123 2143 mea
3145 2094 3327 2140 autem
3362 2084 3616 2155 parmcire

2039 2186 2366 2241 videbantur
2415 2183 2707 2239 ecclesiam
2759 2182 3054 2252 pertinere,
3087 2193 3153 2234 eo
3204 2176 3349 2248 quod
3393 2175 3616 2248 grandis

2041 2286 2207 2342 esset,
2238 2284 2293 2333 et
2322 2277 2431 2331 late
2469 2282 2662 2346 patens
2692 2272 3001 2345 provincia,
3033 2270 3356 2326 ordinarent
3389 2268 3616 2339 presby—

2041 2373 2208 2432 teros,
2254 2371 2308 2419 et
2344 2364 2549 2419 Christi
2597 2362 2858 2419 Ecclesia:
2904 2360 3277 2431 providerent.
3328 2357 3619 2427 Nunquam

2043 2464 2223 2512 autem
2257 2472 2357 2526 ego
2380 2454 2627 2510 ordinavi
2670 2453 3031 2517 diaconissas,
3070 2458 3124 2507 et
3161 2450 3228 2505 ad
3258 2450 3465 2504 alienas
3494 2448 3619 2502 misi

2042 2545 2375 2617 provincias,
2402 2560 2579 2614 neque
2605 2543 2708 2599 feci
2733 2543 3031 2613 quidquam
3061 2548 3119 2596 ut
3154 2539 3450 2597 Ecclesiam
3481 2537 3622 2592 scin-

2043 2640 2249 2696 derem.
2278 2637 2423 2705 Quid
2454 2652 2586 2708 ergo
2619 2636 2717 2691 tibi
2746 2635 2924 2691 visum
2966 2642 3070 2701 est,
3102 2634 3182 2689 sic
3207 2630 3445 2703 graviter
3474 2628 3623 2683 intu-

2044 2745 2291 2788 mescere
2322 2738 2376 2785 et
2401 2729 2600 2800 jactari
2632 2734 2823 2782 contra
2854 2741 2957 2783 nos
3001 2739 3104 2796 pro
3131 2738 3297 2793 opere
3325 2721 3443 2788 Dei,
3476 2720 3620 2788 quod

2045 2820 2104 2875 in
2124 2818 2561 2882 mdilicationem,
2597 2822 2651 2870 et
2700 2829 2808 2869 non
2840 2814 2896 2868 in
2927 2812 3357 2868 destructionem
3392 2808 3622 2862 fratrum

2048 2909 2251 2965 factum
2302 2907 2428 2963 est?
2478 2904 2586 2962 Sed
2636 2910 2691 2960 et
2734 2904 2869 2959 illud
2928 2902 3275 2956 vehementer
3322 2897 3624 2951 admiratus

2050 3014 2195 3066 sum,
2233 2995 2381 3067 quod
2431 2994 2569 3051 meis
2622 2994 2839 3048 locutus
2873 3006 2933 3048 es
2981 2987 3221 3054 clericis,
3274 3001 3527 3042 asserens
3573 2994 3627 3039 te

2051 3104 2148 3159 per
2178 3095 2427 3143 sanctum
2456 3086 2835 3157 presbyterum
2860 3089 2914 3137 et
2940 3082 3192 3136 abbatem
3231 3077 3626 3133 monachorum

2051 3177 2372 3250 Gregorium
2409 3174 2703 3230 mandasse
2728 3171 2883 3236 mihi,
2934 3187 3003 3227 ne
3043 3183 3372 3241 quemquam
3404 3166 3628 3221 ordina-

2055 3286 2165 3326 rent
2201 3287 2215 3324 :
2253 3277 2308 3325 et
2333 3282 2433 3340 ego
2468 3267 2573 3321 hoc
2613 3263 2890 3336 pollicitus
2922 3262 3048 3327 sim,
3103 3261 3294 3315 dicens
3324 3277 3338 3313 :
3369 3256 3627 3328 Nunquid

2050 3360 2268 3431 juvenis
2300 3374 2445 3423 sum,
2476 3366 2571 3411 aut
2613 3370 2853 3411 canones
2900 3352 3135 3423 ignoro?
3159 3352 3300 3406 Audi
3337 3350 3502 3422 igitur
3532 3364 3628 3402 ve-

2055 3455 2273 3510 ritatem
2307 3452 2363 3505 in
2398 3462 2650 3505 sermone
2693 3445 2811 3511 Dei,
2845 3462 2930 3500 me
2970 3445 3076 3498 hoc
3105 3458 3205 3499 nec
3253 3441 3495 3507 audisse,
3527 3455 3631 3494 nec

2058 3561 2245 3610 nosse,
2289 3560 2391 3600 nec
2421 3542 2583 3597 istius
2611 3537 2885 3596 sermonis
2944 3536 3164 3607 penitus
3194 3533 3493 3590 recordari.
3529 3530 3633 3585 Su-

2059 3638 2301 3709 spicatus
2333 3645 2513 3689 autem
2541 3647 2683 3698 sum,
2719 3646 2787 3686 ne
2817 3629 3045 3684 forsitan
3077 3627 3218 3681 inter
3251 3625 3441 3688 multa,
3474 3621 3631 3692 quasi

2059 3730 2223 3789 homo
2253 3727 2458 3783 oblitus
2497 3739 2675 3781 essem
2704 3742 2717 3779 :
2750 3729 2813 3778 et.
2838 3722 2906 3777 ob
2937 3722 3077 3774 hanc
3106 3732 3331 3774 causam
3378 3722 3633 3771 sanctum
3686 3786 3693 3793 _

2059 3819 2381 3891 Gregorium
2417 3816 2727 3873 sciscitatus
2759 3829 2901 3876 sum,
2949 3820 3004 3866 et
3052 3810 3325 3866 Zenonem
3358 3806 3638 3877 presbyte-

2063 3927 2207 3976 rum,
2243 3910 2336 3980 qui
2384 3925 2506 3966 cum
2538 3923 2604 3963 eo
2642 3914 2747 3963 est.
2803 3903 2845 3957 E
2883 3904 3085 3975 quibus
3135 3901 3306 3957 abbas
3344 3898 3637 3969 Gregorius

2064 4001 2353 4074 respondit
2400 4016 2460 4057 se
2513 4000 2618 4054 hoc
2652 3997 2869 4068 penitus
2920 3995 3195 4066 ignorare.
3237 3989 3426 4046 Zenon
3456 3997 3640 4044 autem

2066 4097 2227 4159 dixit,
2258 4092 2385 4162 quia
2413 4106 2538 4145 eum
2591 4091 2638 4145 ei
2674 4087 2957 4159 presbyter
3005 4083 3236 4138 Ruﬁnus
3280 4080 3468 4137 nescio
3520 4094 3641 4150 qua:

2066 4186 2173 4238 alia
2225 4180 2544 4236 transitorie
2594 4179 2945 4246 loqueretur,
3002 4174 3165 4225 etiam
3222 4169 3326 4222 hoc
3381 4165 3579 4219 dixerit
3625 4182 3641 4219 :

2069 4275 2308 4330 Putasne
2351 4272 2564 4340 aliquos
2594 4266 2952 4321 ordinaturus
2983 4268 3066 4317 est
3101 4266 3329 4316 sanctus
3352 4258 3645 4327 episcopus

2071 4365 2170 4440 [αι.
2200 4357 2600 4434 Epiphanius]?
2640 4366 2695 4411 et
2724 4356 3009 4425 hucusque
3061 4351 3278 4409 stetisse
3309 4360 3642 4405 sermonem.

388 4466 580 4523 iisdem
620 4465 820 4528 verbis,
871 4462 1074 4533 quibus
1126 4466 1286 4513 antea
1332 4469 1709 4515 suaseramus,
1747 4451 1965 4521 impuli—
1997 4480 2043 4537 ι)
2071 4460 2186 4530 Ego
2218 4464 2400 4511 autem
2453 4451 2791 4523 Epiphanius
2820 4463 2922 4503 nec
2956 4445 3141 4501 audivi
3190 4442 3510 4513 quidquam,
3541 4452 3645 4492 nec

388 4576 513 4615 mus
559 4565 621 4613 ut
665 4556 878 4613 sederet
931 4556 987 4609 in
1037 4551 1228 4608 ordine
1281 4547 1628 4619 presbyterii.
1666 4546 1797 4602 Post
1849 4545 1965 4599 haec

392 4652 714 4723 scripsimus
753 4648 821 4703 ad
868 4655 1093 4705 sanctos
1126 4643 1465 4706 monasterii,
1499 4650 1552 4697 et
1594 4649 1823 4696 caeteros
1857 4638 1965 4693 fra-

392 4753 540 4810 tres;
578 4750 633 4799 et
670 4740 1072 4811 increpavimus
1106 4753 1222 4803 eos,
1257 4751 1428 4806 quare
1456 4749 1567 4789 non
1615 4733 1971 4802 scripsissent

396 4851 562 4908 super
601 4850 687 4901 eo,
722 4849 845 4889 cum
888 4839 1014 4886 ante
1055 4844 1258 4885 annum
1312 4827 1514 4882 multos
1568 4839 1760 4880 eorum
1814 4822 1971 4894 queri

396 4928 692 4992 audissem,
728 4940 829 4982 cur
879 4937 988 4979 non
1020 4922 1303 4985 haberent,
1338 4920 1432 4989 qui
1466 4917 1571 4973 sibi
1624 4915 1841 4970 Domini
1885 4929 1972 4969 sa-

398 5065 587 5131 frater,
619 5076 781 5134 quem
818 5061 1144 5134 diaconum1
1170 5064 1222 5110 et
1251 5070 1374 5134 mox
1407 5052 1785 5123 presbyterum
1823 5049 1974 5131 ordi-

399 5136 551 5191 navit
575 5121 935 5204 'E‘piphanius
958 5131 1063 5204 ,__in
1112 5121 1553 5204 Peregrinoi'um_
1575 5121 1934 5204 monasterio
1958 5158 1972 5181 ,

399 5189 546 5276 quod
583 5189 663 5276 ad'
691 5189 920 5257 Ioannis
953 5189 1213 5276 d_i_oece_sin
1249 5189 1370 5276 'nen
1419 5193 1749 5276 pertinebat.
1801 5189 1974 5276 Porro

401 5260 760 5332 Gisterciens.
805 5286 910 5325 ms.
961 5266 1043 5321 Ne
1088 5269 1384 5320 viderentur
1412 5260 1658 5332 quadam,
1689 5260 1894 5332 duritia
1926 5268 1976 5332 et

402 5328 723 5401 conscientia
747 5340 869 5410 ﬁdei
905 5338 1164 5410 antiquas,
1193 5350 1352 5410 quam
1379 5328 1542 5410 simul
1569 5330 1871 5410 habuimus,
1911 5328 1975 5382 ab

406 5415 647 5470 Ecclesia
682 5404 943 5480 separari.
987 5407 1093 5480 Sed
1140 5404 1488 5480 Anthrosian.
1530 5405 1693 5470 paqu
1722 5408 1847 5480 ante
1876 5414 1978 5480 cae-

402 5468 590 5557 peruut
628 5468 814 5538 habere
842 5477 1135 5544 consortia,
1167 5491 1229 5529 ne
1288 5468 1587 5527 viderentur
1614 5468 1845 5542 quadam
1875 5470 1976 5523 du-

406 5557 552 5612 ritia,
587 5564 691 5610 etc.

478 5607 969 5710 mmmam
983 5616 1225 5710 rei":
1239 5607 1978 5710 rearis-.3

409 5678 530 5767 plar
562 5678 688 5767 $55,
724 5678 947 5767 singula:
970 5687 1225 5767 Ecclesiw
1245 5685 1607 5767 episcoporum
1631 5678 1840 5767 liquem,
1872 5689 1978 5767 etc.

414 5750 871 5836 quemadmodum
913 5760 1073 5817 etiam
1120 5759 1173 5813 in
1210 5750 1379 5813 veteri
1420 5750 1594 5825 prima
1628 5750 1864 5807 editione
1899 5750 1976 5806 lc-

977 5844 1033 5876 ,
1218 5876 1245 5905 ό

2070 4529 2350 4621 respondi.
2389 4546 2566 4610 Unde,
2599 4542 2981 4607 dilectissime,
3012 4553 3121 4592 non
3153 4544 3203 4591 te
3233 4532 3527 4605 prteveniat
3561 4529 3648 4584 fu-

2069 4662 2183 4711 ror,
2219 4659 2322 4699 nec
2361 4646 2589 4710 occupet
2612 4635 2935 4707 indignatio,
2970 4645 3070 4686 nec
3104 4630 3307 4683 frustra
3335 4624 3644 4680 movearis:

2072 4746 2127 4794 et
2156 4736 2305 4792 aliud
2346 4734 2557 4796 dolens,
2592 4740 2646 4785 te
2672 4737 2854 4783 vertas
2884 4725 2953 4780 ad
2985 4725 3111 4788 alia,
3151 4729 3211 4777 ut
3257 4718 3517 4789 peccandi
3554 4731 3651 4771 oe-

2073 4827 2356 4884 casionem
2387 4820 2663 4878 invenisse
2706 4816 2968 4872 videaris.
3006 4812 3161 4880 Quod
3204 4809 3466 4881 propheta
3499 4804 3651 4861 devi-

2074 4928 2220 4983 tans,
2273 4913 2563 4969 Dominum
2618 4913 2897 4979 precatur,
2953 4903 3192 4958 dicens:
3244 4897 3367 4952 Non
3423 4894 3653 4950 declines

2077 5047 2455 5119 gendum‘cst,
2478 5040 2601 5119 Mox
2636 5038 2894 5119 Ambros.
2924 5050 3078 5117 super
3112 5049 3269 5086 unam
3291 5045 3615 5119 pteiisuram.

2150 5116 2260 5188 (92)
2302 5113 2529 5168 Rectius
2555 5111 2694 5188 forte
2714 5108 3069 5163 Ambrosian.
3093 5104 3371 5173 exemplar
3401 5112 3449 5153 te
3480 5114 3654 5153 vocu-

2076 5182 2183 5244 lam
2213 5182 2343 5255 non,
2363 5182 2628 5255 agnoscit.

2303 5239 2479 5310 Verba
2524 5250 2829 5329 clamitans,
2863 5254 2912 5301 et
2971 5261 3125 5329 graue
3157 5259 3287 5329 opus
3330 5241 3473 5329 ultra
3520 5239 3653 5329 vires

2078 5308 2372 5390 sui‘a’ém,’
2398 5308 2521 5396 quae
2555 5323 2611 5376 in
2645 5308 2933 5389 hucusque
2965 5308 3129 5372 editis
3171 5314 3399 5368 deerant
3433 5308 3655 5378 supple.

2077 5403 2257 5455 vimus
2285 5413 2348 5451 ex
2380 5396 2632 5450 Ambros.
2663 5405 2766 5445 ms.
3085 5454 3097 5459 _
3182 5452 3194 5459 _
3312 5448 3356 5459 _,
3400 5448 3431 5459 η

2153 5448 2266 5539 (Μ)
2293 5448 2851 5539 emendavimus
2880 5472 2946 5512 ex
2986 5452 3281 5539 antiquiss.
3312 5448 3656 5539 et

2081 5515 2771 5600 Atiibrlisiano'exemplari
2793 5568 2809 5594 ,
2842 5542 2967 5600 cum
2996 5515 3169 5600 _antc'a
3201 5525 3352 5595 esset
3388 5515 3656 5600 Tltegpﬂ‘):

2674 5582 2728 5655 et
2760 5582 2959 5669 partim
2987 5595 3178 5674 Graeco
3210 5586 3450 5674 nomine.
3478 5582 3658 5674 ‘Paulo

2085 5654 2476 5751 1766.316
2490 5654 3001 5728 ﬁdiac‘onosIvetusta
3032 5662 3162 5716 edit.
3195 5672 3301 5713 non
3336 5654 3521 5709 habet.

2100 5860 2219 5873 .ν«κ..
