4034 6216
352 326 463 387 335

1304 364 1640 424 EPISTOLA
1680 371 1771 425 AD
1810 366 2006 428 JOAN.
2048 372 2265 431 EPlSC.
2309 376 2673 436 lllEROSOl..

3507 372 3611 429 386

345 476 548 543 dietio,
570 475 727 549 juxta
758 478 1071 551 Origenem,
1110 480 1204 552 qui
1252 488 1474 556 angelos
1518 485 1679 546 ~vertit
1707 492 1765 545 in
1812 494 1925 547 aui-
1955 500 1997 554 Α
2026 509 2152 549 vere
2182 511 2193 545 :
2236 495 2347 549 lloc
2373 513 2508 551 nunc
2536 515 2591 551 os
2613 512 2677 552 ex
2703 496 2907 552 ossibus
2944 496 3091 563 meis,
3126 505 3174 550 et
3208 510 3332 550 caro
3357 495 3420 550 de
3443 512 3604 554 carne

348 586 506 636 mas,
547 579 602 627 et
628 572 696 627 de
738 574 955 629 sublimi
1005 573 1223 646 fastigio
1262 578 1544 649 dignitatis
1577 583 1705 639 facit
1743 588 1809 639 ad
1844 587 1927 641 in-

351 662 551 717 lbriora
583 663 937 730 descendere,
965 667 1124 735 quasi
1155 666 1297 723 Deus
1327 672 1514 740 generi
1542 672 1783 729 humano
1816 692 1925 730 non

348 751 527 819 possit
554 750 770 807 animas
806 767 902 822 per
927 753 1361 811 benedictionem
1397 759 1552 825 dare,
1609 763 1717 817 nisi
1747 765 1925 835 angeli

350 842 734 910 peccaverint;
779 853 832 898 et
882 851 961 899 tot
1000 846 1055 899 in
1089 847 1229 903 code
1279 849 1391 904 sint
1440 852 1636 916 ruime,
1690 865 1825 924 quot
1869 857 1925 911 in

351 942 496 987 terra
554 935 888 990 nativitates.
954 934 1281 993 Dimittenda
1328 956 1459 1012 ergo
1499 944 1658 999 nobis
1696 953 1780 1000 est
1824 946 1926 1000 do-

348 1024 529 1078 ctrina
577 1027 948 1094 apostolorum
1000 1037 1055 1082 et
1105 1031 1520 1100 prophetarum,
1580 1044 1635 1090 et
1687 1036 1821 1106 legis
1873 1046 1927 1093 et

350 1116 526 1185 ipsius
558 1116 773 1172 Domini
806 1118 1108 1175 Salvatoris
1135 1122 1190 1176 in
1226 1123 1521 1195 Evangelio
1561 1132 1923 1198 pertonantis.

351 1206 693 1262 Econtrario
723 1208 984 1279 Origenes
1007 1212 1271 1283 praecipit,
1302 1224 1354 1269 et
1384 1216 1555 1286 legem
1586 1218 1698 1284 dat,
1734 1231 1791 1274 ut
1816 1236 1926 1276 non

346 1298 529 1352 dicam
558 1300 882 1370 constringit
930 1302 1228 1373 discipulos
1263 1322 1415 1373 suos,
1471 1324 1540 1364 ne
1565 1312 1690 1380 quis
1719 1319 1839 1368 oret
1866 1313 1922 1368 in

346 1390 549 1444 coelum
591 1393 910 1458 ascendere,
954 1409 1023 1448 ne
1068 1394 1221 1465 pejus
1254 1396 1450 1452 iterum
1491 1416 1725 1470 peccans
1765 1419 1926 1473 quam

346 1482 405 1536 in
436 1484 597 1538 terris
624 1494 750 1539 ante
780 1496 1123 1554 peccaverat,
1150 1490 1521 1560 prmcipitetur
1553 1494 1609 1549 in
1643 1497 1925 1552 mundum.

350 1570 674 1642 Quanquam
722 1574 1032 1631 istiusmodi
1069 1594 1242 1650 nugas
1267 1588 1322 1636 et
1348 1582 1709 1639 deliramenta
1753 1588 1928 1642 soleat

351 1664 444 1718 ille
474 1662 879 1734 Seripturarum
913 1666 1362 1737 interpretatione
1393 1687 1655 1741 perversa
1682 1683 1738 1730 et
1778 1677 1927 1732 aliud

351 1752 718 1825 signiﬁcante,
764 1771 928 1828 quam
960 1760 1105 1829 quod
1162 1776 1348 1816 verum
1386 1770 1492 1826 est,
1529 1764 1816 1831 allirmare,
1848 1767 1930 1821 di-

2028 597 2140 637 mea
2172 585 2209 636 ⁵.
2244 584 2349 637 Aut
2379 585 2523 640 unde
2554 596 2893 656 assumptum
2915 594 2998 643 est
3025 586 3178 649 illud,
3203 589 3346 656 quod
3381 586 3602 640 divinus

2027 687 2208 727 sermo
2241 682 2471 728 testatur
2500 693 2514 729 :
2552 675 2620 729 Et
2664 678 2845 741 injecit
2879 676 3017 730 Deus
3056 693 3286 746 soporem
3323 678 3377 729 in
3405 676 3599 743 Adam,

2026 772 2075 817 et
2128 762 2419 817 dormivit:
2452 775 2502 819 et
2544 769 2765 834 sumpsit
2817 784 2977 821 unam
3029 768 3095 822 de
3143 769 3306 821 costis
3350 767 3501 835 'ejus;
3550 777 3600 821 et

2029 855 2330 922 adimplevit
2382 871 2477 924 pro
2532 872 2595 909 ea
2650 872 2882 923 carnem,
2935 867 2983 911 et
3037 856 3316 923 wdi/icavit
3377 865 3597 918 costam,

2027 963 2185 1016 quam
2222 947 2414 1000 tulerat
2451 962 2516 1001 ea:
2542 962 2622 1008 eo,
2657 946 2742 999 illi
2774 949 2829 999 in
2856 963 3071 1001 uxorem
3109 949 3167 1001 ‘2?
3192 949 3295 1001 Aut
3332 962 3451 1017 qum
3479 961 3604 1000 cor-

2028 1054 2159 1108 pora
2211 1040 2532 1111 contegebat
2585 1038 2756 1093 Adam
2793 1050 2853 1093 et
2894 1039 3002 1092 Eva
3058 1040 3200 1093 foliis
3243 1040 3398 1102 licus,
3453 1044 3604 1108 post-

2027 1146 2190 1200 quam
2246 1131 2601 1185 comederunt
2657 1130 2725 1185 de
2775 1130 2969 1184 arbore
3018 1130 3214 1183 vetita?
3253 1129 3387 1194 Quis
3423 1139 3601 1183 autem

2029 1224 2300 1293 patienter
2340 1222 2480 1277 ferat
2511 1221 2801 1293 Origenem
2841 1219 3067 1274 lubricis
3113 1216 3604 1287 argumentationi-

2028 1315 2132 1369 bus
2163 1314 2623 1369 resurrectionem
2672 1312 2857 1367 carnis
2911 1311 3074 1379 hujus
3119 1316 3425 1378 negantem,
3461 1308 3606 1361 sicut

2029 1405 2276 1460 declarat
2323 1404 2776 1460 manifestissime
2820 1404 2876 1457 in
2921 1400 3204 1457 volumine
3254 1397 3606 1468 Explanatio—

2028 1511 2159 1551 num
2208 1495 2370 1566 primi
2421 1495 2641 1565 psalmi,
2675 1501 2730 1550 et
2772 1497 2828 1548 in
2877 1493 3000 1548 aliis
3050 1489 3239 1545 multis
3289 1487 3460 1542 locis?
3498 1485 3609 1539 Aut

2030 1588 2154 1657 quis
2187 1587 2375 1640 audiat
2420 1587 2475 1641 in
2525 1586 2693 1641 tertio
2720 1583 2860 1640 cmlo
2901 1583 3193 1637 donantem
3227 1578 3387 1633 nobis
3420 1573 3604 1643 Orige-

2029 1692 2153 1732 nem
2193 1676 2534 1747 paradisum,
2568 1683 2622 1730 et
2657 1676 2808 1729 illum
2844 1687 3005 1743 quem
3046 1669 3326 1739 Scriptura
3358 1682 3605 1721 eorume-

2030 1775 2228 1833 morat,
2291 1767 2359 1821 de
2414 1775 2559 1820 terra
2615 1766 2681 1819 ad
2731 1763 2976 1819 cmlestia
3038 1760 3506 1815 transferentem:
3553 1769 3609 1815 et

348 1858 482 1900 cens
513 1864 526 1899 :
561 1844 883 1916 Priusquam
932 1864 968 1901 a
1018 1849 1228 1904 malitia
1282 1851 1597 1907 liumiliarer
1647 1871 1741 1924 ego
1786 1855 1927 1909 deli-
1960 1874 2002 1928 Β
2031 1862 2224 1911 Omnes
2261 1857 2485 1910 arbores
2516 1870 2638 1924 qua:
2663 1855 2986 1910 scribuntur
3028 1852 3082 1905 in
3112 1849 3331 1915 Genesi,
3365 1849 3445 1904 sic
3478 1850 3611 1905 alle-

348 1936 439 2005 qui
476 1936 529 2002 ';
565 1944 619 1990 et
645 1937 778 1991 illud
814 1956 829 1992 :
865 1937 1156 2005 Revertere,
1208 1943 1389 1996 anima
1432 1960 1569 2009 mea,
1608 1947 1662 1999 in
1697 1947 1928 2016 requiem

346 2036 498 2080 tuam
528 2029 580 2093 ²;
629 2044 838 2083 necnon
869 2038 923 2085 et
954 2031 1086 2084 illud
1115 2053 1127 2087 :
1162 2030 1314 2085 Educ
1358 2032 1422 2088 de
1452 2051 1661 2090 carcere
1695 2040 1929 2092 animum

351 2130 525 2168 meam
558 2115 612 2181 ³;
654 2125 707 2171 et
736 2116 791 2170 in
828 2117 937 2171 alio
972 2118 1089 2172 loco
1118 2138 1129 2173 :
1162 2119 1461 2190 Conﬁtebor
1490 2124 1719 2179 Domino
1759 2128 1811 2181 in
1856 2145 1930 2183 re-

343 2205 501 2274 gione
545 2207 861 2275 vivorum“;
910 2224 1033 2262 cum
1090 2210 1232 2267 alius
1282 2214 1472 2282 procul
1521 2215 1687 2270 dubio
1736 2232 1930 2275 sensus

349 2296 648 2368 Scriptura:
694 2299 893 2354 divina:
939 2301 1030 2367 sit,
1072 2318 1234 2371 quam
1266 2303 1356 2359 ille
1397 2305 1451 2358 in
1489 2305 1740 2361 haeresim
1772 2324 1925 2364 suam

346 2389 584 2459 maligna
621 2391 1077 2460 interpretatione
1110 2396 1417 2465 detorquet.
1452 2395 1607 2462 Quod
1640 2398 1847 2454 faciunt
1874 2410 1926 2456 et

347 2480 652 2545 Manichaei,
687 2492 742 2538 et
780 2483 1052 2551 Gnostici,
1106 2495 1160 2541 et
1204 2485 1489 2553 Ebiouitaz,
1535 2496 1590 2543 et
1637 2489 1929 2546 Marcionis

346 2579 667 2639 sectatores,
703 2584 757 2630 et
804 2576 922 2641 alia;
969 2576 1208 2632 haereses
1246 2595 1473 2634 numero
1513 2583 1793 2653 octoginta
1826 2584 1924 2654 (ι),

346 2680 469 2734 quae
497 2666 564 2721 de
606 2667 904 2736 purissimo
938 2668 1346 2739 Seripturarum
1396 2670 1546 2728 fonte
1585 2688 1927 2732 assumentes

347 2756 684 2820 testimonia,
716 2774 825 2813 non
861 2760 935 2813 ita
973 2760 1420 2832 interpretantur,
1455 2772 1510 2818 ut
1543 2766 1747 2836 scripta
1774 2777 1923 2835 sunt,

347 2846 444 2901 sed
481 2848 881 2919 simplicitatem
932 2854 1202 2909 sermonis
1252 2840 1610 2912 ecclesiastici
1653 2858 1707 2912 id
1739 2860 1927 2915 volunt

344 2939 683 3017 significare,
717 2943 863 3011 quod
898 2945 1000 3014 ipsi
1030 2946 1291 3001 sentiunt.

419 3026 481 3081 V.
524 3027 660 3084 lllud
688 3046 906 3101 quoque
932 3032 1078 3102 quod
1122 3049 1371 3090 asserere
1396 3036 1607 3104 nititur,
1640 3037 1927 3095 doleamne

347 3134 418 3173 an
465 3120 669 3177 rideam
723 3124 932 3179 nescio.
977 3124 1177 3178 Doctor
1224 3128 1475 3196 egregius
1519 3128 1594 3199 (2)
1625 3129 1788 3185 audet
1828 3129 1926 3184 do—

2032 1943 2215 2011 gorice
2267 1942 2682 2011 iutelligcntem,
2732 1940 2875 2010 quod
2926 1939 3136 1993 scilicet
3166 1938 3390 1993 arbores
3446 1952 3610 2007 ange-

2031 2029 2147 2084 lica
2183 2028 2532 2084 fortitudines
2583 2028 2717 2093 sint,
2769 2044 2894 2082 cum
2931 2028 3034 2082 hoc
3066 2026 3268 2081 veritas
3311 2042 3417 2079 non
3469 2028 3611 2081 reci-

2032 2122 2179 2191 piat?
2206 2120 2395 2190 Neque
2420 2122 2564 2175 enim
2599 2119 2735 2174 dixit
2774 2119 3057 2189 Scriptura
3094 2117 3277 2172 divina
3306 2137 3316 2171 :
3352 2117 3392 2169 ι)
3416 2120 3611 2188 posuit

2031 2212 2174 2267 Deus
2205 2212 2378 2266 Adam
2415 2221 2475 2267 et
2502 2210 2669 2265 Evam
2712 2212 2768 2266 in
2799 2220 3000 2266 terram
3030 2228 3045 2264 :
3076 2210 3193 2273 sed,
3225 2211 3373 2278 ejecit
3411 2227 3498 2264 eos
3546 2211 3610 2265 de

2029 2302 2302 2371 Ραταάὶεο,
2325 2302 2720 2381 (5)ει1ια6ἱιαι·ε
2736 2304 2955 2374 feciteos
2989 2310 3173 2354 contra
3205 2303 3516 2369 paradisum
3560 2304 3606 2357 ".

2029 2395 2147 2449 Non
2176 2396 2273 2462 ait,
2306 2395 2409 2451 sub
2446 2394 2723 2463 paradiso.
2762 2393 2829 2447 Et
2856 2395 3031 2462 posuit
3082 2396 3401 2463 romplta'am
3450 2394 3611 2462 ﬂam-

2029 2505 2221 2550 meam,
2252 2496 2299 2541 et
2327 2485 2611 2541 Clterubim
2641 2486 2904 2540 custodire
2938 2487 3217 2540 introitum
3249 2487 3378 2555 ligni
3422 2488 3540 2541 vita:
3565 2487 3608 2542 ⁸.

2028 2578 2148 2632 Non
2197 2578 2353 2643 dixit,
2409 2591 2721 2633 ascensum.
2766 2575 2845 2635 Et
2895 2577 3087 2645 ﬂuvius
3133 2580 3497 2648 egrediebatur
3545 2595 3612 2634 ea:

2032 2669 2181 2725 Eden
2209 2672 2265 2737 9;
2320 2684 2426 2724 non
2461 2668 2619 2734 dixit,
2650 2668 2933 2724 descendit
2976 2684 3043 2723 cx
3077 2668 3245 2724 Eden.
3277 2670 3389 2723 Iste
3421 2670 3613 2725 dividi-

2030 2772 2115 2813 tur
2145 2761 2201 2813 in
2251 2769 2479 2831 quatuor
2510 2759 2771 2828 principia
2798 2773 2817 2811 :
2848 2775 3032 2812 nomen
3062 2760 3155 2811 uni
3187 2757 3406 2823 Phison,
3437 2769 3488 2814 et
3516 2777 3611 2815 no-

2031 2868 2145 2905 men
2173 2852 2390 2905 secundi
2422 2850 2599 2905 Cehon
2633 2851 2700 2906 ¹⁰.
2729 2848 2842 2921 Ego
2872 2849 2978 2904 vidi
3008 2865 3180 2920 aquas
3204 2848 3415 2915 Gehon,
3441 2865 3613 2921 aquas

2027 2960 2164 3014 (pias
2189 2944 2271 2999 his
2286 2943 2500 2997 carneis
2527 2942 2702 2998 oculis
2733 2942 2945 3011 aspexi.
2966 2941 3073 2996 lste
3108 2950 3193 2996 est
3220 2940 3609 3013 Gehon,quem

2025 3035 2289 3092 Jeretnias
2350 3035 2689 3090 demonstrat
2737 3033 2970 3089 dicens:
3007 3032 3148 3099 Quid
3203 3034 3345 3088 vobis
3414 3045 3464 3089 et
3516 3036 3613 3089 vim

2026 3127 2269 3196 AEgypti,
2300 3138 2355 3181 ut
2397 3126 2589 3181 bibatis
2632 3143 2823 3197 aquam
2858 3125 3031 3181 Gelton
3061 3126 3326 3179 turbidam
3359 3127 3445 3180 ﬂ?
3494 3126 3610 3181 Bibi

346 3230 495 3281 cere,
536 3216 816 3273 diabolum
853 3219 905 3273 id
942 3234 1162 3275 rursum
1209 3218 1453 3275 futurum
1485 3237 1607 3277 esse
1635 3222 1780 3292 quod
1813 3222 1924 3279 fuc-
1954 3218 1997 3275 C
2031 3227 2085 3275 et
2113 3219 2180 3274 de
2218 3235 2418 3292 magno
2459 3220 2681 3275 flumine
2712 3218 2790 3291 (4)
2824 3219 3098 3291 Euphrate
3132 3234 3304 3289 aquas
3348 3220 3613 3291 simplici-

346 3314 454 3373 rat,
468 3314 521 3363 et
539 3308 605 3363 ad
628 3309 875 3365 eamdem
895 3310 1195 3366 rediturum
1220 3310 1565 3382 dignitatem,
1584 3321 1638 3368 et
1656 3330 1925 3370 conscen-

344 3411 535 3453 surum
564 3415 729 3470 regna
761 3402 1044 3457 cmlorum.
1075 3401 1217 3457 Proh
1242 3401 1394 3459 nefas
1420 3405 1431 3457 !
1458 3406 1580 3475 quis
1605 3415 1714 3460 tam
1736 3423 1927 3463 vecors

345 3498 401 3543 et
452 3491 707 3556 stolidus,
738 3504 797 3546 ut
822 3493 925 3547 hoc
957 3495 1205 3563 recipiat,
1246 3497 1393 3567 quod
1432 3506 1658 3553 sanctus
1690 3497 1927 3557 Joannes

348 3580 681 3651 Baptista,et
705 3582 918 3648 Petrus,
945 3593 997 3640 et
1030 3584 1270 3644 Joannes
1300 3590 1582 3658 apostolus
1614 3598 1669 3644 et
1695 3606 1929 3661 evange-

346 3672 493 3736 lista,
519 3671 684 3728 Isaias
713 3691 950 3745 quoque.
981 3685 1034 3731 et
1063 3675 1327 3735 Jeremias
1360 3690 1412 3735 et
1436 3681 1628 3750 reliqui
1648 3682 1927 3751 propheta;

346 3764 661 3821 cohrcredes
707 3766 837 3821 ﬁant
883 3767 1085 3823 diaboli
1128 3770 1183 3823 in
1235 3786 1404 3842 regno
1434 3773 1739 3827 cmlorum?
1782 3772 1929 3828 Prae-

342 3864 497 3913 tereo
532 3858 781 3915 frivolam
813 3862 933 3931 ejus
964 3864 1363 3933 expositionem
1395 3880 1557 3936 super
1583 3866 1786 3923 tunicis
1816 3868 1929 3937 pel-

348 3951 529 4011 liceis.
560 3964 765 4024 quanto
796 3964 1018 4018 conatu,
1066 3958 1391 4027 quantisque
1426 3960 1598 4029 egerit
1638 3975 1929 4030 argumcnc

348 4040 441 4107 tis,
474 4050 531 4095 ut
563 4044 777 4097 tunicas
812 4046 1066 4114 pelliceas
1111 4047 1345 4100 humana
1378 4062 1501 4103 esse
1538 4064 1770 4119 corpora
1806 4066 1927 4105 cre-

346 4132 622 4190 deremus.
660 4135 764 4201 Qui
813 4136 957 4191 inter
1002 4138 1171 4191 multa
1221 4138 1298 4190 ait
1330 4157 1343 4192 :
1378 4137 1634 4209 Nunquid
1667 4142 1927 4194 coriarius

340 4234 440 4278 aut
466 4227 819 4280 sordiscarius
858 4226 954 4298 [αι.
989 4228 1354 4300 stortisarius]
1382 4238 1497 4283 erat
1530 4230 1689 4295 Deus,
1722 4241 1777 4285 ut
1807 4249 1931 4285 con-

346 4316 522 4385 ﬁceret
551 4317 709 4385 pelles
745 4318 1080 4382 animalium,
1108 4328 1156 4372 et
1190 4330 1460 4373 consuerat
1507 4336 1571 4375 ex
1601 4322 1675 4375 eis
1721 4323 1927 4376 tunicas

344 4407 590 4470 pelliceas
640 4409 811 4462 Adam
857 4418 905 4463 et
952 4408 1117 4465 Eva'?
1156 4408 1505 4480 Manifestum
1549 4422 1801 4484 estergo,
1845 4415 1927 4468 iu-

345 4497 499 4566 quit,
546 4499 683 4567 quod
729 4500 790 4552 de
846 4501 1156 4567 corporibus
1210 4501 1406 4555 nostris
1460 4502 1728 4571 loquatur.
1778 4503 1843 4557 iit
1879 4505 1924 4559 si

348 4587 450 4641 hoc
482 4588 556 4641 ita
590 4598 695 4654 est,
749 4592 1026 4660 quomodo
1058 4592 1289 4663 legimus
1319 4600 1444 4646 ante
1479 4594 1732 4662 pelliceas
1770 4595 1921 4649 tuni—

345 4698 460 4748 cas,
504 4691 557 4738 et
596 4692 721 4740 ante
771 4684 1210 4750 inobedientiam,
1240 4692 1293 4738 et
1322 4685 1388 4739 de
1418 4686 1673 4754 paradiso
1706 4688 1920 4741 ruinam

346 4778 517 4831 Adam
561 4778 869 4849 loquentem
921 4795 1029 4833 non
1083 4778 1384 4833 secundum
1434 4780 1771 4849 allegoriam,
1825 4782 1919 4836 sed

422 4892 436 4921 ¹
480 4890 828 4957 Psal.cxvm,
865 4894 954 4948 67.
1032 4894 1051 4923 ²
1090 4891 1233 4947 Psal.
1264 4906 1410 4956 cxrv,
1449 4893 1498 4947 7.

344 4959 366 4990 ⁷
406 4961 562 5023 ἰιιὶ‹1.,
612 4963 701 5017 2i.
775 4964 796 4993 ⁸
837 4963 966 5017 ibid.
1066 4962 1087 4993 ’
1125 4965 1259 5020 Gen.
1321 4979 1379 5029 ιι,
1436 4963 1521 5020 10.

349 5045 444 5096 xii,
477 5031 531 5095 2,
562 5031 613 5084 4.

1604 4966 1645 4995 ¹⁰
1688 4964 1821 5020 ibid.

424 5145 497 5212 (Ι)
537 5144 883 5216 Ambrosian.
932 5148 1149 5216 triginta
1180 5156 1452 5211 numerat,
1492 5146 1581 5216 alii
1618 5161 1750 5201 mss.
1787 5162 1922 5213 qua-

348 5216 633 5286 draginta;
662 5215 755 5286 sed
796 5217 937 5282 quod
971 5215 1175 5286 optime
1201 5232 1325 5273 ante
1354 5232 1455 5272 nos
1486 5215 1761 5270 Victorius
1787 5231 1918 5283 quo-

350 5284 459 5353 que
491 5284 1023 5356 animadverterat,‘
1047 5296 1327 5356 propterea
1375 5287 1642 5356 octoginta
1677 5289 1926 5341 nominat

353 5354 709 5425 Epiphanius,
757 5354 915 5421 cujus
954 5357 1069 5409 haec
1118 5354 1203 5410 est
1250 5354 1509 5425 epistola,
1541 5357 1683 5425 quod
1728 5365 1923 5409 contra

350 5425 577 5478 totidem
604 5424 838 5496 haereses
865 5426 1171 5495 scripserit,
1200 5424 1323 5496 quae
1353 5427 1419 5479 ad
1451 5424 1755 5495 sua’usquc
1785 5434 1923 5479 tem-

353 5508 483 5563 pora
514 5495 865 5562 pullularant.

426 5564 503 5634 ('2)
542 5563 683 5636 ﬂinc
715 5565 958 5635 Origenis
997 5579 1219 5636 nomen,
1253 5564 1398 5636 quod
1433 5580 1609 5634 neque
1655 5581 1788 5621 mss.
1828 5580 1926 5620 ne-

351 5649 460 5703 que
487 5633 621 5703 editi
662 5633 990 5689 vetustiores
1023 5635 1242 5700 habent,
1271 5633 1666 5702 'expunxiinus.

422 5706 500 5772 (ὅ)
542 5702 718 5759 Vatic.
757 5712 809 5758 et
859 5712 1016 5760 vetus
1063 5705 1232 5759 editio
1281 5706 1521 5758 habitare
1544 5704 1693 5827 (fecit
1741 5713 1929 5761 contra

427 5775 685 5827 radisum.
727 5784 775 5827 et
804 5792 905 5827 non
938 5775 1129 5827 adiecit
1161 5793 1247 5827 eos
1283 5775 1379 5827 sub
1409 5790 1540 5827 para
1582 5776 1681 5827 iso.

427 5775 685 5841 iadisum,
727 5784 775 5828 et
804 5792 905 5829 non
938 5775 1129 5846 adjecit
1161 5793 1247 5831 eos
1283 5775 1379 5830 sub
1409 5775 1681 5843 paradiso.

1580 4894 1600 4925 ³
1640 4893 1785 4949 Psal.
1817 4910 1965 4953 cxu.
1989 4892 2040 4946 8.

1904 4963 2111 5031 11,15.

2033 3323 2138 3379 ter,
2177 3329 2316 3384 quas
2368 3328 2532 3367 manu
2566 3320 2721 3382 potes
2768 3320 3012 3383 tangere,
3054 3326 3150 3366 ore
3200 3312 3447 3375 sorbere,
3501 3328 3611 3367 non

2032 3422 2203 3476 aquas
2248 3406 2545 3475 Spiritales.
2587 3404 2688 3459 Uhi
2728 3414 2912 3460 autem
2961 3404 3185 3457 ﬂumina
3220 3416 3367 3470 sunt,
3397 3421 3520 3475 qua:
3558 3413 3613 3461 et

2030 3499 2285 3557 videntur
2329 3506 2383 3552 et
2435 3498 2726 3562 bibuntur,
2761 3497 2835 3552 ibi
2882 3512 3227 3567 consequens
3266 3505 3352 3553 est
3385 3498 3530 3566 quod
3558 3506 3614 3552 et

2033 3588 2166 3644 licus
2196 3597 2250 3644 et
2291 3590 2396 3644 alia
2429 3589 2570 3660 ligna
2617 3588 2729 3645 sint
2756 3606 2769 3642 :
2799 3588 2866 3643 de
2904 3588 3103 3659 quibus
3139 3589 3273 3643 dicit
3307 3589 3491 3644 Deus:
3529 3589 3613 3643 Ea:

2032 3681 2174 3735 omni
2212 3682 2354 3751 ligno
2396 3681 2534 3752 quod
2566 3690 2644 3735 est
2680 3681 2732 3734 in
2756 3679 3009 3750 paradiso
3042 3680 3277 3735 comede:
3315 3683 3360 3713 ”
3391 3699 3405 3735 :
3451 3682 3613 3751 262

2031 3773 2230 3829 similia
2266 3781 2395 3828 sunt
2439 3773 2600 3843 lignis
2633 3772 2757 3827 aliis
2798 3780 2851 3827 et
2881 3772 3170 3827 arboribus
3200 3772 3299 3844 (5),
3344 3772 3488 3827 sicut
3512 3772 3614 3827 llu-

2030 3867 2176 3920 mina
2227 3866 2426 3920 similia
2474 3873 2602 3921 sunt
2648 3864 2964 3920 ﬂuminibus
3012 3872 3067 3920 et
3114 3864 3293 3934 aquis.
3341 3862 3397 3917 Si
3432 3876 3611 3919 autem

2030 3972 2169 4028 aqua
2200 3975 2321 4029 quae
2368 3959 2630 4023 cernitur,
2669 3973 2791 4013 vere
2840 3972 2982 4027 aqua
3034 3966 3137 4023 est,
3172 3972 3401 4013 necesse
3438 3965 3520 4012 est
3550 3964 3612 4011 ut

2030 4059 2084 4106 et
2113 4051 2248 4105 licus
2278 4066 2405 4104 vera
2440 4051 2532 4115 sit,
2566 4058 2621 4104 et
2652 4050 2755 4103 alia
2791 4049 2934 4117 ligna
2964 4064 2976 4099 :
3011 4056 3067 4103 et
3102 4047 3272 4102 Adam
3305 4064 3467 4104 verus
3494 4058 3608 4103 sta-

2032 4138 2129 4190 tim
2163 4152 2191 4189 a
2223 4138 2489 4206 principio
2514 4137 2815 4206 plasmatus
2844 4136 2897 4190 in
2926 4151 3172 4204 corpore,
3207 4137 3349 4190 sicut
3379 4145 3433 4191 et
3468 4136 3601 4201 Eva,

2030 4236 2085 4280 et
2145 4242 2253 4281 non
2309 4226 2362 4280 in
2412 4227 2812 4297 phantasmate,
2862 4236 2916 4281 et
2962 4235 3084 4296 post
3126 4226 3340 4279 ruinam
3369 4225 3452 4296 (ut
3498 4227 3611 4280 vult

2034 4315 2318 4388 Origenes)
2350 4325 2569 4388 propter
2605 4324 2887 4387 peccatum
2922 4325 3109 4387 postea
3143 4332 3342 4385 corpus
3386 4330 3612 4386 accepe-

2047 4410 2141 4463 rit.
2177 4408 2279 4464 Scd
2312 4409 2451 4464 dicis
2481 4428 2493 4463 :
2530 4408 2785 4479 Legimus
2832 4407 2974 4479 quod
3017 4415 3240 4462 sanctus
3276 4404 3477 4460 Paulus
3524 4418 3613 4459 ra-

2037 4510 2161 4569 ptus
2188 4501 2259 4555 sit
2292 4516 2465 4570 usque
2493 4500 2558 4554 ad
2592 4500 2811 4553 tertium
2847 4498 3068 4563 cmlum,
3094 4506 3147 4552 et
3175 4512 3345 4566 usque
3372 4496 3423 4549 in
3453 4510 3613 4565 para-

2030 4593 2209 4646 disum
2245 4593 2307 4646 ¹³.
2334 4592 2478 4647 Bene
2508 4591 2649 4647 dicis
2674 4610 2685 4645 ε
2710 4590 2940 4657 Quando
2964 4590 3113 4659 ponit
3138 4588 3357 4642 tertium
3389 4588 3611 4647 cadum.

2030 4694 2085 4740 et
2137 4694 2325 4755 postea
2374 4684 2545 4748 addit,
2600 4691 2653 4738 et
2697 4683 2750 4737 in
2802 4682 3140 4753 paradisum,
3196 4678 3433 4733 ostendit
3485 4677 3613 4732 alibi

2032 4794 2154 4833 esse
2189 4778 2409 4840 cmlum,
2444 4785 2498 4832 ct
2531 4776 2661 4831 alibi
2713 4773 3052 4844 paradisum.
3090 4770 3214 4825 lllas
3244 4784 3373 4823 vero
3415 4767 3616 4838 praesti-

3178 4881 3197 4910 ⁸
3238 4880 3367 4935 ibid.
3399 4880 3488 4941 Ἦ,
3520 4879 3616 4934 22.

2120 4892 2140 4922 ⁸
2182 4892 2325 4946 Psal.
2365 4906 2512 4951 cxtv,
2539 4889 2592 4943 9.
2668 4888 2688 4917 ⁸
2731 4884 2864 4940 Gen.
2899 4901 2958 4947 ιι,
2984 4883 3074 4937 25.
3178 4883 3197 4910 ’⁵
3238 4883 3367 4935 ibid.
3399 4883 3488 4941 Ἡ,
3520 4883 3591 4932 2‘2

2192 4963 2233 4993 ¹ι
2273 4961 2473 5004 .lnrmn-
2520 4974 2578 5004 ιι,
2618 4958 2702 5004 l0.
2782 4958 2825 4987 ¹²
2864 4954 3001 5004 Gen.
3048 4968 3107 5004 ll.
3153 4949 3241 5003 16.
3320 4950 3361 4980 ¹³
3403 4950 3443 5002 ll
3484 4948 3591 5004 Cor

2192 4963 2233 4993 “
2273 4961 2473 5016 Jcreui.
2502 4949 2580 5023 -ιι,
2618 4958 2702 5011 l0.
2782 4958 2825 4987 ¹²
2864 4954 3001 5010 Gen.
3048 4968 3107 5019 ιι,
3153 4949 3241 5003 16.

2103 5140 2179 5209 (ιι)
2221 5142 2390 5195 Antea
2438 5152 2605 5208 penes
2648 5135 2899 5209 Martiae.
2944 5134 3213 5203 aliosque,
3264 5134 3462 5209 delrec
3503 5152 3616 5187 ma-

2029 5203 2171 5277 gaba
2208 5212 2326 5264 Mox
2376 5203 2496 5263 dum
2527 5209 2736 5277 priores
2770 5206 3063 5263 editiones.
3101 5220 3189 5277 ac
3212 5203 3435 5257 totidem
3469 5221 3610 5277 mss.

2030 5270 2255 5346 'ﬂumina
2286 5290 2407 5334 sunt
2455 5290 2503 5332 et
2528 5270 2700 5344 'uquce
2735 5277 2983 5330 bibuntur
3024 5285 3074 5328 et
3105 5274 3351 5328 videntur
3378 5290 3396 5326 :
3430 5276 3615 5327 rectis-

2034 5368 2190 5491 SHE).
2210 5419 2597 5491 Duosiversus
2639 5417 2798 5491 istos,
2843 5416 3041 5491 similia
3090 5422 3211 5491 sunt
3260 5413 3421 5481 tigni;
3465 5412 3613 5474 ηιίξε,

2035 5485 2457 5547 etc/Victorius
2487 5489 2769 5557 expunxit,
2815 5485 2960 5552 quod
3017 5486 3070 5538 in
3104 5486 3221 5538 suis
3262 5498 3391 5557 mss.
3424 5496 3613 5557 exem:
3692 5530 3695 5533 .

2036 5562 2283 5632 plarihus
2315 5549 2778 5632 non__ingvenissct,
2816 5549 2871 5606 et
2904 5569 3125 5609 sensum
3156 5552 3476 5632 perturbare
3508 5549 3612 5602 sibi

2037 5619 2376 5687 viderentur.
2428 5628 2599 5700 ﬁobisr
2646 5643 2693 5700 e_
2718 5633 2909 5678 contra
2945 5638 3069 5700 eum
3106 5622 3243 5674 satis
3289 5619 3457 5700 probe
3490 5634 3611 5700 sen-

2040 5717 2159 5758 sum
2210 5698 2461 5769 persequi
2506 5699 2605 5752 visi
2652 5696 2784 5769 sint,
2814 5710 2878 5748 ex
2912 5693 3094 5769 tribus
3128 5704 3262 5743 mss.
3294 5693 3611 5759 antiquissi-

1940 5782 1946 5788 '
2040 5774 2167 5838 mis,
2200 5758 2363 5841 atque
2389 5758 2557 5825 'editis
2590 5758 2844 5820 omnibus
2877 5758 3246 5830 reposuimus.
