4034 6216
447 367 554 423 387

1834 329 1894 389 S.
1936 328 2278 387 EPIPHANH

3604 326 3716 384 338

443 461 572 529 gias
626 461 750 532 quis
799 475 907 514 non
961 458 1144 515 statim
1199 457 1421 528 abjiciat
1465 465 1627 528 atque
1678 462 2030 512 contemnat:
2061 454 2110 514 Α
2137 456 2314 513 hostis
2341 454 2594 512 exstitit?
2628 454 2776 510 inter
2817 453 2988 510 multa
3012 452 3159 510 enim
3199 452 3344 509 mala
3390 452 3561 509 etiam
3591 451 3728 507 illud

451 550 675 608 dicente
706 551 940 623 Origene
975 552 1042 607 de
1088 551 1250 622 aquis
1277 567 1400 621 qua:
1436 565 1602 621 super
1631 549 2036 604 firmamentum

457 652 610 708 sunt,
639 660 747 700 non
770 659 892 700 esse
923 659 1114 714 aquas,
1138 643 1236 700 sed
1266 641 1915 714 fortitudinesquasda-m
1941 655 2039 696 an-

455 738 644 808 gelicae
680 739 992 809 potestatis,
1016 748 1072 795 et
1116 754 1336 794 rursum
1370 753 1543 809 aquas
1568 752 1692 808 qua:
1723 752 1894 808 super
1923 744 2038 791 ter-

458 846 576 885 ram
608 841 760 894 sunt,
811 831 916 887 hoc
948 839 1055 892 est.
1091 831 1197 886 sub
1231 831 1599 893 ﬁrmamento,
1649 844 1774 885 esse
1810 829 2038 885 virtutes

452 923 785 986 contrarias,
821 922 873 977 id
902 930 1009 986 est,
1043 922 1362 978 daemones?
1387 920 1455 976 Et
1480 921 1755 992 quomodo
1785 920 2035 992 legimus,

459 1011 514 1064 in
547 1011 752 1066 diluvio
781 1021 1000 1081 apertas
1025 1019 1334 1069 cataractas
1360 1012 1485 1068 coeli
1517 1014 1559 1080 ί,
1591 1019 1647 1067 et
1673 1027 1845 1082 aquas
1877 1011 2040 1066 inun-

454 1098 620 1155 dasse
650 1100 880 1154 diluvii?
927 1099 1072 1154 unde
1115 1100 1292 1170 aperti
1335 1109 1469 1156 sunt
1519 1100 1698 1156 fontes
1747 1100 1954 1172 abyssi,
1984 1107 2040 1156 et

457 1196 607 1244 totus
633 1189 878 1246 mundus
905 1198 1132 1260 opertus
1156 1199 1241 1246 est
1267 1192 1445 1261 aquis.

527 1279 616 1335 Vl.
659 1281 702 1336 Ο
732 1281 882 1336 furor
913 1282 1200 1338 hominum
1226 1283 1456 1353 junctus
1493 1282 1764 1348 stultitiae,
1791 1283 1883 1353 qui
1915 1283 2041 1339 reli-

446 1382 698 1444 querunt
752 1373 888 1428 illud
936 1375 1080 1444 quod
1141 1374 1554 1441 inProverbiis
1601 1375 1842 1431 dicitur:
1874 1374 2038 1440 Audi,

456 1461 561 1531 ,lili,
591 1478 886 1515 sermonem
913 1464 1082 1532 patris
1118 1464 1216 1530 tui,
1233 1473 1282 1519 et
1307 1480 1370 1519 ne
1397 1463 1622 1534 abjicias
1656 1465 1819 1535 legem
1853 1465 2041 1518 matris

457 1561 566 1606 tute
602 1555 646 1617 ',
693 1563 748 1608 et
799 1554 1056 1609 conversi
1109 1563 1240 1610 sunt
1293 1555 1361 1610 ad
1411 1571 1676 1621 errorem,
1731 1566 1786 1611 et
1829 1555 2021 1612 dicunt

453 1645 647 1710 stulto,
678 1652 739 1699 ut
773 1645 1027 1715 princeps
1058 1646 1146 1702 sui
1185 1647 1292 1714 sit;
1325 1662 1427 1702 nec
1453 1655 1818 1703 contemnunt
1844 1663 1932 1703 res
1958 1647 2041 1702 fa-

361 1762 365 1766 α
459 1743 660 1800 tuatas,
691 1751 813 1806 quae
851 1737 1117 1792 dicuntur
1165 1752 1195 1792 a
1229 1737 1402 1803 fatuo,
1453 1739 1600 1793 sicut
1643 1737 1926 1808 Scriptura
1957 1749 2041 1794 te-

455 1833 682 1883 statur:
715 1826 924 1882 Fatuus
976 1839 1150 1882 autem
1185 1830 1338 1898 fatuo
1391 1829 1644 1899 loquitur,
1700 1839 1752 1884 et
1795 1846 1887 1884 cor
1930 1831 2042 1896 ejus

454 1931 593 1974 vana
639 1919 882 1989 intelligit
917 1920 960 1973 ³.
1015 1919 1170 1976 Unde
1197 1922 1430 1975 obsecro
1461 1929 1533 1985 te,
1580 1921 1958 1988 dilectissime,
1988 1931 2042 1977 et

452 2013 614 2078 quasi
670 2011 934 2067 membris
985 2011 1122 2068 meis
1150 2027 1406 2082 parcens,
1442 2020 1666 2082 propter
1714 2013 2040 2069 charitatem

452 2119 619 2175 quam
664 2103 719 2157 in
752 2110 808 2158 te
857 2103 1053 2168 habeo,
1106 2119 1299 2173 precor
1347 2103 1595 2158 scribens
1639 2114 1694 2159 et
1741 2120 1929 2170 orans,
1982 2111 2042 2158 ut

453 2198 686 2267 impleas
717 2197 850 2251 illud
875 2197 1022 2265 quod
1051 2195 1259 2249 dicitur
1287 2215 1302 2249 :
1341 2195 1532 2251 Nonne
1561 2196 1804 2251 odientes
1831 2206 1900 2260 te,
1940 2197 2043 2251 Do-

454 2291 614 2354 mine,
631 2288 790 2354 odivi,
819 2296 867 2342 et
895 2303 1053 2356 super
1077 2288 1321 2342 inimicos
1354 2297 1474 2344 tuos
1495 2289 1824 2345 tuberosum
1845 2289 1908 2346 *τ
1929 2289 2044 2344 lni-

453 2381 599 2434 niica
647 2386 703 2435 et
736 2379 901 2450 digna
944 2379 1073 2433 odio
1121 2376 1373 2451 Origenis
1411 2381 1578 2436 verba
1631 2388 1780 2447 sunt,
1827 2388 1882 2437 et
1932 2381 2046 2436 Deo

455 2469 844 2538 repugnantia,
876 2475 932 2521 et
961 2469 1168 2524 sanctis
1199 2468 1341 2538 ejus,
1381 2477 1436 2524 et
1484 2486 1592 2524 non
1627 2470 1730 2525 ista
1771 2471 1890 2528 sola
1921 2487 2044 2543 qua:

448 2558 596 2624 dixi,
628 2558 724 2614 sed
765 2566 819 2613 et
859 2559 967 2613 alia
1011 2559 1456 2616 innumerabilia.
1489 2561 1676 2633 Neque
1712 2564 1860 2619 enim
1895 2580 2044 2621 nunc

455 2653 589 2707 mihi
625 2652 967 2723 propositum
996 2662 1082 2708 est
1127 2653 1395 2710 adversus
1437 2656 1622 2710 omnia
1665 2655 1917 2728 Origenis
1942 2658 2044 2712 do-

453 2752 638 2816 gmata
686 2743 991 2814 disputare.
1040 2743 1190 2799 Nihil
1235 2745 1369 2801 mihi
1426 2745 1704 2819 subripuit
1756 2747 2040 2820 Origenes,

454 2850 560 2891 nec
593 2836 651 2891 in
684 2851 805 2890 mea
844 2838 1200 2908 generatione
1229 2837 1334 2893 fuit
1368 2855 1382 2893 :
1425 2855 1528 2895 nec
1572 2848 1796 2911 propter
1828 2843 2043 2912 aliquas

456 2945 553 2985 res
586 2929 778 2983 mundi
809 2938 863 2984 et
888 2930 1288 2996 haereditatem,
1317 2931 1508 2988 odium
1541 2933 1832 2988 adversum
1865 2933 2040 3000 illum,

453 3037 778 3094 pugnasque
829 3022 1046 3094 suscepi
1091 3041 1104 3078 :
1156 3023 1288 3088 sed,
1342 3032 1403 3079 ut
1457 3024 1785 3097 simpliciter
1845 3026 2041 3091 fatear,

450 3115 634 3180 doleo,
675 3123 731 3170 et
761 3113 924 3170 valde
961 3115 1140 3181 doleo,
1166 3116 1360 3173 videns
1393 3117 1661 3187 plurimos
1689 3116 1943 3183 fratrum,
1990 3127 2046 3174 et

451 3224 646 3264 eorum
679 3209 972 3279 praecipue,
998 3209 1094 3279 qui
1123 3209 1524 3279 professionem
1554 3211 1757 3266 habent
1787 3227 1899 3265 non
1937 3212 2045 3266 mi-

453 3301 686 3364 nimam,
726 3307 782 3354 et
808 3301 863 3354 in
893 3300 1122 3371 gradum
1152 3315 1372 3370 quoque
1403 3301 1702 3356 sacerdotii
1737 3302 2039 3357 maximum

454 3400 850 3464 pervenerunt,
884 3391 1006 3460 ejus
1046 3391 1505 3463 persuasionibus
1536 3392 1816 3464 deceptos,
1849 3404 1903 3450 et
1931 3411 2048 3465 per-

455 3485 775 3540 versissima
827 3485 1077 3540 doctrina
1129 3485 1285 3539 cibos
1333 3485 1510 3542 factos
1541 3501 1666 3542 esse
1697 3487 1902 3541 diaboli
1939 3505 1953 3541 :
1989 3488 2045 3542 in

456 3577 660 3646 quibus
707 3576 1037 3645 completum
1075 3585 1159 3631 est
1203 3575 1358 3641 illud,
1408 3575 1554 3646 quod
1598 3575 1844 3632 dicitur:
1878 3578 2047 3647 Super

455 3685 662 3724 onmem
692 3667 1220 3732 munitionem-ludit,
1251 3675 1300 3722 et
1331 3667 1464 3724 esca:
1484 3669 1597 3739 ejus
1626 3670 1825 3736 electa),
1847 3681 1894 3726 et
1917 3688 2046 3727 con-

455 3760 689 3832 gregavit
743 3761 879 3815 sicut
939 3777 1158 3814 arenam
1201 3762 1558 3830 captivitatem
1613 3765 1656 3816 ⁵.
1711 3762 1790 3819 Te
1839 3773 2042 3833 autem,

459 3853 648 3917 frater,
676 3853 871 3908 liberet
903 3851 1069 3920 Deus,
1110 3859 1166 3907 et
1210 3861 1464 3908 sanctum
1511 3856 1774 3925 populum
1815 3857 2044 3928 Christi,

453 3945 550 4015 qui
585 3945 684 4000 tibi
739 3945 983 4000 creditus
1012 3953 1117 4014 est,
1149 3954 1204 4002 et
1248 3961 1439 4002 omnes
1485 3946 1684 4006 fratres
1720 3950 1814 4022 qui
1865 3959 2044 4006 tecum

453 4043 606 4100 sunt,
644 4044 700 4091 et
740 4035 980 4092 maxime
1020 4035 1280 4091 Ruﬁnum
1315 4039 1696 4110 presbyterum
1738 4042 1809 4097 ab
1850 4039 2044 4098 haeresi

453 4127 734 4200 Origenis,
785 4138 838 4184 ct
884 4126 954 4183 ab
998 4128 1123 4184 aliis
1159 4127 1462 4185 haeresibus
1513 4137 1569 4184 et
1608 4132 1918 4203 perditione
1956 4147 2049 4187 ea—

451 4237 601 4277 rum.
635 4222 700 4277 Si
735 4222 880 4277 enim
913 4228 1138 4294 propter
1167 4237 1338 4276 unum
1372 4222 1624 4288 verbum,
1659 4231 1754 4278 aut
1787 4225 1896 4278 duo
1925 4240 2047 4295 quae

450 4316 733 4369 contraria
777 4317 901 4372 fidei
950 4326 1101 4383 sunt,
1139 4321 1329 4373 multa:
1369 4320 1605 4376 haereses
1650 4322 1876 4390 abjectze
1917 4330 2047 4376 sunt

455 4409 526 4462 ab
560 4408 828 4473 Ecclesia,
867 4419 1077 4479 quanto
1107 4413 1285 4481 magis
1321 4413 1411 4466 hic
1443 4414 1584 4469 inter
1613 4415 1899 4470 haereticos
1943 4417 2045 4470 ha-

455 4501 696 4566 bebitur,
729 4502 824 4571 qui
864 4510 1045 4559 tantas
1087 4508 1497 4574 perversitatcs,
1531 4515 1582 4562 et
1626 4515 1735 4561 tam
1775 4508 1914 4562 mala
1951 4508 2045 4562 do-

451 4599 638 4661 gmata
674 4601 866 4649 contra
911 4595 1071 4652 fidem
1105 4599 1405 4664 adinvenit,
1457 4599 1663 4672 Deique
1690 4609 1745 4654 et
1785 4598 2048 4657 Ecclesiae

533 4709 547 4738 ‘
592 4709 729 4764 Gen.
755 4728 854 4777 vn,
884 4712 967 4766 ll.

1046 4714 1066 4745 '
1104 4712 1268 4770 Prov.
1311 4732 1387 4776 vl.
1416 4715 1508 4770 ΕΝ).
1588 4715 1608 4746 ³
1646 4713 1752 4771 lsa.
1785 4733 1972 4783 xxxn,
2001 4721 2054 4776 6.
2133 4722 2156 4753 ⁸
2193 4717 2340 4773 Psal.
2376 4730 2642 4778 cxxxvm,
2673 4713 2762 4767 21.

2138 565 2308 606 ausus
2354 559 2442 606 est
2484 549 2688 613 dicere,
2720 548 3028 620 perdidisse
3057 547 3349 618 imaginem
3389 543 3484 600 Dei
3527 543 3725 609 Adam,

2137 656 2263 698 cum
2295 641 2399 697 hoc
2430 641 2484 696 in
2534 642 2687 697 nullo
2712 642 2933 712 penitus
2957 642 3080 696 loco
3112 639 3394 710 Scriptura
3429 637 3726 709 signiticet.

2139 733 2199 789 Si
2237 734 2384 790 enim
2432 735 2506 788 ita
2547 741 2717 801 esset,
2750 748 3030 803 nunquam
3063 731 3246 787 omnia
3274 745 3397 802 qua:
3425 730 3480 784 in
3517 728 3731 785 mundo

2140 834 2292 892 sunt,
2322 826 2596 883 servirent
2640 827 2836 883 semini
2883 826 3079 891 Adam,
3114 823 3168 879 id
3197 830 3308 889 est,
3339 824 3603 878 universo
3632 836 3728 892 ge-

2141 917 2260 974 neri
2303 916 2613 982 hominum,
2663 906 2812 972 sicut
2855 922 2910 971 et
2959 913 3201 970 Jacobus
3236 913 3520 984 apostolus
3549 911 3732 981 loqui-

2143 1016 2278 1065 tur:
2313 1008 2509 1063 Omnia
2551 1009 2875 1072 domantur,
2926 1015 2976 1060 et
3024 1005 3262 1075 subjecta
3316 1013 3439 1059 sunt
3481 1003 3732 1057 humana

2141 1113 2350 1156 natura:
2385 1102 2427 1155 ‘.
2462 1100 2751 1170 Nunquam
2780 1099 2924 1154 enim
2957 1099 3213 1153 universa
3262 1096 3510 1166 subjecta
3538 1101 3733 1150 essent

2142 1193 2482 1259 hominibus,
2521 1194 2569 1249 si
2596 1208 2704 1247 non
2739 1191 3002 1246 haberent
3030 1190 3282 1245 homines
3310 1187 3463 1258 juxta
3491 1187 3546 1241 id
3575 1186 3725 1256 quod

2135 1273 2416 1344 universis
2471 1289 2833 1358 imperarent,
2880 1284 3171 1355 imaginem
3216 1283 3333 1338 Dei.
3379 1280 3734 1349 Conjuugens

2143 1390 2324 1435 autem
2351 1385 2516 1449 atque
2567 1377 2896 1432 consocians
2949 1373 3233 1445 Scriptura
3274 1372 3458 1428 divina
3499 1373 3732 1442 gratiam

2144 1469 2565 1536 benedictionis,
2618 1484 2784 1539 quam
2817 1467 2987 1521 Adam
3037 1465 3357 1529 donaverat,
3392 1471 3450 1519 et
3501 1476 3736 1534 genera-

2145 1564 2389 1619 tionibus
2419 1577 2542 1631 quaa
2573 1577 2638 1617 ex
2661 1562 2955 1622 eo'erant,
2993 1573 3060 1613 ne
3087 1557 3181 1628 qui
3217 1557 3448 1612 forsitan
3491 1554 3735 1626 maligna

2144 1654 2596 1725 interpretatione
2630 1651 2896 1706 auderent
2924 1649 3125 1712 dicere.
3161 1649 3256 1702 uni
3283 1647 3467 1701 datam
3498 1647 3731 1716 gratiam

2145 1745 2241 1801 Dei
2271 1753 2326 1800 et
2373 1746 2526 1799 illum
2555 1744 2733 1798 solum
2771 1741 2977 1795 factum
3006 1754 3130 1794 esse
3159 1739 3226 1792 ad
3263 1737 3556 1806 imaginem
3590 1735 3686 1789 Dei
3715 1751 3732 1788 :

2078 1818 2276 1905 Bquia
2318 1835 2622 1904 plasmatus
2667 1839 2816 1887 esset
2855 1845 2920 1884 ex
2973 1829 3160 1893 humo,
3201 1835 3256 1882 et
3305 1839 3531 1880 uxorem
3589 1823 3734 1894 ejus,

2143 1942 2310 1996 quam
2346 1933 2591 1981 creasset
2624 1924 2690 1979 de
2717 1929 2875 1978 costa
2906 1919 3045 1986 viri;
3077 1934 3172 1974 eos
3199 1931 3330 1972 vero
3362 1915 3439 1987 (6)
3469 1915 3564 1986 qui
3599 1929 3740 1968 con-

2144 2022 2464 2088 ciperentur
2513 2018 2566 2070 in
2628 2023 2820 2078 utero,
2880 2023 2933 2068 et
2983 2026 3092 2066 non
3143 2010 3219 2064 ita
3273 2013 3640 2064 nascerentur
3681 2017 3741 2060 ut

2144 2109 2338 2176 Adam,
2369 2109 2462 2164 Dei
2505 2125 2614 2164 non
2656 2109 2860 2164 habere
2891 2107 3206 2178 imaginem,
3246 2105 3434 2162 statim
3461 2121 3560 2176 per
3589 2103 3741 2159 ordi-

2146 2216 2269 2255 nem
2295 2201 2498 2271 jungit.
2559 2209 2615 2256 et
2655 2201 2829 2256 dicit:
2868 2199 2932 2254 Et
2971 2201 3101 2254 vixit
3134 2199 3305 2253 Adam
3345 2197 3598 2252 ducentos
3647 2197 3742 2249 (rio

2145 2297 2291 2365 ginta
2321 2311 2508 2359 annos,
2539 2304 2588 2348 et
2618 2295 2857 2364 cognovit
2893 2292 3057 2348 Evam
3097 2308 3314 2346 umorem
3358 2307 3534 2356 suant,
3571 2299 3622 2343 et
3654 2305 3740 2358 pe-

2145 2386 2282 2455 perit
2323 2385 2372 2439 ei
2419 2384 2595 2454 ﬁlium
2645 2384 2811 2454 juxta
2865 2385 3087 2454 speciem
3147 2392 3196 2436 et
3247 2381 3408 2452 juxta
3454 2381 3742 2450 imaginem

2145 2475 2283 2546 ejus,
2325 2485 2376 2530 et
2423 2477 2628 2532 vocat-it
2655 2493 2841 2531 nomen
2889 2475 3004 2545 ejus
3037 2473 3161 2530 Setlt
3197 2472 3244 2530 '.
3291 2471 3643 2542 Rursumque
3684 2472 3744 2525 in

2146 2567 2363 2624 decima
2401 2569 2754 2640 generatione
2798 2576 2921 2639 post
2948 2581 3124 2621 annos
3158 2565 3243 2622 bis
3276 2565 3425 2620 mille
3470 2564 3743 2620 ducentos

2145 2660 2512 2732 quadraginta
2560 2660 2698 2715 duos
2751 2661 2850 2730 (7),
2915 2659 3206 2716 vindicans
3259 2656 3402 2714 Deus
3445 2656 3742 2728 imaginem

2147 2767 2328 2818 suam,
2369 2759 2424 2806 ct
2474 2751 2794 2815 ostendens,
2846 2750 2994 2821 quod
3046 2749 3224 2822 gratia
3269 2764 3436 2820 quam
3492 2747 3745 2802 dedisset

2145 2843 2463 2899 hominibus
2501 2851 2878 2914 perseveraret
2918 2842 2972 2896 in
3003 2844 3104 2907 eis,
3132 2842 3210 2896 ait
3239 2859 3253 2895 :
3289 2839 3373 2895 Ne
3402 2837 3744 2894 cemederitis

2148 2951 2361 2990 carnem
2400 2935 2456 2988 in
2489 2935 2799 3005 sanguinem
2824 2932 2922 3006 [aL
2958 2948 3080 2988 cum
3113 2928 3445 3002 sanguine];
3481 2945 3572 3000 ego
3600 2929 3747 2982 enirn

2148 3029 2384 3082 ulciscar
2413 3027 2722 3098 sanguinem
2745 3035 2977 3082 vestrum
3009 3025 3074 3080 de
3116 3040 3276 3077 manu
3313 3021 3484 3077 omnis
3513 3019 3746 3074 hominis

2148 3122 2468 3195 eﬂ'undentis
2516 3120 2694 3184 illum,
2736 3119 2860 3190 quia
2892 3117 2962 3172 ad
2994 3117 3276 3186 imaginem
3313 3112 3408 3168 Dei
3438 3113 3541 3183 feci
3582 3111 3730 3165 Itomi

2150 3235 2266 3273 nem
2315 3217 2359 3271 ⁸.
2407 3213 2633 3271 Necnon
2685 3221 2810 3284 post
2869 3204 3069 3266 alteras
3122 3207 3310 3264 decem
3357 3205 3745 3278 generationes

2151 3325 2329 3381 usque
2363 3309 2434 3364 ad
2463 3307 2763 3371 Abraham,
2792 3311 2846 3359 et
2891 3302 2962 3358 ab
2991 3301 3267 3356 Abraham
3307 3287 3484 3370 usque
3521 3298 3588 3354 ad
3641 3297 3744 3351 Da-

2146 3403 2237 3458 vid
2279 3401 2417 3456 alias
2460 3396 2844 3471 generationes
2894 3392 3337 3465 quattuordecim,
3376 3403 3498 3461 quae
3547 3387 3749 3461 viginti

2149 3500 2390 3565 quatuor
2422 3489 2806 3561 generationes
2840 3487 3004 3543 simul
3027 3484 3236 3540 faciunt
3265 3498 3443 3538 annos
3471 3482 3556 3538 bis
3586 3480 3739 3536 mille

2149 3593 2369 3642 centum
2400 3588 2585 3640 decem
2631 3588 2688 3638 et
2722 3590 2968 3651 septem;
3022 3576 3264 3649 Spiritus
3299 3584 3528 3633 sanctus
3559 3575 3612 3630 in
3649 3575 3744 3629 tri-

2149 3679 2358 3735 cesimo
2385 3684 2578 3732 octavo
2608 3673 2842 3744 psalmo,
2880 3686 3005 3726 cum
3034 3676 3358 3742 quereretur
3387 3668 3454 3724 de
3483 3667 3744 3722 erunibus

2150 3766 2489 3830 hominibus,
2536 3763 2687 3835 quod
2737 3763 2795 3818 in
2842 3762 3083 3819 vanitate
3122 3759 3487 3821 ambularent,
3531 3768 3587 3812 et
3623 3772 3744 3827 pec-

2149 3860 2287 3916 catis
2346 3863 2534 3914 essent
2585 3853 2844 3920 obnoxii,
2895 3851 3138 3922 loquitur
3188 3867 3202 3905 :
3261 3849 3632 3904 Verumtamen
3684 3848 3745 3902 in

2149 3950 2378 4021 imagine
2447 3945 2782 4017 perambulat
2826 3945 2996 3999 omnis
3054 3943 3208 3998 homo
3251 3944 3294 3997 '.
3345 3941 3570 3997 Necnon
3615 3946 3743 4012 post

2153 4043 2345 4110 David,
2383 4042 2550 4098 etiam
2582 4039 2688 4096 sub
2721 4037 3016 4094 Salomone
3057 4036 3168 4091 [ilio
3196 4035 3337 4106 ejus,
3367 4034 3600 4104 legimus
3635 4033 3744 4088 tale

2157 4135 2418 4209 quiddam
2446 4148 2613 4205 super
2639 4130 2731 4187 Dei
2765 4117 3000 4201 imagine
3028 4128 3393 4185 nominatum.
3430 4127 3569 4182 Dicit
3591 4125 3740 4181 enim

2164 4231 2220 4286 in
2254 4227 2558 4299 Sapientia,
2588 4241 2712 4296 quae
2758 4224 2920 4278 titulo
2961 4223 3084 4293 ejus
3125 4222 3450 4278 inscribitur
3482 4239 3496 4276 :
3529 4217 3743 4276 Crcavit

2151 4322 2290 4377 Deus
2323 4323 2687 4388 incorruptum
2721 4317 3005 4383 hominem,
3043 4324 3095 4370 et
3125 4315 3405 4386 imaginem
3435 4311 3596 4385 263
3630 4327 3742 4366 suae

2147 4411 2488 4484 proprietatis
2520 4409 2665 4463 dedit
2705 4409 2752 4462 ei
2797 4407 2863 4460 ".
2894 4406 2958 4460 Et
2989 4421 3209 4460 rursum
3249 4413 3374 4476 post
3411 4419 3586 4459 annos
3620 4401 3742 4456 mil-

2163 4507 2318 4560 lenos
2349 4510 2612 4558 centenos
2645 4499 2895 4556 undenos
2937 4499 3062 4569 plus
3117 4498 3302 4553 minus
3331 4496 3432 4568 (8),
3477 4496 3534 4553 in
3587 4493 3741 4548 Novo

2153 4599 2387 4670 legimus
2417 4595 2792 4662 Testamento,
2822 4594 2968 4665 quod
3021 4607 3129 4647 non
3178 4590 3535 4662 perdiderunt
3571 4586 3742 4643 homi-

2840 4713 2861 4744 "
2902 4711 3070 4766 Abac.
3112 4706 3257 4772 1,16.
3371 4707 3392 4738 ‘
3427 4704 3652 4769 Jac.ul.
3681 4706 3736 4761 7.

451 4778 476 4806 '
517 4777 652 4834 Gen.
693 4797 744 4844 v,
787 4784 840 4838 5.
920 4783 942 4814 ³
983 4783 1120 4840 Gen.
1156 4801 1248 4850 rx,
1298 4787 1417 4841 4-6.
1492 4786 1514 4818 ⁹
1551 4785 1695 4841 Psal.
1751 4777 1991 4858 xxxviii,
2040 4792 2043 4809 '

2173 4793 2215 4824 ¹⁰
2257 4789 2385 4859 Sap.
2419 4802 2481 4852 ιι,
2511 4785 2602 4839 25.

526 4892 606 4963 (6)
627 4895 799 4950 Aliter
818 4905 872 4972 et
890 4897 1111 4954 brevius
1125 4899 1758 4972 Cistercienseschartae,
1789 4902 2034 4972 quiplas-
2071 4909 2116 4964 D
2146 4899 2505 4972 etiampostri
2535 4896 2754 4972 codices
2787 4894 3179 4972 suffragantur,
3198 4891 3529 4972 quibuscum
3563 4896 3618 4943 et
3639 4905 3738 4972 nos

456 4972 636 5040 gnatus
667 4977 797 5020 esset
830 4964 1002 5033 homo,
1023 4979 1074 5024 et
1105 4985 1322 5024 uxorem
1354 4971 1590 5040 ejus,eos
1623 4964 1764 5036 vero,
1786 4964 1873 5027 etc
1892 4964 2043 5027 ’Ληι-

456 5035 729 5112 lirosiana}
747 5047 928 5112 autem
942 5041 1024 5094 sic
1045 5042 1284 5096 etiamin
1304 5035 1685 5112 superioribus
1701 5035 1935 5109 variant,
1954 5061 2047 5098 au-

451 5107 635 5185 derent
660 5105 850 5170 dicere,
881 5108 1217 5185 imminutam
1239 5105 1469 5181 gratiam
1487 5112 1606 5185 Dei,
1624 5121 1673 5166 et
1696 5112 1849 5167 illum
1873 5105 2046 5170 solum

455 5178 795 5250 [ac_t_unt_esse
829 5193 894 5250 ea:
922 5178 1104 5244 humo,
1129 5193 1178 5235 et
1210 5178 1430 5237 uxorem
1452 5182 1567 5250 eius
1584 5198 1603 5246 ,'
1631 5199 1718 5237 eos
1755 5201 1896 5248 vero,
1931 5194 2043 5241 etc.

532 5246 611 5315 (7)
649 5247 732 5321 _Ab
765 5249 1146 5321 θεῇς-(ξοπιάίιο
1177 5253 1244 5305 ad
1276 5246 1526 5321 perditos
1558 5253 1766 5311 diluvio
1794 5246 2048 5311 homines

454 5317 761 5397 secundum
808 5317 974 5382 LXX,
1032 5321 1116 5376 bis
1164 5317 1318 5397 mill-9
1355 5325 1624 5380 ducentos
1656 5326 2046 5397 quadraginta

453 5389 598 5471 duos
662 5404 845 5471 annos
909 5401 1234 5471 supputariu
1269 5393 1581 5471 Eusebius,
1635 5389 2042 5471 ΔΗῖσενοηγῖηυ-ξ»,

458 5457 623 5540 lleda,
651 5461 880 5540 aliique.
925 5457 1032 5517 Sed
1080 5463 1170 5517 alii
1223 5457 1934 5540 itidem_cum_Augustiito
1969 5457 2046 5540 De

457 5530 612 5611 sicin
637 5529 899 5611 Deitilib.
938 5547 1350 5611 sv,‘nun.terant
1379 5537 1542 5592 2262.
1577 5529 1933 5611 (ἶιιηῖἱιςιψιθ
1978 5537 2047 5611 de

458 5598 981 5684 Epipha_n_ii_mente
1033 5605 1176 5684 haud
1221 5615 1521 5684 constaret,
1576 5617 1746 5684 atque
1791 5598 2046 5684 impressi

459 5679 620 5726 antea
664 5675 812 5749 libri,
844 5692 984 5749 quos
1015 5677 1181 5749 etiam
1217 5676 1566 5734 Martianmus
1594 5675 1881 5749 sequitur,
1906 5678 2047 5747 lege-

459 5750 594 5814 rent
612 5747 890 5814 sexaginta
944 5745 1098 5808 duos,
1137 5748 1410 5803 Victorius
1442 5766 1510 5804 ex
1545 5750 1649 5803 (ide
1673 5745 1818 5802 'mss.
1859 5745 2047 5802 excin-

461 5813 717 5881 plariunt,
740 5813 977 5885 praetulit
998 5818 1532 5892 quadragintaduos,
1561 5820 1648 5873 cui
1684 5818 1904 5872 lectioni
1936 5818 2046 5874 duo

2150 4960 2406 5029 facimus.
2423 4969 2680 5025 Omnium
2700 4975 2881 5021 autem
2905 4960 3624 5020 rectissime—Ambrosianus
3644 4960 3737 5015 lib.

2153 5057 2442 5110 utramque
2483 5039 2774 5093 lectionem
2809 5037 2910 5090 hoc
2941 5032 3101 5110 modo
3139 5033 3375 5110 exhibet,
3406 5039 3551 5110 post'
3574 5047 3740 5110 annos

2154 5117 2234 5169 bis
2261 5101 2407 5166 mille
2459 5110 2714 5163 ducentos
2746 5106 3080 5176 septuaginta
3100 5103 3276 5176 duos,
3309 5103 3415 5156 sire
3444 5110 3501 5155 ut
3533 5102 3587 5154 in
3617 5101 3739 5176 aliis

2153 5179 2546 5250 exemplaribus
2593 5173 2837 5250 ponitur,
2888 5173 2967 5250 tris
3012 5175 3158 5250 mille
3204 5174 3457 5227 ducentos
3500 5173 3740 5250 quadra-

2155 5242 2312 5322 ginta'
2352 5251 2508 5315 duos,
2540 5242 2606 5304 ei
2653 5265 2762 5320 quo
2816 5247 2993 5303 facilis
3038 5245 3269 5322 aliorum
3319 5242 3738 5298 amanuensiqu

2157 5317 2346 5394 lapsus
2376 5339 2441 5377 ex
2473 5317 2685 5394 vocum'
2700 5335 2838 5390 pene
2865 5317 3182 5394 earumdem
3218 5327 3456 5369 occttrsu
3488 5321 3736 5394 apparet.

2225 5382 2424 5465 [(8)7_Sic
2451 5382 2781 5465 vetustiores
2823 5390 3091 5465 editiones
3136 5386 3259 5439 dum
3289 5395 3419 5465 ante
3454 5382 3544 5465 an.
3565 5382 3737 5463 7.1500.

2153 5453 2268 5519 tum
2287 5453 2567 5518 Victorius
2594 5477 2624 5516 e
2655 5477 2814 5525 mss.,
2839 5468 2895 5515 et
2919 5458 3241 5513 Vaticanum
3274 5470 3340 5509 ac
3361 5453 3739 5525 Cisterciense

2152 5537 2431 5605 exetnplar
2462 5550 2528 5605 ex
2560 5533 2670 5588 illis
2691 5547 2948 5605 quietius
2984 5528 3357 5605 contulimus;
3391 5524 3586 5594 reliqui
3619 5537 3740 5577 om-

2155 5623 2252 5662 nes
2288 5597 2432 5671 libri,
2467 5603 2682 5659 Erasm.
2709 5597 2766 5658 et
2791 5601 3140 5655 Martianazus
3192 5597 3392 5666 supino
3415 5609 3602 5650 errore
3627 5607 3737 5671 non

2154 5678 2260 5733 nisi
2293 5665 2460 5731 annos
2496 5684 2746 5729 trecentos
2780 5671 3025 5726 undecim
3074 5665 3531 5729 numet"ant,cum
3559 5665 3734 5733 palam

2153 5749 2225 5804 sit
2249 5763 2316 5804 ex
2349 5746 2581 5802 historia
2605 5761 2633 5799 a
2663 5743 2974 5806 Salomone,
3002 5741 3146 5795 unde
3170 5737 3493 5792 numerandi
3521 5735 3739 5806 initium

2155 5803 2242 5876 hic
2278 5819 2535 5882 sumitur,
2573 5815 2638 5870 ad
2662 5815 2873 5872 Novum
2901 5803 3074 5885 usque
3104 5809 3512 5867 Testamentum
3524 5845 3540 5874 ,
3565 5813 3618 5861 et
3644 5803 3738 5860 Ja-
