4034 6216
297 346 406 405 ’589

1264 350 1605 410 EPISTULA
1649 350 1740 410 AD
1791 350 1988 409 JOAN.
2032 351 2247 409 EPISC.
2294 352 2669 417 lllEllOSOL.

3465 350 3574 406 390

299 481 400 521 nes
424 466 715 538 imaginem
743 464 858 522 Dei.
886 465 1127 523 Iacobus
1150 468 1296 525 enim
1330 472 1612 542 apostolus
1640 479 1694 527 et
1717 471 1885 529 frater
1914 478 1959 532 Δ
1990 467 2279 527 revclanda
2316 482 2400 530 est
2432 478 2641 534 sanctis
2681 477 2823 549 ejus,
2858 479 3063 537 dictum
3103 490 3219 540 est:
3252 485 3392 542 sicut
3429 495 3489 543 et
3520 488 3573 543 in

300 555 540 622 Domini,
580 558 742 627 cujus
784 565 841 614 et
891 572 1057 629 supra
1090 562 1463 630 meminimus,
1495 564 1718 621 instruit
1761 581 1883 630 nos,

299 665 370 705 ne
422 648 673 722 Origenis
730 652 947 723 laqueis
999 654 1303 724 capiamur,
1355 656 1558 713 habere
1606 658 1883 713 hominem

296 742 593 813 imaginem
626 754 677 798 et
699 744 1118 800 similitudinem
1152 744 1266 803 Dei.
1295 747 1427 803 Nam
1458 762 1583 804 cum
1607 749 1674 806 de
1702 751 1885 822 lingua

302 832 540 888 hominis
575 834 741 889 latius
786 834 1146 906 disputasset,
1181 837 1383 906 adjecit
1415 856 1429 893 :
1465 836 1724 895 lnstabile
1764 857 1885 895 ma-

298 924 431 989 lum,
476 926 531 978 in
576 925 691 993 ipsa
725 926 914 996 quippe
959 926 1312 983 benedicimus
1358 928 1528 984 Deum
1564 930 1802 996 Patrem,
1834 942 1884 987 et

297 1033 352 1069 m
386 1018 503 1086 ipsa
532 1016 898 1069 maledicimus
933 1018 1191 1081 homines,
1235 1020 1327 1089 qui
1368 1019 1436 1073 ad
1478 1020 1886 1077 similitudinem

299 1106 400 1161 Dei
425 1108 623 1161 conditi
654 1116 780 1161 sunt
812 1108 850 1162 ι.
881 1106 1085 1164 Paulus
1110 1125 1327 1181 quoque
1359 1127 1456 1167 vas
1494 1112 1804 1179 electionis,
1831 1119 1885 1169 et

298 1198 393 1268 qui
426 1197 732 1252 doctrinam
773 1196 1151 1269 Evangelicam
1182 1218 1280 1257 sua
1313 1202 1701 1271 praedicatione
1733 1218 1885 1258 com-

297 1287 484 1357 plevit,
526 1287 685 1341 docet
726 1303 846 1355 nos,
888 1289 1033 1360 quod
1077 1290 1243 1345 homo
1278 1292 1342 1346 ad
1377 1291 1692 1364 imaginem,
1724 1302 1779 1350 et
1815 1295 1885 1352 si-

298 1378 662 1433 militudinem
693 1378 786 1434 Dei
830 1382 1087 1437 conditus
1132 1382 1224 1449 sit,
1260 1383 1450 1439 dicens
1482 1404 1496 1439 :
1540 1385 1634 1440 Vir
1666 1403 1767 1441 non
1801 1387 1885 1442 de-

298 1468 378 1522 bet
418 1470 619 1522 nutrire
652 1484 877 1535 comam,
914 1488 1030 1525 cum
1071 1472 1244 1543 gloria
1288 1483 1339 1529 et
1382 1476 1560 1546 imago
1606 1477 1704 1533 Dei
1735 1479 1803 1533 sit
1835 1480 1878 1545 ³,

298 1559 591 1631 imaginem
624 1561 950 1631 simpliciter
983 1565 1265 1634 appellans
1312 1581 1411 1623 suo
1453 1569 1696 1633 nomine,
1732 1570 1884 1625 simi-

298 1651 584 1706 litudinem
618 1662 798 1708 autem
840 1654 1025 1725 gloria:
1068 1657 1433 1727 appellatione
1463 1659 1806 1730 signiﬁcans.

372 1742 482 1798 Vll.
515 1742 622 1798 Pro
654 1745 829 1801 tribus
866 1747 1031 1817 igitur
1060 1750 1412 1817 testimoniis,
1444 1767 1563 1822 quae
1593 1753 1711 1815 tibi.
1735 1754 1781 1809 si
1813 1753 1881 1809 de

297 1832 587 1905 Scriptura
605 1846 795 1891 sancta
825 1840 1143 1909 reperirem,
1162 1841 1387 1898 dicebas
1402 1859 1567 1915 posse
1593 1844 1873 1903 sufﬁcere:

296 1942 425 1982 ecce
438 1937 643 1997 septem
664 1928 975 1983 testimonia
995 1930 1269 1988 dedimus.
1293 1934 1427 1999 Quis
1441 1949 1572 2005 ergo
1589 1937 1882 1992 sustinebit

297 2017 549 2089 Origeuis
604 2018 878 2091 ineptias?
916 2028 975 2074 ut
1012 2037 1120 2076 non
1147 2025 1370 2093 gravius
1407 2026 1614 2097 aliquid
1664 2028 1897 2099 loquar,“

296 2117 351 2163 et
383 2110 581 2166 similis
615 2111 817 2165 eiliciar
868 2113 954 2168 vel
1009 2113 1111 2184 ipsi
1148 2115 1232 2170 vel
1278 2116 1563 2187 discipulis
1610 2118 1748 2189 ejus,
1788 2121 1879 2190 qui

296 2202 497 2256 audent
524 2202 576 2256 iu
594 2204 839 2275 periculo
860 2205 1056 2260 anima:
1087 2222 1199 2262 sua:
1217 2223 1487 2274 asserere,
1516 2210 1882 2282 quodcunque

301 2294 383 2348 eis
412 2294 467 2348 in
503 2296 727 2349 buccam
750 2297 980 2364 venerit,
1015 2306 1069 2353 et
1092 2301 1266 2371 magis
1296 2300 1496 2371 jubere
1532 2301 1662 2368 Deo,
1687 2312 1741 2359 et
1770 2321 1878 2359 non

295 2384 366 2438 ab
392 2400 459 2439 eo
487 2386 567 2441 vel
586 2402 745 2442 orare
772 2389 857 2444 vel
888 2388 1103 2445 discere
1125 2392 1433 2448 veritatem.
1468 2393 1703 2461 Quidam
1732 2397 1878 2452 enim

293 2491 486 2532 eorum
527 2478 905 2552 dicunt,quod
938 2483 1120 2555 imago
1144 2483 1262 2550 Dei,
1292 2502 1460 2556 quam
1484 2488 1639 2558 prius
1673 2489 1883 2560 accepit

291 2567 490 2634 Adam,
529 2572 621 2625 illo
654 2582 936 2642 peccante.
975 2576 1222 2646 perierit.
1253 2577 1355 2631 Alii
1389 2580 1882 2650 suspicanturcor—

292 2672 423 2728 pus,
441 2659 588 2729 quod
610 2659 785 2718 Filius
808 2662 901 2719 Dei
924 2664 1214 2722 habiturus
1226 2676 1375 2723 esset
1393 2684 1462 2723 ex
1486 2667 1681 2738 Maria,
1701 2672 1878 2743 ipsum

292 2763 419 2803 esse
437 2750 726 2821 imaginem
756 2752 831 2822 (9)
863 2754 1190 2811 conditoris.
1210 2756 1467 2813 Nonnulli
1498 2761 1736 2816 animam
1759 2777 1882 2818 esse

293 2841 610 2911 imaginem,
636 2843 727 2895 alii
748 2859 993 2911 sensum,
1029 2844 1121 2900 alii
1156 2847 1561 2904 virtutem:isti
1587 2851 1877 2922 baptisma:

295 2934 372 2997 hi,
392 2933 537 3002 quod
557 2934 720 2987 homo
750 2934 821 2988 ad
837 2934 1128 3006 imaginem
1148 2935 1242 2991 Dei
1271 2938 1585 2994 dominetur
1600 2941 1878 3006 omnibus,

293 3026 577 3083 ebriorum
605 3040 758 3081 more
784 3027 899 3082 haec
923 3030 1001 3082 vel
1036 3028 1129 3082 illa
1162 3036 1465 3095 ructantcs,
1500 3047 1640 3101 quos
1662 3043 1881 3103 oporte-

1991 560 2098 615 alio
2154 561 2276 617 loco
2308 563 2543 635 legimus
2570 568 2643 621 :A
2703 569 2875 638 gloria
2922 573 2978 625 in
3031 572 3261 643 gloriam
3295 574 3318 607 ⁵
3358 594 3372 631 :
3409 577 3569 650 cujus

1989 650 2174 723 gloriae
2206 652 2320 722 jam
2360 655 2418 709 in
2482 656 2590 713 isto
2634 660 2838 715 sarculo
2887 663 3065 716 sancti
3126 665 3452 721 arrabonem
3514 677 3573 725 et

1989 744 2392 815 portiunculam
2434 758 2821 820 susceperunt.
2846 750 3064 811 Primus
3088 771 3277 811 eorum
3318 754 3531 830 Moyses
3552 801 3569 826 ,

1987 836 2148 906 cujus
2193 837 2349 893 fulsit
2392 837 2558 896 facies
2589 842 2766 908 valde,
2805 851 2860 898 et
2902 846 3152 900 radiabat
3183 849 3348 903 veluti
3393 849 3573 922 fulgo:-

1987 936 2040 983 et
2084 930 2186 985 sol.
2220 928 2511 987 Secundus
2541 931 2712 996 Elias,
2737 933 2896 1003 igneo
2923 950 3086 991 curru
3121 948 3313 1009 raptus
3370 941 3425 996 in
3460 957 3573 997 cm—

1986 1020 2123 1083 lum,
2156 1026 2211 1076 et
2254 1021 2400 1092 ignis
2424 1023 2751 1077 detrimenta
2781 1038 2891 1079 non
2944 1026 3206 1085 sentiens.
3261 1029 3571 1101 Stephanus

1986 1109 2354 1180 lapidabatur,
2384 1119 2438 1167 et
2470 1112 2663 1168 faciem
2694 1113 2931 1171 habebat
2966 1117 3167 1187 angeli,
3199 1135 3320 1190 quae
3354 1121 3425 1176 ab
3446 1138 3568 1178 om-

1987 1202 2148 1259 nibus
2197 1204 2548 1260 cernebatur.
2588 1204 2702 1260 lloc
2729 1214 2909 1261 autem
2950 1209 3097 1279 quod
3143 1211 3198 1264 in
3246 1214 3441 1282 paucis
3490 1215 3571 1270 di-

1985 1292 2190 1358 ximus,
2230 1294 2298 1350 de
2340 1296 2593 1351 omnibus
2622 1294 3035 1369 intelligendum
3067 1308 3172 1365 est,
3229 1293 3290 1356 ut
3340 1303 3586 1391 impleaz

1982 1391 2074 1439 tur
2108 1386 2240 1440 illud
2294 1389 2437 1458 quod
2484 1389 2751 1459 scriptum
2804 1399 2889 1447 est
2924 1390 3160 1448 :Omnis
3220 1395 3313 1464 qui
3359 1397 3569 1451 sancti-

1986 1475 2509 1549 ficatscmetipsum,
2562 1480 2708 1536 inter
2739 1483 2925 1537 beatos
2958 1484 3341 1539 numerabitur
3375 1506 3387 1540 :
3414 1487 3571 1542 Beati

1984 1567 2129 1622 enim
2187 1569 2381 1623 mundo
2425 1570 2599 1635 corde,
2643 1573 2891 1642 quoniam
2927 1576 3028 1644 ipsi
3051 1574 3218 1649 Deum
3248 1576 3490 1632 videbunt
3520 1578 3565 1634 ⁸.

2058 1655 2192 1713 VIII.
2224 1660 2360 1714 Cum
2417 1663 2530 1715 ha‘c
2560 1663 2635 1718 ita
2678 1678 2738 1720 se
2778 1663 3035 1733 habeant,
3066 1666 3442 1733 dilectissime,
3471 1684 3571 1725 cu-

1986 1749 2129 1804 stodi
2160 1753 2395 1806 animam
2421 1761 2594 1818 tuam,
2629 1763 2680 1810 et
2700 1756 2892 1812 desine
2918 1766 3107 1812 contra
3134 1758 3230 1830 [αι.
3271 1760 3441 1833 circa]
3467 1778 3572 1819 nos

1988 1857 2355 1898 murmurare.
2408 1843 2546 1900 Dicit
2598 1848 2744 1901 enim
2779 1847 3063 1918 Scriptura
3099 1849 3285 1905 divina
3327 1868 3341 1904 :
3384 1851 3574 1907 Nolite

1983 1951 2318 1991 murmurare
2345 1937 2658 2004 adinvicem,
2684 1940 2819 1993 sicut
2843 1940 3058 2010 quidam
3086 1955 3569 2011 murmuraverunt,

1981 2037 2029 2081 ct
2068 2046 2100 2081 a
2127 2028 2457 2098 serpentibus
2509 2034 2776 2099 perierunt
2811 2032 2831 2063 ⁶
2868 2048 2880 2084 :
2916 2033 3089 2104 magis
3117 2035 3407 2103 acquiescc
3435 2037 3572 2091 veri-

1985 2119 2103 2184 tati,
2155 2132 2209 2174 et
2271 2120 2440 2190 dilige
2493 2136 2597 2177 nos
2651 2122 2943 2193 diligentes
3003 2133 3094 2189 te,
3159 2134 3213 2179 et
3258 2131 3567 2181 veritatem.

1984 2213 2128 2268 Deus
2184 2224 2365 2268 autem
2400 2214 2551 2283 pacis
2595 2222 2817 2284 praestet
2869 2215 3031 2270 nobis
3060 2215 3216 2284 juxta
3244 2232 3403 2271 suam
3456 2218 3573 2273 clo-

1984 2304 2268 2366 mcntiam,
2304 2311 2363 2357 ut
2393 2311 2715 2359 conteratur
2743 2303 2982 2361 Satanas
3020 2306 3124 2360 sub
3150 2307 3379 2376 pedibus
3406 2308 3571 2362 Chri-

1983 2395 2310 2457 stianorum,
2341 2396 2705 2465 etabjiciatur
2727 2398 2908 2453 omnis
2933 2398 3155 2452 occasio
3195 2413 3470 2469 perversa,
3503 2415 3572 2453 ne

1983 2487 2269 2542 scindatur
2329 2488 2383 2542 in
2443 2486 2604 2542 nobis
2657 2487 2939 2542 vinculum
2996 2488 3284 2543 charitatis
3312 2498 3366 2543 et
3412 2496 3577 2544 rectm

1983 2577 2107 2632 fidei
2143 2578 2482 2648 praedicatio.

2057 2665 2145 2720 IX.
2180 2665 2435 2721 Notanda
2468 2664 2768 2720 historiola.
2806 2694 2877 2705 —
2914 2664 3182 2721 Praeterea
3217 2666 3398 2721 audivi
3458 2666 3573 2739 (η)

1981 2758 2249 2830 quosdam
2310 2772 2656 2813 murmurare
2701 2764 2893 2813 contra
2932 2773 3040 2823 me,
3075 2759 3203 2829 quia
3234 2759 3456 2828 quando
3496 2762 3574 2814 si-

1984 2849 2095 2903 mul
2129 2849 2497 2918 pergebamus
2546 2849 2613 2902 ad
2669 2858 2920 2903 sanctum
2973 2848 3153 2903 locum
3193 2849 3286 2918 qui
3344 2858 3577 2903 vocatur

1984 2938 2191 3006 Bethcl,
2225 2950 2283 2994 ut
2309 2940 2381 2994 ibi
2400 2940 2698 2995 Collectam
2715 2947 2895 2994 tecum
2924 2955 2987 2996 ex
3009 2956 3161 2994 more
3188 2941 3571 2995 ecclesiastico

1986 3029 2250 3099 facerem,
2283 3040 2337 3088 et
2383 3032 2659 3088 venissem
2710 3033 2777 3088 ad
2818 3033 3004 3087 villam
3044 3047 3169 3102 quae
3198 3032 3401 3086 dicitur
3429 3032 3575 3087 Ana-

294 3118 395 3171 ιω
420 3123 630 3171 tantum
654 3117 914 3189 etl‘ugere,
951 3121 1269 3187 discrimen,
1307 3137 1407 3177 nec
1430 3138 1630 3194 negare
1647 3140 1768 3195 quae
1799 3125 1880 3180 lo-
1908 3147 1949 3203 ρ
1985 3122 2192 3191 blatha,
2248 3123 2623 3194 vidissemque
2663 3124 2735 3178 ibi
2776 3124 3098 3194 praeteriens
3137 3124 3420 3180 lucernam
3482 3138 3575 3176 ar-

294 3210 486 3280 quitur
527 3209 690 3276 Deus,
725 3219 778 3266 et
812 3212 1103 3267 credentes
1159 3212 1487 3285 simpliciter
1524 3216 1707 3272 salvos
1739 3217 1878 3282 fieri,

294 3301 518 3374 Deoque
545 3304 849 3360 concedere
876 3304 1191 3361 donationis
1222 3322 1334 3361 suae
1357 3316 1561 3363 certam
1588 3309 1700 3382 (10)
1720 3316 1773 3365 ct
1793 3324 1882 3365 ve-

292 3409 413 3449 ram
450 3395 758 3458 scientiam,
793 3397 846 3450 in
896 3412 1002 3468 qua
1060 3398 1405 3465 potissimum
1444 3410 1598 3470 parte
1630 3400 1883 3455 homines

292 3488 608 3543 condiderit
626 3488 692 3541 ad
723 3488 1015 3561 imaginem
1048 3496 1102 3544 et
1130 3489 1553 3546 similitudinem
1579 3506 1757 3547 suam.
1777 3490 1879 3558 Qui

294 3581 411 3634 haec
443 3581 836 3651 relinquentes,
876 3581 1064 3636 multis
1098 3596 1158 3636 se
1187 3581 1590 3651 quaestionibus
1631 3584 1885 3655 implica-

278 3679 448 3736 runt,
479 3680 532 3726 et
577 3686 673 3741 per
703 3672 801 3727 has
834 3672 887 3727 in
921 3688 1139 3727 caenum
1180 3674 1419 3729 demersi
1460 3682 1590 3729 sunt
1628 3683 1883 3745 peccato-

295 3778 440 3817 rum.
470 3762 582 3818 Nos
611 3772 814 3825 autem.
835 3765 1210 3830 dilectissime,
1239 3767 1518 3821 credimus
1537 3767 1641 3830 his,
1666 3769 1882 3839 quatio-

293 3864 460 3911 cutus
492 3867 575 3911 est
608 3856 892 3920 Dominus,
928 3866 981 3912 et
1009 3858 1236 3926 scimus,
1272 3858 1419 3930 quod
1452 3860 1507 3915 in
1536 3861 1750 3917 cunctis
1785 3862 1886 3915 hoc

294 3944 540 4001 minibus
576 3947 753 4018 imago
782 3947 875 4003 Dei
909 3960 1248 4019 permaneat,
1279 3950 1495 4022 ipsique
1529 3952 1884 4008 concedimus

295 4053 484 4103 nosse,
510 4040 563 4093 in
599 4055 704 4110 qua
726 4049 881 4110 parte
905 4041 1068 4095 homo
1090 4042 1155 4097 ad
1189 4042 1479 4113 imaginem
1502 4042 1593 4098 Dei
1627 4043 1885 4100 conditus

295 4131 388 4187 sit.
415 4129 521 4185 Sed
547 4147 724 4202 neque
743 4133 1058 4203 illud,quod
1076 4134 1299 4203 quidam
1322 4135 1377 4188 in
1404 4136 1633 4205 epistola
1658 4134 1886 4189 Joannis

296 4219 541 4291 legentes
597 4237 705 4276 non
743 4222 1081 4293 intelligunt,
1134 4239 1465 4294 quemquam
1505 4224 1763 4295 decipiat,
1794 4225 1886 4278 ubi

298 4312 575 4381 loquitur:
605 4313 764 4368 Nunc
818 4314 920 4385 ﬁlii
970 4316 1064 4369 Dei
1108 4332 1291 4369 sumus
1333 4325 1383 4369 et
1422 4316 1682 4370 nescimus
1705 4316 1886 4387 quales

296 4406 469 4475 futuri
496 4422 677 4461 sumus
708 4406 840 4479 (11).
872 4407 1130 4462 Nouimus
1159 4417 1354 4473 autent,
1382 4410 1506 4479 quia
1538 4426 1656 4462 cum
1680 4408 1770 4463 ille
1801 4425 1884 4462 re-

1988 3216 2240 3280 dentem,
2298 3227 2351 3273 et
2391 3218 2855 3288 interrogassem,
2903 3219 3029 3289 quis
3081 3217 3234 3273 locus
3289 3224 3458 3279 esset,
3495 3216 3575 3272 dio

1985 3308 2352 3378 dicissemquc
2392 3325 2516 3365 esse
2565 3309 2879 3376 ecclesiam,
2936 3316 2991 3364 et
3020 3309 3313 3364 intrassem
3350 3314 3408 3362 ut
3447 3322 3576 3362 ora—

1983 3416 2098 3457 rem
2132 3419 2147 3456 :
2182 3401 2363 3457 inveni
2393 3401 2465 3457 ibi
2496 3402 2675 3456 velum
2706 3400 2953 3472 pendens
2984 3400 3039 3454 in
3084 3399 3297 3456 foribus
3330 3398 3578 3468 ejusdem

1983 3494 2230 3549 ecclesia:
2258 3494 2489 3550 tinctum
2532 3503 2697 3566 atque
2745 3493 3047 3565 depictum,
3097 3498 3151 3547 ct
3200 3490 3409 3546 habens
3443 3490 3582 3545 ima-

1982 3587 2166 3658 ginem
2217 3587 2378 3658 quasi
2434 3586 2666 3653 Christi,
2726 3587 2810 3641 vel
2866 3584 3044 3642 sancti
3097 3583 3435 3654 cujusdam;
3468 3598 3579 3638 non

1983 3679 2131 3735 enim
2164 3681 2307 3734 satis
2341 3679 2588 3744 memini,
2620 3677 2779 3749 cujus
2829 3677 3011 3747 imago
3043 3674 3231 3730 fuerit.
3277 3674 3411 3728 Cum
3450 3689 3580 3743 ergo

1986 3771 2270 3834 vidissem,
2306 3780 2360 3827 et
2388 3772 2694 3827 detestatus
2726 3784 2907 3825 essem
2934 3769 3046 3839 (15)
3067 3768 3123 3822 in
3158 3766 3390 3822 ecclesia
3419 3765 3581 3820 Chri-

1986 3864 2054 3917 sti
2090 3870 2283 3918 contra
2306 3863 2692 3917 auctoritatem
2724 3862 3138 3931 Scripturarum
3174 3858 3414 3913 hominis
3440 3873 3579 3927 pen-

1985 3953 2116 4009 dere
2142 3954 2457 4024 imaginem,
2486 3954 2624 4009 scidi
2654 3952 2811 4017 illud,
2836 3962 2892 4006 et
2923 3951 3098 4020 magis
3129 3950 3254 4004 dedi
3281 3948 3577 4004 consilium

1990 4044 2318 4100 custodibus
2351 4046 2596 4115 ejusdem
2616 4045 2747 4107 loci,
2786 4054 2844 4097 ut
2874 4057 3169 4113 pauperem
3202 4049 3478 4094 mortuum
3515 4055 3581 4094 eo

1987 4136 2344 4190 obvolverent
2368 4143 2420 4191 et
2452 4136 2709 4192 ell‘errent
2742 4153 2754 4190 :
2792 4134 2987 4205 Illique
3028 4143 3213 4188 contra
3244 4148 3582 4185 murmuran-

1991 4236 2071 4281 tes
2108 4226 2354 4281 dixerunt
2386 4242 2404 4280 :
2437 4226 2499 4283 Si
2542 4227 2777 4281 scindere
2822 4226 3083 4289 voluerat,
3106 4223 3316 4293 justum
3353 4231 3490 4285 erat,
3522 4230 3582 4274 ut

1988 4319 2137 4374 aliud
2171 4318 2321 4374 daret
2350 4319 2518 4375 velum
2547 4330 2702 4390 atque
2763 4326 3012 4372 nautaret.
3046 4315 3201 4383 Quod
3234 4330 3357 4370 cum
3392 4312 3578 4368 audis-

1989 4428 2125 4473 sem,
2166 4428 2253 4468 me
2283 4413 2540 4467 daturum
2571 4427 2695 4468 esse
2725 4411 3005 4482 pollicitus
3032 4425 3177 4474 sum,
3210 4418 3263 4463 et
3287 4407 3432 4461 illico
3457 4420 3581 4459 esse

296 4497 503 4550 celatus
556 4498 738 4567 fuerit,
773 4501 974 4553 similes
1021 4500 1068 4553 ei
1111 4500 1331 4555 erimus.
1386 4500 1684 4555 Videbimus
1748 4500 1882 4554 enim

1998 4506 2320 4561 missurum.
2350 4504 2639 4560 Paululum
2667 4514 2848 4561 autem
2868 4518 3149 4558 morarum
3175 4501 3279 4555 fuit
3300 4501 3355 4554 in
3374 4497 3579 4561 medio,

293 4603 416 4644 eum
437 4590 594 4644 siculi
624 4600 700 4644 est
730 4590 770 4645 ⁸.
807 4590 919 4646 Hoc
942 4593 1086 4647 enim
1118 4600 1339 4662 propter
1366 4593 1594 4664 gloriam
1617 4632 1631 4658 ,
1660 4608 1781 4663 qua:
1813 4592 1886 4647 ibi

399 4827 417 4858 ¹
455 4824 572 4879 Jac.
609 4840 690 4887 In,
718 4823 773 4888 8,
809 4823 863 4877 9.

295 4916 350 4961 χ,
388 4895 559 4963 9,10.

976 4824 997 4854 ²
1038 4823 1056 4876 1
1091 4825 1217 4878 Cor.
1276 4837 1352 4887 XI,
1392 4823 1443 4875 7.

297 5104 495 5158 cobnm
531 5101 750 5155 fratrem
801 5099 1015 5155 Domini
1050 5100 1338 5171 plusquam
1385 5099 1537 5154 mille
1575 5108 1630 5154 et
1660 5106 1880 5154 centum

297 5190 473 5228 annos
511 5171 908 5226 intercessisse.

373 5244 449 5312 t9)
478 5241 709 5297 Deerant
733 5240 847 5295 haec
877 5242 929 5293 in
955 5241 1076 5294 aliis
1108 5240 1267 5312 editis
1292 5255 1354 5293 ac
1370 5256 1503 5295 mss.
1533 5239 1720 5300 verba,
1744 5253 1879 5312 qua:

300 5310 444 5367 inter
481 5321 768 5380 utramque
822 5325 1009 5364 vocem
1078 5311 1378 5380 imaginem,
1419 5326 1541 5379 qua:
1585 5310 1875 5378 repetitur,

303 5383 466 5437 modo
497 5390 645 5445 sunt,
682 5397 854 5450 eaque
896 5389 1081 5449 utpote
1128 5382 1459 5443 necessaria,
1490 5389 1543 5434 et
1577 5395 1698 5447 qum
1733 5390 1875 5433 vete-

299 5469 422 5508 rum
486 5453 836 5507 librariorum
900 5452 1193 5505 oscitantia
1234 5451 1391 5502 facile
1441 5451 1764 5511 exciderint,
1812 5465 1874 5503 ex

300 5523 668 5578 Ambrosiauo
708 5521 1005 5592 exemplari
1046 5520 1443 5592 supplevimus.

375 5594 488 5661 {10)
519 5592 685 5662 Turpi
715 5590 901 5647 errore
940 5593 993 5668 in
1037 5592 1319 5668 hucusque
1350 5590 1527 5668 editis
1559 5594 1677 5642 erat
1712 5597 1875 5668 certa-

302 5682 443 5728 men,
472 5660 577 5733 pro
607 5660 805 5717 certam
850 5672 900 5717 et
944 5663 1158 5717 duabus
1203 5660 1439 5723 vnculis,
1493 5668 1552 5712 ut
1589 5660 1882 5727 castigavi-

301 5750 429 5792 nlUS
459 5751 488 5787 e
514 5750 646 5789 InSS.

375 5806 488 5878 (11)
525 5807 699 5861 Antea
754 5811 870 5861 erat
911 5818 1038 5859 cum
1076 5800 1302 5873 Vulgata
1332 5797 1571 5870 quidem,
1609 5807 1661 5853 et
1698 5796 1886 5851 Graeco

1556 4821 1576 4851 ³
1618 4820 1635 4874 1
1669 4819 1828 4875 Joan.
1875 4838 1959 4886 Ill,
1989 4822 2045 4876 2.

1997 4596 2127 4652 dum
2152 4611 2339 4667 quaero
2380 4597 2646 4667 Optimum
2695 4595 2875 4649 velum
2917 4608 3015 4663 pro
3043 4607 3107 4647 co
3149 4591 3400 4655 mittere;
3434 4586 3580 4639 arbi-

2160 4826 2178 4853 ⁶
2221 4824 2260 4878 ll
2302 4824 2429 4878 Cor.
2471 4838 2555 4885 ιιι,
2589 4820 2675 4874 18.
2776 4819 2798 4850 ⁵
2839 4816 3027 4871 Matth.
3073 4832 3125 4879 v,
3172 4816 3227 4870 8.
3335 4814 3357 4844 ⁸
3396 4813 3411 4866 l
3449 4810 3577 4865 Cur.

1990 5106 2165 5160 textu,
2206 5107 2253 5147 et
2297 5089 2527 5163 nondum
2579 5094 2807 5163 gpparet-
2848 5081 2986 5154 quod
3024 5082 3241 5163 erimus.
3294 5076 3397 5132 Sed
3424 5091 3578 5163 mss;

1990 5153 2343 5220 Ambrosiau.
2379 5159 2552 5232 Vatic.
2579 5153 2968 5232 CiStercicnse,
2998 5153 3200 5232 aliique
3238 5163 3363 5232 eum
3400 5153 3572 5232 veteri

1990 5216 2252 5293 editione,
2296 5240 2355 5284 ut
2388 5230 2660 5303 edidimus
2685 5244 2701 5303 ξ
2730 5226 2931 5303 stepius
2956 5216 3137 5303 autem
3168 5221 3319 5303 locis
3351 5233 3403 5303 eg
3424 5216 3581 5303 Suri:

1988 5315 2147 5376 plura
2182 5289 2364 5376 petitis
2403 5301 2575 5376 utitur
2606 5289 2943 5376 l'lpipha'nius
2976 5295 3027 5376 in
3052 5294 3156 5376 hac
3183 5289 3580 5376 epistolarggqui

1988 5365 2110 5430 cum
2176 5365 2456 5429 hodiernis
2515 5365 2920 5437 exemplaribus
2976 5365 3115 5417 haud
3179 5365 3316 5416 satis
3374 5370 3580 5411 conve-

1989 5452 2173 5582 ml'llé.)
2234 5510 2445 5565 Vitiose
2516 5501 3218 5582 Marti_au:eqs_cum-aliis
3254 5492 3582 5582 quibusdam

1990 5562 2179 5647 edit-is],
2224 5562 2489 5635 Pisidia
2546 5578 2683 5649 quod
2719 5576 2931 5637 audivi;
2976 5573 3081 5627 nisi
3119 5562 3580 5633 forte'legenduut‘

1994 5658 2083 5710 hic
2120 5664 2226 5710 est,
2260 5653 2547 5705 Prwlerea.
3218 5708 3226 5718 .

2069 5704 2383 5793 liSj'Vcrba
2408 5732 2455 5775 et
2476 5720 2766 5793 detestatus
2789 5730 2975 5793 essem,
2999 5725 3118 5781 qua:
3150 5708 3301 5779 prius
3332 5704 3582 5772 dcet-aut,

1993 5810 2056 5851 ex
2077 5786 2284 5864 ‘pr'obac
2314 5804 2454 5849 uotae
2484 5806 2617 5846 mss.
2655 5786 2986 5843 sullecimus.
