4034 6216
456 297 557 355 591
800 261 815 273 ⁷
1180 318 1183 321 η
1865 279 1925 337 s.
1966 278 2048 336 nr

2154 275 2311 334 IAN“
2403 294 2421 320 ι
2719 280 2731 289 ⁸
3607 261 3719 321 $99.

461 407 649 462 trahar
670 398 813 459 enim
844 399 914 459 de
942 399 1120 473 Cypro
1150 395 1284 453 mihi
1323 411 1447 454 esse
1489 394 1840 451 mittendum.
1884 393 2038 448 Nunc
2066 399 2112 456 Α
2140 407 2263 463 quze
2312 388 2537 461 indigna
2574 394 2677 445 est
2730 385 2978 444 Ecclesia
3013 385 3243 465 Christi,
3287 390 3342 441 et
3377 381 3601 455 populis
3630 381 3730 451 (pii

461 505 645 550 autem
683 493 808 549 misi
848 492 993 564 quod
1035 490 1187 561 potui
1230 489 1491 561 reperire,
1522 495 1581 543 et
1623 502 1824 557 precor
1860 495 1920 541 ut
1941 486 2036 556 ju-
2141 482 2238 538 tibi
2263 482 2460 537 crediti
2482 491 2613 538 sunt
2645 481 2781 552 (l5).
2812 480 3117 535 Palladium
3148 493 3277 534 vere
3320 475 3594 542 Galatam,
3627 474 3726 546 qui

460 585 593 640 beas
626 583 945 655 presbytero
973 580 1086 653 (14)
1116 579 1359 650 ejusdem
1393 578 1497 633 loci
1531 576 1815 647 suscipere
1858 577 2035 631 velum
2130 573 2414 644 quondam
2449 573 2611 629 nobis
2667 573 2872 629 charus
2903 571 3027 634 fuit,
3072 578 3127 626 et
3152 584 3303 625 nunc
3340 567 3727 624 misericordia

460 686 494 725 a
518 668 681 741 264.
714 669 935 733 lectore,
968 668 1114 739 quod
1144 682 1176 722 a
1216 667 1375 721 nobis
1407 665 1638 721 missum
1671 671 1775 731 est,
1803 673 1858 720 et
1885 664 2038 721 dein-
2138 663 2233 719 Dei
2276 664 2504 735 indiget,
2539 677 2695 731 cave,
2723 663 2854 734 quia
2891 660 3146 734 Origenis
3174 661 3428 717 haeresim
3461 657 3730 728 praedicat

459 775 588 830 eeps
624 759 940 829 pmcipere,
968 757 1025 811 in
1051 756 1285 812 ecclesia
1319 754 1525 811 Christi
1558 753 1871 810 istiusmodi
1892 755 2034 822 vela,
2136 762 2192 811 et
2215 756 2394 823 docet,
2426 771 2497 813 ne
2539 753 2681 811 forte
2718 754 2933 825 aliquos
2957 754 3025 811 de
3046 752 3249 825 populo
3280 752 3378 807 tibi
3414 750 3628 806 credito
3658 749 3724 802 ad

459 866 581 922 quae
620 856 811 905 contra
870 848 1189 919 religionem
1230 853 1476 901 nostram
1526 845 1777 911 veniunt,
1802 861 1914 902 non
1944 860 2040 917 ap-

460 942 641 1011 pemli.
679 940 843 996 Decet
873 940 1019 995 enim
1079 938 1420 993 honestatem
1474 944 1624 992 tuam
1672 937 1818 993 hanc
1862 938 2037 1010 magis

461 1033 663 1090 habere
725 1030 1179 1097 sollicitudinem,
1226 1040 1287 1087 ut
1330 1028 1812 1101 scrupulositatem
1859 1030 2037 1097 tollat,

533 1193 647 1265 (14)
669 1192 886 1265 Vulgati
910 1191 1143 1265 plurium
1165 1206 1412 1265 numero,
1443 1190 1792 1265 presbyteros,
1820 1198 1875 1246 et
1903 1203 2034 1265 mox

460 1281 495 1318 α
527 1260 691 1318 latore
711 1260 811 1335 pro
839 1260 1046 1335 lectore.
1089 1261 1430 1335 Probabilior
1446 1260 1615 1318 nobis
1642 1269 1697 1316 et
1721 1260 2034 1330 germanior

462 1335 582 1389 visa
617 1332 873 1389 est—mss.
904 1332 1155 1387 codicum
1191 1332 1372 1386 lectio.

533 1403 644 1473 (l5)
668 1403 842 1457 Vatic.
886 1403 973 1457 cui
1005 1408 1171 1473 vetus
1188 1400 1354 1456 editio
1381 1399 1646 1464 concinit,
1677 1408 1735 1473 ut
1756 1398 2035 1473 scrupulo-

460 1467 636 1541 sitate'
674 1481 897 1533 remota,
962 1488 1077 1541 qua:
1117 1471 1276 1541 digna
1306 1481 1383 1525 est
1432 1472 1559 1541 (leg.
1595 1469 1761 1541 sunt)
1799 1467 2036 1523 Ecclesia

458 1539 680 1612 Christi,
710 1552 757 1595 et
800 1539 1020 1612 populis,
1057 1542 1147 1610 qui
1176 1539 1283 1612 tibi
1322 1539 1691 1612 crediti'sunt,
1722 1539 2037 1612 'intumemr

458 1610 590 1682 (leg.
624 1607 914 1682 intueatur)
971 1607 1078 1666 aut'
1111 1610 1243 1682 quid
1288 1611 1485 1666 simile.
1523 1607 1874 1665 Ambrosian.
1906 1622 2038 1663 vero

2140 845 2564 917 perversitatem
2588 846 2676 902 sui
2710 845 2939 903 inducat
2966 845 3197 902 erroris.
3230 842 3373 916 Opto
3405 849 3467 897 ut
3493 840 3728 896 valeatis

2142 938 2200 993 in
2219 936 2450 995 Domino
2476 938 2524 1010 (1
2534 936 2612 1009 6).

2141 1190 2474 1256 rectissime,
2506 1189 2695 1245 habere
2716 1187 3128 1244 sollicitudinem
3168 1196 3219 1241 et
3260 1187 3729 1256 scrupulositatcm

2140 1275 2258 1329 qua:
2286 1255 2549 1331 dignaest
2594 1259 2835 1331 Ecclesia
2864 1257 3086 1331 Christi,
3127 1266 3180 1331 et
3210 1258 3438 1326 populis,
3461 1266 3574 1331 etc.
3617 1255 3724 1331 Sed

2140 1327 2197 1384 in
2228 1327 2381 1385 tanta
2420 1330 2814 1401 exemplarium
2872 1330 3136 1401 varietate
3168 1327 3496 1398 impressam
3530 1327 3724 1383 lectio-

2141 1416 2264 1455 nem
2297 1399 2597 1455 immutare‘
2621 1415 2730 1455 non
2759 1399 3010 1470 placuit.
3085 1467 3095 1470 _
3288 1451 3307 1457 c

2213 1470 2327 1540 (l6)
2363 1466 2774 1526 Salutationem
2792 1469 2936 1523 hanc
2966 1467 3212 1540 plerique
3238 1482 3370 1540 mss.
3391 1473 3567 1540 atque
3592 1466 3727 1521 editi

2139 1537 2470 1662 vetus‘tiores
2504 1540 2629 1595 libri
2651 1554 2761 1595 non
2792 1537 3014 1594 habent.
3045 1538 3149 1594 Alii
3181 1539 3357 1592 valeas
3389 1537 3614 1604 habent,
3629 1551 3729 1607 pro

2146 1626 2207 1662 ua
2231 1626 2293 1662 ea
2320 1627 2385 1662 18.

2146 1611 2385 1665 ualeatis.

982 1971 1100 2085 s.
1188 1969 1929 2088 EPIPHANII
2026 1968 2678 2119 EPISCOPI
2759 1972 3193 2089 CYPRI

1114 2219 1699 2312 EPISTOLA
1769 2220 1920 2311 AD
1971 2221 2067 2312 S.
2148 2222 3034 2319 HIEBONYMUM.

467 2527 721 2597 Nuntiat,
756 2526 1180 2607 Origenistarum
1214 2523 1502 2607 [actionem
1531 2538 1689 2592 opera
1723 2521 1999 2607 Theophili
2028 2526 2137 2607 (η)
2171 2529 2483 2607 damnatam
2508 2512 2710 2607 {atque
2738 2537 3008 2607 exemplar
3035 2539 3188 2607 epist.
3220 2542 3485 2607 synodica
3513 2545 3585 2600 ad
3610 2563 3734 2603 eum

848 2594 1083 2664 mittens,
1115 2597 1384 2659 hortatur,
1412 2603 1471 2647 ut
1502 2610 1633 2664 quos
1663 2594 1917 2651 adtersus
1949 2594 2067 2653 eam
2094 2594 2334 2657 Iiwresim
2361 2594 2659 2673 scripsisset
2690 2594 2954 2672 libras,'in
2984 2594 3166 2679 vulgus
3190 2594 3332 2666 edat.

466 2729 697 2812 Dominp
723 2728 1103 2812 amantissimo
1132 2726 1243 2810 lilio
1274 2740 1340 2809 ac
1369 2724 1529 2812 fratri
1556 2724 1890 2812 llierpnymo
1923 2744 2042 2801 pre-
2074 2736 2118 2792 Β
2147 2722 2363 2789 Amalec
2382 2738 2425 2793 ¹.
2510 2737 2577 2792 Ει
2623 2755 2690 2796 ne
2733 2740 2920 2796 videar
2947 2743 3136 2800 eadem
3179 2760 3375 2801 rursus
3411 2746 3634 2812 iterare,
3670 2758 3731 2806 et

630 2803 873 2873 sbytero,
906 2797 1248 2871 Epiphanius
1273 2796 1331 2851 in
1368 2794 1599 2851 Domino
1620 2794 1877 2853 salutem.

535 2913 698 2986 265
749 2932 769 2967 ι
808 2910 1097 2969 Generalis
1135 2909 1365 2982 epistola
1415 2907 1528 2981 (l8)
1590 2924 1712 2979 qua:
1749 2909 1818 2965 ad
1858 2924 2052 2967 omnes

465 3007 776 3062 catholicos
809 3003 1016 3075 scripta
1049 3011 1155 3067 est,
1189 3002 1254 3057 ad
1290 3008 1344 3056 te
1379 3000 1599 3072 proprie
1646 3003 1918 3072 pertinet,
1956 3002 2052 3073 qui

466 3096 645 3152 zelum
674 3093 800 3150 ﬁdei
835 3094 1099 3150 adversus
1132 3097 1364 3146 cunctas
1395 3088 1633 3144 haereses
1666 3086 1901 3153 habens,
1937 3087 2055 3144 Ori-

466 3186 624 3257 genis
660 3185 915 3256 proprie,
965 3190 1022 3239 et
1072 3180 1398 3252 Apollinarii
1443 3178 1732 3250 discipulis
1796 3179 2055 3236 adversa-

466 3276 547 3332 ris
581 3275 694 3345 (19)
726 3291 741 3328 :
794 3287 1024 3345 quorum
1055 3278 1354 3328 venenatas
1384 3270 1637 3338 radices,
1675 3278 1731 3326 et
1772 3270 1830 3325 in
1881 3271 2052 3325 altum

464 3360 703 3418 deﬁxam
748 3362 1083 3432 impietatem
1114 3360 1466 3430 omnipotens
1509 3357 1654 3415 Deus
1690 3360 1962 3431 protraxit
1996 3360 2052 3416 in

471 3453 740 3517 medium,
778 3463 837 3508 ut
875 3455 932 3509 in
983 3450 1316 3509 Alexandria
1348 3451 1600 3531 proditae,
1637 3450 1697 3507 in
1748 3459 1867 3508 toto
1920 3452 2055 3508 orbe

464 3549 810 3600 arescerent.
864 3542 1015 3600 Scito
1062 3542 1248 3608 enim,
1299 3542 1377 3597 illi
1433 3542 1796 3610 charissime,
1832 3544 2055 3599 Amalec

468 3647 649 3703 usque
681 3631 751 3687 ad
780 3632 1006 3705 stirpem
1041 3647 1166 3689 esse
1190 3632 1449 3699 deletum,
1473 3640 1530 3689 et
1557 3635 1611 3689 in
1642 3643 1825 3691 monte
1855 3634 2056 3706 Raphi-

470 3723 586 3778 dim
661 3731 909 3780 erectum
959 3732 1222 3795 tropaeum
1276 3724 1479 3781 crucis.
1528 3725 1737 3781 Etenim
1778 3727 2054 3796 quomodo

470 3813 741 3884 porrectis
774 3814 829 3867 in
865 3815 1037 3869 altum
1070 3813 1242 3886 Moysi
1264 3816 1521 3873 manibus
1545 3817 1795 3873 vincebat
1824 3817 1987 3873 Israel
2010 3820 2052 3885 ί,

471 3904 554 3959 sic
593 3902 858 3959 Dominus
886 3903 1216 3959 confortavit
1268 3904 1532 3961 famulum
1585 3923 1744 3963 suum
1774 3908 2054 3980 Theophi-

472 3997 609 4060 lum,
665 4004 725 4052 ιιι
749 4012 916 4068 super
950 3997 1122 4053 altare
1159 3996 1421 4053 Ecclesiae
1454 3998 1829 4055 Alexandrina:
1860 4009 2051 4055 contra

2153 2826 2504 2894 prolixiorem
2560 2830 2860 2901 Epistulam
2903 2844 3118 2900 texere,
3166 2837 3285 2909 ipsa
3318 2838 3389 2893 ad
3438 2855 3538 2895 vos
3586 2842 3735 2896 scri-

2152 2924 2243 2986 pta
2273 2917 2387 2991 (20)
2420 2920 2616 2987 direxi,
2662 2932 2721 2978 ut
2755 2926 2898 2981 scire
2941 2929 3188 2997 possitis,
3237 2947 3361 3000 quae
3398 2933 3556 2989 nobis
3591 2934 3721 2990 scri-

2153 3009 2325 3078 pserit
2351 3028 2365 3074 ;
2390 3020 2444 3066 et
2475 3027 2738 3083 quantum
2778 3016 2903 3072 boni
2932 3019 3137 3075 ultimae
3165 3025 3311 3077 aetati
3341 3040 3475 3081 mere
3503 3041 3737 3083 conces-

2154 3100 2288 3155 serit
2323 3099 2607 3170 Dominus,
2655 3115 2714 3160 ut
2756 3109 2901 3178 quod
2962 3125 3181 3182 semper
3232 3114 3562 3180 clamabam.
3593 3120 3734 3173 tanti

2154 3192 2430 3260 poutilleis
2468 3197 2786 3255 testimonio
2819 3202 3163 3271 probaretur.
3207 3202 3328 3260 Jam
3368 3215 3551 3264 autem
3596 3216 3735 3280 puto

2152 3289 2208 3337 et
2238 3290 2293 3339 te
2324 3285 2530 3356 aliquid
2571 3291 2756 3359 operis
2786 3290 3048 3360 edidisse,
3077 3301 3134 3350 et
3156 3294 3312 3365 juxta
3349 3299 3587 3367 priorem
3617 3302 3737 3370 epi-

2155 3374 2353 3430 stolam
2399 3375 2535 3449 (21),
2568 3394 2675 3449 qua
2710 3389 2764 3436 te
2814 3396 2984 3453 super
3025 3382 3131 3440 hac
3169 3400 3228 3441 re
3276 3384 3486 3442 fueram
3539 3387 3737 3443 cohor-

2156 3470 2324 3529 tatus,
2356 3466 2617 3525 climasse
2649 3470 2871 3537 librum,
2903 3488 3067 3544 quem
3104 3482 3211 3531 tuae
3250 3476 3450 3549 linguae
3478 3477 3735 3534 homines

2156 3555 2369 3628 legant.
2399 3559 2576 3614 Audio
2618 3562 2763 3617 enim
2795 3572 2848 3618 et
2878 3565 2947 3620 ad
2986 3563 3335 3623 Occidentem
3366 3572 3734 3640 quorumdam

2154 3648 2437 3705 hominum
2481 3651 2764 3724 naufragia
2809 3657 3155 3726 pervenisse;
3200 3660 3296 3730 qui
3326 3676 3434 3716 non
3486 3663 3735 3718 contenti

2154 3740 2462 3808 perditione
2487 3739 2609 3811 sua,
2639 3745 2833 3800 volunt
2860 3747 3044 3817 plures
3082 3749 3277 3805 mortis
3317 3749 3516 3810 habere
3558 3754 3733 3822 parti-

2156 3826 2341 3895 cipes;
2376 3830 2531 3899 quasi
2566 3832 2851 3888 multitudo
2883 3838 3227 3905 peccantium
3267 3840 3453 3896 scelus
3480 3841 3730 3909 minuat;

2155 3924 2210 4005 et
2268 3933 2380 3974 non
2435 3925 2830 3980 numerositate
2880 3927 3190 3999 lignorum,
3252 3931 3430 4002 major
3467 3934 3732 4005 gehenna:

2157 4003 2377 4062 ﬂamma
2400 4020 2738 4066 succrescat.
2762 4012 2998 4073 Sanctos
3028 4017 3249 4084 fratres,
3281 4021 3372 4092 qui
3399 4003 3578 4077 tecum
3601 4034 3733 4079 sunt

469 4087 759 4160 Origenem
808 4089 1066 4145 vexillum
1119 4098 1379 4162 poneret;
1424 4097 1480 4146 et
1529 4091 1849 4161 impleretur
1888 4094 1943 4147 in
1982 4107 2050 4147 eo
2077 4066 2122 4126 c
2157 4095 2212 4150 in
2238 4100 2572 4156 monasterio
2593 4101 2821 4157 Domino
2838 4108 3162 4175 servientes,
3187 4066 3249 4166 et,
3269 4066 3447 4166 hiscum
3472 4120 3525 4166 et
3553 4128 3648 4183 per
3678 4122 3732 4168 te

468 4181 618 4250 quod
648 4178 889 4236 dicitur:
932 4181 1117 4237 Scribe
1147 4182 1355 4253 signum
1396 4181 1513 4246 hoc,
1548 4182 1673 4250 quia
1711 4180 1889 4235 delebo
1927 4182 2051 4251 fun-

470 4271 616 4327 ditus
665 4270 919 4344 Origenis
972 4274 1224 4330 haeresim
1278 4290 1309 4329 a
1364 4274 1520 4343 facie,
1552 4280 1714 4330 terra:
1759 4288 1883 4328 cum
1926 4275 2049 4344 ipso

544 4451 565 4485 ³
606 4449 779 4506 Exod.
804 4465 937 4517 xvu,
974 4449 1061 4504 ll.
1138 4450 1159 4481 ²
1198 4449 1330 4504 ibid.
1359 4451 1446 4506 11.

2155 4190 2456 4260 plurimum
2483 4195 2807 4255 salutamus.
2848 4217 2866 4250 ι

545 4622 671 4707 (1⁵1)Δ
704 4624 1003 4707 szhepist.
1039 4624 1446 4707 T_he0phi|i__ad
1469 4625 1852 4707 nlipiphanium
1875 4667 1892 4694 ,
1937 4642 2061 4699 quae
2158 4637 2213 4686 et
2240 4647 2366 4707 mox
2399 4637 2727 4707 omnipotens
2749 4642 3016 4707 protraxit
3043 4643 3098 4696 in
3120 4644 3372 4699 medium.

471 4693 759 4767 estinter
777 4693 1231 4767 Hieronymiana's
1253 4698 1445 4752 ordine
1467 4693 1554 4752 90—.

548 4766 683 4889 (ίὸὶ
701 4764 997 4835 Theophili
1024 4765 1283 4836 synodica
1309 4768 1566 4837 epistola,
1595 4781 1757 4836 quam
1785 4765 2058 4842 Hierony-

548 4850 599 4889 ‘lS
687 4837 835 4889 atine
893 4837 1206 4889 exnlicavit.
1240 4851 1340 4889 nos
1391 4853 1458 4889 ex
1518 4839 1890 4889 Ambrosiano
1947 4855 2054 4889 ms.

479 4850 599 4907 mus
643 4837 835 4907 Latine
893 4837 1206 4907 explicavit,
1240 4851 1340 4893 nos
1391 4853 1459 4892 ex
1518 4839 1890 4895 Ambrosiano
1947 4837 2054 4896 ms.

477 4906 872 4961 sulmectimus.
965 4906 977 4907 ί
1249 4923 1258 4932 ·

546 4974 659 5046 (19)
699 4974 1040 5032 Concinnius
1072 4975 1360 5033 Mediolan.
1391 4977 1679 5051 discipulos
1720 4978 2057 5045 aduersaris,

2169 4771 2181 4784 _
2230 4701 2346 4772 (Ξο)
2384 4705 2559 4787 Antea
2585 4716 2704 4787 erat
2732 4701 2866 4765 satis
2914 4712 3159 4787 obscure
3187 4724 3350 4784 atque
3395 4714 3729 4787 ineleganter

2161 4775 2333 4854 ipsum
2357 4775 2850 4854 adposnscriptam,
2885 4788 2943 4835 ut
2976 4782 3041 4837 ad
3081 4775 3359 4853 epistol-am
3400 4775 3729 4854 referretur;

2160 4845 2305 4912 quod
2336 4860 2400 4897 ex
2435 4844 2823 4905 Mediolanensi
2847 4844 3221 4910 emendaturis.
3250 4888 3251 4891 η

2233 4913 2346 4983 (21)
2386 4912 2511 4969 llam
2543 4917 2703 4974 hodie
2728 4920 2958 4990 epistola
2995 4939 3106 4978 non
3134 4925 3385 4984 habetur.
