4034 6216
280 476 389 539 393

3430 451 3535 512 SM

289 668 3518 734 WE“

975 866 1561 1031 DUBIA
1679 860 2054 1020 AUT
2143 854 2889 1019 SPURIA.

740 1300 969 1387 ΤΟΥ
1017 1300 1163 1387 ΕΝ
1214 1294 1579 1387 ΑΓΙΟΙΣ
1628 1290 2066 1383 ΠΑΤΡΟΣ
2120 1291 2448 1383 ΗΜΩΝ
2500 1283 3125 1375 ΕΠΙΦΑΝΙΟΥ

1545 1476 1982 1532 ΕΠΙΣΚΟΠΟΥ
2013 1474 2311 1529 ΚΥΠΡΟΥ

718 1670 723 1676 ι
826 1640 988 1695 ΠΕΡΙ
1021 1640 1158 1694 ΤΩΝ
1198 1635 1595 1703 ΠΡΟΦΗΤΩΝ,
1636 1635 1770 1689 ΠΩΣ
1813 1629 2319 1688 ΕΚΟΙΜΗΘΗΣΑΝ
2360 1630 2481 1682 ΚΑΙ
2516 1630 2659 1685 ΠΟΥ
2698 1627 3005 1682 ΚΕῐΝΤΑῐ.

1236 1934 1355 2045 s.
1442 1931 1567 2043 P.
1666 1848 1832 2043 Ν(
1896 1930 2628 2043 EPIPHANII

1646 2148 1957 2206 EPISCOPI
2002 2148 2227 2212 CYPBI,

896 2312 1005 2372 DE
1046 2310 1522 2385 PROPHETIS,
1568 2309 2017 2383 EORUMQUE
2061 2308 2305 2371 OBITU
2345 2307 2445 2370 A6
2489 2306 2977 2370 SEPULTURA.

1540 2472 1778 2536 Dionysio
1815 2473 2020 2525 Petavio
2044 2475 2339 2536 interprete.

351 2693 408 2749 '0
429 2695 571 2762 ,ϐίος
604 2693 711 2749 τοῦ
747 2694 951 2750 Νάθαν
982 2691 1316 2764 προφήτου,
1360 2692 1458 2748 καὶ
1490 2692 1607 2748 ποῦ
1636 2693 1845 2749 κεῖται.
1916 2705 1961 2758 Α

377 2810 457 2862 Λ’.
493 2808 679 2862 Νάθαν
719 2809 748 2860 6
780 2807 1067 2879 προφήτης
1110 2806 1325 2875 ἐγένετο
1368 2806 1425 2859 ὲν
1456 2805 1689 2877 ἡμέραις
1727 2806 1893 2861 Δαὸὶδ

305 2899 375 2953 ἐκ
412 2898 584 2968 φυλῆς
631 2896 779 2950 Θὼκ.
817 2891 983 2960 Οὗτος
1028 2895 1086 2948 δὲ
1122 2890 1191 2966 ἦν
1232 2897 1297 2949 ὲκ
1343 2894 1551 2950 Γαϐἀθο
1588 2897 1683 2951 καὶ
1731 2896 1895 2959 αὑτός

310 2994 459 3044 ἐστιν
482 2993 510 3043 6
534 2988 750 3054 διδάξας
771 2989 860 3042 τὸν
893 2988 1056 3041 Δαϐὶδ
1082 2988 1174 3041 τὸν
1204 2988 1366 3059 νόμον
1403 2988 1499 3041 τοῦ
1529 2989 1758 3061 Κυρίου.
1786 2990 1897 3044 Καὶ

308 3081 452 3150 ἔγνω
478 3080 686 3144 Νάθαν,
729 3081 811 3133 δτι
844 3081 872 3132 6
907 3078 1162 3149 βασιλεὺς
1210 3078 1375 3132 Δαϐὶδ
1406 3080 1465 3134 ὲν
1494 3082 1559 3151 τῇ
1612 3079 1898 3151 Βηρσαϐεὲ

312 3173 554 3244 παρέὅη,
590 3172 666 3242 (Ι)
695 3171 786 3225 τὸν
810 3170 1109 3224 σπεύδοντα
1136 3170 1299 3223 αὐτὸν
1328 3168 1503 3223 ὲλθεῖν
1527 3172 1591 3224 ὲκ
1614 3170 1795 3225 Γαϐὰθ
1818 3172 1899 3233 εἰς

322 3267 699 3341 Ἰερουσαλὴμ,
744 3267 841 3321 καὶ
884 3264 1125 3320 κωλῦσαι
1162 3264 1256 3318 τὸν
1281 3264 1447 3318 Δαὸὶδ
1490 3264 1599 3317 ἀπὸ
1626 3266 1724 3335 τῆς
1773 3264 1898 3317 ἀνο-

316 3363 447 3432 μίας
486 3360 711 3431 ταύτης,
749 3358 1020 3412 ἐκώλυσεν
1058 3357 1265 3428 (αὑτὸν)
1299 3358 1327 3410 6
1355 3356 1578 3428 Βελίαρ,
1625 3358 1708 3413 ὅτι
1756 3358 1899 3411 κατὰ

313 3452 433 3505 ὁδὸν
450 3445 603 3523 εὗρεν
628 3449 818 3521 νεκρὸν
843 3449 1093 3519 κείμενον
1118 3446 1347 3517 γυμνὸν,
1377 3446 1472 3501 καὶ
1496 3447 1785 3518 ἐπέμεινεν
1806 3445 1898 3501 τοῦ

317 3544 488 3614 θάψαι
513 3544 675 3597 αὐτὸν
705 3544 840 3607 ἐκεῖ,
872 3540 959 3594 ἵνα
990 3541 1066 3611 μὴ
1110 3540 1218 3594 ἀπὸ
1245 3540 1354 3593 τῶν
1390 3538 1594 3611 Θηρίων
1616 3538 1898 3609 ἀναλωθῇ,

317 3636 415 3688 καὶ
447 3636 512 3703 τῇ
549 3633 704 3687 νυκτὶ
729 3632 910 3703 ἐκείνῃ
950 3630 1112 3699 ἔγνω,
1149 3631 1232 3683 ὅτι
1269 3631 1524 3701 ἐποίησεν
1551 3632 1580 3683 6
1612 3630 1777 3683 Aa6l6
1804 3631 1903 3701 τὴν

319 3725 615 3796 ἁμαρτίαν,
648 3726 740 3777 καὶ
768 3723 1076 3794 ὑπέστρεψε
1102 3723 1315 3777 πενθῶν
1348 3724 1429 3786 εἰς
1453 3722 1657 3778 Γαϐὰθ.
1697 3724 1808 3777 Καὶ
1828 3722 1904 3787 ὼς

319 3817 530 3869 ἀνεῖλεν
556 3817 718 3870 Δαῦὶδ
753 3818 955 3889 Οὐρίαν
992 3818 1083 3870 τὸν
1115 3817 1282 3887 ἄνδρα
1339 3816 1436 3887 τῆς
1466 3815 1765 3886 Βηρσασεὲ,
1795 3817 1906 3869 ἀπο

280 3934 283 3935 ν
321 3910 604 3963 ἔστειλενὸ
627 3908 759 3972 Θεὸς
781 3910 872 3964 τὸν
897 3910 1106 3974 Νάθαν,
1136 3910 1231 3963 καὶ
1254 3907 1446 3980 ἤλεγξε
1473 3908 1565 3961 τὸν
1595 3907 1759 3961 Δαδὶδ
1780 3906 1907 3981 περὶ

320 4002 421 4072 τῆς
452 4001 724 4072 ἁμαρτίας
752 4000 942 4056 αὑτοῦ.
973 4004 1084 4057 Kal
1108 4001 1351 4072 ἐφοϐήθη
1376 4000 1539 4054 Δαόὶδ
1558 4000 1650 4053 τὸν
1678 4002 1903 4068 Κύρων,

324 4093 409 4147 ὅτι
431 4093 669 4163 ἠλέγχθη
702 4092 730 4145 ὃ
763 4093 1037 4165 ἐποίησεν.
1072 4093 1183 4147 Καὶ
1206 4093 1347 4161 ἔγνω
1367 4091 1552 4158 Δαϐιδ,
1576 4094 1658 4145 ὅτι
1679 4090 1905 4160 Πνεῦμα

325 4183 462 4238 Θεοῦ
497 4183 650 4252 ἆγιον
690 4183 782 4236 ἐπὶ
810 4183 997 4237 Νάθαν
1032 4183 1124 4235 τὸν
1161 4184 1443 4253 προφήτην
1472 4181 1641 4246 ἐστὶν,
1674 4181 1769 4232 καὶ
1803 4179 1908 4233 ἐτί-

332 4293 504 4347 μησεν
529 4276 688 4328 αὖτδν
715 4274 790 4338 ὡς
819 4276 963 4328 ὅσιον
990 4272 1146 4328 Θεοῦ.
1173 4273 1282 4327 Καὶ
1304 4272 1465 4335 αὐτὸς
1496 4272 1636 4325 πάνυ
1660 4271 1909 4343 γηράσας

326 4368 587 4432 ἀπέθανε,
624 4368 718 4419 καὶ
746 4365 921 4438 ὲτάφη
947 4366 1005 4418 ὲν
1039 4362 1243 4430 Γαϐὰθ,
1272 4367 1332 4418 ὲν
1361 4366 1428 4436 τῇ
1462 4366 1532 4436 γῇ
1576 4362 1764 4418 αὑτοῦ.

341 4483 407 4535 Ὅ
430 4482 570 4548 βίος
616 4481 723 4535 τοῦ
764 4480 965 4549 Ἀχιου
1000 4477 1331 4547 προφήτου,
1378 4477 1479 4531 καὶ
1533 4476 1651 4531 ποῦ
1699 4475 1906 4531 κεῖται.

403 4594 477 4647 B’.
524 4595 705 4664 ’Δχίας
742 4596 769 4647 6
795 4593 1117 4662 Σηλωνὶτης.
1153 4584 1320 4656 Οὗτος
1349 4588 1417 4663 ἦν
1466 4591 1573 4646 ἀπὸ
1620 4589 1819 4663 Σηλὼμ
1847 4593 1911 4644 ὲκ

335 4687 511 4759 φυλῆς
562 4687 749 4751 Ἰούδα,
788 4687 920 4739 ὅπου
961 4681 1030 4755 ἦν
1058 4688 1089 4756 ἡ
1125 4686 1299 4755 σκηνὴ
1332 4686 1430 4755 τῆς
1459 4684 1690 4737 κιϐωτοῦ
1720 4685 1781 4739 τὸ
1809 4685 1913 4738 πά-

334 4778 444 4840 λαι,
474 4778 539 4828 ἐκ
582 4775 790 4837 πόλεως
836 4773 1119 4845 Ἀρμαθὲμ
1154 4774 1272 4827 Ἠλὶ
1314 4772 1408 4826 τοῦ
1455 4772 1663 4843 ἱερέως.
1697 4768 1913 4836 Οὗτοςὸ

338 4869 622 4939 προφήτης
646 4862 797 4919 εἶπεν
819 4884 886 4919 πε
896 4866 947 4936 pl
969 4864 1218 4935 Σολομὼν
1234 4864 1328 4918 τοῦ
1348 4864 1464 4917 υἱοῦ
1493 4864 1591 4918 τοῦ
1616 4864 1801 4927 Δαὸὶδ,
1832 4866 1912 4919 ὅτι

341 4955 704 5027 προσκρούσει
748 4956 825 5026 τῷ
853 4955 993 5025 Θεῷ.
1046 4948 1215 5018 Οὗτος
1248 4955 1443 5027 ήλεγξε
1490 4957 1584 5010 καὶ
1620 4956 1712 5010 τὸν
1747 4958 1913 5029 Ἱερο-

340 5046 504 5115 ϐοὰμ,
524 5048 605 5099 ὅτι
634 5046 726 5098 ἐὰν
750 5045 1062 5118 βασιλεύσῃ,
1084 5046 1218 5115 δόλῳ
1241 5046 1497 5115 πορεύσει
1525 5046 1663 5118 μετὰ
1688 5048 1912 5118 Κύριον·

341 5136 479 5193 εἶδεν
525 5137 632 5208 γὰρ
680 5135 963 5196 ὀπτασίαν,
1000 5136 1192 5204 ζεῦγος
1239 5136 1378 5205 βοῶν
1426 5139 1774 5192 καταπατοῦν
1826 5141 1917 5194 τὸν

340 5231 489 5294 λαὸν,
520 5230 615 5283 καὶ
641 5228 781 5281 κατὰ
809 5226 917 5281 τῶν
948 5228 1135 5298 ἱερέων
1176 5229 1483 5299 ἐπιτρέχον.
1514 5231 1625 5283 Καὶ
1652 5227 1805 5286 εἶπεν
1839 5232 1918 5303 τῷ

343 5324 614 5396 Σολομὼν,
662 5323 744 5375 ὅτι
777 5322 1032 5388 γυναῖκες
1065 5319 1225 5372 αὐτὸν
1278 5321 1631 5391 ἔκστησουσιν
1681 5323 1787 5376 ἀπὸ
1824 5323 1917 5377 τοῦ

345 5417 571 5488 Κυρίου.
606 5415 716 5467 Καὶ
741 5411 820 5483 τῷ
860 5410 1139 5481 Ὶεροὸοὰμ
1163 5406 1334 5472 εἶπεν,
1361 5412 1442 5464 ὅτι
1463 5412 1562 5465 Διά
1580 5413 1689 5466 τῶν
1717 5414 1809 5467 δύο
1827 5414 1920 5468 δα-

352 5508 556 5581 μαλίων
604 5523 694 5559 σου
736 5501 1130 5575 προσκρούσεις
1168 5502 1246 5572 τῷ
1284 5502 1492 5573 Κυρίῳ,
1537 5505 1631 5557 καὶ
1674 5506 1753 5567 εἰς
1795 5507 1917 5559 δου-

2132 2688 2353 2745 Nathan
2393 2686 2659 2757 propheta:
2688 2685 2819 2751 vita,
2853 2692 2905 2738 et
2937 2684 3226 2755 sepultam:
3258 2686 3427 2743 locus.

2066 2808 2107 2863 l.
2142 2805 2353 2860 Nathan
2383 2802 2642 2873 propheta
2678 2800 2900 2858 Davidis
2924 2802 3266 2871 temporibus
3289 2802 3522 2868 exstitit,
3546 2818 3578 2857 θ

1997 2899 2144 2953 tribu
2174 2896 2347 2951 Thoc.
2377 2895 2541 2951 Ortus
2574 2906 2658 2951 est
2686 2910 2753 2951 ex
2783 2895 2986 2966 oppido
3018 2894 3264 2963 Gabath;
3303 2905 3467 2965 atque
3493 2896 3581 2951 hic

2001 2990 2091 3045 ille
2147 2998 2252 3055 est,
2306 2989 2403 3057 qui
2458 2988 2717 3042 Davidem
2778 2987 2952 3057 legem
3002 2985 3217 3042 Domini
3272 2988 3583 3057 perdocuit.

1999 3081 2174 3147 Quem
2192 3088 2246 3135 ct
2276 3081 2332 3135 in
2355 3079 2625 3135 Bersabee
2645 3092 2904 3150 peccasse
2927 3078 3216 3148 cognovit;
3242 3078 3337 3135 sed
3362 3093 3488 3133 cum
3516 3079 3585 3133 ad

2004 3173 2408 3244 prohibendum
2445 3171 2671 3229 Davidis
2700 3171 2964 3243 ﬂagitium
2995 3186 3027 3226 e
3072 3171 3282 3226 Gabath
3323 3171 3585 3227 Hieroso-

2004 3271 2148 3340 lyma
2198 3274 2556 3339 properaret,
2608 3265 2823 3321 obstitit
2871 3263 3058 3319 Belial.
3117 3262 3392 3318 Mortuum
3438 3267 3585 3322 enim

2004 3362 2211 3417 nudum
2244 3362 2302 3415 in
2347 3360 2435 3415 via
2481 3359 2756 3430 iacentem
2805 3360 3026 3428 reperit.
3068 3360 3229 3429 cujus
3282 3359 3393 3414 illic
3431 3374 3587 3428 sepe-

2006 3453 2170 3509 liendi
2193 3452 2372 3524 gratia
2405 3452 2680 3515 constitit,
2713 3467 2782 3507 ne
2805 3468 2835 3506 a
2868 3452 2999 3509 feris
3029 3451 3349 3507 laniaretur.
3382 3451 3587 3505 Eadem

2008 3558 2173 3615 porro
2199 3551 2362 3599 nocte
2387 3542 2603 3597 Nathan
2627 3543 2896 3613 comperit
2922 3542 3182 3598 Davidem
3214 3542 3422 3597 crimen
3456 3540 3589 3596 illud

2006 3644 2380 3708 perpetrasse.
2438 3633 2521 3690 Ob
2578 3635 2633 3689 id
2694 3650 2935 3691 maerens
2987 3634 3287 3690 Gabatham
3342 3634 3591 3690 revertit.

2010 3725 2377 3796 Posteaquam
2444 3740 2573 3781 vero
2638 3724 2809 3780 David
2862 3725 3050 3781 Uriam
3102 3725 3372 3781 Bersabee
3409 3726 3592 3783 virum

2010 3816 2309 3885 interfecit,
2342 3815 2550 3873 missus
2587 3832 2618 3871 a
2641 3815 2751 3871 Deo
2767 3815 2982 3872 Nathan
3011 3817 3084 3873 ob
3118 3817 3421 3875 admissum
3453 3816 3595 3875 faci-

2009 3924 2114 3964 nus
2143 3908 2296 3962 illum
2334 3908 2637 3981 redarguit.
2678 3907 2818 3963 Tum
2864 3908 3037 3964 David
3079 3910 3227 3965 hunc
3271 3910 3329 3965 in
3368 3912 3595 3970 modum

2010 4001 2317 4069 castigatus
2379 4007 2435 4054 et
2485 4001 2773 4056 convictus
2824 3999 3117 4054 Dominum
3161 4002 3377 4067 timuit;
3428 4003 3597 4059 intel-

2011 4091 2253 4160 lexitque
2286 4089 2591 4144 Nathanem
2644 4090 2855 4160 Spiritu
2897 4106 3020 4145 esse
3059 4098 3256 4145 sancto
3286 4091 3595 4161 praeditum,

2010 4190 2173 4252 atque
2199 4181 2377 4236 eidem
2419 4187 2714 4250 prapterea
2753 4186 3019 4249 tanquam
3058 4179 3155 4236 Dei
3200 4189 3396 4237 sancto
3434 4198 3601 4239 vene-

2010 4274 2280 4329 rationem
2321 4270 2591 4325 adhibuit.
2639 4269 2709 4324 At
2747 4270 3013 4342 prapheta
3054 4278 3301 4328 extrema
3340 4274 3395 4329 in
3436 4290 3599 4331 senc-

2012 4373 2162 4421 ctute
2193 4372 2465 4431 mortuus,
2494 4361 2759 4418 Gabathae
2780 4361 2836 4417 in
2871 4363 3049 4433 patria
3082 4379 3183 4419 sua
3216 4366 3469 4437 sepultus
3491 4376 3595 4423 est.

2188 4472 2369 4533 Acilia:
2399 4471 2666 4542 propheta:
2696 4472 2827 4539 vita,
2854 4482 2904 4527 et
2934 4474 3223 4544 sepultura:
3252 4476 3419 4532 locus.

2085 4584 2151 4640 ll.
2187 4585 2390 4643 Acbias
2431 4585 2704 4644 Selonites
2738 4603 2770 4644 e
2816 4586 2996 4645 Selom
3027 4592 3296 4650 oriundus
3343 4596 3412 4651 de
3452 4597 3601 4654 tribu

2014 4676 2179 4743 Juda,
2210 4678 2300 4733 ubi
2330 4679 2608 4748 quondam
2632 4693 2775 4735 arcae
2793 4681 3212 4739 tabernaculum
3239 4684 3363 4754 fuit,
3379 4704 3446 4743 cx
3478 4688 3602 4745 Ari-

2018 4770 2255 4824 mathem
2280 4768 2361 4823 Eli
2394 4771 2702 4826 sacerdotis
2732 4770 2952 4842 oppido.
2984 4770 3086 4829 llic
3116 4773 3464 4833 Salomouem
3489 4777 3598 4833 Da-

2017 4863 2161 4919 vidis
2194 4865 2363 4919 tilium
2406 4864 2577 4922 Deum
2615 4865 2953 4922 oﬂ'ensurum
2987 4882 3111 4925 esse
3137 4871 3412 4942 praedixit.
3455 4874 3599 4941 Quin

2017 4964 2074 5009 ct
2110 4952 2402 5011 Jeroboam
2451 4972 2711 5028 arguens.
2759 4958 3089 5030 signiﬁcavit
3128 4977 3275 5030 eum,
3307 4974 3599 5039 postquam

2019 5062 2193 5118 regno
2244 5048 2454 5119 potitus
2488 5057 2656 5117 esset,
2694 5049 3074 5108 fraudulenter
3102 5069 3227 5110 cum
3263 5056 3374 5115 Deo
3406 5063 3603 5118 ambu-

2020 5140 2259 5195 laturum
2287 5156 2431 5197 esse.
2460 5140 2717 5197 Oblatum
2747 5145 2894 5200 enim
2928 5147 3008 5202 illi
3038 5164 3134 5219 per
3168 5148 3346 5206 visum
3382 5162 3466 5209 est
3502 5169 3604 5225 par

2020 5230 2209 5295 boum,
2236 5231 2381 5300 quod
2422 5233 2694 5301 populum
2716 5234 3090 5304 proculcaret,
3119 5243 3174 5292 et
3203 5237 3259 5292 in
3290 5239 3604 5294 sacerdotes

2022 5321 2276 5376 irrueret.
2311 5319 2456 5375 Idem
2493 5336 2712 5392 quoque
2752 5321 3035 5381 Salomoni
3067 5327 3339 5398 praedixit,
3384 5327 3501 5384 fore
3542 5336 3604 5383 ut

2028 5412 2206 5481 ipsum
2229 5426 2258 5464 a
2285 5408 2517 5465 Domino
2541 5413 2801 5470 mulieres
2828 5416 3243 5485 abstraherent;
3274 5416 3602 5473 Jeroboamo

2024 5519 2177 5570 vero,
2234 5502 2482 5569 Duobus,
2529 5505 2732 5575 inquit,
2765 5508 2955 5566 vitulis
2988 5510 3099 5566 tuis
3140 5508 3382 5565 oﬂ'endes
3418 5508 3603 5565 Domi-

347 5598 493 5653 λειαν
524 5598 675 5649 ἔσται
706 5595 765 5647 τὸ
803 5594 958 5662 γένος
996 5610 1109 5645 σου.
1152 5592 1443 5645 Ἀπέθανεν
1487 5592 1541 5645 δὲ
1584 5593 1785 5664 Ἀχίας,
1830 5596 1908 5649 xu;

2026 5610 2182 5659 num,
2224 5610 2287 5651 ac
2314 5610 2487 5666 genus
2531 5603 2685 5653 tuum
2728 5598 2785 5654 in
2820 5601 3141 5656 servitutem
3176 5600 3417 5655 dabitur.
3454 5598 3601 5654 Mor.

350 5687 522 5756 ἐτάφη
558 5682 819 5750 σύνεγγυς
842 5681 941 5749 τῆς
962 5680 1121 5751 δρυὸς
1156 5679 1252 5747 τῆς
1281 5677 1446 5750 οὔσης
1475 5680 1689 5753 Σηλώμ,

418 5886 499 5953 (il
536 5880 598 5937 F.
631 5880 755 5937 add.
791 5880 945 5934 ἀλλὰ.

555 5979 825 6039 Parnm.
870 5977 985 6035 Gn.
1035 5972 1261 6035 XLI”.

2028 5698 2155 5745 tuus
2193 5688 2413 5744 demum
2457 5688 2661 5747 Achias
2701 5690 2769 5746 ad
2811 5707 3077 5762 quercum
3128 5691 3276 5746 illam
3319 5691 3603 5764 scpclitur.

2027 5795 2146 5852 quae
2174 5781 2230 5835 in
2268 5780 2447 5835 Sclom
2480 5781 2751 5853 hodieque
2786 5784 3143 5855 conspicitur.

3220 5978 3295 6037 13
