4034 6216
234 356 340 420 399

355 477 478 535 Vita
517 477 766 539 Ieremia:
803 478 1088 551 prophetat.
1138 487 1188 537 et
1218 480 1500 552 sepultura:
1540 482 1707 539 locus.

307 613 441 671 Vlll.
494 613 745 672 Jcremir
796 617 1074 688 prophetae
1121 616 1297 689 patria
1347 617 1450 673 fuit
1491 618 1812 675 Anatboth:

233 710 352 778 ipse
375 715 558 763 autem
582 705 829 779 Taphnis
848 707 1063 781 ὥρῃ)ιί
1088 710 1224 767 urbe
1252 725 1283 765 a
1306 711 1508 782 pepulo
1538 712 1811 783 lapidibus

229 816 532 872 oppressus
561 801 792 857 interiit.
825 799 977 858 Silus
998 815 1084 859 est
1115 804 1169 859 in
1201 818 1270 860 eo
1304 805 1449 869 loco,
1483 804 1574 859 ubi
1599 805 1812 861 Pharao

227 893 506 963 quondam
535 892 875 949 domicilium
910 895 1132 961 habuit;
1173 910 1301 951 nam
1338 895 1585 970 Egyptii
1615 898 1688 954 ob
1728 914 1815 954 ac-

226 995 445 1056 ceptum
486 986 555 1041 ab
600 985 697 1041 illo
738 985 1066 1042 beneﬁcium
1122 1003 1398 1044 summum
1445 992 1496 1045 ei
1546 990 1812 1046 honorem

225 1078 563 1135 habuerunt.
593 1079 735 1135 Cum
764 1079 913 1135 enim
942 1079 1186 1150 aspides,
1211 1088 1266 1136 et
1295 1083 1568 1153 aquatiles
1600 1085 1810 1153 bestite,

223 1187 363 1242 quas
414 1169 660 1244 Ευριῆ
705 1171 952 1241 nephoth,
1007 1171 1184 1228 Graeci
1232 1173 1543 1233 crocodilos
1589 1188 1809 1244 vocant,

223 1266 454 1321 exitium
509 1265 619 1320 illis
667 1262 956 1329 inferrent,
1008 1273 1206 1321 orante
1248 1264 1484 1323 Ieremia
1524 1271 1811 1343 propheta,

225 1364 341 1413 tam
386 1356 641 1428 aspidem
690 1357 745 1410 in
796 1365 943 1411 terra
992 1355 1147 1414 furor
1197 1365 1252 1414 et
1294 1359 1499 1428 rabies,
1547 1378 1714 1432 quam
1756 1364 1811 1419 in

226 1451 393 1506 ﬂuvio
422 1450 730 1507 belluarum
761 1450 973 1507 insidia:
1006 1466 1336 1523 compressae
1366 1461 1517 1510 sunt.
1552 1452 1706 1513 Unde
1744 1456 1812 1511 ad

228 1547 538 1617 hocusque
586 1552 802 1617 tempus
848 1544 1056 1613 lideles,
1109 1546 1203 1617 qui
1238 1547 1352 1603 illic
1418 1556 1570 1614 sunt,
1618 1564 1811 1606 omnes

225 1654 387 1694 orare
423 1638 479 1693 in
519 1638 712 1694 eodem
762 1637 856 1693 illo
905 1638 1028 1694 loco
1073 1640 1281 1710 solent;
1322 1656 1652 1715 sumptoque
1692 1643 1813 1715 pul-

223 1744 357 1785 vere
408 1729 687 1786 morsibus
734 1729 985 1801 aspidnm
1022 1732 1332 1799 medentur,
1387 1749 1452 1789 ac
1498 1736 1810 1791 crocodilos

227 1819 441 1893 fugant.
482 1819 629 1916 Idem
667 1835 797 1877 sero
827 1821 1103 1916 propheta
1123 1821 1506 1916 sacerdotibus
1535 1823 1808 1898 AEgyptiis
1836 1859 1887 1916 Β

226 1912 447 1983 signum
477 1911 649 1979 dedit,
682 1927 747 1969 ac
787 1914 1154 1979 denuntiavit,
1202 1915 1387 1971 omnia
1432 1916 1653 1974 illorum
1686 1934 1812 1975 esse

224 2006 521 2077 quatienda
560 2005 879 2071 simulacra,
918 2014 973 2061 et
1003 2022 1126 2079 qua:
1154 2020 1319 2063 manu
1346 2009 1629 2065 elaborata
1651 2018 1811 2066 erant

225 2099 385 2171 signa
412 2099 647 2166 ruitura,
690 2113 816 2155 cum
854 2101 1010 2172 virgo
1041 2116 1313 2173 puerpera
1344 2101 1531 2161 divino
1564 2118 1691 2159 cum
1726 2104 1811 2159 in-

220 2188 375 2247 fante
402 2190 593 2263 pedem
625 2189 683 2245 in
721 2187 1016 2263 Egyptum
1067 2195 1364 2261 posuisset.
1406 2191 1518 2249 Nec
1545 2208 1684 2249 vana
1710 2192 1813 2250 fuit

221 2282 529 2354 praedictio.
578 2281 684 2356 (0b
745 2280 800 2337 id
853 2298 1176 2354 puerperam
1225 2284 1493 2356 virginem
1541 2285 1814 2357 hodieque

222 2384 593 2443 venerantur;
623 2383 677 2431 et
710 2372 975 2430 infantem
1008 2375 1065 2430 in
1101 2375 1331 2448 pracscpi
1366 2375 1643 2447 jacentem
1672 2378 1809 2435 ado-

223 2475 369 2523 rant.
403 2467 578 2540 Cujus
617 2466 699 2525 rei
727 2482 953 2524 causam
990 2467 1300 2525 sciscitanti
1349 2468 1645 2527 Ptolemaeo
1672 2471 1809 2543 regi,

224 2562 635 2634 responderunt
666 2579 681 2617 :
715 2558 1034 2634 Mysterium
1070 2559 1204 2615 illud
1239 2567 1346 2626 est,
1379 2560 1529 2633 quod
1557 2576 1589 2617 a
1633 2562 1810 2633 majo-

223 2652 382 2709 ribus
424 2653 765 2725 aecepimus,
801 2651 1061 2725 quodque
1096 2668 1126 2708 a
1179 2662 1375 2710 sancto
1418 2655 1685 2728 propheta
1726 2662 1813 2713 est

220 2743 334 2801 illis
366 2741 600 2812 editum,
637 2744 801 2816 cujus
848 2759 952 2800 nos
988 2746 1371 2816 praestolamur
1409 2746 1668 2820 exitum.)
1709 2746 1813 2805 llic

221 2836 317 2893 ille
360 2843 627 2907 praeterea
678 2844 805 2892 ante
852 2838 1130 2893 excidium
1163 2840 1364 2910 templi
1419 2840 1555 2911 legis
1600 2854 1807 2909 arcam,

222 2943 456 3000 quinque
476 2927 531 2983 in
550 2942 612 2984 ea
637 2929 1086 2995 continebantur,
1108 2929 1327 3001 eripuit,
1346 2937 1513 3003 atque
1535 2932 1590 2987 in
1613 2948 1809 2989 saxum

222 3021 483 3091 absorpta
529 3019 795 3077 condidit.
842 3019 984 3076 Tum
1029 3024 1340 3081 astantibus
1394 3024 1577 3095 p0puli
1625 3040 1812 3083 sacer-

222 3111 447 3169 dotibus
492 3127 557 3167 ac
600 3112 915 3170 senioribus
959 3113 1136 3170 dixit:
1184 3113 1444 3172 Dominus
1489 3132 1518 3171 e
1561 3116 1699 3174 Sina
1753 3117 1810 3172 in

1532 358 1622 418 DU
1635 356 1742 415 BlA
1783 359 1923 417 ΛΒΤ
1964 361 2212 423 διδυιιιΑ
2227 408 2239 422 .

3409 371 3513 430 603

1846 488 1887 545 Δ
1930 483 1985 538 ’0
2007 487 2152 556 ,ϐίος
2189 487 2299 545 τοῦ
2331 487 2602 561 Ἱερεμίου
2634 485 2971 560 προφήτου,
3007 486 3105 543 καί
3146 483 3268 544 ποῦ
3306 486 3514 546 κεῖται.

1996 624 2077 677 ﬂ'.
2123 623 2392 697 Ἱερεμίας
2425 627 2455 680 ὀ
2490 626 2780 698 προφήτης
2806 619 2872 697 ἦν
2907 625 2967 693 ἐξ
3009 624 3251 680 ’Δναθώθ
3272 642 3286 657 ο
3330 625 3425 680 καὶ
3456 629 3515 679 ὲν

1924 716 2169 787 Τάφναις
2214 719 2326 790 (25)
2360 718 2640 789 Αἰγύπτου
2688 717 3056 790 λιθοϐοληθεὶς
3096 718 3202 772 ὑπὸ
3248 718 3342 772 τοῦ
3381 718 3515 773 λαοῦ

1925 806 2300 880 ἐτελεύτησεν.
2364 810 2558 864 Κεῖται
2593 809 2650 864 δὲ
2690 813 2749 864 ὲν
2786 810 2939 881 τόπῳ
2971 810 3070 881 τῆς
3108 810 3375 881 οἰκήσεως
3409 812 3515 863 Φα-

1924 899 2070 971 ραὼ,
2127 901 2210 955 ὅτι
2245 901 2297 955 οί
2350 903 2637 971 Αἰγύπτιοι
2690 903 2947 970 ἐδόξασαν
3014 904 3177 958 αὐτὸν
3224 905 3517 976 εὐεργετη-

1923 992 2107 1056 θέντες
2167 993 2259 1047 ύπ⁹
2310 993 2476 1049 αὐτοῦ
2512 995 2647 1066 (271).
2719 994 2973 1059 ’Λσπίδες
3016 995 3166 1068 γὰρ,
3252 996 3349 1050 καὶ
3405 996 3516 1049 τῶν

1921 1083 2131 1139 ὑδάτων
2162 1083 2349 1158 θῆρες,
2407 1085 2502 1151 οὓς
2554 1086 2812 1142 καλοῦσιν
2862 1088 2912 1142 οἱ
2951 1085 3244 1156 Αἰγύπτιοι
3290 1088 3511 1157 regant.

1884 1194 1894 1203 ·
1924 1176 2186 1249 ’Έλληνες
2227 1180 2353 1241 τοὺς
2391 1179 2788 1251 κροκοδείλους,
2828 1175 2970 1251 ἦσαν
2996 1179 3194 1245 αὐτοὺς
3223 1179 3515 1235 θανατοῦν-

1919 1284 2041 1334 τες,
2091 1269 2187 1323 καὶ
2234 1268 2538 1341 εὐξαμένου
2597 1269 2692 1324 τοῦ
2738 1271 3022 1343 προφήτου
3060 1271 3322 1344 Ἱερεμίου
3376 1274 3516 1326 eum-

1920 1361 2058 1433 λύθη
2090 1363 2154 1416 ὲκ
2179 1362 2278 1434 τῆς
2311 1366 2416 1435 γῆς
2449 1363 2665 1435 ἐκείνης
2701 1365 2730 1417 ὁ
2769 1363 2941 1437 θυμὸς
2961 1364 3071 1419 τῶν
3104 1365 3345 1420 ἀσπίδων
3377 1365 3512 1434 (25),

1921 1454 2016 1508 καὶ
2054 1455 2119 1508 ὲκ
2157 1454 2253 1509 τοῦ
2291 1454 2541 1527 ποταμοῦ
2609 1455 2873 1521 ὡσαύτως
2920 1456 2983 1510 τὺ
3027 1455 3240 1528 ἐνεδρον
3277 1456 3386 1510 τῶν
3418 1455 3514 1528 θη-

1922 1543 2054 1614 ρίων
2073 1541 2206 1615 (26).
2239 1544 2351 1599 Καὶ
2372 1544 2489 1599 ὅσοι
2518 1544 2659 1599 είσὶν
2689 1546 2892 1610 πιστοὶ,
2918 1545 3026 1611 ἕως
3056 1547 3299 1619 σήμερον
3325 1544 3514 1618 εὔχον-

1918 1652 2010 1689 ται
2042 1636 2101 1690 ὲν
2146 1634 2225 1708 τῷ
2259 1635 2411 1708 τόπῳ
2444 1636 2661 1710 ἐκείνῳ,
2711 1638 2808 1693 καὶ
2851 1637 3222 1711 λαμσάνοντες
3259 1638 3357 1693 τοῦ
3388 1638 3513 1711 χοὸς

1917 1725 2103 1799 δῆγμα
2140 1728 2387 1784 ἀσπίδων
2433 1728 2855 1802 θεραπεύουσιν,
2910 1730 3005 1788 καὶ
3050 1731 3194 1789 αὐτὰ
3240 1731 3311 1786 τὰ
3348 1731 3514 1804 θηρία

1920 1817 2338 1887 φυγαδεύουσιν.
2375 1814 2545 1885 Οὗτος
2570 1820 2601 1874 ό
2625 1823 2913 1894 προφήτης
2948 1825 3174 1895 σημεῖον
3203 1823 3375 1879 ἔδωκε
3401 1827 3513 1889 τοῖς

1912 1911 2192 1981 Αἰγύπτου
2224 1911 2483 1984 ἱερεῦσιν,
2516 1912 2697 1984 λέγων
2718 1955 2734 1983 ,
2769 1915 2853 1970 ὅτι
2893 1916 2975 1970 δεῖ
3007 1917 3291 1989 σεισθῆναι
3327 1917 3509 1972 πάντα

1912 2001 1984 2058 τὰ
2033 2002 2229 2059 είδωλα
2283 2004 2463 2060 αὐτῶν
2488 2046 2505 2070 ,
2564 2006 2658 2062 καὶ
2698 2011 3001 2080 συμπεσεῖν
3051 2008 3122 2064 τὰ
3152 2010 3509 2083 χειροποίητα

1914 2096 2114 2163 πάντα,
2145 2096 2273 2151 ὅταν
2319 2098 2483 2171 ἐπιϐῇ
2530 2099 2590 2153 ὲν
2618 2099 2882 2173 Αἰγύπτῳ
2913 2100 3183 2172 παρθένος
3210 2102 3510 2174 λοχεύουσα

1915 2191 2014 2244 σὺν
2064 2187 2256 2263 βρέφει
2306 2190 2535 2246 θεοειδεϊ
2568 2190 2701 2266 (ΞἹ).
2739 2192 2851 2247 Καὶ
2883 2193 3103 2263 ἐγένετο
3140 2195 3343 2260 αὐτοῖς.
3398 2188 3512 2267 [Διὸ

1913 2282 2118 2337 καϊνῦν
2144 2282 2348 2355 τιμῶσι
2380 2284 2649 2356 παρθένον
2671 2284 2882 2358 λοχούν,
2908 2289 3005 2342 καὶ
3029 2286 3232 2359 βρέφος
3252 2290 3310 2341 ὲν
3334 2287 3509 2359 φάτνῃ

1911 2374 2153 2440 τιθέντες
2206 2376 2610 2448 προσκυνοῦσιο
2670 2380 2766 2434 καὶ
2804 2379 3129 2452 Πτολεμαίῳ
3169 2379 3250 2451 τῷ
3299 2379 3513 2451 βασιλεί

1913 2467 2307 2542 πυνθανομένῳ
2325 2469 2425 2541 τὴν
2450 2470 2633 2526 αἰτίαν
2661 2470 2872 2543 ἔλεγον,
2898 2471 2984 2527 ὅτι
3014 2473 3509 2545 Πατροπαράδοτον

1912 2562 2045 2634 ἡμῖν
2086 2562 2203 2616 ἐστι
2257 2564 2556 2636 μυστήριον
2598 2564 2704 2620 ὑπὸ
2749 2565 2903 2620 ὁσίου
2938 2566 3034 2621 τοῦ
3071 2568 3350 2639 προφήτου
3397 2568 3510 2633 τοῖς

1912 2651 2184 2724 πατράσιν
2217 2652 2373 2724 ήμῶν
2396 2654 2723 2727 παραδοθὲν,
2746 2656 2844 2710 καὶ
2868 2656 3204 2729 ὲκδεχόμεθα
3234 2657 3298 2711 τὸ
3324 2658 3507 2729 πέρας

1910 2743 2005 2798 τοῦ
2030 2745 2331 2819 μυστηρίου
2352 2745 2554 2821 ἡμῶν.]
2577 2742 2747 2814 Οὗτος
2761 2751 2789 2804 ὀ
2811 2751 3098 2822 προφήτης
3118 2750 3227 2823 πρὸ
3247 2750 3351 2820 τῆς
3371 2749 3507 2804 ἁλώ-

1913 2854 2053 2902 σεως
2083 2836 2178 2893 τοῦ
2214 2836 2343 2892 ναοῦ
2372 2836 2623 2912 ἥρπασεν
2655 2840 2756 2912 τὴν
2786 2840 3021 2895 κιϐωτὸν
3055 2840 3150 2895 τοῦ
3186 2842 3378 2913 νόμου,
3412 2842 3509 2897 καὶ.

1911 2931 1981 2986 τὰ
2024 2930 2082 2984 ὲν
2115 2931 2254 3003 αὐτῇ
2299 2930 2503 2997 πάντα,
2543 2933 2638 2987 καὶ
2674 2932 3108 3004 εποίησεν“αύτὰ
3127 2935 3510 3008 καταποθῆναι

1912 3020 1971 3075 ὲν
2002 3021 2197 3095 πέτρᾳ,
2239 3021 2335 3076 καὶ
2370 3016 2527 3077 εἶπεν
2552 3025 2666 3086 τοῖς
2710 3023 2914 3095 ἱερεῦσι
2940 3024 3037 3079 τοῦ
3081 3024 3213 3079 λαοῦ
3246 3026 3343 3082 καὶ
3393 3031 3510 3092 τοῖς

1912 3113 2309 3186 πρεσϐυτέροις
2371 3114 2719 3188 παρεστῶσιν
2746 3131 2761 3146 ·
2829 3116 3242 3187 Ἆπεδήμησεν
3288 3120 3511 3188 Κύριος

223 3204 411 3259 caelum
444 3205 598 3270 abiit,
632 3204 854 3276 indeque
900 3219 1018 3258 cum
1057 3217 1246 3261 sancta
1277 3208 1466 3263 uirtute
1497 3218 1804 3266 revertetur.

1914 3205 1980 3260 ἐκ
2003 3205 2149 3262 Σινὰ
2184 3208 2273 3273 είς
2305 3204 2448 3273 τοὺς
2478 3206 2798 3276 οὐρανοὺς,
2843 3207 2946 3263 καὶ
2973 3207 3163 3264 πάλιν
3191 3208 3511 3266 ἐλεύσεται

220 3294 393 3364 Atque
426 3292 525 3349 hoc
546 3295 755 3366 signant
783 3294 1111 3350 advenientis
1149 3296 1297 3352 illius
1339 3299 1463 3363 erit,
1505 3316 1623 3354 cum
1665 3300 1808 3358 uide-

223 3384 346 3439 licet
379 3383 585 3455 lignum
624 3393 802 3456 gentes
835 3400 1013 3441 onmes
1047 3386 1371 3443 adorabunt.
1420 3389 1627 3447 Dehinc
1657 3376 1812 3462 adjeo

220 3480 344 3533 cit:
406 3478 604 3532 Arcam
650 3480 812 3532 istam
854 3477 1229 3546 sacerdotum,
1288 3492 1382 3536 aut
1432 3483 1811 3553 prophetarum

223 3589 376 3628 nemo
404 3571 683 3636 reserabit,
712 3581 905 3642 prater
923 3573 1143 3627 electum
1183 3573 1277 3629 Dei
1309 3573 1564 3646 Moysen;
1596 3575 1810 3634 tabulas

224 3678 365 3729 vero,
392 3681 512 3737 qua:
538 3665 594 3719 in
619 3664 719 3719 illa
753 3675 898 3731 sunt,
926 3682 1063 3722 unus
1091 3666 1275 3721 Aaron
1314 3667 1592 3736 expendet.
1621 3670 1686 3725 In
1726 3686 1811 3725 re-

224 3760 551 3815 surrectione
576 3774 736 3829 porro
790 3748 965 3830 prima
997 3762 1232 3814 omnium
1278 3771 1523 3833 exsurget
1566 3779 1721 3828 arca,
1758 3773 1811 3819 et

222 3866 289 3908 ea:
310 3853 407 3908 illo
432 3866 566 3907 saxo
592 3860 927 3922 prorumpet;
961 3859 1118 3922 atque
1143 3853 1196 3906 in
1228 3866 1403 3908 monte
1434 3853 1567 3911 Sina
1588 3855 1811 3911 colloca-

225 3948 391 4001 bitur.
422 3945 558 4002 Tum
607 3946 677 4001 ad
710 3962 828 4001 eam
871 3949 1044 4001 sancti
1093 3963 1272 4002 omnes
1311 3947 1596 4015 con/luent,
1638 3948 1811 4021 ibique

222 4041 509 4098 Dominum
532 4050 918 4113 exspectantes,
942 4042 1164 4106 hostem,
1195 4043 1284 4111 qui
1319 4042 1419 4097 sibi
1454 4059 1625 4098 necem
1657 4045 1811 4099 moli-

223 4144 334 4198 tur,
369 4134 641 4205 effugient.
674 4131 777 4190 liis
807 4132 970 4192 dictis
1008 4132 1177 4206 digito
1206 4148 1306 4189 suo
1341 4134 1432 4190 Dei
1472 4151 1671 4191 nomen
1706 4136 1809 4192 int-

223 4230 467 4299 primens
502 4227 735 4298 lapidem
767 4226 1043 4300 obsignat,
1071 4243 1247 4299 caque
1276 4227 1448 4300 ﬁgura
1487 4230 1714 4300 perinde
1742 4248 1810 4289 ac

224 4321 270 4375 si
303 4319 495 4375 caelata
528 4320 679 4376 ferro
710 4328 857 4376 esset
887 4319 1125 4375 inlimSit.
1157 4320 1233 4375 Ae
1259 4327 1374 4375 tum
1406 4322 1583 4379 nubes
1613 4339 1806 4379 saxum

225 4411 362 4467 illud
418 4410 669 4466 obduxit.
718 4409 906 4480 Neque
947 4412 1240 4481 quisquam
1285 4422 1380 4465 aut
1431 4411 1583 4467 illum
1622 4413 1805 4470 locum

223 4503 396 4564 norit,
429 4508 522 4555 aut
567 4501 633 4557 ad
676 4500 824 4557 hanc
867 4501 1009 4557 diem
1062 4502 1239 4572 legere
1272 4502 1469 4572 potuit,
1523 4520 1701 4577 neque
1735 4506 1805 4562 ad

1910 3293 1982 3349 ἐν
2008 3294 2259 3365 δυνάμει
2290 3295 2452 3366 ἁγίᾳ.
2515 3295 2628 3352 Kal
2674 3296 2852 3353 τοῦτο
2878 3297 3134 3368 σημεῖον
3176 3300 3349 3356 ἔσται
3397 3299 3510 3367 τῆς

1911 3385 2099 3443 αὐτοῦ
2145 3387 2519 3457 παρουσίας,
2571 3387 2673 3443 ὅτε
2724 3388 2918 3455 ξύλον
2975 3389 3178 3445 πάντα
3241 3391 3315 3448 τὰ
3358 3393 3508 3460 ἔθνη

1912 3477 2477 3549 προσκυνήσουσιν.
2522 3475 2692 3536 Εἶπεν
2720 3480 2778 3535 δὲ
2806 3482 3014 3548 αὐτοῖς,
3043 3483 3127 3538 ὅτι
3184 3483 3305 3553 Τὴν
3337 3486 3509 3540 κιϐω-

1909 3569 2023 3624 τὸν
2046 3570 2275 3639 ταύτην
2320 3569 2523 3638 οὐδεὶς
2556 3571 2887 3638 ἁναπτύξει
2919 3572 3011 3627 ἔτι
3057 3575 3265 3643 ιερέων
3292 3576 3333 3645 ἢ
3362 3588 3509 3644 προ-

1910 3661 2136 3732 φητῶν,
2160 3664 2214 3717 ει
2241 3660 2330 3732 μὴ
2363 3662 2591 3734 Μωσῆς
2624 3664 2738 3737 (28)
2767 3667 2802 3720 d
2835 3665 3127 3733 ἐκλεκτὸς
3171 3667 3279 3722 τοῦ
3318 3668 3467 3722 Θεοῦ
3488 3683 3503 3699 ⁸

1910 3753 2014 3822 τὰς
2068 3754 2139 3809 ἐν
2174 3754 2332 3825 αὑτῇ
2371 3755 2610 3824 πλάκας
2656 3756 2859 3826 οὐδεὶς
2912 3757 3296 3826 ἀναπλώσει,
3333 3762 3388 3814 εί
3416 3759 3503 3829 μὴ

1924 3845 2167 3916 Ἀαρών.
2201 3850 2312 3904 Kal
2333 3849 2403 3904 ἐν
2427 3849 2765 3906 ἀναστάσει
2784 3849 3022 3920 πρῶτον
3043 3853 3083 3922 ἡ
3104 3853 3352 3921 κιϐωτὸς
3368 3854 3507 3908 ἀνα·

1911 3939 2225 4009 στήσεται,
2252 3940 2351 3996 καὶ
2379 3940 2765 4007 ἐξελεύσεται
2782 3942 2853 3997 ἐκ
2888 3942 2999 4011 τῆς
3028 3943 3270 4013 πέτρας,
3287 3945 3387 3999 καί
3408 3962 3503 3999 τεο

1912 4030 2162 4099 θήσεται
2193 4032 2262 4087 ἐν
2280 4032 2362 4100 τῷ
2385 4032 2504 4104 ὄρει
2519 4033 2686 4097 Σινᾶ,
2706 4034 2807 4089 καὶ
2834 4035 3058 4103 πάντες
3089 4040 3146 4092 οι
3178 4037 3333 4110 ἅγιοι
3354 4040 3505 4109 πρὸς

1910 4123 2105 4193 αὐτὴν
2139 4124 2635 4196 συναχθήσονται
2673 4126 2803 4182 ἐκεῖ
2827 4126 3210 4199 ἐκδεχόμενοι
3252 4131 3360 4186 τὸν
3388 4132 3502 4187 Κύ-

1902 4235 2060 4287 ριον,
2079 4217 2176 4273 καί
2196 4218 2304 4274 τὸν
2318 4219 2537 4289 ἐχθρὸν
2558 4220 2886 4292 φεύγοντες
2909 4221 3151 4278 ἀνελεῖν
3168 4224 3392 4289 αὐτοὺς
3412 4223 3505 4299 θέτ

1908 4314 2118 4365 λοντα.
2159 4310 2264 4366 Καὶ
2283 4313 2582 4385 ὲσφράγισε
2614 4314 2716 4386 τὴν
2738 4314 2944 4385 πέτραν
2975 4317 3032 4367 ὲν
3061 4315 3140 4387 τῷ
3165 4315 3412 4389 δακτύλῳ
3438 4318 3503 4372 τὸ

1910 4401 2081 4474 ὄνομα
2104 4403 2337 4475 Κυρίου,
2356 4405 2449 4460 καὶ
2464 4406 2690 4474 γέγονεν
2707 4409 2736 4462 ό
2751 4406 2922 4472 τύπος
2944 4408 3020 4473 ὡς
3045 4410 3224 4482 γλυφὴ
3252 4411 3496 4484 σιδήρου,

1895 4492 2007 4551 ’καὶ⁵
2058 4497 2259 4569 νεφέλη
2296 4499 2570 4554 ὲσκέπασε
2616 4500 2716 4571 τὴν
2756 4500 2995 4573 πέτραν,
3042 4503 3137 4556 καὶ
3180 4504 3356 4568 οὐδεὶς
3392 4507 3505 4560 νοεῖ

222 4593 410 4649 mundi
443 4592 605 4648 ﬁnem
637 4609 880 4664 unquam
906 4569 1138 4665 poterit:
1153 4593 1248 4650 Est
1273 4569 1404 4653 illud
1434 4569 1628 4654 saxum
1654 4598 1710 4654 in
1739 4615 1804 4655 ea

1914 4589 2005 4643 τὸν
2037 4590 2199 4645 τόπον
2220 4592 2446 4658 ἐκεῖνον,
2470 4590 2620 4673 [(29)
2640 4569 2757 4648 ἀλλ’
2778 4569 2903 4648 οὔτε
2925 4595 3232 4665 ἀναγνῶναι
3254 4596 3313 4649 τὸ
3331 4596 3503 4669 ὄνομα

223 4684 522 4742 solitudine
564 4686 729 4741 situm
782 4685 873 4741 ubi
929 4700 1055 4741 arca
1098 4687 1336 4758 primum
1382 4690 1614 4756 exstitit,
1662 4691 1807 4747 inter

220 4779 348 4835 illos
381 4785 621 4842 montes,
662 4778 716 4832 in
767 4777 968 4848 quibus
999 4779 1203 4846 Aaron,
1243 4796 1307 4835 ae
1352 4781 1569 4855 Moyses
1593 4782 1802 4854 jaceat.

220 4871 399 4927 Noctu
437 4887 566 4927 vero
601 4872 776 4927 nubes
818 4872 938 4927 loco
984 4873 1061 4928 illi
1108 4875 1284 4930 instar
1316 4876 1457 4947 ignis
1501 4876 1802 4946 incumbit;

224 4963 528 5019 ad‘eorum
574 4963 1014 5030 similitudinem,
1057 4982 1180 5039 qua:
1221 4968 1421 5040 priscis
1465 4971 1806 5043 temporibus

222 5055 564 5119 acciderunt,
604 5061 665 5112 ut
694 5056 826 5113 illud
861 5057 1227 5129 significetur,
1269 5060 1361 5118 Dei
1401 5062 1631 5130 gloriam
1660 5078 1802 5120 nun-

220 5162 385 5219 quam
411 5163 441 5201 a
474 5146 590 5218 lege
627 5162 727 5203 sua
760 5162 1129 5205 recessuram.

293 5434 410 5506 (95)
445 5434 552 5503 Pp.
576 5436 796 5506 isset:

437 5501 541 5575 rp.
571 5501 634 5558 δι’
665 5501 846 5557 αὐτόν.

314 5576 406 5623 2m
437 5578 671 5623 Γη--του
702 5576 846 5623 γένόι

314 5573 406 5644 25)
436 5573 671 5644 Γρ.-του
702 5576 894 5645 γένόυς
918 5573 1027 5628 τῶν
1048 5573 1307 5629 ἀσπίδων.

292 5646 408 5706 (‘26)
439 5649 543 5714 I'p.
574 5646 644 5717 τὰ
660 5646 855 5717 θηρία.
948 5715 961 5717 _
987 5714 998 5717 _
1139 5648 1153 5660 '
1522 5712 1525 5713 ν

291 5718 410 5781 (17)
439 5718 542 5787 Γρ.
575 5714 772 5787 βρᾲφος
792 5714 1034 5787 θεοειδές
1040 5755 1051 5768 .

296 5787 408 5855 (28)
426 5783 588 5855 Aug;
604 5783 724 5855 Τὴν
739 5784 809 5840 δὲ
835 5785 1084 5841 κιϐωτὸν
1112 5786 1338 5855 ταύτην
1366 5785 1566 5851 οὐδεὶς
1591 5783 1805 5840 ἐκϐάλ-

231 5853 340 5922 Jss,
360 5853 413 5909 et
436 5853 798 5928 μὴ’Δαρὼν,
825 5858 921 5913 καί
946 5855 1055 5925 τὰς
1073 5857 1144 5912 ἐν
1167 5854 1323 5928 αὐτῇ
1344 5856 1580 5930 πλάκας
1603 5856 1805 5923 οὐδεὶς

1914 4684 2020 4748 ἕως
2050 4683 2151 4755 τῆς
2196 4684 2411 4757 ἡμέρας
2441 4684 2679 4758 ταύτης,
2724 4685 2854 4760 καὶ]
2909 4688 3015 4750 ἕως
3042 4688 3144 4760 τῆς
3194 4689 3503 4755 συντελείας

1913 4775 2008 4829 τοῦ
2040 4777 2234 4842 αἰῶνος
2267 4778 2479 4832 τούτου.
2513 4779 2622 4833 Καὶ
2649 4778 2798 4835 ἔστιν
2824 4781 2857 4852 ἡ
2892 4780 3068 4854 πέτρα
3109 4783 3168 4836 ὲν
3194 4785 3260 4854 τῇ
3286 4784 3503 4855 ἐρήμῳ,

1912 4867 2097 4939 ὄπουή
2121 4866 2351 4931 κιϐωτὸς
2374 4866 2589 4939 πρῶτον
2611 4866 2823 4937 γέγονε,
2842 4870 3046 4941 μεταξὺ
3069 4870 3176 4924 τῶν
3197 4870 3290 4925 δύο
3307 4872 3497 4944 ὀρέων,

1913 4959 1973 5013 ἐν
1996 4953 2080 5023 οἷς
2101 4961 2309 5013 κεῖνται
2336 4959 2541 5031 Μωσῆς
2570 4960 2665 5013 καὶ
2705 4960 2936 5029 Ἀαρών.
3006 4965 3096 5018 Ἐν
3120 4964 3177 5019 δὲ
3202 4966 3324 5029 ταῖς
3351 4965 3500 5031 νυξὶν

1912 5048 2109 5120 νεφέλη
2134 5048 2212 5112 ὡς
2248 5047 2362 5120 πῦρ
2391 5048 2602 5118 γίνεται
2642 5050 2705 5103 ὲν
2728 5051 2808 5123 τῷ
2830 5052 2981 5127 τόπῳ
3013 5055 3211 5128 ἐκείνῳ
3242 5056 3385 5111 κατὰ
3408 5056 3500 5109 τδν

1911 5140 2081 5194 τύπον
2119 5138 2227 5195 τῶν
2256 5139 2518 5211 ἀρχαίων,
2558 5141 2640 5196 δτι
2669 5142 2731 5197 ού
2772 5145 2848 5219 μὴ
2876 5147 3147 5203 παύσεται
3176 5150 3212 5222 ἡ
3251 5148 3378 5215 δόξα
3404 5148 3495 5204 τοῦ

1911 5229 2048 5286 Θεοῦ
2080 5231 2147 5286 ἐκ
2172 5230 2267 5286 τοῦ
2291 5231 2458 5303 νόμου
2487 5233 2654 5288 αὑτοῦ
2680 5236 2817 5309 ('50).

1911 5426 2289 5558 ἓνῖιέπέιῗὲσει
2325 5426 2529 5496 ἱερέων
2571 5429 2609 5498 ἢ
2665 5434 3027 5503 προφητῶν,
3080 5437 3134 5491 ει
3178 5435 3299 5507 μὴ.
3366 5438 3497 5493 Μω-

2128 5568 2369 5644 ᾼὺετοηι
2404 5569 2516 5644 luce
2551 5571 2620 5625 ab
2648 5585 2988 5644 Angustano.

1982 5635 2102 5719 (30).
2128 5637 2357 5719 August.
2391 5639 2539 5719 {Hi-{ill
2571 5661 2584 5697 :
2623 5635 3023 5719 καὶνέδωκενό
3046 5645 3285 5719 Θεδςτῷ
3333 5648 3492 5719 Ἰερεο

1958 5705 2013 5778 ίᾳ
2041 5705 2234 5831 χάριν(
2253 5708 2341 5763 ἵνα
2360 5710 2422 5763 τὸ
2446 5709 2595 5775 ἔλεος
2618 5712 2738 5798 τοῦ..
2749 5717 3049 5788 μυστηρίου
3071 5705 3237 5789 agi-eg
3257 5705 3491 5793 ποιήσῃ.

1958 5793 2043 5831 του
2071 5792 2106 5831 Υ
2140 5794 2295 5831 νηται
2323 5780 2579 5831 κοινωνὸς
2607 5782 2907 5831 Μωυσέως.

1941 5793 2043 5831 που
2071 5780 2295 5850 γένηται
2323 5780 2579 5846 κοινωνὸς
2607 5780 2907 5849 Μωῦσέως.
