  <div class='ocr_page' id='page_1' title='image "/cluster/home/n/w/nwhite01/storage/ocr_20150623/43/mdp.39015013284818/240.png"; bbox 0 0 4034 6216; ppageno 0'>
   <div class='ocr_carea' id='block_1_1' title="bbox 499 357 615 417">
    <p class='ocr_par' dir='ltr' id='par_1_1' title="bbox 499 357 615 417">
     <span class='ocr_line' id='line_1_1' title="bbox 499 357 615 417; baseline -0.052 0"><span class='ocrx_word' id='word_1_1' title='bbox 499 357 615 417; x_wconf 61' lang='grc' dir='ltr'><strong>,ΜΗ</strong></span> 
     </span>
    </p>
   </div>
   <div class='ocr_carea' id='block_1_2' title="bbox 1580 356 2707 418">
    <p class='ocr_par' dir='ltr' id='par_1_2' title="bbox 1580 356 2707 418">
     <span class='ocr_line' id='line_1_2' title="bbox 1580 356 2707 418; baseline 0.004 -5"><span class='ocrx_word' id='word_1_2' title='bbox 1580 357 1783 413; x_wconf 72' lang='lat' dir='ltr'><strong>LIBER</strong></span> <span class='ocrx_word' id='word_1_3' title='bbox 1824 359 1908 414; x_wconf 84' lang='lat' dir='ltr'><strong>DE</strong></span> <span class='ocrx_word' id='word_1_4' title='bbox 1952 356 2130 414; x_wconf 75' lang='grc' dir='ltr'>νιτιδ</span> <span class='ocrx_word' id='word_1_5' title='bbox 2172 360 2707 418; x_wconf 68' lang='lat' dir='ltr'><strong>PROPHE&#39;I&#39;ARUM.</strong></span> 
     </span>
    </p>
   </div>
   <div class='ocr_carea' id='block_1_3' title="bbox 3667 321 3771 407">
    <p class='ocr_par' dir='ltr' id='par_1_3' title="bbox 3667 321 3771 407">
     <span class='ocr_line' id='line_1_3' title="bbox 3667 321 3771 407; baseline -0.019 0"><span class='ocrx_word' id='word_1_6' title='bbox 3667 321 3771 407; x_wconf 62' lang='lat'><strong>£02</strong></span> 
     </span>
    </p>
   </div>
   <div class='ocr_carea' id='block_1_4' title="bbox 533 463 2122 538">
    <p class='ocr_par' dir='ltr' id='par_1_4' title="bbox 533 466 2098 537">
     <span class='ocr_line' id='line_1_4' title="bbox 533 466 2098 537; baseline -0.003 -13"><span class='ocrx_word' id='word_1_7' title='bbox 533 471 593 523; x_wconf 91' lang='lat'><strong>&#39;0</strong></span> <span class='ocrx_word' id='word_1_8' title='bbox 614 468 757 536; x_wconf 75' lang='grc' dir='ltr'>,βίος</span> <span class='ocrx_word' id='word_1_9' title='bbox 788 468 896 523; x_wconf 83' lang='grc' dir='ltr'><strong>τοῦ</strong></span> <span class='ocrx_word' id='word_1_10' title='bbox 936 466 1215 536; x_wconf 76' lang='grc' dir='ltr'>Ἰεζεκιὴλ</span> <span class='ocrx_word' id='word_1_11' title='bbox 1258 467 1565 537; x_wconf 66' lang='grc' dir='ltr'>προφήτου</span> <span class='ocrx_word' id='word_1_12' title='bbox 1609 470 1705 521; x_wconf 73' lang='grc' dir='ltr'>καὶ</span> <span class='ocrx_word' id='word_1_13' title='bbox 1738 468 1854 521; x_wconf 82' lang='grc' dir='ltr'><strong>ποῦ</strong></span> <span class='ocrx_word' id='word_1_14' title='bbox 1896 466 2098 521; x_wconf 79' lang='grc' dir='ltr'>κεῖται.</span> 
     </span>
    </p>
   </div>
   <div class='ocr_carea' id='block_1_5' title="bbox 2222 463 3773 538">
    <p class='ocr_par' dir='ltr' id='par_1_5' title="bbox 2222 463 3773 538">
     <span class='ocr_line' id='line_1_5' title="bbox 2222 463 3773 538; baseline -0.001 -18"><span class='ocrx_word' id='word_1_15' title='bbox 2222 469 2338 522; x_wconf 78' lang='lat' dir='ltr'><strong>Vita</strong></span> <span class='ocrx_word' id='word_1_16' title='bbox 2368 469 2658 524; x_wconf 71' lang='lat' dir='ltr'><strong>Ezechielis</strong></span> <span class='ocrx_word' id='word_1_17' title='bbox 2683 467 2966 538; x_wconf 76' lang='lat' dir='ltr'><strong>praphetw,</strong></span> <span class='ocrx_word' id='word_1_18' title='bbox 2995 472 3043 520; x_wconf 82' lang='lat' dir='ltr'><strong>et</strong></span> <span class='ocrx_word' id='word_1_19' title='bbox 3070 481 3167 536; x_wconf 85' lang='lat' dir='ltr'><strong>quo</strong></span> <span class='ocrx_word' id='word_1_20' title='bbox 3193 466 3247 519; x_wconf 87' lang='lat' dir='ltr'><strong>in</strong></span> <span class='ocrx_word' id='word_1_21' title='bbox 3280 463 3390 520; x_wconf 79' lang='lat' dir='ltr'><strong>loco</strong></span> <span class='ocrx_word' id='word_1_22' title='bbox 3423 464 3652 532; x_wconf 72' lang='lat' dir='ltr'><strong>sepultus</strong></span> <span class='ocrx_word' id='word_1_23' title='bbox 3684 464 3773 519; x_wconf 75' lang='lat' dir='ltr'><strong>sit.</strong></span> 
     </span>
    </p>
   </div>
   <div class='ocr_carea' id='block_1_6' title="bbox 579 552 2098 631">
    <p class='ocr_par' dir='ltr' id='par_1_6' title="bbox 579 552 2098 631">
     <span class='ocr_line' id='line_1_6' title="bbox 579 552 2098 631; baseline 0.001 -20"><span class='ocrx_word' id='word_1_24' title='bbox 579 561 657 612; x_wconf 75' lang='grc'><strong>9⁸.</strong></span> <span class='ocrx_word' id='word_1_25' title='bbox 686 560 941 631; x_wconf 76' lang='grc' dir='ltr'>Ἰεζεκιὴλ</span> <span class='ocrx_word' id='word_1_26' title='bbox 960 562 988 614; x_wconf 99' lang='lat'><strong>6</strong></span> <span class='ocrx_word' id='word_1_27' title='bbox 1006 560 1288 631; x_wconf 81' lang='grc' dir='ltr'><strong>προφήτης</strong></span> <span class='ocrx_word' id='word_1_28' title='bbox 1308 558 1419 623; x_wconf 84' lang='grc' dir='ltr'>υίὸς</span> <span class='ocrx_word' id='word_1_29' title='bbox 1435 559 1632 629; x_wconf 81' lang='grc' dir='ltr'>Βουζῆ.</span> <span class='ocrx_word' id='word_1_30' title='bbox 1654 552 1822 622; x_wconf 74' lang='grc' dir='ltr'>Οὗτος</span> <span class='ocrx_word' id='word_1_31' title='bbox 1838 555 1905 630; x_wconf 75' lang='grc' dir='ltr'>ἦν</span> <span class='ocrx_word' id='word_1_32' title='bbox 1918 560 1981 612; x_wconf 89' lang='grc' dir='ltr'><strong>ἐκ</strong></span> <span class='ocrx_word' id='word_1_33' title='bbox 1994 559 2098 629; x_wconf 80' lang='grc' dir='ltr'>γῆς</span> 
     </span>
    </p>
   </div>
   <div class='ocr_carea' id='block_1_7' title="bbox 518 648 2099 720">
    <p class='ocr_par' dir='ltr' id='par_1_7' title="bbox 518 648 2099 720">
     <span class='ocr_line' id='line_1_7' title="bbox 518 648 2099 720; baseline 0.001 -18"><span class='ocrx_word' id='word_1_34' title='bbox 518 649 744 720; x_wconf 73' lang='grc' dir='ltr'>Σαρηρὰ</span> <span class='ocrx_word' id='word_1_35' title='bbox 777 651 839 701; x_wconf 90' lang='grc' dir='ltr'><strong>ἐκ</strong></span> <span class='ocrx_word' id='word_1_36' title='bbox 872 649 979 701; x_wconf 90' lang='grc' dir='ltr'><strong>τῶν</strong></span> <span class='ocrx_word' id='word_1_37' title='bbox 1009 648 1140 700; x_wconf 85' lang='grc' dir='ltr'>υἱῶν</span> <span class='ocrx_word' id='word_1_38' title='bbox 1173 648 1281 700; x_wconf 91' lang='grc' dir='ltr'><strong>τῶν</strong></span> <span class='ocrx_word' id='word_1_39' title='bbox 1322 648 1642 720; x_wconf 85' lang='grc' dir='ltr'>ἀρχιερέων,</span> <span class='ocrx_word' id='word_1_40' title='bbox 1688 650 1920 719; x_wconf 83' lang='grc' dir='ltr'>Λευῖτης</span> <span class='ocrx_word' id='word_1_41' title='bbox 1942 666 1955 679; x_wconf 69' lang='grc' dir='ltr'><strong>ο</strong></span> <span class='ocrx_word' id='word_1_42' title='bbox 1993 651 2099 703; x_wconf 87' lang='grc' dir='ltr'>ἀπ·-</span> 
     </span>
    </p>
   </div>
   <div class='ocr_carea' id='block_1_8' title="bbox 519 738 2095 810">
    <p class='ocr_par' dir='ltr' id='par_1_8' title="bbox 519 738 2095 810">
     <span class='ocr_line' id='line_1_8' title="bbox 519 738 2095 810; baseline 0 -17"><span class='ocrx_word' id='word_1_43' title='bbox 519 740 679 793; x_wconf 74' lang='grc' dir='ltr'>έθεινε</span> <span class='ocrx_word' id='word_1_44' title='bbox 700 740 756 792; x_wconf 86' lang='grc' dir='ltr'><strong>δέ</strong></span> <span class='ocrx_word' id='word_1_45' title='bbox 779 742 837 793; x_wconf 90' lang='grc' dir='ltr'><strong>ἐν</strong></span> <span class='ocrx_word' id='word_1_46' title='bbox 864 742 929 810; x_wconf 81' lang='grc' dir='ltr'>τῇ</span> <span class='ocrx_word' id='word_1_47' title='bbox 953 741 1022 810; x_wconf 77' lang='grc' dir='ltr'>γῇ</span> <span class='ocrx_word' id='word_1_48' title='bbox 1049 738 1155 792; x_wconf 89' lang='grc' dir='ltr'><strong>τῶν</strong></span> <span class='ocrx_word' id='word_1_49' title='bbox 1173 739 1450 793; x_wconf 85' lang='grc' dir='ltr'>Χαλδαίων</span> <span class='ocrx_word' id='word_1_50' title='bbox 1467 740 1557 792; x_wconf 78' lang='grc' dir='ltr'><strong>ἐπὶ</strong></span> <span class='ocrx_word' id='word_1_51' title='bbox 1579 740 1675 810; x_wconf 87' lang='grc' dir='ltr'>τῆς</span> <span class='ocrx_word' id='word_1_52' title='bbox 1700 739 2095 810; x_wconf 83' lang='grc' dir='ltr'><strong>αἰχμαλωσίας,</strong></span> 
     </span>
    </p>
   </div>
   <div class='ocr_carea' id='block_1_9' title="bbox 517 830 2098 903">
    <p class='ocr_par' dir='ltr' id='par_1_9' title="bbox 517 830 2098 903">
     <span class='ocr_line' id='line_1_9' title="bbox 517 830 2098 903; baseline 0.001 -19"><span class='ocrx_word' id='word_1_53' title='bbox 517 830 690 885; x_wconf 81' lang='grc' dir='ltr'>πολλὰ</span> <span class='ocrx_word' id='word_1_54' title='bbox 726 832 1112 903; x_wconf 81' lang='grc' dir='ltr'><strong>προφητεύσας</strong></span> <span class='ocrx_word' id='word_1_55' title='bbox 1154 833 1281 903; x_wconf 74' lang='grc' dir='ltr'>περὶ</span> <span class='ocrx_word' id='word_1_56' title='bbox 1312 832 1410 901; x_wconf 84' lang='grc' dir='ltr'>τῆς</span> <span class='ocrx_word' id='word_1_57' title='bbox 1454 830 1788 903; x_wconf 85' lang='grc' dir='ltr'>ἐπιστροφῆς</span> <span class='ocrx_word' id='word_1_58' title='bbox 1819 831 1911 885; x_wconf 89' lang='grc' dir='ltr'><strong>τοῦ</strong></span> <span class='ocrx_word' id='word_1_59' title='bbox 1944 831 2098 897; x_wconf 90' lang='grc' dir='ltr'>λαοῦ,</span> 
     </span>
    </p>
   </div>
   <div class='ocr_carea' id='block_1_10' title="bbox 520 923 2099 995">
    <p class='ocr_par' dir='ltr' id='par_1_10' title="bbox 520 923 2099 995">
     <span class='ocr_line' id='line_1_10' title="bbox 520 923 2099 995; baseline 0 -18"><span class='ocrx_word' id='word_1_60' title='bbox 520 925 615 977; x_wconf 76' lang='grc' dir='ltr'><strong>καὶ</strong></span> <span class='ocrx_word' id='word_1_61' title='bbox 648 924 777 995; x_wconf 79' lang='grc' dir='ltr'>περὶ</span> <span class='ocrx_word' id='word_1_62' title='bbox 806 925 908 993; x_wconf 79' lang='grc' dir='ltr'>τῆς</span> <span class='ocrx_word' id='word_1_63' title='bbox 930 924 1185 977; x_wconf 87' lang='grc' dir='ltr'>ἐπανόδου</span> <span class='ocrx_word' id='word_1_64' title='bbox 1209 923 1318 976; x_wconf 91' lang='grc' dir='ltr'><strong>τῶν</strong></span> <span class='ocrx_word' id='word_1_65' title='bbox 1341 924 1472 976; x_wconf 85' lang='grc' dir='ltr'>υίῶν</span> <span class='ocrx_word' id='word_1_66' title='bbox 1492 923 1728 995; x_wconf 82' lang='grc' dir='ltr'>Ἰσραὴλ,</span> <span class='ocrx_word' id='word_1_67' title='bbox 1763 923 1978 994; x_wconf 75' lang='grc' dir='ltr'>καὶτῆς</span> <span class='ocrx_word' id='word_1_68' title='bbox 2005 923 2099 977; x_wconf 87' lang='grc' dir='ltr'><strong>τοῦ</strong></span> 
     </span>
    </p>
   </div>
   <div class='ocr_carea' id='block_1_11' title="bbox 520 1011 2101 1085">
    <p class='ocr_par' dir='ltr' id='par_1_11' title="bbox 520 1011 2101 1085">
     <span class='ocr_line' id='line_1_11' title="bbox 520 1011 2101 1085; baseline -0.003 -18"><span class='ocrx_word' id='word_1_69' title='bbox 520 1013 728 1084; x_wconf 77' lang='grc' dir='ltr'>Κυρίου</span> <span class='ocrx_word' id='word_1_70' title='bbox 756 1012 1075 1085; x_wconf 82' lang='grc' dir='ltr'>παρουσίας.</span> <span class='ocrx_word' id='word_1_71' title='bbox 1126 1011 1438 1065; x_wconf 79' lang='grc' dir='ltr'>Ἀπέκτεινε</span> <span class='ocrx_word' id='word_1_72' title='bbox 1472 1012 1528 1065; x_wconf 88' lang='grc' dir='ltr'><strong>δέ</strong></span> <span class='ocrx_word' id='word_1_73' title='bbox 1561 1013 1722 1065; x_wconf 77' lang='grc' dir='ltr'>αὐτὸν</span> <span class='ocrx_word' id='word_1_74' title='bbox 1746 1014 1773 1066; x_wconf 93' lang='lat'><strong>6</strong></span> <span class='ocrx_word' id='word_1_75' title='bbox 1801 1011 2101 1083; x_wconf 81' lang='grc' dir='ltr'>ἡγούμενος</span> 
     </span>
    </p>
   </div>
   <div class='ocr_carea' id='block_1_12' title="bbox 518 1102 2099 1177">
    <p class='ocr_par' dir='ltr' id='par_1_12' title="bbox 518 1102 2099 1177">
     <span class='ocr_line' id='line_1_12' title="bbox 518 1102 2099 1177; baseline -0.003 -18"><span class='ocrx_word' id='word_1_76' title='bbox 518 1105 614 1159; x_wconf 85' lang='grc' dir='ltr'><strong>τοῦ</strong></span> <span class='ocrx_word' id='word_1_77' title='bbox 638 1103 767 1159; x_wconf 87' lang='grc' dir='ltr'>λαοῦ</span> <span class='ocrx_word' id='word_1_78' title='bbox 797 1106 855 1158; x_wconf 85' lang='grc' dir='ltr'><strong>ἐν</strong></span> <span class='ocrx_word' id='word_1_79' title='bbox 889 1107 953 1175; x_wconf 79' lang='grc' dir='ltr'>τῇ</span> <span class='ocrx_word' id='word_1_80' title='bbox 987 1104 1249 1177; x_wconf 75' lang='grc' dir='ltr'>παροικίᾳ</span> <span class='ocrx_word' id='word_1_81' title='bbox 1276 1102 1441 1156; x_wconf 82' lang='grc' dir='ltr'>αὑτοῦ</span> <span class='ocrx_word' id='word_1_82' title='bbox 1471 1104 1527 1155; x_wconf 86' lang='grc' dir='ltr'><strong>ἐν</strong></span> <span class='ocrx_word' id='word_1_83' title='bbox 1557 1103 1850 1165; x_wconf 82' lang='grc' dir='ltr'>Βαϐυλῶνι,</span> <span class='ocrx_word' id='word_1_84' title='bbox 1880 1103 2099 1173; x_wconf 80' lang='grc' dir='ltr'>ἐλεγχό-</span> 
     </span>
    </p>
   </div>
   <div class='ocr_carea' id='block_1_13' title="bbox 524 1192 2100 1267">
    <p class='ocr_par' dir='ltr' id='par_1_13' title="bbox 524 1192 2100 1267">
     <span class='ocr_line' id='line_1_13' title="bbox 524 1192 2100 1267; baseline -0.002 -19"><span class='ocrx_word' id='word_1_85' title='bbox 524 1213 683 1267; x_wconf 83' lang='grc' dir='ltr'>μενος</span> <span class='ocrx_word' id='word_1_86' title='bbox 703 1196 794 1248; x_wconf 60' lang='lat'><em>611?</em></span> <span class='ocrx_word' id='word_1_87' title='bbox 822 1194 987 1248; x_wconf 83' lang='grc' dir='ltr'>αὑτοῦ</span> <span class='ocrx_word' id='word_1_88' title='bbox 1016 1196 1108 1247; x_wconf 72' lang='grc' dir='ltr'><strong>ἐπὶ</strong></span> <span class='ocrx_word' id='word_1_89' title='bbox 1136 1193 1370 1247; x_wconf 77' lang='grc' dir='ltr'><strong>εἰδώλων</strong></span> <span class='ocrx_word' id='word_1_90' title='bbox 1397 1192 1725 1263; x_wconf 88' lang='grc' dir='ltr'>σεϐάσμασι.</span> <span class='ocrx_word' id='word_1_91' title='bbox 1754 1194 1865 1246; x_wconf 73' lang='grc' dir='ltr'><strong>Καὶ</strong></span> <span class='ocrx_word' id='word_1_92' title='bbox 1892 1192 2100 1261; x_wconf 74' lang='grc' dir='ltr'>ἔθαψαν</span> 
     </span>
    </p>
   </div>
   <div class='ocr_carea' id='block_1_14' title="bbox 517 1284 2101 1358">
    <p class='ocr_par' dir='ltr' id='par_1_14' title="bbox 517 1284 2101 1358">
     <span class='ocr_line' id='line_1_14' title="bbox 517 1284 2101 1358; baseline -0.004 -16"><span class='ocrx_word' id='word_1_93' title='bbox 517 1288 683 1342; x_wconf 85' lang='grc' dir='ltr'>αὐτὸν</span> <span class='ocrx_word' id='word_1_94' title='bbox 716 1290 773 1341; x_wconf 88' lang='grc' dir='ltr'><strong>ἐν</strong></span> <span class='ocrx_word' id='word_1_95' title='bbox 804 1287 881 1358; x_wconf 83' lang='grc' dir='ltr'>τῷ</span> <span class='ocrx_word' id='word_1_96' title='bbox 913 1286 1068 1357; x_wconf 83' lang='grc' dir='ltr'>ἀγρῷ</span> <span class='ocrx_word' id='word_1_97' title='bbox 1093 1288 1307 1358; x_wconf 82' lang='grc' dir='ltr'>Μαοὺρ,</span> <span class='ocrx_word' id='word_1_98' title='bbox 1343 1287 1400 1339; x_wconf 88' lang='grc' dir='ltr'><strong>ἐν</strong></span> <span class='ocrx_word' id='word_1_99' title='bbox 1436 1284 1512 1356; x_wconf 84' lang='grc' dir='ltr'>τῷ</span> <span class='ocrx_word' id='word_1_100' title='bbox 1536 1286 1693 1355; x_wconf 87' lang='grc' dir='ltr'>τάφῳ</span> <span class='ocrx_word' id='word_1_101' title='bbox 1721 1285 1843 1355; x_wconf 87' lang='grc' dir='ltr'><strong>Σὴμ</strong></span> <span class='ocrx_word' id='word_1_102' title='bbox 1868 1284 2101 1354; x_wconf 76' lang='grc' dir='ltr'>καὶἊρ-</span> 
     </span>
    </p>
   </div>
   <div class='ocr_carea' id='block_1_15' title="bbox 520 1376 2102 1449">
    <p class='ocr_par' dir='ltr' id='par_1_15' title="bbox 520 1376 2102 1449">
     <span class='ocr_line' id='line_1_15' title="bbox 520 1376 2102 1449; baseline -0.003 -17"><span class='ocrx_word' id='word_1_103' title='bbox 520 1378 698 1449; x_wconf 79' lang='grc' dir='ltr'>φαξάδ</span> <span class='ocrx_word' id='word_1_104' title='bbox 720 1378 968 1449; x_wconf 80' lang='grc' dir='ltr'>πατέρων</span> <span class='ocrx_word' id='word_1_105' title='bbox 984 1378 1262 1449; x_wconf 79' lang='grc' dir='ltr'>Ἀϐραάμ’</span> <span class='ocrx_word' id='word_1_106' title='bbox 1288 1379 1382 1432; x_wconf 79' lang='grc' dir='ltr'><strong>καὶ</strong></span> <span class='ocrx_word' id='word_1_107' title='bbox 1403 1377 1549 1431; x_wconf 79' lang='grc' dir='ltr'>ἔστιν</span> <span class='ocrx_word' id='word_1_108' title='bbox 1568 1379 1597 1430; x_wconf 93' lang='lat'><strong>6</strong></span> <span class='ocrx_word' id='word_1_109' title='bbox 1617 1378 1787 1447; x_wconf 84' lang='grc' dir='ltr'>τάφος</span> <span class='ocrx_word' id='word_1_110' title='bbox 1808 1376 1912 1439; x_wconf 77' lang='grc' dir='ltr'>ἕως</span> <span class='ocrx_word' id='word_1_111' title='bbox 1934 1377 1998 1445; x_wconf 86' lang='grc' dir='ltr'>σή</span> <span class='ocrx_word' id='word_1_112' title='bbox 2010 1393 2102 1445; x_wconf 79' lang='grc' dir='ltr'>μεο</span> 
     </span>
    </p>
   </div>
   <div class='ocr_carea' id='block_1_16' title="bbox 523 1464 2103 1539">
    <p class='ocr_par' dir='ltr' id='par_1_16' title="bbox 523 1464 2103 1539">
     <span class='ocr_line' id='line_1_16' title="bbox 523 1464 2103 1539; baseline -0.001 -18"><span class='ocrx_word' id='word_1_113' title='bbox 523 1486 617 1536; x_wconf 93' lang='grc' dir='ltr'><strong>ρον</strong></span> <span class='ocrx_word' id='word_1_114' title='bbox 650 1468 914 1539; x_wconf 85' lang='grc' dir='ltr'>σπήλαιον</span> <span class='ocrx_word' id='word_1_115' title='bbox 941 1468 1181 1522; x_wconf 78' lang='grc' dir='ltr'>διπλοῦν.</span> <span class='ocrx_word' id='word_1_116' title='bbox 1218 1469 1327 1521; x_wconf 65' lang='grc' dir='ltr'><strong>Καὶ¹</strong></span> <span class='ocrx_word' id='word_1_117' title='bbox 1354 1468 1463 1538; x_wconf 78' lang='grc' dir='ltr'>γὰρ</span> <span class='ocrx_word' id='word_1_118' title='bbox 1501 1468 1754 1538; x_wconf 76' lang='grc' dir='ltr'>Ἀϐραάμ</span> <span class='ocrx_word' id='word_1_119' title='bbox 1783 1468 1842 1521; x_wconf 92' lang='grc' dir='ltr'><strong>ἐν</strong></span> <span class='ocrx_word' id='word_1_120' title='bbox 1876 1464 2103 1537; x_wconf 85' lang='grc' dir='ltr'>Χεϐρὼν</span> 
     </span>
    </p>
   </div>
   <div class='ocr_carea' id='block_1_17' title="bbox 523 1554 2104 1630">
    <p class='ocr_par' dir='ltr' id='par_1_17' title="bbox 523 1554 2104 1630">
     <span class='ocr_line' id='line_1_17' title="bbox 523 1554 2104 1630; baseline -0.003 -19"><span class='ocrx_word' id='word_1_121' title='bbox 523 1558 658 1627; x_wconf 81' lang='grc' dir='ltr'>πρὸς</span> <span class='ocrx_word' id='word_1_122' title='bbox 685 1559 784 1628; x_wconf 84' lang='grc' dir='ltr'>τὴν</span> <span class='ocrx_word' id='word_1_123' title='bbox 803 1559 1095 1630; x_wconf 84' lang='grc' dir='ltr'>ὁμοιότητα</span> <span class='ocrx_word' id='word_1_124' title='bbox 1124 1558 1289 1611; x_wconf 86' lang='grc' dir='ltr'>αὐτοῦ</span> <span class='ocrx_word' id='word_1_125' title='bbox 1315 1557 1570 1627; x_wconf 87' lang='grc' dir='ltr'>ἐποίησεν</span> <span class='ocrx_word' id='word_1_126' title='bbox 1591 1557 1680 1610; x_wconf 85' lang='grc' dir='ltr'><strong>τὸν</strong></span> <span class='ocrx_word' id='word_1_127' title='bbox 1707 1554 2104 1626; x_wconf 48' lang='grc' dir='ltr'>τάφοννΣάρρας</span> 
     </span>
    </p>
   </div>
   <div class='ocr_carea' id='block_1_18' title="bbox 523 1648 2103 1719">
    <p class='ocr_par' dir='ltr' id='par_1_18' title="bbox 523 1648 2103 1719">
     <span class='ocr_line' id='line_1_18' title="bbox 523 1648 2103 1719; baseline -0.003 -17"><span class='ocrx_word' id='word_1_128' title='bbox 523 1650 621 1719; x_wconf 84' lang='grc' dir='ltr'>τῆς</span> <span class='ocrx_word' id='word_1_129' title='bbox 647 1651 902 1718; x_wconf 83' lang='grc' dir='ltr'>γυναικὸς</span> <span class='ocrx_word' id='word_1_130' title='bbox 927 1650 1113 1703; x_wconf 81' lang='grc' dir='ltr'>αὐτοῦ.</span> <span class='ocrx_word' id='word_1_131' title='bbox 1145 1649 1377 1703; x_wconf 89' lang='grc' dir='ltr'>Διπλοῦν</span> <span class='ocrx_word' id='word_1_132' title='bbox 1408 1650 1465 1703; x_wconf 89' lang='grc' dir='ltr'><strong>δέ</strong></span> <span class='ocrx_word' id='word_1_133' title='bbox 1494 1649 1733 1717; x_wconf 87' lang='grc' dir='ltr'>λέγεται,</span> <span class='ocrx_word' id='word_1_134' title='bbox 1764 1648 1847 1701; x_wconf 83' lang='grc' dir='ltr'>ὅτι</span> <span class='ocrx_word' id='word_1_135' title='bbox 1877 1648 2103 1719; x_wconf 83' lang='grc' dir='ltr'>ὀρυκτόν</span> 
     </span>
    </p>
   </div>
   <div class='ocr_carea' id='block_1_19' title="bbox 525 1737 2104 1812">
    <p class='ocr_par' dir='ltr' id='par_1_19' title="bbox 525 1737 2104 1812">
     <span class='ocr_line' id='line_1_19' title="bbox 525 1737 2104 1812; baseline -0.003 -17"><span class='ocrx_word' id='word_1_136' title='bbox 525 1744 664 1807; x_wconf 89' lang='grc' dir='ltr'>ἐστι,</span> <span class='ocrx_word' id='word_1_137' title='bbox 691 1742 785 1795; x_wconf 74' lang='grc' dir='ltr'><strong>καὶ</strong></span> <span class='ocrx_word' id='word_1_138' title='bbox 816 1741 1132 1812; x_wconf 83' lang='grc' dir='ltr'>ἀπόκρυφον</span> <span class='ocrx_word' id='word_1_139' title='bbox 1156 1741 1216 1805; x_wconf 79' lang='grc' dir='ltr'><strong>ἐξ</strong></span> <span class='ocrx_word' id='word_1_140' title='bbox 1247 1740 1526 1803; x_wconf 86' lang='grc' dir='ltr'>ἐπιπέδου,</span> <span class='ocrx_word' id='word_1_141' title='bbox 1549 1740 1643 1794; x_wconf 76' lang='grc' dir='ltr'><strong>καὶ</strong></span> <span class='ocrx_word' id='word_1_142' title='bbox 1674 1737 1925 1808; x_wconf 84' lang='grc' dir='ltr'>ὑπερῷόν</span> <span class='ocrx_word' id='word_1_143' title='bbox 1956 1739 2104 1790; x_wconf 84' lang='grc' dir='ltr'>ἐστιν</span> 
     </span>
    </p>
   </div>
   <div class='ocr_carea' id='block_1_20' title="bbox 2283 553 3777 633">
    <p class='ocr_par' dir='ltr' id='par_1_20' title="bbox 2283 553 3777 633">
     <span class='ocr_line' id='line_1_20' title="bbox 2283 553 3777 633; baseline -0.004 -19"><span class='ocrx_word' id='word_1_144' title='bbox 2283 562 2371 615; x_wconf 77' lang='lat' dir='ltr'><strong>IX.</strong></span> <span class='ocrx_word' id='word_1_145' title='bbox 2405 562 2653 617; x_wconf 79' lang='lat' dir='ltr'><strong>Ezechiel</strong></span> <span class='ocrx_word' id='word_1_146' title='bbox 2694 561 2955 633; x_wconf 88' lang='lat' dir='ltr'><strong>propheta</strong></span> <span class='ocrx_word' id='word_1_147' title='bbox 3005 560 3145 614; x_wconf 83' lang='lat' dir='ltr'><strong>[ilius</strong></span> <span class='ocrx_word' id='word_1_148' title='bbox 3177 555 3306 611; x_wconf 81' lang='lat' dir='ltr'><strong>Buzi</strong></span> <span class='ocrx_word' id='word_1_149' title='bbox 3354 571 3418 612; x_wconf 84' lang='lat' dir='ltr'><strong>ex</strong></span> <span class='ocrx_word' id='word_1_150' title='bbox 3456 570 3586 625; x_wconf 81' lang='lat' dir='ltr'><strong>agro</strong></span> <span class='ocrx_word' id='word_1_151' title='bbox 3616 553 3777 608; x_wconf 85' lang='lat' dir='ltr'><strong>Sare-</strong></span> 
     </span>
    </p>
   </div>
   <div class='ocr_carea' id='block_1_21' title="bbox 2207 646 3774 721">
    <p class='ocr_par' dir='ltr' id='par_1_21' title="bbox 2207 646 3774 721">
     <span class='ocr_line' id='line_1_21' title="bbox 2207 646 3774 721; baseline -0.006 -14"><span class='ocrx_word' id='word_1_152' title='bbox 2207 668 2341 707; x_wconf 90' lang='lat' dir='ltr'><strong>rano</strong></span> <span class='ocrx_word' id='word_1_153' title='bbox 2383 651 2656 721; x_wconf 83' lang='lat' dir='ltr'><strong>pontificia</strong></span> <span class='ocrx_word' id='word_1_154' title='bbox 2696 651 2863 719; x_wconf 86' lang='lat' dir='ltr'><strong>stirpe</strong></span> <span class='ocrx_word' id='word_1_155' title='bbox 2911 648 3196 711; x_wconf 87' lang='lat' dir='ltr'><strong>oriundus,</strong></span> <span class='ocrx_word' id='word_1_156' title='bbox 3229 661 3293 701; x_wconf 92' lang='lat' dir='ltr'><strong>ac</strong></span> <span class='ocrx_word' id='word_1_157' title='bbox 3322 646 3466 701; x_wconf 89' lang='lat' dir='ltr'><strong>tribu</strong></span> <span class='ocrx_word' id='word_1_158' title='bbox 3514 646 3774 708; x_wconf 83' lang='lat' dir='ltr'><strong>Levitica,</strong></span> 
     </span>
    </p>
   </div>
   <div class='ocr_carea' id='block_1_22' title="bbox 2208 740 3777 809">
    <p class='ocr_par' dir='ltr' id='par_1_22' title="bbox 2208 740 3777 809">
     <span class='ocr_line' id='line_1_22' title="bbox 2208 740 3777 809; baseline -0.005 -14"><span class='ocrx_word' id='word_1_159' title='bbox 2208 742 2259 795; x_wconf 90' lang='lat' dir='ltr'><strong>in</strong></span> <span class='ocrx_word' id='word_1_160' title='bbox 2296 740 2546 796; x_wconf 70' lang='lat' dir='ltr'><strong>Chaldaea</strong></span> <span class='ocrx_word' id='word_1_161' title='bbox 2587 741 2917 809; x_wconf 73' lang='lat' dir='ltr'><strong>captivitatis</strong></span> <span class='ocrx_word' id='word_1_162' title='bbox 2960 749 3201 807; x_wconf 87' lang='lat' dir='ltr'><strong>tempore</strong></span> <span class='ocrx_word' id='word_1_163' title='bbox 3232 746 3479 792; x_wconf 91' lang='lat' dir='ltr'><strong>mortuus</strong></span> <span class='ocrx_word' id='word_1_164' title='bbox 3515 745 3618 797; x_wconf 86' lang='lat' dir='ltr'><strong>est,</strong></span> <span class='ocrx_word' id='word_1_165' title='bbox 3654 752 3777 790; x_wconf 89' lang='lat' dir='ltr'><strong>cum</strong></span> 
     </span>
    </p>
   </div>
   <div class='ocr_carea' id='block_1_23' title="bbox 2209 826 3777 900">
    <p class='ocr_par' dir='ltr' id='par_1_23' title="bbox 2209 826 3777 900">
     <span class='ocr_line' id='line_1_23' title="bbox 2209 826 3777 900; baseline -0.004 -13"><span class='ocrx_word' id='word_1_166' title='bbox 2209 832 2377 887; x_wconf 90' lang='lat' dir='ltr'><strong>multa</strong></span> <span class='ocrx_word' id='word_1_167' title='bbox 2417 831 2485 887; x_wconf 89' lang='lat' dir='ltr'><strong>de</strong></span> <span class='ocrx_word' id='word_1_168' title='bbox 2530 832 2886 886; x_wconf 75' lang='lat' dir='ltr'><strong>conversione</strong></span> <span class='ocrx_word' id='word_1_169' title='bbox 2932 830 3137 900; x_wconf 82' lang='lat' dir='ltr'><strong>populi,</strong></span> <span class='ocrx_word' id='word_1_170' title='bbox 3188 829 3363 899; x_wconf 87' lang='lat' dir='ltr'><strong>deque</strong></span> <span class='ocrx_word' id='word_1_171' title='bbox 3407 826 3777 882; x_wconf 88' lang='lat' dir='ltr'><strong>lsraelitarum</strong></span> 
     </span>
    </p>
   </div>
   <div class='ocr_carea' id='block_1_24' title="bbox 2210 916 3783 990">
    <p class='ocr_par' dir='ltr' id='par_1_24' title="bbox 2210 916 3783 990">
     <span class='ocr_line' id='line_1_24' title="bbox 2210 916 3783 990; baseline -0.003 -14"><span class='ocrx_word' id='word_1_172' title='bbox 2210 923 2408 988; x_wconf 90' lang='lat' dir='ltr'><strong>reditu,</strong></span> <span class='ocrx_word' id='word_1_173' title='bbox 2464 937 2528 975; x_wconf 90' lang='lat' dir='ltr'><strong>ac</strong></span> <span class='ocrx_word' id='word_1_174' title='bbox 2588 920 2801 975; x_wconf 85' lang='lat' dir='ltr'><strong>Domini</strong></span> <span class='ocrx_word' id='word_1_175' title='bbox 2858 919 3093 974; x_wconf 88' lang='lat' dir='ltr'><strong>adventu</strong></span> <span class='ocrx_word' id='word_1_176' title='bbox 3136 918 3494 990; x_wconf 71' lang='lat' dir='ltr'><strong>prtedixisset.</strong></span> <span class='ocrx_word' id='word_1_177' title='bbox 3551 916 3783 973; x_wconf 85' lang='lat' dir='ltr'><strong>Occisus</strong></span> 
     </span>
    </p>
   </div>
   <div class='ocr_carea' id='block_1_25' title="bbox 2207 1010 3781 1086">
    <p class='ocr_par' dir='ltr' id='par_1_25' title="bbox 2207 1010 3781 1086">
     <span class='ocr_line' id='line_1_25' title="bbox 2207 1010 3781 1086; baseline -0.005 -16"><span class='ocrx_word' id='word_1_178' title='bbox 2207 1023 2291 1070; x_wconf 89' lang='lat' dir='ltr'><strong>est</strong></span> <span class='ocrx_word' id='word_1_179' title='bbox 2340 1014 2613 1086; x_wconf 83' lang='lat' dir='ltr'><strong>Babylone</strong></span> <span class='ocrx_word' id='word_1_180' title='bbox 2667 1028 2697 1067; x_wconf 89' lang='lat' dir='ltr'><strong>a</strong></span> <span class='ocrx_word' id='word_1_181' title='bbox 2751 1012 2890 1068; x_wconf 92' lang='lat' dir='ltr'><strong>duce</strong></span> <span class='ocrx_word' id='word_1_182' title='bbox 2938 1013 3143 1083; x_wconf 86' lang='lat' dir='ltr'><strong>populi,</strong></span> <span class='ocrx_word' id='word_1_183' title='bbox 3189 1011 3244 1066; x_wconf 92' lang='lat' dir='ltr'><strong>in</strong></span> <span class='ocrx_word' id='word_1_184' title='bbox 3276 1026 3340 1067; x_wconf 88' lang='lat' dir='ltr'><strong>ea</strong></span> <span class='ocrx_word' id='word_1_185' title='bbox 3391 1011 3645 1077; x_wconf 77' lang='lat' dir='ltr'><strong>statione,</strong></span> <span class='ocrx_word' id='word_1_186' title='bbox 3692 1010 3781 1063; x_wconf 91' lang='lat' dir='ltr'><strong>cui</strong></span> 
     </span>
    </p>
   </div>
   <div class='ocr_carea' id='block_1_26' title="bbox 2209 1102 3780 1176">
    <p class='ocr_par' dir='ltr' id='par_1_26' title="bbox 2209 1102 3780 1176">
     <span class='ocr_line' id='line_1_26' title="bbox 2209 1102 3780 1176; baseline -0.004 -15"><span class='ocrx_word' id='word_1_187' title='bbox 2209 1113 2442 1176; x_wconf 77' lang='lat' dir='ltr'><strong>praeerat</strong></span> <span class='ocrx_word' id='word_1_188' title='bbox 2474 1124 2487 1160; x_wconf 87' lang='lat'><strong>:</strong></span> <span class='ocrx_word' id='word_1_189' title='bbox 2537 1120 2662 1160; x_wconf 91' lang='lat' dir='ltr'><strong>cum</strong></span> <span class='ocrx_word' id='word_1_190' title='bbox 2696 1105 2874 1175; x_wconf 91' lang='lat' dir='ltr'><strong>ipsum</strong></span> <span class='ocrx_word' id='word_1_191' title='bbox 2917 1104 3181 1174; x_wconf 82' lang='lat' dir='ltr'><strong>propheta</strong></span> <span class='ocrx_word' id='word_1_192' title='bbox 3219 1103 3287 1158; x_wconf 89' lang='lat' dir='ltr'><strong>de</strong></span> <span class='ocrx_word' id='word_1_193' title='bbox 3326 1102 3592 1157; x_wconf 86' lang='lat' dir='ltr'><strong>idolorum</strong></span> <span class='ocrx_word' id='word_1_194' title='bbox 3626 1102 3780 1155; x_wconf 90' lang='lat' dir='ltr'><strong>cultu</strong></span> 
     </span>
    </p>
   </div>
   <div class='ocr_carea' id='block_1_27' title="bbox 2209 1193 3784 1270">
    <p class='ocr_par' dir='ltr' id='par_1_27' title="bbox 2209 1193 3784 1270">
     <span class='ocr_line' id='line_1_27' title="bbox 2209 1193 3784 1270; baseline -0.006 -14"><span class='ocrx_word' id='word_1_195' title='bbox 2209 1200 2578 1270; x_wconf 79' lang='lat' dir='ltr'><strong>redargueret.</strong></span> <span class='ocrx_word' id='word_1_196' title='bbox 2614 1198 2870 1270; x_wconf 84' lang='lat' dir='ltr'><strong>Sepultus</strong></span> <span class='ocrx_word' id='word_1_197' title='bbox 2895 1196 3090 1251; x_wconf 87' lang='lat' dir='ltr'><strong>deinde</strong></span> <span class='ocrx_word' id='word_1_198' title='bbox 3117 1195 3171 1249; x_wconf 92' lang='lat' dir='ltr'><strong>in</strong></span> <span class='ocrx_word' id='word_1_199' title='bbox 3206 1210 3337 1265; x_wconf 78' lang='lat' dir='ltr'><strong>agro</strong></span> <span class='ocrx_word' id='word_1_200' title='bbox 3365 1193 3539 1259; x_wconf 82' lang='lat' dir='ltr'><strong>Maur,</strong></span> <span class='ocrx_word' id='word_1_201' title='bbox 3575 1194 3628 1248; x_wconf 93' lang='lat' dir='ltr'><strong>in</strong></span> <span class='ocrx_word' id='word_1_202' title='bbox 3666 1208 3784 1247; x_wconf 88' lang='lat' dir='ltr'><strong>mo-</strong></span> 
     </span>
    </p>
   </div>
   <div class='ocr_carea' id='block_1_28' title="bbox 2211 1285 3781 1358">
    <p class='ocr_par' dir='ltr' id='par_1_28' title="bbox 2211 1285 3781 1358">
     <span class='ocr_line' id='line_1_28' title="bbox 2211 1285 3781 1358; baseline -0.004 -13"><span class='ocrx_word' id='word_1_203' title='bbox 2211 1299 2468 1346; x_wconf 85' lang='lat' dir='ltr'><strong>numento</strong></span> <span class='ocrx_word' id='word_1_204' title='bbox 2514 1290 2638 1345; x_wconf 87' lang='lat' dir='ltr'><strong>Sem</strong></span> <span class='ocrx_word' id='word_1_205' title='bbox 2677 1297 2732 1345; x_wconf 91' lang='lat' dir='ltr'><strong>et</strong></span> <span class='ocrx_word' id='word_1_206' title='bbox 2774 1287 3065 1358; x_wconf 81' lang='lat' dir='ltr'><strong>Arphaxad</strong></span> <span class='ocrx_word' id='word_1_207' title='bbox 3116 1287 3385 1356; x_wconf 81' lang='lat' dir='ltr'><strong>majorum</strong></span> <span class='ocrx_word' id='word_1_208' title='bbox 3437 1285 3781 1340; x_wconf 83' lang='lat' dir='ltr'><strong>Abrahami:</strong></span> 
     </span>
    </p>
   </div>
   <div class='ocr_carea' id='block_1_29' title="bbox 2210 1376 3784 1453">
    <p class='ocr_par' dir='ltr' id='par_1_29' title="bbox 2210 1376 3784 1453">
     <span class='ocr_line' id='line_1_29' title="bbox 2210 1376 3784 1453; baseline -0.007 -14"><span class='ocrx_word' id='word_1_209' title='bbox 2210 1394 2261 1439; x_wconf 89' lang='lat' dir='ltr'><strong>et</strong></span> <span class='ocrx_word' id='word_1_210' title='bbox 2318 1382 2586 1453; x_wconf 88' lang='lat' dir='ltr'><strong>hodieque</strong></span> <span class='ocrx_word' id='word_1_211' title='bbox 2627 1382 2942 1453; x_wconf 78' lang='lat' dir='ltr'><strong>sepulcrum</strong></span> <span class='ocrx_word' id='word_1_212' title='bbox 2976 1378 3124 1434; x_wconf 89' lang='lat' dir='ltr'><strong>istud</strong></span> <span class='ocrx_word' id='word_1_213' title='bbox 3156 1379 3354 1433; x_wconf 75' lang='lat' dir='ltr'><strong>visitur</strong></span> <span class='ocrx_word' id='word_1_214' title='bbox 3388 1378 3646 1447; x_wconf 83' lang='lat' dir='ltr'><strong>spelunca</strong></span> <span class='ocrx_word' id='word_1_215' title='bbox 3679 1376 3784 1429; x_wconf 87' lang='lat' dir='ltr'><strong>du-</strong></span> 
     </span>
    </p>
   </div>
   <div class='ocr_carea' id='block_1_30' title="bbox 2212 1466 3787 1545">
    <p class='ocr_par' dir='ltr' id='par_1_30' title="bbox 2212 1466 3787 1545">
     <span class='ocr_line' id='line_1_30' title="bbox 2212 1466 3787 1545; baseline -0.004 -16"><span class='ocrx_word' id='word_1_216' title='bbox 2212 1473 2362 1545; x_wconf 87' lang='lat' dir='ltr'><strong>plici.</strong></span> <span class='ocrx_word' id='word_1_217' title='bbox 2389 1474 2523 1527; x_wconf 89' lang='lat' dir='ltr'><strong>Nam</strong></span> <span class='ocrx_word' id='word_1_218' title='bbox 2555 1473 2900 1528; x_wconf 86' lang='lat' dir='ltr'><strong>Abrahamus</strong></span> <span class='ocrx_word' id='word_1_219' title='bbox 2933 1470 3000 1525; x_wconf 89' lang='lat' dir='ltr'><strong>ad</strong></span> <span class='ocrx_word' id='word_1_220' title='bbox 3033 1470 3154 1541; x_wconf 85' lang='lat' dir='ltr'><strong>ejus</strong></span> <span class='ocrx_word' id='word_1_221' title='bbox 3195 1469 3607 1525; x_wconf 89' lang='lat' dir='ltr'><strong>similitudinem</strong></span> <span class='ocrx_word' id='word_1_222' title='bbox 3638 1466 3787 1522; x_wconf 64' lang='lat' dir='ltr'><strong>Sara:</strong></span> 
     </span>
    </p>
   </div>
   <div class='ocr_carea' id='block_1_31' title="bbox 2211 1555 3787 1635">
    <p class='ocr_par' dir='ltr' id='par_1_31' title="bbox 2211 1555 3787 1635">
     <span class='ocr_line' id='line_1_31' title="bbox 2211 1555 3787 1635; baseline -0.008 -15"><span class='ocrx_word' id='word_1_223' title='bbox 2211 1565 2465 1635; x_wconf 70' lang='lat' dir='ltr'><strong>conjugis</strong></span> <span class='ocrx_word' id='word_1_224' title='bbox 2503 1565 2813 1634; x_wconf 89' lang='lat' dir='ltr'><strong>sepulcrum</strong></span> <span class='ocrx_word' id='word_1_225' title='bbox 2839 1561 3125 1616; x_wconf 83' lang='lat' dir='ltr'><strong>Chebrone</strong></span> <span class='ocrx_word' id='word_1_226' title='bbox 3148 1557 3476 1614; x_wconf 66' lang='lat' dir='ltr'><strong>construxit.</strong></span> <span class='ocrx_word' id='word_1_227' title='bbox 3506 1555 3631 1611; x_wconf 88' lang='lat' dir='ltr'><strong>ideo</strong></span> <span class='ocrx_word' id='word_1_228' title='bbox 3657 1569 3787 1610; x_wconf 85' lang='lat' dir='ltr'><strong>vero</strong></span> 
     </span>
    </p>
   </div>
   <div class='ocr_carea' id='block_1_32' title="bbox 2212 1650 3784 1727">
    <p class='ocr_par' dir='ltr' id='par_1_32' title="bbox 2212 1650 3784 1727">
     <span class='ocr_line' id='line_1_32' title="bbox 2212 1650 3784 1727; baseline -0.008 -15"><span class='ocrx_word' id='word_1_229' title='bbox 2212 1657 2407 1727; x_wconf 80' lang='lat' dir='ltr'><strong>duplex</strong></span> <span class='ocrx_word' id='word_1_230' title='bbox 2442 1656 2762 1726; x_wconf 87' lang='lat' dir='ltr'><strong>appellatur,</strong></span> <span class='ocrx_word' id='word_1_231' title='bbox 2803 1653 2948 1724; x_wconf 87' lang='lat' dir='ltr'><strong>quod</strong></span> <span class='ocrx_word' id='word_1_232' title='bbox 2997 1660 3315 1707; x_wconf 82' lang='lat' dir='ltr'><strong>excavatum</strong></span> <span class='ocrx_word' id='word_1_233' title='bbox 3358 1650 3465 1713; x_wconf 85' lang='lat' dir='ltr'><strong>sit,</strong></span> <span class='ocrx_word' id='word_1_234' title='bbox 3511 1655 3673 1718; x_wconf 88' lang='lat' dir='ltr'><strong>atque</strong></span> <span class='ocrx_word' id='word_1_235' title='bbox 3718 1661 3784 1700; x_wconf 82' lang='lat' dir='ltr'><strong>ex</strong></span> 
     </span>
    </p>
   </div>
   <div class='ocr_carea' id='block_1_33' title="bbox 2213 1737 3787 1818">
    <p class='ocr_par' dir='ltr' id='par_1_33' title="bbox 2213 1737 3787 1818">
     <span class='ocr_line' id='line_1_33' title="bbox 2213 1737 3787 1818; baseline -0.008 -18"><span class='ocrx_word' id='word_1_236' title='bbox 2213 1747 2436 1818; x_wconf 85' lang='lat' dir='ltr'><strong>planitie</strong></span> <span class='ocrx_word' id='word_1_237' title='bbox 2473 1744 2852 1810; x_wconf 89' lang='lat' dir='ltr'><strong>reconditum;</strong></span> <span class='ocrx_word' id='word_1_238' title='bbox 2890 1750 3002 1797; x_wconf 91' lang='lat' dir='ltr'><strong>tum</strong></span> <span class='ocrx_word' id='word_1_239' title='bbox 3047 1741 3183 1796; x_wconf 87' lang='lat' dir='ltr'><strong>cella</strong></span> <span class='ocrx_word' id='word_1_240' title='bbox 3216 1748 3351 1794; x_wconf 89' lang='lat' dir='ltr'><strong>esta</strong></span> <span class='ocrx_word' id='word_1_241' title='bbox 3385 1746 3533 1794; x_wconf 88' lang='lat' dir='ltr'><strong>terra</strong></span> <span class='ocrx_word' id='word_1_242' title='bbox 3568 1737 3622 1789; x_wconf 92' lang='lat' dir='ltr'><strong>in</strong></span> <span class='ocrx_word' id='word_1_243' title='bbox 3653 1750 3787 1791; x_wconf 74' lang='lat' dir='ltr'><strong>saxo</strong></span> 
     </span>
    </p>
   </div>
   <div class='ocr_carea' id='block_1_34' title="bbox 524 1825 2122 1925">
    <p class='ocr_par' dir='ltr' id='par_1_34' title="bbox 524 1825 2105 1904">
     <span class='ocr_line' id='line_1_34' title="bbox 524 1825 2105 1904; baseline -0.001 -21"><span class='ocrx_word' id='word_1_244' title='bbox 524 1832 619 1885; x_wconf 75' lang='grc' dir='ltr'>ἐπὶ</span> <span class='ocrx_word' id='word_1_245' title='bbox 664 1833 767 1901; x_wconf 78' lang='grc' dir='ltr'>γῆς</span> <span class='ocrx_word' id='word_1_246' title='bbox 805 1834 863 1886; x_wconf 89' lang='grc' dir='ltr'><strong>ἐν</strong></span> <span class='ocrx_word' id='word_1_247' title='bbox 894 1833 1072 1903; x_wconf 79' lang='grc' dir='ltr'>πέτρᾳ</span> <span class='ocrx_word' id='word_1_248' title='bbox 1105 1832 1473 1904; x_wconf 83' lang='grc' dir='ltr'>κρεμάμενον.</span> <span class='ocrx_word' id='word_1_249' title='bbox 1524 1825 1690 1894; x_wconf 75' lang='grc' dir='ltr'>Οὗτος</span> <span class='ocrx_word' id='word_1_250' title='bbox 1714 1826 1806 1882; x_wconf 79' lang='grc' dir='ltr'><strong>οὖν</strong></span> <span class='ocrx_word' id='word_1_251' title='bbox 1834 1830 1863 1881; x_wconf 93' lang='lat'><strong>6</strong></span> <span class='ocrx_word' id='word_1_252' title='bbox 1896 1828 2105 1899; x_wconf 81' lang='grc' dir='ltr'>προφή-</span> 
     </span>
    </p>
   </div>
   <div class='ocr_carea' id='block_1_35' title="bbox 2222 1825 3788 1925">
    <p class='ocr_par' dir='ltr' id='par_1_35' title="bbox 2222 1827 3788 1925">
     <span class='ocr_line' id='line_1_35' title="bbox 2222 1827 3788 1925; baseline -0.01 -31"><span class='ocrx_word' id='word_1_253' title='bbox 2222 1853 2498 1925; x_wconf 78' lang='lat' dir='ltr'><strong>suspensa.</strong></span> <span class='ocrx_word' id='word_1_254' title='bbox 2530 1837 2798 1892; x_wconf 66' lang='lat' dir='ltr'><strong>Carterum</strong></span> <span class='ocrx_word' id='word_1_255' title='bbox 2851 1834 2994 1889; x_wconf 87' lang='lat' dir='ltr'><strong>idem</strong></span> <span class='ocrx_word' id='word_1_256' title='bbox 3032 1833 3122 1887; x_wconf 90' lang='lat' dir='ltr'><strong>ille</strong></span> <span class='ocrx_word' id='word_1_257' title='bbox 3167 1831 3431 1901; x_wconf 79' lang='lat' dir='ltr'><strong>propheta</strong></span> <span class='ocrx_word' id='word_1_258' title='bbox 3475 1828 3675 1899; x_wconf 91' lang='lat' dir='ltr'><strong>populo</strong></span> <span class='ocrx_word' id='word_1_259' title='bbox 3714 1827 3788 1880; x_wconf 84' lang='lat' dir='ltr'><strong>si-</strong></span> 
     </span>
    </p>
   </div>
   <div class='ocr_carea' id='block_1_36' title="bbox 520 1920 2107 1995">
    <p class='ocr_par' dir='ltr' id='par_1_36' title="bbox 520 1920 2107 1995">
     <span class='ocr_line' id='line_1_36' title="bbox 520 1920 2107 1995; baseline -0.004 -18"><span class='ocrx_word' id='word_1_260' title='bbox 520 1938 625 1992; x_wconf 44' lang='grc' dir='ltr'>ντης</span> <span class='ocrx_word' id='word_1_261' title='bbox 664 1922 830 1994; x_wconf 80' lang='grc' dir='ltr'>τέρας</span> <span class='ocrx_word' id='word_1_262' title='bbox 869 1923 1035 1977; x_wconf 75' lang='grc' dir='ltr'>ἔδωκε</span> <span class='ocrx_word' id='word_1_263' title='bbox 1081 1924 1159 1995; x_wconf 80' lang='grc' dir='ltr'><strong>τῷ</strong></span> <span class='ocrx_word' id='word_1_264' title='bbox 1193 1924 1327 1994; x_wconf 84' lang='grc' dir='ltr'>λαῷ,</span> <span class='ocrx_word' id='word_1_265' title='bbox 1372 1924 1514 1978; x_wconf 83' lang='grc' dir='ltr'>ὥστε</span> <span class='ocrx_word' id='word_1_266' title='bbox 1554 1921 1841 1994; x_wconf 80' lang='grc' dir='ltr'>προσέχειν</span> <span class='ocrx_word' id='word_1_267' title='bbox 1889 1920 1967 1990; x_wconf 82' lang='grc' dir='ltr'>τῷ</span> <span class='ocrx_word' id='word_1_268' title='bbox 2008 1936 2107 1971; x_wconf 87' lang='grc' dir='ltr'>πο-</span> 
     </span>
    </p>
   </div>
   <div class='ocr_carea' id='block_1_37' title="bbox 520 2008 2110 2087">
    <p class='ocr_par' dir='ltr' id='par_1_37' title="bbox 520 2008 2110 2087">
     <span class='ocr_line' id='line_1_37' title="bbox 520 2008 2110 2087; baseline -0.003 -23"><span class='ocrx_word' id='word_1_269' title='bbox 520 2013 687 2085; x_wconf 82' lang='grc' dir='ltr'>ταμῷ</span> <span class='ocrx_word' id='word_1_270' title='bbox 727 2015 933 2087; x_wconf 78' lang='grc' dir='ltr'>Χοϐἀρ,</span> <span class='ocrx_word' id='word_1_271' title='bbox 965 2017 1045 2068; x_wconf 86' lang='grc' dir='ltr'>ὅτι</span> <span class='ocrx_word' id='word_1_272' title='bbox 1072 2017 1198 2070; x_wconf 84' lang='grc' dir='ltr'>ὅταν</span> <span class='ocrx_word' id='word_1_273' title='bbox 1222 2015 1449 2087; x_wconf 76' lang='grc' dir='ltr'>ἐκλείπῃ</span> <span class='ocrx_word' id='word_1_274' title='bbox 1481 2014 1541 2067; x_wconf 85' lang='grc' dir='ltr'><strong>τὸ</strong></span> <span class='ocrx_word' id='word_1_275' title='bbox 1575 2012 1720 2082; x_wconf 71' lang='grc' dir='ltr'>ὕδωρ</span> <span class='ocrx_word' id='word_1_276' title='bbox 1746 2009 1933 2073; x_wconf 82' lang='grc' dir='ltr'>αὑτοῦ,</span> <span class='ocrx_word' id='word_1_277' title='bbox 1960 2008 2110 2062; x_wconf 89' lang='grc' dir='ltr'>ἐλπί-</span> 
     </span>
    </p>
   </div>
   <div class='ocr_carea' id='block_1_38' title="bbox 526 2099 2108 2176">
    <p class='ocr_par' dir='ltr' id='par_1_38' title="bbox 526 2099 2108 2176">
     <span class='ocr_line' id='line_1_38' title="bbox 526 2099 2108 2176; baseline 0.004 -21"><span class='ocrx_word' id='word_1_278' title='bbox 526 2105 645 2167; x_wconf 84' lang='grc' dir='ltr'>ζειν</span> <span class='ocrx_word' id='word_1_279' title='bbox 681 2105 742 2157; x_wconf 88' lang='grc' dir='ltr'><strong>τὸ</strong></span> <span class='ocrx_word' id='word_1_280' title='bbox 770 2105 1039 2174; x_wconf 85' lang='grc' dir='ltr'>δρέπανον</span> <span class='ocrx_word' id='word_1_281' title='bbox 1063 2106 1162 2174; x_wconf 79' lang='grc' dir='ltr'>τῆς</span> <span class='ocrx_word' id='word_1_282' title='bbox 1188 2103 1522 2176; x_wconf 76' lang='grc' dir='ltr'>ἐρημώσεως</span> <span class='ocrx_word' id='word_1_283' title='bbox 1550 2104 1629 2166; x_wconf 88' lang='grc' dir='ltr'>εἰς</span> <span class='ocrx_word' id='word_1_284' title='bbox 1653 2102 1824 2173; x_wconf 83' lang='grc' dir='ltr'>πέρας</span> <span class='ocrx_word' id='word_1_285' title='bbox 1849 2100 1950 2169; x_wconf 79' lang='grc' dir='ltr'>τῆς</span> <span class='ocrx_word' id='word_1_286' title='bbox 1977 2099 2108 2169; x_wconf 82' lang='grc' dir='ltr'>γῆς’</span> 
     </span>
    </p>
   </div>
   <div class='ocr_carea' id='block_1_39' title="bbox 531 2191 2114 2268">
    <p class='ocr_par' dir='ltr' id='par_1_39' title="bbox 531 2191 2114 2268">
     <span class='ocr_line' id='line_1_39' title="bbox 531 2191 2114 2268; baseline -0.005 -18"><span class='ocrx_word' id='word_1_287' title='bbox 531 2197 625 2250; x_wconf 77' lang='grc' dir='ltr'><strong>καὶ</strong></span> <span class='ocrx_word' id='word_1_288' title='bbox 649 2198 776 2249; x_wconf 81' lang='grc' dir='ltr'>ὅταν</span> <span class='ocrx_word' id='word_1_289' title='bbox 806 2197 1168 2268; x_wconf 80' lang='grc' dir='ltr'>πλημμυρίσῃ</span> <span class='ocrx_word' id='word_1_290' title='bbox 1194 2195 1357 2250; x_wconf 77' lang='grc' dir='ltr'>αὐτοῦ</span> <span class='ocrx_word' id='word_1_291' title='bbox 1386 2195 1447 2248; x_wconf 76' lang='grc' dir='ltr'>τὸ</span> <span class='ocrx_word' id='word_1_292' title='bbox 1482 2194 1649 2265; x_wconf 76' lang='grc' dir='ltr'>ὕδωρ,</span> <span class='ocrx_word' id='word_1_293' title='bbox 1680 2192 1779 2264; x_wconf 82' lang='grc' dir='ltr'>τὴν</span> <span class='ocrx_word' id='word_1_294' title='bbox 1812 2194 1893 2255; x_wconf 85' lang='grc' dir='ltr'><strong>είς</strong></span> <span class='ocrx_word' id='word_1_295' title='bbox 1921 2191 2114 2262; x_wconf 77' lang='grc' dir='ltr'>Ἰερου-</span> 
     </span>
    </p>
   </div>
   <div class='ocr_carea' id='block_1_40' title="bbox 524 2278 2114 2358">
    <p class='ocr_par' dir='ltr' id='par_1_40' title="bbox 524 2278 2114 2358">
     <span class='ocr_line' id='line_1_40' title="bbox 524 2278 2114 2358; baseline -0.004 -19"><span class='ocrx_word' id='word_1_296' title='bbox 524 2286 712 2358; x_wconf 74' lang='grc' dir='ltr'>σαλὴμ</span> <span class='ocrx_word' id='word_1_297' title='bbox 742 2288 998 2341; x_wconf 68' lang='grc' dir='ltr'>ἐπάνοδον</span> <span class='ocrx_word' id='word_1_298' title='bbox 1024 2286 1205 2341; x_wconf 76' lang='grc' dir='ltr'>αὐτῶν</span> <span class='ocrx_word' id='word_1_299' title='bbox 1240 2285 1483 2357; x_wconf 80' lang='grc' dir='ltr'>σημαίνῃ</span> <span class='ocrx_word' id='word_1_300' title='bbox 1501 2301 1513 2315; x_wconf 71' lang='grc'><strong><em>⁸</em></strong></span> <span class='ocrx_word' id='word_1_301' title='bbox 1542 2284 1571 2337; x_wconf 86' lang='grc' dir='ltr'><strong>ὃ</strong></span> <span class='ocrx_word' id='word_1_302' title='bbox 1600 2284 1693 2336; x_wconf 77' lang='grc' dir='ltr'><strong>καὶ</strong></span> <span class='ocrx_word' id='word_1_303' title='bbox 1720 2282 1962 2351; x_wconf 85' lang='grc' dir='ltr'>γέγονεν.</span> <span class='ocrx_word' id='word_1_304' title='bbox 2002 2278 2114 2334; x_wconf 73' lang='grc' dir='ltr'>Καὶ</span> 
     </span>
    </p>
   </div>
   <div class='ocr_carea' id='block_1_41' title="bbox 532 2370 2115 2449">
    <p class='ocr_par' dir='ltr' id='par_1_41' title="bbox 532 2370 2115 2449">
     <span class='ocr_line' id='line_1_41' title="bbox 532 2370 2115 2449; baseline -0.008 -15"><span class='ocrx_word' id='word_1_305' title='bbox 532 2380 749 2448; x_wconf 61' lang='grc' dir='ltr'>εἰςτγῆν</span> <span class='ocrx_word' id='word_1_306' title='bbox 790 2378 899 2432; x_wconf 88' lang='grc' dir='ltr'><strong>τῶν</strong></span> <span class='ocrx_word' id='word_1_307' title='bbox 932 2378 1141 2449; x_wconf 84' lang='grc' dir='ltr'>Συρίων</span> <span class='ocrx_word' id='word_1_308' title='bbox 1178 2380 1355 2431; x_wconf 81' lang='grc' dir='ltr'>κεῖται</span> <span class='ocrx_word' id='word_1_309' title='bbox 1387 2378 1414 2429; x_wconf 88' lang='lat'><strong>6</strong></span> <span class='ocrx_word' id='word_1_310' title='bbox 1445 2378 1609 2438; x_wconf 86' lang='grc' dir='ltr'>ὅσιος,</span> <span class='ocrx_word' id='word_1_311' title='bbox 1642 2374 1737 2427; x_wconf 70' lang='grc' dir='ltr'>καὶ</span> <span class='ocrx_word' id='word_1_312' title='bbox 1770 2370 2115 2443; x_wconf 68' lang='grc' dir='ltr'>πολλοὶπρὸς</span> 
     </span>
    </p>
   </div>
   <div class='ocr_carea' id='block_1_42' title="bbox 530 2463 2116 2539">
    <p class='ocr_par' dir='ltr' id='par_1_42' title="bbox 530 2463 2116 2539">
     <span class='ocr_line' id='line_1_42' title="bbox 530 2463 2116 2539; baseline -0.004 -17"><span class='ocrx_word' id='word_1_313' title='bbox 530 2471 622 2523; x_wconf 82' lang='grc' dir='ltr'><strong>τὸν</strong></span> <span class='ocrx_word' id='word_1_314' title='bbox 659 2471 828 2539; x_wconf 89' lang='grc' dir='ltr'>τάφον</span> <span class='ocrx_word' id='word_1_315' title='bbox 865 2469 1028 2525; x_wconf 82' lang='grc' dir='ltr'>αὑτοῦ</span> <span class='ocrx_word' id='word_1_316' title='bbox 1058 2468 1507 2539; x_wconf 85' lang='grc' dir='ltr'>συνεστρέφοντο,</span> <span class='ocrx_word' id='word_1_317' title='bbox 1545 2468 1638 2518; x_wconf 72' lang='grc' dir='ltr'><strong>ἐπὶ</strong></span> <span class='ocrx_word' id='word_1_318' title='bbox 1686 2464 1992 2536; x_wconf 85' lang='grc' dir='ltr'>προσευχὴν</span> <span class='ocrx_word' id='word_1_319' title='bbox 2022 2463 2116 2516; x_wconf 80' lang='grc' dir='ltr'>καὶ</span> 
     </span>
    </p>
   </div>
   <div class='ocr_carea' id='block_1_43' title="bbox 536 2554 2115 2631">
    <p class='ocr_par' dir='ltr' id='par_1_43' title="bbox 536 2554 2115 2631">
     <span class='ocr_line' id='line_1_43' title="bbox 536 2554 2115 2631; baseline -0.006 -16"><span class='ocrx_word' id='word_1_320' title='bbox 536 2562 765 2615; x_wconf 72' lang='grc' dir='ltr'>ἱκεσίαν.</span> <span class='ocrx_word' id='word_1_321' title='bbox 822 2561 930 2614; x_wconf 85' lang='grc' dir='ltr'>Καί</span> <span class='ocrx_word' id='word_1_322' title='bbox 965 2577 1094 2614; x_wconf 90' lang='grc' dir='ltr'>ποτε</span> <span class='ocrx_word' id='word_1_323' title='bbox 1123 2560 1361 2631; x_wconf 85' lang='grc' dir='ltr'>πλήθους</span> <span class='ocrx_word' id='word_1_324' title='bbox 1384 2557 1494 2611; x_wconf 91' lang='grc' dir='ltr'><strong>τῶν</strong></span> <span class='ocrx_word' id='word_1_325' title='bbox 1533 2556 1807 2610; x_wconf 79' lang='grc' dir='ltr'>Ἰουδαίων</span> <span class='ocrx_word' id='word_1_326' title='bbox 1831 2554 2115 2608; x_wconf 87' lang='grc' dir='ltr'>συνελθόν-</span> 
     </span>
    </p>
   </div>
   <div class='ocr_carea' id='block_1_44' title="bbox 533 2645 2116 2725">
    <p class='ocr_par' dir='ltr' id='par_1_44' title="bbox 533 2645 2116 2725">
     <span class='ocr_line' id='line_1_44' title="bbox 533 2645 2116 2725; baseline -0.007 -17"><span class='ocrx_word' id='word_1_327' title='bbox 533 2672 624 2717; x_wconf 82' lang='grc' dir='ltr'><strong>τος</strong></span> <span class='ocrx_word' id='word_1_328' title='bbox 654 2656 770 2707; x_wconf 85' lang='grc' dir='ltr'>ἐκεῖ</span> <span class='ocrx_word' id='word_1_329' title='bbox 798 2654 890 2707; x_wconf 78' lang='grc' dir='ltr'>ἐπὶ</span> <span class='ocrx_word' id='word_1_330' title='bbox 918 2654 1018 2725; x_wconf 83' lang='grc' dir='ltr'>τὴν</span> <span class='ocrx_word' id='word_1_331' title='bbox 1054 2653 1272 2723; x_wconf 84' lang='grc' dir='ltr'>μνήμην</span> <span class='ocrx_word' id='word_1_332' title='bbox 1303 2649 1489 2713; x_wconf 81' lang='grc' dir='ltr'>αὑτοῦ,</span> <span class='ocrx_word' id='word_1_333' title='bbox 1517 2648 1752 2710; x_wconf 77' lang='grc' dir='ltr'>δεδιότες</span> <span class='ocrx_word' id='word_1_334' title='bbox 1777 2648 1826 2699; x_wconf 79' lang='grc' dir='ltr'>οἱ</span> <span class='ocrx_word' id='word_1_335' title='bbox 1862 2645 2116 2699; x_wconf 83' lang='grc' dir='ltr'>Χαλδαῖοι</span> 
     </span>
    </p>
   </div>
   <div class='ocr_carea' id='block_1_45' title="bbox 538 2739 2118 2817">
    <p class='ocr_par' dir='ltr' id='par_1_45' title="bbox 538 2739 2118 2817">
     <span class='ocr_line' id='line_1_45' title="bbox 538 2739 2118 2817; baseline -0.006 -18"><span class='ocrx_word' id='word_1_336' title='bbox 538 2745 613 2817; x_wconf 80' lang='grc' dir='ltr'>μὴ</span> <span class='ocrx_word' id='word_1_337' title='bbox 645 2745 939 2816; x_wconf 83' lang='grc' dir='ltr'>ἀντάρωσι,</span> <span class='ocrx_word' id='word_1_338' title='bbox 983 2745 1206 2815; x_wconf 73' lang='grc' dir='ltr'>ἔμελλον</span> <span class='ocrx_word' id='word_1_339' title='bbox 1252 2742 1503 2797; x_wconf 86' lang='grc' dir='ltr'>ἐπελθεῖν</span> <span class='ocrx_word' id='word_1_340' title='bbox 1533 2740 1714 2795; x_wconf 82' lang='grc' dir='ltr'>αὐτῶν</span> <span class='ocrx_word' id='word_1_341' title='bbox 1753 2739 1845 2792; x_wconf 75' lang='grc' dir='ltr'>καὶ</span> <span class='ocrx_word' id='word_1_342' title='bbox 1876 2739 2118 2809; x_wconf 83' lang='grc' dir='ltr'>ἀναιρεῖν</span> 
     </span>
    </p>
   </div>
   <div class='ocr_carea' id='block_1_46' title="bbox 535 2826 2118 2905">
    <p class='ocr_par' dir='ltr' id='par_1_46' title="bbox 535 2826 2118 2905">
     <span class='ocr_line' id='line_1_46' title="bbox 535 2826 2118 2905; baseline -0.006 -16"><span class='ocrx_word' id='word_1_343' title='bbox 535 2835 749 2899; x_wconf 81' lang='grc' dir='ltr'>αὐτούς.</span> <span class='ocrx_word' id='word_1_344' title='bbox 782 2835 1070 2905; x_wconf 83' lang='grc' dir='ltr'>Ἐποίησεν</span> <span class='ocrx_word' id='word_1_345' title='bbox 1090 2834 1147 2887; x_wconf 87' lang='grc' dir='ltr'><strong>δέ</strong></span> <span class='ocrx_word' id='word_1_346' title='bbox 1173 2835 1200 2886; x_wconf 92' lang='lat'><strong>6</strong></span> <span class='ocrx_word' id='word_1_347' title='bbox 1218 2832 1506 2903; x_wconf 82' lang='grc' dir='ltr'>προφήτης</span> <span class='ocrx_word' id='word_1_348' title='bbox 1532 2829 1846 2901; x_wconf 61' lang='grc' dir='ltr'>στῆναιβι)</span> <span class='ocrx_word' id='word_1_349' title='bbox 1880 2828 1943 2880; x_wconf 83' lang='grc' dir='ltr'><strong>τὸ</strong></span> <span class='ocrx_word' id='word_1_350' title='bbox 1974 2826 2118 2898; x_wconf 77' lang='grc' dir='ltr'>ὕδωρ</span> 
     </span>
    </p>
   </div>
   <div class='ocr_carea' id='block_1_47' title="bbox 536 2915 2121 2996">
    <p class='ocr_par' dir='ltr' id='par_1_47' title="bbox 536 2915 2121 2996">
     <span class='ocr_line' id='line_1_47' title="bbox 536 2915 2121 2996; baseline -0.008 -16"><span class='ocrx_word' id='word_1_351' title='bbox 536 2926 631 2980; x_wconf 89' lang='grc' dir='ltr'><strong>τοῦ</strong></span> <span class='ocrx_word' id='word_1_352' title='bbox 672 2925 939 2996; x_wconf 80' lang='grc' dir='ltr'>ποταμοῦ,</span> <span class='ocrx_word' id='word_1_353' title='bbox 980 2925 1066 2978; x_wconf 81' lang='grc' dir='ltr'>ἵνα</span> <span class='ocrx_word' id='word_1_354' title='bbox 1110 2922 1420 2991; x_wconf 79' lang='grc' dir='ltr'>ἐκφύγωσιν</span> <span class='ocrx_word' id='word_1_355' title='bbox 1448 2922 1499 2973; x_wconf 79' lang='grc' dir='ltr'>οἱ</span> <span class='ocrx_word' id='word_1_356' title='bbox 1537 2921 1644 2973; x_wconf 71' lang='grc' dir='ltr'>υἱοὶ</span> <span class='ocrx_word' id='word_1_357' title='bbox 1682 2918 1922 2989; x_wconf 82' lang='grc' dir='ltr'>Ἰσραὴλ,</span> <span class='ocrx_word' id='word_1_358' title='bbox 1950 2918 2031 2980; x_wconf 82' lang='grc' dir='ltr'>εἰς</span> <span class='ocrx_word' id='word_1_359' title='bbox 2060 2915 2121 2969; x_wconf 80' lang='grc' dir='ltr'><strong>τὸ</strong></span> 
     </span>
    </p>
   </div>
   <div class='ocr_carea' id='block_1_48' title="bbox 538 3006 2121 3087">
    <p class='ocr_par' dir='ltr' id='par_1_48' title="bbox 538 3006 2121 3087">
     <span class='ocr_line' id='line_1_48' title="bbox 538 3006 2121 3087; baseline -0.008 -18"><span class='ocrx_word' id='word_1_360' title='bbox 538 3018 708 3087; x_wconf 83' lang='grc' dir='ltr'>πέραν</span> <span class='ocrx_word' id='word_1_361' title='bbox 749 3016 1045 3085; x_wconf 87' lang='grc' dir='ltr'>γινόμενοι.</span> <span class='ocrx_word' id='word_1_362' title='bbox 1093 3014 1158 3067; x_wconf 85' lang='grc' dir='ltr'>Οί</span> <span class='ocrx_word' id='word_1_363' title='bbox 1209 3012 1265 3065; x_wconf 87' lang='grc' dir='ltr'><strong>δέ</strong></span> <span class='ocrx_word' id='word_1_364' title='bbox 1307 3011 1677 3081; x_wconf 86' lang='grc' dir='ltr'>τολμήσαντες</span> <span class='ocrx_word' id='word_1_365' title='bbox 1724 3008 1816 3061; x_wconf 84' lang='grc' dir='ltr'><strong>τὸν</strong></span> <span class='ocrx_word' id='word_1_366' title='bbox 1847 3006 1973 3060; x_wconf 82' lang='grc' dir='ltr'>λαὸν</span> <span class='ocrx_word' id='word_1_367' title='bbox 2003 3007 2121 3058; x_wconf 80' lang='grc' dir='ltr'>ἐπι·</span> 
     </span>
    </p>
   </div>
   <div class='ocr_carea' id='block_1_49' title="bbox 538 3093 2122 3174">
    <p class='ocr_par' dir='ltr' id='par_1_49' title="bbox 538 3093 2122 3174">
     <span class='ocr_line' id='line_1_49' title="bbox 538 3093 2122 3174; baseline -0.007 -13"><span class='ocrx_word' id='word_1_368' title='bbox 538 3109 743 3174; x_wconf 72' lang='grc' dir='ltr'>διῶξαι,</span> <span class='ocrx_word' id='word_1_369' title='bbox 770 3108 944 3161; x_wconf 85' lang='grc' dir='ltr'>ὀπίσω</span> <span class='ocrx_word' id='word_1_370' title='bbox 973 3105 1153 3159; x_wconf 83' lang='grc' dir='ltr'>αὐτῶν</span> <span class='ocrx_word' id='word_1_371' title='bbox 1181 3101 1705 3172; x_wconf 87' lang='grc' dir='ltr'>κατεποντίσθησαν.</span> <span class='ocrx_word' id='word_1_372' title='bbox 1740 3093 1909 3161; x_wconf 73' lang='grc' dir='ltr'>Οὗτος</span> <span class='ocrx_word' id='word_1_373' title='bbox 1935 3099 1964 3151; x_wconf 98' lang='lat'><strong>6</strong></span> <span class='ocrx_word' id='word_1_374' title='bbox 1989 3115 2122 3169; x_wconf 88' lang='grc' dir='ltr'>προ-</span> 
     </span>
    </p>
   </div>
   <div class='ocr_carea' id='block_1_50' title="bbox 540 3170 2189 3269">
    <p class='ocr_par' dir='ltr' id='par_1_50' title="bbox 540 3170 2189 3269">
     <span class='ocr_line' id='line_1_50' title="bbox 540 3170 2189 3269; baseline -0.006 -19"><span class='ocrx_word' id='word_1_375' title='bbox 540 3170 714 3269; x_wconf 81' lang='grc' dir='ltr'>φήτης</span> <span class='ocrx_word' id='word_1_376' title='bbox 732 3170 829 3250; x_wconf 68' lang='grc' dir='ltr'><strong>⁷διὰ</strong></span> <span class='ocrx_word' id='word_1_377' title='bbox 860 3195 1172 3269; x_wconf 83' lang='grc' dir='ltr'>προσευχῆς</span> <span class='ocrx_word' id='word_1_378' title='bbox 1209 3193 1531 3265; x_wconf 80' lang='grc' dir='ltr'>αὐτομάτως</span> <span class='ocrx_word' id='word_1_379' title='bbox 1559 3170 1742 3254; x_wconf 77' lang='grc' dir='ltr'>αὐτοῖς</span> <span class='ocrx_word' id='word_1_380' title='bbox 1768 3189 1965 3260; x_wconf 80' lang='grc' dir='ltr'>δαψιλῆ</span> <span class='ocrx_word' id='word_1_381' title='bbox 1989 3205 2118 3260; x_wconf 89' lang='grc' dir='ltr'>τρο-</span> <span class='ocrx_word' id='word_1_382' title='bbox 2147 3170 2189 3227; x_wconf 76' lang='lat' dir='ltr'><strong><em>C</em></strong></span> 
     </span>
    </p>
   </div>
   <div class='ocr_carea' id='block_1_51' title="bbox 540 3278 2118 3360">
    <p class='ocr_par' dir='ltr' id='par_1_51' title="bbox 540 3278 2118 3360">
     <span class='ocr_line' id='line_1_51' title="bbox 540 3278 2118 3360; baseline -0.007 -18"><span class='ocrx_word' id='word_1_383' title='bbox 540 3290 645 3360; x_wconf 85' lang='grc' dir='ltr'>φὴν</span> <span class='ocrx_word' id='word_1_384' title='bbox 681 3288 879 3358; x_wconf 70' lang='grc' dir='ltr'>ἰχθύων</span> <span class='ocrx_word' id='word_1_385' title='bbox 922 3287 1247 3359; x_wconf 83' lang='grc' dir='ltr'>παρέσχετο,</span> <span class='ocrx_word' id='word_1_386' title='bbox 1282 3286 1365 3339; x_wconf 85' lang='grc' dir='ltr'><strong>ὅτι</strong></span> <span class='ocrx_word' id='word_1_387' title='bbox 1410 3283 1555 3354; x_wconf 88' lang='grc' dir='ltr'><strong>λιμῲ</strong></span> <span class='ocrx_word' id='word_1_388' title='bbox 1592 3281 1979 3353; x_wconf 85' lang='grc' dir='ltr'>διεφθείροντο,</span> <span class='ocrx_word' id='word_1_389' title='bbox 2020 3278 2118 3333; x_wconf 80' lang='grc' dir='ltr'><strong>καὶ</strong></span> 
     </span>
    </p>
   </div>
   <div class='ocr_carea' id='block_1_52' title="bbox 542 3369 2123 3450">
    <p class='ocr_par' dir='ltr' id='par_1_52' title="bbox 542 3369 2123 3450">
     <span class='ocr_line' id='line_1_52' title="bbox 542 3369 2123 3450; baseline -0.006 -17"><span class='ocrx_word' id='word_1_390' title='bbox 542 3383 606 3433; x_wconf 90' lang='grc' dir='ltr'><strong>ἐκ</strong></span> <span class='ocrx_word' id='word_1_391' title='bbox 634 3380 726 3433; x_wconf 84' lang='grc' dir='ltr'><strong>τοῦ</strong></span> <span class='ocrx_word' id='word_1_392' title='bbox 759 3379 997 3450; x_wconf 84' lang='grc' dir='ltr'>πλήθους</span> <span class='ocrx_word' id='word_1_393' title='bbox 1035 3378 1143 3431; x_wconf 90' lang='grc' dir='ltr'><strong>τῶν</strong></span> <span class='ocrx_word' id='word_1_394' title='bbox 1189 3375 1386 3447; x_wconf 78' lang='grc' dir='ltr'>ἰχθύων</span> <span class='ocrx_word' id='word_1_395' title='bbox 1435 3374 1824 3445; x_wconf 85' lang='grc' dir='ltr'>διετράφησαν,</span> <span class='ocrx_word' id='word_1_396' title='bbox 1864 3372 1960 3425; x_wconf 75' lang='grc' dir='ltr'>καὶ</span> <span class='ocrx_word' id='word_1_397' title='bbox 1993 3369 2123 3423; x_wconf 85' lang='grc' dir='ltr'>πολ-</span> 
     </span>
    </p>
   </div>
   <div class='ocr_carea' id='block_1_53' title="bbox 542 3463 2125 3540">
    <p class='ocr_par' dir='ltr' id='par_1_53' title="bbox 542 3463 2125 3540">
     <span class='ocr_line' id='line_1_53' title="bbox 542 3463 2125 3540; baseline -0.004 -16"><span class='ocrx_word' id='word_1_398' title='bbox 542 3472 651 3534; x_wconf 85' lang='grc' dir='ltr'>λοῖς</span> <span class='ocrx_word' id='word_1_399' title='bbox 713 3471 1056 3524; x_wconf 83' lang='grc' dir='ltr'>ἐκλείπουσιν</span> <span class='ocrx_word' id='word_1_400' title='bbox 1127 3470 1271 3540; x_wconf 81' lang='grc' dir='ltr'>ζωὴν</span> <span class='ocrx_word' id='word_1_401' title='bbox 1334 3467 1508 3521; x_wconf 86' lang='grc' dir='ltr'>ἐλθεῖν</span> <span class='ocrx_word' id='word_1_402' title='bbox 1574 3469 1640 3520; x_wconf 88' lang='grc' dir='ltr'><strong>ἐκ</strong></span> <span class='ocrx_word' id='word_1_403' title='bbox 1690 3464 1825 3519; x_wconf 83' lang='grc' dir='ltr'>Θεοῦ</span> <span class='ocrx_word' id='word_1_404' title='bbox 1880 3463 2125 3535; x_wconf 87' lang='grc' dir='ltr'>παρεκά-</span> 
     </span>
    </p>
   </div>
   <div class='ocr_carea' id='block_1_54' title="bbox 542 3553 2124 3633">
    <p class='ocr_par' dir='ltr' id='par_1_54' title="bbox 542 3553 2124 3633">
     <span class='ocr_line' id='line_1_54' title="bbox 542 3553 2124 3633; baseline -0.004 -18"><span class='ocrx_word' id='word_1_405' title='bbox 542 3562 716 3615; x_wconf 88' lang='grc' dir='ltr'>λεσεν.</span> <span class='ocrx_word' id='word_1_406' title='bbox 745 3556 913 3625; x_wconf 81' lang='grc' dir='ltr'>Οὗτος</span> <span class='ocrx_word' id='word_1_407' title='bbox 946 3563 975 3614; x_wconf 89' lang='lat'><strong>6</strong></span> <span class='ocrx_word' id='word_1_408' title='bbox 1003 3562 1308 3633; x_wconf 85' lang='grc' dir='ltr'>προφήτης,</span> <span class='ocrx_word' id='word_1_409' title='bbox 1338 3557 1712 3629; x_wconf 83' lang='grc' dir='ltr'>ἀπολλυμένου</span> <span class='ocrx_word' id='word_1_410' title='bbox 1736 3556 1832 3610; x_wconf 87' lang='grc' dir='ltr'><strong>τοῦ</strong></span> <span class='ocrx_word' id='word_1_411' title='bbox 1860 3554 1992 3608; x_wconf 84' lang='grc' dir='ltr'>λαοῦ</span> <span class='ocrx_word' id='word_1_412' title='bbox 2018 3553 2124 3608; x_wconf 80' lang='grc' dir='ltr'>ὑπὸ</span> 
     </span>
    </p>
   </div>
   <div class='ocr_carea' id='block_1_55' title="bbox 544 3646 2123 3727">
    <p class='ocr_par' dir='ltr' id='par_1_55' title="bbox 544 3646 2123 3727">
     <span class='ocr_line' id='line_1_55' title="bbox 544 3646 2123 3727; baseline -0.005 -20"><span class='ocrx_word' id='word_1_413' title='bbox 544 3657 651 3709; x_wconf 87' lang='grc' dir='ltr'><strong>τῶν</strong></span> <span class='ocrx_word' id='word_1_414' title='bbox 686 3655 913 3727; x_wconf 82' lang='grc' dir='ltr'>ἐχθρῶν,</span> <span class='ocrx_word' id='word_1_415' title='bbox 959 3653 1200 3725; x_wconf 79' lang='grc' dir='ltr'>προέστη</span> <span class='ocrx_word' id='word_1_416' title='bbox 1236 3652 1356 3723; x_wconf 69' lang='grc'><strong>(52)</strong></span> <span class='ocrx_word' id='word_1_417' title='bbox 1404 3652 1519 3714; x_wconf 89' lang='grc' dir='ltr'>τοῖς</span> <span class='ocrx_word' id='word_1_418' title='bbox 1554 3648 1883 3719; x_wconf 81' lang='grc' dir='ltr'>ἡγουμένοις</span> <span class='ocrx_word' id='word_1_419' title='bbox 1922 3646 2123 3709; x_wconf 76' lang='grc' dir='ltr'>αὐτῶν,</span> 
     </span>
    </p>
   </div>
   <div class='ocr_carea' id='block_1_56' title="bbox 545 3740 2129 3820">
    <p class='ocr_par' dir='ltr' id='par_1_56' title="bbox 545 3740 2129 3820">
     <span class='ocr_line' id='line_1_56' title="bbox 545 3740 2129 3820; baseline -0.007 -17"><span class='ocrx_word' id='word_1_420' title='bbox 545 3752 640 3803; x_wconf 71' lang='grc' dir='ltr'>καὶ</span> <span class='ocrx_word' id='word_1_421' title='bbox 680 3748 1090 3820; x_wconf 88' lang='grc' dir='ltr'>παρηνόχλησεν</span> <span class='ocrx_word' id='word_1_422' title='bbox 1126 3747 1323 3809; x_wconf 81' lang='grc' dir='ltr'>αὐτοὺς</span> <span class='ocrx_word' id='word_1_423' title='bbox 1349 3744 1437 3798; x_wconf 78' lang='grc' dir='ltr'><strong>διὰ</strong></span> <span class='ocrx_word' id='word_1_424' title='bbox 1464 3742 1760 3814; x_wconf 74' lang='grc' dir='ltr'>τερατίωνο</span> <span class='ocrx_word' id='word_1_425' title='bbox 1818 3742 1915 3794; x_wconf 70' lang='grc' dir='ltr'>καὶ</span> <span class='ocrx_word' id='word_1_426' title='bbox 1961 3740 2129 3811; x_wconf 81' lang='grc' dir='ltr'>φοϐη-</span> 
     </span>
    </p>
   </div>
   <div class='ocr_carea' id='block_1_57' title="bbox 547 3832 2129 3910">
    <p class='ocr_par' dir='ltr' id='par_1_57' title="bbox 547 3832 2129 3910">
     <span class='ocr_line' id='line_1_57' title="bbox 547 3832 2129 3910; baseline -0.004 -16"><span class='ocrx_word' id='word_1_427' title='bbox 547 3842 729 3904; x_wconf 85' lang='grc' dir='ltr'>θέντες</span> <span class='ocrx_word' id='word_1_428' title='bbox 759 3840 1067 3894; x_wconf 84' lang='grc' dir='ltr'>ἐπαύσαντο</span> <span class='ocrx_word' id='word_1_429' title='bbox 1108 3841 1160 3892; x_wconf 81' lang='grc' dir='ltr'><strong>οί</strong></span> <span class='ocrx_word' id='word_1_430' title='bbox 1198 3839 1468 3910; x_wconf 86' lang='grc' dir='ltr'>πολέμιοι.</span> <span class='ocrx_word' id='word_1_431' title='bbox 1533 3836 1669 3889; x_wconf 86' lang='grc' dir='ltr'>Τότε</span> <span class='ocrx_word' id='word_1_432' title='bbox 1696 3834 1880 3904; x_wconf 77' lang='grc' dir='ltr'>ἔλεγεν</span> <span class='ocrx_word' id='word_1_433' title='bbox 1911 3833 1990 3904; x_wconf 79' lang='grc' dir='ltr'>τῷ</span> <span class='ocrx_word' id='word_1_434' title='bbox 2014 3832 2129 3903; x_wconf 84' lang='grc' dir='ltr'>λαῷ</span> 
     </span>
    </p>
   </div>
   <div class='ocr_carea' id='block_1_58' title="bbox 547 3923 2131 4002">
    <p class='ocr_par' dir='ltr' id='par_1_58' title="bbox 547 3923 2131 4002">
     <span class='ocr_line' id='line_1_58' title="bbox 547 3923 2131 4002; baseline -0.006 -16"><span class='ocrx_word' id='word_1_435' title='bbox 547 3936 577 3986; x_wconf 88' lang='lat'><strong>6</strong></span> <span class='ocrx_word' id='word_1_436' title='bbox 604 3933 990 4002; x_wconf 80' lang='grc' dir='ltr'>’1εζεκιὴλ,ὃτι</span> <span class='ocrx_word' id='word_1_437' title='bbox 1018 3928 1576 3998; x_wconf 75' lang='grc' dir='ltr'>Διαπεφωνήκαμεν,</span> <span class='ocrx_word' id='word_1_438' title='bbox 1598 3926 1869 3981; x_wconf 79' lang='grc' dir='ltr'>ἀπώλετο</span> <span class='ocrx_word' id='word_1_439' title='bbox 1895 3927 1933 3993; x_wconf 75' lang='grc' dir='ltr'>ἡ</span> <span class='ocrx_word' id='word_1_440' title='bbox 1954 3923 2131 3989; x_wconf 76' lang='grc' dir='ltr'>ἐλπὶς</span> 
     </span>
    </p>
   </div>
   <div class='ocr_carea' id='block_1_59' title="bbox 549 4013 2129 4092">
    <p class='ocr_par' dir='ltr' id='par_1_59' title="bbox 549 4013 2129 4092">
     <span class='ocr_line' id='line_1_59' title="bbox 549 4013 2129 4092; baseline -0.008 -16"><span class='ocrx_word' id='word_1_441' title='bbox 549 4024 721 4092; x_wconf 75' lang='grc' dir='ltr'>ἡμῶν</span> <span class='ocrx_word' id='word_1_442' title='bbox 739 4038 755 4052; x_wconf 86' lang='grc'><strong>·</strong></span> <span class='ocrx_word' id='word_1_443' title='bbox 786 4023 882 4075; x_wconf 73' lang='grc' dir='ltr'><strong>καὶ</strong></span> <span class='ocrx_word' id='word_1_444' title='bbox 915 4023 973 4071; x_wconf 82' lang='grc' dir='ltr'><strong>ἐν</strong></span> <span class='ocrx_word' id='word_1_445' title='bbox 1012 4019 1351 4092; x_wconf 75' lang='grc' dir='ltr'>τέρασι’τῶν</span> <span class='ocrx_word' id='word_1_446' title='bbox 1389 4018 1589 4071; x_wconf 82' lang='grc' dir='ltr'>ὀστέων</span> <span class='ocrx_word' id='word_1_447' title='bbox 1614 4017 1722 4070; x_wconf 86' lang='grc' dir='ltr'><strong>τῶν</strong></span> <span class='ocrx_word' id='word_1_448' title='bbox 1750 4014 1959 4086; x_wconf 85' lang='grc' dir='ltr'>νεκρῶν</span> <span class='ocrx_word' id='word_1_449' title='bbox 1980 4013 2129 4066; x_wconf 66' lang='grc' dir='ltr'><strong>ἕπει·⁵</strong></span> 
     </span>
    </p>
   </div>
   <div class='ocr_carea' id='block_1_60' title="bbox 552 4098 2133 4178">
    <p class='ocr_par' dir='ltr' id='par_1_60' title="bbox 552 4098 2133 4178">
     <span class='ocr_line' id='line_1_60' title="bbox 552 4098 2133 4178; baseline -0.007 -13"><span class='ocrx_word' id='word_1_450' title='bbox 552 4130 646 4165; x_wconf 87' lang='grc' dir='ltr'><strong>σεν</strong></span> <span class='ocrx_word' id='word_1_451' title='bbox 676 4112 891 4173; x_wconf 83' lang='grc' dir='ltr'>αὐτοὺς,</span> <span class='ocrx_word' id='word_1_452' title='bbox 920 4112 1004 4163; x_wconf 85' lang='grc' dir='ltr'>ὅτι</span> <span class='ocrx_word' id='word_1_453' title='bbox 1035 4111 1181 4163; x_wconf 79' lang='grc' dir='ltr'>ἐστιν</span> <span class='ocrx_word' id='word_1_454' title='bbox 1210 4110 1365 4171; x_wconf 77' lang='grc' dir='ltr'>ἐλπὶς</span> <span class='ocrx_word' id='word_1_455' title='bbox 1409 4107 1486 4178; x_wconf 86' lang='grc' dir='ltr'>τῷ</span> <span class='ocrx_word' id='word_1_456' title='bbox 1510 4107 1747 4178; x_wconf 82' lang='grc' dir='ltr'>Ἰσραὴλ,</span> <span class='ocrx_word' id='word_1_457' title='bbox 1785 4107 1879 4159; x_wconf 76' lang='grc' dir='ltr'><strong>καὶ</strong></span> <span class='ocrx_word' id='word_1_458' title='bbox 1906 4098 2007 4157; x_wconf 82' lang='grc' dir='ltr'>ὧδε</span> <span class='ocrx_word' id='word_1_459' title='bbox 2039 4103 2133 4156; x_wconf 75' lang='grc' dir='ltr'>καὶ</span> 
     </span>
    </p>
   </div>
   <div class='ocr_carea' id='block_1_61' title="bbox 554 4193 2133 4270">
    <p class='ocr_par' dir='ltr' id='par_1_61' title="bbox 554 4193 2133 4270">
     <span class='ocr_line' id='line_1_61' title="bbox 554 4193 2133 4270; baseline -0.004 -16"><span class='ocrx_word' id='word_1_460' title='bbox 554 4203 612 4254; x_wconf 84' lang='grc' dir='ltr'><strong>ἐν</strong></span> <span class='ocrx_word' id='word_1_461' title='bbox 636 4199 980 4270; x_wconf 77' lang='grc' dir='ltr'>τῷμέλλοντι</span> <span class='ocrx_word' id='word_1_462' title='bbox 1001 4199 1176 4253; x_wconf 85' lang='grc' dir='ltr'>αίῶνι.</span> <span class='ocrx_word' id='word_1_463' title='bbox 1233 4193 1402 4261; x_wconf 79' lang='grc' dir='ltr'>Οῦτος</span> <span class='ocrx_word' id='word_1_464' title='bbox 1430 4200 1546 4252; x_wconf 87' lang='grc' dir='ltr'>ἐκεῖ</span> <span class='ocrx_word' id='word_1_465' title='bbox 1571 4196 1646 4251; x_wconf 84' lang='grc' dir='ltr'><strong>ῶν</strong></span> <span class='ocrx_word' id='word_1_466' title='bbox 1672 4199 1731 4250; x_wconf 87' lang='grc' dir='ltr'><strong>ἐν</strong></span> <span class='ocrx_word' id='word_1_467' title='bbox 1757 4199 1824 4268; x_wconf 81' lang='grc' dir='ltr'>τῇ</span> <span class='ocrx_word' id='word_1_468' title='bbox 1848 4194 2005 4267; x_wconf 81' lang='grc' dir='ltr'>χώρᾳ</span> <span class='ocrx_word' id='word_1_469' title='bbox 2025 4194 2133 4248; x_wconf 90' lang='grc' dir='ltr'><strong>τῶν</strong></span> 
     </span>
    </p>
   </div>
   <div class='ocr_carea' id='block_1_62' title="bbox 552 4285 2134 4362">
    <p class='ocr_par' dir='ltr' id='par_1_62' title="bbox 552 4285 2134 4362">
     <span class='ocr_line' id='line_1_62' title="bbox 552 4285 2134 4362; baseline -0.006 -16"><span class='ocrx_word' id='word_1_470' title='bbox 552 4291 855 4355; x_wconf 79' lang='grc' dir='ltr'>Χαλδαίων,</span> <span class='ocrx_word' id='word_1_471' title='bbox 890 4292 1234 4362; x_wconf 83' lang='grc' dir='ltr'>ἡρμήνευσεν</span> <span class='ocrx_word' id='word_1_472' title='bbox 1271 4288 1347 4358; x_wconf 84' lang='grc' dir='ltr'><strong>τῷ</strong></span> <span class='ocrx_word' id='word_1_473' title='bbox 1381 4287 1495 4358; x_wconf 87' lang='grc' dir='ltr'>λαῷ</span> <span class='ocrx_word' id='word_1_474' title='bbox 1527 4287 1707 4340; x_wconf 85' lang='grc' dir='ltr'>πάντα</span> <span class='ocrx_word' id='word_1_475' title='bbox 1738 4286 1807 4340; x_wconf 89' lang='grc' dir='ltr'><strong>τά</strong></span> <span class='ocrx_word' id='word_1_476' title='bbox 1837 4287 1894 4339; x_wconf 91' lang='grc' dir='ltr'><strong>ἐν</strong></span> <span class='ocrx_word' id='word_1_477' title='bbox 1935 4285 2134 4354; x_wconf 86' lang='grc' dir='ltr'>Ἰερου-</span> 
     </span>
    </p>
   </div>
   <div class='ocr_carea' id='block_1_63' title="bbox 558 4372 2133 4454">
    <p class='ocr_par' dir='ltr' id='par_1_63' title="bbox 558 4372 2133 4454">
     <span class='ocr_line' id='line_1_63' title="bbox 558 4372 2133 4454; baseline 0.001 -17"><span class='ocrx_word' id='word_1_478' title='bbox 558 4384 739 4454; x_wconf 86' lang='grc' dir='ltr'>σαλὴμ</span> <span class='ocrx_word' id='word_1_479' title='bbox 769 4383 863 4435; x_wconf 76' lang='grc' dir='ltr'><strong>καὶ</strong></span> <span class='ocrx_word' id='word_1_480' title='bbox 903 4385 959 4435; x_wconf 86' lang='grc' dir='ltr'><strong>ἐν</strong></span> <span class='ocrx_word' id='word_1_481' title='bbox 989 4381 1065 4451; x_wconf 82' lang='grc' dir='ltr'>τῷ</span> <span class='ocrx_word' id='word_1_482' title='bbox 1096 4382 1207 4451; x_wconf 83' lang='grc' dir='ltr'><strong>ναῷ</strong></span> <span class='ocrx_word' id='word_1_483' title='bbox 1240 4381 1520 4451; x_wconf 84' lang='grc' dir='ltr'>γινόμενα.</span> <span class='ocrx_word' id='word_1_484' title='bbox 1551 4372 1719 4441; x_wconf 75' lang='grc' dir='ltr'>Οὗτος</span> <span class='ocrx_word' id='word_1_485' title='bbox 1751 4376 1801 4449; x_wconf 80' lang='grc' dir='ltr'><strong>[ὁ</strong></span> <span class='ocrx_word' id='word_1_486' title='bbox 1825 4373 2133 4448; x_wconf 81' lang='grc' dir='ltr'>προφήτης]</span> 
     </span>
    </p>
   </div>
   <div class='ocr_carea' id='block_1_64' title="bbox 557 4458 2135 4548">
    <p class='ocr_par' dir='ltr' id='par_1_64' title="bbox 557 4458 2135 4548">
     <span class='ocr_line' id='line_1_64' title="bbox 557 4458 2135 4548; baseline -0.006 -18"><span class='ocrx_word' id='word_1_487' title='bbox 557 4458 780 4548; x_wconf 75' lang='grc' dir='ltr'>ἡρπάγη</span> <span class='ocrx_word' id='word_1_488' title='bbox 807 4478 869 4528; x_wconf 92' lang='grc' dir='ltr'><strong>ἐκ</strong></span> <span class='ocrx_word' id='word_1_489' title='bbox 893 4475 994 4546; x_wconf 78' lang='grc' dir='ltr'>τῆς</span> <span class='ocrx_word' id='word_1_490' title='bbox 1024 4473 1206 4544; x_wconf 84' lang='grc' dir='ltr'>χώρας</span> <span class='ocrx_word' id='word_1_491' title='bbox 1234 4474 1341 4527; x_wconf 87' lang='grc' dir='ltr'><strong>τῶν</strong></span> <span class='ocrx_word' id='word_1_492' title='bbox 1370 4472 1672 4535; x_wconf 84' lang='grc' dir='ltr'>Χαλδαίων,</span> <span class='ocrx_word' id='word_1_493' title='bbox 1703 4471 1797 4524; x_wconf 61' lang='grc' dir='ltr'><strong>καὶ¹</strong></span> <span class='ocrx_word' id='word_1_494' title='bbox 1831 4467 2030 4539; x_wconf 79' lang='grc' dir='ltr'>ἠνέχθη</span> <span class='ocrx_word' id='word_1_495' title='bbox 2054 4468 2135 4531; x_wconf 85' lang='grc' dir='ltr'><strong>είς</strong></span> 
     </span>
    </p>
   </div>
   <div class='ocr_carea' id='block_1_65' title="bbox 569 4552 2133 4637">
    <p class='ocr_par' dir='ltr' id='par_1_65' title="bbox 569 4552 2133 4637">
     <span class='ocr_line' id='line_1_65' title="bbox 569 4552 2133 4637; baseline -0.005 -19"><span class='ocrx_word' id='word_1_496' title='bbox 569 4564 951 4637; x_wconf 84' lang='grc' dir='ltr'>Ἰερουσαλὴμ,</span> <span class='ocrx_word' id='word_1_497' title='bbox 1003 4567 1082 4626; x_wconf 85' lang='grc' dir='ltr'><strong>είς</strong></span> <span class='ocrx_word' id='word_1_498' title='bbox 1122 4564 1340 4633; x_wconf 76' lang='grc' dir='ltr'>ἔλεγχον</span> <span class='ocrx_word' id='word_1_499' title='bbox 1386 4562 1493 4616; x_wconf 89' lang='grc' dir='ltr'><strong>τῶν</strong></span> <span class='ocrx_word' id='word_1_500' title='bbox 1541 4562 1805 4616; x_wconf 87' lang='grc' dir='ltr'>ἀπίστων.</span> <span class='ocrx_word' id='word_1_501' title='bbox 1870 4552 2038 4623; x_wconf 77' lang='grc' dir='ltr'>Οὗτος</span> <span class='ocrx_word' id='word_1_502' title='bbox 2083 4558 2133 4630; x_wconf 92' lang='lat'><em>[6</em></span> 
     </span>
    </p>
   </div>
   <div class='ocr_carea' id='block_1_66' title="bbox 572 4648 2137 4726">
    <p class='ocr_par' dir='ltr' id='par_1_66' title="bbox 572 4648 2137 4726">
     <span class='ocr_line' id='line_1_66' title="bbox 572 4648 2137 4726; baseline -0.003 -19"><span class='ocrx_word' id='word_1_503' title='bbox 572 4653 854 4726; x_wconf 75' lang='grc' dir='ltr'>Ἰεζεκιὴλ]</span> <span class='ocrx_word' id='word_1_504' title='bbox 887 4649 996 4706; x_wconf 77' lang='grc' dir='ltr'>εἶδε</span> <span class='ocrx_word' id='word_1_505' title='bbox 1020 4654 1162 4707; x_wconf 86' lang='grc' dir='ltr'>κατὰ</span> <span class='ocrx_word' id='word_1_506' title='bbox 1201 4654 1291 4706; x_wconf 84' lang='grc' dir='ltr'><strong>τὸν</strong></span> <span class='ocrx_word' id='word_1_507' title='bbox 1328 4651 1528 4722; x_wconf 83' lang='grc' dir='ltr'>Μωσῆν</span> <span class='ocrx_word' id='word_1_508' title='bbox 1547 4652 1639 4706; x_wconf 82' lang='grc' dir='ltr'><strong>τὸν</strong></span> <span class='ocrx_word' id='word_1_509' title='bbox 1675 4651 1837 4705; x_wconf 86' lang='grc' dir='ltr'>τόπον</span> <span class='ocrx_word' id='word_1_510' title='bbox 1870 4650 1967 4705; x_wconf 92' lang='grc' dir='ltr'><strong>τοῦ</strong></span> <span class='ocrx_word' id='word_1_511' title='bbox 2004 4648 2137 4705; x_wconf 83' lang='grc' dir='ltr'>ναοῦ</span> 
     </span>
    </p>
   </div>
   <div class='ocr_carea' id='block_1_67' title="bbox 562 4736 2138 4816">
    <p class='ocr_par' dir='ltr' id='par_1_67' title="bbox 562 4736 2138 4816">
     <span class='ocr_line' id='line_1_67' title="bbox 562 4736 2138 4816; baseline -0.003 -18"><span class='ocrx_word' id='word_1_512' title='bbox 562 4746 787 4816; x_wconf 84' lang='grc' dir='ltr'>Κυρίου,</span> <span class='ocrx_word' id='word_1_513' title='bbox 821 4745 882 4798; x_wconf 83' lang='grc' dir='ltr'><strong>τὸ</strong></span> <span class='ocrx_word' id='word_1_514' title='bbox 919 4745 1097 4815; x_wconf 83' lang='grc' dir='ltr'>τεῖχός</span> <span class='ocrx_word' id='word_1_515' title='bbox 1126 4762 1185 4797; x_wconf 88' lang='grc' dir='ltr'><strong>τε</strong></span> <span class='ocrx_word' id='word_1_516' title='bbox 1219 4744 1415 4809; x_wconf 78' lang='grc' dir='ltr'>πλατὺ,</span> <span class='ocrx_word' id='word_1_517' title='bbox 1450 4741 1633 4804; x_wconf 85' lang='grc' dir='ltr'>καθὼς</span> <span class='ocrx_word' id='word_1_518' title='bbox 1662 4736 1814 4795; x_wconf 81' lang='grc' dir='ltr'>εἶπεν</span> <span class='ocrx_word' id='word_1_519' title='bbox 1841 4742 1936 4795; x_wconf 73' lang='grc' dir='ltr'><strong>καὶ</strong></span> <span class='ocrx_word' id='word_1_520' title='bbox 1964 4744 1992 4794; x_wconf 95' lang='lat'><strong>6</strong></span> <span class='ocrx_word' id='word_1_521' title='bbox 2035 4744 2138 4793; x_wconf 84' lang='grc' dir='ltr'><strong>Δα-</strong></span> 
     </span>
    </p>
   </div>
   <div class='ocr_carea' id='block_1_68' title="bbox 562 4830 2139 4906">
    <p class='ocr_par' dir='ltr' id='par_1_68' title="bbox 562 4830 2139 4906">
     <span class='ocr_line' id='line_1_68' title="bbox 562 4830 2139 4906; baseline -0.003 -17"><span class='ocrx_word' id='word_1_522' title='bbox 562 4838 700 4904; x_wconf 80' lang='grc' dir='ltr'>νιὴλ,</span> <span class='ocrx_word' id='word_1_523' title='bbox 726 4838 806 4890; x_wconf 81' lang='grc' dir='ltr'><strong>ὅτι</strong></span> <span class='ocrx_word' id='word_1_524' title='bbox 841 4837 1214 4906; x_wconf 88' lang='grc' dir='ltr'>κτισθήσεται.</span> <span class='ocrx_word' id='word_1_525' title='bbox 1239 4830 1403 4899; x_wconf 74' lang='grc' dir='ltr'>Οὗτος</span> <span class='ocrx_word' id='word_1_526' title='bbox 1426 4836 1482 4888; x_wconf 92' lang='grc' dir='ltr'><strong>ἐν</strong></span> <span class='ocrx_word' id='word_1_527' title='bbox 1507 4833 1785 4887; x_wconf 86' lang='grc' dir='ltr'>Βαϐυλῶνι</span> <span class='ocrx_word' id='word_1_528' title='bbox 1807 4832 2019 4903; x_wconf 75' lang='grc' dir='ltr'>ἔκρινεν</span> <span class='ocrx_word' id='word_1_529' title='bbox 2041 4832 2139 4903; x_wconf 82' lang='grc' dir='ltr'>τὴν</span> 
     </span>
    </p>
   </div>
   <div class='ocr_carea' id='block_1_69' title="bbox 563 4921 2136 4995">
    <p class='ocr_par' dir='ltr' id='par_1_69' title="bbox 563 4921 2136 4995">
     <span class='ocr_line' id='line_1_69' title="bbox 563 4921 2136 4995; baseline -0.002 -19"><span class='ocrx_word' id='word_1_530' title='bbox 563 4925 736 4995; x_wconf 79' lang='grc' dir='ltr'>φυλὴν</span> <span class='ocrx_word' id='word_1_531' title='bbox 776 4925 880 4978; x_wconf 83' lang='grc' dir='ltr'><strong>Δάν</strong></span> <span class='ocrx_word' id='word_1_532' title='bbox 913 4926 1007 4978; x_wconf 75' lang='grc' dir='ltr'><strong>καὶ</strong></span> <span class='ocrx_word' id='word_1_533' title='bbox 1049 4924 1177 4987; x_wconf 83' lang='grc' dir='ltr'>Γὰδ,</span> <span class='ocrx_word' id='word_1_534' title='bbox 1214 4926 1296 4977; x_wconf 84' lang='grc' dir='ltr'><strong>δτι</strong></span> <span class='ocrx_word' id='word_1_535' title='bbox 1335 4924 1563 4993; x_wconf 76' lang='grc' dir='ltr'>ἠσέϐουν</span> <span class='ocrx_word' id='word_1_536' title='bbox 1599 4921 1735 4992; x_wconf 82' lang='grc' dir='ltr'>πρὸς</span> <span class='ocrx_word' id='word_1_537' title='bbox 1782 4921 1873 4975; x_wconf 79' lang='grc' dir='ltr'>τὸν</span> <span class='ocrx_word' id='word_1_538' title='bbox 1913 4921 2136 4993; x_wconf 83' lang='grc' dir='ltr'>Κύριον,</span> 
     </span>
    </p>
   </div>
   <div class='ocr_carea' id='block_1_70' title="bbox 563 5010 2141 5083">
    <p class='ocr_par' dir='ltr' id='par_1_70' title="bbox 563 5010 2141 5083">
     <span class='ocr_line' id='line_1_70' title="bbox 563 5010 2141 5083; baseline -0.002 -18"><span class='ocrx_word' id='word_1_539' title='bbox 563 5013 849 5076; x_wconf 81' lang='grc' dir='ltr'>διώκοντες</span> <span class='ocrx_word' id='word_1_540' title='bbox 863 5015 988 5076; x_wconf 83' lang='grc' dir='ltr'>τοὺς</span> <span class='ocrx_word' id='word_1_541' title='bbox 1009 5014 1099 5066; x_wconf 81' lang='grc' dir='ltr'><strong>τὸν</strong></span> <span class='ocrx_word' id='word_1_542' title='bbox 1115 5013 1278 5083; x_wconf 87' lang='grc' dir='ltr'>νόμον</span> <span class='ocrx_word' id='word_1_543' title='bbox 1306 5013 1677 5081; x_wconf 87' lang='grc' dir='ltr'>φυλάσσοντας</span> <span class='ocrx_word' id='word_1_544' title='bbox 1691 5010 1824 5080; x_wconf 46' lang='grc'>«55),</span> <span class='ocrx_word' id='word_1_545' title='bbox 1844 5011 1938 5064; x_wconf 75' lang='grc' dir='ltr'>καὶ</span> <span class='ocrx_word' id='word_1_546' title='bbox 1956 5010 2141 5081; x_wconf 78' lang='grc' dir='ltr'>ἐποίηο</span> 
     </span>
    </p>
   </div>
   <div class='ocr_carea' id='block_1_71' title="bbox 568 5103 2141 5173">
    <p class='ocr_par' dir='ltr' id='par_1_71' title="bbox 568 5103 2141 5173">
     <span class='ocr_line' id='line_1_71' title="bbox 568 5103 2141 5173; baseline 0.002 -18"><span class='ocrx_word' id='word_1_547' title='bbox 568 5122 657 5156; x_wconf 80' lang='grc' dir='ltr'><strong>σεν</strong></span> <span class='ocrx_word' id='word_1_548' title='bbox 684 5104 868 5165; x_wconf 80' lang='grc' dir='ltr'>αὐτοῖς</span> <span class='ocrx_word' id='word_1_549' title='bbox 914 5103 1079 5173; x_wconf 86' lang='grc' dir='ltr'>τέρας</span> <span class='ocrx_word' id='word_1_550' title='bbox 1124 5103 1285 5173; x_wconf 85' lang='grc' dir='ltr'>μέγα,</span> <span class='ocrx_word' id='word_1_551' title='bbox 1328 5104 1409 5156; x_wconf 83' lang='grc' dir='ltr'>ὅτι</span> <span class='ocrx_word' id='word_1_552' title='bbox 1455 5105 1503 5156; x_wconf 83' lang='grc' dir='ltr'>οἱ</span> <span class='ocrx_word' id='word_1_553' title='bbox 1549 5104 1703 5171; x_wconf 76' lang='grc' dir='ltr'>ὄφεις</span> <span class='ocrx_word' id='word_1_554' title='bbox 1749 5103 2037 5173; x_wconf 82' lang='grc' dir='ltr'>ἀνήλισκον</span> <span class='ocrx_word' id='word_1_555' title='bbox 2073 5104 2141 5158; x_wconf 70' lang='grc' dir='ltr'>τὰ</span> 
     </span>
    </p>
   </div>
   <div class='ocr_carea' id='block_1_72' title="bbox 569 5193 2142 5268">
    <p class='ocr_par' dir='ltr' id='par_1_72' title="bbox 569 5193 2142 5268">
     <span class='ocr_line' id='line_1_72' title="bbox 569 5193 2142 5268; baseline 0 -20"><span class='ocrx_word' id='word_1_556' title='bbox 569 5196 742 5268; x_wconf 84' lang='grc' dir='ltr'>βρέφη</span> <span class='ocrx_word' id='word_1_557' title='bbox 768 5193 970 5256; x_wconf 84' lang='grc' dir='ltr'>αὐτῶν,</span> <span class='ocrx_word' id='word_1_558' title='bbox 996 5194 1088 5247; x_wconf 64' lang='grc' dir='ltr'><strong>καλ¹</strong></span> <span class='ocrx_word' id='word_1_559' title='bbox 1120 5194 1295 5246; x_wconf 89' lang='grc' dir='ltr'>πάντα</span> <span class='ocrx_word' id='word_1_560' title='bbox 1325 5194 1392 5247; x_wconf 83' lang='grc' dir='ltr'>τὰ</span> <span class='ocrx_word' id='word_1_561' title='bbox 1416 5195 1589 5265; x_wconf 87' lang='grc' dir='ltr'>κτήνη</span> <span class='ocrx_word' id='word_1_562' title='bbox 1609 5193 1807 5248; x_wconf 79' lang='grc' dir='ltr'>αὐτῶν.</span> <span class='ocrx_word' id='word_1_563' title='bbox 1844 5194 2142 5266; x_wconf 84' lang='grc' dir='ltr'>Προέλεγεν</span> 
     </span>
    </p>
   </div>
   <div class='ocr_carea' id='block_1_73' title="bbox 568 5288 2142 5360">
    <p class='ocr_par' dir='ltr' id='par_1_73' title="bbox 568 5288 2142 5360">
     <span class='ocr_line' id='line_1_73' title="bbox 568 5288 2142 5360; baseline -0.002 -15"><span class='ocrx_word' id='word_1_564' title='bbox 568 5292 644 5355; x_wconf 75' lang='grc' dir='ltr'><strong>δὲ,</strong></span> <span class='ocrx_word' id='word_1_565' title='bbox 680 5292 760 5345; x_wconf 81' lang='grc' dir='ltr'>ὅτι</span> <span class='ocrx_word' id='word_1_566' title='bbox 802 5291 867 5343; x_wconf 87' lang='grc' dir='ltr'>δι’</span> <span class='ocrx_word' id='word_1_567' title='bbox 904 5289 1098 5353; x_wconf 79' lang='grc' dir='ltr'>αὐτοὺς</span> <span class='ocrx_word' id='word_1_568' title='bbox 1143 5289 1243 5341; x_wconf 83' lang='grc' dir='ltr'><strong>ούκ</strong></span> <span class='ocrx_word' id='word_1_569' title='bbox 1271 5288 1587 5360; x_wconf 77' lang='grc' dir='ltr'>ἐπιστρέψει</span> <span class='ocrx_word' id='word_1_570' title='bbox 1625 5290 1653 5342; x_wconf 89' lang='lat'><strong>6</strong></span> <span class='ocrx_word' id='word_1_571' title='bbox 1680 5288 1805 5353; x_wconf 75' lang='grc' dir='ltr'>λαὸς</span> <span class='ocrx_word' id='word_1_572' title='bbox 1831 5291 1910 5351; x_wconf 89' lang='grc' dir='ltr'>εἰς</span> <span class='ocrx_word' id='word_1_573' title='bbox 1942 5290 2142 5359; x_wconf 84' lang='grc' dir='ltr'>Ἱερου-</span> 
     </span>
    </p>
   </div>
   <div class='ocr_carea' id='block_1_74' title="bbox 574 5378 2144 5453">
    <p class='ocr_par' dir='ltr' id='par_1_74' title="bbox 574 5378 2144 5453">
     <span class='ocr_line' id='line_1_74' title="bbox 574 5378 2144 5453; baseline -0.001 -19"><span class='ocrx_word' id='word_1_574' title='bbox 574 5383 792 5453; x_wconf 78' lang='grc' dir='ltr'>σαλὴμ,</span> <span class='ocrx_word' id='word_1_575' title='bbox 836 5380 952 5434; x_wconf 84' lang='grc' dir='ltr'>ἀλλ’</span> <span class='ocrx_word' id='word_1_576' title='bbox 1001 5381 1057 5433; x_wconf 87' lang='grc' dir='ltr'><strong>ἐν</strong></span> <span class='ocrx_word' id='word_1_577' title='bbox 1132 5378 1317 5451; x_wconf 77' lang='grc' dir='ltr'>Μηδίᾳ</span> <span class='ocrx_word' id='word_1_578' title='bbox 1369 5378 1580 5433; x_wconf 74' lang='grc' dir='ltr'>ἔσονται</span> <span class='ocrx_word' id='word_1_579' title='bbox 1607 5419 1622 5443; x_wconf 92' lang='grc'><strong>,</strong></span> <span class='ocrx_word' id='word_1_580' title='bbox 1673 5379 1778 5442; x_wconf 76' lang='grc' dir='ltr'>ἕως</span> <span class='ocrx_word' id='word_1_581' title='bbox 1838 5379 2144 5445; x_wconf 81' lang='grc' dir='ltr'>συντελείας</span> 
     </span>
    </p>
   </div>
   <div class='ocr_carea' id='block_1_75' title="bbox 573 5465 2145 5544">
    <p class='ocr_par' dir='ltr' id='par_1_75' title="bbox 573 5465 2145 5544">
     <span class='ocr_line' id='line_1_75' title="bbox 573 5465 2145 5544; baseline 0 -19"><span class='ocrx_word' id='word_1_582' title='bbox 573 5472 780 5544; x_wconf 82' lang='grc' dir='ltr'>πλάνης</span> <span class='ocrx_word' id='word_1_583' title='bbox 821 5470 1019 5525; x_wconf 81' lang='grc' dir='ltr'>αὐτῶν.</span> <span class='ocrx_word' id='word_1_584' title='bbox 1081 5470 1170 5535; x_wconf 80' lang='grc' dir='ltr'><strong>Ἐξ</strong></span> <span class='ocrx_word' id='word_1_585' title='bbox 1213 5468 1392 5524; x_wconf 82' lang='grc' dir='ltr'>αὐτῶν</span> <span class='ocrx_word' id='word_1_586' title='bbox 1440 5468 1548 5541; x_wconf 77' lang='grc' dir='ltr'>γὰρ</span> <span class='ocrx_word' id='word_1_587' title='bbox 1601 5465 1669 5541; x_wconf 77' lang='grc' dir='ltr'>ἦν</span> <span class='ocrx_word' id='word_1_588' title='bbox 1721 5469 1814 5524; x_wconf 68' lang='grc' dir='ltr'><strong>καὶ</strong></span> <span class='ocrx_word' id='word_1_589' title='bbox 1862 5473 1892 5524; x_wconf 93' lang='lat'><strong>6</strong></span> <span class='ocrx_word' id='word_1_590' title='bbox 1941 5471 2145 5525; x_wconf 86' lang='grc' dir='ltr'>ἀνελὼν</span> 
     </span>
    </p>
   </div>
   <div class='ocr_carea' id='block_1_76' title="bbox 652 5580 1246 5641">
    <p class='ocr_par' dir='ltr' id='par_1_76' title="bbox 652 5580 1246 5641">
     <span class='ocr_line' id='line_1_76' title="bbox 652 5580 1246 5641; baseline 0.002 -10"><span class='ocrx_word' id='word_1_591' title='bbox 652 5581 668 5611; x_wconf 76' lang='grc'>³</span> <span class='ocrx_word' id='word_1_592' title='bbox 705 5580 898 5635; x_wconf 82' lang='lat' dir='ltr'><strong>Ezeeb.</strong></span> <span class='ocrx_word' id='word_1_593' title='bbox 926 5596 1135 5641; x_wconf 75' lang='lat' dir='ltr'><strong>xxxv&quot;,</strong></span> <span class='ocrx_word' id='word_1_594' title='bbox 1161 5581 1246 5634; x_wconf 81' lang='grc' dir='ltr'>Η.</span> 
     </span>
    </p>
   </div>
   <div class='ocr_carea' id='block_1_77' title="bbox 650 5671 2149 5742">
    <p class='ocr_par' dir='ltr' id='par_1_77' title="bbox 650 5671 2149 5742">
     <span class='ocr_line' id='line_1_77' title="bbox 650 5671 2149 5742; baseline 0.004 -19"><span class='ocrx_word' id='word_1_595' title='bbox 650 5671 760 5741; x_wconf 74' lang='lat' dir='ltr'><strong>(Si)</strong></span> <span class='ocrx_word' id='word_1_596' title='bbox 789 5671 845 5725; x_wconf 89' lang='lat' dir='ltr'><strong>ln</strong></span> <span class='ocrx_word' id='word_1_597' title='bbox 876 5674 1011 5741; x_wconf 72' lang='lat' dir='ltr'><strong>Aug.</strong></span> <span class='ocrx_word' id='word_1_598' title='bbox 1050 5674 1207 5741; x_wconf 78' lang='lat' dir='ltr'><strong>longe</strong></span> <span class='ocrx_word' id='word_1_599' title='bbox 1234 5672 1394 5742; x_wconf 81' lang='lat' dir='ltr'><strong>aliter</strong></span> <span class='ocrx_word' id='word_1_600' title='bbox 1423 5694 1434 5725; x_wconf 93' lang='lat'>:</span> <span class='ocrx_word' id='word_1_601' title='bbox 1468 5672 1576 5725; x_wconf 80' lang='lat' dir='ltr'><strong>Kal.</strong></span> <span class='ocrx_word' id='word_1_602' title='bbox 1601 5672 1709 5742; x_wconf 83' lang='grc' dir='ltr'>γὰρ</span> <span class='ocrx_word' id='word_1_603' title='bbox 1735 5673 1851 5725; x_wconf 87' lang='grc' dir='ltr'>ἐκεῖ</span> <span class='ocrx_word' id='word_1_604' title='bbox 1865 5674 2149 5730; x_wconf 83' lang='grc' dir='ltr'>κατέκειτο</span> 
     </span>
    </p>
   </div>
   <div class='ocr_carea' id='block_1_78' title="bbox 581 5741 2149 5813">
    <p class='ocr_par' dir='ltr' id='par_1_78' title="bbox 581 5741 2149 5813">
     <span class='ocr_line' id='line_1_78' title="bbox 581 5741 2149 5813; baseline 0.003 -20"><span class='ocrx_word' id='word_1_605' title='bbox 581 5741 614 5813; x_wconf 75' lang='lat'><strong>6</strong></span> <span class='ocrx_word' id='word_1_606' title='bbox 630 5742 792 5813; x_wconf 78' lang='grc' dir='ltr'>ὅσιος,</span> <span class='ocrx_word' id='word_1_607' title='bbox 825 5743 917 5795; x_wconf 75' lang='grc' dir='ltr'>καὶ</span> <span class='ocrx_word' id='word_1_608' title='bbox 944 5743 1124 5813; x_wconf 80' lang='grc' dir='ltr'>πολλοὶ</span> <span class='ocrx_word' id='word_1_609' title='bbox 1152 5741 1286 5813; x_wconf 83' lang='grc' dir='ltr'>πρὸς</span> <span class='ocrx_word' id='word_1_610' title='bbox 1322 5741 1481 5813; x_wconf 71' lang='grc' dir='ltr'>αὐτὸν</span> <span class='ocrx_word' id='word_1_611' title='bbox 1514 5741 1858 5813; x_wconf 82' lang='grc' dir='ltr'>συνήρχοντο.</span> <span class='ocrx_word' id='word_1_612' title='bbox 1884 5744 2024 5797; x_wconf 79' lang='grc' dir='ltr'>ὥστε</span> <span class='ocrx_word' id='word_1_613' title='bbox 2053 5762 2149 5812; x_wconf 88' lang='grc' dir='ltr'>φο-</span> 
     </span>
    </p>
   </div>
   <div class='ocr_carea' id='block_1_79' title="bbox 580 5808 2146 5884">
    <p class='ocr_par' dir='ltr' id='par_1_79' title="bbox 580 5808 2146 5884">
     <span class='ocr_line' id='line_1_79' title="bbox 580 5808 2146 5884; baseline 0.004 -25"><span class='ocrx_word' id='word_1_614' title='bbox 580 5808 791 5866; x_wconf 76' lang='grc' dir='ltr'>ϐεῖεθαι</span> <span class='ocrx_word' id='word_1_615' title='bbox 820 5813 941 5877; x_wconf 78' lang='grc' dir='ltr'>τοὺς</span> <span class='ocrx_word' id='word_1_616' title='bbox 962 5808 1274 5876; x_wconf 77' lang='grc' dir='ltr'>Χαλδαίους.</span> <span class='ocrx_word' id='word_1_617' title='bbox 1304 5811 1377 5883; x_wconf 79' lang='grc' dir='ltr'>μὴ</span> <span class='ocrx_word' id='word_1_618' title='bbox 1402 5808 1723 5882; x_wconf 41' lang='lat' dir='ltr'><strong>atrapens):</strong></span> <span class='ocrx_word' id='word_1_619' title='bbox 1748 5812 1837 5868; x_wconf 85' lang='grc' dir='ltr'>Διὸ</span> <span class='ocrx_word' id='word_1_620' title='bbox 1869 5832 1957 5869; x_wconf 86' lang='grc' dir='ltr'><strong>και</strong></span> <span class='ocrx_word' id='word_1_621' title='bbox 1982 5808 2146 5884; x_wconf 66' lang='grc' dir='ltr'>ἐπῆλ-</span> 
     </span>
    </p>
   </div>
   <div class='ocr_carea' id='block_1_80' title="bbox 2212 1916 3786 2002">
    <p class='ocr_par' dir='ltr' id='par_1_80' title="bbox 2212 1916 3786 2002">
     <span class='ocr_line' id='line_1_80' title="bbox 2212 1916 3786 2002; baseline -0.01 -18"><span class='ocrx_word' id='word_1_622' title='bbox 2212 1916 2377 2002; x_wconf 82' lang='lat' dir='ltr'><strong>gnum</strong></span> <span class='ocrx_word' id='word_1_623' title='bbox 2402 1929 2605 1993; x_wconf 85' lang='lat' dir='ltr'><strong>edidit;</strong></span> <span class='ocrx_word' id='word_1_624' title='bbox 2634 1936 2687 1982; x_wconf 90' lang='lat' dir='ltr'><strong>et</strong></span> <span class='ocrx_word' id='word_1_625' title='bbox 2708 1926 3012 1980; x_wconf 88' lang='lat' dir='ltr'><strong>Chobarem</strong></span> <span class='ocrx_word' id='word_1_626' title='bbox 3040 1922 3264 1976; x_wconf 84' lang='lat' dir='ltr'><strong>fluvium</strong></span> <span class='ocrx_word' id='word_1_627' title='bbox 3289 1922 3581 1975; x_wconf 85' lang='lat' dir='ltr'><strong>observare</strong></span> <span class='ocrx_word' id='word_1_628' title='bbox 3598 1916 3786 1987; x_wconf 86' lang='lat' dir='ltr'><strong>jussit.</strong></span> 
     </span>
    </p>
   </div>
   <div class='ocr_carea' id='block_1_81' title="bbox 2212 2007 3790 2085">
    <p class='ocr_par' dir='ltr' id='par_1_81' title="bbox 2212 2007 3790 2085">
     <span class='ocr_line' id='line_1_81' title="bbox 2212 2007 3790 2085; baseline -0.011 -8"><span class='ocrx_word' id='word_1_629' title='bbox 2212 2022 2349 2077; x_wconf 87' lang='lat' dir='ltr'><strong>Cum</strong></span> <span class='ocrx_word' id='word_1_630' title='bbox 2378 2024 2523 2076; x_wconf 87' lang='lat' dir='ltr'><strong>enim</strong></span> <span class='ocrx_word' id='word_1_631' title='bbox 2561 2021 2608 2075; x_wconf 91' lang='lat' dir='ltr'><strong>is</strong></span> <span class='ocrx_word' id='word_1_632' title='bbox 2636 2017 2947 2079; x_wconf 81' lang='lat' dir='ltr'><strong>deiecisset,</strong></span> <span class='ocrx_word' id='word_1_633' title='bbox 2992 2023 3106 2070; x_wconf 92' lang='lat' dir='ltr'><strong>tum</strong></span> <span class='ocrx_word' id='word_1_634' title='bbox 3155 2012 3486 2085; x_wconf 84' lang='lat' dir='ltr'><strong>sperandum</strong></span> <span class='ocrx_word' id='word_1_635' title='bbox 3547 2009 3681 2073; x_wconf 88' lang='lat' dir='ltr'><strong>fore,</strong></span> <span class='ocrx_word' id='word_1_636' title='bbox 3712 2007 3790 2060; x_wconf 86' lang='lat' dir='ltr'><strong>uti</strong></span> 
     </span>
    </p>
   </div>
   <div class='ocr_carea' id='block_1_82' title="bbox 2214 2102 3788 2173">
    <p class='ocr_par' dir='ltr' id='par_1_82' title="bbox 2214 2102 3788 2173">
     <span class='ocr_line' id='line_1_82' title="bbox 2214 2102 3788 2173; baseline -0.011 -2"><span class='ocrx_word' id='word_1_637' title='bbox 2214 2113 2569 2171; x_wconf 88' lang='lat' dir='ltr'><strong>desolationis</strong></span> <span class='ocrx_word' id='word_1_638' title='bbox 2625 2110 2734 2165; x_wconf 80' lang='lat' dir='ltr'><strong>falx</strong></span> <span class='ocrx_word' id='word_1_639' title='bbox 2786 2110 2853 2164; x_wconf 91' lang='lat' dir='ltr'><strong>ad</strong></span> <span class='ocrx_word' id='word_1_640' title='bbox 2906 2116 3151 2165; x_wconf 77' lang='lat' dir='ltr'><strong>extrema</strong></span> <span class='ocrx_word' id='word_1_641' title='bbox 3206 2116 3367 2161; x_wconf 71' lang='lat' dir='ltr'><strong>terra:</strong></span> <span class='ocrx_word' id='word_1_642' title='bbox 3423 2102 3788 2173; x_wconf 76' lang='lat' dir='ltr'><strong>pervaderet:</strong></span> 
     </span>
    </p>
   </div>
   <div class='ocr_carea' id='block_1_83' title="bbox 2215 2199 3791 2277">
    <p class='ocr_par' dir='ltr' id='par_1_83' title="bbox 2215 2199 3791 2277">
     <span class='ocr_line' id='line_1_83' title="bbox 2215 2199 3791 2277; baseline -0.01 -14"><span class='ocrx_word' id='word_1_643' title='bbox 2215 2222 2447 2277; x_wconf 88' lang='lat' dir='ltr'><strong>cumque</strong></span> <span class='ocrx_word' id='word_1_644' title='bbox 2492 2206 2639 2259; x_wconf 91' lang='lat' dir='ltr'><strong>illius</strong></span> <span class='ocrx_word' id='word_1_645' title='bbox 2688 2202 3021 2258; x_wconf 78' lang='lat' dir='ltr'><strong>exundasset</strong></span> <span class='ocrx_word' id='word_1_646' title='bbox 3065 2216 3227 2271; x_wconf 88' lang='lat' dir='ltr'><strong>aqua,</strong></span> <span class='ocrx_word' id='word_1_647' title='bbox 3270 2200 3506 2256; x_wconf 87' lang='lat' dir='ltr'><strong>reditum</strong></span> <span class='ocrx_word' id='word_1_648' title='bbox 3544 2199 3791 2268; x_wconf 87' lang='lat' dir='ltr'><strong>ipsormn</strong></span> 
     </span>
    </p>
   </div>
   <div class='ocr_carea' id='block_1_84' title="bbox 2215 2286 3793 2366">
    <p class='ocr_par' dir='ltr' id='par_1_84' title="bbox 2215 2286 3793 2366">
     <span class='ocr_line' id='line_1_84' title="bbox 2215 2286 3793 2366; baseline -0.009 -13"><span class='ocrx_word' id='word_1_649' title='bbox 2215 2299 2281 2353; x_wconf 90' lang='lat' dir='ltr'><strong>ad</strong></span> <span class='ocrx_word' id='word_1_650' title='bbox 2314 2297 2817 2366; x_wconf 79' lang='lat' dir='ltr'><strong>Hierosolymorum</strong></span> <span class='ocrx_word' id='word_1_651' title='bbox 2849 2293 3037 2349; x_wconf 84' lang='lat' dir='ltr'><strong>urbem</strong></span> <span class='ocrx_word' id='word_1_652' title='bbox 3063 2308 3129 2348; x_wconf 92' lang='lat' dir='ltr'><strong>eo</strong></span> <span class='ocrx_word' id='word_1_653' title='bbox 3155 2292 3310 2363; x_wconf 79' lang='lat' dir='ltr'><strong>signo</strong></span> <span class='ocrx_word' id='word_1_654' title='bbox 3339 2288 3609 2361; x_wconf 86' lang='lat' dir='ltr'><strong>portendi.</strong></span> <span class='ocrx_word' id='word_1_655' title='bbox 3637 2286 3793 2355; x_wconf 83' lang='lat' dir='ltr'><strong>Quod</strong></span> 
     </span>
    </p>
   </div>
   <div class='ocr_carea' id='block_1_85' title="bbox 2217 2381 3794 2459">
    <p class='ocr_par' dir='ltr' id='par_1_85' title="bbox 2217 2381 3794 2459">
     <span class='ocr_line' id='line_1_85' title="bbox 2217 2381 3794 2459; baseline -0.01 -14"><span class='ocrx_word' id='word_1_656' title='bbox 2217 2391 2312 2454; x_wconf 86' lang='lat' dir='ltr'><strong>ita,</strong></span> <span class='ocrx_word' id='word_1_657' title='bbox 2341 2396 2401 2444; x_wconf 87' lang='lat' dir='ltr'><strong>ut</strong></span> <span class='ocrx_word' id='word_1_658' title='bbox 2445 2387 2791 2459; x_wconf 67' lang='lat' dir='ltr'><strong>prmdixerat,</strong></span> <span class='ocrx_word' id='word_1_659' title='bbox 2818 2385 3018 2439; x_wconf 84' lang='lat' dir='ltr'><strong>evenit.</strong></span> <span class='ocrx_word' id='word_1_660' title='bbox 3056 2382 3209 2438; x_wconf 85' lang='lat' dir='ltr'><strong>Jacet</strong></span> <span class='ocrx_word' id='word_1_661' title='bbox 3247 2390 3427 2436; x_wconf 87' lang='lat' dir='ltr'><strong>autem</strong></span> <span class='ocrx_word' id='word_1_662' title='bbox 3456 2381 3537 2435; x_wconf 93' lang='lat' dir='ltr'><strong>vir</strong></span> <span class='ocrx_word' id='word_1_663' title='bbox 3571 2385 3794 2435; x_wconf 87' lang='lat' dir='ltr'><strong>sanctus</strong></span> 
     </span>
    </p>
   </div>
   <div class='ocr_carea' id='block_1_86' title="bbox 2217 2473 3793 2554">
    <p class='ocr_par' dir='ltr' id='par_1_86' title="bbox 2217 2473 3793 2554">
     <span class='ocr_line' id='line_1_86' title="bbox 2217 2473 3793 2554; baseline -0.01 -17"><span class='ocrx_word' id='word_1_664' title='bbox 2217 2484 2274 2537; x_wconf 92' lang='lat' dir='ltr'><strong>in</strong></span> <span class='ocrx_word' id='word_1_665' title='bbox 2327 2482 2593 2554; x_wconf 86' lang='lat' dir='ltr'><strong>Syrorum</strong></span> <span class='ocrx_word' id='word_1_666' title='bbox 2629 2479 2874 2551; x_wconf 78' lang='lat' dir='ltr'><strong>regione,</strong></span> <span class='ocrx_word' id='word_1_667' title='bbox 2925 2493 2988 2532; x_wconf 88' lang='lat' dir='ltr'><strong>ac</strong></span> <span class='ocrx_word' id='word_1_668' title='bbox 3025 2478 3181 2532; x_wconf 87' lang='lat' dir='ltr'><strong>multi</strong></span> <span class='ocrx_word' id='word_1_669' title='bbox 3217 2477 3337 2547; x_wconf 86' lang='lat' dir='ltr'><strong>ejus</strong></span> <span class='ocrx_word' id='word_1_670' title='bbox 3366 2474 3433 2529; x_wconf 91' lang='lat' dir='ltr'><strong>ad</strong></span> <span class='ocrx_word' id='word_1_671' title='bbox 3481 2473 3793 2543; x_wconf 87' lang='lat' dir='ltr'><strong>sepulcrum</strong></span> 
     </span>
    </p>
   </div>
   <div class='ocr_carea' id='block_1_87' title="bbox 2216 2564 3799 2637">
    <p class='ocr_par' dir='ltr' id='par_1_87' title="bbox 2216 2564 3799 2637">
     <span class='ocr_line' id='line_1_87' title="bbox 2216 2564 3799 2637; baseline -0.007 -6"><span class='ocrx_word' id='word_1_672' title='bbox 2216 2575 2485 2632; x_wconf 86' lang='lat' dir='ltr'><strong>orationis</strong></span> <span class='ocrx_word' id='word_1_673' title='bbox 2536 2589 2703 2629; x_wconf 88' lang='lat' dir='ltr'><strong>causa</strong></span> <span class='ocrx_word' id='word_1_674' title='bbox 2751 2572 3027 2629; x_wconf 84' lang='lat' dir='ltr'><strong>conﬂuere</strong></span> <span class='ocrx_word' id='word_1_675' title='bbox 3081 2572 3349 2628; x_wconf 85' lang='lat' dir='ltr'><strong>solebant.</strong></span> <span class='ocrx_word' id='word_1_676' title='bbox 3395 2568 3641 2637; x_wconf 83' lang='lat' dir='ltr'><strong>Cumque</strong></span> <span class='ocrx_word' id='word_1_677' title='bbox 3693 2564 3799 2620; x_wconf 88' lang='lat' dir='ltr'><strong>fre-</strong></span> 
     </span>
    </p>
   </div>
   <div class='ocr_carea' id='block_1_88' title="bbox 2216 2659 3797 2741">
    <p class='ocr_par' dir='ltr' id='par_1_88' title="bbox 2216 2659 3797 2741">
     <span class='ocr_line' id='line_1_88' title="bbox 2216 2659 3797 2741; baseline -0.008 -19"><span class='ocrx_word' id='word_1_678' title='bbox 2216 2684 2392 2741; x_wconf 90' lang='lat' dir='ltr'><strong>quens</strong></span> <span class='ocrx_word' id='word_1_679' title='bbox 2429 2665 2737 2722; x_wconf 66' lang='lat' dir='ltr'><strong>Ju’dzeorum</strong></span> <span class='ocrx_word' id='word_1_680' title='bbox 2790 2664 2903 2719; x_wconf 90' lang='lat' dir='ltr'><strong>illic</strong></span> <span class='ocrx_word' id='word_1_681' title='bbox 2954 2664 3022 2719; x_wconf 91' lang='lat' dir='ltr'><strong>ad</strong></span> <span class='ocrx_word' id='word_1_682' title='bbox 3066 2663 3242 2734; x_wconf 92' lang='lat' dir='ltr'><strong>ipsius</strong></span> <span class='ocrx_word' id='word_1_683' title='bbox 3288 2659 3608 2715; x_wconf 85' lang='lat' dir='ltr'><strong>memoriam</strong></span> <span class='ocrx_word' id='word_1_684' title='bbox 3664 2671 3797 2712; x_wconf 90' lang='lat' dir='ltr'><strong>con-</strong></span> 
     </span>
    </p>
   </div>
   <div class='ocr_carea' id='block_1_89' title="bbox 2218 2747 3800 2829">
    <p class='ocr_par' dir='ltr' id='par_1_89' title="bbox 2218 2747 3800 2829">
     <span class='ocr_line' id='line_1_89' title="bbox 2218 2747 3800 2829; baseline -0.012 -11"><span class='ocrx_word' id='word_1_685' title='bbox 2218 2777 2415 2818; x_wconf 89' lang='lat' dir='ltr'><strong>cursus</strong></span> <span class='ocrx_word' id='word_1_686' title='bbox 2452 2766 2597 2817; x_wconf 89' lang='lat' dir='ltr'><strong>esset</strong></span> <span class='ocrx_word' id='word_1_687' title='bbox 2645 2756 2941 2829; x_wconf 88' lang='lat' dir='ltr'><strong>aliquando</strong></span> <span class='ocrx_word' id='word_1_688' title='bbox 2976 2755 3151 2811; x_wconf 86' lang='lat' dir='ltr'><strong>factus</strong></span> <span class='ocrx_word' id='word_1_689' title='bbox 3175 2792 3190 2816; x_wconf 87' lang='lat'><strong>,</strong></span> <span class='ocrx_word' id='word_1_690' title='bbox 3225 2752 3386 2807; x_wconf 84' lang='lat' dir='ltr'><strong>veriti</strong></span> <span class='ocrx_word' id='word_1_691' title='bbox 3442 2747 3680 2805; x_wconf 84' lang='lat' dir='ltr'><strong>Chaldaei</strong></span> <span class='ocrx_word' id='word_1_692' title='bbox 3732 2760 3800 2800; x_wconf 91' lang='lat' dir='ltr'><strong>ne</strong></span> 
     </span>
    </p>
   </div>
   <div class='ocr_carea' id='block_1_90' title="bbox 2219 2835 3795 2920">
    <p class='ocr_par' dir='ltr' id='par_1_90' title="bbox 2219 2835 3795 2920">
     <span class='ocr_line' id='line_1_90' title="bbox 2219 2835 3795 2920; baseline -0.011 -14"><span class='ocrx_word' id='word_1_693' title='bbox 2219 2860 2412 2907; x_wconf 88' lang='lat' dir='ltr'><strong>contra</strong></span> <span class='ocrx_word' id='word_1_694' title='bbox 2458 2866 2518 2907; x_wconf 91' lang='lat' dir='ltr'><strong>se</strong></span> <span class='ocrx_word' id='word_1_695' title='bbox 2566 2856 2986 2920; x_wconf 84' lang='lat' dir='ltr'><strong>consurgerent,</strong></span> <span class='ocrx_word' id='word_1_696' title='bbox 3024 2843 3439 2916; x_wconf 88' lang='lat' dir='ltr'><strong>impressionem</strong></span> <span class='ocrx_word' id='word_1_697' title='bbox 3485 2841 3540 2894; x_wconf 90' lang='lat' dir='ltr'><strong>in</strong></span> <span class='ocrx_word' id='word_1_698' title='bbox 3584 2853 3679 2895; x_wconf 88' lang='lat' dir='ltr'><strong>eos</strong></span> <span class='ocrx_word' id='word_1_699' title='bbox 3717 2835 3795 2890; x_wconf 86' lang='lat' dir='ltr'><strong>fa-</strong></span> 
     </span>
    </p>
   </div>
   <div class='ocr_carea' id='block_1_91' title="bbox 2220 2929 3796 3013">
    <p class='ocr_par' dir='ltr' id='par_1_91' title="bbox 2220 2929 3796 3013">
     <span class='ocr_line' id='line_1_91' title="bbox 2220 2929 3796 3013; baseline -0.011 -15"><span class='ocrx_word' id='word_1_700' title='bbox 2220 2958 2377 3006; x_wconf 84' lang='lat' dir='ltr'><strong>cere,</strong></span> <span class='ocrx_word' id='word_1_701' title='bbox 2420 2950 2583 3013; x_wconf 91' lang='lat' dir='ltr'><strong>atque</strong></span> <span class='ocrx_word' id='word_1_702' title='bbox 2634 2940 2940 2997; x_wconf 75' lang='lat' dir='ltr'><strong>interﬁcere</strong></span> <span class='ocrx_word' id='word_1_703' title='bbox 2987 2938 3356 2993; x_wconf 85' lang='lat' dir='ltr'><strong>decreverant.</strong></span> <span class='ocrx_word' id='word_1_704' title='bbox 3401 2932 3470 2986; x_wconf 82' lang='lat' dir='ltr'><strong>At</strong></span> <span class='ocrx_word' id='word_1_705' title='bbox 3521 2929 3796 3002; x_wconf 63' lang='lat' dir='ltr'><strong>propheta:</strong></span> 
     </span>
    </p>
   </div>
   <div class='ocr_carea' id='block_1_92' title="bbox 2222 3018 3797 3098">
    <p class='ocr_par' dir='ltr' id='par_1_92' title="bbox 2222 3018 3797 3098">
     <span class='ocr_line' id='line_1_92' title="bbox 2222 3018 3797 3098; baseline -0.012 -11"><span class='ocrx_word' id='word_1_706' title='bbox 2222 3030 2483 3087; x_wconf 78' lang='lat' dir='ltr'><strong>beneficio</strong></span> <span class='ocrx_word' id='word_1_707' title='bbox 2511 3030 2753 3084; x_wconf 88' lang='lat' dir='ltr'><strong>fluminis</strong></span> <span class='ocrx_word' id='word_1_708' title='bbox 2785 3041 2926 3098; x_wconf 87' lang='lat' dir='ltr'><strong>aqua</strong></span> <span class='ocrx_word' id='word_1_709' title='bbox 2958 3024 3226 3084; x_wconf 85' lang='lat' dir='ltr'><strong>constitit.</strong></span> <span class='ocrx_word' id='word_1_710' title='bbox 3270 3029 3331 3076; x_wconf 93' lang='lat' dir='ltr'><strong>ut</strong></span> <span class='ocrx_word' id='word_1_711' title='bbox 3368 3019 3632 3075; x_wconf 75' lang='lat' dir='ltr'><strong>lsraelitze</strong></span> <span class='ocrx_word' id='word_1_712' title='bbox 3658 3018 3797 3071; x_wconf 87' lang='lat' dir='ltr'><strong>ulte-</strong></span> 
     </span>
    </p>
   </div>
   <div class='ocr_carea' id='block_1_93' title="bbox 2222 3110 3803 3191">
    <p class='ocr_par' dir='ltr' id='par_1_93' title="bbox 2222 3110 3803 3191">
     <span class='ocr_line' id='line_1_93' title="bbox 2222 3110 3803 3191; baseline -0.009 -15"><span class='ocrx_word' id='word_1_713' title='bbox 2222 3124 2423 3177; x_wconf 85' lang='lat' dir='ltr'><strong>riorem</strong></span> <span class='ocrx_word' id='word_1_714' title='bbox 2459 3122 2513 3175; x_wconf 93' lang='lat' dir='ltr'><strong>in</strong></span> <span class='ocrx_word' id='word_1_715' title='bbox 2549 3123 2725 3191; x_wconf 90' lang='lat' dir='ltr'><strong>ripam</strong></span> <span class='ocrx_word' id='word_1_716' title='bbox 2784 3118 3219 3173; x_wconf 89' lang='lat' dir='ltr'><strong>transmittentes</strong></span> <span class='ocrx_word' id='word_1_717' title='bbox 3251 3114 3559 3169; x_wconf 88' lang='lat' dir='ltr'><strong>evaderent.</strong></span> <span class='ocrx_word' id='word_1_718' title='bbox 3594 3110 3672 3164; x_wconf 76' lang='lat' dir='ltr'><strong>Ex</strong></span> <span class='ocrx_word' id='word_1_719' title='bbox 3703 3110 3803 3163; x_wconf 85' lang='lat' dir='ltr'><strong>ho-</strong></span> 
     </span>
    </p>
   </div>
   <div class='ocr_carea' id='block_1_94' title="bbox 2226 3200 3801 3283">
    <p class='ocr_par' dir='ltr' id='par_1_94' title="bbox 2226 3200 3801 3283">
     <span class='ocr_line' id='line_1_94' title="bbox 2226 3200 3801 3283; baseline -0.013 -14"><span class='ocrx_word' id='word_1_720' title='bbox 2226 3214 2404 3270; x_wconf 89' lang='lat' dir='ltr'><strong>stibus</strong></span> <span class='ocrx_word' id='word_1_721' title='bbox 2452 3212 2546 3283; x_wconf 88' lang='lat' dir='ltr'><strong>qui</strong></span> <span class='ocrx_word' id='word_1_722' title='bbox 2603 3211 2898 3281; x_wconf 79' lang='lat' dir='ltr'><strong>fugientem</strong></span> <span class='ocrx_word' id='word_1_723' title='bbox 2937 3206 3195 3279; x_wconf 89' lang='lat' dir='ltr'><strong>populum</strong></span> <span class='ocrx_word' id='word_1_724' title='bbox 3222 3204 3340 3259; x_wconf 87' lang='lat' dir='ltr'><strong>ausi</strong></span> <span class='ocrx_word' id='word_1_725' title='bbox 3366 3210 3494 3257; x_wconf 91' lang='lat' dir='ltr'><strong>sunt</strong></span> <span class='ocrx_word' id='word_1_726' title='bbox 3526 3200 3801 3272; x_wconf 84' lang='lat' dir='ltr'><strong>persequi,</strong></span> 
     </span>
    </p>
   </div>
   <div class='ocr_carea' id='block_1_95' title="bbox 2225 3294 3805 3379">
    <p class='ocr_par' dir='ltr' id='par_1_95' title="bbox 2225 3294 3805 3379">
     <span class='ocr_line' id='line_1_95' title="bbox 2225 3294 3805 3379; baseline -0.011 -17"><span class='ocrx_word' id='word_1_727' title='bbox 2225 3322 2366 3379; x_wconf 92' lang='lat' dir='ltr'><strong>pone</strong></span> <span class='ocrx_word' id='word_1_728' title='bbox 2397 3306 2574 3377; x_wconf 91' lang='lat' dir='ltr'><strong>ipsum</strong></span> <span class='ocrx_word' id='word_1_729' title='bbox 2605 3301 2839 3359; x_wconf 86' lang='lat' dir='ltr'><strong>demersi</strong></span> <span class='ocrx_word' id='word_1_730' title='bbox 2868 3307 3018 3357; x_wconf 91' lang='lat' dir='ltr'><strong>sunt.</strong></span> <span class='ocrx_word' id='word_1_731' title='bbox 3049 3299 3129 3354; x_wconf 89' lang='lat' dir='ltr'><strong>Ad</strong></span> <span class='ocrx_word' id='word_1_732' title='bbox 3158 3299 3271 3352; x_wconf 72' lang='lat' dir='ltr'><strong>inec</strong></span> <span class='ocrx_word' id='word_1_733' title='bbox 3312 3294 3575 3366; x_wconf 85' lang='lat' dir='ltr'><strong>prOpheta</strong></span> <span class='ocrx_word' id='word_1_734' title='bbox 3610 3300 3805 3363; x_wconf 87' lang='lat' dir='ltr'><strong>sponte</strong></span> 
     </span>
    </p>
   </div>
   <div class='ocr_carea' id='block_1_96' title="bbox 2225 3388 3805 3469">
    <p class='ocr_par' dir='ltr' id='par_1_96' title="bbox 2225 3388 3805 3469">
     <span class='ocr_line' id='line_1_96' title="bbox 2225 3388 3805 3469; baseline -0.012 -13"><span class='ocrx_word' id='word_1_735' title='bbox 2225 3398 2497 3469; x_wconf 82' lang='lat' dir='ltr'><strong>susceptis</strong></span> <span class='ocrx_word' id='word_1_736' title='bbox 2525 3395 2781 3467; x_wconf 89' lang='lat' dir='ltr'><strong>precibus</strong></span> <span class='ocrx_word' id='word_1_737' title='bbox 2811 3393 3142 3448; x_wconf 77' lang='lat' dir='ltr'><strong>uberrimam</strong></span> <span class='ocrx_word' id='word_1_738' title='bbox 3176 3389 3407 3460; x_wconf 88' lang='lat' dir='ltr'><strong>piscium</strong></span> <span class='ocrx_word' id='word_1_739' title='bbox 3433 3388 3641 3457; x_wconf 89' lang='lat' dir='ltr'><strong>copiam</strong></span> <span class='ocrx_word' id='word_1_740' title='bbox 3671 3400 3805 3453; x_wconf 76' lang='lat' dir='ltr'><strong>sup-</strong></span> 
     </span>
    </p>
   </div>
   <div class='ocr_carea' id='block_1_97' title="bbox 2225 3477 3807 3564">
    <p class='ocr_par' dir='ltr' id='par_1_97' title="bbox 2225 3477 3807 3564">
     <span class='ocr_line' id='line_1_97' title="bbox 2225 3477 3807 3564; baseline -0.011 -16"><span class='ocrx_word' id='word_1_741' title='bbox 2225 3490 2475 3564; x_wconf 87' lang='lat' dir='ltr'><strong>peditans</strong></span> <span class='ocrx_word' id='word_1_742' title='bbox 2511 3487 2651 3543; x_wconf 86' lang='lat' dir='ltr'><strong>fame</strong></span> <span class='ocrx_word' id='word_1_743' title='bbox 2683 3487 2796 3556; x_wconf 89' lang='lat' dir='ltr'><strong>jam</strong></span> <span class='ocrx_word' id='word_1_744' title='bbox 2830 3483 3111 3540; x_wconf 88' lang='lat' dir='ltr'><strong>confectos</strong></span> <span class='ocrx_word' id='word_1_745' title='bbox 3137 3482 3303 3548; x_wconf 86' lang='lat' dir='ltr'><strong>aluit;</strong></span> <span class='ocrx_word' id='word_1_746' title='bbox 3333 3496 3396 3534; x_wconf 87' lang='lat' dir='ltr'><strong>ac</strong></span> <span class='ocrx_word' id='word_1_747' title='bbox 3426 3477 3807 3533; x_wconf 81' lang='lat' dir='ltr'><strong>deﬁcientibus</strong></span> 
     </span>
    </p>
   </div>
   <div class='ocr_carea' id='block_1_98' title="bbox 2227 3570 3808 3653">
    <p class='ocr_par' dir='ltr' id='par_1_98' title="bbox 2227 3570 3808 3653">
     <span class='ocr_line' id='line_1_98' title="bbox 2227 3570 3808 3653; baseline -0.01 -18"><span class='ocrx_word' id='word_1_748' title='bbox 2227 3583 2501 3653; x_wconf 83' lang='lat' dir='ltr'><strong>plerisque</strong></span> <span class='ocrx_word' id='word_1_749' title='bbox 2539 3594 2568 3633; x_wconf 88' lang='lat' dir='ltr'><strong>a</strong></span> <span class='ocrx_word' id='word_1_750' title='bbox 2604 3577 2712 3633; x_wconf 88' lang='lat' dir='ltr'><strong>Deo</strong></span> <span class='ocrx_word' id='word_1_751' title='bbox 2763 3578 2928 3631; x_wconf 88' lang='lat' dir='ltr'><strong>vitam</strong></span> <span class='ocrx_word' id='word_1_752' title='bbox 2966 3573 3299 3645; x_wconf 71' lang='lat' dir='ltr'><strong>impetravit.</strong></span> <span class='ocrx_word' id='word_1_753' title='bbox 3345 3570 3513 3636; x_wconf 91' lang='lat' dir='ltr'><strong>Idem,</strong></span> <span class='ocrx_word' id='word_1_754' title='bbox 3547 3583 3670 3623; x_wconf 91' lang='lat' dir='ltr'><strong>cum</strong></span> <span class='ocrx_word' id='word_1_755' title='bbox 3712 3582 3808 3635; x_wconf 83' lang='lat' dir='ltr'><strong>po-</strong></span> 
     </span>
    </p>
   </div>
   <div class='ocr_carea' id='block_1_99' title="bbox 2226 3658 3809 3742">
    <p class='ocr_par' dir='ltr' id='par_1_99' title="bbox 2226 3658 3809 3742">
     <span class='ocr_line' id='line_1_99' title="bbox 2226 3658 3809 3742; baseline -0.009 -16"><span class='ocrx_word' id='word_1_756' title='bbox 2226 3671 2387 3742; x_wconf 90' lang='lat' dir='ltr'><strong>pulus</strong></span> <span class='ocrx_word' id='word_1_757' title='bbox 2433 3669 2502 3724; x_wconf 88' lang='lat' dir='ltr'><strong>ab</strong></span> <span class='ocrx_word' id='word_1_758' title='bbox 2544 3666 2793 3723; x_wconf 78' lang='lat' dir='ltr'><strong>hostibus</strong></span> <span class='ocrx_word' id='word_1_759' title='bbox 2837 3664 3241 3735; x_wconf 88' lang='lat' dir='ltr'><strong>opprimeretur</strong></span> <span class='ocrx_word' id='word_1_760' title='bbox 3270 3702 3284 3726; x_wconf 93' lang='lat'><strong>,</strong></span> <span class='ocrx_word' id='word_1_761' title='bbox 3330 3660 3526 3715; x_wconf 89' lang='lat' dir='ltr'><strong>horum</strong></span> <span class='ocrx_word' id='word_1_762' title='bbox 3577 3658 3809 3712; x_wconf 86' lang='lat' dir='ltr'><strong>ducibus</strong></span> 
     </span>
    </p>
   </div>
   <div class='ocr_carea' id='block_1_100' title="bbox 2229 3751 3810 3830">
    <p class='ocr_par' dir='ltr' id='par_1_100' title="bbox 2229 3751 3810 3830">
     <span class='ocr_line' id='line_1_100' title="bbox 2229 3751 3810 3830; baseline -0.013 -10"><span class='ocrx_word' id='word_1_763' title='bbox 2229 3762 2491 3827; x_wconf 89' lang='lat' dir='ltr'><strong>occurrit,</strong></span> <span class='ocrx_word' id='word_1_764' title='bbox 2519 3776 2583 3815; x_wconf 88' lang='lat' dir='ltr'><strong>ac</strong></span> <span class='ocrx_word' id='word_1_765' title='bbox 2621 3759 2892 3830; x_wconf 79' lang='lat' dir='ltr'><strong>prodigiis</strong></span> <span class='ocrx_word' id='word_1_766' title='bbox 2938 3754 3364 3828; x_wconf 88' lang='lat' dir='ltr'><strong>perterrefactos</strong></span> <span class='ocrx_word' id='word_1_767' title='bbox 3419 3751 3684 3807; x_wconf 83' lang='lat' dir='ltr'><strong>desistere</strong></span> <span class='ocrx_word' id='word_1_768' title='bbox 3726 3764 3810 3802; x_wconf 85' lang='lat' dir='ltr'><strong>co-</strong></span> 
     </span>
    </p>
   </div>
   <div class='ocr_carea' id='block_1_101' title="bbox 2228 3841 3809 3925">
    <p class='ocr_par' dir='ltr' id='par_1_101' title="bbox 2228 3841 3809 3925">
     <span class='ocr_line' id='line_1_101' title="bbox 2228 3841 3809 3925; baseline -0.011 -15"><span class='ocrx_word' id='word_1_769' title='bbox 2228 3856 2359 3925; x_wconf 78' lang='lat' dir='ltr'><strong>egit.</strong></span> <span class='ocrx_word' id='word_1_770' title='bbox 2392 3853 2497 3909; x_wconf 76' lang='lat' dir='ltr'><strong>Per</strong></span> <span class='ocrx_word' id='word_1_771' title='bbox 2538 3851 2671 3906; x_wconf 88' lang='lat' dir='ltr'><strong>illud</strong></span> <span class='ocrx_word' id='word_1_772' title='bbox 2721 3859 2939 3920; x_wconf 90' lang='lat' dir='ltr'><strong>tempus</strong></span> <span class='ocrx_word' id='word_1_773' title='bbox 2974 3846 3225 3902; x_wconf 84' lang='lat' dir='ltr'><strong>Ezechiel</strong></span> <span class='ocrx_word' id='word_1_774' title='bbox 3249 3846 3325 3899; x_wconf 88' lang='lat' dir='ltr'><strong>ita</strong></span> <span class='ocrx_word' id='word_1_775' title='bbox 3360 3843 3619 3915; x_wconf 91' lang='lat' dir='ltr'><strong>populum</strong></span> <span class='ocrx_word' id='word_1_776' title='bbox 3668 3841 3809 3895; x_wconf 80' lang='lat' dir='ltr'><strong>allo-</strong></span> 
     </span>
    </p>
   </div>
   <div class='ocr_carea' id='block_1_102' title="bbox 2230 3932 3812 4013">
    <p class='ocr_par' dir='ltr' id='par_1_102' title="bbox 2230 3932 3812 4013">
     <span class='ocr_line' id='line_1_102' title="bbox 2230 3932 3812 4013; baseline -0.009 -13"><span class='ocrx_word' id='word_1_777' title='bbox 2230 3957 2390 4002; x_wconf 91' lang='lat' dir='ltr'><strong>cutus</strong></span> <span class='ocrx_word' id='word_1_778' title='bbox 2428 3952 2512 4002; x_wconf 89' lang='lat' dir='ltr'><strong>est</strong></span> <span class='ocrx_word' id='word_1_779' title='bbox 2544 3963 2558 3999; x_wconf 90' lang='lat'><strong>:</strong></span> <span class='ocrx_word' id='word_1_780' title='bbox 2592 3942 2996 4013; x_wconf 79' lang='lat' dir='ltr'><strong>Desperarimus</strong></span> <span class='ocrx_word' id='word_1_781' title='bbox 3016 3957 3035 4004; x_wconf 86' lang='lat'><strong><em>;</em></strong></span> <span class='ocrx_word' id='word_1_782' title='bbox 3072 3938 3229 4007; x_wconf 78' lang='lat' dir='ltr'><strong>periit</strong></span> <span class='ocrx_word' id='word_1_783' title='bbox 3277 3951 3390 4003; x_wconf 78' lang='lat' dir='ltr'><strong>spes</strong></span> <span class='ocrx_word' id='word_1_784' title='bbox 3423 3944 3606 3990; x_wconf 80' lang='lat' dir='ltr'><strong>nostra</strong></span> <span class='ocrx_word' id='word_1_785' title='bbox 3641 3934 3679 3986; x_wconf 91' lang='grc'><strong>¹.</strong></span> <span class='ocrx_word' id='word_1_786' title='bbox 3715 3932 3812 3986; x_wconf 83' lang='lat' dir='ltr'><strong>At-</strong></span> 
     </span>
    </p>
   </div>
   <div class='ocr_carea' id='block_1_103' title="bbox 2232 4024 3809 4105">
    <p class='ocr_par' dir='ltr' id='par_1_103' title="bbox 2232 4024 3809 4105">
     <span class='ocr_line' id='line_1_103' title="bbox 2232 4024 3809 4105; baseline -0.006 -17"><span class='ocrx_word' id='word_1_787' title='bbox 2232 4051 2338 4105; x_wconf 88' lang='lat' dir='ltr'><strong>que</strong></span> <span class='ocrx_word' id='word_1_788' title='bbox 2366 4051 2431 4090; x_wconf 83' lang='lat' dir='ltr'><strong>ex</strong></span> <span class='ocrx_word' id='word_1_789' title='bbox 2468 4042 2809 4089; x_wconf 88' lang='lat' dir='ltr'><strong>mortuorum</strong></span> <span class='ocrx_word' id='word_1_790' title='bbox 2838 4031 3045 4087; x_wconf 84' lang='lat' dir='ltr'><strong>ossium</strong></span> <span class='ocrx_word' id='word_1_791' title='bbox 3084 4027 3332 4097; x_wconf 83' lang='lat' dir='ltr'><strong>prodigio</strong></span> <span class='ocrx_word' id='word_1_792' title='bbox 3359 4025 3633 4095; x_wconf 88' lang='lat' dir='ltr'><strong>persuasit</strong></span> <span class='ocrx_word' id='word_1_793' title='bbox 3661 4024 3767 4079; x_wconf 91' lang='lat' dir='ltr'><strong>illis</strong></span> <span class='ocrx_word' id='word_1_794' title='bbox 3794 4062 3809 4086; x_wconf 87' lang='lat'><strong>.</strong></span> 
     </span>
    </p>
   </div>
   <div class='ocr_carea' id='block_1_104' title="bbox 2233 4118 3811 4187">
    <p class='ocr_par' dir='ltr' id='par_1_104' title="bbox 2233 4118 3811 4187">
     <span class='ocr_line' id='line_1_104' title="bbox 2233 4118 3811 4187; baseline -0.01 -6"><span class='ocrx_word' id='word_1_795' title='bbox 2233 4125 2418 4181; x_wconf 87' lang='lat' dir='ltr'><strong>lsraeli</strong></span> <span class='ocrx_word' id='word_1_796' title='bbox 2449 4140 2573 4180; x_wconf 90' lang='lat' dir='ltr'><strong>eum</strong></span> <span class='ocrx_word' id='word_1_797' title='bbox 2602 4123 2711 4187; x_wconf 89' lang='lat' dir='ltr'><strong>hic,</strong></span> <span class='ocrx_word' id='word_1_798' title='bbox 2742 4134 2853 4177; x_wconf 92' lang='lat' dir='ltr'><strong>tum</strong></span> <span class='ocrx_word' id='word_1_799' title='bbox 2898 4122 2952 4175; x_wconf 93' lang='lat' dir='ltr'><strong>in</strong></span> <span class='ocrx_word' id='word_1_800' title='bbox 2985 4119 3168 4172; x_wconf 88' lang='lat' dir='ltr'><strong>futura</strong></span> <span class='ocrx_word' id='word_1_801' title='bbox 3200 4118 3309 4172; x_wconf 87' lang='lat' dir='ltr'><strong>vita</strong></span> <span class='ocrx_word' id='word_1_802' title='bbox 3345 4130 3495 4186; x_wconf 89' lang='lat' dir='ltr'><strong>spem</strong></span> <span class='ocrx_word' id='word_1_803' title='bbox 3532 4129 3651 4170; x_wconf 88' lang='lat' dir='ltr'><strong>esse</strong></span> <span class='ocrx_word' id='word_1_804' title='bbox 3680 4128 3811 4183; x_wconf 88' lang='lat' dir='ltr'><strong>pro-</strong></span> 
     </span>
    </p>
   </div>
   <div class='ocr_carea' id='block_1_105' title="bbox 2234 4200 3814 4284">
    <p class='ocr_par' dir='ltr' id='par_1_105' title="bbox 2234 4200 3814 4284">
     <span class='ocr_line' id='line_1_105' title="bbox 2234 4200 3814 4284; baseline -0.011 -15"><span class='ocrx_word' id='word_1_805' title='bbox 2234 4215 2485 4284; x_wconf 85' lang='lat' dir='ltr'><strong>positam.</strong></span> <span class='ocrx_word' id='word_1_806' title='bbox 2518 4211 2621 4279; x_wconf 86' lang='lat' dir='ltr'><strong>Qui</strong></span> <span class='ocrx_word' id='word_1_807' title='bbox 2664 4224 2786 4263; x_wconf 91' lang='lat' dir='ltr'><strong>cum</strong></span> <span class='ocrx_word' id='word_1_808' title='bbox 2841 4209 2894 4263; x_wconf 93' lang='lat' dir='ltr'><strong>in</strong></span> <span class='ocrx_word' id='word_1_809' title='bbox 2931 4206 3185 4262; x_wconf 83' lang='lat' dir='ltr'><strong>Chaldaea</strong></span> <span class='ocrx_word' id='word_1_810' title='bbox 3225 4203 3338 4259; x_wconf 91' lang='lat' dir='ltr'><strong>illic</strong></span> <span class='ocrx_word' id='word_1_811' title='bbox 3388 4210 3557 4266; x_wconf 87' lang='lat' dir='ltr'><strong>esset,</strong></span> <span class='ocrx_word' id='word_1_812' title='bbox 3610 4200 3814 4256; x_wconf 88' lang='lat' dir='ltr'><strong>nihilo-</strong></span> 
     </span>
    </p>
   </div>
   <div class='ocr_carea' id='block_1_106' title="bbox 2235 4294 3814 4373">
    <p class='ocr_par' dir='ltr' id='par_1_106' title="bbox 2235 4294 3814 4373">
     <span class='ocr_line' id='line_1_106' title="bbox 2235 4294 3814 4373; baseline -0.008 -16"><span class='ocrx_word' id='word_1_813' title='bbox 2235 4304 2418 4358; x_wconf 90' lang='lat' dir='ltr'><strong>minus</strong></span> <span class='ocrx_word' id='word_1_814' title='bbox 2451 4317 2574 4373; x_wconf 63' lang='lat' dir='ltr'><strong>quze</strong></span> <span class='ocrx_word' id='word_1_815' title='bbox 2601 4299 2993 4371; x_wconf 82' lang='lat' dir='ltr'><strong>Hierosolymis</strong></span> <span class='ocrx_word' id='word_1_816' title='bbox 3035 4297 3090 4352; x_wconf 91' lang='lat' dir='ltr'><strong>in</strong></span> <span class='ocrx_word' id='word_1_817' title='bbox 3125 4296 3328 4365; x_wconf 90' lang='lat' dir='ltr'><strong>templo</strong></span> <span class='ocrx_word' id='word_1_818' title='bbox 3384 4294 3585 4349; x_wconf 84' lang='lat' dir='ltr'><strong>fiebant</strong></span> <span class='ocrx_word' id='word_1_819' title='bbox 3629 4294 3814 4347; x_wconf 86' lang='lat' dir='ltr'><strong>omnia</strong></span> 
     </span>
    </p>
   </div>
   <div class='ocr_carea' id='block_1_107' title="bbox 2238 4382 3812 4463">
    <p class='ocr_par' dir='ltr' id='par_1_107' title="bbox 2238 4382 3812 4463">
     <span class='ocr_line' id='line_1_107' title="bbox 2238 4382 3812 4463; baseline -0.007 -18"><span class='ocrx_word' id='word_1_820' title='bbox 2238 4393 2438 4463; x_wconf 88' lang='lat' dir='ltr'><strong>popqu</strong></span> <span class='ocrx_word' id='word_1_821' title='bbox 2468 4392 2770 4446; x_wconf 81' lang='lat' dir='ltr'><strong>nuntiabat.</strong></span> <span class='ocrx_word' id='word_1_822' title='bbox 2805 4389 3070 4444; x_wconf 67' lang='lat' dir='ltr'><strong>Praeterea</strong></span> <span class='ocrx_word' id='word_1_823' title='bbox 3100 4402 3166 4440; x_wconf 78' lang='lat' dir='ltr'><strong>ex</strong></span> <span class='ocrx_word' id='word_1_824' title='bbox 3197 4385 3387 4441; x_wconf 85' lang='lat' dir='ltr'><strong>eadem</strong></span> <span class='ocrx_word' id='word_1_825' title='bbox 3427 4382 3812 4437; x_wconf 72' lang='lat' dir='ltr'><strong>Chaldaeorum</strong></span> 
     </span>
    </p>
   </div>
   <div class='ocr_carea' id='block_1_108' title="bbox 2169 4478 3810 4566">
    <p class='ocr_par' dir='ltr' id='par_1_108' title="bbox 2169 4478 3810 4566">
     <span class='ocr_line' id='line_1_108' title="bbox 2169 4478 3810 4566; baseline -0.006 -29"><span class='ocrx_word' id='word_1_826' title='bbox 2169 4512 2209 4566; x_wconf 76' lang='grc' dir='ltr'>υ</span> <span class='ocrx_word' id='word_1_827' title='bbox 2239 4484 2458 4552; x_wconf 80' lang='lat' dir='ltr'><strong>regione</strong></span> <span class='ocrx_word' id='word_1_828' title='bbox 2489 4489 2697 4550; x_wconf 88' lang='lat' dir='ltr'><strong>raptus,</strong></span> <span class='ocrx_word' id='word_1_829' title='bbox 2732 4488 2800 4566; x_wconf 33' lang='lat' dir='ltr'><strong>et‘</strong></span> <span class='ocrx_word' id='word_1_830' title='bbox 2827 4478 3203 4547; x_wconf 83' lang='lat' dir='ltr'><strong>Hierosolyma</strong></span> <span class='ocrx_word' id='word_1_831' title='bbox 3239 4481 3645 4545; x_wconf 88' lang='lat' dir='ltr'><strong>transportatus</strong></span> <span class='ocrx_word' id='word_1_832' title='bbox 3690 4480 3774 4525; x_wconf 83' lang='lat' dir='ltr'><strong>est</strong></span> <span class='ocrx_word' id='word_1_833' title='bbox 3797 4510 3810 4527; x_wconf 84' lang='lat'><strong>.</strong></span> 
     </span>
    </p>
   </div>
   <div class='ocr_carea' id='block_1_109' title="bbox 2238 4556 3806 4628">
    <p class='ocr_par' dir='ltr' id='par_1_109' title="bbox 2238 4556 3806 4628">
     <span class='ocr_line' id='line_1_109' title="bbox 2238 4556 3806 4628; baseline -0.008 0"><span class='ocrx_word' id='word_1_834' title='bbox 2238 4574 2305 4628; x_wconf 88' lang='lat' dir='ltr'><strong>ad</strong></span> <span class='ocrx_word' id='word_1_835' title='bbox 2349 4572 2754 4628; x_wconf 84' lang='lat' dir='ltr'><strong>convincendos</strong></span> <span class='ocrx_word' id='word_1_836' title='bbox 2792 4556 3129 4625; x_wconf 83' lang='lat' dir='ltr'><strong>incredulos.</strong></span> <span class='ocrx_word' id='word_1_837' title='bbox 3161 4566 3266 4622; x_wconf 90' lang='lat' dir='ltr'><strong>Sed</strong></span> <span class='ocrx_word' id='word_1_838' title='bbox 3292 4574 3347 4625; x_wconf 89' lang='lat' dir='ltr'><strong>et</strong></span> <span class='ocrx_word' id='word_1_839' title='bbox 3375 4565 3642 4620; x_wconf 88' lang='lat' dir='ltr'><strong>Dominici</strong></span> <span class='ocrx_word' id='word_1_840' title='bbox 3674 4572 3806 4618; x_wconf 86' lang='lat' dir='ltr'><strong>tem-</strong></span> 
     </span>
    </p>
   </div>
   <div class='ocr_carea' id='block_1_110' title="bbox 2239 4659 3817 4736">
    <p class='ocr_par' dir='ltr' id='par_1_110' title="bbox 2239 4659 3817 4736">
     <span class='ocr_line' id='line_1_110' title="bbox 2239 4659 3817 4736; baseline -0.008 -17"><span class='ocrx_word' id='word_1_841' title='bbox 2239 4665 2311 4736; x_wconf 87' lang='lat' dir='ltr'><strong>pli</strong></span> <span class='ocrx_word' id='word_1_842' title='bbox 2351 4666 2555 4729; x_wconf 89' lang='lat' dir='ltr'><strong>locum,</strong></span> <span class='ocrx_word' id='word_1_843' title='bbox 2611 4663 2834 4733; x_wconf 88' lang='lat' dir='ltr'><strong>perinde</strong></span> <span class='ocrx_word' id='word_1_844' title='bbox 2873 4677 2937 4716; x_wconf 88' lang='lat' dir='ltr'><strong>ae</strong></span> <span class='ocrx_word' id='word_1_845' title='bbox 2983 4660 3333 4732; x_wconf 60' lang='lat' dir='ltr'><strong>Moyses,“et</strong></span> <span class='ocrx_word' id='word_1_846' title='bbox 3380 4659 3551 4711; x_wconf 86' lang='lat' dir='ltr'><strong>latum</strong></span> <span class='ocrx_word' id='word_1_847' title='bbox 3599 4671 3817 4709; x_wconf 85' lang='lat' dir='ltr'><strong>murum</strong></span> 
     </span>
    </p>
   </div>
   <div class='ocr_carea' id='block_1_111' title="bbox 2240 4745 3816 4825">
    <p class='ocr_par' dir='ltr' id='par_1_111' title="bbox 2240 4745 3816 4825">
     <span class='ocr_line' id='line_1_111' title="bbox 2240 4745 3816 4825; baseline -0.008 -15"><span class='ocrx_word' id='word_1_848' title='bbox 2240 4755 2472 4825; x_wconf 80' lang='lat' dir='ltr'><strong>aspexit,</strong></span> <span class='ocrx_word' id='word_1_849' title='bbox 2502 4769 2624 4824; x_wconf 76' lang='lat' dir='ltr'><strong>qute</strong></span> <span class='ocrx_word' id='word_1_850' title='bbox 2652 4752 2841 4806; x_wconf 87' lang='lat' dir='ltr'><strong>Daniel</strong></span> <span class='ocrx_word' id='word_1_851' title='bbox 2874 4748 3195 4806; x_wconf 55' lang='lat' dir='ltr'><strong>aedificanda</strong></span> <span class='ocrx_word' id='word_1_852' title='bbox 3228 4748 3497 4819; x_wconf 78' lang='lat' dir='ltr'><strong>praedixit.</strong></span> <span class='ocrx_word' id='word_1_853' title='bbox 3534 4745 3816 4802; x_wconf 82' lang='lat' dir='ltr'><strong>Postremo</strong></span> 
     </span>
    </p>
   </div>
   <div class='ocr_carea' id='block_1_112' title="bbox 2242 4839 3815 4917">
    <p class='ocr_par' dir='ltr' id='par_1_112' title="bbox 2242 4839 3815 4917">
     <span class='ocr_line' id='line_1_112' title="bbox 2242 4839 3815 4917; baseline -0.006 -17"><span class='ocrx_word' id='word_1_854' title='bbox 2242 4848 2382 4901; x_wconf 92' lang='lat' dir='ltr'><strong>idem</strong></span> <span class='ocrx_word' id='word_1_855' title='bbox 2438 4847 2714 4917; x_wconf 84' lang='lat' dir='ltr'><strong>Babylone</strong></span> <span class='ocrx_word' id='word_1_856' title='bbox 2767 4843 3109 4907; x_wconf 87' lang='lat' dir='ltr'><strong>Daniticam,</strong></span> <span class='ocrx_word' id='word_1_857' title='bbox 3169 4840 3584 4909; x_wconf 68' lang='lat' dir='ltr'><strong>Gaditicamuue</strong></span> <span class='ocrx_word' id='word_1_858' title='bbox 3638 4839 3815 4893; x_wconf 90' lang='lat' dir='ltr'><strong>tribus</strong></span> 
     </span>
    </p>
   </div>
   <div class='ocr_carea' id='block_1_113' title="bbox 2240 4931 3818 5006">
    <p class='ocr_par' dir='ltr' id='par_1_113' title="bbox 2240 4931 3818 5006">
     <span class='ocr_line' id='line_1_113' title="bbox 2240 4931 3818 5006; baseline -0.006 -14"><span class='ocrx_word' id='word_1_859' title='bbox 2240 4938 2543 5000; x_wconf 87' lang='lat' dir='ltr'><strong>damnavit,</strong></span> <span class='ocrx_word' id='word_1_860' title='bbox 2578 4936 2721 5006; x_wconf 91' lang='lat' dir='ltr'><strong>quod</strong></span> <span class='ocrx_word' id='word_1_861' title='bbox 2752 4936 2806 4989; x_wconf 93' lang='lat' dir='ltr'><strong>in</strong></span> <span class='ocrx_word' id='word_1_862' title='bbox 2842 4934 3131 4989; x_wconf 91' lang='lat' dir='ltr'><strong>Dominum</strong></span> <span class='ocrx_word' id='word_1_863' title='bbox 3165 4932 3347 4988; x_wconf 89' lang='lat' dir='ltr'><strong>scelus</strong></span> <span class='ocrx_word' id='word_1_864' title='bbox 3378 4931 3818 4996; x_wconf 85' lang='lat' dir='ltr'><strong>committerent;</strong></span> 
     </span>
    </p>
   </div>
   <div class='ocr_carea' id='block_1_114' title="bbox 2241 5021 3819 5095">
    <p class='ocr_par' dir='ltr' id='par_1_114' title="bbox 2241 5021 3819 5095">
     <span class='ocr_line' id='line_1_114' title="bbox 2241 5021 3819 5095; baseline -0.006 -13"><span class='ocrx_word' id='word_1_865' title='bbox 2241 5028 2369 5082; x_wconf 88' lang='lat' dir='ltr'><strong>dum</strong></span> <span class='ocrx_word' id='word_1_866' title='bbox 2396 5040 2511 5090; x_wconf 86' lang='lat' dir='ltr'><strong>eos,</strong></span> <span class='ocrx_word' id='word_1_867' title='bbox 2539 5025 2633 5095; x_wconf 86' lang='lat' dir='ltr'><strong>qui</strong></span> <span class='ocrx_word' id='word_1_868' title='bbox 2665 5024 2767 5093; x_wconf 80' lang='lat' dir='ltr'><strong>legi</strong></span> <span class='ocrx_word' id='word_1_869' title='bbox 2811 5023 3119 5081; x_wconf 82' lang='lat' dir='ltr'><strong>crederent.</strong></span> <span class='ocrx_word' id='word_1_870' title='bbox 3153 5022 3425 5077; x_wconf 86' lang='lat' dir='ltr'><strong>hostiliter</strong></span> <span class='ocrx_word' id='word_1_871' title='bbox 3457 5021 3785 5091; x_wconf 88' lang='lat' dir='ltr'><strong>insequeren</strong></span> <span class='ocrx_word' id='word_1_872' title='bbox 3806 5048 3819 5061; x_wconf 91' lang='lat'><strong><em>-</em></strong></span> 
     </span>
    </p>
   </div>
   <div class='ocr_carea' id='block_1_115' title="bbox 2242 5113 3818 5185">
    <p class='ocr_par' dir='ltr' id='par_1_115' title="bbox 2242 5113 3818 5185">
     <span class='ocr_line' id='line_1_115' title="bbox 2242 5113 3818 5185; baseline -0.007 -12"><span class='ocrx_word' id='word_1_873' title='bbox 2242 5125 2369 5183; x_wconf 82' lang='lat' dir='ltr'><strong>tar;</strong></span> <span class='ocrx_word' id='word_1_874' title='bbox 2400 5127 2454 5172; x_wconf 89' lang='lat' dir='ltr'><strong>et</strong></span> <span class='ocrx_word' id='word_1_875' title='bbox 2487 5117 2765 5171; x_wconf 91' lang='lat' dir='ltr'><strong>horrendo</strong></span> <span class='ocrx_word' id='word_1_876' title='bbox 2796 5116 2919 5170; x_wconf 90' lang='lat' dir='ltr'><strong>illos</strong></span> <span class='ocrx_word' id='word_1_877' title='bbox 2953 5113 3201 5185; x_wconf 78' lang='lat' dir='ltr'><strong>prodigio</strong></span> <span class='ocrx_word' id='word_1_878' title='bbox 3233 5114 3467 5185; x_wconf 88' lang='lat' dir='ltr'><strong>perculit</strong></span> <span class='ocrx_word' id='word_1_879' title='bbox 3497 5129 3513 5168; x_wconf 90' lang='lat'><strong>:</strong></span> <span class='ocrx_word' id='word_1_880' title='bbox 3542 5127 3669 5167; x_wconf 86' lang='lat' dir='ltr'><strong>nam</strong></span> <span class='ocrx_word' id='word_1_881' title='bbox 3699 5126 3818 5166; x_wconf 90' lang='lat' dir='ltr'><strong>ser-</strong></span> 
     </span>
    </p>
   </div>
   <div class='ocr_carea' id='block_1_116' title="bbox 2245 5202 3821 5279">
    <p class='ocr_par' dir='ltr' id='par_1_116' title="bbox 2245 5202 3821 5279">
     <span class='ocr_line' id='line_1_116' title="bbox 2245 5202 3821 5279; baseline -0.007 -16"><span class='ocrx_word' id='word_1_882' title='bbox 2245 5216 2436 5279; x_wconf 85' lang='lat' dir='ltr'><strong>pentes</strong></span> <span class='ocrx_word' id='word_1_883' title='bbox 2471 5221 2661 5261; x_wconf 87' lang='lat' dir='ltr'><strong>eorum</strong></span> <span class='ocrx_word' id='word_1_884' title='bbox 2694 5204 2932 5261; x_wconf 88' lang='lat' dir='ltr'><strong>infantes</strong></span> <span class='ocrx_word' id='word_1_885' title='bbox 2969 5220 3034 5260; x_wconf 83' lang='lat' dir='ltr'><strong>ac</strong></span> <span class='ocrx_word' id='word_1_886' title='bbox 3064 5205 3310 5275; x_wconf 86' lang='lat' dir='ltr'><strong>jumenta</strong></span> <span class='ocrx_word' id='word_1_887' title='bbox 3360 5202 3545 5260; x_wconf 81' lang='lat' dir='ltr'><strong>omnia</strong></span> <span class='ocrx_word' id='word_1_888' title='bbox 3593 5203 3821 5258; x_wconf 85' lang='lat' dir='ltr'><strong>devora-</strong></span> 
     </span>
    </p>
   </div>
   <div class='ocr_carea' id='block_1_117' title="bbox 2244 5291 3817 5366">
    <p class='ocr_par' dir='ltr' id='par_1_117' title="bbox 2244 5291 3817 5366">
     <span class='ocr_line' id='line_1_117' title="bbox 2244 5291 3817 5366; baseline -0.009 -11"><span class='ocrx_word' id='word_1_889' title='bbox 2244 5301 2395 5355; x_wconf 87' lang='lat' dir='ltr'><strong>bant.</strong></span> <span class='ocrx_word' id='word_1_890' title='bbox 2450 5297 2665 5366; x_wconf 73' lang='lat' dir='ltr'><strong>Adiecit</strong></span> <span class='ocrx_word' id='word_1_891' title='bbox 2732 5303 3016 5366; x_wconf 72' lang='lat' dir='ltr'><strong>praeterea,</strong></span> <span class='ocrx_word' id='word_1_892' title='bbox 3072 5305 3295 5366; x_wconf 86' lang='lat' dir='ltr'><strong>propter</strong></span> <span class='ocrx_word' id='word_1_893' title='bbox 3353 5297 3501 5366; x_wconf 88' lang='lat' dir='ltr'><strong>ipsos</strong></span> <span class='ocrx_word' id='word_1_894' title='bbox 3556 5291 3817 5363; x_wconf 83' lang='lat' dir='ltr'><strong>populum</strong></span> 
     </span>
    </p>
   </div>
   <div class='ocr_carea' id='block_1_118' title="bbox 2246 5382 3816 5461">
    <p class='ocr_par' dir='ltr' id='par_1_118' title="bbox 2246 5382 3816 5461">
     <span class='ocr_line' id='line_1_118' title="bbox 2246 5382 3816 5461; baseline -0.006 -16"><span class='ocrx_word' id='word_1_895' title='bbox 2246 5390 2619 5461; x_wconf 85' lang='lat' dir='ltr'><strong>Hierosolyma</strong></span> <span class='ocrx_word' id='word_1_896' title='bbox 2653 5404 3002 5445; x_wconf 83' lang='lat' dir='ltr'><strong>reversurum</strong></span> <span class='ocrx_word' id='word_1_897' title='bbox 3046 5405 3157 5443; x_wconf 86' lang='lat' dir='ltr'><strong>non</strong></span> <span class='ocrx_word' id='word_1_898' title='bbox 3204 5403 3349 5449; x_wconf 87' lang='lat' dir='ltr'><strong>esse,</strong></span> <span class='ocrx_word' id='word_1_899' title='bbox 3402 5385 3495 5441; x_wconf 86' lang='lat' dir='ltr'><strong>sed</strong></span> <span class='ocrx_word' id='word_1_900' title='bbox 3547 5387 3599 5437; x_wconf 92' lang='lat' dir='ltr'><strong>in</strong></span> <span class='ocrx_word' id='word_1_901' title='bbox 3642 5382 3816 5436; x_wconf 72' lang='lat' dir='ltr'><strong>Media</strong></span> 
     </span>
    </p>
   </div>
   <div class='ocr_carea' id='block_1_119' title="bbox 2250 5476 3814 5545">
    <p class='ocr_par' dir='ltr' id='par_1_119' title="bbox 2250 5476 3814 5545">
     <span class='ocr_line' id='line_1_119' title="bbox 2250 5476 3814 5545; baseline -0.006 -10"><span class='ocrx_word' id='word_1_902' title='bbox 2250 5496 2597 5545; x_wconf 86' lang='lat' dir='ltr'><strong>mansurum,</strong></span> <span class='ocrx_word' id='word_1_903' title='bbox 2625 5479 2799 5536; x_wconf 88' lang='lat' dir='ltr'><strong>donec</strong></span> <span class='ocrx_word' id='word_1_904' title='bbox 2830 5496 3022 5537; x_wconf 80' lang='lat' dir='ltr'><strong>eorum</strong></span> <span class='ocrx_word' id='word_1_905' title='bbox 3049 5479 3224 5534; x_wconf 84' lang='lat' dir='ltr'><strong>errori</strong></span> <span class='ocrx_word' id='word_1_906' title='bbox 3259 5477 3383 5532; x_wconf 79' lang='lat' dir='ltr'><strong>linis</strong></span> <span class='ocrx_word' id='word_1_907' title='bbox 3411 5483 3558 5530; x_wconf 87' lang='lat' dir='ltr'><strong>esset</strong></span> <span class='ocrx_word' id='word_1_908' title='bbox 3587 5476 3814 5545; x_wconf 79' lang='lat' dir='ltr'><strong>imposi-</strong></span> 
     </span>
    </p>
   </div>
   <div class='ocr_carea' id='block_1_120' title="bbox 2248 5666 3726 5744">
    <p class='ocr_par' dir='ltr' id='par_1_120' title="bbox 2248 5666 3726 5744">
     <span class='ocr_line' id='line_1_120' title="bbox 2248 5666 3726 5744; baseline -0.005 -16"><span class='ocrx_word' id='word_1_909' title='bbox 2248 5675 2338 5729; x_wconf 89' lang='grc' dir='ltr'><strong>θεν</strong></span> <span class='ocrx_word' id='word_1_910' title='bbox 2361 5675 2542 5744; x_wconf 71' lang='grc' dir='ltr'>αὐτοῖς</span> <span class='ocrx_word' id='word_1_911' title='bbox 2570 5674 2648 5738; x_wconf 76' lang='grc' dir='ltr'><strong>εἰς</strong></span> <span class='ocrx_word' id='word_1_912' title='bbox 2676 5672 2971 5744; x_wconf 86' lang='grc' dir='ltr'>ἀναίρεσιν,</span> <span class='ocrx_word' id='word_1_913' title='bbox 3005 5668 3348 5744; x_wconf 41' lang='grc' dir='ltr'>καὶ-ἐποίησε</span> <span class='ocrx_word' id='word_1_914' title='bbox 3386 5666 3596 5738; x_wconf 73' lang='grc' dir='ltr'>στῆναι,</span> <span class='ocrx_word' id='word_1_915' title='bbox 3621 5676 3726 5725; x_wconf 86' lang='lat' dir='ltr'><strong>etc.</strong></span> 
     </span>
    </p>
   </div>
   <div class='ocr_carea' id='block_1_121' title="bbox 2318 5739 3240 5813">
    <p class='ocr_par' dir='ltr' id='par_1_121' title="bbox 2318 5739 3240 5813">
     <span class='ocr_line' id='line_1_121' title="bbox 2318 5739 3240 5813; baseline -0.008 -15"><span class='ocrx_word' id='word_1_916' title='bbox 2318 5746 2432 5811; x_wconf 75' lang='lat'><strong>(52)</strong></span> <span class='ocrx_word' id='word_1_917' title='bbox 2462 5743 2521 5796; x_wconf 68' lang='grc' dir='ltr'>Ρ.</span> <span class='ocrx_word' id='word_1_918' title='bbox 2555 5739 2818 5813; x_wconf 70' lang='grc' dir='ltr'>παρέστη</span> <span class='ocrx_word' id='word_1_919' title='bbox 2841 5743 2921 5813; x_wconf 74' lang='lat' dir='ltr'><strong>vel</strong></span> <span class='ocrx_word' id='word_1_920' title='bbox 2947 5739 3240 5813; x_wconf 81' lang='grc' dir='ltr'>προσέστη.</span> 
     </span>
    </p>
   </div>
   <div class='ocr_carea' id='block_1_122' title="bbox 2321 5807 3535 5886">
    <p class='ocr_par' dir='ltr' id='par_1_122' title="bbox 2321 5807 3535 5886">
     <span class='ocr_line' id='line_1_122' title="bbox 2321 5807 3535 5886; baseline -0.008 -16"><span class='ocrx_word' id='word_1_921' title='bbox 2321 5807 2431 5886; x_wconf 66' lang='grc'><strong>(55)</strong></span> <span class='ocrx_word' id='word_1_922' title='bbox 2463 5817 2567 5883; x_wconf 76' lang='grc' dir='ltr'>Γρ.</span> <span class='ocrx_word' id='word_1_923' title='bbox 2603 5807 2726 5876; x_wconf 73' lang='grc' dir='ltr'>τοὺς</span> <span class='ocrx_word' id='word_1_924' title='bbox 2749 5807 2826 5875; x_wconf 78' lang='grc' dir='ltr'><strong>είς</strong></span> <span class='ocrx_word' id='word_1_925' title='bbox 2859 5810 2946 5864; x_wconf 78' lang='grc' dir='ltr'>τὸν</span> <span class='ocrx_word' id='word_1_926' title='bbox 2972 5807 3133 5879; x_wconf 81' lang='grc' dir='ltr'>νόμον</span> <span class='ocrx_word' id='word_1_927' title='bbox 3162 5807 3535 5872; x_wconf 74' lang='grc' dir='ltr'>πιστεύοντας.</span> 
     </span>
    </p>
   </div>
  </div>
