4034 6216
298 230 396 290 tm
1553 231 1758 290 DUBIA
1799 231 1938 288 AUT
1965 219 2250 288 spritu.
3377 248 3382 252 σ
3457 231 3572 290 ιτα

293 350 474 406 mltum
528 350 584 406 in
635 349 870 423 patriam
926 349 1174 415 delatus,
1237 348 1548 421 ibidemque
1598 359 1872 416 mortuus,

1982 349 2235 422 ἐμπνέων
2263 345 2429 421 ἦλθεν
2455 351 2534 416 εἰς
2565 352 2661 424 τὴν
2691 353 2792 425 γῆν
2815 351 3005 417 αὐτοῦ,
3033 351 3129 406 καὶ
3158 349 3448 420 ἀπέθανεν,
3471 351 3567 405 καὶ

294 451 456 515 atque
492 444 546 498 in
578 445 848 514 majorum
881 458 1108 500 suorum
1137 444 1390 514 sepulcro
1413 444 1670 500 conditus
1695 451 1798 499 est.

1522 444 1670 499 ditus
1695 451 1798 499 est.
1981 443 2158 512 ἐτάφη
2192 443 2312 496 ἐκεῖ
2340 443 2478 514 μετὰ
2506 443 2616 498 τῶν
2648 446 2904 518 πατέρων
2928 442 3113 500 αὐτοῦ.

447 555 672 612 Ηὶείιεα»
701 557 965 629 propheta:
995 557 1123 624 vita,
1155 565 1205 612 et
1231 557 1520 627 sepultum
1551 556 1717 611 locus.
2027 553 2040 570 ⁴

2027 553 2091 606 '0
2113 553 2254 621 βίος
2277 554 2384 609 τοῦ
2409 556 2666 624 Μιχαίου
2694 555 3025 626 προφήτου,
3049 553 3146 609 καὶ
3172 552 3292 610 ποῦ
3321 554 3523 611 κεῖται.

359 669 498 724 ΧΙΙΙ.
540 669 793 736 Morathi,
823 686 889 726 ex
934 670 1082 726 tribu
1130 669 1413 741 Ephraim,
1447 668 1717 726 oriundus
1749 668 1871 732 iste,

2051 663 2151 719 II".
2196 665 2436 736 Μιχαίας
2466 667 2494 719 6
2529 667 2834 739 προφήτης.
2871 665 2983 738 (38)
3019 658 3187 733 Οὗτος
3219 664 3476 738 ἐγεννήθη
3507 665 3568 718 ἐν

290 763 556 820 adversus
624 763 813 818 Achab
876 778 1060 834 regem
1108 762 1250 819 Juda
1307 763 1477 817 multa
1540 763 1748 833 gessit,
1809 775 1876 816 ac

1977 757 2237 828 Μωραθεὶ
2269 759 2334 811 ἐκ
2379 758 2552 831 φυλῆς
2591 759 2850 830 Ἐφραῖμ.
2898 758 3074 812 Πολλὰ
3122 758 3375 829 ἐποίησεν
3413 754 3567 822 οὗτος

289 863 567 925 postremo
613 855 683 912 ab
731 854 918 911 Joram
967 857 1090 927 ejus
1137 855 1247 912 ﬁlio
1287 856 1587 928 praecipitio
1646 861 1875 911 necatus

1976 849 2055 920 τῷ
2089 849 2294 920 Ἀχαάϐ
2322 848 2533 920 βασιλεῖ
2591 850 2784 918 Ἰούδα,
2826 850 2932 903 ὑπὸ
2962 851 3018 904 δέ
3070 851 3274 922 Ἰωρὰμ
3319 849 3414 905 τοῦ
3447 848 3562 903 υἱοῦ

287 957 408 1014 est,
459 947 606 1018 quod
652 948 833 1018 ipsum
878 949 950 1003 ob
996 963 1153 1005 suam
1208 948 1594 1019 majorumque
1646 962 1874 1001 suorum

1977 938 2146 1006 αὐτοῦ
2175 939 2485 1012 ἀναιρεῖται
2517 940 2630 1012 ('59)
2675 940 3046 1014 κρημνωθεὶς,
3081 942 3164 995 ὅτι
3203 942 3432 1013 ἤλεγχεν
3461 943 3564 996 αὐ·-

287 1038 622 1110 impietatem
669 1054 735 1094 ac
781 1041 994 1096 scelera
1042 1040 1416 1112 redargueret.
1469 1039 1599 1096 Post
1661 1039 1871 1094 obitum

2028 1049 2067 1084 iV
2125 1033 2220 1086 ἐπὶ
2267 1035 2388 1098 ταῖς
2434 1034 2715 1098 ἀσεϐείαις
2762 1033 2929 1088 αὐτοῦ
2985 1034 3079 1087 καὶ
3147 1035 3256 1087 τῶν
3312 1034 3564 1106 πατέρων

286 1145 419 1186 vero
457 1129 690 1186 Morathi
716 1131 772 1188 in
800 1134 976 1204 patria
1017 1149 1118 1190 sua
1151 1134 1405 1198 seorsim,
1452 1148 1621 1204 prope
1664 1147 1872 1186 monu-

1975 1125 2164 1190 αὑτοῦ,
2195 1121 2270 1180 ὧν
2307 1127 2584 1199 ἐποίησεν.
2617 1127 2731 1180 Kal
2762 1125 2941 1181 θανὼν
2989 1126 3164 1196 ἐτάφη
3205 1128 3261 1179 ἐν
3302 1126 3564 1198 Μωραοει

284 1233 528 1280 mentum
575 1218 826 1293 Enacim,
878 1227 1174 1282 notissimo
1219 1226 1288 1282 ad
1341 1226 1666 1282 hodiernum
1699 1241 1874 1296 usque

1975 1221 2033 1272 ἐν
2066 1222 2134 1291 τῇ
2180 1222 2252 1291 γῇ
2296 1219 2462 1274 αὐτοῦ
2509 1219 2853 1290 μονώτατος,
2890 1219 3158 1289 σύνεγγυς
3204 1218 3299 1271 τοῦ
3336 1218 3565 1272 πολυαν-

284 1313 428 1375 diem
463 1320 723 1390 sepulcro
749 1320 1006 1376 conditus
1037 1327 1144 1376 est.

1975 1312 2128 1385 δρίου
2165 1312 2450 1383 Ἐνακείμ.
2479 1310 2586 1364 Kal
2629 1310 2776 1365 ἐστιν
2805 1311 2834 1362 6
2874 1311 3044 1382 τάφος
3070 1307 3235 1363 αὑτοῦ
3265 1307 3565 1378 εὔγνωστος

1974 1400 2079 1466 ἕως
2108 1403 2207 1474 τῆς
2238 1407 2479 1476 σήμερον
2509 1403 2744 1475 ἡμέρας.

429 1516 630 1588 ,Ιοείὶε
671 1519 938 1589 prophetae
971 1520 1106 1585 vita,
1136 1529 1185 1575 et
1212 1520 1494 1590 sepultura,
1528 1521 1694 1576 locus.

2037 1515 2101 1568 '0
2124 1514 2267 1580 ,βίος
2298 1512 2404 1568 τοῦ
2448 1512 2615 1582 Ἱωὴλ
2643 1510 2980 1583 προφήτου,
3009 1510 3109 1566 καὶ
3144 1510 3264 1565 ποῦ
3297 1509 3501 1564 κεῖται.

240 1649 243 1654 ·
358 1631 498 1688 XIV.
527 1632 642 1689 ποθι
663 1635 924 1705 propheta
951 1634 1100 1690 ﬁlius
1122 1634 1349 1692 Batbuel
1373 1653 1441 1693 ex
1465 1651 1600 1708 agro
1622 1635 1833 1692 Bethori

2048 1628 2146 1680 lA'.
2195 1623 2348 1696 Ἰωήλ
2381 1625 2410 1678 6
2439 1625 2727 1696 προφήτης
2763 1623 2876 1687 υἱὸς
2906 1621 3172 1693 Βαθουήλ.
3209 1615 3378 1685 Οὗτος
3405 1615 3471 1692 ἦν
3505 1619 3563 1685 ἐξ

285 1725 340 1781 in
377 1726 525 1781 tribu
584 1725 779 1782 Ruben
823 1727 893 1782 de
937 1725 1332 1800 Hierosolymis
1384 1729 1556 1782 multa
1603 1727 1870 1782 vaticina—

1977 1711 2150 1784 ἀγροῦ
2189 1710 2396 1783 Βηθὼμ
2424 1711 2536 1782 (40)
2582 1713 2646 1765 ἐκ
2691 1711 2794 1782 τῆς
2835 1712 2941 1783 γῆς
2988 1710 3245 1782 Ῥουόίμο
3289 1709 3458 1764 πολλὰ
3503 1710 3565 1764 δὲ

283 1825 372 1874 tus
410 1824 517 1882 est,
553 1817 728 1887 deque
775 1818 1256 1874 consummatione
1311 1819 1554 1890 gentium
1600 1824 1761 1874 :tum
1814 1817 1871 1871 in

1976 1803 2386 1875 προεφήτευσεν
2431 1803 2560 1875 περὶ
2594 1801 2988 1874 Ἰερουσαλὴμ,
3036 1801 3131 1856 καὶ
3159 1801 3342 1864 τέλεος
3375 1800 3563 1854 ἐθνῶν.

282 1926 414 1979 pace
440 1919 691 1966 mortuus
724 1909 778 1965 in
814 1911 993 1982 patria
1026 1926 1126 1968 sua
1158 1911 1449 1984 magniﬁce
1479 1911 1732 1982 sepultus
1761 1917 1865 1965 est.

1985 1892 2160 1966 Ὀρῶν
2183 1893 2294 1966 (41)
2334 1893 2390 1947 δὲ
2439 1894 2711 1949 ἀπέθανεν
2740 1894 2798 1948 ἐν
2829 1895 3045 1966 εἰρήνῃ,
3077 1893 3173 1947 καὶ
3210 1893 3385 1967 ἐτάφη
3415 1893 3472 1947 ἐν
3498 1896 3564 1966 τῇ

1973 1988 2041 2040 γῆ
2080 1985 2246 2040 αὑτοῦ
2277 1986 2529 2040 ἐνδόξως.

1973 1988 2043 2058 γῇ
2080 1985 2246 2042 αὑτοῦ
2277 1986 2529 2051 ἐνδόξως.

421 2108 500 2164 De
529 2109 717 2165 Abdita
736 2109 1004 2179 propheta:
1032 2110 1161 2174 vita,
1190 2118 1240 2166 et
1270 2110 1556 2178 sepultura:
1579 2110 1712 2165 loco.

2023 2097 2085 2153 '0
2123 2099 2264 2165 βίος
2309 2098 2417 2154 τοῦ
2464 2097 2687 2152 Ὰϐδίου
2731 2095 2839 2178 ζοῦ
2879 2095 3228 2167 προφήτου,
3263 2095 3365 2152 καί
3410 2094 3529 2152 ποῦ

2665 2183 2876 2220 κειται.

352 2263 467 2319 XV.
509 2264 678 2321 Ortus
731 2265 822 2320 hic
883 2263 1140 2321 Siehemo
1167 2281 1233 2320 ex
1278 2279 1410 2335 agro
1444 2265 1862 2322 Betbachamar.

2043 2257 2144 2310 ΠΨ.
2193 2255 2410 2320 Ἀὅδίας
2437 2258 2464 2309 6
2494 2257 2800 2328 προφήτης.
2834 2250 3001 2320 Οὗτος
3021 2251 3088 2329 ἦν
3126 2256 3192 2310 ἐκ
3227 2257 3327 2329 τῆς
3359 2255 3560 2328 Συχὲμ,

187 2393 192 2397 «
281 2358 375 2414 Ille
419 2359 537 2430 ipse
584 2359 1100 2429 quinquagenarius
1136 2360 1334 2413 tertius
1359 2365 1464 2422 est,
1510 2357 1600 2412 cni
1636 2370 1780 2428 paret

1972 2347 2032 2413 ἐξ
2069 2349 2241 2421 ἀγροῦ
2283 2347 2647 2420 Βηθαχάμαρ.
2686 2343 2856 2412 Οὗτός
2892 2350 3041 2403 ἐστιν
3080 2349 3109 2402 6
3137 2348 3321 2420 τρίτος
3361 2364 3562 2420 πεντη-

278 2443 572 2506 ‘fhesbites
610 2449 757 2504 Elias
791 2449 1097 2514 descendit,
1160 2457 1214 2502 et
1261 2448 1327 2503 ad
1371 2463 1553 2520 regem
1596 2447 1864 2519 pervenit.

1971 2439 2287 2513 κόνταρχος,
2313 2433 2374 2494 οὗ
2407 2439 2662 2510 ἐφείσατο
2702 2439 2894 2503 Ἠλίας
2923 2439 2952 2492 6
2981 2438 3273 2511 Θεσ6ίτης,
3305 2440 3399 2493 καὶ
3432 2456 3563 2492 κατ-

279 2542 597 2598 Secundum
658 2558 780 2614 qua!
835 2541 1091 2613 palatinae
1147 2541 1354 2596 militia:
1413 2541 1740 2596 renuntians
1797 2539 1866 2594 ad

1971 2531 2090 2602 έδη,
2111 2532 2205 2585 καὶ
2226 2525 2358 2602 ἦλθε
2395 2528 2535 2600 πρὸς
2565 2529 2658 2582 τὸν
2689 2528 2938 2600 βασιλέα.
2974 2529 3129 2584 Μετὰ
3152 2529 3208 2582 δὲ
3234 2528 3407 2584 ταῦτα
3429 2532 3562 2584 ἀπο-

278 2636 601 2707 prophetam
643 2634 816 2689 Eliam
854 2634 1105 2695 adhaesit,
1145 2634 1375 2705 ejusque
1428 2651 1487 2690 se
1533 2633 1864 2704 discipulum

2051 2624 2145 2679 τὼν
2175 2624 2273 2698 τὴν
2314 2622 2601 2696 βασιλικὴν
2633 2621 2800 2676 αὑτοῦ
2831 2621 3007 2690 τάξιν,
3045 2623 3451 2696 προσεκολλήθη
3483 2623 3563 2696 τῷ

280 2729 436 2785 fecit.
477 2726 582 2784 Ubi
620 2728 788 2782 multa
819 2742 1119 2798 perpessus
1147 2726 1267 2797 ejus
1298 2727 1566 2782 beneﬁcio
1611 2735 1865 2782 servatus

1970 2719 2227 2791 προφήτῃ
2267 2717 2460 2788 Ἠλίᾳ,
2509 2717 2605 2771 καὶ
2648 2716 2867 2784 ἐγένετο
2918 2713 3082 2768 αὐτοῦ
3134 2713 3419 2786 μαθητὴς,
3464 2714 3561 2769 ml

275 2825 381 2874 est.
417 2819 521 2884 Qui
559 2833 684 2872 cum
711 2817 961 2882 obiisset,
997 2817 1051 2871 in
1081 2831 1213 2889 agro
1241 2815 1696 2873 Bethachamaris
1720 2815 1864 2887 apud

1971 2809 2144 2864 πολλὰ
2180 2809 2502 2880 ὑπομείνας,
2540 2809 2609 2861 δι’
2640 2806 2804 2862 αὐτὸν
2840 2805 3215 2879 παρεσώζετο.
3243 2805 3355 2858 Kal
3385 2801 3559 2858 θανὼν

276 2907 516 2978 majores
544 2921 678 2963 suos
705 2906 957 2979 sepultus
985 2915 1090 2963 est.

1968 2903 2146 2974 ἐτάφη
2211 2903 2269 2958 ἐν
2329 2899 2484 2973 ἀγρῷ
2547 2898 2891 2972 Βηθαχάμαρ
2948 2896 3089 2969 μετά
3143 2895 3255 2953 τῶν
3286 2895 3559 2969 ,πατέρων

1970 2995 2162 3052 αὑτοῦ.

478 3107 594 3165 Vita
619 3105 776 3164 Iona:
799 3107 1088 3180 prophetae,
1112 3115 1161 3163 et
1182 3106 1466 3176 sepulturae
1491 3107 1659 3162 locus.
1893 3055 1936 3114 ϐ
2049 3108 2065 3128 ο

1893 3055 1936 3114 c
2049 3108 2115 3162 Ὃ
2133 3108 2276 3174 βίος
2301 3105 2407 3161 τοῦ
2441 3103 2616 3162 Ἰωνᾶ
2639 3103 2976 3175 προφήτου,
3002 3103 3102 3160 καὶ
3130 3103 3250 3159 ποῦ
3278 3102 3486 3158 κεῖται.

349 3213 488 3273 Χνι.
529 3218 700 3274 Jonas
734 3221 1000 3290 propheta
1026 3218 1170 3276 ﬁlius
1201 3218 1421 3273 Amathi
1450 3233 1480 3274 c
1507 3218 1730 3288 regione
1755 3217 1865 3272 Ca-

2039 3222 2157 3288 ἰῷ.
2199 3219 2384 3282 Ἰωνᾶς
2416 3219 2445 3273 6
2472 3218 2760 3290 προφήτης
2785 3217 2900 3281 υἱὸς
2937 3217 3170 3290 ’Δμαθή
3202 3209 3370 3281 Οὗτος
3401 3212 3470 3288 ἦν
3495 3216 3552 3268 ἐκ

229 3311 231 3313 ’
273 3311 667 3373 rialhamanm,
687 3324 857 3379 prope
887 3311 1119 3364 Azotum
1150 3309 1399 3364 Graecam
1434 3310 1626 3364 urbem
1651 3310 1816 3364 marit

1966 3311 2073 3383 γῆς
2117 3310 2567 3384 Καριαθαμαοὺμ
2605 3309 2718 3382 (42)
2775 3309 3004 3382 πλησίον
3059 3310 3294 3375 Ἀζώτου
3352 3309 3559 3372 πόλεως

275 3417 421 3456 mam
437 3408 618 3456 ortum
635 3400 847 3456 habuit.
865 3401 968 3457 Per
990 3401 1042 3456 id
1061 3411 1278 3471 tempus
1293 3399 1440 3456 Elias
1456 3401 1720 3472 propheta
1737 3415 1863 3455 cum

1979 3406 2277 3481 Ἑλλήνων,
2315 3404 2459 3460 κατά
2493 3403 2787 3458 θάλασσαν.
2825 3399 2937 3458 Ἦν
2969 3403 3091 3457 τότε
3127 3402 3318 3466 Ἠλίας
3355 3403 3385 3456 6
3420 3418 3557 3474 προ-

272 3489 470 3546 Achab
486 3507 668 3562 regem
693 3490 958 3547 Samaria:
978 3489 1442 3562 reprehendisset,
1487 3499 1543 3547 et
1588 3493 1863 3562 ingentem

1967 3499 2146 3572 φήτης
2178 3497 2418 3569 ἐλέγχων
2464 3496 2557 3551 τὸν
2600 3496 2808 3568 Ἀχαάϐ
2840 3495 3066 3567 βασιλέα
3099 3494 3432 3568 Σαμαρείας,
3464 3492 3560 3548 xal

275 3587 478 3641 {amem
517 3586 841 3641 devocasset
863 3584 917 3638 in
936 3592 1161 3652 terram,
1175 3582 1461 3655 aulugerat
1483 3583 1540 3638 in
1561 3581 1862 3648 desertum,

1967 3591 2204 3654 καλέσας
2248 3589 2410 3662 λιμὸν
2458 3589 2634 3660 μέγαν
2663 3587 2758 3643 ἐπὶ
2807 3589 2908 3660 τὴν
2949 3589 3056 3659 γῆν
3078 3628 3094 3654 ,
3146 3587 3346 3659 ἔφυγεν
3390 3589 3448 3642 ἐν
3487 3589 3556 3659 τῇ

276 3695 310 3732 n
346 3678 531 3733 corvis
582 3676 858 3741 alebatur,
894 3687 949 3732 et
977 3691 1174 3747 aquam
1214 3691 1281 3732 ex
1321 3683 1568 3732 torrente
1617 3675 1859 3746 potabat.

1966 3685 2191 3758 ἐρήμῳ,
2226 3683 2324 3737 καὶ
2371 3680 2632 3754 ἐτρέφετο
2663 3682 2728 3736 ἐκ
2763 3680 2872 3735 τῶν
2911 3680 3199 3752 κοράκων,
3231 3680 3326 3735 καὶ
3373 3679 3557 3733 ἔπινεν

274 3768 399 3838 Quo
446 3771 696 3834 siccato,
733 3770 988 3831 esuriens
1037 3769 1091 3824 in
1129 3766 1457 3841 Sarephtam
1505 3767 1864 3825 Sidoniorum

1967 3773 2114 3849 ὕδωρ
2144 3777 2209 3830 ἐκ
2235 3773 2330 3829 τοῦ
2364 3773 2690 3848 χειμάρρου,
2722 3773 2818 3827 κα)⁸
2851 3772 2933 3828 ὅτι
2965 3771 3237 3847 ἐξηράνθη
3264 3774 3293 3827 6
3325 3772 3557 3845 χείμαρσ

275 3865 468 3919 urbem
499 3862 567 3918 ad
597 3863 819 3918 viduam
849 3863 1243 3934 pauperculam
1274 3861 1534 3927 accessit,
1563 3877 1687 3933 quae
1711 3859 1865 3918 Jonas

1968 3871 2082 3943 ρος,
2111 3868 2422 3933 ἐπείνασεν,
2441 3868 2535 3922 καὶ
2562 3861 2727 3938 ἦλθεν
2749 3869 2830 3931 είς
2849 3867 3118 3940 Σαραφθὰ
3147 3867 3248 3938 τῆς
3275 3866 3552 3932 Σιδωνίας,

275 3962 450 4010 mater
493 3953 616 4010 fuit.
668 3953 842 4025 llujus
871 3954 1057 4026 itaque
1088 3954 1320 4009 domum
1352 3954 1639 4025 ingressus
1663 3963 1772 4020 est,
1809 3963 1866 4009 et

1967 3959 2106 4030 πρὸς
2141 3960 2378 4027 γυναῖκα
2409 3959 2585 4029 χήραν
2629 3958 2896 4030 πενιχράν
2919 3999 2934 4024 ,
2971 3958 3094 4030 ἥτις
3132 3953 3202 4031 ἦν
3243 3959 3427 4030 μήτηρ
3457 3953 3550 4010 τοῦ

273 4063 398 4102 eum
445 4046 543 4103 illa
595 4047 741 4122 quod
772 4061 802 4100 a
833 4047 1102 4119 propheta
1139 4045 1296 4116 jussa
1333 4053 1452 4102 erat
1485 4044 1732 4112 fecisset,
1768 4061 1865 4102 co-

1979 4051 2157 4117 Ἰωνᾶ,
2183 4052 2281 4105 καὶ
2314 4049 2564 4122 εἰσῆλθεν
2597 4051 2680 4114 εἰς
2711 4049 2805 4104 τὸν
2837 4045 2984 4105 οἷκον
3020 4049 3212 4121 αὐτῆς,
3241 4051 3337 4105 καὶ
3361 4049 3553 4122 ἐποίη-

271 4139 442 4195 medit
486 4140 598 4205 ille,
641 4155 706 4196 ac
749 4139 1086 4196 benedicens
1130 4139 1469 4195 frumentum
1515 4138 1620 4210 ipsi
1653 4139 1863 4196 oleum-

1967 4164 2060 4200 σεν
2097 4145 2278 4217 αὐτῷ,
2317 4144 2394 4209 ὡς
2443 4142 2780 4216 προσέταξεν
2823 4143 2998 4215 αὐτῇ,
3042 4143 3136 4199 καὶ
3179 4142 3404 4213 ἔφαγεν,
3458 4141 3554 4196 καὶ

271 4249 381 4304 quc
438 4233 716 4304 praestitit,
771 4241 938 4304 atque
984 4232 1128 4303 apud
1173 4247 1296 4288 eam
1341 4236 1627 4290 remansit.
1677 4233 1864 4307 Neque

1965 4239 2262 4311 εὐλόγησεν
2297 4238 2466 4309 αὐτὴν
2500 4237 2632 4308 σίτῳ
2662 4237 2758 4291 καὶ
2801 4236 2998 4310 ἐλαίῳ,
3033 4237 3128 4292 καὶ
3180 4217 3397 4309 ἔμεινεν
3434 4235 3552 4308 μετ’

271 4327 417 4382 enim
447 4342 574 4382 cum
608 4325 1020 4381 incircumcisis
1051 4341 1278 4380 manere
1316 4333 1555 4395 poterat.
1598 4326 1859 4397 Ejusdem

1966 4331 2169 4402 αὐτῆςο
2209 4331 2272 4384 οὐ
2310 4329 2420 4400 γὰρ
2455 4329 2679 4384 ἐδύνατο
2723 4334 2904 4402 μεῖναι
2956 4329 3095 4402 μετά
3138 4328 3549 4401 ἁπεριτμήτων.

271 4434 441 4491 porro
469 4418 650 4473 vidum
693 4417 862 4471 ﬁlium
895 4414 1095 4471 Jonam
1128 4415 1277 4472 Deus
1309 4431 1408 4488 per
1441 4415 1618 4472 Eliam
1651 4419 1862 4474 excita-

1967 4400 2354 4478 KalOavdvra
2396 4421 2489 4475 τὸν
2536 4422 2650 4476 υἱὸν
2697 4400 2868 4494 αὐτῆς
2935 4400 3121 4478 Ἰωνᾶν
3180 4400 3479 4492 ἀνέστησεν
3524 4421 3554 4474 6

269 4512 410 4570 vita
445 4509 702 4574 mortuis,
756 4524 822 4564 ac
876 4509 1060 4564 vivum
1116 4508 1305 4574 matri,
1359 4517 1584 4579 propter
1633 4508 1755 4578 ejus
1804 4511 1861 4565 in

1966 4515 2102 4579 Θεὸς
2142 4513 2232 4568 διά
2270 4511 2364 4567 τοῦ
2406 4513 2583 4582 Ἠλία,
2620 4514 2716 4568 καὶ
2747 4513 3029 4570 ἀπέδωκεν
3074 4512 3238 4567 αὐτὸν
3272 4512 3450 4578 ζῶντα
3484 4513 3553 4584 τῇ

271 4601 519 4673 hospites
571 4600 989 4664 humanitatem,
1024 4600 1297 4656 restituit.
1344 4600 1477 4657 Post
1504 4601 1598 4657 ubi
1636 4601 1862 4659 adultus

1969 4599 2165 4680 μητέρι
2218 4606 2407 4673 αὐτοῦ,
2455 4606 2545 4661 διὰ
2591 4607 2690 4680 τὴν
2733 4606 3060 4678 φιλοξενίαν.
3113 4608 3225 4661 Kal
3262 4606 3553 4678 γενόμενος

267 4704 357 4751 est
388 4692 581 4757 Jonas,
620 4691 870 4748 Ninivem
901 4691 970 4746 ad
1002 4693 1264 4764 Assyrios
1295 4692 1501 4749 missus
1530 4692 1700 4750 Deum
1730 4693 1860 4749 eﬁ‘u-

1965 4700 2181 4772 ήλικίας
2212 4702 2242 4754 6
2295 4700 2500 4764 Ἰωνᾶς,
2532 4699 2815 4771 ἀπεστάλη
2867 4701 2948 4764 εἰς
2997 4699 3187 4754 Νινευτ
3242 4698 3380 4770 πρὸς
3425 4698 3552 4761 τοὺς

264 4802 397 4858 gere
447 4794 682 4842 conatus
727 4791 850 4851 est;
902 4790 958 4840 et
1004 4799 1130 4840 cum
1188 4785 1243 4841 in
1296 4785 1528 4842 Tharsis
1579 4786 1857 4857 proﬁcisci

1977 4794 2315 4867 Ἀσσυρίους,
2353 4793 2448 4848 καὶ
2482 4792 2752 4864 ἐζήτησεν
2786 4792 2971 4856 Ἰωνᾶς
2993 4793 3301 4865 ἀποδρᾶσαι
3323 4791 3549 4864 Κύριον,

264 4879 449 4943 vellet,
481 4893 509 4931 a
543 4884 666 4934 ceto
695 4877 990 4948 absorptus
1019 4885 1124 4934 est.
1163 4875 1319 4933 Unde
1350 4887 1536 4949 postea
1571 4877 1855 4948 digressus

1965 4887 2062 4940 καὶ
2104 4885 2382 4954 κατεπόοη
2413 4884 2519 4937 ὑπὸ
2569 4883 2664 4937 τοῦ
2712 4883 2944 4955 κήτους,
2992 4884 3324 4956 πορευθῆναι
3366 4883 3552 4954 βουλόα

267 4972 514 5026 divinum
550 4967 872 5024 mandatum
903 4968 1097 5024 Ninive
1124 4969 1440 5039 praedicavit
1471 4987 1485 5023 :
1515 4983 1626 5039 quo
1652 4967 1858 5024 factum

1963 4994 2133 5049 μενος
2187 4977 2269 5039 εἰς
2307 4974 2562 5046 Θαρσεῖς.
2622 4971 2887 5038 Ἐξελθὼν
2934 4973 2993 5028 δὲ
3049 4975 3114 5028 ἐκ
3164 4972 3257 5027 τοῦ
3308 4974 3548 5044 κήτους,

265 5070 372 5130 est,
403 5070 465 5119 ut
494 5060 751 5118 Ninivita:
794 5062 864 5118 ad
913 5061 1079 5118 Deum
1131 5061 1385 5118 conversi
1418 5061 1540 5132 ejus
1569 5063 1625 5118 in
1655 5077 1715 5118 se
1752 5063 1858 5117 mi-

1965 5062 2232 5135 ἐκήρυξεν
2271 5061 2369 5134 τήν
2418 5061 2575 5115 πόλιν
2605 5059 2826 5130 Νινευῒ,
2863 5062 2958 5116 καὶ
2990 5063 3321 5134 μετενόησαν
3362 5064 3412 5116 οἱ
3450 5062 3551 5116 Νι·-

267 5152 626 5214 serieordiam
672 5154 1046 5225 provocarint.
1082 5154 1237 5222 Quod
1274 5167 1418 5224 aegre
1445 5152 1629 5209 ferens
1660 5152 1856 5224 Jonas,

1963 5155 2170 5210 νευῖται
2197 5153 2275 5225 τῷ
2300 5152 2441 5225 Θεῷ,
2466 5153 2559 5208 καὶ
2584 5153 2838 5226 ἠλέησεν.
2869 5153 2983 5209 Kal
3010 5153 3253 5228 ἐλυπήθη
3281 5157 3308 5208 6
3341 5156 3548 5221 Ἰωνᾶς,

267 5263 334 5306 ac
379 5260 658 5310 reversus,
706 5244 764 5300 in
813 5245 991 5316 patria
1031 5259 1142 5299 non
1190 5244 1498 5310 remansit,
1550 5243 1649 5301 sed
1681 5254 1859 5302 matre

1964 5248 2060 5303 καὶ
2079 5244 2435 5316 ἀνακάμψας,
2469 5246 2571 5299 οὐκ
2592 5244 2807 5318 ἔμεινεν
2831 5245 2912 5310 εἰς
2931 5243 3035 5312 τὴν
3056 5244 3155 5310 γῆν
3195 5243 3380 5312 αὐτοῦ,
3414 5244 3552 5301 ἀλλὰ

267 5353 456 5398 secum
509 5336 772 5402 abducta,
803 5336 860 5392 in
909 5335 1020 5391 Sur
1049 5334 1484 5406 alienigenarum
1517 5335 1740 5406 regione
1771 5350 1858 5392 se-

1963 5337 2298 5412 παραλαὸὼν
2336 5337 2436 5410 τὴν
2483 5337 2700 5410 μητέρα
2737 5337 2904 5392 αὐτοῦ
2927 5379 2942 5405 ,
2975 5337 3307 5410 παρῴκησεν
3339 5338 3420 5401 είς
3451 5337 3553 5406 τὴν

267 5433 390 5492 dem
438 5427 751 5487 constituit.
797 5425 879 5482 Ita
926 5427 1098 5492 enim,
1141 5422 1457 5497 inquiebat,
1517 5425 1778 5497 probrum
1823 5442 1855 5484 a

1963 5429 2125 5501 Σοὺρ,
2157 5426 2343 5501 χώραν
2368 5427 2477 5483 τῶν
2497 5427 2830 5500 ἀλλοφύλων.
2856 5428 3084 5500 Ἔλεγεν
3104 5429 3235 5501 γὰρ,
3256 5428 3339 5484 ὅτι
3363 5427 3551 5493 Οὕτως

338 5579 455 5718 (ειη
488 5579 623 5648 Aug.
649 5576 818 5640 addit,
849 5575 966 5642 υἱὸς
1013 5573 1238 5648 Ἰραμὼ,
1269 5579 1296 5632 6
1322 5575 1711 5651 Μωρασθίτης.

341 5652 433 5718 (59
493 5652 616 5704 'A..t.
652 5647 911 5718 ἀνῃρέθη.

1102 5573 1238 5648 ιμὼ,
1269 5579 1296 5632 6
1322 5575 1711 5651 Μωρασθίτης.
2028 5577 2140 5646 (41)
2171 5575 2295 5630 For.
2334 5576 2392 5628 ἐν
2427 5574 2695 5647 Βεθορὼν.

2027 5649 2137 5718 (6‘2)
2170 5649 2273 5718 I‘p.
2299 5647 2695 5718 Καριαθιαρίμ.

341 5647 455 5722 (59)
493 5647 616 5704 'AJ.
652 5647 911 5722 ἀνῃρέθη.
1064 5647 1070 5648 ί
1138 5647 1141 5648 ⁷
1433 5647 1442 5648 ί
1647 5647 1657 5651 ⁷
2027 5649 2137 5722 (6‘2)
2170 5649 2273 5718 I‘p.
2299 5647 2698 5720 Καριαθιαρίμ.

344 5719 458 5792 (ιο)
485 5722 621 5791 Aug.
662 5719 936 5818 Θεϐορέιν.Χ
