4034 6216
332 330 431 386 ιοςι

1407 334 1604 390 LIBER
1647 337 1733 392 DE
1770 337 1954 394 VITIb
1993 340 2539 404 PROI’IIETARUM.

3488 349 3597 408 ΗΠ

329 442 553 514 ἁςῶμαι
589 439 682 494 τὸν
702 443 1026 516 ὀνειδισμὸν,
1054 446 1134 500 ὅτι
1165 444 1502 518 ἐψευσάμην,
1530 449 1911 520 προφητεύσας

2017 471 2099 510 me
2133 463 2187 509 et
2227 457 2578 526 ignominiam
2627 457 2896 531 dcpetiam
2933 479 2956 519 ι
2995 459 3140 530 quod
3187 475 3287 532 ego
3332 461 3593 518 adversus

328 535 471 588 κατὰ
501 534 705 587 Νινευῒ.
735 537 846 588 Καὶ
883 539 1212 609 κατοικήσας
1244 539 1301 592 ἐν
1331 543 1400 609 γῇ
1427 540 1595 612 Σαὰρ,
1647 542 1765 595 ἐκεῖ
1802 542 1912 595 ἀπο

329 625 537 690 έθανεν,
575 626 666 678 καὶ
699 627 872 698 ἐτάφη
907 629 963 680 ἐν
991 629 1068 701 τῷ
1099 630 1346 702 σπηλαίῳ
1363 631 1455 684 τοῦ
1495 633 1757 698 Κενεζέου
1790 651 1911 702 κρι-

324 715 439 768 τοῦ.
474 717 892 788 Προεφήτευσεν
938 719 1014 782 δέ,
1065 721 1146 774 ὅτι
1176 722 1303 775 ὅταν
1348 723 1568 776 εἵσωσιν
1611 725 1670 777 ἐν
1716 725 1912 796 Ἰερου-

328 806 510 877 σαλὴμ
543 807 670 879 ἐθνη
697 809 886 876 πολλὰ,
922 799 1024 866 ὑπὸ
1045 813 1277 869 δυτικῶν
1311 813 1418 878 ἕως
1453 815 1682 886 ἐδάφους
1717 816 1911 884 ἀφανι-

327 899 585 969 σθήσεται
615 901 751 973 (ιδ).

377 1101 432 1154 '0
454 1103 596 1168 ,ϐίος
621 1101 725 1160 τοῦ
753 1103 960 1172 Ναοὺμ
989 1103 1331 1174 προφήτου,
1358 1105 1454 1159 καὶ
1483 1106 1602 1160 ποῦ
1642 1107 1851 1161 κεῖται.

393 1213 492 1268 ΙΖ’.
527 1215 722 1286 Natoin
750 1217 776 1268 6
812 1217 1118 1288 προφήτης.
1152 1210 1466 1288 (κινῇ-Οὗτος
1492 1212 1560 1289 ἦν
1590 1218 1697 1271 ἀπὸ
1733 1218 1910 1272 Ἐλκε-

321 1305 408 1358 σεὶ
433 1305 541 1376 (έῦ)
580 1305 754 1376 πέραν
790 1305 885 1359 τοῦ
935 1307 1201 1378 Ἰορδάνου
1233 1309 1311 1370 εἰς
1351 1308 1615 1380 Βηγαϐὰρ
1645 1310 1712 1362 ἐκ
1738 1309 1909 1379 φυλῆς

320 1392 582 1468 Συμεών(
611 1389 777 1461 Οὗτος
817 1398 954 1467 μετὰ
1001 1399 1094 1451 τὸν
1145 1400 1328 1452 Ἰωνᾶν
1361 1399 1528 1471 τέρας
1579 1400 1780 1453 ἔδωκεν
1814 1401 1908 1453 ἐπ)⁸

320 1487 528 1552 Νινευῒ,
564 1488 646 1542 ὅτι
674 1488 780 1541 ὑπὸ
813 1489 1020 1542 ὑδάτων
1059 1490 1306 1558 γλυκέων
1331 1491 1424 1544 καὶ
1453 1491 1625 1562 πυρὸς
1653 1491 1900 1557 ἐπιγείου

320 1580 606 1633 ἀπολεῖται
626 1597 638 1609 ·
676 1580 704 1632 ὃ
730 1581 825 1634 καὶ
854 1580 1096 1650 γέγονεν.
1144 1581 1206 1632 Ἦ
1240 1581 1346 1652 γάρ
1380 1582 1710 1652 περιέχουσα
1734 1582 1904 1656 αὐτὴν

2019 545 2286 602 Ninivitas
2355 549 2660 606 vaticinans
2717 551 2984 606 mentitus
3039 549 3254 608 fuerim.
3310 549 3494 621 Itaque
3535 553 3595 606 in

2015 653 2148 704 agro
2185 636 2346 703 Saar,
2388 638 2481 692 ubi
2525 639 2863 694 domicilium
2891 640 3152 709 elegerat,
3203 646 3454 693 mortuus
3485 649 3591 704 est,

2011 734 2066 781 ct
2097 728 2149 781 in
2186 743 2350 798 Spccu
2391 729 2634 783 (ἐθηεῑωί
2685 730 2886 798 iudicis
2939 731 3206 800 sepultus.
3253 729 3365 782 IIoc
3411 738 3594 783 autem

2016 819 2277 888 propheta
2319 820 2422 874 iste
2464 820 2734 890 praedixit,
2780 829 2898 874 tum
2932 837 3056 875 cum
3093 831 3280 890 gentes
3326 821 3594 890 plurimas

2015 907 2406 980 Hierosolymis
2461 910 2907 978 conspexissent,
2951 910 3018 965 ab
3065 911 3311 966 occiduis
3360 911 3594 965 nationi-

2010 1000 2114 1055 bus
2139 1000 2386 1056 funditus
2415 1001 2606 1056 urbem
2639 1017 2759 1056 esse
2783 1001 3094 1056 delendam.

2165 1109 2377 1165 Nullum
2406 1113 2668 1182 propheta:
2695 1113 2821 1175 vita,
2859 1123 2908 1168 et
2941 1115 3222 1184 sepultura:
3249 1116 3415 1172 locus.

2081 1224 2244 1281 XVII.
2286 1225 2564 1282 Oriundus
2606 1228 2694 1280 hic
2739 1226 2920 1283 Elcesi
2968 1236 3120 1282 trans
3148 1227 3440 1282 Iordanem
3469 1246 3592 1284 ver-

2007 1335 2102 1374 sus
2150 1319 2416 1388 Begabar,
2467 1335 2534 1374 ex
2579 1320 2723 1374 tribu
2759 1320 3058 1386 Simeonis,
3088 1323 3318 1376 alterum
3351 1330 3470 1391 post
3492 1322 3595 1376 Je-

2007 1426 2133 1464 nam
2183 1411 2250 1466 de
2292 1409 2488 1467 Ninive
2531 1420 2846 1483 portentum
2881 1413 3076 1478 edixit,
3129 1413 3268 1480 fore,
3327 1423 3384 1467 ut
3433 1415 3593 1482 aquis

2006 1503 2258 1559 dulcibus
2330 1512 2493 1574 atque
2566 1511 2889 1573 erumpente
2971 1504 3042 1557 ab
3107 1503 3274 1557 humo
3340 1502 3598 1557 incendio

2008 1593 2437 1663 periretzquod
2485 1593 2561 1648 ita
2613 1594 2869 1664 contigit.
2925 1592 3059 1647 Nam
3118 1594 3271 1647 lacus
3326 1594 3435 1659 ille,
3493 1593 3594 1661 qui.

318 1670 484 1743 λίμνη
520 1671 854 1726 κατέκλυσεν
885 1672 1053 1744 αὐτὴν
1086 1673 1144 1725 ἐν
1176 1672 1406 1743 σεισμῷ,
1449 1673 1542 1725 καὶ
1571 1673 1682 1745 πῦρ
1715 1676 1779 1726 ἐκ
1807 1675 1907 1744 τῆς

2012 1685 2276 1739 ιιιώἱειηιι
2306 1687 2523 1749 urbem,
2557 1688 2846 1756 repentino
2897 1694 3059 1741 terrae
3093 1695 3245 1740 motu
3297 1686 3448 1738 illam
3495 1685 3597 1738 oh-

317 1764 533 1833 ἐρήμου
573 1763 798 1817 ἐπελθὸν
832 1765 1010 1817 πάντα
1050 1763 1360 1836 ὑψηλότερα
1391 1764 1565 1834 αὐτῆς
1603 1765 1904 1836 ἐιέπρησεν

2012 1779 2156 1832 ruit:
2185 1787 2299 1832 tum
2335 1779 2478 1848 ignis
2524 1794 2554 1834 e
2597 1780 2894 1836 solitudine
2929 1795 3298 1850 prorumpens
3331 1778 3593 1833 cditiores

320 1855 464 1926 μέρη
492 1855 628 1926 (46).
671 1854 968 1909 Ἀπέθανεν
989 1854 1044 1907 δὲ
1065 1855 1259 1926 Ναοὺμ
1283 1857 1341 1910 ἐν
1364 1856 1576 1926 εἰρήνῃ,
1607 1857 1701 1910 καὶ
1731 1857 1904 1927 ἐτάφη

2012 1868 2163 1922 urbis
2217 1877 2400 1939 partes
2456 1869 2720 1924 incendit.
2769 1869 3055 1924 Postremo
3095 1869 3306 1922 Nahum
3350 1869 3406 1923 in
3445 1883 3584 1940 pace

317 1949 379 1999 ἐν
411 1949 477 2017 τῇ
503 1949 574 2018 γῇ
599 1946 764 2000 αὑτοῦ
801 1947 1089 2020 Βηγαϐἀρ.

329 2057 396 2112 '0
410 2059 552 2125 ,βίος
573 2059 680 2112 τοῦ
714 2059 1045 2130 Ἀϐὅακοὺμ
1070 2060 1402 2130 προφήτου,
1435 2062 1533 2115 καὶ
1555 2061 1674 2116 ποῦ
1695 2061 1902 2120 κεῖται.

387 2175 494 2227 III’.
538 2172 855 2245 Ἀϐδακοὺμ
893 2175 922 2228 ό
969 2176 1274 2247 προφήτης.
1309 2172 1480 2239 Οὗτος
1527 2172 1594 2248 ἦν
1631 2178 1690 2241 ἐξ
1734 2176 1906 2247 ἀγροῦ

317 2265 604 2337 Βηθζοχὴρ
635 2267 745 2337 (47)
796 2268 861 2320 ἐκ
900 2267 1074 2338 φυλῆς
1109 2266 1357 2337 Συμεὼν.
1415 2262 1583 2332 Οὗτος
1623 2264 1763 2322 εἶδεν
1803 2268 1908 2338 πρὸ

322 2354 418 2422 τῆς
449 2355 829 2425 αἰχμαλωσίας
856 2356 983 2427 περὶ
1006 2357 1106 2427 τῆς
1129 2355 1385 2421 ἁλώσεως
1416 2358 1791 2429 Ἰερουσαλὴμ,
1813 2358 1908 2411 καὶ

315 2447 586 2519 ἐπένθησε
617 2447 823 2520 σφόδρα
855 2449 947 2501 ἐπὶ
981 2452 1047 2520 τῇ
1082 2449 1234 2503 πόλει
1287 2451 1382 2503 καὶ
1412 2449 1491 2520 τῷ
1525 2449 1658 2521 λαῷ.
1683 2451 1792 2503 Καὶ
1819 2451 1907 2504 ὅτε

316 2536 449 2609 ἦλθε
486 2538 958 2613 Ναϐουχοδονόσορ
998 2543 1080 2604 εἰς
1115 2541 1475 2614 Ἰερουσαλὴμ
1511 2541 1606 2595 τοῦ
1636 2543 1908 2615 πορθῆσαι

315 2630 509 2702 αὐτὴν,
537 2624 692 2694 οὗτος
737 2629 939 2700 ἔφυγεν
981 2634 1062 2695 εἰς
1111 2632 1493 2702 Ὀστρακίνην,
1538 2633 1631 2686 καὶ
1677 2629 1745 2703 ἦν
1791 2635 1910 2686 ἐκεῖ

316 2722 584 2794 πάροικος
629 2723 710 2784 είς
756 2722 860 2793 γῆν
927 2720 1173 2792 Ἰσμαήλ.
1237 2722 1326 2785 Ὠς
1359 2722 1416 2775 δὲ
1461 2721 1808 2793 ὑπέστρεψαν
1859 2723 1908 2777 οῖ

317 2813 579 2867 Χαλδαῖοι
616 2813 726 2865 ἀπὸ
775 2815 876 2884 τῆς
925 2811 1281 2884 Ἰερουσαλὴμ
1315 2813 1396 2876 είς
1427 2811 1526 2883 τὴν
1554 2816 1659 2884 γῆν
1705 2813 1905 2878 αὐτῶν,

315 2904 537 2974 λάφυρα
566 2904 739 2975 αὐτὴν
761 2905 1112 2975 ποιήσαντες,
1136 2903 1231 2957 καὶ
1249 2905 1297 2958 ol.
1328 2905 1650 2958 κατάλοιποι
1680 2905 1728 2956 οἱ
1759 2903 1910 2966 ὄντες

315 3000 376 3051 εν
416 2995 771 3067 Ἰερουσαλὴμ
832 2995 1144 3066 κατέϐησαν
1195 2995 1277 3058 εἱς
1328 2995 1622 3063 Αἴγυπτον,
1662 2995 1825 3058 αὐτὸς
1853 2995 1909 3048 δὲ
1947 3056 1953 3061 .

314 3087 548 3160 ἀνῆλθεν
595 3089 677 3149 εἰς
721 3087 822 3158 τὴν
866 3085 972 3156 γῆν
1015 3085 1219 3151 αὐτοῦ,
1275 3086 1371 3140 καὶ
1408 3085 1743 3157 ἐλειτούργει
1790 3088 1906 3149 τοῖς

2010 1969 2258 2017 mortuus
2283 1961 2336 2016 in
2369 1963 2539 2032 patria
2571 1977 2670 2017 sua
2697 1961 2974 2030 Begabare
3014 1962 3263 2030 sepultus
3287 1967 3394 2016 est.

2149 2071 2366 2126 Abacuc
2425 2071 2691 2142 propheta:
2720 2073 2851 2139 vita,
2883 2082 2932 2126 et
2963 2074 3253 2141 sepultura:
3283 2072 3449 2126 locus.

2081 2184 2266 2239 XVIII.
2307 2185 2526 2240 Abacuc
2579 2186 2843 2256 propheta
2906 2201 2972 2240 ex
3049 2199 3182 2254 agro
3239 2182 3576 2238 Bethsocher

2010 2277 2156 2332 tribu
2205 2275 2482 2332 Simeonis
2523 2277 2792 2346 originem
2833 2275 2992 2330 duxit
3022 2291 3036 2328 :
3064 2276 3160 2340 qui
3193 2282 3319 2330 ante
3360 2274 3592 2344 Babylo-

2010 2368 2604 2442 nicammigrationem
2637 2366 3136 2438 llierosoiymOrum
3161 2365 3429 2420 excidium
3469 2380 3600 2434 pro-

2010 2461 2268 2530 spiciens,
2322 2461 2673 2516 vehementer
2719 2460 2908 2515 urbem
2995 2473 3060 2513 ac
3113 2458 3377 2528 populum
3434 2457 3590 2510 luxit.

2009 2549 2145 2604 Cum
2178 2558 2358 2605 autem
2388 2549 2903 2604 Nabuchodonosor
2948 2546 3382 2619 Hierosolymam
3415 2547 3597 2601 venis-

2009 2648 2112 2704 set,
2147 2647 2206 2694 ut
2234 2656 2353 2696 eam
2399 2647 2687 2706 everteret,
2720 2639 2774 2692 in
2804 2636 3149 2694 Ostracinem
3179 2637 3463 2708 profugit:
3499 2638 3594 2692 ubi

2011 2732 2065 2784 in
2101 2731 2498 2787 Ismaelitarum
2530 2731 2752 2800 regione
2785 2730 3167 2800 peregrinatus
3194 2736 3298 2784 est.
3325 2728 3596 2783 Chaldaeis

2010 2837 2138 2877 vero
2165 2829 2286 2892 post
2308 2831 2466 2892 capta
2504 2837 2568 2875 ac
2603 2822 2815 2891 direpta
2851 2819 3230 2892 Hierosolyma
3274 2821 3326 2874 in
3362 2820 3594 2890 patriam

2009 2913 2270 2976 reversis,
2330 2927 2456 2966 cum
2513 2912 2572 2976 ii,
2626 2911 2718 2981 qui
2768 2911 2821 2964 in
2870 2911 3003 2966 urbe
3054 2909 3264 2964 residui
3319 2916 3500 2974 erant,
3537 2909 3592 2962 in

2010 3001 2305 3074 IEgyptum
2349 3000 2640 3072 fugissent,
2676 3001 2898 3055 Abacuc
2949 2999 3004 3053 in
3037 3001 3269 3070 patriam
3307 3014 3597 3069 regressus

2011 3101 2094 3148 est
2126 3111 2139 3148 :
2178 3092 2268 3146 ubi
2297 3099 2352 3147 et
2386 3092 2498 3163 agri
2535 3091 2620 3146 sui
2657 3091 3002 3146 messoribus
3057 3091 3207 3160 (nam
3232 3089 3237 3096 ’
3261 3089 3340 3143 ibi
3393 3088 3594 3144 hordea

314 3183 598 3255 θερισταῖς
629 3181 724 3235 τοῦ
758 3182 931 3253 ἀγροῦ
977 3180 1174 3234 ἐαυτοῦ
1203 3180 1484 3252 (ἔσπειρεν
1512 3181 1620 3251 γὰρ
1648 3180 1897 3252 κριθὰς),

2012 3183 2238 3253 several)
2292 3183 2604 3239 necessaria
2659 3183 3013 3246 ministravit,
3067 3196 3131 3234 ac
3173 3180 3380 3234 cibaria
3422 3179 3590 3236 coxit.

314 3275 415 3336 καὶ
438 3274 650 3346 ἥψησεν
681 3274 868 3338 αὐτοῖς
901 3273 1193 3344 ἐδέσματα.
1228 3273 1340 3327 Καὶ
1371 3274 1746 3345 προεφήτευσε
1790 3275 1905 3336 τοῖς

318 3366 496 3430 ἰδίοις,
523 3364 694 3419 εἰπών
714 3382 729 3396 ο
766 3383 783 3416 ι
812 3365 1124 3436 Πορεύομαι
1156 3365 1268 3434 ἐγὼ
1303 3366 1382 3429 εἰς
1409 3365 1514 3436 γῆν
1548 3365 1785 3438 μακρὰν,
1812 3367 1905 3419 καὶ

313 3454 530 3526 ταχέως
550 3453 1000 3525 ἐπανελεύσομαι.
1039 3454 1164 3507 Ἐὰν
1188 3454 1244 3507 δὲ
1277 3453 1543 3524 βραδύνω,
1565 3453 1904 3521 ἁπενέγκατε

314 3550 516 3618 φαγεῖν
543 3549 656 3612 τοῖς
679 3547 973 3618 θερισταῖς..
1015 3566 1032 3598 ι
1068 3546 1179 3598 Καὶ
1202 3546 1494 3616 γενόμενος
1521 3547 1579 3598 ἐν
1604 3544 1904 3608 Βαϐυλῶνι,

314 3640 417 3695 καὶ
453 3639 573 3702 δοὺς
604 3639 665 3692 τὸ
705 3639 926 3710 ἄριστον
965 3637 1042 3707 τῷ
1086 3637 1284 3709 Δανιὴλ
1329 3638 1409 3700 εἰς
1449 3635 1541 3689 τὸν
1568 3635 1770 3689 λάκκον
1798 3635 1907 3689 τῶν

313 3735 570 3800 λεόντων,
601 3733 946 3804 ὑποστρέψας
975 3731 1216 3802 παρέστη
1247 3732 1358 3794 τοῖς
1393 3729 1666 3800 θερισταῖς
1701 3727 1909 3781 ἐσθίου-
1951 3735 1954 3739 ’

318 3844 431 3893 σιν,
465 3826 559 3880 καὶ
600 3826 776 3879 οὐδενὶ
829 3821 982 3877 εἶπεν
1026 3823 1086 3876 τὸ
1141 3822 1451 3894 γενόμενον.
1495 3821 1733 3892 Συνῆκεν
1791 3818 1848 3871 δὲ
1880 3820 1909 3873 6

315 3918 628 3989 προφήτης,
656 3916 737 3968 ὅτι
764 3914 948 3984 τάχιον
973 3913 1084 3983 (48)
1108 3912 1421 3983 ἐπιστρέψει
1442 3911 1613 3976 ὀλαὸς
1639 3914 1703 3964 ἐκ
1734 3910 1910 3962 Βαὸυο

313 4009 493 4071 λῶνος
532 4009 612 4070 εἰς
654 4005 1030 4075 Ἰερουσαλήμ.
1082 4005 1322 4058 Ἔδωκεν
1374 4003 1432 4056 δέ
1476 4003 1641 4074 τέρας
1688 4005 1799 4065 τοῖς
1852 4004 1910 4054 ἐν

329 4097 589 4167 Ἰουδαίᾳ,
627 4095 709 4148 ὅτι
737 4095 957 4164 ὄψονται
981 4097 1038 4147 ἐν
1079 4095 1157 4165 τῷ
1184 4095 1296 4162 ναῷ
1339 4095 1456 4165 φῶς
1499 4095 1642 4166 μέγα
1685 4094 1913 4162 διαλάμ-

315 4193 454 4264 ψαν,
487 4189 584 4242 καὶ
625 4186 800 4248 οὕτως
849 4185 1053 4238 εἴσουσι
1088 4186 1184 4257 τὴν
1234 4186 1392 4249 δόξαν
1440 4184 1537 4238 τοῦ
1591 4185 1743 4238 Θεοῦ.
1801 4187 1912 4239 Καὶ

318 4280 457 4350 περὶ
512 4279 612 4348 τῆς
644 4275 960 4339 συντελείας
1011 4275 1107 4328 τοῦ
1163 4275 1292 4329 ναοῦ
1339 4278 1641 4347 προεῖπεν,
1693 4277 1774 4329 ὅτι
1807 4276 1913 4330 ὑπὸ

320 4372 512 4436 ἔθνους
570 4367 788 4424 δυτικοῦ
842 4370 1130 4439 γενήσεται
1183 4370 1216 4439 ή
1271 4368 1538 4440 πόρθησις
1598 4369 1693 4424 τοῦ
1781 4369 1910 4423 ναοῦ

2005 3275 2144 3330 Tum
2192 3275 2511 3331 domesticis
2539 3275 2615 3329 ita
2665 3262 2998 3330 vaticinatus
3049 3279 3134 3329 est
3168 3290 3182 3326 :
3215 3290 3234 3322 ι
3274 3269 3446 3334 Vado,
3511 3270 3597 3324 iu-

2005 3367 2144 3437 quit,
2194 3365 2248 3420 in
2291 3366 2642 3437 longinquam
2692 3364 2971 3436 regionem
3000 3404 3016 3429 ,
3049 3362 3193 3418 unde
3227 3361 3482 3416 celeriter
3510 3376 3596 3416 re-

2006 3467 2210 3516 vertar.
2247 3457 2632 3514 Verumtamen
2660 3458 2705 3514 si
2737 3472 2947 3512 moram
3000 3456 3112 3510 illic
3155 3454 3361 3518 fecero,
3401 3470 3500 3510 vos
3527 3453 3597 3507 ad

2008 3566 2281 3607 messores
2305 3551 2510 3605 cibaria
2546 3557 2775 3620 portate.
2807 3569 2827 3601 ›
2857 3547 3170 3604 Secundum
3216 3547 3331 3602 haec
3367 3545 3597 3616 Babylo-

2012 3661 2136 3699 nem
2201 3644 2528 3705 translatus,
2587 3658 2712 3697 cum
2772 3639 2984 3696 Danieli
3039 3640 3096 3694 in
3151 3640 3370 3694 leonum
3428 3651 3596 3692 cavea

2009 3722 2299 3806 prandium
2341 3735 2672 3799 obtulisset,
2706 3733 2982 3804 extemplo
3042 3746 3322 3795 reversus,
3372 3745 3598 3785 vescen-

2011 3828 2158 3881 tibus
2225 3827 2564 3882 messoribus
2619 3825 2901 3889 interfuit,
2949 3839 3125 3894 neque
3155 3822 3409 3892 cuiquam
3445 3820 3595 3890 quod

2011 3917 2286 3973 acciderat
2314 3917 2660 3988 signiﬁcavit.
2686 3917 2965 3972 Caeterum
2991 3915 3125 3969 illud
3157 3915 3296 3968 idem
3328 3913 3594 3983 propheta

2011 4009 2306 4078 cognovit:
2342 4007 2492 4064 brevi
2532 4007 2796 4078 populum
2846 4023 2876 4062 e
2920 4005 3224 4076 Babylonia
3261 4005 3315 4057 in
3346 4002 3593 4058 Iudaeam

2013 4100 2341 4154 rediturum.
2383 4099 2525 4164 Quin
2568 4106 2621 4153 et
2663 4097 2804 4168 signi
2851 4097 2972 4150 loco
3003 4103 3318 4165 portentum
3361 4094 3450 4160 iis,
3493 4093 3592 4164 qui

2012 4189 2252 4244 Iudaeam
2289 4189 2627 4255 incolebant,
2665 4187 3010 4242 denuntiavit
3046 4205 3059 4241 :
3097 4186 3314 4240 visuros
3347 4185 3470 4240 illos
3496 4185 3594 4238 ali-

2015 4279 2234 4352 quando
2267 4280 2443 4335 lucem
2469 4281 2767 4348 ingentem,
2792 4293 2912 4348 quae
2939 4277 2991 4332 in
3022 4277 3225 4347 templo
3251 4277 3582 4335 colluceret.

2018 4381 2184 4441 atque
2219 4371 2323 4424 hoc
2346 4378 2507 4440 pacto
2530 4368 2625 4424 Dei
2654 4369 2883 4441 gloriam
2913 4375 3309 4438 conspecturos
3338 4380 3481 4420 esse.
3515 4367 3595 4419 Ad

335 4464 714 4537 Ἰερουσαλήμ.
750 4461 885 4516 Τότε
932 4460 994 4514 τὸ
1028 4462 1266 4532 ἆπλωμα
1315 4459 1410 4515 τοῦ
1454 4461 1646 4534 δαὸεὶρ
1697 4463 1778 4525 εἰς
1818 4462 1910 4516 δύο

2020 4461 2134 4515 haec
2186 4459 2253 4516 de
2306 4459 2490 4529 templi
2555 4459 2704 4514 exitu
2767 4472 2831 4512 ac
2889 4457 2993 4512 line
3060 4455 3393 4510 vaticinatus
3465 4462 3594 4522 est;

329 4554 472 4625 μέρη
502 4555 821 4624 ῥαγήσεται,
844 4551 938 4604 καὶ
958 4550 1230 4622 ἐπίκρανα
1262 4552 1369 4604 τῶν
1397 4551 1490 4605 δύο
1511 4551 1719 4604 στύλων
1751 4554 1910 4621 ἁφαι·

329 4645 672 4726 ρεθήσονται,
709 4645 802 4696 καὶ
829 4642 1003 4705 οὐδεὶς
1040 4641 1328 4710 γνώσεται,
1363 4641 1466 4696 ποῦ
1504 4642 1736 4697 ἔσονται.
1766 4642 1916 4696 Αὑτὰ

325 4735 386 4788 δέ
414 4723 486 4788 ἐξ
503 4738 567 4806 τῇ
593 4735 782 4805 ἐρήμῳ
826 4733 1288 4803 ἀπενεχθήσονται
1323 4733 1428 4787 ὑπὸ
1483 4734 1752 4802 ἀγγέλων,
1780 4734 1924 4786 ὅπου¹

328 4825 558 4897 ἔναγχος
588 4827 769 4896 ἐπάγη
797 4829 829 4898 ή
857 4826 1030 4897 σκηνὴ
1058 4826 1151 4879 τοῦ
1181 4825 1506 4897 μαρτυρίου,
1529 4828 1624 4880 καὶ
1654 4829 1710 4880 ἐν
1733 4827 1916 4889 αὐτοῖς

329 4918 705 4989 γνωσθήσεται
742 4919 836 4971 ἐπὶ
874 4917 1018 4971 τέλει
1059 4917 1284 4990 Κύριος,
1321 4919 1402 4972 ὅτι
1456 4919 1755 4988 φωτίσουσι
1785 4920 1916 4982 τοὺς

330 5009 692 5080 διωκομένους
732 5009 836 5062 ὑπὸ
887 5007 979 5062 τοῦ
1023 5009 1197 5078 ὄφιος,
1244 5010 1433 5083 ὥσπερ
1467 5012 1526 5077 ἐξ
1575 5013 1783 5082 ἀρχῆς,
1821 5013 1916 5066 καὶ

331 5099 587 5155 διασώσει
618 5101 814 5163 αὐτοὺς
834 5099 1032 5171 Κύριος
1062 5103 1126 5155 ἐκ
1160 5104 1318 5166 σκιᾶς
1353 5103 1606 5170 θανάτου,
1631 5104 1725 5158 καὶ
1763 5103 1918 5158 ἔσον-

333 5210 424 5246 ται
471 5193 529 5246 ἐν
584 5194 758 5262 σκηνῇ
803 5191 955 5262 ἁγίᾳ.
1010 5184 1179 5257 Οὗτος
1232 5195 1261 5247 ὁ
1317 5195 1604 5265 προφήτης
1649 5196 1778 5265 περὶ
1818 5196 1920 5266 τῆς

335 5283 600 5348 ἐλεύσεως
636 5283 732 5337 τοῦ
769 5282 973 5354 Κυρίου
1008 5284 1176 5337 πολλὰ
1226 5287 1636 5356 προεφήτευσεν
1658 5305 1671 5319 ο
1709 5288 1816 5360 πρὸ
1856 5287 1916 5340 δὲ

335 5376 430 5430 δύο
476 5377 614 5432 ἐτῶν
656 5377 757 5448 τῆς
784 5375 1123 5448 ἐπιστροφῆς
1161 5376 1255 5429 τοῦ
1286 5376 1412 5430 λαοῦ
1449 5378 1551 5450 τῆς
1595 5379 1704 5432 ἀπὸ
1739 5379 1917 5433 Βαϐυ-

409 5531 694 5656 (ῶὶΑιιξ.
741 5533 830 5587 ὅτε
878 5532 1039 5614 ἴδωσι
1082 5532 1228 5618 λίθοον
1286 5532 1491 5604 βοῶντα
1570 5534 1796 5605 οἰκερῶς
1850 5536 1915 5604 (Γ.

409 5606 613 5671 ιτρως),
676 5603 851 5671 γγὶζει
876 5603 936 5656 τὸ
963 5604 1134 5666 τέλος·
1191 5621 1280 5656 οτε
1316 5603 1373 5657 δὲ
1417 5603 1599 5660 ἴδωσιν
1642 5607 1814 5661 πάντα
1849 5607 1915 5661 τὰ

339 5603 613 5673 οἰκτρῶς),
646 5603 851 5672 ἐγγίζει
876 5603 936 5656 τὸ
963 5603 1134 5666 τέλος·
1191 5603 1373 5657 ὅτείδὲ
1417 5603 1599 5660 ἴδωσιν
1642 5603 1814 5661 πάντα
1849 5607 1916 5661 τὰ

341 5673 493 5741 ἔθνη,
519 5674 640 5727 τότε
666 5675 699 5743 ή
728 5673 882 5737 πόλις
915 5673 1353 5743 ἐδαφισθήσεται.

413 5743 525 5815 (Η)
566 5746 703 5815 Aug.
733 5743 848 5808 υἱὸς
895 5744 1227 5808 Ἑλκεσαίου.

2017 4569 2212 4624 nempe
2266 4552 2335 4608 ab
2385 4549 2713 4606 occidentali
2770 4550 2972 4621 populo
3038 4547 3596 4621 IIierosolymitanum

2023 4625 2552 4715 templum-excisum
2587 4642 2670 4696 iri.
2713 4640 2889 4706 Tunc,
2926 4642 3124 4712 inquit,
3149 4639 3599 4711 interiorisadyli

2017 4738 2197 4792 velum
2238 4737 2379 4792 duas
2402 4739 2456 4789 in
2485 4743 2670 4807 partes
2700 4735 3004 4798 scindetur,
3043 4746 3096 4788 et
3127 4733 3287 4788 ambo
3325 4732 3600 4786 columna-

2010 4844 2134 4884 rum
2166 4829 2416 4899 capitella
2449 4827 2803 4882 detrahentur
2829 4867 2844 4893 ,
2895 4841 2995 4880 nec
3027 4825 3116 4878 ubi
3157 4825 3267 4880 sint
3309 4825 3599 4893 quisquam

2017 4930 2334 4992 cognoscet.
2375 4919 2450 4973 Ea
2478 4935 2609 4976 vero
2638 4935 2734 4989 per
2761 4919 2988 4989 angelos
3017 4917 3300 4972 desertum
3338 4916 3392 4970 in
3423 4917 3598 4971 locum

2021 5012 2504 5082 deportahuntur,
2540 5011 2631 5066 ubi
2679 5011 3095 5066 tabernaculum
3145 5009 3446 5064 testimonii
3493 5022 3599 5062 non

2021 5103 2100 5157 ita
2149 5103 2358 5173 pridem
2405 5110 2759 5158 exstructum
2811 5114 2912 5157 est.
2959 5109 3137 5172 Atque
3180 5102 3233 5155 in
3278 5099 3468 5156 iisdem
3507 5114 3606 5170 po—

2022 5205 2228 5250 Stremo
2266 5203 2633 5265 cognoscetur
2672 5195 2959 5258 Dominus,
2998 5195 3439 5266 quandoquidem
3481 5208 3599 5256 eos,

2021 5303 2161 5358 quos
2207 5303 2433 5356 serpens
2481 5288 2824 5358 insequetur,
2878 5306 2986 5344 non
3037 5303 3198 5344 secus
3255 5297 3417 5356 atque
3466 5285 3597 5338 olim

2024 5381 2453 5445 collustrabunt,
2505 5387 2561 5436 et
2607 5395 2704 5437 eos
2762 5380 2914 5452 ipsos
2969 5379 3238 5435 Dominus
3287 5392 3354 5432 ex
3411 5373 3599 5430 umbra

2248 5537 2354 5604 Γρ.
2531 5535 2750 5607 Ϊιεσϐεί.

2092 5605 2202 5678 (i6)
2238 5608 2343 5672 I‘p.
2375 5605 2706 5678 ῥψηλότερον
2731 5614 2785 5663 et
2813 5605 2999 5677 μέρος.

2089 5676 2201 5746 αῖ)
2242 5678 2345 5742 Γρ.
2380 5674 2659 5749 Βιδζεχάρ.

2089 5745 2204 5818 (ιδ)
2241 5749 2345 5815 Γρ.
2375 5745 2556 5815 τάχει.
