4034 6216
200 319 305 376 ΗΠ

1343 330 1540 386 LIBER
1575 330 1663 384 DE
1701 330 1879 384 ντί-ιδ
1911 332 2450 394 ΡΒΟΡΙΙΕΤᾹΠῸΜ.

3384 339 3486 395 HS

293 449 392 519 (ϐ’.
429 450 616 517 Ἰωνᾶς
653 446 721 523 ῆν
754 452 817 505 ἐκ
848 450 948 523 γῆς
980 450 1362 524 Καριαθιαρὶμ
1391 452 1617 523 πλησίον
1643 450 1808 516 ’Λζὼ-
1842 456 1883 513 Λ
1913 453 2086 526 ἐτάφη
2137 458 2254 511 ἐκεῖ
2293 459 2350 513 ἐν
2403 461 2577 533 ἀγρῷ.
2612 463 2850 519 Ἔδωκεν
2878 465 2933 520 δέ
2973 466 3135 538 τέρας
3182 469 3282 528 τοῖ,
3322 465 3378 518 ἐν
3429 468 3488 539 τῇ

218 560 313 597 του
363 543 572 608 πόλεως
612 543 880 616 Ἑλλήνων
928 544 1068 598 κατά
1117 546 1423 600 Θάλασσαν·
1471 547 1566 600 καὶ
1605 547 1805 618 ἐκδρα-

220 636 370 700 σθείς
400 637 462 688 ἐκ
485 635 576 690 τοῦ
604 637 822 708 κήτους,
849 638 939 692 καὶ
953 637 1201 691 ἀπελθὼν
1224 642 1302 702 εἰς
1325 639 1547 710 Νινευὴ.
1564 639 1656 693 καὶ
1677 641 1805 693 ἀνα-

219 730 449 801 κάμψας
477 731 558 794 εἰς
585 732 684 803 τήν
718 733 820 803 γῆν
861 731 1024 802 αὑτοῦ
1050 732 1150 786 οὑκ
1180 733 1414 803 έμεινεν,
1454 733 1590 786 ἀλλά
1627 750 1804 803 παρα-

218 807 403 871 λαϐὼν
432 819 531 890 τὴν
563 819 777 891 μητέρα
813 821 976 874 αὑτοῦ
1019 821 1318 893 παρῴκησε
1342 822 1440 894 τὴν
1463 822 1587 895 ἰὼρ
1621 823 1803 895 χώραν

216 910 536 979 ἀλλοφύλων
564 911 752 965 ἐθνῶν.
791 911 1016 980 Ἔλεγεν
1042 915 1170 986 γάρ,
1201 915 1280 968 ὅτι
1316 915 1500 978 Οὕτως
1524 914 1709 983 ἀφελῶ
1744 915 1805 968 τὸ

219 1001 425 1064 ὄνειδός
454 1003 674 1072 μου,ὂτι
694 1002 1010 1076 ἐψευσάμην
1034 1005 1418 1076 προφητεύσας
1439 1005 1578 1061 κατὰ
1602 1007 1802 1081 Νινευὴ

218 1093 323 1162 τῆς
352 1092 559 1156 πόλεως
578 1093 677 1163 τῆς
703 1094 964 1166 μεγάλης.
991 1093 1097 1149 Ἶιν
1120 1097 1175 1150 δέ
1202 1097 1264 1150 τὸ
1293 1097 1594 1169 τηνικαῦτα
1617 1098 1803 1164 Ἠλίας

220 1183 462 1256 ἐλέγχων
488 1184 578 1238 τὸν
601 1181 750 1238 οἷκον
777 1186 1003 1256 Ἀχαάϐ,
1031 1189 1124 1240 καὶ
1152 1189 1385 1252 καλέσας
1413 1189 1569 1260 λιμὸν
1592 1191 1683 1244 ἐπὶ
1706 1192 1804 1262 τὴν

218 1277 326 1347 γῆν
355 1275 574 1344 ἔφυγεν.
609 1277 716 1330 Καὶ
753 1277 1003 1332 ἀπελθὼν
1024 1274 1148 1351 εὗρε
1177 1281 1275 1350 τὴν
1316 1283 1492 1354 χήραν
1534 1282 1673 1354 μετά
1708 1282 1803 1337 τοῦ

219 1368 341 1420 υἱοῦ
379 1369 569 1438 αὐτῆς,
598 1369 688 1422 καὶ
717 1368 896 1440 ἔμεινε
936 1372 1064 1442 παρ’
1092 1372 1302 1436 αὐτοῖς·
1337 1375 1399 1427 οὐ
1431 1374 1541 1446 γάρ
1576 1374 1805 1444 ἡδύνατο

223 1459 409 1530 μένειν
443 1459 578 1530 μετά
606 1461 1014 1532 ἀπεριτμήτων.
1058 1463 1165 1516 Καὶ
1194 1463 1485 1536 εὐλόγησεν
1530 1467 1697 1539 αὑτὴν
1719 1468 1806 1524 διὰ

219 1552 320 1624 τὴν
368 1551 668 1623 Εενοδοχίαν
711 1555 905 1625 αὑτῆς·
952 1550 1020 1626 ἦν
1053 1555 1162 1628 γάρ
1210 1558 1496 1624 γινώσκων
1543 1561 1710 1634 αὑτήν
1741 1565 1806 1617 ἐκ

219 1641 444 1696 πολλοῦ.
473 1643 712 1698 Θανόντα
732 1645 788 1698 δέ
809 1646 896 1698 τὸν
923 1647 1036 1699 υίδν
1064 1648 1231 1719 αὑτῆς
1258 1650 1442 1704 Ἷωνᾶν
1477 1651 1638 1706 πάλιν
1663 1653 1808 1724 ῆγειο

219 1753 318 1807 ρεν
348 1737 375 1788 ό
409 1735 541 1798 Θεὸς
565 1735 652 1789 διὰ
685 1736 778 1789 τοῦ
811 1737 1015 1802 Ἠλίου,
1039 1739 1250 1804 δεικνὺς
1271 1741 1442 1813 αὐτῷ,
1465 1745 1547 1796 ὅτι
1570 1745 1689 1798 οὑδέ
1717 1745 1805 1800 θα·

219 1827 330 1880 νὼν
364 1827 584 1882 δύναται
631 1828 935 1900 ἀποδράσαι
985 1831 1137 1886 Θεόν.
1185 1834 1294 1886 Kal
1339 1835 1578 1900 ἀναστὰς
1620 1837 1806 1902 Ἰωνᾶς
1839 1814 1882 1874 Β

224 1918 367 1988 μετὰ
394 1917 482 1970 τὸν
512 1917 670 1988 λιμὸν
691 1913 852 1988 ἦλθεν
873 1921 952 1983 εἰς
974 1921 1079 1990 γῆν
1112 1921 1282 1976 Ἰούδα
1298 1941 1310 1954 ·
1342 1923 1608 1982 θανοῦσαν
1630 1928 1686 1981 δὲ
1709 1929 1807 2001 τὴν

224 2009 441 2082 μητέρα
471 2010 637 2064 αὑτοῦ
672 2011 836 2082 ἔθαψε
883 2013 1024 2067 κατά
1055 2013 1153 2086 τήν
1184 2015 1301 2069 ὁδὸν
1331 2018 1566 2088 ἐχόμενα
1592 2021 1689 2090 τῆς
1715 2021 1810 2091 βα-

220 2101 387 2156 λάνου
419 2101 727 2175 Δεϐὡῤῥας.
789 2105 900 2156 Kal
943 2107 1276 2178 κατοικήσας
1311 2110 1368 2161 ἐν
1404 2113 1474 2181 γῇ
1520 2112 1670 2184 Σαάρ
1706 2114 1810 2166 ἀπ-

224 2196 408 2259 έθανε,
449 2198 542 2250 καὶ
574 2197 747 2270 ἐτάφη
779 2199 834 2252 ἐν
880 2197 958 2269 τῷ
1002 2199 1250 2272 σπηλαίῳ
1295 2202 1585 2266 Καινεζιοῦ
1617 2205 1806 2275 κριτοῦ

221 2286 519 2358 γενομένου
557 2289 686 2359 μιᾶς
712 2289 886 2360 φυλῆς
919 2292 975 2343 ἐν
998 2293 1230 2365 ἡμέραις
1258 2293 1358 2363 τῆς
1387 2294 1672 2366 ἀναρχίας.
1701 2299 1810 2350 Kal

223 2377 396 2432 ἔδωκε
434 2379 599 2452 τέρας
634 2381 725 2433 ἐπὶ
759 2381 1108 2454 Ἰερουσαλὴμ
1141 2385 1234 2438 καὶ
1264 2387 1352 2455 ἐφ’
1383 2386 1511 2458 ὃλην
1542 2387 1641 2459 τὴν
1673 2390 1804 2459 γῆν

225 2471 418 2525 Ὅταν
450 2471 620 2525 ἴδωσι
658 2473 836 2527 λίθον
875 2474 1118 2540 βοῶντα
1155 2477 1424 2546 οἰκτρῶς,
1459 2479 1708 2551 ἐγγίζειν
1744 2483 1809 2536 τὸ

223 2563 438 2631 τέλοςο
480 2565 586 2641 καί
639 2564 736 2620 ὅτε
793 2565 1003 2621 ἴδωσιν
1045 2568 1440 2641 Ἰερουσαλὴμ
1493 2571 1693 2644 πάντα
1739 2575 1812 2628 τὰ

224 2657 394 2724 ἔθνη,
428 2657 516 2711 ὅτι
539 2658 578 2726 ἡ
605 2659 780 2726 πόλις
809 2659 1116 2730 ἠφανίσθη
1143 2657 1256 2732 ὅλη
1274 2663 1685 2734 ἓως-ἐδάφους,
1711 2667 1811 2721 καί

225 2750 732 2816 μετατεθήσονται
787 2755 840 2806 οἱ
899 2753 1058 2807 λίθοι
1119 2753 1308 2824 αὐτῆς
1369 2757 1521 2811 κατὰ
1579 2757 1818 2828 δυσμὰς

228 2841 431 2909 ἡλίου,
447 2841 575 2896 ἐκεῖ
588 2841 758 2896 ἔσται
779 2845 817 2912 ἡ
840 2845 1259 2914 προσκύνησις
1278 2846 1384 2902 τοῦ
1404 2848 1811 2920 εἰλημμένω.)

303 2933 377 2988 Z'.
410 2935 604 3006 Ναοῦμ
648 2935 762 2999 υἰδς
807 2937 1118 2992 Ἐλκεσαίου
1163 2935 1232 3012 ἦν
1276 2939 1386 2993 ἀπὸ
1418 2942 1595 3012 Ἰεσϐῆ
1644 2943 1815 3014 φυλῆς

231 3023 479 3096 Συμεὼν,
507 3027 600 3080 καὶ
641 3025 779 3097 μετὰ
809 3027 901 3082 τὸν
926 3028 1111 3084 Ίωνᾶν
1145 3033 1212 3102 τῇ
1246 3031 1448 3100 Νηνευῒ
1496 3033 1662 3104 τέρας
1689 3034 1817 3087 ἐδω-

231 3136 350 3182 κεν,
385 3120 466 3172 ὅτι
495 3119 600 3172 ὑπὸ
638 3120 846 3174 ὑδάτων
877 3122 971 3174 καὶ
1010 3123 1182 3195 πυρὸς
1226 3125 1484 3194 ὑπογείου
1511 3125 1811 3181 ἀπολεῖται.

233 3212 416 3280 Ὅπερ
457 3209 551 3263 καὶ
581 3210 836 3279 γέγονεν·
870 3214 903 3285 ή
936 3213 1044 3285 γὰρ
1083 3215 1413 3286 περιέχουσα
1455 3217 1624 3289 αὐτὴν
1654 3217 1815 3289 λίμνη

234 3301 533 3355 κατέλυσεν
561 3302 686 3373 (sic,
721 3303 924 3360 rectius
955 3306 1113 3377 alter)
1141 3308 1198 3360 ἐν
1227 3306 1455 3378 σεισμῷ,
1491 3309 1584 3360 καὶ
1617 3306 1725 3380 πῦρ
1756 3310 1820 3361 ἐκ

233 3397 337 3465 τῆς
365 3395 574 3465 ἐρήμου
601 3394 842 3468 ἐξῆλθεν,
875 3397 968 3450 xal
989 3398 1050 3451 τὸ
1078 3398 1408 3470 ὑψηλότερον
1434 3401 1603 3472 αὑτῆς
1627 3400 1822 3454 ἐνεπύ-

237 3502 407 3555 ρησεν
436 3487 619 3558 μέρος.
655 3489 764 3541 Kal
793 3488 968 3544 θανὼν
1008 3491 1182 3561 ἐτάφη
1211 3491 1270 3545 ἐν
1293 3494 1360 3563 τῇ
1390 3495 1458 3564 γῇ
1489 3493 1675 3547 αὑτοῦ.

311 3579 438 3649 ([A'.
474 3579 668 3652 Ναοὺμ
694 3576 761 3653 ἦν
789 3582 897 3636 ἀπὸ
935 3583 1204 3654 Ἐλκεσέμ
1248 3585 1420 3656 πέραν
1449 3585 1542 3638 τοῦ
1573 3585 1822 3658 Βηταϐα-

243 3671 360 3744 ρὴμ
403 3673 573 3744 φυλῆς
628 3673 872 3746 Συμεών.
909 3669 1075 3739 Οὗτος
1115 3677 1254 3746 μετά
1279 3679 1465 3731 Ὶωνᾶν
1513 3681 1579 3749 τῇ
1618 3677 1824 3746 Νινευὴ

239 3766 407 3837 τέρας
441 3765 657 3831 ἔδωκεν,
689 3767 770 3821 ὅτι
817 3769 920 3823 ὑπὸ
973 3770 1182 3824 ὑδάτων
1227 3770 1470 3838 γλυκέων
1511 3775 1605 3826 καὶ
1651 3774 1822 3845 πυρὸς

240 3858 496 3926 ὑπογείου
545 3858 844 3914 ἀπολεῖται.
887 3862 951 3914 Ὃ
995 3863 1087 3916 καὶ
1145 3861 1388 3932 γέγονεν·
1430 3866 1463 3934 ἡ
1509 3864 1619 3935 γάρ
1669 3882 1824 3934 περι-

238 3949 442 4020 έχουσα
470 3952 640 4022 αὐτὴν
667 3951 832 4022 λίμνη
853 3954 1184 4009 κατέκλυσεν
1212 3955 1380 4026 αὑτὴν
1395 3958 1453 4010 ἐν
1472 3956 1699 4027 σεισμῷ,
1729 3959 1824 4010 καὶ

238 4042 354 4114 πῦρ
405 4043 630 4098 ἐπελθὸν
683 4046 748 4097 ἐκ
785 4045 886 4113 τῆς
929 4047 1136 4116 ἐρήμου
1181 4048 1243 4100 τὸ
1275 4048 1604 4118 ὑψηλότερον
1657 4049 1826 4116 αὑτῆς

241 4135 413 4208 μέρος
444 4133 769 4204 ἐνέπρησεν.
798 4134 1060 4188 Ἀπέθανε
1090 4137 1147 4189 δὲ
1179 4139 1239 4189 ἐν
1267 4138 1480 4208 εἰρήνῃ,
1519 4138 1613 4190 καὶ
1648 4139 1822 4208 ἐτάφη

241 4229 301 4280 ἐν
329 4228 396 4296 τῇ
428 4227 498 4296 γῇ
535 4224 749 4295 αὑτοῦ.)

314 4319 398 4372 Η’.
431 4317 755 4389 Ἀμϐακοὺμ
791 4313 858 4388 ἦν
896 4315 956 4382 ἐξ
988 4317 1157 4389 ἀγροῦ
1178 4317 1499 4389 Βιδζουχάρ,
1525 4319 1698 4389 φυλῆς
1725 4321 1826 4371 Συ-

243 4413 412 4484 μεών.
445 4414 555 4467 Kal
584 4412 689 4466 ἴδεν
724 4413 830 4482 πρὸ
858 4413 956 4482 τῆς
988 4413 1367 4483 αἰχμαλωσίας
1398 4413 1526 4485 περὶ
1555 4414 1654 4483 τῆς
1685 4413 1826 4467 ἀλῶ-

1913 544 2162 618 Ἰουδαίᾳ,
2177 549 2256 602 ὃτι
2281 548 2498 619 ὄψονται
2522 555 2580 606 ἐν
2599 554 2675 625 τῷ
2695 555 2808 626 ναῷ
2830 555 2963 624 φῶς,
2995 557 3090 613 καὶ
3113 556 3280 622 οὕτως
3307 558 3490 612 ἴδωσιν

1910 635 2008 708 τὴν
2030 635 2186 702 δόξαν
2211 640 2304 693 τοῦ
2328 641 2478 696 ναοῦ.
2512 641 2615 698 Kal
2639 647 2766 717 περὶ
2789 648 2884 717 τῆς
2909 648 3218 713 συντελείας
3242 649 3334 702 τοῦ
3355 649 3487 704 ναοῦ

1913 732 2194 799 προεῖπεν,
2215 731 2296 784 ὅτι
2320 732 2425 786 ὑπὸ
2451 733 2636 798 ἔθνους
2670 737 2883 792 δυτικοῦ
2918 741 3224 810 γενήσεται,
3254 747 3347 794 καὶ
3367 741 3489 794 τότε

1911 820 1972 873 τὸ
2000 821 2257 894 ἆπλωμα,
2285 826 2470 895 φησὶν,
2506 825 2602 879 τοῦ
2635 829 2842 900 Διαϐὴρ
2873 832 2996 897 (sic)
3025 834 3104 896 εἰς
3140 835 3312 904 μικρά
3340 834 3491 904 6mg}-

1913 912 2238 983 ῥαγήσεται,
2270 915 2364 968 καὶ
2391 915 2458 969 τὰ
2509 915 2778 986 ἐπίκρανα
2816 920 2923 972 τῶν
2953 921 3046 972 δύο
3081 922 3286 974 στύλων
3329 924 3490 990 ἀφαι-

1915 1003 2224 1074 ρεθήσεται,
2251 1007 2346 1059 καὶ
2383 1007 2557 1072 οὐδεὶς
2600 1008 2869 1076 γνώσεται
2904 1009 3006 1061 ποῦ
3038 1011 3248 1064 ἔσονται
3270 1028 3281 1040 ο
3317 1012 3489 1063 ταῦτα

1910 1094 1968 1148 δέ
1995 1097 2053 1148 ἐν
2082 1099 2147 1168 τῇ
2184 1099 2375 1170 ἐρήμῳ
2409 1100 2872 1171 ἀπενεχθήσονται
2921 1102 3026 1154 ὑπὸ
3071 1103 3321 1172 ἀγγέλου,
3351 1105 3486 1156 ὅπου

1911 1188 1970 1242 ἐν
2007 1188 2147 1261 ἀρχῇ
2183 1191 2420 1262 ἐπάγηή
2456 1192 2628 1263 σκηνὴ
2663 1193 2756 1246 τοῦ
2788 1193 3111 1265 μαρτυρίου,
3144 1194 3234 1246 καὶ
3259 1197 3368 1257 τοῖς
3397 1195 3491 1246 ἐπὶ

1910 1281 2055 1336 τέλει
2083 1283 2458 1354 γνωσθήσεται
2497 1284 2721 1356 Κύριος.

1984 1372 2105 1443 (1Β’.
2144 1375 2470 1446 Ἀμϐακοὺμ
2519 1377 2584 1429 ἐκ
2633 1377 2806 1448 φυλῆς
2847 1372 2916 1448 ἦν
2946 1377 3173 1447 Συμεὼν
3214 1377 3271 1444 ἐξ
3318 1377 3491 1449 ἀγροῦ

1912 1465 2237 1537 Βηθωαχάρ.
2277 1463 2441 1531 Οὗτος
2483 1463 2621 1521 εἶδεν
2659 1469 2765 1541 πρὸ
2811 1470 2914 1540 τῆς
2958 1470 3330 1540 αἰχμαλωσίας
3365 1469 3493 1541 περὶ

1913 1555 2011 1627 τῆς
2043 1556 2297 1621 ἁλώσεως
2335 1558 2435 1628 τῆς
2471 1559 2597 1630 Ἱερ.
2631 1561 2723 1612 καὶ
2764 1559 2859 1614 τοῦ
2906 1561 3057 1624 ναοῦ,
3093 1562 3186 1613 καὶ
3229 1559 3493 1630 ἐπένθησε

1923 1649 2141 1721 σφόδρα.
2181 1651 2292 1703 Kal
2331 1651 2420 1704 ὅτε
2449 1647 2612 1722 ἦλθεν
2646 1654 2674 1705 ό
2715 1652 3184 1724 Ναϐουχοδονόσορ
3213 1654 3294 1716 εἰς
3341 1652 3489 1722 Ἱερ.,

1913 1738 2182 1808 ἔφυγεν...
2241 1741 2487 1811 Ἱσμαήλ.
2530 1741 2614 1804 Ὠς
2651 1741 2710 1794 δέ
2757 1741 3104 1812 ὑπέστρεψαν
3144 1744 3190 1795 οἱ
3218 1741 3493 1808 Χαλδαῖοι,

1913 1828 2008 1881 καὶ
2039 1829 2088 1881 οἱ
2130 1829 2448 1884 κατάλοιποι
2495 1832 2545 1883 οἱ
2586 1831 2736 1895 ὄντες
2789 1833 2847 1885 ἐν
2891 1833 3016 1900 Ἱερ.
3060 1832 3369 1903 κατέϐησαν
3415 1834 3496 1894 εἰς

1912 1920 2207 1988 Αἴγυπτον,
2221 1917 2288 1993 ἦν
2303 1923 2582 1993 παροικῶν
2597 1923 2694 1993 τὴν
2718 1923 2818 1994 γῆν
2838 1923 3026 1985 αὑτοῦ,
3045 1925 3138 1978 καὶ
3165 1923 3495 1994 ἐλειτούργει

1912 2014 2025 2075 τοῖς
2038 2012 2313 2083 θερισταῖς
2333 2015 2428 2067 τοῦ
2443 2015 2611 2086 ἀγροῦ
2629 2015 2811 2068 αὑτοῦ.
2843 2015 2929 2077 Ὠς
2941 2016 2996 2068 δὲ
3014 2015 3172 2068 ἐλαδε
3192 2017 3253 2068 τὸ
3272 2016 3492 2085 ἔδεσμα,

1917 2106 2292 2175 προεφήτευσε
2323 2109 2437 2169 τοῖς
2477 2107 2626 2169 ἰδίοις
2651 2105 2816 2159 αὑτοῦ
2862 2105 3097 2160 εἰπών...
3117 2107 3496 2176 Ἀπενέτκατε

1917 2193 1982 2247 τὸ
2031 2195 2279 2264 ἄριστον
2307 2197 2432 2262 τοῖς
2477 2197 2794 2266 θερισταῖς.
2827 2197 2936 2251 Kal
2979 2199 3268 2269 γενόμενος
3298 2238 3335 2252 ..
3375 2201 3497 2262 δοὺς

1914 2285 2006 2338 τὸν
2039 2286 2163 2356 (sic)
2195 2286 2416 2358 ἄριστον
2459 2286 2536 2358 τῷ
2575 2287 2794 2358 Δανιὴλ,
2832 2289 3034 2358 ἐπέστη
3065 2292 3176 2352 τοῖς
3225 2288 3498 2360 θερισταῖς

1919 2375 2177 2442 ἐσθίουσι,
2211 2380 2306 2431 καὶ
2352 2378 2528 2432 οὑδενὶ
2566 2374 2718 2433 εἶπεν
2749 2379 2808 2432 1:6
2846 2380 3134 2450 γενόμενον
3155 2397 3168 2409 ·
3203 2382 3398 2450 συνῆκε
3441 2380 3499 2433 δὲ

1917 2469 1998 2522 ὅτι
2030 2468 2218 2538 τάχιον
2248 2467 2568 2540 ἐπιστρέψει
2588 2470 2616 2521 ό
2643 2467 2772 2531 λαὸς
2801 2469 2864 2520 ἐκ
2885 2469 2983 2538 τῆς
3009 2467 3380 2537 αἰχμαλωσίας
3401 2467 3499 2536 τῆς

1919 2563 2001 2625 εἰς
2028 2560 2346 2618 Βαϐυλῶνα.
2382 2560 2493 2614 Kal
2517 2559 2623 2631 πρὸ
2653 2559 2698 2629 β’
2720 2557 2857 2611 ἐτῶν
2884 2557 2982 2628 τῆς
3014 2558 3347 2628 ἐπιστροφῆς
3371 2558 3498 2610 a010-

1919 2655 2166 2725 θνήσκει,
2199 2653 2292 2706 καὶ
2315 2652 2488 2724 ἐτάφη
2538 2653 2596 2705 ἐν
2634 2650 2790 2724 ἀγρῷ
2826 2649 2940 2721 ἰδίῳ
2978 2650 3156 2721 μόνος.
3199 2649 3403 2702 Ἔδωκε
3442 2649 3499 2702 δὲ

1917 2745 2150 2818 τέρας...
2179 2744 2314 2814 φῶς,
2344 2744 2437 2798 καὶ
2463 2742 2636 2806 οὕτως
2656 2743 2876 2812 ὑψονται
2903 2742 3000 2814 τὴν
3028 2741 3184 2806 δόξαν
3207 2739 3298 2793 τοῦ
3328 2741 3462 2793 Θεοῦ
3483 2752 3496 2768 ⁸

1921 2839 2016 2892 καὶ
2038 2839 2165 2908 περὶ
2189 2836 2497 2900 συντελείας
2521 2835 2614 2889 τοῦ
2635 2835 2764 2889 ναοῦ
2784 2837 3063 2907 προεῖπεν,
3091 2835 3171 2886 ὃτι
3188 2833 3291 2885 ὑπὸ
3316 2831 3500 2894 ἔθνους

1921 2929 2136 2984 δυτικοῦ
2162 2931 2480 3001 ῥαγήσεται.
2514 2928 2646 2981 Τότε
2684 2929 2778 2980 καὶ
2809 2927 2866 2979 τὸ
2902 2925 3137 2996 ἀπλωμα
3166 2923 3258 2977 τοῦ
3293 2922 3498 2994 Δαϐὴρ,

1924 3021 2111 3093 φησὶν,
2157 3021 2236 3082 εἰς
2284 3017 2456 3090 μικρά
2501 3018 2760 3089 ῥήγματα
2797 3016 3119 3088 ῥαγήσεται,
3149 3014 3240 3066 καὶ
3286 3012 3353 3065 τὰ
3382 3011 3501 3064 ἐπί-

1922 3129 2099 3184 κρανα
2129 3110 2238 3164 τῶν
2280 3110 2374 3164 δύο
2422 3109 2628 3162 στύλων
2673 3106 3152 3178 ἀφαιρεθήσονται,
3196 3105 3290 3158 καὶ
3329 3103 3501 3165 οὐδεὶς

1921 3203 2189 3273 γνώσεται
2219 3202 2322 3257 ποῦ
2350 3201 2595 3254 ἔσονταιο
2627 3197 2767 3252 αὑτά
2792 3199 2846 3251 δὲ
2869 3199 2928 3252 ἐν
2973 3200 3036 3268 τῇ
3079 3197 3273 3268 ἐρήμῳ
3302 3197 3502 3248 ἀπενε-

1921 3300 2212 3370 χθήσονται
2232 3297 2335 3349 ὑπὸ
2355 3295 2620 3364 ἀγγέλων,
2651 3294 2784 3347 ὅπου
2803 3293 2860 3346 ἐν
2891 3293 3031 3364 ἀρχῇ
3054 3287 3122 3362 ῆν
3152 3293 3184 3361 ἠ
3214 3289 3384 3360 σκηνὴ
3407 3287 3502 3342 τοῦ

1925 3389 2226 3462 μαρτυρίου
2249 3406 2263 3419 ⁸
2291 3391 2350 3442 ἐν
2375 3388 2556 3450 αὑτοῖς
2589 3385 2968 3455 γνωσθήσεται
2995 3385 3087 3436 ἐπὶ
3114 3383 3252 3435 τέλει
3277 3380 3501 3454 Κύριος,

1919 3485 2032 3546 τοῖς
2056 3481 2406 3551 διωκομένοις
2433 3479 2538 3532 ὑπὸ
2572 3478 2666 3532 τοῦ
2700 3477 2895 3546 ὄφεως,
2925 3476 3000 3540 ὡς
3039 3476 3098 3540 ἐξ
3129 3475 3300 3546 ἀρχῆς
3320 3470 3433 3545 ἦν.)

1992 3575 2071 3630 ϐ’.
2103 3573 2366 3642 Σοφονίας
2394 3571 2510 3634 υἱὸς
2558 3570 2743 3640 Χουσῆ
2773 3566 2840 3640 ἦν
2883 3568 2944 3630 ἐξ
2986 3566 3157 3637 ἀγροῦ
3191 3562 3502 3635 Σαϐαραθά,

1922 3667 2096 3738 φυλῆς
2151 3664 2409 3738 Συμεών·
2446 3664 2849 3735 προεφήτευσεν
2891 3661 2946 3714 δέ
2987 3661 3115 3729 περὶ
3158 3658 3255 3728 τῆς
3297 3657 3504 3719 πόλεως

1923 3760 2018 3813 καλ⁵
2067 3758 2194 3828 περί
2227 3755 2320 3810 τοῦ
2368 3755 2557 3818 τέλους
2588 3753 2697 3808 τῶν
2743 3753 2914 3807 ἐθνῶν
2960 3753 3056 3807 καὶ
3102 3751 3201 3822 τῆς
3244 3748 3504 3820 αἰσχύνης

1921 3851 2031 3903 τῶν
2061 3849 2294 3902 ἀσεϐῶν.
2327 3848 2437 3901 Kal
2465 3847 2798 3917 τελευτήσας
2827 3845 3001 3914 ἐτάφη
3041 3846 3098 3897 ἐν
3125 3842 3279 3913 ἀγρῷ
3313 3841 3501 3896 αὑτοῦ.

1997 3939 2110 4010 (1Γ’.
2141 3939 2400 4009 Σοφονίας
2428 3934 2495 4009 ἦν
2525 3938 2590 3991 ἐκ
2637 3936 2810 4006 φυλῆς
2847 3933 3071 4005 Συμεὼν
3102 3933 3159 3999 ἐξ
3197 3931 3365 4004 ἀγροῦ
3397 3933 3505 3986 Σα-

1925 4033 2159 4102 ϐαραθά.
2197 4028 2363 4094 Οὗτος
2414 4030 2794 4101 προεφήτευσε
2845 4027 2974 4096 περὶ
3011 4026 3108 4094 τῆς
3152 4024 3358 4087 πόλεως
3409 4024 3505 4077 καὶ

1926 4123 2054 4191 περὶ
2086 4123 2272 4183 τέλους
2302 4118 2469 4172 ἐθνῶν
2504 4121 2598 4171 καὶ
2632 4115 2896 4187 αἰσχύνης
2925 4115 3162 4168 ἀσεϐῶν.
3192 4115 3301 4168 Kal
3331 4112 3506 4167 θανὼν

1926 4213 2096 4282 ἐτάφη
2126 4213 2182 4264 ἐν
2211 4209 2365 4282 ἀγρῷ
2398 4208 2608 4274 αὑτοῦ.)

1996 4307 2052 4359 I'.
2098 4305 2347 4373 Ἀγγαῖος
2387 4303 2503 4366 νέος
2539 4298 2702 4375 ἦλθεν
2732 4303 2795 4354 ἐκ
2822 4299 3138 4361 Βαϐυλῶνος
3187 4300 3266 4360 εἰς
3307 4297 3506 4366 Ἰερου-

1928 4398 2128 4469 σαλὴμ,
2159 4397 2252 4450 καὶ
2288 4395 2534 4465 φανερῶς
2571 4395 2697 4464 περὶ
2737 4397 2836 4465 τῆς
2884 4392 3217 4463 ἐπιστροφῆς
3248 4391 3340 4444 τοῦ
3374 4389 3504 4444 λαοῦ

244 4481 383 4569 σεως
420 4507 777 4576 Ἰερουσαλὴμ
795 4548 810 4572 ,
846 4481 940 4559 καί
976 4481 1294 4577 ἐπένθησεν
1317 4481 1524 4577 σφόδρα
1544 4523 1557 4535 ·
1601 4481 1695 4559 καὶ
1733 4506 1821 4558 ὅτε
1858 4517 1901 4571 ι)
1928 4491 2347 4562 προεφήτευσεντ
2385 4485 2478 4538 καὶ
2507 4486 2610 4538 ἴδεν
2638 4486 2714 4577 ἐκ-
2742 4484 3072 4577 μέρουςῌτὴγ
3100 4482 3384 4577 οἶκοξομῇν
3409 4481 3504 4577 ξτοῦ

241 4593 407 4668 ἦλθεν
449 4595 918 4670 Ναϐουχοδονόσορ
968 4599 1026 4652 ἐν
1065 4599 1442 4672 Ἰερουσαλὴμ,
1495 4599 1697 4669 ἔφυγεν
1743 4603 1824 4664 εἰς

264 4685 638 4762 Ὀστρακίνην,
660 4691 752 4744 καὶ
766 4687 834 4763 ἦν
855 4689 1194 4762 πάροικοςέν
1228 4696 1298 4764 γῇ
1341 4694 1588 4765 Ἰσμαήλ.
1629 4696 1716 4758 Ὧς
1765 4696 1823 4749 δὲ

244 4781 587 4853 ἐπέστρεψαν
607 4781 948 4846 οἰΧαλδαῖοι,
982 4780 1074 4838 καὶ
1100 4786 1148 4838 οἰ
1174 4785 1493 4840 κατάλοιποι
1518 4788 1569 4839 οἰ
1589 4786 1746 4851 ὅντες
1766 4789 1823 4840 ἐν

257 4874 611 4945 ⁹ιερουσαλὴμ
641 4875 948 4944 κατέϐησαν
972 4879 1049 4938 εἰς
1085 4876 1380 4944 Αἴγυπτον,
1405 4872 1472 4947 ῆν
1497 4871 1652 4940 οὗτος
1675 4878 1820 4948 (cod.

245 4965 438 5034 οὕτως)
471 4965 746 5036 παροικῶν
775 4968 873 5037 τήν
897 4968 999 5037 γῆν
1032 4966 1196 5021 αὑτοῦ
1227 4969 1322 5022 καὶ
1361 4967 1694 5039 λειτουργῶν
1737 4967 1825 5020 θε-

249 5059 461 5128 ρισταῖς
513 5056 607 5110 τοῦ
651 5056 780 5110 λαοῦ
836 5059 1022 5112 αὑτοῦ.
1066 5060 1152 5123 Ὠς
1177 5060 1233 5112 δέ
1278 5060 1468 5113 ἐλαϐεν
1516 5061 1577 5113 τὸ
1621 5061 1823 5131 ἔδεσμα

247 5147 546 5218 ἀπενέγκαι
595 5151 705 5212 τοῖς
753 5149 1030 5220 ἐργάταις,
1067 5152 1472 5221 προεφήτευσεν
1513 5155 1624 5215 τοῖς
1675 5151 1826 5216 ἰδίοις

250 5242 449 5297 εἰπών·
482 5243 814 5310 Πορεύομαι
861 5245 948 5306 εἰς
973 5241 1092 5311 γῆν
1139 5245 1412 5311 μακρὰν,
1453 5244 1552 5296 καί
1598 5242 1826 5312 ταχέως

249 5335 573 5403 ἐλεύσομαι
598 5351 611 5362 ·
658 5332 767 5386 ἐὰν
811 5332 879 5386 δὲ
935 5333 1236 5401 βραδύνω,
1285 5337 1650 5404 άπενέγκατε
1701 5335 1827 5399 τοῖς

250 5423 550 5492 θερισταῖς
602 5424 668 5477 τὸ
722 5423 970 5491 ἄριστον
1008 5425 1228 5479 αὐτῶν.
1285 5428 1391 5478 Kal
1429 5427 1720 5496 γενόμενος
1769 5427 1826 5478 ἐν

253 5511 552 5577 Βαϐυλῶνι,
571 5514 666 5566 καὶ
693 5514 815 5578 δοὺς
838 5515 899 5568 τὸ
921 5515 1142 5585 ἄριστον
1155 5515 1232 5585 τῷ
1255 5515 1474 5587 Δανιὴλ,
1500 5517 1703 5586 ἐπέστη
1716 5518 1828 5578 τοῖς

251 5604 527 5676 θερισταῖς
553 5606 920 5668 ἐσθίουσι,καὶ
947 5607 1122 5661 οὐδενὶ
1151 5602 1305 5660 εἶπεν
1329 5607 1391 5659 τὸ
1410 5608 1630 5676 γεγονός
1651 5626 1662 5640 ·
1698 5626 1826 5661 συν-

253 5698 386 5766 ῆκεν
412 5697 467 5749 δέ
516 5698 580 5750 ἐκ
613 5698 824 5764 τούτου,
853 5701 932 5753 ὃτι
960 5699 1175 5770 τάχειον
1201 5699 1516 5769 ἐπιστρέψει
1542 5699 1570 5751 ὀ
1601 5698 1728 5762 λαὸς
1758 5701 1823 5753 ἐκ

257 5788 588 5856 Βαϐυλῶνος.
624 5791 732 5845 Καὶ
757 5791 860 5863 πρὸ
887 5791 978 5846 δύο
1002 5792 1138 5846 ἐτῶν
1166 5791 1267 5864 τῆς
1293 5791 1624 5863 ἐπιστροφῆς
1648 5788 1822 5846 θανὼν

1924 4582 2073 4637 ναοῦ.
2100 4581 2207 4634 Kal
2236 4579 2411 4632 θανὼν
2427 4577 2598 4648 ἐτάφη
2625 4575 2855 4629 ἐνώπιον
2877 4573 2970 4628 τοῦ
2994 4574 3164 4642 τάφου
3188 4572 3292 4627 τῶν
3316 4570 3505 4644 ἱερέων

1925 4673 2172 4739 ἐνδόξως.

1999 4785 2116 4854 (1Δ’.
2145 4786 2398 4854 Ἀγγαῖος
2431 4781 2624 4854 μικρὸς
2648 4776 2812 4852 ἦλθεν
2852 4779 2916 4832 ἐκ
2953 4777 3339 4839 Βαϐυλῶνος...
3367 4792 3503 4846 προ-

1927 4881 2212 4949 εφήτευσε,
2267 4877 2362 4931 καὶ
2397 4873 2536 4930 εἶδεν
2581 4877 2644 4928 ἐκ
2695 4874 2895 4945 μέρους
2941 4871 3038 4943 τὴν
3092 4869 3378 4940 οἰκοδομὴν
3410 4866 3508 4920 τοῦ

1927 4966 2076 5021 ναοῦ.
2109 4967 2217 5019 Kal
2257 4965 2434 5020 θανὼν
2463 4966 2634 5036 ἐτάφη
2676 4966 2904 5035 πλησίον
2941 4962 3035 5016 τοῦ
3073 4963 3246 5031 τάφου
3286 4961 3396 5014 τῶν
3431 4961 3509 5013 les-

1932 5059 2068 5130 ρέων
2111 5059 2333 5124 ἐνδόξως
2358 5077 2370 5089 ·
2396 5055 2464 5130 ῆν
2493 5057 2600 5130 γὰρ
2627 5059 2722 5112 καὶ
2767 5057 2929 5121 αὐτὸς
2954 5059 3018 5110 ἐκ
3044 5056 3232 5126 γένους
3261 5056 3510 5128 ἀρχιερα-

1926 5149 2125 5220 τικοῦ.)

1999 5243 2102 5295 IA'.
2143 5243 2416 5312 Ζαχαρίας
2444 5241 2559 5304 υίὸς
2603 5240 2874 5312 Βαραχίου
2896 5235 3058 5312 ἦλθεν
3080 5238 3188 5292 ἀπὸ
3227 5237 3509 5291 Χαλδαίαν

1929 5337 2008 5398 εἰς
2050 5334 2427 5405 Ἰερουσαλὴμ,
2477 5335 2578 5406 ήδη
2634 5333 3013 5404 προϐεϐηκὼς,
3073 5333 3236 5385 κάκεῖ
3271 5330 3350 5401 τῷ
3395 5331 3509 5398 λαῷ

1929 5427 2098 5481 πολλά
2127 5427 2551 5496 προεφήτευσεν,
2569 5426 2662 5478 καὶ
2675 5424 2873 5496 τέρατα
2890 5423 3088 5477 ἔδωκεν
3113 5425 3191 5485 εἰς
3211 5421 3503 5485 ἀπόδειξιν.

1934 5521 2030 5582 Ὃς
2056 5518 2148 5571 xal
2177 5517 2254 5587 τῷ
2279 5517 2525 5570 Ἰωσεδὲκ
2555 5514 2725 5576 εἶπεν,
2755 5519 2834 5570 ὅτι
2862 5513 3295 5584 Γεννήσειςυὶδν,
3323 5511 3416 5564 καὶ
3445 5511 3502 5562 ἐν

1941 5611 2290 5682 Ἰερουσαλὴμ
2343 5610 2670 5682 ίερατεύσει·
2702 5611 2796 5663 καὶ
2843 5610 2932 5662 τὸν
2965 5606 3230 5676 Σαλαθιήλ
3271 5605 3363 5657 ἐπὶ
3403 5604 3502 5673 υἱῷ

1929 5700 2240 5770 εὐλόγησεν,
2274 5700 2366 5752 καὶ
2411 5700 2472 5751 τὸ
2517 5700 2686 5770 ὄνομα
2731 5696 3036 5769 Ζοροόάὸελ
3079 5694 3377 5764 ἐπέθηκεν·
3411 5693 3507 5747 καὶ

1931 5795 2021 5846 ἐπὶ
2051 5792 2232 5866 Κύρου
2262 5793 2424 5864 τέρας
2462 5791 2659 5845 ἔδωκεν
2693 5792 2769 5852 εἰς
2801 5793 2966 5851 νῖκος,
2995 5787 3236 5860 καὶπερὶ
3262 5786 3362 5858 τῆς
3402 5788 3508 5840 λει-
