4034 6216
411 365 512 422 (τι

1489 352 1697 411 LIBER
1735 339 1824 407 DE
1866 347 2048 406 VITIS
2081 337 2627 412 PROPIIETARUM.

3569 359 3684 416 ιτα

409 482 578 538 τόπου
616 478 727 534 τῶν
767 475 1018 550 πατέρων
1054 472 1244 540 αὐτοῦ,
1283 461 1373 528 διὰ
1411 472 1570 527 τοῦτο
1609 473 1639 526 6
1684 470 1815 535 Θεὸς
1874 482 1997 523 συν·
2027 473 2073 532 Α
2101 470 2377 540 γύπτου...
2421 470 2779 547 ἀποθνήσκει.
2819 468 3013 530 Κεῗται
3042 475 3099 530 δέ
3131 468 3189 531 ἐν
3215 476 3366 550 τόπῳ
3403 475 3496 550 τῆς
3525 480 3682 552 οἰκή-

410 574 690 646 ἐχώρησεν
719 573 800 635 εἰς
823 569 1065 624 δουλείαν
1083 567 1301 622 ἔσεσθαι
1319 566 1381 620 τὸ
1420 567 1641 638 σπέρμα
1670 563 1835 620 αὐτοῦ
1886 559 1999 628 τοῖς

412 665 624 737 ἐχθροῖς
651 662 840 727 αὑτοῦ,
885 660 981 716 καί
1021 663 1272 732 ἄκαρπον
1306 658 1472 713 αὐτὸν
1513 660 1541 712 6
1567 656 1700 720 Θεὸς
1745 653 1999 728 ἐποίησεν

413 757 520 811 ἀπὸ
547 753 648 824 τῆς
684 753 896 827 ἡμέρας
927 749 1188 824 ἐκείνης.)

485 848 582 901 1Δ⁹.
624 843 893 918 Ἱερεμίας
919 841 988 917 ἦν
1030 842 1089 910 ἐξ
1118 839 1381 909 Ἀναθὼθ,
1413 843 1507 896 καί.
1534 842 1591 896 ἐν
1629 835 1872 911 Τάφναις
1898 839 2000 911 τῆς

413 938 692 1008 Αἰγύπτου
728 933 896 1001 λίθοις
941 933 1158 1008 βληθεὶς
1205 936 1311 988 ὑπὸ
1350 930 1444 988 τοῦ
1477 932 1609 987 λαοῦ
1642 927 1994 1001 ἀποθνήσκει.

414 1032 607 1084 Κεῖται
646 1027 702 1083 δὲ
725 1029 952 1099 πλησίον
971 1031 1070 1100 τῆς
1099 1025 1274 1090 οἰκίας
1294 1023 1512 1098 Φαραὼ,
1534 1025 1617 1078 ὅτι
1638 1025 1686 1077 οἱ
1712 1021 1998 1092 Αἰγύπτιοι

413 1123 671 1188 ἐδόξασαν
722 1121 886 1176 αὑτὸν
937 1118 1387 1192 εὐεργετηθέντες
1439 1111 1507 1171 δι”
1553 1111 1754 1172 αὐτοῦ·
1797 1109 1999 1187 ηὔξατο

411 1214 544 1286 γὰρ,
577 1215 670 1269 καί
699 1215 754 1268 αἱ
785 1213 1008 1277 ἀσπίδες
1027 1212 1224 1275 αὐτοὺς
1256 1210 1419 1266 ἕασαν
1451 1211 1543 1264 καί
1571 1201 1680 1264 τῶν
1714 1205 1921 1262 ὑδάτων
1945 1207 1998 1260 οἰ

414 1306 600 1375 θῆρες,
633 1305 725 1368 οὒς
754 1305 1009 1359 καλοῦσιν
1031 1304 1080 1358 οἰ
1124 1303 1410 1372 Αἰγύπτιοι
1443 1301 1713 1374 μενεφὼθ,
1740 1292 1999 1372 ’Έλληνες

412 1397 471 1451 δέ
503 1396 895 1467 κροκοδείλους,
940 1393 988 1449 οἳ
1025 1393 1170 1465 (cod.
1205 1393 1356 1464 οίὼν)
1397 1391 1537 1466 ἦσαν
1589 1387 1788 1457 αὖτοὺς
1832 1391 1996 1445 θανα-

407 1487 660 1551 τοῦντες·
695 1487 788 1540 καὶ
829 1483 1126 1559 εὐξαμένου
1174 1487 1267 1542 τοῦ
1311 1487 1593 1558 προφήτου
1647 1477 1998 1553 ἐκωλύθησαν

409 1579 479 1632 ἐκ
506 1578 604 1648 τῆς
642 1581 746 1651 γῆς
776 1578 989 1651 ἐκείνης
1011 1579 1071 1633 τὸ
1091 1578 1248 1648 γένος
1279 1571 1387 1632 τῶν
1408 1577 1670 1642 ἀσπίδων,
1696 1576 1788 1629 καί
1817 1577 1881 1628 ἐκ
1905 1574 1996 1627 τοῦ

413 1670 660 1741 ποταμοῦ
708 1669 969 1734 ὡσαύτως
1005 1671 1067 1724 τὸ
1093 1670 1305 1743 ένεδρον
1334 1669 1441 1723 τῶν
1474 1667 1700 1740 θηρίων.
1744 1666 1855 1720 Kal
1884 1667 1998 1721 ὅσοι

413 1761 552 1815 εἰσὶν
579 1760 761 1813 πιστοὶ
798 1759 954 1826 Θεοῦ,
986 1761 1092 1824 ἕως
1120 1759 1215 1814 τοῦ
1241 1760 1336 1815 νῦν
1370 1759 1620 1831 εὔχονται
1649 1759 1705 1814 ἐν
1740 1759 1818 1831 τῷ
1849 1760 1999 1830 τόπῳ

411 1853 564 1926 ὅπου,
583 1853 781 1914 κεῖται,
816 1849 910 1906 καί
955 1851 1323 1922 λαμϐάνοντες
1379 1853 1471 1906 τοῦ
1521 1853 1644 1924 χοὸς
1689 1852 1782 1906 τοῦ
1808 1851 1992 1917 τόπου,

412 1933 671 2015 δήγματα
726 1943 971 1997 ἀσπίδων
1020 1942 1432 2015 θεραπεύουσιν,
1465 1944 1560 1996 καί.
1592 1943 1663 1997 τά
1688 1943 1853 2015 θηρία
1907 1943 1995 1996 τοῦ

414 2033 609 2097 ὕδατος
653 2032 1062 2103 φυγαδεύουσιν.
1106 2033 1296 2106 Ἡμεῖς
1346 2034 1402 2087 δέ
1435 2033 1750 2105 ἠκούσαμεν
1794 2035 1858 2086 ἐκ
1889 2032 1997 2086 τῶν

413 2125 626 2179 παίδων
652 2124 957 2194 Ἀντιγόνου
997 2124 1091 2177 καὶ
1135 2121 1473 2198 Πτολεμαίου
1507 2124 1776 2197 γερόντων
1811 2122 1994 2185 τινῶν,

408 2217 496 2270 ὅτι
519 2216 866 2287 Ἀλέξανδρος
883 2218 916 2270 ό
936 2214 1200 2270 Μακεδὼν
1229 2216 1456 2280 ἐπιστάς
1479 2211 1557 2287 τῷ
1577 2215 1732 2286 τάφῳ
1755 2213 1848 2266 τοῦ
1871 2230 2000 2284 προ-

413 2310 609 2380 φήτου,
633 2307 729 2361 καὶ
751 2309 1003 2378 ἐπιγνοὺς
1025 2308 1090 2362 τά
1118 2309 1196 2372 εἰς
1228 2307 1389 2362 αὐτὸν
1419 2309 1710 2379 μυστήρια,
1739 2306 1818 2369 εἰς
1846 2305 1996 2358 Ἀλε-

413 2399 698 2470 ξάνδρειαν
729 2397 1058 2469 μετέστησεν
1082 2395 1248 2452 αὑτοῦ
1274 2395 1343 2450 τά
1369 2396 1617 2466 λείψανα,
1650 2393 1997 2467 περιστείλας

413 2489 554 2543 αὐτὰ
582 2488 836 2555 ἐνδόξως·
868 2488 963 2542 καί
992 2486 1238 2559 ἐκωλύθη
1270 2484 1334 2541 ἐκ
1365 2487 1464 2558 τῆς
1485 2481 1589 2560 γῆς
1610 2485 1678 2539 τὸ
1703 2484 1858 2554 γένος
1890 2485 1997 2538 τῶν

412 2581 678 2646 ἀσπίδων,
709 2581 804 2634 καί
824 2583 888 2634 ἐκ
914 2577 1010 2634 τοῦ
1041 2577 1287 2650 ποταμοῦ
1323 2577 1584 2642 ὡσαύτως
1615 2574 1683 2631 τὰ
1709 2576 1896 2649 θηρία.

484 2667 654 2737 οὗτος
691 2674 720 2726 6
769 2673 1056 2744 προφήτης
1113 2671 1337 2744 σημεῖον
1361 2669 1563 2724 δέδωκε
1606 2668 1718 2733 τοῖς
1758 2668 1998 2738 ἰερεῦσιν

414 2766 711 2836 Αἰγύπτου,
753 2765 836 2818 ὅτι
877 2765 961 2818 δεῖ
1006 2763 1286 2835 σεισθῆναι
1330 2745 1636 2816 τάἐῖδωλα
1685 2760 1865 2815 αὐτῶν
1903 2757 1999 2814 καί

417 2860 716 2930 συμπεπῖν
740 2857 807 2911 τά
843 2856 1197 2927 χειροποίητα
1225 2842 1426 2918 αύτῶν,
1459 2853 1585 2906 ὅταν
1620 2850 1782 2923 ἐπιϐῇ
1813 2852 1870 2906 ἐν
1898 2851 1996 2904 Αἰ-

413 2952 609 3022 γύπτῳ
641 2947 913 3022 ἀερθένος
945 2946 1242 3018 λοχεύουσα
1272 2945 1470 3017 βρέφος
1504 2943 1756 3007 θεοειδές.
1785 2941 1876 2995 Διὸ
1905 2941 1998 2995 καὶ

415 3045 520 3107 ἓως
537 3033 632 3096 νῦν
659 3041 891 3112 τιμῶσιν
918 3040 1184 3111 παρθένον
1202 3037 1394 3108 λοχοῦν
1423 3036 1571 3106 (sic),
1597 3035 1690 3088 καὶ
1718 3034 1915 3106 βρέφος
1941 3036 1998 3087 ὲν

415 3138 592 3209 φάτνῃ
646 3135 888 3197 τιθέντες
936 3129 1354 3204 προσκυνοῦσιν.
1402 3129 1513 3183 Kal
1563 3127 1884 3198 Πτολεμαίῳ
1919 3125 1998 3197 τῷ

417 3219 627 3300 βασιλεῖ
671 3225 1060 3297 πυνθανομένῳ
1100 3222 1196 3294 τήν
1220 3221 1400 3275 αἰτίαν
1439 3221 1642 3289 ἔλεγον,
1678 3221 1760 3273 ὅτι
1789 3219 2001 3289 Πατρο·

415 3319 718 3392 παράδοτΟν
745 3321 879 3390 ἡμῖν
911 3319 1062 3371 ἐστιν
1097 3315 1417 3386 μυστήριον,
1449 3311 1554 3365 ὐπὸ
1597 3310 1744 3364 ὁσίου
1785 3310 2001 3381 προφήά

417 3428 507 3467 του
536 3414 646 3476 τοῖς
679 3409 952 3480 πατράσιν
1170 3392 1497 3477 παραδοθὲν,
1533 3402 1631 3457 καί
1664 3400 2002 3474 ἐκδεχόμεθα

417 3505 480 3559 τὸ
503 3504 676 3575 πέρας
705 3502 800 3557 τοῦ
837 3501 1136 3574 μυστηρίου
1167 3497 1346 3570 ήμῶν.

487 3584 656 3662 Οὗτος
689 3596 747 3650 δὲ
781 3595 888 3667 πρὸ
923 3594 1022 3664 τῆς
1053 3591 1305 3654 ἁλώσεως
1335 3589 1430 3644 τοῦ
1466 3587 1596 3643 ναοῦ
1625 3588 1876 3659 ἥρπασεν
1904 3584 2001 3656 τὴν

418 3675 651 3742 κιϐωτὸν
699 3685 794 3740 τοῦ
844 3685 1008 3756 νόμου
1047 3683 1142 3736 καὶ
1189 3681 1256 3734 τά
1295 3681 1352 3733 ἐν
1399 3680 1560 3751 αὐτῇ,
1600 3679 1697 3732 καὶ
1741 3677 2000 3748 ’ἐποίησεν

418 3777 560 3833 αὐτά
587 3775 960 3847 καταποθῆναι
987 3775 1046 3828 ἐν
1069 3773 1265 3844 πέτρᾳ,
1291 3770 1465 3840 λέγων
1488 3772 1601 3834 τοῖς
1626 3767 1996 3840 παρεστῶσιν

435 3870 798 3941 Ᾱπεδήμησεν
827 3866 1033 3939 Κύριος
1062 3866 1130 3918 ἐκ
1160 3862 1300 3916 Σιὼν
1319 3857 1406 3926 εἰς
1436 3861 1686 3932 οὐρανὸν,
1714 3859 1810 3914 καὶ
1841 3859 2002 3914 πάλιν

420 3961 700 4031 ἐλεύσεται
745 3963 803 4014 ἐν
825 3959 1078 4029 δυνάμει.
1123 3955 1238 4010 Kal
1282 3955 1508 4026 σημεῖον
1555 3951 1684 4024 ὑμῖν
1731 3953 1870 4006 ἔστω
1902 3949 2004 4023 τῆς

423 4051 726 4124 παρουσίας
750 4047 936 4112 αὑτοῦ,
973 4039 1062 4102 ὅτε
1088 4046 1251 4112 ’ξύλον
1291 4045 1469 4099 πάντα
1496 4043 1564 4097 τά
1594 4041 1720 4114 ἔθνη
1753 4055 2004 4116 ’προσκυι

427 4146 678 4214 νήσωσιν.
703 4140 818 4213 Τὴν
861 4139 923 4193 δὲ
954 4138 1186 4193 κιϐωτὸν
1221 4137 1426 4206 ταύτην
1465 4131 1640 4197 οὺδείς
1680 4133 1930 4188 ἐκϐάλλει
1955 4132 2004 4186 εἰ

427 4234 729 4309 μὴἈαρὼν
749 4251 762 4264 ⁶
800 4232 896 4286 καὶ
927 4229 1026 4294 τὰς
1050 4228 1110 4283 ἐν
1135 4224 1272 4300 αὐτῇ
1303 4227 1514 4291 πλάκας
1533 4223 1709 4289 οὒδείς
1734 4223 2007 4280 ἀναπτύστ-

424 4347 508 4384 σει
534 4318 724 4399 ἱερέων
810 4317 1105 4395 προφητῶν
1134 4321 1182 4374 εἰ
1219 4317 1292 4392 μὴ
1321 4313 1525 4388 Μωσῆς
1561 4317 1590 4370 6
1639 4314 1892 4378 ἐκλεκτὸς
1906 4311 2004 4368 τοῦ

421 4421 578 4476 Θεοῦ.
611 4413 724 4474 Kal
779 4412 838 4471 ἐν
981 4410 1276 4469 ἀναστάσει
1325 4406 1604 4482 πρῶτον
1635 4399 1866 4474 κιϐωτὸς
1908 4402 2002 4464 ’τοῦ

2101 578 2240 628 σεως
2283 560 2508 638 Φαραὼ,
2555 562 2636 621 δτι
2689 564 3041 638 Αἰγύπτιοι...
3076 567 3277 641 ηὔξατο
3320 572 3450 642 γὰρ,
3499 571 3594 626 καί
3622 572 3682 627 αἱ

2098 651 2482 729 ὀλοθρεύουσαι
2514 660 2715 724 αὐτοὺς
2735 662 2960 727 ἀσπίδες
2987 662 3277 727 ἀπέθανον,
3309 663 3404 716 καὶ
3428 663 3536 717 τῶν
3565 665 3684 720 66a-

2097 763 2206 801 των
2237 742 2286 802 οἰ
2338 745 2525 821 θῆρες,
2570 743 2664 815 οὓς
2713 752 2934 807 καλοῦσι
2985 754 3085 825 μὲν
3127 753 3415 824 Αἰγύπτιοι
3463 755 3680 825 νεφὼθ,

2101 836 2361 913 Ἕλληνες
2388 841 2445 896 δὲ
2469 837 2861 914 κροκοδείλους.
2895 845 3008 899 Kal
3034 847 3147 899 ὅσοι
3176 846 3284 898 είσί
3315 846 3495 899 πιστοί
3523 846 3681 911 Θεοῦ,

2097 925 2202 998 ἕως
2231 935 2468 1006 σήμερον
2498 935 2746 1007 εὔχονται
2785 935 2842 990 ἐν
2878 935 2957 1007 τῷ
2980 937 3130 1007 τόπῳ
3167 937 3382 1008 ἐκείνῳ,
3413 937 3508 991 καὶ
3539 938 3682 1005 λαμ,⁹

2099 1027 2350 1091 ϐάνοντες
2367 1026 2457 1080 τοῦ
2485 1029 2606 1098 χοὸς
2632 1029 2724 1082 τοῦ
2755 1028 2946 1095 τόπου,
2976 1028 3226 1100 δήγματα
3253 1030 3493 1083 ἀσπίδων
3519 1028 3685 1100 θερα-

2098 1118 2376 1172 πεύουσιν.
2421 1119 2613 1191 Ἡμεῖς
2635 1119 2690 1174 δέ
2718 1119 3036 1191 ἠκούσαμεν
3065 1119 3130 1172 ἐκ
3165 1119 3274 1172 τῶν
3301 1121 3508 1176 παίδων
3533 1123 3682 1176 ’Δντ.

2098 1213 2194 1266 καί
2240 1208 2401 1266 Πτολ.
2443 1213 2650 1285 ἀνδρῶν
2681 1213 3090 1284 γεγηρακότων,
3140 1213 3222 1266 ὅτι
3263 1212 3682 1286 Ἀλέξανδρος...

2097 1303 2166 1357 τὰ
2198 1305 2449 1374 λείψανα,
2480 1305 2726 1377 περιθεὶς
2745 1304 2886 1359 αὐτά
2911 1303 3135 1375 ἐνδόξως
3158 1303 3341 1376 κύκλῳ
3358 1321 3372 1335 ’
3395 1305 3488 1359 καὶ
3513 1306 3686 1371 οῦτως

2099 1394 2578 1467 ἐξωλοθρεύθησαν
2633 1397 2697 1450 ἐκ
2737 1397 2837 1468 τῆς
2876 1395 2980 1467 γῆς
3027 1396 3246 1467 ἐκείνης
3282 1394 3343 1449 τὸ
3374 1397 3530 1465 γένος
3577 1397 3687 1452 τῶν

2099 1487 2362 1552 ἀσπίδων,
2407 1489 2502 1541 καί
2551 1489 2617 1542 ἐκ
2658 1487 2752 1542 τοῦ
2796 1485 3043 1558 ποταμοῦ
3085 1487 3366 1553 ὡσαύτως.
3410 1489 3520 1542 Kal
3566 1489 3689 1542 τότε

2099 1578 2320 1632 ἐνέϐαλε
2336 1579 2462 1643 τοὺς
2480 1581 2631 1650 ὄφεις
2651 1580 2777 1642 τοὺς
2791 1578 3118 1649 λεγομένους
3139 1573 3482 1650 ἀργολαίους,
3499 1580 3528 1632 ὃ
3543 1580 3690 1632 ἐστιν

2099 1668 2454 1740 ὀφιομάχους,
2501 1668 2594 1733 οὓς
2628 1670 2867 1742 ήνεγκαν
2892 1671 2955 1722 ἐκ
2994 1669 3089 1722 τοῦ
3131 1671 3366 1742 ’Λργους
3391 1668 3487 1724 τοῦ
3515 1669 3691 1724 Πελα-

2103 1759 2317 1828 σγικοῦ,
2351 1759 2472 1813 ὅθεν
2501 1760 2595 1813 καὶ
2619 1755 2899 1831 ἀργολαῖοι
2918 1757 3226 1824 καλοῦνται,
3247 1760 3524 1814 τουτέστιν
3552 1761 3691 1834 Ἀρ-

2103 1867 2235 1920 γους
2265 1852 2542 1923 ἀριστεροί
2563 1867 2575 1880 ·
2613 1851 2765 1905 λαιὸν
2791 1849 2898 1922 γάρ
2929 1849 3152 1921 λέγουσι
3181 1851 3291 1904 πᾶν
3317 1849 3616 1916 εὐώνυμον.

2175 1937 2345 2008 Οὗτος
2386 1945 2414 1997 6
2455 1943 2729 2014 Ἱερεμίας
2779 1944 3002 2012 σημεῖον
3051 1940 3250 1995 δέδωκε
3292 1941 3404 2004 τοῖς
3453 1935 3691 2012 ἱερεῦσιν

2107 2033 2407 2104 Αἰγύπτου,
2448 2033 2528 2086 δτι
2581 2033 2658 2086 δεῖ
2708 2029 3088 2102 σεισθῆναιτά
3136 2030 3332 2085 εἴδωλα
3365 2030 3542 2084 αὐτῶν
3595 2030 3692 2085 καί.

2102 2127 2289 2179 πεσεῖν
2308 2124 2396 2178 διὰ
2427 2123 2680 2195 Σωτῆρος
2705 2123 2918 2177 παιδίου
2946 2123 3008 2176 ἐκ
3045 2123 3314 2195 παρθένου
3349 2121 3689 2195 γεννωμένου

2100 2219 2156 2270 ἐν
2196 2217 2392 2288 φάτνῃ,
2422 2215 2516 2269 καὶ
2542 2211 2628 2268 διὰ
2650 2213 2808 2267 τοῦτο
2835 2213 2940 2277 ἐως
2969 2213 3063 2266 νῦν
3088 2212 3397 2267 θεοποιοῦσι
3423 2213 3691 2285 παρθένον

2097 2309 2254 2380 λοχὸν
2274 2308 2423 2380 (sic),
2440 2307 2535 2360 καὶ
2554 2307 2753 2378 βρέφος
2775 2307 2832 2360 ἐν
2853 2306 3030 2378 φάτνῃ
3043 2304 3280 2369 τιθέντες
3305 2305 3691 2377 προσκυνοῦσι.

2099 2403 2208 2456 Kal
2247 2401 2569 2472 Πτολεμαίῳ
2603 2400 2659 2453 δὲ
2693 2398 2772 2470 τῷ
2818 2397 3028 2470 βασιλεῖ
3065 2398 3456 2470 πυνθανομένῳ
3481 2399 3581 2470 τὴν
3605 2400 3693 2453 αἰ-

2095 2494 2219 2548 τίαν
2245 2491 2453 2562 ἔλεγον,
2484 2492 2566 2545 ὅτι
2596 2491 3086 2563 Πατροπαράδοτόν
3114 2489 3230 2544 ἐστι
3277 2488 3338 2544 τὸ
3374 2492 3693 2563 μυστήριον,

2099 2585 2273 2639 ὑπὸ...
2314 2581 2647 2656 παραδοθὲν⁹
2688 2582 2782 2636 καί.
2832 2578 3187 2654 ἐκδεχόμεθα,
3230 2582 3385 2653 φησί,
3419 2573 3485 2634 ’τὸ
3518 2581 3695 2654 πέρας

2097 2674 2191 2729 τοῦ
2220 2674 2520 2746 μυστηρίού
2546 2671 2734 2728 αὑτοῦ.

2169 2762 2336 2831 Οὗτος
2363 2769 2391 2820 6
2439 2765 2725 2838 προφήτης
2759 2761 2867 2835 πρὸ
2905 2763 3070 2836 τῆς...
3104 2756 3485 2832 καταποθῆναι
3532 2758 3591 2814 ἐν
3625 2760 3694 2832 τῇ

2102 2859 2296 2932 πέτρα,
2329 2857 2425 2910 καί
2455 2854 2608 2910 εἶπεν
2639 2853 2751 2920 τοῖς
2795 2855 3161 2928 παρεστῶσινδ
3199 2851 3549 2926 ’Ᾱπεδῆμησε
3575 2847 3696 2906 Κύ-

2101 2969 2216 3025 ριος
2266 2953 2329 3004 ἐκ
2359 2950 2491 3004 Σινᾶ
2535 2951 2615 3014 εἰς
2649 2949 2740 3003 τὸν
2789 2949 3039 3021 οὖρανὸν,
3086 2945 3180 3002 καὶ
3206 2945 3370 3001 πάλιν
3417 2943 3697 2999 ἐλεύσεται

2097 3039 2462 3112 νομοθετῆσαι
2507 3039 2564 3092 ἐν
2607 3036 2739 3092 Σινᾶ
2767 3039 2824 3092 ἐν
2856 3034 3104 3110 δυνάμει.
3139 3036 3249 3091 Kal
3293 3033 3518 3108 σημεῖον
3545 3075 3585 3090 ..
3617 3033 3696 3090 ὅτ’

2025 3149 2070 3218 C
2103 3134 2168 3187 ἂν
2200 3133 2418 3198 ξύλον...
2444 3132 2915 3204 προσκυνήσωσιν.
2944 3127 3108 3184 Εἶπεν
3123 3127 3200 3196 δέ,
3226 3127 3436 3200 ὅτιΤὴν
3465 3126 3698 3182 κιϐωτὸν

2103 3227 2319 3294 ταύτην
2349 3224 2522 3289 οὐδεὶς
2557 3223 2780 3277 ἐκϐαλεῖ
2808 3225 2856 3276 εἰ
2896 3223 2970 3294 μὴ
3002 3222 3214 3295 Ἀαρὼν
3247 3223 3406 3294 μόνος
3432 3223 3460 3274 6
3487 3217 3694 3291 ἱερεὺς,

2102 3311 2197 3365 καί
2241 3311 2407 3373 τὰς...
2445 3311 2742 3378 ἀναπτύξει
2772 3311 2974 3377 οὐκέτι,
3002 3311 3102 3384 οὐχ
3130 3313 3340 3384 ἱερέων,
3372 3311 3434 3364 οὐ
3476 3321 3698 3382 προφη-

2102 3402 2234 3469 τῶν,
2271 3405 2320 3458 εἰ
2367 3403 2441 3478 μὴ
2470 3401 2779 3476 Μωῦσῆς...
2810 3405 3002 3477 πρώτη
3038 3407 3070 3476 ἡ
3121 3398 3354 3468 κιϐωτὸς
3390 3404 3698 3475 ἀναστήσε-

2100 3495 2326 3559 ramea“:
2355 3488 2713 3561 ἐξελεύσεται,
2747 3496 2843 3549 καί
2873 3495 3163 3568 τεθήσεται
3185 3497 3246 3550 ἐν
3277 3490 3390 3569 δρει
3415 3497 3567 3561 Σινά,
3600 3495 3699 3550 καὶ

2099 3587 2307 3653 ’πάντες
2349 3589 2401 3643 οἰ
2433 3589 2577 3657 ἅγιοι
2623 3585 2767 3659 πρὸξ
2804 3588 2969 3642 αὑτὸν
3020 3584 3474 3658 συναχθήσονται,
3514 3581 3696 3656 ἐκδεχ.

2099 3678 2307 3750 Κύριον
2335 3677 2540 3732 καὶτὸν
2565 3677 2758 3750 ἐχθρὸν
2776 3678 3090 3746 φεύγοντες.
3119 3675 3328 3730 ἀνελεῖν
3355 3675 3551 3739 αὐτοὺς
3576 3675 3698 3730 ἐθέο

2103 3771 2285 3826 λοντα.
2325 3770 2414 3824 Ἐν
2440 3770 2497 3824 δέ
2690 3771 2786 3824 καὶ
2803 3769 3028 3839 ἐγένετο
3052 3767 3080 3822 6
3112 3768 3351 3834 τύπος...
3379 3770 3472 3823 καὶ
3496 3766 3694 3842 νεφέλη

2098 3861 2344 3933 ’φωτεινῆ
2370 3862 2712 3918 ἐσκέπασε...
2743 3863 2929 3934 νοήσει
2954 3860 3047 3915 τὸν
3080 3861 3265 3925 τόπον,
3297 3856 3417 3914 οῦδὲ
3452 3855 3700 3930 ἀναγνῶ-

2104 3973 2193 4012 ναι
2239 3952 2373 4011 αὐτὸ
2410 3955 2631 4011 δύναται
2664 3955 2770 4020 ἕως
2799 3953 2902 4025 τῆς
2935 3952 3152 4026 ἡμέρας
3184 3953 3425 4025 ἐκείνης.
3463 3948 3617 4007 Ἔστι
3640 3952 3699 4006 δέ

2106 4041 2141 4119 ἧ
2170 4046 2345 4115 πέτρα
2371 4047 2430 4098 ἐν
2455 4049 2593 4117 τῇ...
2629 4045 2824 4118 ὀρέων,
2853 4044 2988 4099 ὅπου
3020 4041 3228 4098 κεῖνται
3265 4036 3474 4113 Μωσῆς
3501 4059 3560 4096 τε
3601 4041 3699 4097 καὶ

2104 4135 2340 4202 Ἀαρών.
2375 4133 2486 4188 Kal
2511 4138 2576 4190 ’ἐν
2604 4135 2761 4190 νυκτὶ
2785 4135 2863 4200 ὡς
2895 4134 3096 4208 πυρίνη
3131 4133 3330 4204 νεφέλη
3364 4130 3575 4203 γίνεται
3601 4135 3698 4188 ἐπὶ

2101 4226 2197 4280 τὸν
2219 4226 2381 4280 τόπον
2406 4227 2548 4281 κατὰ
2579 4223 2670 4281 τὸν
2690 4227 2860 4282 τύπον
2886 4226 2977 4283 τὸν
2999 4221 3272 4300 ἀρχαῖον.)

2179 4319 2279 4373 IE'.
2317 4313 2580 4396 Ἰεζεκιὴλ
2623 4321 2741 4385 υίὸς
2788 4316 2966 4392 Βουζῆ
3007 4314 3077 4392 ἦν
3118 4315 3176 4373 ἐν
3216 4315 3454 4392 Σαριρά,
3479 4310 3551 4372 ἐκ
3591 4308 3700 4371 τῶν

2102 4410 2300 4484 ἱερέων
2327 4426 2342 4442 ⁸
2373 4397 2819 4477 καίἀποκτείνας
2840 4408 3004 4466 αὐτὸν
3029 4405 3333 4484 ἡγούμενος
3358 4403 3453 4464 τοῦ
3479 4409 3701 4481 Ἰσραὴλ

423 4503 560 4568 Θεοῦ
604 4488 988 4582 ἀναστήσεται,
1021 4505 1117 4561 καί
1155 4498 1503 4572 ἐξελεύσεται
1543 4503 1608 4556 ἐκ
1651 4499 1753 4574 τῆς
1781 4497 2009 4572 πέτρας,
2035 4488 2088 4556 Ὀ
2111 4502 2172 4555 ’ἐν
2298 4497 2369 4572 γῇ
2401 4497 2511 4552 τῶν
2543 4497 2827 4554 Χαλδαίων
2859 4499 2952 4554 ἐπὶ
2999 4497 3098 4572 τῆς
3127 4493 3523 4582 αἰχμαλωσίας,
3545 4490 3703 4564 ἐλεγ-

425 4601 521 4659 καὶ
548 4599 836 4673 τεθήσεται
858 4591 923 4652 ἐν
947 4594 1064 4668 δρει
1101 4593 1254 4658 Σινά,
1287 4593 1383 4646 καίί
1406 4591 1528 4644 τότε
1557 4590 1757 4654 πάντες
1784 4592 1833 4643 οί
1854 4590 2006 4660 ¹ἅγιοι.

427 4694 856 4766 συναχθήσονται
892 4686 1030 4754 ἐκεῖ,
1083 4685 1427 4758 ἐκδεχόμενοι
1472 4682 1566 4736 τὸν
1617 4682 1869 4753 Χριστόν.
1917 4682 2008 4738 Ἐν

425 4787 483 4841 δέ
507 4788 573 4858 τῇ
604 4786 778 4856 πέτρᾳ
806 4779 1140 4854 ἐσφράγισεν
1169 4773 1248 4848 τῷ
1279 4772 1527 4846 δακτύλῳ
1561 4772 1725 4828 αὑτοῦ
1750 4769 1810 4826 τὸ
1835 4768 2009 4844 ὄνομα

433 4877 520 4933 τοῦ
542 4875 699 4943 Θεοῦ,
729 4875 821 4929 καὶ
846 4874 1068 4944 γέγονεν
1093 4872 1122 4924 6
1147 4870 1317 4934 τύπος
1344 4865 1420 4931 ὣς
1445 4861 1626 4937 γλυφὴ
1651 4861 1889 4936 σιδήρου,
1917 4859 2009 4918 καὶ

427 4971 624 5042 νεφέλη
652 4969 952 5024 ἐσκέπασεν
983 4965 1042 5020 τὸ
1079 4965 1276 5034 ’ὅνομα,
1321 4962 1416 5016 καὶ
1445 4955 1621 5025 οῦδείς
1657 4961 1770 5023 νοεῖ
1804 4957 1896 5011 τὸν
1920 4957 2009 5010 τό-

428 5078 531 5118 πον
558 5064 662 5126 ἕως
691 5062 790 5133 τῆς
831 5052 1160 5119 συντελείας,
1205 5053 1321 5109 Kal
1366 5051 1511 5106 ἐστιν
1550 5052 1583 5122 ἡ
1631 5049 1807 5121 πέτρα
1852 5049 1910 5101 ἐν
1940 5050 2006 5118 τῇ

429 5158 622 5231 ἐρήμῳ
641 5156 783 5209 ὅπου
818 5138 1032 5233 πρῶτον
1067 5151 1100 5221 ή
1135 5147 1363 5211 κιοωτδς
1400 5144 1624 5214 γέγονεν
1667 5139 1869 5212 μεταξὺ
1896 5139 2008 5192 τῶν

429 5248 523 5303 δύο
551 5246 720 5318 ὁρέων
752 5245 809 5296 ἐν
842 5232 922 5304 οἷς
974 5241 1150 5294 κεῖται
1179 5237 1391 5308 Μωσῆς
1421 5237 1520 5289 λκαί
1553 5233 1799 5306 ’Ἀαρὼνε
1830 5232 1925 5286 καὶ
1951 5233 2009 5284 ἐν

429 5340 585 5394 νυκτὶ
609 5335 805 5408 νεφέλη
835 5335 909 5397 ὡς
948 5331 1059 5404 πῦρ
1085 5331 1295 5400 γίνεται
1323 5331 1464 5384 κατά
1494 5329 1587 5382 τὸν
1613 5328 1780 5381 τύπον
1795 5326 1885 5380 τὸν
1909 5325 2010 5398 ἀρ-

431 5435 602 5503 χαῖον,
645 5431 726 5484 ὅτι
754 5427 816 5481 ού
867 5419 941 5498 μὴ
971 5423 1245 5494 παύσηται
1287 5424 1320 5493 ἠ
1354 5421 1480 5487 δόξα
1508 5411 1600 5474 τοῦ
1637 5417 1777 5473 ’Θεοῦ
1804 5420 1874 5471 ἐκ
1917 5415 2010 5470 τοῦ

432 5524 595 5595 νόμου
621 5520 806 5576 αὑτοῦ.
843 5519 952 5575 Kal
985 5517 1185 5572 ἔδωκεν
1210 5517 1239 5569 6
1273 5512 1405 5577 Θεὸς
1435 5512 1514 5584 τῷ
1559 5511 1800 5583 Ἱερεμίᾳ
1826 5509 2010 5581 χάριν,

434 5615 522 5670 ἕνα
541 5616 602 5669 τὸ
622 5615 772 5678 τέλος
799 5614 891 5667 τοῦ
922 5609 1225 5684 μυστηρίου
1250 5606 1416 5662 αὑτοῦ
1441 5605 1603 5669 αὐτὸς
1624 5605 1848 5678 ποιήσῃ,
1866 5603 2014 5667 ὅπως

437 5706 664 5778 γένηται.
687 5703 942 5766 κοινωνὸς
971 5699 1275 5762 Μωῦσέως.

507 5798 602 5864 (B’.
648 5798 915 5869 Ἱερεμίας
952 5791 1018 5864 ἦν
1043 5794 1103 5860 ἐξ
1127 5787 1392 5857 Ἀναθὼθ,
1425 5789 1520 5844 καί
1559 5789 1614 5842 ἐν
1643 5787 1886 5858 Τάφναις
1923 5785 2014 5839 Αί-

2107 4593 2342 4663 “χόμενος
2388 4590 2479 4644 ὑπ’
2509 4590 2673 4644 αὑτοῦ
2701 4592 2795 4644 ἐπὶ
2834 4588 3068 4644 εἰδώλων
3095 4587 3458 4662 σεϐάσμασιν,
3486 4581 3703 4658 ’ῐθαψαν

2111 4686 2276 4739 αὐτὸν
2315 4683 2431 4739 ἐκεῖ
2461 4684 2519 4738 ἐν
2567 4681 2721 4756 ἀγρῷ
2757 4675 2980 4752 Μαοὺρ,
3028 4682 3087 4736 ἐν
3130 4680 3208 4755 τῷ
3261 4678 3420 4753 τάφῳ
3447 4673 3570 4752 Σήμ
3605 4679 3703 4733 καὶ

2107 4772 2420 4850 Ἆρφαξάθ,
2451 4769 2621 4829 πολλά
2645 4772 3107 4848 ’προφητεύσαντα
3132 4775 3247 4838 τοῖς
3272 4771 3329 4827 ἐν
3356 4767 3424 4844 τῇ
3448 4765 3700 4842 Ἰουδαίᾳ.

2109 4861 2225 4923 Kal
2280 4860 2488 4922 ἐστινὸ
2527 4867 2699 4937 τάφος
2760 4865 3025 4937 σπήλαιον
3071 4857 3327 4930 διπλοῦν,
3380 4857 3468 4917 δτι
3528 4861 3624 4917 καὶ
3673 4863 3704 4914 6

2109 4951 2369 5031 ι’Ἀϐραὰμ
2425 4955 2505 5023 ε’ἰς
2555 4957 2786 5030 Χεϐρὼν
2843 4955 2980 5028 πρὸς
3040 4952 3140 5028 τὴν
3183 4951 3477 5028 ὁμοιότητα
3538 4948 3702 5010 αὐτοῦ

2113 5051 2373 5124 ἐποίησεν
2407 5047 2497 5106 τόν
2530 5052 2699 5121 τάφον
2723 5047 2973 5123 Σάρρας.
3006 5047 3238 5104 Διπλοῦν
3271 5039 3326 5102 δὲ
3353 5045 3590 5118 λέγεται,
3622 5049 3707 5102 ὅτι

2118 5144 2413 5210 εἰλικιῶδές
2433 5145 2579 5199 ἐστιν
2603 5145 2698 5199 καὶ
2725 5144 3045 5215 ἀπόκρυφον
3068 5136 3134 5209 ἐξ
3151 5134 3415 5197 ’ἐπιπέδου
3434 5141 3703 5214 ὑπερῷον.

2194 5235 2399 5290 Ἔδωκε
2439 5234 2494 5289 δὲ
2522 5235 2687 5308 τέρας
2715 5233 2792 5306 τῷ
2837 5228 2952 5306 λαῷ
2990 5228 3132 5288 ὥστε
3176 5233 3464 5305 προσέχειν
3495 5231 3574 5303 τῷ
3610 5249 3704 5285 πο-

2118 5326 2278 5400 ταμῷ
2309 5324 2514 5400 Χοϐἀρ,
2543 5328 2639 5380 καί
2665 5327 2758 5380 ὅτε
2781 5321 3044 5391 ἐκλείποι,
3079 5324 3320 5390 ἐλπίζειν
3341 5324 3403 5378 τὸ
3434 5324 3707 5394 δρέπανον

2117 5420 2220 5492 τῆς
2246 5418 2577 5491 ἐρημώσεως
2602 5419 2682 5483 εἰς
2706 5418 2879 5490 πέρας
2913 5411 3013 5489 τῆς
3045 5417 3170 5488 γῆς,
3199 5416 3294 5470 καὶ
3325 5416 3413 5469 ὅτε
3439 5415 3700 5484 πλημμυο

2125 5512 2286 5583 ρήσῃ,
2314 5510 2413 5582 τήν
2453 5507 2810 5581 Ἰερουσαλὴμ
2842 5505 3119 5563 ἐπάνοδον.
3145 5508 3256 5560 Kal
3279 5505 3388 5574 γὰρ
3413 5506 3529 5556 ἐκεῖ
3569 5519 3685 5556 κατ-

2120 5601 2255 5673 ῲκει
2301 5603 2330 5656 6
2373 5603 2539 5666 ὅσιος,
2595 5601 2691 5657 καί
2729 5600 2917 5654 πολλοὶ
2954 5598 3095 5670 πρὸς
3145 5595 3306 5649 αὐτὸν
3348 5593 3701 5662 συνήρχοντο,

2120 5693 2262 5748 ὥστε
2291 5691 2574 5764 φοϐεῖσθαι
2594 5694 2725 5757 ’τοὺς
2753 5691 3054 5752 Χαλδαίους
3078 5688 3150 5758 μὴ
3174 5685 3468 5758 ἀντάρωσι.
3495 5688 3586 5739 Διὸ
3606 5684 3704 5740 καὶ

2122 5785 2358 5858 ἐπῆλθον
2390 5785 2571 5849 αὐτοῖς
2611 5786 2690 5849 είς
2745 5779 3051 5852 ἀναίρεσινο
3081 5779 3175 5832 καὶ
3213 5777 3464 5848 ἐποίησεν
3509 5775 3707 5849 στῆναι
