4034 6216
349 302 453 359 13';

1631 282 1843 343 BUBIA
1878 280 2023 339 AUT
2060 278 2343 339 SFURIA.

3498 277 3605 339 ιει

350 423 413 475 :6
436 419 601 489 ῦδωρ,
631 415 716 471 ἵνα
754 413 1064 484 ἐκφύγωσιν
1086 411 1165 475 είς
1197 408 1258 464 :6
1289 407 1494 480 πέραν·
1528 407 1622 461 καὶ
1646 407 1698 461 οἱ
1727 404 1926 489 τολμή-
1955 404 1999 461 Δ
2026 402 2123 457 καὶ
2148 402 2245 474 τὴν
2271 401 2441 473 πύλην
2471 399 2531 453 ἐν
2627 396 2831 472 Κύριος
2862 395 3228 489 είσελεύσεται
3261 395 3351 451 καὶ
3392 395 3611 464 ἐξελεύο

352 488 679 573 σαντεςτῶν
707 506 915 579 ἐχθρῶν
952 502 1231 569 ἐπιδιῶξαι
1270 498 1794 568 κατεποντίσθησαν.
1826 488 1930 550 Οὑ-

351 619 439 665 :o;
474 600 562 657 διὰ
589 597 896 671 προσευχῆς
933 594 1254 665 αὐτομάτως
1290 591 1474 653 αὑτοῖς
1496 588 1694 659 δαψιλῆ
1725 585 1930 660 τροφὴν

357 690 552 761 ἰχθύων
581 687 902 758 παρέσχετο,
935 682 1030 737 καλ⁵
1052 681 1267 746 πολλοῖς
1290 678 1602 734 ἐκλιποῦσιν
1641 677 1789 749 ζωὴν
1812 678 1932 747 ἐχα-

355 784 564 855 ρίσατο.
585 774 751 841 Οὗτος
777 775 1151 846 ἀπολλυμένου
1184 771 1277 826 τοῦ
1303 770 1432 826 λαοῦ
1458 770 1562 825 ὑπὸ
1583 769 1694 823 τῶν
1722 766 1931 840 ἐχθρῶν

355 869 658 944 προσῆλθεν
686 872 796 933 τοῖς
826 868 1175 939 ἡγουμένοις,
1205 864 1300 918 καὶ
1329 862 1418 917 διὰ
1438 859 1739 935 τεραστίων
1766 858 1934 931 φοϐη-

353 962 534 1023 θέντες
564 958 888 1012 ἐπαύσαντο.
921 955 1054 1008 Τότε
1091 954 1274 1022 ἔλεγεν
1294 953 1497 1015 αὑτοῖς,
1521 952 1602 1004 6::
1632 953 1932 1017 Διαπεφω-

310 1092 311 1095 η
350 1051 641 1119 νήκαμεν,
669 1047 937 1102 ἀπώλετο
963 1046 1000 1113 ἡ
1020 1043 1195 1109 ἐλπὶς
1219 1040 1407 1111 ἡμῶν·
1428 1034 1521 1094 καὶ
1542 1042 1600 1093 ἐν
1613 1039 1804 1110 τέρασι
1826 1037 1934 1090 τῶν

351 1142 552 1194 ὀστέων
592 1141 700 1193 τῶν
724 1137 933 1208 νεκρῶν
976 1136 1170 1197 αὐτοὺς
1204 1133 1440 1196 ἔπεισεν,
1479 1133 1561 1185 6::
1598 1130 1749 1183 ἔσται
1783 1128 1937 1191 ἐλπὶς

351 1234 431 1304 τῷ
459 1231 696 1302 Ἰσραὴλ,
730 1230 825 1284 καὶ
853 1226 1089 1281 ἐνταῦθα
1119 1225 1214 1279 καὶ
1246 1225 1338 1277 ἐπὶ
1373 1223 1467 1277 τοῦ
1496 1222 1803 1294 μέλλοντος.
1834 1212 1940 1274 Οὗ-

353 1342 442 1389 τος
466 1322 610 1394 (cod.
641 1320 833 1390 οὕτως)
854 1323 971 1373 ἐκεῖ
988 1318 1061 1373 ῶν
1093 1318 1367 1372 ἐδείκνυεν
1395 1315 1472 1386 τῷ
1496 1314 1609 1385 λαῷ
1642 1313 1857 1386 Ἰσραὴλ
1871 1312 1939 1366 τὰ

355 1415 413 1467 ἐν
455 1413 520 1466 ἰε
524 1429 620 1483 ρου
630 1410 761 1482 σελὴ
770 1429 808 1481 μ
830 1410 923 1463 καὶ
945 1410 1001 1462 ἐν
1018 1408 1091 1480 τῷ
1110 1407 1224 1478 ναῷ
1239 1406 1512 1478 γινόμενα.
1534 1398 1701 1468 Οὗτος
1715 1402 1940 1476 ἡρπάγη

352 1502 568 1556 ἐκεῖθεν
619 1504 698 1566 είς
736 1500 1090 1572 Ἰερουσαλὴμ
1141 1502 1220 1563 είς
1275 1498 1494 1569 ἔλεγχον
1537 1495 1643 1550 τῶν
1673 1495 1937 1550 antea-r2.

359 1590 527 1658 Οὗτος
545 1595 685 1649 κατὰ
711 1593 802 1647 τον
826 1594 1031 1665 Μωσῆν
1059 1592 1133 1646 ἴδε
1164 1590 1252 1645 τὸν
1282 1590 1453 1644 τύπον
1489 1588 1582 1642 τοῦ
1617 1587 1766 1651 ναοῦ,
1802 1582 1860 1643 οὗ
1881 1587 1942 1641 :6

359 1689 537 1757 τεῖχος
560 1688 656 1740 καὶ
691 1687 750 1739 :6
798 1685 1103 1756 περίτειχος
1123 1682 1319 1745 πλατὺ,
1350 1680 1530 1745 καθὼς
1563 1675 1716 1735 εἶπεν
1741 1679 1939 1751 Δανιὴλ

2030 511 2202 556 σεται,
2233 494 2328 547 καὶ
2356 493 2509 545 ἔσται
2531 495 2566 564 ή
2595 491 2738 561 πύλη
2783 487 3170 559 κεκλεισμένη.
3199 488 3242 541 0
3275 505 3368 551 :0;
3394 486 3615 560 ἔκρινεν

2028 586 2087 638 ἐν
2115 582 2391 637 Βαϐυλῶνι
2412 582 2510 653 τὴν
2535 581 2705 653 φυλὴν
2732 580 2839 633 Δάν
2876 578 2970 633 καὶ
2996 576 3090 631 τοῦ
3118 576 3245 641 Γὰδ,
3271 577 3353 630 ὅτι
3378 577 3615 648 ἠσέϐουν

2030 678 2109 740 είς
2134 674 2335 744 Κύριον
2377 671 2732 735 διώκοντες...
2756 669 3012 740 ἐποίησεν
3043 668 3227 730 αὑτοῖς
3252 666 3418 738 τέρας
3445 667 3613 738 μέγα,

2031 769 2112 822 6::
2144 768 2193 821 οί
2225 765 2377 836 ὄφεις
2415 763 2703 836 ἀνήλισκον
2732 760 2801 815 τὰ
2831 760 3005 832 βρέφη
3040 758 3218 813 αὑτῶν
3250 758 3337 813 διὰ
3365 758 3464 829 τὴν
3485 758 3615 811 ἀσέ·

2033 856 2183 911 ϐειαν
2203 855 2402 910 αὑτῶν.
2425 855 2534 909 Kal
2561 853 2912 926 προείρηκεν,
2939 852 3021 906 ὅτι
3048 850 3116 904 δι’
3143 850 3339 914 αὑτοὺς
3374 852 3474 904 οὑκ
3501 852 3616 903 ἐπι-

2037 948 2257 1021 στρέψει
2298 950 2327 1002 6
2359 945 2489 1010 λαὸς
2539 946 2619 1008 είς
2648 946 2748 1016 τήν
2778 943 2882 1014 γῆν
2920 940 3109 1003 αὑτοῦ.
3143 942 3259 995 ἀλλ’
3287 943 3348 995 ἐν
3400 943 3615 1013 Μηδείῃ

2035 1039 2247 1093 ἔσονται
2275 1038 2380 1099 ἐως
2406 1035 2713 1097 συντελείας
2742 1032 2949 1103 πλάνης
2982 1029 3180 1084 αὑτῶν.
3208 1029 3320 1081 Kal
3348 1028 3408 1093 ἐξ
3435 1030 3614 1083 αὐτῶν

2034 1124 2103 1201 ἦν
2135 1131 2162 1182 6
2196 1126 2400 1182 ἀνελὼν
2428 1125 2589 1180 αὑτόν
2608 1143 2623 1157 ·
2674 1124 2955 1178 ἀντέκειτο
2989 1122 3099 1193 γὰρ
3135 1120 3283 1190 αὑτῷ
3311 1119 3492 1182 πάσας
3515 1118 3616 1182 τὰς

2036 1220 2251 1293 ἡμέρας
2274 1220 2372 1291 τῆς
2410 1219 2556 1290 ζωῆς
2581 1217 2790 1288 αὑτοῦ.)

2109 1314 2226 1380 ις’.
2252 1310 2449 1382 Δανιὴλ
2500 1312 2576 1381 (1)
2610 1306 2679 1381 ἦν
2708 1311 2767 1363 ἐν
2796 1308 2944 1381 (cod.
2976 1310 3060 1372 ἐκ)
3103 1311 3351 1380 Βεθόρων
3395 1308 3516 1380 (sic)
3547 1309 3613 1378 τῇ

2041 1402 2290 1474 ἀνωτέρᾳ
2340 1400 2512 1472 φυλῆς
2534 1400 2705 1454 ’ἰούδα
2734 1440 2770 1455 ..
2800 1400 2895 1455 καὶ
2922 1402 3064 1473 ὑπὲρ
3104 1402 3197 1455 τοῦ
3225 1399 3615 1471 Ναϐουχοδονό-

2044 1511 2139 1566 σορ
2168 1493 2335 1546 πολλὰ
2358 1491 2559 1564 ηὑξατο
2586 1509 2795 1562 παρακ.
2824 1492 2947 1546 αὑτ.
2971 1492 3131 1546 Βαλτ.
3160 1492 3254 1545 τοῦ
3281 1491 3399 1545 υίοῦ
3427 1491 3614 1556 αὑτοῦ,

2043 1587 2132 1640 ὅτε
2150 1586 2439 1655 γέγονεν...
2468 1584 2662 1654 κτῆνος
2689 1583 2745 1637 δέ
2765 1584 2846 1637 6::
2871 1581 3166 1652 ὑποζύγιον
3192 1578 3261 1654 ἦν
3286 1581 3380 1636 τοῦ
3421 1581 3617 1652 Βελίαρ

2046 1696 2100 1735 κ.
2133 1680 2227 1733 ὑπ.
2275 1677 2371 1732 καὶ⁵
2398 1678 2475 1740 ὡς
2520 1677 2618 1748 μὲν
2674 1676 2799 1746 βοῦς
2848 1675 3036 1748 ήσθιεν
3091 1677 3350 1749 χόρτον...
3405 1673 3616 1743 φύσεως

359 1778 438 1832 ὅτι
467 1776 838 1849 κτισθήσεται.
871 1771 1039 1839 Οὗτος
1080 1775 1295 1847 ἔκρινεν
1320 1775 1380 1827 ἐν
1408 1771 1684 1826 Βαϐυλῶνι
1709 1771 1809 1841 τὴν
1841 1788 1940 1841 φυ-
1972 1762 2012 1816 Β
2043 1773 2288 1843 τρυφή...
2322 1771 2420 1824 καὶ
2464 1769 2601 1824 νοῶν
2638 1768 2841 1832 εὑθέως
2877 1768 3193 1840 ἐδάκρυσεν,
3240 1768 3333 1821 καὶ
3376 1765 3618 1838 παρεκά-

357 1868 456 1938 λὴν
477 1867 571 1920 τοῦ
608 1866 733 1929 Γὰδ,
768 1866 850 1919 6::
881 1865 1112 1936 ἡσέϐουν
1151 1868 1231 1929 εἰς
1263 1863 1468 1935 Κύριον
1505 1861 1793 1925 διώκοντες
1815 1862 1941 1924 τοὺς

358 1960 448 2013 τὸν
469 1959 631 2028 νόμον
660 1958 1051 2028 φυλάσσοντας,
1080 1957 1174 2010 καὶ
1199 1957 1451 2025 ἐποίησεν
1489 1955 1616 2017 τοὺς
1648 1953 1799 2023 ὄφεις
1849 1952 1941 2006 ἀν-

359 2050 600 2105 αλίσκειν
619 2052 685 2104 τὰ
711 2049 886 2121 βρέφη
911 2050 1005 2104 καὶ
1027 2049 1202 2104 πάντα
1230 2049 1298 2103 τὰ
1327 2050 1498 2119 κτήνη
1517 2047 1717 2112 αὑτῶν,
1744 2046 1939 2114 λέγων,

359 2144 441 2197 6::
467 2143 533 2196 δι’
566 2144 760 2207 αὑτοὺς
792 2145 892 2196 οὑκ
923 2143 1240 2213 ἐπιστρέφει
1266 2144 1297 2196 ὁ
1323 2141 1451 2205 λαὸς
1474 2142 1556 2204 είς
1584 2138 1681 2210 τὴν
1718 2138 1821 2209 γῆν
1845 2139 1942 2191 αὑ-

360 2233 475 2287 τοῦ.
512 2234 602 2301 Ἐξ
625 2226 699 2287 ὧν
727 2235 820 2287 καὶ
845 2232 1104 2304 ἀνῃρέθη.

435 2323 532 2391 (1".
573 2322 835 2392 Ἰεζεκιήλ
865 2325 1013 2375 ἐστιν
1041 2323 1104 2373 ἐκ
1127 2320 1230 2392 γῆς
1258 2319 1486 2391 Σαριρὰ,
1510 2320 1576 2372 ἐκ
1598 2317 1706 2371 τῶν
1730 2316 1936 2388 ἱερέων·

363 2412 453 2463 καὶ
484 2408 751 2462 ἀπέθανεν
774 2410 831 2460 ἐν
862 2412 932 2481 γῇ
968 2409 1249 2463 Χαλδαίων
1282 2409 1377 2462 ἐπὶ
1410 2411 1509 2480 τῆς
1539 2405 1939 2478 αἰχμαλωσίας,

363 2499 535 2552 πολλᾶ
562 2501 948 2571 προφητεύσας
977 2503 1088 2564 τοῖς
1133 2503 1189 2554 ἐν
1223 2503 1287 2573 τῇ
1329 2499 1576 2572 Ἰουδαίᾳ.
1626 2498 1942 2551 ’Δπέκτεινε

362 2593 420 2645 δέ
447 2592 608 2646 αὑτὸν
636 2595 664 2646 ό
698 2594 1000 2663 ἡγούμενος
1049 2592 1144 2645 τοῦ
1189 2589 1321 2648 λαοῦ
1364 2591 1579 2664 Ἰσραὴλ
1626 2593 1762 2655 ἐκεῖ,
1791 2590 1941 2659 ἐλεγ-

364 2685 594 2757 χόμενος
629 2685 722 2737 ὑπ’
754 2683 921 2738 αὑτοῦ
948 2685 1042 2737 ἐπὶ
1069 2683 1303 2737 εἰδώλων
1325 2683 1664 2755 σεϐάσμασι’
1696 2683 1790 2735 καὶ
1817 2680 1944 2735 ἐθα-

364 2777 471 2849 ψαν
509 2776 668 2831 αὑτὸν
706 2778 733 2830 6
764 2776 891 2840 λαὸς
935 2778 992 2829 ἐν
1022 2775 1177 2847 ἀγρῷ
1208 2776 1401 2846 Μαοὺρ
1434 2777 1492 2828 ἐν
1530 2773 1608 2846 τῷ
1634 2775 1791 2846 τάφῳ
1824 2774 1944 2846 Σὴμ

366 2868 459 2923 καὶ
497 2867 770 2941 Ἀρφαξάδ
806 2867 1056 2939 πατέρων
1090 2867 1357 2938 Ἀϐραάμ.
1399 2866 1510 2921 Καὶ
1542 2867 1688 2921 ἐστιν
1715 2869 1743 2920 6
1773 2867 1944 2936 τάφος

369 2959 630 3031 σπήλαιον
658 2957 899 3026 διπλοῦν,
929 2960 1011 3012 6::
1059 2960 1154 3013 καὶ
1196 2957 1447 3031 ’Δϐραὰμ
1468 2959 1526 3012 ἐν
1553 2956 1778 3031 Χεϐρὼν
1809 2957 1943 3030 πρὸς

366 3052 531 3125 τὴν...
572 3051 808 3120 λέγεται,
857 3052 937 3105 ὅτι
991 3050 1201 3104 ἐλικτόν
1243 3051 1360 3106 ἐστι
1404 3054 1497 3105 καὶ
1540 3052 1854 3123 ἀπόκρυφον
1884 3049 1944 3115 ἐξ
1970 3091 2012 3149 C

367 3143 621 3197 ἐπιπέδου
678 3145 735 3198 ἐν
765 3142 997 3214 ὑπερῴῳ
1022 3159 1037 3174 ο
1073 3143 1168 3197 καὶ
1208 3143 1354 3199 ἐστιν
1403 3143 1497 3197 ἐπὶ
1535 3144 1639 3214 γῆς
1677 3145 1735 3196 ἐν
1769 3141 1946 3215 πέτρα

366 3235 733 3305 κρεμάμενον.

349 3328 358 3337 ⁸
438 3318 608 3388 Οὗτος
644 3326 673 3377 6
694 3325 977 3395 προφήτης
1005 3324 1170 3395 τέρας
1193 3324 1358 3378 ἔδωκε
1382 3323 1460 3394 τῷ
1476 3323 1590 3395 λαῷ
1619 3322 1759 3377 ὥστε
1789 3340 1950 3396 προσ-

369 3413 514 3484 ἐχειν
571 3413 650 3485 τῷ
697 3414 932 3486 ποταμῷ
980 3415 1165 3487 Χοϐάρ
1191 3433 1204 3446 ·
1247 3416 1334 3469 ὅτε
1362 3417 1508 3486 (cod.
1546 3416 1650 3487 6::)
1682 3415 1945 3482 ἐκλείπει,

370 3503 616 3557 ἐπελθεῖν
644 3505 705 3558 :6
731 3505 995 3577 δρέπανον
1022 3508 1121 3577 τῆς
1143 3506 1475 3578 ἐρημώσεως
1504 3509 1584 3572 είς
1610 3508 1780 3580 πέρας
1802 3506 1946 3580 (cod.

371 3597 552 3669 τέρας)
586 3596 685 3666 τῆς
724 3597 850 3668 γῆς,
891 3597 987 3651 καὶ
1036 3598 1124 3651 ὅτε
1183 3597 1583 3670 πλημμυρίσει,
1611 3598 1710 3671 τὴν
1742 3601 1820 3664 εἰς
1855 3600 1951 3653 Ἰε-

374 3705 466 3759 ρου
476 3688 653 3760 σαλὴμ
672 3688 948 3743 ἐπάνοδον.
966 3690 1075 3742 Καὶ
1098 3689 1272 3760 γὰρ...
1297 3690 1432 3761 πρὸς
1453 3689 1613 3745 αὑτὸν
1636 3694 1947 3763 συνήγοντο.

372 3779 480 3833 Καί
506 3797 635 3833 ποτε
666 3779 904 3851 πλήθους
934 3780 1180 3843 συνόντος
1196 3781 1362 3852 αὑτῷ,
1391 3782 1597 3838 ἔδεισαν
1624 3785 1673 3837 οἱ
1698 3783 1951 3837 Χαλδαῖοι

373 3873 498 3935 τοὺς
536 3871 821 3944 Ἐϐραίους
856 3871 930 3942 μή
959 3872 1234 3945 ἀντάρωσι
1252 3890 1264 3902 '
1289 3873 1382 3927 καὶ
1402 3873 1656 3946 ἐποίησεν
1681 3876 1710 3929 6
1742 3876 1953 3945 προφή-

374 3978 473 4034 της
503 3961 786 4032 διαστῆναι
820 3962 879 4016 :6
918 3961 1083 4033 ὕδωρ,
1108 3964 1197 4017 ἵνα
1236 3962 1546 4034 ἐκφύγωσιν
1573 3967 1652 4030 είς
1681 3966 1742 4019 τὸ
1778 3965 1951 4038 πέραν

373 4054 685 4127 γενόμενον
718 4056 767 4108 οἱ
805 4055 861 4108 δὲ
903 4055 1273 4127 τολμήσαντες
1296 4057 1401 4110 τῶν
1430 4056 1639 4131 ἐχθρῶν
1666 4058 1832 4126 (corr.
1867 4066 1954 4112 est

372 4144 464 4198 τὸν
494 4144 708 4216 ἐχθρὸν)
742 4145 1069 4211 καταδιῶξαι
1102 4144 1623 4216 κατεποντίσθησαν.
1657 4139 1828 4212 Οὗτος
1865 4147 1954 4203 διὰ

374 4240 685 4310 προσευχῆς
711 4239 1032 4308 αὐτομάτως
1079 4239 1261 4304 αὑτοῖς
1288 4238 1483 4310 δαψιλῆ
1525 4238 1729 4311 τροφὴν
1755 4238 1953 4310 ἰχθύων

375 4329 638 4400 παρέσχε,
701 4331 794 4382 καὶ
842 4328 1051 4383 πολλῶν
1103 4329 1435 4383 ἐκλιπόντων
1482 4328 1626 4401 ζωὴν
1673 4330 1844 4383 ἐλθεῖν
1889 4331 1954 4383 ἐκ

2042 1863 2192 1917 λει...
2210 1863 2269 1915 οἱ
2295 1862 2352 1915 δὲ
2378 1859 2502 1930 όφθ.
2549 1856 2716 1912 αὑτοῦ
2740 1859 3093 1928 γεγόνασιν...
3121 1856 3261 1913 ἐπτά
3285 1858 3480 1930 μῆνας.
3510 1858 3616 1910 Καὶ

2040 1954 2103 2007 :6
2139 1954 2435 2024 μυστήριον
2462 1951 2571 2004 τῶν
2605 1952 2813 2005 ἐπτὰ...
2839 1950 3069 2022 ἀνομίας
3097 1950 3293 2005 αὑτοῦ·
3340 1948 3619 2003 ἀπέδωκεν

2041 2045 2206 2100 πάλιν
2256 2043 2405 2114 αὑτῷ
2436 2045 2465 2097 6
2507 2042 2639 2106 Θεὸς
2671 2043 2770 2114 τήν
2806 2041 3080 2112 βασιλείαν
3122 2041 3308 2096 αὑτοῦ.
3341 2041 3452 2094 Καὶ
3494 2037 3620 2092 οὑτε

2041 2137 2271 2208 ἄρτον...
2308 2132 2696 2199 ἐξιλεώσασθαι
2731 2133 2820 2186 τὸν
2850 2132 3002 2186 Θεόν.
3046 2131 3147 2185 Διά
3183 2130 3341 2184 τοῦτο
3391 2129 3620 2184 ἐκάλεσε

2040 2227 2100 2280 τὸ
2131 2226 2300 2298 ὄνομα
2331 2225 2495 2280 αὑτοῦ
2522 2224 2879 2296 Βαλτάσαρ...
2916 2225 3326 2296 ἀπεριτμήτων.
3368 2224 3478 2279 Καὶ
3506 2224 3620 2286 τοῖς

2044 2318 2337 2390 μετέπειτα
2368 2317 2491 2371 δέ...
2523 2315 2679 2388 μόνος
2718 2315 2881 2379 αὑτὸς
2920 2315 3040 2386 Θεῷ
3079 2314 3539 2390 προσηύχετοητὸ
3561 2314 3619 2368 δὲ

2040 2387 2360 2481 δεύτερον...
2390 2407 2819 2485 καπνισθήσεται
2847 2406 2909 2460 :6
2942 2402 3009 2460 ἐκ
3037 2404 3230 2477 βορρᾶ,
3272 2406 3395 2461 τότε
3426 2387 3615 2476 ἡξει...

2040 2501 2129 2554 ὅτε
2160 2500 2216 2555 δέ
2251 2500 2327 2564 ὡς
2361 2497 2493 2572 πυρὶ
2521 2499 2758 2566 καίεται,
2785 2497 2905 2551 τότε
2938 2497 2999 2550 τὸ
3029 2497 3181 2561 τέλος
3222 2497 3469 2567 πάσης...
3498 2497 3619 2567 ῥεύ-

2044 2612 2208 2650 σωσιν
2248 2593 2482 2648 ὕδατα...
2519 2593 2623 2665 γῆν
2657 2592 2835 2646 αὑτῶν
2858 2608 2873 2623 ⁸
2905 2590 3002 2645 ἐὰν
3027 2591 3084 2645 δέ
3116 2585 3257 2663 αἷμα
3284 2590 3618 2662 ρεύσωσιν...

2040 2693 2109 2762 τῇ
2144 2693 2238 2762 γῇ-

2116 2782 2208 2853 (Δ’.
2241 2780 2454 2853 Δανιήλ.
2503 2772 2672 2844 Οὗτος
2712 2779 2809 2850 μὲν
2850 2774 2917 2851 ἦν
2954 2780 3020 2833 ἐκ
3068 2778 3240 2849 φυλῆς
3297 2776 3467 2831 Ἰούδα
3512 2775 3621 2832 τῶν

2044 2872 2336 2944 ἐξεχόντων
2359 2872 2457 2943 τῆς
2481 2870 2770 2942 βασιλικῆς
2789 2870 3113 2943 ὑπηρεσίας.
3157 2870 3294 2925 Ἀλλ’
3320 2870 3401 2925 ἐτι
3429 2871 3621 2941 νήπιος

2042 2964 2117 3018 ῶν
2149 2962 2289 3034 ⁸ἤχθη
2322 2963 2379 3015 ἐν
2410 2965 2477 3034 τῇ
2500 2960 2843 3033 αἰχμαλωσίᾳ
2863 2959 2972 3015 ἀπὸ
2999 2961 3097 3031 τῆς
3129 2960 3391 3022 Ἰουδαίας
3417 2963 3497 3025 είς
3517 2961 3621 3032 γῆν

2044 3056 2345 3112 Χαλδαίων.
2391 3053 2684 3125 Ἐγεννήθη
2731 3053 2787 3107 δὲ
2838 3055 2898 3107 ἐν
2945 3051 3210 3123 Βεθωρῶν
3249 3055 3315 3124 τῇ
3349 3052 3618 3124 ἀνωτέρᾳ,

2047 3151 2140 3203 καὶ
2192 3144 2260 3221 ἦν
2297 3147 2435 3218 ἀνὴρ
2487 3145 2740 3220 σώφρων,
2776 3145 2919 3199 ὥστε
2968 3144 3267 3215 θαυμάζειν
3317 3145 3443 3210 τοὺς
3492 3146 3622 3199 ’1ου-

2046 3242 2227 3306 δαίους
2261 3240 2617 3303 πιστεύοντας
2660 3240 2741 3303 είς
2773 3238 2935 3293 αὑτὸν
2965 3232 3103 3291 εἶναι
3136 3237 3424 3291 σπάδοντα.
3454 3231 3623 3301 Οὗτος

2048 3330 2222 3387 πολλὰ
2256 3331 2552 3402 ἐπένθησεν
2580 3330 2788 3384 ἐπὶντὺν
2816 3329 2944 3385 λαὸν
2976 3330 3069 3384 καὶ⁸
3105 3329 3204 3401 τὴν
3231 3328 3382 3382 πόλιν
3425 3329 3622 3399 Ἰερου-

2050 3424 2252 3496 σαλήμ,
2283 3425 2379 3479 καὶ
2417 3425 2474 3477 ἐν
2512 3424 2789 3495 νηστείαις
2821 3424 3059 3496 ῆσκησεν
3133 3423 3241 3477 ἀπὸ
3273 3424 3454 3491 πάσης
3480 3421 3623 3493 βρώ-

2050 3532 2189 3580 σεως
2241 3515 2607 3587 ἐπιθυμητῆς,
2662 3514 2953 3589 σπέρματα
3010 3514 3116 3586 γῆς
3161 3513 3382 3569 ἐσθίων’
3432 3514 3526 3567 καὶ
3555 3507 3624 3585 ἦν

2049 3608 2191 3681 ἀνὴρ
2223 3605 2385 3679 ξηρὸς
2421 3607 2520 3678 μὲν
2548 3607 2645 3662 καὶ
2677 3605 2879 3670 σπανὸς
2914 3605 3013 3679 τὴν
3058 3606 3255 3671 είδέαν,
3287 3605 3402 3659 ἀλλ’
3428 3604 3623 3675 ὡραῖος

2050 3702 2109 3754 ἐν
2135 3700 2318 3771 χάριτι
2358 3698 2637 3768 Ὑψίστου.
2682 3691 2850 3761 Οὑτος
2890 3696 3060 3751 πολλὰ
3105 3695 3308 3767 ηὑξατο
3351 3696 3491 3767 ὑπὲρ
3527 3694 3623 3748 τοῦ

2049 3788 2193 3844 Ναϐ.
2242 3787 2753 3863 παρακαλοῦντος...
2789 3788 2878 3840 ὅτε
2924 3786 3140 3856 ἐγένετο
3179 3787 3259 3850 ὡς
3307 3786 3492 3858 θηρίον
3532 3785 3622 3841 καὶ

2052 3879 2316 3950 κτῆνος...
2345 3878 2655 3950 ἐμπρόσθια
2680 3879 2757 3938 ὡς
2788 3877 2928 3948 βοὸς,
2959 3877 3098 3949 ἔχων
3122 3877 3182 3931 τὸ
3215 3879 3398 3947 σχῆμα
3428 3875 3520 3930 καὶ
3541 3891 3621 3929 κει

2052 3970 2246 4042 φαλὴιι,
2277 3969 2374 4023 καὶ
2405 3969 2456 4023 οἱ
2488 3968 2647 4031 πόδες
2685 3969 2781 4022 σὺν
2813 3969 2924 4032 τοῖς
2952 3966 3221 4032 ὀπισθίοις
3248 3967 3481 4030 λέοντος.
3514 3966 3621 4019 Καὶ

2051 4060 2409 4131 ἀπεκαλύφθη
2434 4058 2513 4132 τῷ
2535 4060 2668 4130 ὁσίῳ
2695 4059 2825 4131 περὶ
2846 4057 3012 4113 αὑτοῦ
3033 4059 3095 4113 :6
3122 4060 3414 4130 μυστήριον
3445 4057 3623 4121 τοῦτο,

2051 4158 2134 4211 6::
2165 4153 2361 4225 κτῆνος
2391 4153 2586 4222 γέγονε
2633 4152 2722 4207 διὰ
2753 4151 2851 4223 τὴν
2893 4151 3085 4220 ἄλογον
3114 4148 3278 4205 αὑτοῦ
3319 4151 3624 4220 φιληδονίαν

2054 4245 2151 4299 καὶ
2181 4241 2678 4314 σκληροτραχηλίαν
2699 4256 2712 4270 ’
2743 4241 2837 4293 καὶ
2859 4240 2941 4293 6::
2963 4237 3039 4301 ὡς
3063 4236 3189 4308 βοῦς
3216 4235 3508 4304 ὑποζύγιον
3532 4235 3623 4305 γέ-

2054 4352 2177 4404 γονε
2221 4334 2299 4405 τῷ
2328 4334 2543 4403 Βελίαρ,
2578 4332 2717 4386 λέων
2759 4330 2816 4384 δέ
2840 4332 2928 4385 διὰ
2954 4332 3015 4384 :6
3043 4329 3377 4402 ἁρπακτικὸν
3407 4328 3502 4381 καὶ
3531 4344 3620 4379 τυ.

374 4421 511 4474 Θεοῦ
547 4420 938 4491 παρεκάλεσεν.
971 4415 1140 4482 Οὗτος
1160 4419 1526 4490 ἀπολλυμένου
1555 4420 1647 4474 τοῦ
1679 4419 1809 4475 λαοῦ
1846 4413 1952 4473 ὑπὸ
1982 4430 2026 4485 D
2059 4427 2304 4498 ραννικδν
2333 4426 2426 4480 καὶ
2447 4423 2710 4496 θηριῶδες
2738 4421 2830 4478 τοῦ
2857 4423 3057 4495 τρόπου
3089 4419 3274 4475 αὑτοῦ.
3305 4417 3489 4472 Ταῦτα
3518 4419 3625 4488 γὰρ

374 4510 484 4564 τῶν
514 4509 722 4581 ἐχθρῶν
756 4510 1060 4582 προσῆλθεν
1091 4511 1204 4574 τοῖς
1248 4511 1589 4582 ἡγουμένοις,
1626 4511 1722 4565 καὶ
1750 4514 1951 4582 σημεῖα

378 4601 613 4672 ποιήσας
639 4599 871 4672 ἔθραυσε
897 4602 1023 4665 τοὺς
1048 4600 1356 4673 πολεμίους,
1383 4598 1732 4673 καταπλήξας
1756 4603 1952 4667 αὑτοὺς

377 4692 690 4766 οὐρανόθεν.
713 4692 846 4745 Τότε
864 4691 971 4763 γὰρ
988 4691 1172 4762 ἔλεγεν
1184 4695 1212 4747 6
1231 4693 1470 4765 Ἰσραήλ,
1484 4694 1565 4747 6::
1576 4684 1953 4763 Διαπεφωνή-

379 4799 587 4852 καμεν,
605 4782 924 4837 ἀπόλωλεν
952 4784 989 4851 ἡ
1008 4782 1183 4850 ἐλπὶς
1210 4782 1399 4853 ἡμῶν
1418 4783 1511 4837 καὶ
1544 4784 1602 4838 ἐν
1624 4783 1813 4856 τέρασι
1841 4783 1951 4838 τῶν

377 4870 578 4926 ὀστέων
598 4871 706 4925 τῶν
730 4872 937 4944 νεκρῶν
950 4874 1143 4937 αὑτοὺς
1170 4872 1402 4940 ἔπεισεν,
1427 4874 1507 4928 ὅτι
1528 4873 1674 4928 ἐστιν
1701 4874 1855 4939 ἐλπὶς
1873 4875 1952 4946 τῷ

377 4962 616 5033 Ἰσραὴλ,
647 4963 742 5017 καὶ
774 4955 876 5016 ὧδε
908 4962 1048 5037 [καὶ]
1078 4962 1173 5015 ἐπὶ¹
1192 4963 1286 5017 τοῦ
1316 4963 1621 5033 μέλλοντος.
1647 4960 1813 5028 Οὗτος
1836 4966 1954 5018 ἐκεῖ

378 5055 455 5106 ὢν
483 5055 751 5108 ἐδείκνυεν
783 5053 859 5125 τῷ
900 5055 1015 5126 λαῷ
1041 5055 1261 5128 Ἰσραήλ
1286 5056 1357 5110 τά
1382 5056 1440 5108 ἐν
1472 5056 1826 5128 Ἰερουσαλὴμ
1855 5056 1951 5111 καὶ

378 5146 437 5198 ἐν
457 5144 535 5217 τῷ
564 5144 674 5216 ναῷ
703 5146 990 5216 γενόμενα.
1023 5140 1191 5212 Οὗτος
1225 5148 1447 5219 ἡρπάγη
1477 5148 1684 5201 ἐκεῖθεν
1722 5149 1816 5202 καὶ
1851 5144 1950 5219 ἦλα

378 5237 469 5290 θεν
496 5239 573 5299 εἰς
609 5235 968 5308 Ἰερουσαλὴμ
986 5237 1108 5293 κατ’
1139 5237 1307 5308 αὐτὴν
1334 5237 1432 5309 τὴν
1462 5237 1610 5308 ὥραν
1631 5241 1710 5301 είς
1730 5239 1949 5310 ἔλεγχον

376 5329 484 5382 τῶν
515 5327 877 5381 ἀπειθούντων
901 5327 1039 5398 Scip.
1066 5322 1233 5394 Οὗτος
1266 5331 1403 5383 κατὰ
1451 5330 1540 5384 τὸν
1577 5331 1815 5402 Μωῦσῆν
1844 5327 1950 5384 εἶδε

376 5420 467 5473 τὸν
496 5418 665 5472 τύπον
707 5418 802 5472 τοῦ
832 5418 960 5474 ναοῦ
994 5421 1089 5473 καὶ
1126 5420 1187 5474 :6
1218 5422 1393 5493 τεῖχος
1428 5422 1523 5475 καὶ
1554 5421 1614 5475 :6
1643 5421 1948 5493 περίτειχος

449 5554 525 5618 (1)
559 5553 683 5626 ηαιο
726 5556 977 5614 recensio
1009 5564 1295 5626 tantopere
1326 5559 1588 5613 conveni:
1620 5574 1748 5613 cum
1796 5566 1947 5613 textu

375 5636 443 5699 ρο
468 5638 630 5691 quem
656 5625 910 5699 Pelrayius
936 5625 1256 5699 appepdihis
1273 5629 1405 5699 loco
1424 5637 1557 5682 tom.
1586 5628 1649 5692 ll,
1677 5643 1796 5699 pag.
1817 5630 1944 5699 245,

376 5691 565 5763 (supra
590 5695 696 5749 col.
731 5697 854 5765 405,
884 5691 1126 5767 ηυίδὸϐ)
1159 5713 1225 5755 ex
1257 5697 1575 5769 Augustam)
1612 5691 1800 5755 coUiEc
1827 5691 1944 5754 edi;

2055 4517 2270 4589 ἔχουσιν
2290 4518 2340 4570 οί
2366 4517 2624 4571 δυνάσται
2644 4517 2703 4570 ἐν
2725 4515 2959 4585 νεότητι,
2984 4513 3228 4566 τουτέστι
3252 4511 3312 4564 :6
3333 4511 3624 4582 κτηνῶδες·

2054 4612 2113 4666 ἐν
2138 4610 2350 4682 ὑστέρῳ
2376 4610 2433 4664 δὲ
2467 4608 2628 4681 θῆρες
2648 4608 2911 4678 γίνονται,
2939 4605 3293 4678 ἁρπάζοντες,
3318 4602 3626 4674 ὀλοθρεύον·
3652 4598 3653 4601 “

2053 4716 2163 4763 τες,
2195 4698 2564 4768 ἀναιροῦντες,
2597 4694 3003 4770 τυραννοῦντες,
3038 4693 3380 4757 ἀσεϐοῦντες,
3420 4693 3627 4747 πατάσ-

2055 4806 2267 4854 σοντες*
2315 4789 2412 4853 τὰς
2461 4788 2519 4842 δὲ
2565 4787 2770 4842 τούτων
2805 4785 3038 4858 ἀμοιϐὰς
3088 4783 3239 4855 παρά
3279 4783 3373 4838 τοῦ
3415 4783 3626 4837 δικαίου

2053 4881 2240 4953 κριτοῦ
2260 4879 2395 4933 Θεοῦ
2417 4878 2911 4949 ἀπολαμϐάνοντες.
2945 4877 3127 4946 Ἔγνω
3147 4871 3238 4930 οῦν
3263 4874 3350 4928 διὰ
3373 4874 3467 4927 τοῦ
3492 4875 3627 4927 Θεοῦ

2051 4974 2081 5025 6
2110 4972 2276 5032 60:0;,
2315 4971 2396 5024 6::
2430 4968 2506 5031 ὼς
2550 4968 2675 5038 βοῦς
2705 4967 2858 5040 ἤσθιε
2888 4969 3079 5039 χόρτον
3112 4967 3205 5020 καὶ
3234 4966 3451 5034 ἐγένετο
3479 4964 3628 5034 αὑτῷ

2052 5059 2400 5131 ἀνθρωπίνης
2448 5056 2845 5129 (ἀνανθρωπ.ἳ)
2890 5058 3103 5127 φύσεως
3143 5057 3317 5128 τροφὴ
3344 5057 3372 5108 6
3412 5055 3627 5126 χόρτος.

2051 5150 2150 5205 Διά
2176 5150 2333 5205 τοῦτο
2362 5150 2454 5203 καὶ
2480 5152 2508 5202 6
2536 5148 2676 5203 Ναϐ.
2699 5149 2837 5219 μετά
2862 5150 2960 5220 τήν
2988 5149 3149 5219 πέψιν
3178 5148 3275 5217 τῆς
3309 5146 3539 5220 τροφῆς,
3571 5146 3627 5198 ἐν

2055 5242 2250 5312 καρδίᾳ
2269 5239 2554 5311 ἀνθρώπου
2570 5240 2881 5311 γενόμενος,
2896 5238 3077 5301 ἔκλαιε
3102 5237 3198 5291 καὶ
3220 5236 3371 5308 ἡξίου
3402 5236 3626 5305 Κύριον,

2052 5333 2220 5387 νύκτα
2249 5333 2343 5386 καὶ
2365 5332 2580 5405 ἡμέραν
2613 5331 3113 5403 τεσσαρακοντάκις
3151 5327 3423 5400 δεόμενος.
3460 5328 3548 5391 Ὠς
3569 5324 3626 5377 δέ

2052 5427 2338 5495 ἐπεγένετο
2368 5426 2536 5496 αύτῷ,
2582 5425 2676 5478 καὶ
2708 5422 3017 5488 ἐλάνθανεν,
3045 5423 3127 5476 ὅτι
3156 5422 3376 5490 γέγονεν
3414 5420 3629 5491 ἄνθρω-

2051 5559 2151 5622 dit,
2183 5566 2239 5612 ul
2264 5572 2326 5613 ea
2364 5565 2577 5612 talltum
2609 5571 2673 5611 ex
2700 5556 3037 5610 (Snisliuiano
3081 5554 3268 5609 codice
3313 5553 3623 5610 exscriham

2049 5644 2171 5699 qua:
2202 5630 2270 5681 ab
2303 5628 2394 5682 illo
2418 5628 2693 5682 diﬂ'crunl.
2729 5625 2988 5699 Dnﬂcrum
3025 5633 3206 5680 autem
3242 5626 3500 5696 pleraque
3543 5622 3624 5680 sic

2052 5697 2110 5755 ιιι
2152 5700 2313 5756 editis
2365 5706 2621 5770 pucslarc
2656 5699 2863 5752 clarum
2913 5697 3000 5751 sit.
