4034 6216
377 249 468 308 ti?
1632 233 1838 290 DUBIA
1871 232 2015 290 AUT
2054 229 2328 290 SPURIA.

3520 239 3634 294 498

368 357 451 410 ὅτι
477 351 547 408 τὰ
583 349 719 406 ὀστᾶ
754 348 864 404 τῶν
911 345 1102 420 ἰερέων
1131 344 1276 419 (cod.
1306 341 1466 416 -ρῶν)
1492 342 1586 400 τοῦ
1626 343 1774 399 Βάαλ
1806 342 1950 412 (cod.
1981 346 2026 403 A
2055 345 2481 419 συκοφαντηθείς
2525 345 2631 401 ὐπὺ
2667 347 2776 402 τῶν
2821 347 3086 419 αἱρέσεων
3134 347 3486 420 κατηγορήθη
3535 348 3633 404 ἐπὶ

335 442 501 509 ,,Βάλ)
531 440 865 496 κατακαύσει
897 439 990 493 ἐπὶ
1026 436 1120 491 τοῦ
1168 435 1573 507 θυσιαστηρίου,
1621 434 1750 488 ἔνθα
1789 434 1951 506 Ἱερο·

371 535 517 606 ϐοὰμ
545 533 699 587 ἔθυεν
730 523 809 590 τῷ
834 529 1001 586 Βάαλ.
1041 529 1152 582 Καὶ
1183 526 1618 599 προφητεύοντος
1661 524 1826 580 αὐτοῦ
1862 524 1949 590 ἐξ-

370 627 574 681 έτεινεν
598 628 625 679 6
652 622 902 694 βασιλεὺς
927 621 1025 692 τὴν
1059 622 1219 690 χεῖρα
1249 617 1414 672 αὐτοῦ
1451 618 1733 672 συλλαϐεῖν
1761 617 1946 683 αὐτὸν,

370 719 465 772 καὶ
503 715 772 788 ἐξηράνθη
798 713 830 784 ἡ
867 713 988 784 χεὶρ
1017 710 1109 766 τοῦ
1141 710 1404 781 βασιλέως
1433 711 1765 781 παραυτίκα.

439 810 516 862 6'.
547 808 650 863 Kal.
679 806 826 862 ἄλλοι
875 806 932 858 δὲ
977 803 1256 875 προφῆται
1309 801 1556 870 ἐγένοντο
1589 801 1844 873 κρυπτοὶ,
1871 793 1946 854 ὧν

364 899 434 954 τὰ
465 899 702 968 ὁνὸματα
735 897 1061 968 ἐκφέρονται
1107 899 1164 952 ὲν
1202 897 1320 958 ταῖς
1348 893 1720 962 γενεαλογίαις
1745 893 1945 961 αὐτῶν,

366 994 458 1046 ἐπὶ
507 991 704 1062 βίϐλων
754 990 1036 1059 ὀνομάτων
1082 987 1300 1059 Ἰσραήλ
1323 1004 1335 1016 ·
1369 985 1674 1056 ἐγράφοντο
1703 985 1810 1056 γὰρ
1839 986 1948 1038 πᾶν

364 1084 522 1154 γένος
572 1083 786 1154 Ἰσραὴλ
833 1081 928 1134 καὶ
970 1077 1040 1132 τὰ
1083 1079 1323 1150 ὀνόματα
1369 1078 1479 1131 τῶν
1525 1076 1821 1148 προφητῶν
1852 1075 1949 1128 καὶ

362 1175 526 1228 ὁσίων
556 1172 786 1244 ἀνδρῶν,
817 1172 910 1224 καὶ
935 1174 962 1224 ὁ
987 1171 1213 1232 θάνατος
1236 1167 1415 1222 αὐτῶν
1444 1168 1536 1220 καὶ
1563 1167 1630 1220 τὰ
1664 1165 1950 1237 ἀξιώματα

364 1263 564 1326 αὐτῶν,
598 1263 692 1315 καὶ
717 1260 844 1313 πὸτε
864 1260 1208 1332 ἀπέθνησκον
1227 1274 1241 1290 '
1270 1257 1366 1312 καὶ
1392 1253 1460 1328 ἦν
1487 1258 1568 1319 εἰς
1601 1257 1944 1328 μνημόσυνον

361 1353 471 1407 τῶν
519 1353 709 1424 ἱερέων
755 1353 849 1406 καί
892 1350 1153 1421 βασιλέων
1207 1349 1304 1402 καὶ
1359 1348 1656 1422 προφητῶν
1700 1349 1796 1402 καὶ
1835 1346 1946 1401 τῶν

365 1446 708 1517 μεγιστάνων
736 1445 830 1498 καὶ
855 1443 1019 1497 ὁσίων
1049 1441 1279 1513 ἀνδρῶν.

433 1540 491 1592 I’.
523 1539 704 1608 Σίμων
725 1540 752 1591 6
782 1536 892 1600 υἱὸς
921 1533 1013 1590 τοῦ
1046 1535 1276 1600 Κλωπᾶ,
1299 1535 1328 1587 ὁ
1356 1532 1574 1603 ἀνεψιὸς
1595 1530 1688 1586 τοῦ
1714 1531 1942 1600 Κυρίου,

2055 438 2303 492 Ἀττικοῦ
2334 438 2625 494 ὑπατικοῦ.
2666 440 2777 495 Καὶ
2808 441 2900 494 ἐπὶ
2939 439 3140 504 πολλὰς
3177 440 3393 512 ἡμέρας
3423 441 3625 505 αἰκιζό-

2056 547 2212 600 μενος
2234 530 2634 603 ὲμαρτύρησεν,
2653 531 2730 595 ὡς
2752 532 2962 596 πάντας
2985 531 3404 604 ὑπερθαυμάσαι
3425 533 3522 585 καὶ
3540 532 3632 586 τὸν

2055 623 2334 688 ὑπατικὸν,
2366 624 2483 688 πῶς
2525 629 2604 696 ρκ’
2634 624 2770 677 ἐτῶν
2797 624 3079 694 τυγχάνων
3123 623 3383 694 ὑπέμεινε
3415 623 3514 688 τὰς
3546 625 3630 678 αἰ·

2055 715 2206 779 κίας⁹
2245 716 2340 769 καὶ
2369 717 2653 770 ἐκέλευσεν
2678 715 2841 770 αὑτὸν
2873 715 3274 786 σταυρωθῆναι.

2124 809 2235 862 Καὶ
2261 809 2431 862 ταῦτα
2481 809 2578 879 μὲν
2626 808 2783 879 μέχρι
2813 808 3040 862 τούτων.
3069 806 3380 879 Παρακαλῶ
3421 807 3480 861 δὲ
3505 806 3632 870 eoi);

2052 900 2474 971 ἐντυγχάνοντας
2513 901 2648 971 τῷδε
2687 900 2766 972 τῷ
2793 901 3070 972 πονήματι
3089 900 3258 972 ἧγουν
3276 898 3354 970 τῷ
3374 899 3631 970 ἱστορικῷ

2050 993 2368 1064 διηγήματι,
2397 993 2562 1064 εὐχὰς
2593 995 2726 1064 ἡμῖν
2752 993 3056 1048 ἀντιδοῦναι
3077 993 3170 1047 τοῦ
3197 993 3366 1046 κόπου
3383 1009 3398 1023 ο
3427 993 3632 1063 νομίζω

2053 1081 2162 1152 γὰρ
2190 1082 2251 1134 οὐ
2279 1082 2482 1152 μικρὰν
2509 1083 2795 1152 τυγχάνειν
2811 1083 2910 1153 τὴν
2937 1084 3002 1136 ἐκ
3032 1081 3238 1136 τούτων
3258 1081 3544 1152 ὠφέλειαν,
3568 1081 3633 1136 τὸ

2057 1171 2133 1244 μὴ
2158 1171 2372 1239 ἀγνοεῖν
2406 1170 2507 1241 τὴν
2543 1170 2652 1224 τῶν
2686 1172 2858 1240 ἁγίων
2900 1173 3106 1226 τούτων
3137 1172 3415 1226 πολιτείαν
3451 1189 3511 1225 τε
3535 1173 3633 1226 καὶ

2050 1263 2348 1327 τελείωσιν,
2368 1263 2450 1315 ὃτι
2479 1263 2666 1334 μνήμη
2689 1263 2898 1316 δικαίου
2921 1264 3038 1334 μετ’
3060 1264 3370 1335 ἐγκωμίων,
3389 1265 3484 1318 καὶ
3495 1263 3634 1317 διότι

2052 1355 2086 1423 η
2122 1351 2256 1423 πρὸς
2282 1352 2408 1415 τοὺς
2439 1351 2676 1420 ἀγαθοὺς
2708 1352 2816 1407 τῶν
2845 1351 3150 1423 ὁμοδούλων
3185 1353 3320 1425 τιμὴ
3358 1351 3633 1419 ἀπόδειξιν

2049 1443 2166 1514 ἔχει
2191 1443 2289 1515 τῆς
2329 1443 2466 1513 πρὸς
2492 1442 2584 1496 τὸν
2613 1442 2791 1497 κοινὸν
2817 1443 3083 1515 δεσπότην
3115 1444 3350 1510 εὐνοίας.

364 1707 3601 1767 Μ

1108 1903 1791 2070 SANCTI
1900 1898 2892 2058 EPIPHANII

1587 2197 2357 2330 HOMILUE.

364 2652 517 2710 Beati
572 2650 853 2721 Epiplranii
893 2649 1123 2720 episcopi
1151 2647 1312 2721 Cypri
1355 2664 1410 2702 ιη
1442 2647 1526 2703 die
1558 2647 1692 2714 festo
1725 2643 1946 2699 Palma-

1021 2736 1140 2774 rum
1171 2719 1308 2792 (6-1).

877 2829 1134 2895 Benedic,
1177 2829 1426 2885 Domine.

432 2925 622 2983 Gaude
669 2924 964 2997 plurimum
989 2965 1006 2987 ,
1061 2921 1171 2976 lilia
1203 2921 1357 2987 Sion,
1411 2921 1625 2985 laetare,
1665 2918 1861 2992 gaude,
1892 2926 1948 2974 et

350 3020 598 3084 exsulta,
636 3018 896 3073 universa
945 3015 1039 3072 Dei
1075 3015 1344 3072 Ecclesia.
1382 3014 1523 3071 Ecce
1553 3016 1698 3069 enim
1744 3015 1944 3070 iterum

361 3109 578 3165 accedit
607 3107 674 3162 ad
721 3115 773 3163 te
815 3105 962 3173 Rex;
1009 3120 1138 3161 ecce
1167 3119 1406 3176 sponsus
1454 3111 1584 3160 tuus
1618 3103 1768 3174 pullo
1799 3102 1948 3158 velut

358 3204 566 3260 throno
619 3201 868 3257 insidens
912 3199 1082 3254 venit.
1139 3197 1508 3254 Procedamus
1555 3196 1634 3252 illi
1683 3195 1944 3258 obviam,

361 3295 709 3359 festinemus,
759 3301 818 3346 ut
861 3291 984 3360 ejus
1035 3289 1320 3346 videamus
1342 3289 1617 3361 gloriam;
1659 3287 1946 3359 ingressus

362 3386 510 3440 illius
561 3385 826 3438 honorem
872 3381 1128 3436 alacriter
1179 3395 1649 3452 pmoccupemus.
1701 3377 1942 3452 [lterum

361 3475 566 3529 mundo
593 3473 744 3530 salus
774 3489 788 3524 :
824 3472 1024 3528 iterum
1059 3471 1202 3528 Deus
1247 3472 1321 3526 ad'
1343 3487 1560 3527 crucem
1594 3469 1802 3543 venit.]
1835 3473 1944 3526 Ite--

361 3582 483 3621 rum
529 3581 626 3621 rex
669 3564 826 3633 Sion,
867 3565 1208 3635 exspectatio
1248 3565 1490 3636 gentium
1532 3565 1589 3620 in
1633 3564 1765 3620 Sion
1814 3579 1944 3634 pro-

362 3657 628 3727 greditur,
675 3657 873 3711 iterum
912 3656 1118 3711 mundo
1167 3657 1399 3712 salutem
1448 3657 1698 3728 largitur,
1744 3657 1942 3712 iterum

362 3751 458 3805 lux
489 3749 750 3814 mittitur,
787 3748 988 3804 iterum
1014 3763 1170 3803 error
1214 3748 1526 3819 expellitur,
1558 3750 1758 3805 iterum
1789 3748 1944 3804 ﬂoret

2801 2529 2882 2585 A'.

2054 2643 2167 2700 Τοῦ
2185 2643 2262 2702 ἐν
2277 2643 2471 2717 ἁγίοις
2493 2643 2720 2714 Πατρός
2739 2641 2910 2713 ἡμῶν
2933 2643 3279 2717 Ἑπιφᾳνίου
3296 2643 3634 2705 ἐπισκόπδυ

2505 2713 2749 2786 Κύπρου
2781 2717 2870 2781 εἰς
2897 2713 2970 2768 τὰ
3000 2715 3171 2768 Βατα.

2578 2829 2773 2901 Κύριε,
2818 2829 3014 2900 εύλὸγη
3025 2847 3133 2883 σον.

2116 2921 2290 2995 Χαῖρε
2316 2922 2543 2994 σφόδρα,
2566 2921 2804 2993 θύγατερ
2834 2921 2994 2990 Σιὼν,
3029 2921 3234 2994 τέρπου
3272 2922 3366 2975 καί
3401 2921 3632 2993 άγάλλου

2051 3014 2169 3088 [καὶ
2191 3013 2531 3087 εὐφραίνου],
2573 3015 2724 3068 πᾶσα
2760 3016 2794 3085 ὴ
2852 3014 3148 3084 Ἐκκλησία
3189 3014 3282 3069 τοῦ
3309 3015 3444 3070 Θεοῦ
3471 3032 3486 3044 ·
3523 3017 3634 3070 ἰδοὺ

2045 3107 2156 3180 γὰρ
2188 3105 2350 3162 πάλιν
2382 3107 2412 3159 6
2457 3105 2718 3169 Βασιλεὺς
2757 3106 2892 3178 πρὸς
2919 3107 2978 3161 σὲ
3017 3108 3397 3179 παραγίνεται.
3434 3108 3564 3162 Ἰδοὺ
3600 3106 3632 3161 ὁ

2049 3198 2142 3263 σὸς
2173 3198 2402 3270 νυμφίος
2457 3198 2552 3252 ἐπὶ
2599 3196 2779 3251 πώλου
2812 3197 2909 3270 [ὡς
2957 3199 3050 3252 ἐπὶ
3077 3198 3291 3273 θρόνου]
3327 3200 3636 3272 καθήμενος

2047 3293 2290 3365 ἔρχεται.
2339 3289 2676 3361 Ἐξέλθωμεν
2708 3291 2788 3353 εἰς
2817 3289 3122 3362 ἀπάντησιν
3156 3292 3342 3357 αὐτοῦ,
3381 3293 3636 3346 σπεύσω-

2051 3400 2152 3454 μεν
2185 3381 2390 3436 ἰδέσθαι
2412 3379 2509 3452 τὴν
2530 3377 2686 3444 δόξαν
2718 3379 2908 3446 αὐτοῦ,
2957 3380 3366 3452 προφθάσωμεν
3393 3381 3636 3455 φαιδρῶς

2047 3477 2129 3539 εἰς
2154 3472 2320 3546 τιμὴν
2349 3472 2452 3543 τῆς
2487 3471 2694 3525 εἰσόδου
2728 3472 2914 3527 αὑτοῦ.
2949 3472 3142 3546 [Πάλιν
3171 3472 3249 3544 τῷ
3289 3474 3479 3545 κόσμῳ
3522 3491 3634 3528 σω-

2044 3565 2231 3637 τηρία,
2282 3564 2444 3619 πάλιν
2489 3563 2518 3616 ὁ
2549 3563 2683 3626 Θεὸς
2720 3563 2812 3616 ἐπὶ
2840 3565 3072 3639 σταυρὸν
3107 3563 3377 3637 ἔρχεται]
3411 3564 3577 3617 Πάλιν
3603 3566 3634 3617 6

2049 3654 2305 3727 βασιλεὺς
2325 3653 2487 3720 Σιὼν,
2519 3653 2629 3707 τῶν
2656 3653 2828 3708 ἐθνῶν
2855 3655 2889 3725 η
2923 3654 3218 3726 προσδοκία
3249 3657 3340 3709 ἐπὶ
3367 3655 3466 3727 τὴν
3495 3655 3632 3709 Σιὼν

2047 3749 2288 3821 ἔρχεται,
2325 3748 2488 3803 πάλιν
2513 3746 2590 3818 τῷ
2609 3747 2800 3820 κόσμῳ
2821 3748 3095 3821 σωτηρίαν
3130 3750 3432 3822 χαρίζεται,
3470 3751 3637 3806 πάλιν

367 3843 586 3906 veritas,
633 3843 833 3897 iterum
865 3841 1114 3897 Ecclesia
1147 3841 1300 3896 ducit
1329 3841 1552 3907 choros,
1603 3841 1799 3896 iterum
1839 3840 1943 3912 Sy-

2050 3844 2108 3898 τὸ
2131 3843 2247 3913 φῶς
2304 3843 2610 3913 ἐφίσταται,
2645 3843 2809 3897 πάλιν
2839 3845 2873 3916 ἡ
2913 3845 3089 3917 πλάνη
3127 3846 3423 3912 πέπαυται,
3468 3846 3633 3902 πάλιν

360 3949 572 4006 nagoga
602 3934 879 3998 viduetur,
918 3934 1113 3989 iterum
1151 3933 1430 3989 daemones
1461 3933 1668 4004 pudore
1703 3898 1942 3987 alliciun-

2050 3898 2199 3991 ἀνθεῖ
2286 3898 2532 4008 ἀλήθεια,
2585 3898 2749 3992 πάλιν
2773 3939 2806 4009 ἡ
2854 3898 3148 4009 ςΕκκλησία
3187 3898 3423 4011 χορεύεί,
3471 3898 3633 3994 πάλιν

361 4034 470 4088 tur,
505 4026 703 4082 iterum
740 4025 973 4081 solvitur
1000 4024 1331 4088 maledictio,
1361 4023 1560 4079 iterum
1587 4022 1940 4079 confundun-

2050 4031 2078 4100 η
2126 4029 2425 4100 Συναγωγὴ
2471 4027 2720 4100 χηρεύει,
2748 4028 2913 4084 πάλιν
2967 4029 3312 4100 αἰσχύνονται
3359 4030 3631 4102 δαίμονες,

360 4126 451 4172 tur
477 4115 672 4184 Judaei,
708 4117 908 4172 iterum
947 4117 1118 4171 draco
1162 4116 1485 4181 conteritur,
1526 4117 1721 4171 iterum
1753 4125 1941 4188 gentes

2050 4121 2204 4175 πάλιν
2242 4122 2453 4194 κατάρα
2501 4119 2710 4186 λύεται,
2757 4120 2920 4175 πάλιν
2970 4120 3210 4192 Ἑϐραῖοι
3250 4123 3629 4194 ταράττονται,

352 4209 755 4277 exhilarantur,
815 4210 1014 4265 iterum
1068 4217 1298 4264 ornatur
1349 4208 1504 4264 Sion.
1556 4208 1813 4266 Christus
1884 4209 1939 4264 in

2050 4212 2207 4266 πάλιν
2232 4213 2260 4265 ὁ
2297 4213 2514 4284 δράκων
2554 4211 2919 4284 συντρίϐεται,
2951 4213 3112 4267 πάλιν
3145 4213 3211 4267 τὰ
3245 4213 3372 4285 ἔθνη
3405 4213 3635 4285 εὐφραί-

355 4302 506 4373 pullo
546 4311 805 4372 tanquam
853 4301 908 4354 in
960 4301 1160 4354 throno
1195 4300 1393 4356 sedens
1434 4301 1721 4370 procedit:
1759 4301 1941 4356 exsul~

357 4404 490 4461 tate,
527 4394 653 4450 coeli
683 4411 698 4460 ;
731 4393 967 4463 hymnos
995 4392 1183 4457 dicite,
1216 4392 1424 4461 angeli;
1464 4394 1742 4457 laetemini,
1783 4409 1943 4448 mon-

358 4495 480 4552 tes;
507 4485 744 4548 exsilite,
763 4483 966 4550 colles;
992 4483 1255 4552 plaudite,
1284 4483 1540 4551 ﬂumina;
1563 4487 1656 4556 qui
1686 4485 1943 4541 habitatis

359 4574 516 4638 Sion,
539 4571 724 4628 ducite
749 4571 1001 4635 choreas;
1035 4570 1308 4637 Ecclesiae,
1327 4571 1578 4642 gaudete;
1606 4573 1940 4638 sacerdotes,

353 4666 594 4737 hymnos
615 4663 810 4730 dicite;
831 4663 1128 4734 prophetat,
1156 4664 1446 4734 praevenite
1468 4682 1484 4732 ;
1504 4664 1780 4735 discipuli,
1805 4681 1946 4736 prte-

356 4758 570 4824 dicate;
602 4755 748 4812 exite
775 4755 1234 4827 obviam,p0puli;
1259 4759 1593 4826 concurrite,
1614 4775 1807 4830 senes;
1830 4777 1946 4816 ma-

359 4859 490 4916 tres,
513 4849 743 4905 choreas
767 4848 949 4919 agite;
989 4849 1276 4918 lactentes,
1319 4852 1521 4920 canite;
1547 4853 1795 4923 juvenes,
1829 4856 1944 4911 cla-

358 4948 522 5006 mate;
544 4940 968 5010 congregamini,
1000 4950 1203 5012 gentes.
1235 4940 1424 4999 Omnis
1451 4958 1724 5011 creatura,
1751 4955 1945 5003 natura

356 5031 557 5094 omnis,
574 5031 753 5086 omnis
765 5030 922 5097 ordo,
937 5033 1115 5090 omnis
1129 5033 1374 5103 spiritus,
1389 5036 1567 5092 omnis
1585 5045 1748 5102 terra,
1768 5039 1946 5096 omnis

357 5120 615 5192 dignitas,
648 5120 828 5175 omnis
856 5129 1010 5184 aetas,
1053 5122 1235 5178 omnis
1267 5125 1438 5187 natio,
1481 5139 1643 5181 omne
1683 5141 1942 5197 regnum,

2043 4321 2247 4368 νονται,
2272 4305 2434 4358 πάλιν
2467 4304 2606 4359 Σιὼν
2645 4304 3066 4371 καλλωπίζεται.
3117 4307 3349 4377 Χριστὸς
3388 4308 3482 4360 ἐπὶ
3515 4306 3634 4360 πώ-

2044 4397 2136 4450 λου
2165 4399 2240 4462 ὡς
2268 4400 2361 4452 ἐπὶ
2402 4399 2594 4470 θρόνου
2646 4399 2955 4472 καθήμενος
2996 4399 3215 4471 ἔρχεται
3244 4417 3258 4433 ο
3293 4401 3344 4454 οἱ
3384 4401 3630 4472 οὐρανοὶ,

2046 4490 2364 4558 ἁγάλλεσθε’
2393 4491 2633 4562 ἄγγελοι,
2664 4495 2960 4564 ὑμνήσατε·
2991 4493 3058 4547 τὰ
3091 4494 3212 4567 ὅρη,
3238 4495 3630 4566 εὐφραίνεσθεο

2045 4585 2094 4636 οἰ
2136 4583 2332 4654 βουνοί,
2385 4579 2746 4657 σκιρτῆσατε·
2789 4587 3046 4658 ποταμοὶ,
3084 4589 3424 4660 κροτήσατε·
3475 4589 3522 4640 oi
3572 4590 3633 4642 ὲν

2046 4674 2206 4743 Σιὼν,
2253 4676 2588 4748 χορεύσατε·
2645 4679 2700 4732 αἱ
2743 4679 3090 4749 Ἐκκλησίαι,
3136 4680 3387 4751 χαίρετε·
3442 4682 3631 4750 ἰερεϊς,

2047 4765 2358 4837 ὑμνήσατε·
2386 4767 2686 4838 προφῆται,
2733 4769 3086 4841 προφθάσατε
3109 4785 3123 4800 ο
3163 4769 3422 4840 μαθηταὶ,
3456 4769 3633 4841 κηρύ-

2046 4855 2204 4922 ξατεο
2238 4856 2378 4924 λαοὶ,
2407 4858 2755 4930 ἁπαντήσατε
2783 4877 2796 4889 ο
2828 4859 3150 4932 πρεσϐῦται,
3179 4861 3510 4932 συνδράμετε
3529 4878 3543 4893 ⁸
3574 4863 3632 4916 αἱ

2051 4950 2306 5021 μητέρες,
2325 4950 2642 5021 χορεύσατεο
2664 4955 2712 5006 οἱ
2737 4952 3081 5024 θηλάζοντες,
3101 4954 3270 5026 ᾄσατε
3292 4971 3307 4988 ’
3331 4956 3632 5019 νεανίσκοι,

2049 5039 2310 5111 βοήσατε’
2361 5041 2430 5095 τὰ
2467 5041 2618 5114 ἔθνη,
2661 5045 2983 5118 συνάχθητε.
3027 5047 3184 5100 Πᾶσα
3232 5047 3428 5114 κτίσις,
3483 5049 3633 5100 πᾶσα

2049 5129 2233 5200 φύσις,
2265 5132 2416 5184 πᾶσα
2461 5132 2634 5199 τάξις,
2686 5136 2835 5191 πᾶσα
2893 5137 3052 5208 πνοὴ,
3095 5139 3245 5191 πᾶσα
3276 5139 3310 5208 ἠ
3337 5139 3431 5209 γῆ,
3480 5141 3633 5193 πᾶσα

359 5212 487 5285 [legi
513 5227 698 5283 regum
729 5213 896 5284 regali
936 5214 1085 5268 cultu
1133 5215 1347 5270 obviam
1393 5231 1610 5280 eamus,
1651 5217 1941 5274 Dominum

2050 5221 2191 5289 ἀξία,
2226 5225 2377 5278 πᾶσα
2412 5225 2619 5296 ἡλικία,
2661 5229 2812 5282 πᾶσα
2858 5229 3140 5301 ὲθναρχία,
3180 5232 3329 5284 πᾶσα
3362 5231 3631 5302 βασιλεία,

357 5306 732 5372 dominorum,
803 5307 882 5359 uti
936 5305 1224 5360 Dominum
1276 5323 1376 5377 par
1425 5319 1546 5375 est,
1601 5310 1933 5378 adoremus,

359 5399 470 5454 Deo
493 5399 719 5455 deorum
748 5398 1010 5455 divinitus
1034 5414 1319 5466 canamus,
1344 5415 1549 5472 sponso
1575 5401 1936 5474 incorruptio-

358 5491 464 5558 nis,
495 5491 686 5564 quales
721 5493 967 5548 divinum
1000 5492 1194 5550 decent
1223 5509 1510 5566 sponsum,
1539 5495 1740 5555 choros
1769 5497 1938 5555 duca-

427 5647 542 5716 (lit)
575 5648 875 5721 interprete
905 5651 966 5706 Ι).
1001 5653 1234 5708 (lousan
1267 5651 1485 5708 Poncio.

2046 5315 2340 5386 βασιλικῶς
2387 5317 2464 5390 τῷ
2493 5319 2716 5374 Βασιλεῖ
2759 5319 2871 5376 τῶν
2900 5322 3166 5394 βασιλέων
3206 5320 3631 5393 ἀπαντήσωμεν,

2041 5410 2376 5476 δεσποτικῶς
2403 5411 2484 5484 τῷ
2523 5414 2768 5487 Δεσπὸτῃ
2804 5414 2911 5470 τῶν
2939 5414 3215 5468 δεσποτῶν
3247 5415 3636 5485 προσκυνήσω-

2047 5517 2166 5571 μεν,
2210 5501 2289 5574 τῷ
2339 5502 2459 5574 Θεῷ
2499 5503 2608 5560 τῶν
2649 5503 2786 5560 θεῶν
2843 5504 3038 5570 θεῖκῶς
3071 5503 3498 5577 ἀναμέλψωμεν,
3551 5503 3628 5574 τῷ
