4034 6216
315 320 415 378 451

1613 320 1821 378 DUBl-A
1855 322 1998 378 AliT
2032 322 2302 378 SPURIA.

3469 335 3578 392 632

319 434 609 502 mundum,
654 436 748 494 sed
792 439 967 507 ipsum
1010 442 1211 490 servat.
1243 435 1302 489 In
1343 450 1451 506 qua
1477 434 1729 494 Christus
1768 451 1896 494 vera

2006 440 2202 510 κρῖνον,
2251 437 2389 493 ἀλλά
2444 439 2617 505 σῶζον
2664 441 2757 495 τὸν
2788 441 3013 515 κόσμον.
3057 437 3204 519 Ἐνῇ
3232 446 3489 518 Χριστὸς,
3513 453 3579 504 τὺ

316 527 462 583 viola
495 529 876 598 a‘grotantium
912 527 1132 582 morbos
1167 541 1405 596 sanans;
1448 528 1503 582 in
1528 543 1636 598 qua
1660 538 1715 583 et
1739 529 1898 584 vinea

318 619 438 688 ipse
459 628 565 683 est,
589 619 777 675 dicens
805 637 819 674 :
846 618 958 688 Ego
988 634 1104 670 sum
1131 618 1251 672 vitis
1280 635 1401 672 vera
1424 625 1476 684 1;
1511 619 1563 672 in
1587 635 1695 689 qua
1721 628 1778 673 et
1798 621 1901 674 oli-

316 719 524 773 vetum,
556 709 648 780 qui
681 710 816 764 adeo
851 717 1134 779 sperantes
1174 709 1229 763 in
1273 724 1332 764 se
1373 724 1470 779 per
1497 725 1652 765 suam
1683 711 1901 766 miseri-

317 800 559 856 cordiam
610 807 790 855 servat
839 800 1178 866 incolumes;
1233 800 1286 853 in
1340 816 1448 869 qua
1502 801 1704 856 radicis
1749 800 1902 858 Jesse

317 893 577 962 antiquus
606 899 731 946 aute
760 893 960 946 saecula
988 907 1177 947 ramus
1206 892 1346 946 citra
1382 892 1592 946 cultum
1620 900 1675 947 et
1707 892 1902 950 fossio-

318 998 440 1038 nem
477 982 701 1036 humani
743 983 971 1037 seminis
1013 982 1378 1053 germinavit;
1415 983 1469 1036 in
1500 999 1605 1054 qua
1644 984 1902 1052 perennis

317 1074 476 1140 fons;
513 1073 698 1144 inqua
729 1089 838 1129 non
868 1072 1017 1128 ﬂuvii
1063 1072 1308 1145 Physon,
1353 1073 1568 1136 Gebon,
1620 1076 1821 1146 Tigris,
1850 1084 1906 1131 et

317 1164 624 1234 Euphrates
657 1165 1037 1235 reperiuntur,
1065 1181 1256 1220 verum
1303 1165 1610 1231 Matthaaus,
1631 1166 1860 1222 Marcus
1885 1207 1900 1233 ,

317 1255 496 1311 Lucas
545 1265 600 1312 et
640 1255 910 1321 Joannes,
973 1258 1073 1328 qui.
1127 1255 1332 1313 Christi
1367 1245 1637 1314 Ecclesia:
1677 1259 1905 1330 irrigant

317 1345 587 1400 hortum:
628 1344 720 1400 ubi
776 1344 1032 1416 frequens
1087 1345 1250 1400 hodie
1296 1361 1362 1401 ex
1416 1348 1566 1401 omni
1614 1347 1905 1417 juventute

319 1451 646 1502 concursus,
678 1445 937 1507 tanquam
968 1438 1109 1492 oliva
1141 1437 1394 1508 fecunda,
1435 1440 1606 1494 olivas
1636 1447 1902 1507 tenentes,

321 1528 537 1583 Christo
602 1529 941 1585 misericordi
991 1544 1056 1584 ac
1106 1528 1417 1586 miseratori
1485 1531 1859 1601 supplicamus
1888 1572 1902 1596 ,

320 1621 548 1690 plantati
594 1619 649 1674 in
699 1620 865 1676 domo
918 1621 1153 1685 Dominl,
1215 1623 1272 1677 in
1323 1623 1477 1679 atriis
1520 1624 1694 1694 ipsius
1736 1639 1905 1680 verno

319 1721 564 1782 tempore
590 1712 1018 1780 etilorescentes,
1051 1715 1249 1771 festum
1276 1716 1530 1772 ducimus
1556 1717 1723 1783 diem,
1752 1717 1902 1788 lega-

321 1804 424 1857 lem
458 1802 693 1858 hiemem
735 1805 1026 1860 abeuntcm
1059 1813 1372 1862 cernentes.

391 1894 613 1952 Festum
647 1912 766 1966 age,
808 1896 1011 1954 Christi
1049 1897 1312 1964 Ecclesia,
1340 1913 1449 1954 non
1484 1899 1537 1954 in
1569 1899 1759 1970 ﬁgura,
1789 1916 1901 1955 non

311 1987 468 2056 juxta
522 1990 770 2058 corporis
825 2005 1047 2045 sensum
1117 1993 1348 2046 choreas
1395 1991 1604 2046 ducens
1653 2011 1667 2047 :
1712 2007 1900 2047 verum

316 2079 514 2149 spiritu
537 2089 592 2135 et
619 2089 801 2136 mente
831 2081 1001 2138 festos
1027 2082 1242 2138 celebra
1280 2083 1423 2148 dies,
1454 2083 1724 2138 idolorum
1755 2083 1905 2152 aspi-

318 2172 469 2227 ciens
502 2171 872 2236 eversionem,
897 2173 1256 2229 ecclesiarum
1282 2189 1412 2230 vero
1446 2175 1776 2230 erectionem
1803 2174 1904 2228 ha-

316 2261 473 2316 bens.
511 2260 681 2315 Sacra
727 2262 874 2317 cnim
924 2273 975 2316 et
1013 2279 1210 2333 magna
1243 2278 1380 2318 voce
1428 2263 1524 2317 tibi
1577 2279 1699 2316 cum
1735 2262 1906 2318 Paulo

318 2353 516 2418 edico:
557 2352 743 2407 Vetera
807 2355 1174 2419 transierunt,
1213 2370 1328 2408 ecce
1373 2355 1518 2422 facta
1560 2364 1678 2407 sunt
1729 2357 1907 2408 omnia

319 2461 453 2498 nova
477 2448 497 2477 ²
527 2463 539 2498 :
569 2445 677 2498 imo
723 2462 851 2499 vero
889 2455 941 2499 et
979 2447 1339 2500 admirabilia.
1385 2445 1641 2511 Proinde,
1682 2447 1908 2512 gaudete

320 2538 378 2590 in
419 2536 672 2601 Domino,
704 2537 909 2592 Christi
964 2553 1114 2608 grex,
1159 2539 1422 2610 gaudete;
1471 2538 1665 2608 gaude,
1705 2525 1907 2595 Christi

319 2629 597 2693 Ecclesia,
655 2629 834 2684 laetare
881 2641 935 2686 et
987 2632 1219 2693 exsulta,
1258 2631 1364 2686 ﬁlia
1421 2633 1530 2685 Dei.
1591 2631 1706 2686 Tua
1761 2633 1909 2687 enim

321 2722 503 2776 omnis
535 2722 728 2789 gloria,
757 2729 1014 2791 tanquam
1039 2721 1160 2776 ﬁliae
1181 2723 1324 2793 regis
1354 2721 1581 2787 Christi,
1610 2724 1759 2778 intus
1795 2739 1910 2792 per-

323 2811 450 2866 inde
480 2826 544 2866 ac
577 2811 742 2875 foris;
790 2827 911 2881 qua:
941 2826 1049 2865 non
1074 2811 1187 2880 jam
1219 2810 1456 2880 amplius
1509 2809 1691 2870 vidua,
1721 2824 1908 2863 verum

323 2906 416 2961 Dei
445 2919 647 2976 sponsa
712 2903 1048 2962 efﬁorescis:
1079 2919 1190 2958 non
1225 2904 1460 2974 amplius
1497 2919 1524 2956 ο
1551 2902 1792 2958 sinistris
1816 2900 1910 2956 Dei

319 3005 542 3070 propter
607 2997 877 3052 idolorum
929 2997 1180 3059 cultum,
1230 2997 1324 3052 sed
1367 3011 1398 3050 a
1462 2996 1671 3051 dextris
1721 3005 1909 3049 astans

320 3087 713 3162 splendideque
741 3094 956 3150 ornata,
986 3094 1210 3156 propter
1233 3084 1327 3140 Dei
1352 3085 1719 3155 cognitionem
1749 3103 1760 3138 :
1787 3099 1909 3154 quze

318 3194 428 3234 non
473 3194 534 3235 es
580 3179 816 3248 amplius
857 3178 1042 3234 servili
1084 3177 1350 3248 sanguine
1397 3176 1762 3238 fermentata,
1813 3175 1908 3232 sed

319 3267 507 3324 divino
536 3269 794 3338 insignita
815 3288 827 3323 :
845 3285 966 3338 qua:
991 3282 1096 3322 non
1122 3268 1358 3338 amplius
1382 3263 1626 3331 Obelem,
1660 3266 1757 3322 sed
1780 3265 1910 3319 Em-

321 3360 627 3415 manuelem
655 3360 828 3426 colis;
872 3375 978 3413 non
1011 3359 1123 3428 jam
1181 3358 1474 3422 Troadem,
1511 3373 1702 3413 verum
1735 3355 1912 3412 Triui-

323 3461 488 3506 tatem
523 3452 844 3514 veneraris;
877 3467 998 3521 quae
1034 3467 1141 3504 non
1177 3449 1460 3504 Platonem
1506 3450 1763 3518 amplius,
1810 3451 1908 3504 sed

322 3544 491 3598 Deum
530 3550 780 3596 nostrum
832 3544 1262 3612 omnipotentem
1292 3542 1500 3596 honore
1531 3543 1910 3613 prosequeris;

325 3651 436 3690 non
468 3634 583 3704 jam
625 3633 915 3687 Herculem
953 3633 1221 3686 malorqu
1251 3632 1623 3702 depulsorcm,
1654 3634 1749 3689 sed
1784 3647 1912 3688 con-

323 3725 617 3778 solatorem
667 3722 929 3792 Spiritum
981 3737 1045 3777 ac
1086 3737 1270 3776 rerum
1342 3724 1586 3776 omnium
1626 3723 1902 3793 opiﬁcem.

323 3818 441 3872 Non
473 3819 621 3872 coles
653 3815 890 3886 amplius
925 3815 1279 3871 Aristotelem
1315 3815 1588 3869 subtiliter
1636 3814 1916 3885 disputanc

326 3919 458 3970 tem,
502 3906 596 3962 sed
625 3906 817 3971 Demu,
865 3906 956 3976 qui
999 3905 1054 3959 in
1087 3904 1221 3960 ﬁnes
1254 3904 1581 3960 s:eculorum
1613 3911 1664 3958 te
1705 3903 1912 3958 salvam

323 4017 444 4056 esse
472 4000 661 4054 voluit;
705 3997 916 4054 Cecidit
948 3996 1254 4062 Saturnus,
1306 3996 1435 4066 quia
1481 3994 1802 4048 incarnatus
1829 4001 1913 4049 est

323 4092 466 4148 Deus
509 4089 796 4146 Verbum:
826 4104 934 4143 non
983 4097 1166 4142 tamen
1200 4102 1265 4142 ex
1310 4085 1412 4140 viri
1460 4084 1763 4150 consortio,
1815 4081 1911 4138 sed

322 4185 562 4239 humano
597 4181 758 4239 simul
784 4189 838 4237 et
857 4181 1045 4236 divino
1068 4178 1228 4233 modo
1256 4193 1320 4233 ex
1353 4176 1522 4230 Maria
1551 4176 1908 4246 conspicuus.

319 4275 512 4333 Videte
541 4276 646 4332 diei
679 4277 948 4348 gratiam;
997 4272 1176 4327 videte
1221 4270 1343 4326 festi
1382 4269 1489 4324 diei
1537 4269 1907 4339 splendorem.

322 4365 711 4434 Quamobrem,
763 4361 939 4432 gaude
971 4375 1035 4413 ac
1076 4361 1277 4420 lauare,
1318 4357 1425 4411 ﬁlia
1461 4357 1615 4420 Sion,
1663 4356 1837 4426 gaude
1857 4365 1912 4411 et

321 4460 554 4520 exsulta,
599 4455 855 4509 universa
907 4451 1150 4506 Ecclesia
1213 4448 1306 4504 Dei
1350 4463 1364 4501 :
1403 4448 1534 4503 Leva
1582 4450 1637 4502 in
1683 4449 1910 4502 circuitu

323 4550 502 4604 oculos
544 4556 696 4610 tuos,
740 4552 789 4598 et
821 4543 933 4597 vide
964 4541 984 4572 ³
1021 4530 1382 4612 congregatos
1426 4540 1589 4595 modo
1625 4548 1768 4605 tuos,
1817 4543 1911 4611 qui

324 4637 598 4710 quondam
627 4634 871 4705 gentium
901 4632 996 4686 ﬁlii
1023 4631 1257 4702 dispersi
1280 4638 1460 4686 erant.
1493 4628 1630 4685 Vide
1653 4629 1774 4686 festi
1801 4631 1909 4687 diei

325 4728 715 4794 celebritatem,
753 4725 876 4780 vide
917 4723 1101 4796 populi
1143 4731 1504 4786 concentum,
1536 4722 1658 4778 vide
1691 4738 1908 4778 omnem

323 4821 563 4889 linguam
608 4817 666 4872 in
713 4829 879 4870 unam
929 4812 1254 4870 sententiam
1303 4810 1606 4878 cedentem,
1665 4811 1791 4867 vide
1841 4827 1905 4869 os

323 4926 487 4969 omne
517 4919 780 4982 tanquam
825 4922 995 4964 unum
1029 4921 1116 4970 os,
1153 4905 1276 4961 vide
1302 4912 1492 4979 gentes
1523 4905 1677 4976 prius
1709 4903 1903 4963 eﬁeras

403 5066 600 5123 ‘Joan.
641 5083 729 5133 xv,
769 5066 815 5121 ι.
916 5067 936 5096 ¹
963 5065 1003 5120 ll
1035 5065 1162 5121 Cor.
1193 5080 1248 5128 v,
1281 5064 1365 5119 l7.
1448 5065 1468 5097 ³
1497 5067 1602 5121 isa.
1638 5080 1727 5132 ιιι,
1758 5066 1810 5121 4.

323 5235 434 5287 vim
465 5227 684 5296 assequi
713 5239 822 5296 non
856 5225 1032 5296 possit
1075 5222 1268 5296 Latina
1314 5224 1523 5296 versio._
1546 5223 1690 5296 Sunt
1715 5223 1902 5296 itaque

329 5304 402 5360 ibi
425 5299 485 5355 τὸ
514 5293 720 5372 κρίνον,
743 5293 947 5372 filiuni;
967 5294 1033 5372 το
1047 5294 1122 5366 μὴ
1143 5295 1326 5372 κρῖνον
1345 5332 1360 5358 ,
1378 5309 1482 5372 non
1498 5293 1747 5372 judicans
1764 5309 1782 5357 ;
1801 5293 1900 5372 ἴον,

324 5375 464 5432 viola
487 5381 541 5427 et
555 5362 856 5428 'reuenum;
883 5362 1412 5429 ἐλαιών,ὀίίυείιιηι;
1439 5362 1624 5426 ἐλεῶν,
1647 5365 1737 5426 qui
1760 5365 1908 5416 mise-

327 5456 492 5503 retur.
545 5441 698 5496 Licet
727 5444 908 5491 autcm
949 5433 1345 5506 paronomasia;
1392 5449 1524 5506 usus
1566 5433 1907 5506 frequentior

325 5502 398 5573 Sit
433 5517 489 5570 in
521 5507 862 5583 argumentis
890 5502 1210 5583 et'levibus,
1247 5502 1619 5583 e_t__brevi.bus_,.
1639 5502 1823 5583 qualia
1851 5502 1908 5557 in

323 5573 828 5659 epigrammatibus,
846 5577 1068 5659 satyris,
1083 5573 1390 5659 comoediis,
1407 5573 1653 5659 epistolis
1664 5581 1912 5659 tractant

327 5643 447 5721 tur:
490 5662 674 5708 tamen
719 5643 1110 5707 encomiastica
1147 5645 1353 5721 (qualis
1395 5651 1480 5696 est
1518 5643 1632 5697 haec
1663 5643 1908 5721 homi_|ia)

328 5711 439 5784 non
467 5723 692 5781 omnino
720 5723 842 5779 illas
879 5711 1165 5792 respuunt;
1186 5711 1264 5769 ἰιι
1295 5713 1692 5785 Chrysostomo
1715 5721 1770 5767 et
1799 5711 1907 5767 Na-

2002 529 2079 582 ῐον
2094 528 2154 582 τὸ
2180 529 2350 593 ὅντως
2381 528 2610 602 ίώμενον
2637 533 2706 587 τὰ
2729 532 2876 607 πάθη
2900 534 3008 589 τῶν
3032 529 3361 592 νοσούντων
3387 541 3446 594 ἐν
3549 547 3581 598 ό
3667 566 3689 573 ο

1999 616 2280 688 άμπελὼν,
2312 620 2341 671 6
2382 619 2554 690 λέγων
2580 638 2594 652 ⁸
2641 621 2789 693 Ἐγώ
2834 627 2953 694 ειμι
3002 627 3042 694 ἡ
3068 629 3338 698 ἄμπελος
3369 633 3409 700 ἡ
3429 632 3548 700 dan
3568 663 3580 674 -

1999 706 2134 776 θινή
2159 723 2174 738 α
2211 707 2270 760 ἐν
2359 711 2388 763 6
2412 709 2628 776 ἐλαιὼν,
2657 714 2687 766 6
2713 713 2883 779 ὅντως
2894 715 3060 771 ἐλεῶν
3091 721 3218 784 τοὺς
3258 719 3578 786 ἐλπίζοντας

2000 799 2088 852 ἐπ’
2113 799 2276 857 αὐτόν
2301 819 2315 835 ·
2351 804 2410 857 ἐν
2508 806 2537 858 6
2560 805 2658 875 τῆς
2690 805 2846 878 ῥίζης
2891 809 3089 864 Ἰεσσαὶ
3122 811 3420 884 ἐϐλάστησε
3445 814 3580 870 κλά-

1998 892 2089 956 δος
2123 895 2152 948 6
2181 895 2526 966 προαιώνιος,
2583 898 2954 971 ἀγεωργήτως
3002 904 3095 956 καὶ
3127 905 3442 975 ἀνορύκτως
3478 907 3580 976 τῆς

2001 981 2350 1057 ἀνθρωπίνης
2407 987 2647 1058 σπορᾶς*
2678 988 2738 1041 ἐν
2825 993 2859 1061 ἡ
2894 991 3044 1064 πηγὴ
3077 994 3110 1064 ἡ
3153 993 3379 1059 ἁένναος
3403 1012 3417 1025 ·
3457 997 3518 1050 ἐν

2000 1071 2062 1124 οὐ
2083 1070 2291 1138 Φυσὼν,
2318 1073 2483 1138 Γεὼν,
2513 1076 2726 1148 Τίγρις,
2769 1079 3080 1150 Εὐφράτης,
3113 1082 3250 1137 ἀλλὰ
3280 1085 3578 1150 Ματθατος.

2001 1163 2249 1234 Μάρκος,
2281 1165 2515 1230 Λουκᾶς,
2546 1169 2639 1222 καὶ
2679 1170 2951 1243 Ἰωάννης,
2981 1175 3031 1227 οί
3067 1174 3161 1230 τοῦ
3204 1176 3443 1247 Χριστοῦ
3477 1178 3582 1246 τῆς

2016 1249 2342 1321 Ἐκκλησίας
2413 1254 2726 1322 ποτίζοντες
2781 1261 3130 1332 παράδεισον.
3189 1265 3361 1320 Ἐνθα
3431 1267 3583 1322 πᾶσα

2003 1341 2242 1412 σήμερον
2272 1341 2508 1410 νεολαία,
2565 1344 2641 1409 ὡς
2681 1347 2837 1401 ἐλαία
2887 1350 3238 1422 κατάκαρπος
3265 1352 3366 1416 τὰς
3397 1353 3583 1416 ἐλαίας

2003 1432 2342 1502 κατέχοντες,
2381 1435 2471 1488 τὸν
2505 1437 2770 1509 ἐλεήμονα
2805 1440 3066 1511 αἰτοῦμεν
3111 1445 3376 1516 Χριστόν·
3412 1463 3585 1516 πεφυ-

2001 1525 2252 1596 τευμένοι
2274 1527 2332 1580 ἐν
2365 1527 2499 1600 οἴκῳ
2537 1530 2766 1601 Κυρίου,
2792 1533 2852 1585 ἐν
2870 1534 2990 1597 ταῖς
3023 1535 3210 1598 αὐλαῖς
3238 1535 3400 1590 αὐτοῦ
3429 1539 3582 1610 ἐαρι-

2002 1616 2106 1680 νῶς
2141 1617 2508 1685 ἐξανθοῦντες,
2557 1623 2887 1695 ἑορτάζομεν
2939 1625 3152 1698 ἑορτὴν,
3195 1627 3289 1680 τὸν
3341 1628 3585 1700 χειμῶνα

2002 1707 2094 1763 τὸν
2146 1711 2369 1781 νομικὸν
2397 1711 2508 1781 (70)
2537 1715 2969 1787 ὑποχωρήσαντα
3020 1716 3328 1788 βλέποντες.

2085 1861 2364 1934 Ἐόρταξε,
2387 1865 2624 1936 Χριστοῦ
2664 1867 2980 1940 Ἐκκλησία,
3008 1872 3069 1925 οὐ
3100 1873 3366 1938 τυπικῶς,
3391 1875 3453 1928 οὐ
3480 1891 3586 1928 σω-

2007 1955 2270 2025 ματικῶς,
2302 1957 2437 2013 ἀλλά
2483 1961 2870 2030 πνευματικῶς
2909 1964 3295 2036 ἐγχορεύουσα.
3329 1967 3586 2039 Ἐόρταζε

2005 2047 2334 2119 ἐορτάς,τὴν
2368 2049 2476 2104 τῶν
2512 2050 2746 2107 εἰδώλων
2781 2055 3130 2111 κατάπτωσιν
3162 2057 3454 2128 βλέπουσα,
3490 2063 3588 2115 καὶ

2004 2134 2113 2188 τῶν
2145 2135 2449 2208 ἐκκλησιῶν
2472 2139 2571 2211 τὴν
2588 2140 2883 2196 ἀνάστασιν
2910 2143 3126 2215 ἔχουσα.
3142 2146 3290 2201 Μετά
3306 2149 3414 2221 γὰρ
3442 2149 3592 2205 Παύο

2005 2225 2115 2300 λου,
2129 2227 2236 2298 βοῶ
2260 2247 2339 2283 σοι
2361 2233 2456 2302 τῆς
2491 2233 2640 2304 ἱερᾶς
2664 2234 2757 2287 καὶ
2775 2236 3014 2309 μεγάλης
3031 2238 3244 2309 φωνῆς’
3274 2243 3348 2294 Τὰ
3370 2241 3590 2312 ἀρχαῖα

2008 2320 2339 2390 παρῆλθον·
2350 2322 2476 2377 ἰδοὺ
2494 2324 2700 2395 γέγονε
2713 2327 2783 2382 τὰ
2799 2327 2994 2382 πάντα
3010 2330 3205 2384 καινά·
3222 2331 3357 2386 ἀλλὰ
3373 2335 3478 2405 μὴν
3493 2336 3590 2389 καὶ

2008 2415 2308 2486 παράδοξα.
2343 2417 2436 2470 Διὸ
2485 2419 2706 2492 χαίρετε
2738 2423 2794 2475 ἐν
2837 2423 3045 2494 Κυρίῳ,
3076 2425 3311 2496 Χριστοῦ
3352 2425 3586 2495 νεολαία,

2008 2507 2261 2580 χαίρετε’
2315 2508 2526 2581 χαίροις
2579 2511 2817 2583 Χριστοῦ
2885 2513 3202 2587 Ἐκκλησία,
3253 2517 3457 2589 τέρπου
3497 2520 3591 2573 καὶ

2009 2600 2323 2672 εὐφραίνου,
2355 2600 2594 2674 θύγατερ
2644 2602 2800 2658 Θεοῦ.
2831 2603 2934 2658 Σοῦ
2960 2607 3070 2678 γὰρ
3101 2609 3251 2662 πᾶσα
3278 2611 3311 2680 ἡ
3343 2609 3488 2676 δόξα,
3513 2609 3590 2674 ὡς

2011 2691 2280 2764 θυγατρὸς
2315 2693 2408 2747 τοῦ
2443 2696 2709 2765 βασιλέως
2737 2699 2976 2770 Χριστοῦ
3006 2694 3372 2772 ἔσωθενόμοῦ
3404 2720 3463 2755 τε
3494 2703 3592 2757 καὶ

2011 2779 2227 2844 ἔξωθεν·
2257 2783 2439 2836 οὐκέτι
2469 2785 2789 2859 χήρανδρος,
2817 2788 2952 2842 ἀλλὰ
2982 2789 3237 2860 θέανδρος
3261 2791 3586 2858 ἐξανθοῦσα·

2010 2873 2193 2926 οὐκέτι
2251 2873 2309 2940 ἐξ
2363 2875 2659 2948 εὐωνύμων
2694 2878 2828 2933 Θεοῦ
2860 2881 2946 2936 διὰ
2991 2881 3092 2954 τὴν
3126 2882 3592 2956 είδωλολατρείαν,

2011 2964 2127 3020 ἀλλ’
2165 2967 2230 3021 ἐκ
2269 2966 2458 3034 δεξιῶν
2493 2971 2896 3046 παρισταμένη,
2948 2973 3042 3028 καὶ
3091 2976 3479 3050 κεκοσμημένη
3504 2977 3594 3032 διὰ

2011 3059 2110 3131 τὴν
2164 3057 2526 3130 θεογνωσίαν·
2563 3065 2746 3118 οὐκέτι
2786 3066 2978 3138 αἵματι
3011 3067 3243 3141 δουλικῷ
3268 3070 3592 3141 φυρωμένη.

1934 3123 1978 3183 c
2010 3123 2148 3206 ἀλλὰ
2202 3123 2392 3225 αἵματι
2467 3154 2632 3227 θεῖκῷ
2715 3123 3159 3232 σφραγιζομένηο
3213 3123 3444 3216 ,οὐκέτί
3495 3123 3591 3215 τδζ

2023 3242 2186 3315 Ὠϐὴλ
2225 3244 2357 3311 (7|).
2412 3245 2548 3300 ἀλλὰ
2577 3248 2669 3302 τὸν
2720 3249 3072 3323 Ἐμμανουὴλ
3120 3253 3382 3307 σέϐουσαο
3408 3255 3594 3308 οὐκέτι

2011 3334 2112 3406 τὴν
2142 3335 2403 3408 Τρωάδα,
2439 3337 2577 3393 ἀλλά
2627 3340 2724 3412 τὴν
2773 3343 2982 3413 Τριάδα
3025 3344 3361 3413 δοξάζουσα·
3409 3347 3594 3401 οὐκέτι

2010 3426 2227 3498 τιμῶσα
2255 3428 2346 3481 τὸν
2390 3431 2678 3499 Πλάτωνα,
2723 3433 2858 3489 ἀλλὰ
2890 3435 2996 3490 τὸν.
3015 3439 3429 3510 παντοκράτορα
3462 3439 3593 3494 Θεὸν

2013 3523 2203 3593 ἡμῶν·
2243 3523 2427 3578 οὐκέτι
2490 3525 2730 3598 Ἠρακλῆ
2781 3528 2874 3582 τὸν
2924 3527 3268 3595 ἀλεξίκακον,
3310 3531 3448 3586 ἀλλὰ
3503 3531 3594 3585 τὸν

2012 3615 2374 3689 Παράκλητον
2427 3617 2521 3672 καὶ
2568 3619 2787 3674 πάντων
2839 3622 3087 3693 ποιητήν.
3120 3623 3318 3678 Οὐκέτι
3364 3640 3597 3696 προσκυο

2011 3711 2126 3773 vei;
2165 3709 2543 3784 Ἀριστοτέλην
2571 3711 2890 3781 σοφίσαντα,
2913 3713 3051 3768 ἀλλὰ
3089 3715 3221 3769 Θεὸν
3249 3715 3339 3771 τὸν
3369 3718 3447 3780 είς
3465 3715 3593 3788 τέλη

2011 3801 2121 3856 τῶν
2149 3802 2361 3858 αἰώνων
2392 3821 2451 3858 σε
2487 3803 2757 3860 σώσαντα.
2807 3805 3072 3862 Πέπτωκε
3120 3810 3352 3882 Κρόνος,
3386 3811 3468 3865 ὃτι
3507 3827 3597 3864 σε-

2013 3892 2293 3965 σάρκωται
2341 3895 2475 3959 Θεὸς
2527 3895 2730 3966 Λόγος·
2767 3898 2826 3950 οὐ
2862 3898 2968 3970 μὴν
3002 3899 3194 3970 ἀνδρὸς
3243 3902 3308 3954 ἐκ
3341 3900 3594 3966 παθείας,

2012 3982 2146 4038 ἀλλά
2175 3984 2506 4058 θεανδρικῶς
2535 3989 2598 4041 ἐκ
2631 3988 2849 4060 Μαρίας
2896 3991 3201 4059 ἐπιφανείς.
3265 3993 3460 4064 Ὁρᾶτε
3495 3993 3594 4064 τῆς

2011 4075 2226 4146 ἡμέρας
2277 4075 2376 4148 τὴν
2422 4077 2584 4150 χάριν
2611 4095 2624 4109 ·
2665 4080 2827 4150 ὁρᾶτε
2854 4081 2954 4152 τῆς
3000 4082 3194 4153 ἐορτῆς
3219 4081 3317 4154 τὴν
3350 4083 3598 4154 λαμπρό-

2011 4186 2170 4240 τητα.
2201 4169 2409 4242 Χαίρου
2435 4172 2614 4225 τοίνυν
2661 4173 2756 4226 καὶ
2804 4173 3119 4244 εὐφραίνου,
3155 4173 3394 4247 θύγατερ
3433 4173 3595 4240 Σιὼν,

2012 4263 2217 4333 τέρπου
2261 4263 2356 4317 καὶ
2391 4263 2649 4332 ἀγάλλου,
2680 4265 2831 4318 πᾶσα
2881 4267 2914 4338 ἡ
2961 4253 3378 4338 Ἐκκλησίατοῦ
3425 4265 3596 4320 Θεοῦο

2018 4357 2200 4424 "Aper
2219 4356 2426 4421 κύκλῳ
2475 4357 2616 4424 τοὺς
2654 4358 3000 4429 ὀφθαλμούς
3051 4374 3187 4425 σου,
3219 4360 3317 4414 καί
3347 4360 3438 4414 ἴδε
3469 4378 3598 4414 συν-

1942 4482 1988 4538 D
2015 4449 2232 4520 ηγμένα
2275 4449 2345 4502 τά
2393 4466 2523 4503 ποτε
2561 4449 3023 4524 διεσκορπισμένα
3073 4452 3182 4504 τῶν
3214 4452 3384 4506 ἐθνῶν
3429 4452 3599 4506 τέκνα

2018 4556 2132 4593 σου.
2163 4538 2267 4592 Ἴδε
2295 4539 2395 4610 τῆς
2421 4540 2614 4610 ἑορτῆς
2634 4541 2732 4612 τὴν
2766 4541 3041 4612 εὐφημίαν
3063 4557 3075 4570 ·
3106 4541 3182 4594 ἴδε
3210 4541 3305 4595 τοῦ
3334 4539 3465 4596 λαοῦ
3498 4541 3598 4612 τὴν

2017 4631 2366 4700 συμφωνίαν,
2420 4629 2495 4684 ἴδε
2527 4631 2706 4684 πᾶσαν
2733 4631 2986 4700 γλῶσσαν
3017 4633 3097 4696 είς
3136 4631 3262 4702 μίαν
3308 4631 3488 4696 δόξαν,
3519 4630 3598 4683 ίδε

2015 4722 2161 4778 ἅπαν
2194 4723 2368 4795 στόμα
2402 4722 2477 4788 ὡς
2496 4722 2557 4777 ἐν
2588 4723 2784 4795 στόμα,
2815 4723 2890 4776 ίδε
2920 4723 2989 4778 τὰ
3016 4723 3144 4796 πρὶν
3169 4723 3405 4796 θήρεθνα
3436 4725 3492 4776 ἐν
3515 4724 3600 4776 σοὶ

2014 4816 2352 4888 τυγχάνοντα
2385 4815 2656 4888 πρόϐατα,
2703 4814 2780 4869 ίδε
2811 4815 2981 4871 ἐθνῶν
3011 4815 3380 4889 ἑορταζόντων
3401 4815 3599 4885 ἐπιφη-

2018 4923 2218 4978 μισμα,
2269 4905 2580 4975 ἀγγελικῶν
2626 4907 2934 4980 ἀσωμάτων
2979 4907 3223 4980 ὑπάρχον
3251 4907 3314 4961 τὸ
3350 4906 3598 4977 μίμημα,

2010 5221 2276 5276 zianzeno
2323 5234 2390 5275 ex
2432 5220 2640 5279 Graecis
2689 5237 2800 5278 non
2843 5238 2974 5279 raro
3015 5221 3392 5278 inveniuntur.
3449 5217 3598 5274 Inter

2011 5301 2230 5366 nostros
2263 5292 2574 5366 Ambrosio,
2600 5292 2864 5366 Gregorio
2892 5294 3106 5366 Magno,
3132 5303 3187 5350 et
3213 5290 3456 5348 omnium
3482 5305 3598 5344 ma-

2012 5361 2158 5416 xime
2183 5361 2460 5419 Bernardo
2489 5361 2788 5422 familiares
2818 5375 2970 5420 sunt.

2085 5430 2197 5507 ('19)
2235 5431 2358 5507 Τὸν-
2375 5435 2635 5507 χειμῶνα
2669 5434 2778 5507 τὸν
2806 5436 3076 5506 νομικόν.
3097 5431 3216 5507 __S_ic
3251 5437 3452 5486 vocant
3481 5430 3596 5484 Au-

2018 5503 2299 5576 gustinus,
2333 5503 2682 5578 Ambrosius,
2715 5503 2955 5578 Cyrillus
2981 5515 3036 5578 et
3062 5503 3155 5558 alii
3187 5511 3404 5578 tempus
3431 5513 3599 5570 syna~

2019 5575 2326 5648 goggeante
2347 5576 2547 5648 Christi
2583 5575 2902 5648 adventum,
2931 5585 2986 5633 et
3011 5576 3185 5648 legem
3212 5575 3424 5645 gratiae.

2089 5645 2312 5718 (71)γρ.
2339 5647 2428 5704 τὸν
2455 5650 2602 5723 Ὀήλ.
2627 5648 2757 5706 For.
2789 5647 2922 5718 Βήλ.
