4034 6216
453 365 563 426 635

1482 368 1767 427 UOMILIA
1798 370 1930 430 ΜΝ
1967 373 2192 433 FESTO
2228 373 2641 431 PALMARUM.

3620 371 3725 427 454

457 476 535 532 ἴδε
570 478 911 552 συμφωνίαν,
950 480 1258 554 ἀσωμάτων
1294 485 1675 556 χοροστασίαν,
1708 485 1787 539 ἴδε
1822 487 2041 551 στάσεις

2157 502 2293 543 nunc
2338 494 2434 543 tuo
2464 486 2632 542 ductu
2666 500 2798 545 oves
2844 485 2993 553 ﬁeri;
3030 484 3151 542 vide
3188 483 3428 559 gentium
3459 483 3601 540 diem
3643 480 3722 539 fe-

454 570 531 635 ώς
577 569 827 640 ἀγγέλων
860 571 1060 638 τάξεις.
1103 575 1246 647 ⁸0ρῶ
1274 577 1400 641 τοὺς
1447 576 1651 647 ὕμνους
1680 577 1758 641 ώς
1787 576 2036 647 ἀγγέλων

455 660 678 730 ὕμνους,
732 661 845 733 ὁρῶ
899 663 1028 727 τοὺς
1092 666 1287 731 παῖδας
1345 666 1423 731 ώς
1485 666 1778 737 νεοφύτους
1841 669 2030 740 ἄρνας,

462 749 732 806 Ὡσαννὰ
752 751 823 807 ἐν
854 754 980 820 τοῖς
1015 756 1319 840 ρψίστοις,
1361 757 1769 828 εὐλογημένος
1803 761 1835 812 ό
1869 759 2037 828 ἐρχό-

452 859 654 913 μενος,
700 844 923 917 Χριστῷ
978 845 1254 915 λέγοντας,
1293 847 1412 918 μεθ’
1440 840 1514 901 ὧν
1555 849 1869 920 κροτήσασα
1894 848 2037 919 μέγα

452 935 519 1005 τῇ
570 935 717 1007 χειρὶ
765 934 957 1008 βόησον
1008 938 1237 1010 λαμπρᾷ
1291 939 1387 992 καὶ
1440 939 1713 1012 λεοντιαίᾳ
1766 944 1833 1012 τῇ
1860 944 2036 1013 φωνῇ,

454 1025 714 1100 ἐφεόρτιά
765 1045 825 1081 τε
852 1028 987 1100 ὁμοῦ
1018 1032 1113 1084 καὶ
1135 1031 1529 1103 εὐχαριστήρια
1559 1031 1794 1100 λέγουσα
1824 1050 1840 1065 ο
1888 1031 2036 1089 Ἰδοὺ

452 1117 569 1187 ἐγὼ
617 1118 810 1174 καὶτὰ
841 1121 1069 1184 παιδία,
1103 1120 1142 1176 ἄ
1171 1138 1275 1191 μοι
1295 1120 1520 1175 ἔδωκεν
1544 1124 1577 1175 ό
1608 1121 1774 1188 Θεὸς,
1803 1124 1868 1193 τῇ
1905 1138 2036 1175 ποτε

455 1209 667 1281 ἀτέκνῳ
693 1209 789 1263 καὶ
818 1209 1085 1281 ἀγνώστῳ
1121 1211 1311 1283 στείρᾳ
1333 1226 1349 1241 ο
1392 1211 1756 1282 εὐλογημένος
1788 1214 1816 1265 6
1844 1210 2035 1280 ἐλθὼν,

453 1299 591 1354 ἀλλὰ
624 1301 731 1373 μὴν
754 1303 1047 1373 ἐρχόμενος
1072 1303 1129 1356 ἐν
1161 1303 1384 1374 ὀνόματι
1417 1302 1623 1374 Κυρίου
1656 1302 1788 1367 Θεὸς
1832 1302 2038 1374 Κύριος

452 1394 550 1449 καὶ
575 1395 846 1463 ἐπέφανεν
896 1398 1047 1467 ἡμῖν.
1092 1396 1150 1450 '0
1197 1397 1511 1469 ἐρχόμενος,
1563 1398 1592 1451 6
1652 1397 1902 1469 μηδαμοῦ
1926 1412 2038 1467 χωο

454 1485 717 1558 ρούμενος
734 1502 748 1517 ’
774 1486 1086 1558 ἐρχόμενος,
1117 1490 1147 1541 6
1168 1487 1419 1560 μηδαμοῦ
1445 1488 1815 1560 κρατούμενος
1838 1503 1852 1517 ·
1880 1486 2037 1540 εὐλο-

451 1578 690 1649 γημένος
707 1580 735 1633 6
756 1580 1069 1651 ἐρχόμενος,
1104 1582 1199 1635 καὶ
1225 1580 1334 1635 τῶν
1362 1581 1607 1653 οὐρανῶν
1640 1582 1714 1653 μὴ
1731 1579 2040 1652 χωριζόμε-

450 1689 541 1736 νος
565 1688 581 1704 ο
615 1671 980 1743 εὐλογημένος
1008 1674 1389 1747 αὐτοπρεπῶς,
1424 1674 1521 1728 καὶ
1554 1673 1717 1728 πάλιν
1746 1673 2041 1745 ἐρχόμενος

452 1762 769 1836 θεοπρεπῶς
788 1781 801 1795 ο
820 1764 1182 1836 εὐλογημένος
1204 1768 1232 1820 6
1253 1766 1338 1819 ἐπ’
1361 1766 1461 1837 ἐμὲ
1476 1766 1570 1819 ἐπὶ
1586 1763 1766 1819 πώλου
1794 1764 2040 1829 τυπικῶς

2145 586 2289 634 stum
2333 576 2724 632 celebrantium
2766 576 3076 646 strepitum,
3111 575 3477 645 angelicorum
3515 573 3724 629 scilicet

2145 667 2438 739 spirituum
2466 667 2742 730 temulum,
2772 667 2895 721 vide
2918 665 3296 737 symphoniam
3318 672 3372 720 et
3394 664 3722 735 spiritalium

2145 758 2453 811 animorum
2500 755 2821 825 tripudium,
2860 756 2981 810 vide
3011 755 3278 811 stationes
3314 754 3470 824 quasi
3501 752 3735 815 ordines

2145 850 2440 920 angelicos.
2475 847 2753 902 Praeconia
2792 847 2950 902 video
2999 847 3164 901 veluti
3210 846 3525 917 angelorum
3565 844 3725 915 hym-

2144 957 2269 1006 nos,
2302 956 2503 1012 pueros
2536 954 2701 995 cerno
2730 938 2885 1009 agnis
2926 953 3118 994 recens
3156 939 3320 995 editis
3364 937 3594 998 similes,
3639 933 3727 989 dlv

2145 1042 2330 1088 centes
2360 1050 2373 1086 :
2414 1030 2673 1086 "osanna
2705 1032 2758 1085 in
2793 1028 3045 1096 excelsis,
3094 1029 3390 1083 benedictus
3420 1029 3508 1099 qui
3543 1026 3685 1080 venis
3705 1037 3729 1081 ς

2146 1137 2271 1178 cum
2299 1122 2499 1194 quibus
2533 1123 2740 1194 pariter
2773 1120 3036 1193 plaudens
3068 1121 3343 1184 alacriter,
3367 1119 3514 1173 clara
3536 1125 3591 1173 et
3614 1117 3730 1171 leo.

2144 1216 2272 1270 nina
2302 1230 2435 1271 voce
2463 1216 2743 1282 exclama,
2792 1212 3105 1269 festivitatis
3152 1211 3417 1267 solemnia
3468 1209 3633 1265 simul
3675 1214 3730 1271 et
3786 1258 3791 1271 ,

2145 1317 2352 1378 gratam
2389 1306 2778 1363 beneﬁciorum
2822 1304 3142 1359 memoriam
3171 1302 3456 1358 referens:
3486 1300 3617 1355 Ecce
3636 1316 3728 1369 ego
3786 1334 3787 1337 η

2144 1408 2190 1452 et
2226 1396 2395 1462 liberi,
2422 1412 2548 1467 quos
2577 1396 2707 1449 mihi
2741 1395 2880 1449 Deus
2911 1393 3053 1448 dedit
3082 1394 3121 1462 ί,
3152 1408 3274 1463 qua:
3295 1392 3424 1447 olim
3455 1392 3574 1447 sine
3603 1390 3727 1445 ﬁliis

2145 1496 2200 1544 et
2233 1488 2436 1544 sterilis
2468 1488 2695 1543 fueram.
2735 1485 3060 1541 Benedictus
3102 1485 3195 1554 qui
3223 1486 3404 1548 venit,
3437 1489 3731 1536 verumta—

2145 1595 2268 1636 men
2296 1581 2351 1635 in
2388 1580 2606 1635 nomine
2634 1578 2873 1642 Domini,
2906 1576 3050 1633 Deus
3083 1574 3367 1638 Dominus,
3395 1583 3449 1629 et
3477 1572 3729 1644 apparuit

2145 1672 2326 1727 nobis.
2362 1670 2468 1739 Qui
2507 1672 2684 1739 venit,
2730 1672 2932 1741 quique
2980 1669 3132 1723 nullo
3181 1668 3396 1737 capitur
3442 1662 3731 1734 locozqui

2145 1763 2323 1829 venit,
2358 1770 2413 1818 et
2447 1777 2717 1834 nusquam
2764 1758 3361 1817 tenetur:benedictus
3414 1758 3507 1829 qui
3557 1757 3729 1822 venit,

449 1855 894 1927 παραγενόμενος
914 1854 1097 1920 ώςέπὶ
1127 1856 1308 1911 πώλου
1334 1856 1679 1928 χερουόικοῦ.
1705 1856 1771 1909 Τί
1802 1856 1911 1927 γάρ
1936 1873 2041 1926 φη-

2157 1869 2247 1909 nec
2269 1868 2298 1907 a
2313 1854 2467 1910 cmlis
2492 1870 2615 1911 sese
2639 1853 2931 1922 subducit;
2958 1852 3280 1907 benedictus
3303 1852 3525 1921 proprio
3552 1850 3732 1918 splen-

450 1964 537 2001 σιν
563 1949 594 2000 6
622 1949 911 2020 ίεροκῆρυξ
935 1950 1326 2021 εὐαγγελιστὴς
1352 1950 1452 2021 τῆς
1469 1949 1681 2020 ἑορτῆς,
1709 1949 1971 2003 ἄκουσον⁸

2151 1946 2284 2002 dore
2310 1954 2364 2003 et
2392 1947 2565 2018 gratia
2585 1986 2598 2010 ,
2631 1955 2686 2002 et
2714 1960 2912 2000 rursus
2956 1944 3182 1999 veniens
3223 1942 3408 1998 divina
3443 1941 3733 2009 majestate

450 2051 615 2115 atque
643 2043 871 2111 decore;
905 2045 1223 2102 benedictus
1262 2045 1353 2116 qui
1392 2045 1571 2117 typice
1601 2044 1847 2099 insidens
1880 2042 2028 2112 pullo
2068 2042 2135 2096 ad
2178 2057 2263 2097 me
2306 2043 2473 2107 venit,
2541 2048 2801 2111 tanquam
2858 2038 3011 2110 pullo
3058 2036 3441 2093 cherubinico.
3497 2032 3735 2088 Attende

448 2136 595 2191 enim
639 2136 772 2207 quid
808 2138 955 2194 dicat
998 2149 1387 2196 sacrosanctus
1434 2154 1611 2210 praeco
1641 2138 2007 2195 solemnitatis
2035 2136 2200 2208 hujus
2237 2137 2594 2206 evangelista:
3606 2174 3631 2203 ,

536 2229 806 2301 Ἐγένετο
849 2230 948 2285 ὅτε
993 2229 1229 2302 ἤγγιζεν
1274 2235 1308 2287 ό
1358 2234 1572 2302 Κύριος
1598 2236 1687 2300 εὶς
1722 2232 2037 2303 Βηθφαγὴ,

451 2321 552 2377 καί
604 2324 693 2389 εὶς
718 2323 1045 2391 Βηθανιαν,
1073 2323 1225 2392 πρὸς
1259 2323 1327 2379 τὸ
1361 2325 1500 2392 ὄρος
1554 2325 1619 2379 τὸ
1660 2324 2041 2393 καλούμενον

464 2412 733 2481 ΪΕλαιᾶψ,
770 2413 1088 2469 ἀπέστειλε
1133 2414 1243 2470 δύο
1279 2415 1349 2469 ἐκ
1380 2415 1498 2471 τῶν
1528 2414 1811 2486 μαθητῶν
1832 2415 2041 2482 αὑτοῦ,

450 2503 648 2575 λέγων
670 2520 685 2534 ·
746 2503 1021 2575 Ὑπάγετε
1068 2507 1156 2572 εἰς
1186 2505 1301 2576 τὴν
1325 2506 1612 2562 ἀπέναντι
1657 2506 1897 2577 κώμην,
1946 2505 2047 2560 καὶ

452 2594 526 2649 ἐν
556 2592 636 2660 τῷ
659 2595 959 2650 εῑσελθεῒν
1003 2595 1162 2667 ὑμᾶς
1197 2591 1490 2667 εὗρήσετε
1520 2597 1668 2653 ὄνον
1708 2599 1807 2652 καὶ
1842 2598 2051 2651 πῶλον

455 2683 783 2756 δεδεμένην
802 2703 816 2718 ο
856 2688 1161 2755 λύσαντες
1191 2688 1442 2758 ἀγάγετέ
1461 2707 1582 2759 μοι.
1619 2690 1727 2744 Καὶ
1748 2690 2051 2756 ἐποίησαν

455 2780 511 2831 οἱ
541 2777 800 2847 μαθηταὶ
839 2777 1035 2845 καθὼς
1083 2778 1423 2834 ἐνετείλατο
1455 2780 1661 2848 αὐτοῖς
1705 2784 1738 2834 ὁ
1779 2779 2010 2847 Ἰησοῦς
2031 2796 2047 2811 ⁸

457 2869 559 2923 καὶ
588 2868 990 2939 ὑπέστρωσαν
1017 2871 1091 2925 τὰ
1113 2871 1311 2941 ἱμάτια
1337 2872 1535 2926 αὐτῶν
1554 2873 1653 2926 ἐπὶ
1678 2872 1794 2940 τὴν
1817 2871 2045 2936 πῶλον,

459 2960 560 3015 καὶ
585 2960 868 3017 ἐκάθισεν
910 2966 945 3018 ὁ
986 2964 1247 3033 Ἰησοῦς.
1306 2967 1417 3020 Καὶ
1453 2965 1670 3034 ἐγένετο
1710 2965 1786 3028 ώς
1820 2965 2048 3035 ἤγγισεν

460 3052 544 3114 είς
574 3051 674 3122 τὴν
702 3051 1004 3105 κατάϐασιν
1044 3052 1136 3105 τοῦ
1167 3054 1349 3125 ὅρους,
1383 3055 1413 3106 6
1445 3054 1601 3124 ὄχλος
1629 3050 1798 3107 ἐλθὼν
1832 3054 1912 3116 εἰς
1941 3050 2042 3123 τὴν

461 3141 653 3213 ἐορτὴν
683 3142 874 3197 ἔλαϐον
902 3143 1029 3214 βαΐα
1077 3143 1188 3198 τῶν
1237 3146 1516 3216 φοινίκων,
1578 3144 1673 3199 καὶ
1709 3142 1931 3215 ἐξῆλθον
1965 3144 2045 3207 είς

2243 2228 2471 2283 Factum
2535 2239 2611 2283 est
2674 2244 2793 2282 cum
2851 2226 3292 2297 appropinquaret
3352 2222 3608 2277 Dominus
3664 2221 3733 2275 ad

2144 2321 2460 2391 Bel/(pllege,
2520 2328 2569 2374 et
2628 2319 2976 2383 Det/laniant,
3018 2317 3086 2371 ad
3148 2324 3374 2369 montem
3400 2354 3416 2380 ,
3455 2315 3545 2384 qui
3577 2329 3735 2367 voca-

2146 2422 2235 2466 tur
2276 2412 2504 2477 Oliveti,
2558 2412 2702 2465 misit
2762 2409 2894 2464 duos
2963 2407 3247 2476 discipulos
3299 2422 3464 2470 suos,
3526 2405 3733 2458 dicens:

2158 2506 2234 2560 (te
2282 2506 2335 2559 in
2370 2504 2668 2572 castellum,
2704 2503 2841 2575 quod
2877 2514 3061 2558 contra
3094 2519 3182 2557 vos
3229 2485 3329 2567 est,
3384 2501 3438 2554 in
3468 2499 3605 2570 quod
3654 2500 3738 2553 in-

2154 2606 2413 2651 troeuntes
2438 2594 2709 2649 invenietis
2734 2595 2943 2649 asinam
2970 2603 3018 2649 et
3036 2593 3241 2664 pullum
3269 2591 3573 2663 alligatum,
3607 2605 3739 2660 quos

2148 2691 2489 2747 dissolventes
2536 2689 2605 2743 ad
2646 2705 2727 2757 pne
2769 2687 3037 2741 adducite.
3089 2685 3153 2738 Et
3188 2684 3422 2755 fecerunt
3462 2680 3736 2751 discipuli,

2149 2785 2286 2839 sicut
2318 2779 2474 2836 Jesus
2515 2790 2827 2849 pra'ceperat
2851 2780 2923 2833 eis
2952 2795 2969 2831 :
2996 2786 3043 2831 et
3092 2782 3391 2830 straverunt
3432 2774 3742 2828 vestimenta

2152 2892 2248 2929 sua
2280 2889 2435 2942 super
2459 2872 2699 2942 pullum;
2730 2882 2779 2924 et
2802 2870 2958 2924 Jesus
2988 2868 3178 2922 insedit
3202 2870 3243 2920 ¹¹.
3268 2866 3507 2936 Contigit
3532 2871 3738 2927 autem,

2156 2972 2215 3019 ut
2232 2965 2324 3018 ubi
2352 2963 2420 3019 ad
2440 2965 2601 3017 imam
2628 2969 2839 3033 partem
2866 2961 3069 3015 montis
3088 2958 3396 3021 accederet,
3420 2956 3602 3023 turba,
3620 2969 3742 3025 qua:

2151 3056 2406 3113 veniebat
2444 3056 2513 3110 ad
2569 3053 2767 3110 lestum
2812 3053 2993 3117 diem,
3060 3052 3339 3121 acciperet
3386 3063 3575 3103 ramos
3624 3045 3742 3117 pal-

2156 3162 2396 3211 marum,
2445 3152 2499 3203 et
2554 3144 2731 3200 exiret
2762 3143 2979 3198 obviam
3023 3140 3176 3207 Jesu,
3228 3147 3282 3195 et
3320 3138 3413 3210 qui
3453 3137 3741 3208 praeibam,

460 3233 770 3305 ἀπάντησιν
788 3233 882 3287 τοῦ
913 3234 1109 3305 Ἰησοῦ.
1137 3234 1249 3289 Καὶ
1272 3237 1322 3290 oi
1346 3236 1701 3308 προάγοντες,
1724 3235 1820 3287 καὶ
1844 3236 1893 3287 oi
1916 3235 2047 3289 ἀκο-

2157 3248 2204 3294 ct
2229 3238 2323 3310 qui
2372 3237 2760 3307 sequebantur,
2804 3235 3137 3290 clamarent:
3178 3230 3443 3286 "osanna
3474 3230 3589 3299 filio
3632 3228 3741 3281 Da-

459 3323 775 3389 λουθοῦντες
808 3325 1069 3397 ἔκραζονο
1096 3326 1358 3382 Ὡσαννὰ
1388 3327 1469 3393 τῷ
1502 3326 1612 3394 υἱῷ
1638 3326 1837 3393 Δαϐὶὸ,
1878 3329 2054 3381 εὐλο-

461 3417 723 3487 γημένος
763 3420 797 3473 d
838 3418 1164 3489 ἐρχόμενος
1204 3421 1275 3473 ἐν
1321 3420 1567 3490 ὀνόματι
1599 3419 1844 3488 Κυρίου.
1901 3418 2051 3490 Αῦτη

462 3508 563 3580 τῆς
586 3509 866 3584 παρούσης
911 3512 1104 3582 ἑορτῆς
1155 3512 1189 3582 ἡ
1230 3512 1534 3584 Δεσποτικὴ
1570 3512 1875 3585 παρουσίαο
1914 3510 2051 3581 αῦτη

464 3602 560 3656 τοῦ
597 3602 872 3667 Βασιλέως
912 3604 1020 3656 τῶν
1072 3603 1463 3675 βασιλευόντων
1500 3605 1532 3675 ἡ
1585 3604 1644 3656 ἐν
1688 3601 1827 3656 Σιὼν
1884 3600 2055 3655 πάλαι

465 3694 562 3747 καὶ
608 3693 705 3748 νῦν
748 3694 1045 3766 ἐπιδημία·
1107 3694 1248 3767 αὕτη
1282 3695 1385 3765 τῆς
1434 3693 1719 3766 παρούσης
1757 3694 1975 3765 ἡμέρας
2022 3694 2055 3764 ἡ

466 3784 697 3858 λαμπρά
720 3787 816 3841 καὶ
843 3787 1123 3857 πάνδημος
1142 3787 1234 3842 τοῦ
1260 3786 1484 3858 ποιητοῦ
1500 3786 1611 3840 τῶν
1636 3785 1890 3841 ἁπάντων
1910 3784 2057 3837 ἐλευρ

471 3894 575 3940 σις.
606 3876 698 3931 Διὸ
725 3877 841 3941 νῦν,
870 3878 1109 3948 ἀδελφοὶ,
1139 3880 1168 3931 6
1205 3878 1361 3949 ὄχλος
1383 3877 1552 3932 ἐλθὼν
1595 3879 1677 3941 είς
1716 3876 1813 3948 τὴν
1838 3876 2056 3948 ἑορτὴν,

471 3967 778 4036 ἐξέλθωμεν
811 3970 891 4031 είς
923 3970 1229 4039 ἀπάντησιν
1270 3968 1504 4032 αὐτοῦ,ὃ
1534 3986 1594 4021 τε
1620 3968 1815 4040 ὁρατὸς
1850 3968 2056 4038 κόσμος

472 4059 567 4112 καὶ
586 4060 615 4110 6
637 4059 886 4129 ἀόρατος,
902 4061 997 4113 καὶ
1018 4062 1065 4112 οἱ
1086 4060 1419 4130 προάγοντες
1433 4059 1544 4129 (72)
1562 4059 1740 4130 χρόνῳ
1761 4059 2059 4128 προφῆται,

475 4148 569 4202 καὶ
615 4148 946 4215 διδάσκαλοι,
999 4150 1094 4203 καὶ
1136 4150 1186 4202 ei
1229 4149 1649 4212 ἀκολουθοῦντες
1694 4147 1775 4217 τῷ
1799 4147 1984 4217 πώλῳ,
2014 4148 2064 4198 οί

474 4241 595 4313 Θεῷ
622 4242 805 4295 πίστει
842 4240 1281 4313 συμφωνοῦντες.
1323 4242 1574 4313 Σήμερον
1605 4240 1673 4294 τά
1706 4238 1934 4310 οὐράνια
1968 4238 2066 4291 σὺν

474 4335 588 4397 τοῖς
621 4333 887 4401 ἐπιγείοις
910 4332 1043 4404 ὁμοῦ
1078 4350 1138 4386 τε
1183 4334 1276 4387 καὶ
1314 4332 1690 4403 καταχθονίοις
1718 4330 2024 4403 άνυμνείτω
2047 4347 2065 4361 ⁸

476 4425 584 4477 πᾶν
616 4423 792 4495 στόμα
815 4424 910 4477 καὶ
944 4422 1162 4494 πνεῦμα
1187 4423 1323 4495 πρὸς
1356 4418 1505 4476 αἶνον
1532 4423 1666 4476 Θεοῦ
1695 4421 2064 4492 ἀνοιγόμενον.

476 4517 563 4571 Τὰ
599 4515 884 4590 χερουὸὶμ,
916 4515 1013 4588 βοή
1023 4532 1174 4580 σατε,
1195 4516 1407 4585 Ἄγιος,
1426 4515 1615 4586 ἅγιος,
1639 4515 1805 4585 ἅγιος
1825 4514 2063 4583 Κύριος,

477 4604 517 4660 ὁ
540 4604 864 4674 τρισάγιος,
888 4604 1127 4660 σαϐαώθ
1143 4622 1158 4637 ο
1181 4605 1422 4675 πλήρης
1447 4608 1479 4660 ό
1507 4606 1765 4673 οἰφανός
1786 4604 1883 4661 καὶ
1915 4604 1954 4671 ἡ
1988 4602 2067 4673 γῆ

478 4695 589 4765 τῆς
612 4695 793 4764 δόξης
807 4696 1017 4751 αὐτοῦ·
1036 4698 1297 4769 σεραφὶμ,
1323 4698 1621 4769 ὐμνήσατεο
1647 4696 1947 4769 προφῆται,
1968 4711 2070 4765 κη-

484 4788 700 4860 ρύξατε.
758 4789 871 4843 Καὶ
917 4790 947 4843 ό
995 4788 1094 4860 μὲν
1138 4788 1374 4858 λεγέτωο
1425 4788 1980 4858 Εὑφραινέσθωσαν
2012 4786 2070 4839 ol

482 4880 746 4949 οὐρανοί,
764 4881 862 4934 καὶ
879 4880 1267 4951 ἀγαλλιάσθω
1284 4883 1322 4951 ἡ
1342 4879 1418 4951 γῆ
1436 4898 1447 4913 ·
1473 4884 1501 4935 6
1523 4881 1599 4946 δὲ,
1618 4881 1795 4952 Xai'pe
1811 4882 2067 4953 σφόδρα,

481 4969 735 5038 θύγατερ
756 4968 931 5033 Σιὼν,
957 4968 1230 5039 κήρυττε,
1252 4972 1505 5041 θύγατερ
1520 4971 1942 5041 Ἰερουσαλήμ·
1975 4972 2071 5026 καὶ

480 5059 638 5124 ἄλλος
676 5059 757 5131 τῷ
808 5059 1018 5130 βασιλεῖ
1056 5062 1278 5134 Χριστῷ
1318 5063 1578 5129 ἀτενίζων
1629 5063 1839 5134 βοάτωο
1885 5064 2000 5121 Ἴδε
2038 5067 2072 5119 ό

493 5150 706 5223 *Αμνὸς
720 5150 828 5206 τοῦ
845 5152 993 5207 Θεοῦ
1015 5155 1049 5208 ὀ
1062 5154 1245 5221 αἴρων
1255 5154 1371 5223 τὴν
1386 5156 1679 5225 ἁμαρτίαν
1690 5154 1803 5210 τοῦ
1811 5156 2069 5224 κόσμου’

486 5244 581 5297 καὶ
609 5242 794 5315 ἕτερος
819 5245 947 5314 περὶ
977 5244 1141 5299 αὐτοῦ
1163 5245 1263 5300 τοῦ
1283 5247 1487 5319 Κυρίου
1521 5248 1847 5321 κηρυξάτωο
1882 5242 2074 5315 Οὗτος

488 5338 525 5391 ἀ
557 5335 703 5405 Θεὸς
725 5335 895 5407 ἡμῶν
914 5352 930 5368 ⁶
967 5338 1039 5393 οὐ
1079 5337 1511 5410 λογισθήσεται
1556 5340 1759 5411 ἕτερος
1788 5340 1938 5411 πρὸς
1967 5342 2075 5397 αὐ-

599 5515 896 5594 "lsa._v_t_n,
926 5518 1014 5594 18,
1090 5520 1110 5551 '
1137 5521 1307 5594 Marc.
1341 5537 1419 5594 ut,
1450 5526 1472 5577 l
1516 5540 1576 5594 sq

498 5582 656 5653 1,36.
756 5582 1010 5645 “Baruch
1043 5606 1126 5657 ιιι,
1158 5593 1247 5649 56.
1324 5597 1344 5630 ⁸
1384 5582 1657 5664 Ζίιοιιίιῖι,
1696 5596 1775 5650 l2.

569 5766 689 5841 (72}
713 5786 803 5841 γρ.
838 5770 1179 5846 παράγοντες

1584 5540 1637 5594 q.
1715 5523 1734 5556 ³
1761 5524 1890 5581 ibid.
1925 5525 2010 5582 10.
2088 5524 2229 5584 ‘lsa.
2268 5529 2416 5595 vi,5.
2494 5526 2681 5584 'I'sal.
2713 5542 2834 5595 xcv,
2871 5530 2955 5584 ll.

2155 3330 2263 3395 vid,
2301 3329 2599 3384 benedictus
2652 3327 2742 3398 qui
2785 3326 2917 3380 venit
2971 3325 3025 3378 in
3061 3323 3270 3377 nomine
3319 3320 3601 3377 Domini’.
3645 3318 3745 3373 llic

2155 3428 2240 3477 cst
2303 3419 2585 3490 praesentis
2647 3416 2986 3474 celebritatis
3034 3414 3354 3469 Dominicus
3416 3411 3745 3466 adventus:

2156 3515 2273 3568 haec
2296 3512 2459 3584 Regis
2482 3526 2668 3584 regum
2700 3510 2767 3565 ad
2798 3508 3020 3564 Sionem
3053 3507 3206 3574 olim,
3250 3514 3303 3562 et
3335 3520 3482 3560 nunc
3504 3518 3746 3575 quoque,

2159 3606 2427 3680 proiectio
2460 3626 2473 3661 :
2511 3606 2626 3661 htec
2656 3611 2741 3660 est
2775 3601 3063 3674 praesentis
3096 3600 3202 3655 diei
3235 3596 3525 3669 splendida
3565 3602 3619 3651 ct
3648 3611 3747 3667 po-

2160 3701 2369 3772 pularis
2419 3699 2666 3753 omnium
2710 3695 3016 3752 conditoris
3063 3692 3328 3747 accessio.
3378 3689 3749 3760 Quapropter,

2162 3808 2286 3847 cum
2339 3790 2501 3845 turba
2533 3804 2680 3843 nunc
2732 3788 2801 3842 ad
2835 3786 3032 3842 festum
3088 3785 3233 3840 diem
3267 3781 3607 3845 convenerit,
3649 3795 3750 3835 ex-

2165 3900 2358 3939 eamus
2380 3923 2393 3948 ,
2427 3897 2462 3937 o
2496 3880 2787 3948 lratresﬁci
2824 3879 3065 3944 obviam,
3099 3886 3152 3933 et
3169 3876 3410 3931 mundus
3442 3872 3679 3931 visibilis
3698 3879 3753 3927 et

2165 3976 2476 4040 invisibilis,
2514 3984 2568 4031 et
2595 3974 2688 4045 qui
2721 3980 2965 4041 tempore
3006 3969 3322 4041 praecedunt
3366 3966 3648 4038 pr0phctte
3687 3978 3751 4017 ac

2165 4067 2443 4136 discipuli,
2479 4074 2533 4120 et
2579 4065 2673 4133 qui
2716 4065 2925 4133 pullum
2970 4069 3300 4131 sequuntur,
3331 4059 3424 4129 qui
3461 4072 3588 4111 cum
3638 4055 3753 4109 Deo

2170 4156 2273 4210 [ide
2316 4153 2674 4209 concordant.
2710 4151 2883 4208 Hodie
2929 4152 3177 4208 coelestia
3217 4164 3343 4204 cum
3372 4147 3631 4210 terrenis,
3667 4155 3751 4198 at-

2168 4262 2275 4316 que
2333 4245 2427 4312 iis,
2467 4245 2561 4316 qui
2615 4244 2721 4300 sub
2758 4254 2907 4299 terra
2943 4250 3094 4309 sunt,
3143 4242 3375 4314 hymnos
3422 4238 3758 4304 coneinant;

2168 4351 2331 4391 omne
2365 4351 2448 4401 os,
2475 4335 2768 4406 omnisque
2796 4334 3026 4405 spiritus
3051 4333 3118 4389 ad
3160 4331 3377 4387 laudem
3411 4328 3503 4384 Dei
3538 4327 3758 4397 aperia-

2168 4435 2278 4483 tur.
2308 4427 2628 4492 Chcrubim,
2677 4428 2908 4482 clamate
2942 4445 2956 4482 :
2987 4424 3239 4489 Sanctus,
3268 4431 3506 4486 sanctus,
3540 4426 3756 4474 sanctus

2172 4519 2453 4586 Dominus,
2490 4530 2570 4575 ter
2592 4530 2829 4585 sanctus,
2855 4518 3219 4580 exercituum;
3248 4512 3387 4585 pleni
3418 4520 3539 4567 sunt
3560 4511 3677 4566 coeli
3706 4518 3755 4563 et

2176 4622 2317 4668 terra
2344 4612 2519 4684 gloria
2537 4612 2652 4681 ejus
2677 4611 2732 4679 ‘;
2762 4610 3059 4682 seraphim,
3103 4608 3339 4681 hymnos
3378 4605 3590 4671 canite;
3629 4617 3758 4673 pro-

2173 4706 2370 4775 phetae,
2402 4704 2729 4775 prazdicate;
2759 4709 2814 4758 ct
2839 4704 2983 4758 alius
3012 4701 3159 4755 dicat
3195 4719 3206 4754 :
3245 4697 3519 4754 Ltetentur
3542 4695 3681 4759 eteli,
3706 4704 3757 4752 et

2170 4794 2396 4848 exsultet
2458 4793 2675 4862 terra“;
2748 4793 2891 4848 alius
2952 4790 3194 4848 :Gaude
3243 4790 3571 4860 plurimum,
3639 4785 3756 4857 [ilia

2174 4880 2381 4949 Sion“;
2410 4880 2676 4948 exclama,
2714 4881 2835 4951 ﬁlia
2866 4879 3241 4944 Hierusalem;
3287 4878 3428 4935 alius
3471 4883 3654 4933 autem
3700 4877 3759 4931 in

2172 4988 2352 5043 regem
2387 4973 2665 5029 Christum
2700 4975 2920 5030 intuens
2955 4975 3153 5028 clamet
3186 4992 3199 5028 :
3230 4972 3364 5026 Ecce
3398 4972 3577 5042 Agnus
3634 4970 3755 5034 Dei,

2172 5068 2263 5137 qui
2290 5066 2431 5121 tollit
2455 5077 2674 5136 peccata
2702 5067 2964 5137 mundi";
3000 5075 3053 5123 et
3086 5068 3226 5123 alter
3262 5066 3331 5122 de
3365 5066 3485 5137 ipso
3526 5063 3759 5120 Domino

2175 5159 2469 5228 praedicet:
2497 5157 2603 5213 Hic
2635 5167 2713 5214 est
2749 5158 2892 5213 Deus
2937 5168 3136 5224 noster,
3182 5170 3231 5213 et
3270 5174 3372 5213 non
3405 5154 3758 5212 wstimabitur
3795 5185 3800 5192 -

2175 5248 2316 5303 alius
2366 5246 2435 5303 ad
2485 5249 2679 5315 eum";
2730 5248 2859 5305 item
2910 5249 3094 5305 alius:
3128 5253 3264 5304 Ecce
3312 5253 3465 5302 homo
3509 5244 3671 5300 simul
3709 5242 3794 5314 et;

2181 5341 2316 5396 Deus
2342 5356 2360 5396 :
2386 5340 2575 5397 Oriens
2600 5359 2785 5399 nomen
2817 5352 2893 5399 est
2920 5344 3009 5399 ei’
3035 5360 3048 5409 ;
3081 5351 3134 5399 ct
3162 5341 3330 5396 David
3360 5338 3662 5410 respiciens
3692 5334 3754 5388 ad
3782 5330 3795 5389 ἱ

3052 5524 3196 5580 ‘Isa.
3239 5537 3337 5587 xu,
3374 5521 3425 5575 6.
3530 5515 3732 5573 7.loau.
