4034 6216
322 4096 329 4123 1

328 4132 333 4173 ἲ

380 400 488 459 437
1431 404 1717 461 HOMILIA
1754 404 1792 458 1.
1816 403 1883 460 ΙΝ
1924 404 1987 459 Fl

2093 404 2150 460 '0
2188 403 2597 460 PALMARUM.
3557 403 3662 456 453

382 516 576 586 διξεν;
618 516 761 589 ῆτίς
798 519 1112 593 ὲξήγειρενς
1150 520 1235 587 τίς
1270 523 1492 592 ἐσόφισε
1521 523 1667 595 (75);
1703 525 1789 587 τίς
1827 522 1977 591 ἐξαί-

2093 524 2257 580 lieis?
2312 525 2443 594 quid
2488 538 2684 579 censes
2729 522 2797 577 de
2847 522 3050 592 hymno
3097 519 3463 576 lactentium‘!
3514 522 3664 590 quis,

383 628 527 683 φνης
585 612 957 683 ἁπειρολόγοις
1011 614 1213 669 δέδωκε
1264 615 1440 684 λόγον,
1478 618 1528 669 εἰ
1570 616 1646 687 μὴ
1680 614 1913 687 Χριστὸς
1947 618 1975 671 ὁ

2093 631 2287 688 ειυωεο,
2339 617 2513 671 lucem
2563 617 2648 672 his
2698 615 2966 685 praetulit?
3004 613 3130 684 quis
3166 630 3263 669 eos
3307 613 3518 677 docuit,
3571 621 3666 666 aut

383 701 711 771 προαιώνιος
754 704 957 772 Λόγος;
1014 704 1130 759 Νῦν
1172 707 1219 759 οἰ
1252 706 1383 771 νέοι,
1416 708 1603 771 παῖδες
1631 707 1768 778 ὁμοῦ
1794 724 1853 759 τε
1882 708 1977 760 καὶ

2093 709 2386 765 excitavit?
2429 709 2553 779 quis
2604 708 2842 763 erudiit?
2912 708 3036 778 quis
3090 713 3317 776 repente
3372 704 3663 760 verborum

384 794 559 864 νήπια
588 794 732 865 χειρὶ
782 797 880 866 μιᾷ
923 794 1091 866 μαζὸν
1130 798 1449 869 κατέχοντα,
1485 799 1579 851 καὶ
1624 802 1773 871 φωνῇ
1806 798 1976 870 ὕμνον

387 884 679 952 ἀγγελικδν
706 887 1088 958 ἁναμέλποντα
1107 905 1122 919 ⁸
1154 892 1301 961 χειρὶ
1332 892 1431 962 μιᾷ
1458 890 1627 961 μαζὸν
1655 891 1973 961 κατέχοντα.

389 978 482 1031 καὶ
497 976 632 1050 ἄλλῃ
650 997 710 1049 χε
719 980 1024 1052 ιρὶΧριστῷ
1038 981 1167 1054 βαΐα
1187 982 1498 1037 ἐπισείοντα
1513 1000 1525 1012 ·
1545 985 1578 1054 ἡ
1601 982 1974 1052 ἀπειρολόγος,

388 1067 639 1136 θεολόγος
686 1072 1029 1142 γεγενημένη
1075 1071 1272 1140 φύσις·
1322 1072 1486 1137 εὐθὺς
1516 1072 1607 1125 τὸν
1640 1072 1977 1144 προφητικὸν

388 1158 547 1228 λόγον
558 1160 677 1233 Θεῷ
691 1160 799 1215 τῶν
816 1163 1124 1233 ἀσωμάτων
1151 1164 1320 1236 ὕμνον
1340 1164 1416 1229 ὡς
1436 1165 1586 1236 δῶρα
1609 1166 1977 1243 προσάγοντα,

386 1250 524 1322 ὁμοῦ
550 1268 609 1305 τε
643 1253 735 1306 καὶ
767 1254 1060 1325 κράζοντα,
1121 1258 1386 1312 Ὡσαννὰ
1423 1259 1493 1311 ἐν
1522 1259 1646 1323 τοῖς
1670 1258 1978 1326 ὑψίστοις,

385 1345 794 1416 εὐλογημένος
844 1350 879 1401 ὁ
923 1348 1248 1419 ἐρχόμενος
1310 1349 1381 1404 ἐν
1438 1350 1682 1421 ὀνόματι
1735 1350 1979 1418 Κυρίου,

390 1435 537 1503 Θεὸς
569 1438 806 1505 Κύριος,
842 1439 941 1493 καὶ
968 1438 1273 1511 ἐπέφανεν
1298 1440 1465 1510 ἡμῖν.

388 1523 662 1591 ferentes,
729 1526 893 1582 simul
936 1537 1100 1599 atque
1146 1529 1511 1587 vociferantes

388 1621 531 1680 Deus
569 1620 850 1687 Dominus,
882 1632 932 1677 et
962 1625 1145 1678 illuxit
1180 1626 1352 1681 nobis.

459 1714 607 1784 Πρὸς
646 1712 683 1767 ἃ
718 1712 833 1782 ἐγὼ
852 1731 919 1767 πε
926 1717 1218 1789 ριχάριστα
1240 1717 1376 1788 ὁμοῦ
1394 1736 1452 1772 τε
1477 1720 1570 1773 καὶ
1588 1721 1839 1793 ἐφεὸρτια
1854 1722 1981 1777 ἀντ-

393 1801 660 1873 ιπερωτῶ
693 1802 823 1866 τοὺς
858 1805 1036 1875 ἱεροὺς
1074 1806 1299 1871 τούτους
1324 1808 1522 1872 παῖδας
1568 1810 1878 1882 θαρσήσας⁶
1912 1812 1978 1865 Τί

2084 803 2291 875 ignaris
2332 803 2485 856 verbi
2538 816 2695 856 usum
2736 800 3031 863 concessit,
3086 799 3194 854 nisi
3229 797 3486 852 Christus
3540 803 3668 849 ante

2087 896 2289 950 smcula
2355 892 2638 949 Verbum?
2682 891 2843 946 Nunc
2870 895 3124 958 juvenes,
3160 890 3314 960 pueri
3362 889 3567 957 pariter
3614 894 3669 941 et

2085 987 2349 1051 infantes,
2379 1003 2488 1041 una
2523 1002 2689 1040 manu
2726 1000 3022 1039 mammam
3057 983 3404 1054 prehendunt
3445 989 3500 1035 ct
3535 996 3671 1035 voce

2086 1075 2348 1147 hymnum
2393 1083 2601 1130 canunt
2639 1073 2990 1144 angelicum,
3043 1080 3098 1126 ct
3138 1074 3309 1126 altera
3341 1082 3468 1127 ante
3511 1071 3671 1125 Chri—

2085 1175 2229 1220 stum
2280 1165 2586 1237 palmarum
2624 1181 2810 1221 ramos
2858 1164 3098 1220 vibrant.
3155 1163 3436 1219 Orationis
3482 1164 3670 1234 ignara

2084 1266 2280 1311 natura
2333 1266 2556 1328 repente
2607 1256 2675 1313 de
2730 1256 2841 1312 Deo
2880 1258 3047 1311 verba
3106 1257 3287 1311 facere
3327 1256 3541 1320 didicit,
3586 1272 3673 1311 re-

2090 1353 2249 1417 pente
2280 1348 2583 1401 orationem
2612 1345 2985 1418 propheticum
3019 1346 3473 1415 ineorporeorum
3507 1344 3673 1415 spiri-

2088 1449 2242 1493 tuum
2285 1438 2395 1492 Deo
2426 1438 2687 1509 hymnum
2720 1448 2981 1508 tanquam
3025 1452 3255 1493 munera
3286 1436 3560 1507 quzcdam,
3590 1434 3674 1489 oio

1573 1545 1589 1584 :
1654 1530 1916 1586 Hosanna
1967 1531 2021 1585 in
2072 1530 2314 1598 excelsis,
2377 1528 2675 1584 benedictus
2728 1529 2817 1599 qui
2883 1529 3020 1583 venit
3060 1529 3115 1581 in
3163 1529 3372 1583 nomine
3441 1520 3675 1583 Domini;

2159 1713 2241 1767 Ad
2281 1727 2421 1783 quas
2446 1727 2546 1782 ego
2576 1726 2741 1767 voces
2771 1710 3020 1767 vicissim
3056 1718 3113 1763 ut
3142 1710 3281 1781 grati
3316 1709 3485 1765 animi
3513 1719 3567 1767 et
3586 1725 3676 1767 ce-

2089 1804 2359 1861 lebritatis
2390 1802 2628 1857 cilicium
2664 1802 2886 1871 aliquod
2922 1790 3474 1871 persolvamfsacros
3509 1801 3680 1857 hosce

388 1895 546 1964 φατὲ,
569 1888 615 1947 ὢ
638 1895 825 1959 παῖδες
839 1897 994 1961 Θεοῦ,
1022 1900 1210 1967 παῖδες
1226 1901 1631 1973 ἀνυμνήτορες;
1659 1902 1830 1977 Πόθεν
1853 1904 1981 1975 ὑμῖν

2093 1912 2291 1972 pueros
2345 1895 2604 1951 audacter
2650 1895 2931 1965 interrogo
2969 1913 2983 1949 :
3018 1892 3164 1959 Quid
3225 1893 3431 1958 dicitis,
3490 1910 3523 1949 ο
3578 1892 3673 1949 Dci

387 1985 421 2036 ὁ
449 1984 736 2055 ἰσόρροπος
765 1979 955 2051 οὗτος,
973 1987 1065 2041 τὸν
1093 1989 1412 2061 χερουϐικὸν
1449 1990 1617 2061 ὕμνον
1642 1992 1982 2063 ἀνακράζονι-

389 2092 519 2141 req;
574 2074 701 2138 Πῶς
732 2076 789 2130 δὲ
824 2077 919 2133 ἐπὶ
952 2077 1131 2133 πώλου
1158 2081 1393 2152 Χριστὸν
1434 2083 1669 2154 ὁρῶντες
1697 2086 1983 2156 ἀνθρωπο-

390 2167 620 2241 πρεπῶς
639 2186 654 2199 ο
698 2170 963 2226 Ὡσαννὰ
993 2172 1062 2225 ἐν
1083 2174 1207 2241 τοῖς
1231 2176 1538 2243 ὑψίστοις,
1570 2178 1728 2247 βοᾶτε
1760 2179 1987 2253 θεοπρεα

390 2260 538 2328 πῶς;
570 2260 695 2327 Ναὶ,
725 2263 857 2331 φασὶ
885 2264 1020 2336 πρὸς
1055 2266 1203 2337 ἡμᾶς
1229 2270 1276 2320 οἱ
1307 2267 1629 2340 θεορήτορες
1659 2270 1869 2333 παῖδες,
1893 2272 1991 2327 καὶ

388 2356 485 2411 ἐπὶ
538 2355 717 2409 πώλου
766 2357 1029 2429 αἰσθητοῦ
1072 2360 1309 2430 Χριστὸς
1349 2362 1660 2429 καθέζεται,
1702 2363 1841 2417 ἀλλὰ
1890 2363 1984 2416 τοῦ

392 2447 595 2502 κόλπου
624 2448 719 2501 τοῦ
764 2450 1033 2520 πατρικοῦ
1087 2452 1324 2523 οὐδαμοῦ
1368 2455 1697 2526 χωρίζεται·
1751 2456 1846 2509 καὶ
1896 2457 1989 2510 ἐπὶ

393 2538 574 2593 πώλου
610 2538 734 2592 δνου
766 2539 1081 2605 καθέζεται,
1121 2542 1258 2595 ἀλλὰ
1301 2542 1395 2595 τοῦ
1440 2543 1631 2615 θρόνου
1670 2543 1763 2596 τοῦ
1797 2560 1989 2615 χερου-

392 2630 550 2684 σικοῦ
596 2631 695 2684 οὐκ
724 2632 1187 2703 ἀπολιμπάνεται.
1248 2634 1388 2689 Ἀλλ’
1420 2635 1582 2699 αὐτὸς
1610 2636 1638 2688 ὁ
1664 2636 1814 2689 κάτω
1851 2635 1993 2706 μετὰ

395 2723 599 2794 σαρκὸς
648 2722 861 2794 βροτοῖς
908 2725 1238 2793 ἀνελλιπῶς,
1295 2725 1460 2790 αὐτὸς
1514 2726 1688 2790 οὕτως
1736 2728 1831 2780 καὶ
1878 2727 1991 2781 ἄνω

398 2816 537 2887 μετὰ
579 2818 795 2887 Πατρὸς
838 2817 973 2882 Θεὸς
1010 2819 1267 2891 ἀψευδὴς,
1310 2820 1404 2873 καὶ
1443 2820 1718 2891 ἀληθινὸς,
1762 2819 1923 2883 αὐτὸς
1964 2823 1991 2874 ὁ

395 2909 830 2979 παντοκράτωρ,
865 2911 960 2963 καὶ
1001 2912 1434 2983 κοσμοκράτωρ,
1485 2914 1581 2966 καὶ
1619 2913 1988 2984 ἐονοκράτωρ,

394 2998 488 3052 καὶ
519 2999 725 3071 ἀληθὴς
761 3000 915 3066 Θεὸς,
962 3003 1056 3055 καὶ
1084 3002 1340 3072 χορηγὸς,
1395 3002 1489 3056 καὶ
1536 3003 1861 3074 φυτουργὸς.
1898 3004 1993 3056 καλ⁴

393 3089 602 3161 ὁδηγδς,
634 3092 729 3144 καὶ
760 3092 955 3163 Σωτὴρ
990 3094 1229 3147 πάντων.
1276 3094 1447 3158 Αὐτὸς
1479 3095 1558 3157 εἰς
1589 3094 1688 3164 τὴν
1711 3094 1863 3147 κάτω
1900 3094 1995 3146 Ἱε-

397 3182 679 3255 ρουσαλὴμ
702 3183 1028 3253 εἰσέρχεται,
1047 3186 1142 3237 καὶ
1162 3184 1262 3255 τῆς
1278 3184 1390 3238 ἄνω
1410 3184 1470 3237 οὐ
1488 3184 1782 3257 χωρίζεται
1802 3202 1815 3215 ·
1841 3178 1994 3249 οὗτος

2091 1990 2266 2063 pueri,
2302 1989 2458 2059 pueri
2490 1988 2725 2058 hymnos
2759 1986 3161 2042 concinentes?
3199 1984 3482 2040 Undenam
3516 1986 3678 2041 vobis

2088 2099 2188 2155 par
2221 2081 2370 2136 istud
2422 2079 2661 2133 studium
2695 2087 2863 2147 atque
2908 2078 3248 2143 institutum,
3286 2076 3417 2131 dum
3454 2085 3675 2133 sancto-

2089 2192 2209 2231 rum
2254 2172 2537 2229 cherubim
2570 2171 2834 2242 hymnum
2885 2170 3052 2224 claris
3097 2171 3164 2225 ad
3207 2171 3410 2225 coelum
3448 2172 3679 2227 vocibus

2088 2266 2335 2325 elIertis?
2369 2264 2435 2318 Et
2458 2263 2735 2334 quomodo
2767 2263 3048 2319 Christum
3080 2263 3321 2317 humano
3345 2277 3499 2318 more
3527 2264 3676 2333 pttllo

2091 2359 2421 2413 insidentem
2448 2372 2571 2411 cum
2606 2354 2862 2421 videatis,
2888 2354 3145 2409 laudibus
3175 2368 3322 2418 eum,
3356 2369 3479 2423 qua:
3506 2352 3677 2407 Deum

2090 2450 2305 2510 decent,
2336 2447 2582 2513 ornatis,
2615 2444 2770 2510 dum,
2803 2442 3061 2498 "osanna
3085 2444 3137 2495 in
3166 2442 3409 2505 excelsis,
3455 2441 3680 2496 concla-

2092 2536 2290 2592 matis?
2335 2534 2500 2599 Sane,
2555 2534 2711 2587 aiunt
2767 2534 2927 2590 nobis
2973 2542 3224 2587 oratores
3264 2532 3436 2587 divini
3485 2536 3666 2603 pueri,

2091 2629 2258 2683 etiam
2311 2627 2570 2683 Christus
2616 2624 2819 2681 insidet
2852 2625 3073 2695 quidem
3120 2624 3274 2694 pullo
3302 2624 3536 2693 visibili;
3590 2640 3676 2680 vc-

2092 2728 2403 2774 rumtamen
2468 2734 2497 2773 a
2545 2718 2669 2773 sinu
2720 2725 2952 2787 paterno
3001 2732 3283 2787 nunquam
3347 2725 3672 2787 separatur;

2093 2811 2234 2865 asini
2258 2811 2408 2879 pullo
2428 2810 2665 2871 vehitur,
2692 2817 2745 2863 ct
2776 2824 2805 2860 a
2827 2816 3147 2861 sanctorum
3168 2808 3458 2864 cherubim
3480 2809 3682 2863 throno

2094 2903 2320 2956 minime
2350 2903 2540 2969 abest;
2584 2916 2772 2955 verum
2809 2901 2952 2956 sicut
2986 2901 3101 2969 ipse
3135 2899 3277 2955 infra
3314 2902 3496 2956 carnis
3527 2902 3684 2956 invo-

2093 2994 2248 3048 lucro
2283 3004 2335 3048 et
2370 2994 2554 3047 habitu
2602 2992 2919 3047 mortalium
2975 2993 3257 3048 consortio
3284 2993 3508 3049 assidue
3541 3009 3679 3063 pra:-

2095 3101 2223 3141 sens
2272 3094 2386 3139 est:
2447 3085 2528 3139 sic
2571 3093 2626 3138 ct
2678 3083 2820 3154 apud
2882 3100 3117 3156 superos
3177 3100 3287 3140 una
3339 3101 3466 3141 cum
3516 3085 3680 3141 Patre

2094 3175 2260 3241 Deus,
2294 3175 2388 3245 qui
2417 3175 2637 3229 mentiri
2670 3189 2779 3227 non
2807 3182 3009 3244 potest,
3041 3185 3095 3230 et
3128 3190 3294 3231 verax
3321 3176 3499 3241 adest,
3535 3175 3683 3231 idem

394 3272 671 3345 δποιητὴς
698 3274 807 3328 τῶν
827 3273 1039 3329 αἰώνων
1064 3276 1159 3329 καὶ
1181 3275 1241 3341 ἐξ
1265 3275 1497 3342 αἰώνων,
1524 3276 1618 3330 καὶ
1644 3278 1725 3339 εἰς
1754 3276 1954 3339 αἰῶνας
1970 3293 1984 3307 °

2093 3265 2467 3337 omnipotens,
2504 3281 2568 3320 ac
2601 3266 2789 3320 mundi
2833 3266 3170 3333 moderator,
3208 3274 3264 3322 ct
3313 3268 3558 3339 gentium
3605 3284 3686 3323 re-

395 3364 557 3429 αὑτός
577 3365 723 3420 ἐστιν
745 3367 774 3419 ὁ
792 3366 1028 3432 τανύσας
1050 3368 1143 3423 τὸν
1162 3369 1388 3441 οὐρανὸν
1411 3369 1569 3440 μόνος
1584 3386 1597 3399 ·
1622 3362 1773 3432 οὗτός
1796 3370 1941 3422 ἐστιν
1962 3371 1991 3422 ὁ

395 3454 716 3525 περιπατῶν
738 3457 832 3511 ἐπὶ
862 3456 1139 3529 θαλάσσης
1159 3460 1234 3523 ὡς
1257 3459 1352 3513 ἐπὶ
1389 3458 1620 3530 ἐδάφους
1639 3476 1655 3494 ο
1684 3454 1838 3524 οὗτος
1874 3459 1990 3530 ὁμίο

395 3545 501 3617 χλῃ
526 3546 626 3617 τὴν
657 3547 935 3604 θάλασσαν
977 3550 1404 3623 ἐσπαργάνωσεν
1428 3570 1441 3584 ·
1488 3546 1643 3617 οὗτος
1666 3553 1737 3607 τὰ
1769 3552 1991 3624 κλεῖθρα

396 3639 510 3701 τοῖς
544 3637 855 3710 ἀνθρώποις
882 3641 1209 3713 περιέθηκεν
1226 3660 1239 3673 ·
1277 3637 1431 3707 οὗτος
1455 3644 1615 3715 ὅρους
1642 3645 1763 3708 ταῖς
1786 3642 1987 3698 θαλάσ-

400 3745 522 3794 σαις
547 3730 802 3803 ἐμέρισεν
828 3749 841 3764 ’
870 3727 1026 3797 οὗτος
1047 3733 1307 3799 ἁπλώσας
1332 3738 1501 3805 γαῖαν
1520 3736 1606 3789 ἐπ’
1632 3736 1809 3790 οὐδενὶ
1832 3736 1990 3805 ἐκρέ-

403 3835 575 3890 μασεν
595 3834 608 3848 ·
644 3814 801 3885 οὗτος
841 3823 1122 3894 στοιχείων
1163 3824 1262 3889 τὰς
1296 3826 1521 3897 κράσεις
1553 3828 1845 3897 πανσόφως
1869 3828 1991 3881 ἐκέ-

402 3926 601 3980 ρασενο
661 3906 815 3975 οὗτος
849 3913 918 3966 τὰ
946 3913 1121 3985 κάλλη
1161 3915 1269 3968 τῶν
1314 3917 1500 3987 φυτῶν
1542 3919 1989 3991 κατεκόσμησεν·

400 3994 556 4065 οὗτος
585 4002 815 4071 ούρανδν
841 4004 917 4067 ὡς
942 4005 1155 4071 ἱμάτιον
1181 4006 1445 4073 ἐξέτεινεν
1461 4024 1476 4039 ο
1520 4003 1673 4072 οὗτος
1696 4010 1855 4063 αὐτὸν
1881 4028 1993 4079 φω-

404 4093 599 4164 στῆρσι
647 4092 922 4165 λαμπροῖς
981 4098 1379 4168 κατεκόσμησε.
1451 4099 1653 4153 Τοῦτον
1708 4101 1993 4171 φρίττουσι

402 4185 689 4256 χερουόὶμ,
718 4188 813 4239 καὶ
840 4186 1100 4257 τρέμουσι
1128 4190 1390 4259 σεραφὶμ,
1415 4190 1603 4243 τοῦτον
1634 4191 1796 4261 ὑμνεῖ
1818 4192 1991 4261 ἥλιος,

398 4276 588 4329 τοῦτον
633 4277 905 4346 δοξολογεί
955 4278 1175 4350 σελήνη,
1218 4278 1407 4333 τοῦτον
1440 4279 1648 4335 αἰνοῦσι
1692 4281 1761 4336 τὰ
1794 4283 1990 4354 ἄστρα,

400 4366 572 4439 τούτῳ
598 4367 942 4424 δουλεύουσιν
961 4372 1023 4424 αἱ
1052 4370 1246 4442 πηγαὶ,
1270 4370 1459 4427 τοῦτον
1483 4372 1798 4444 φρίττουσιν
1824 4374 1993 4427 ἄϐυσ-

404 4475 508 4526 σοι,
527 4459 717 4515 τοῦτον
736 4461 1004 4516 δεδοίκασι
1024 4464 1308 4536 τάρταροι,
1321 4464 1496 4536 τούτῳ
1514 4466 1728 4520 ὑπείκει
1744 4465 1813 4521 τὰ
1827 4467 1997 4540 κήτη,

402 4552 589 4607 τοῦτον
604 4553 865 4625 τρέμουσι
886 4555 1196 4627 δράκοντες,
1211 4556 1385 4627 τούτῳ
1406 4556 1747 4612 δουλεύουσιν
1770 4558 1988 4631 ὄμϐροι,

401 4643 590 4698 τοῦτον
622 4646 974 4702 εὐλαϐοῦνται
1012 4648 1299 4719 πνεύματα
1323 4663 1336 4677 ·
1387 4641 1542 4714 οὗτος
1575 4649 1849 4720 ὑπέστησε
1887 4653 1989 4719 φύ-

406 4753 538 4804 σεις,
564 4730 715 4803 οὗτος
741 4740 1046 4813 κατέστησε
1066 4740 1291 4808 κτίσεις,
1317 4734 1471 4807 οὗτος
1500 4743 1762 4808 κατέταξε
1784 4743 1985 4812 τάξεις,

402 4820 558 4892 οὗτος
607 4830 636 4882 ὁ
667 4830 776 4884 τῶν
823 4831 934 4885 ἄνω
981 4833 1071 4886 καὶ
1121 4832 1230 4887 τῶν
1292 4834 1442 4888 κάτω
1488 4835 1721 4889 κτίσεων
1761 4837 1990 4909 ποιητὴς

404 4918 536 4984 Θεὸς
556 4919 761 4992 Κύριος
788 4923 945 4994 ἡμῶν
965 4940 978 4954 ο
1032 4924 1126 4977 καὶ
1157 4924 1306 4997 αύτῷ
1336 4926 1369 4996 ἡ
1401 4925 1527 4993 δόξα
1561 4926 1657 4981 καὶ
1698 4928 1761 4982 τὸ
1788 4928 1988 5000 κράτος

404 5009 487 5075 εἰς
508 5012 635 5077 τοὺς
658 5012 863 5078 αἰῶνας
885 5015 995 5069 τῶν
1021 5016 1252 5071 αἰώνων.
1300 5018 1494 5090 Ἀμήν.

406 5105 630 5165 ordines
687 5108 984 5181 disposuit,
1030 5111 1123 5166 hic
1184 5128 1507 5184 superarum
1564 5124 1618 5171 et
1674 5115 1977 5173 inferarum
2013 5129 2393 5180 creaturarum
2433 5123 2661 5183 ell'ector
2692 5124 2839 5185 Deus
2882 5125 3151 5185 Dominus
3184 5135 3374 5187 noster

404 5200 512 5273 ipsi
569 5204 744 5275 gloria
797 5210 853 5260 et
913 5203 1204 5275 imperium
1260 5206 1319 5263 in
1377 5208 1585 5265 saaeula
1633 5212 1989 5270 saeculorum.
2032 5214 2229 5272 Amen.

474 5444 592 5520 (75)
622 5462 713 5519 γρ.
745 5447 1002 5521 ἐφόϐησε.

2095 3364 2237 3423 ctor,
2274 3365 2326 3411 et
2355 3373 2518 3413 verus
2551 3356 2716 3419 Deus.
2754 3365 2808 3412 et
2836 3358 3186 3429 coryphmus,
3221 3368 3276 3415 et
3297 3368 3476 3428 sator,
3505 3367 3560 3415 et
3591 3360 3685 3415 iti-

2094 3448 2242 3502 neris
2274 3445 2406 3511 dux,
2434 3455 2485 3502 et
2528 3458 2853 3503 cunctorum
2902 3448 3174 3505 Salvator.
3204 3449 3326 3521 ipse
3353 3450 3679 3507 inferiorem

2093 3538 2529 3608 Hierosolymam
2571 3539 2900 3610 ingreditur,
2939 3557 3041 3597 nec
3084 3557 3115 3595 a
3150 3543 3426 3613 superiori
3452 3558 3681 3614 separa-

2095 3642 2215 3700 tur;
2247 3634 2361 3704 ipse
2391 3633 2718 3688 saeculorum
2749 3641 2961 3698 auctor,
2995 3642 3050 3689 et
3082 3648 3112 3687 a
3141 3635 3367 3699 szeculo,
3402 3642 3457 3688 et
3493 3635 3549 3689 in
3581 3651 3681 3690 sa:-

2093 3728 2254 3793 c'nla;
2300 3727 2344 3781 is
2393 3734 2497 3791 est,
2555 3726 2649 3797 qui
2705 3726 2856 3782 solus
2905 3726 3105 3781 malum
3150 3728 3427 3796 extendit;
3474 3728 3565 3784 hic
3598 3737 3689 3785 est

2094 3822 2186 3892 qui
2223 3820 2541 3874 obambulat
2573 3834 2739 3889 super
2770 3834 2943 3883 mare,
2981 3828 3245 3889 tanquam
3288 3821 3344 3875 in
3387 3822 3492 3877 soli
3532 3823 3686 3893 pavi-

2096 3920 2283 3966 mento
2308 3930 2323 3978 ;
2348 3912 2433 3965 hic
2460 3911 2659 3966 nebula
2683 3910 3119 3977 mareinvolvit;
3146 3912 3234 3966 hic
3264 3921 3419 3983 septa
3451 3914 3686 3969 homini-

2094 4004 2200 4057 bus
2235 4002 2713 4070 circumscripsit;
2749 4002 2836 4055 hic
2868 4002 3006 4055 mari
3034 4004 3301 4059 terminos
3337 4003 3559 4072 divisit;
3596 4006 3685 4060 hic

2095 4102 2297 4147 terram
2330 4106 2453 4145 cum
2488 4093 2839 4161 explicasset,
2876 4092 3024 4144 nulla
3059 4107 3117 4146 re
3146 4092 3405 4161 fulcivit;
3429 4095 3519 4149 hic
3565 4088 3679 4151 elc-

2098 4192 2408 4239 mcntorum
2435 4187 2725 4241 mistiones
2756 4184 3167 4255 sapientissime
3200 4191 3564 4258 temperavit;
3590 4191 3683 4245 hic

2102 4278 2414 4348 plantarum
2482 4278 2690 4334 formas
2751 4278 3077 4348 exornavit;
3133 4280 3223 4333 hic
3288 4281 3689 4351 coelumquasi.

2094 4371 2482 4426 vestimentum
2512 4372 2792 4439 extendit;
2827 4372 2917 4428 hic
2963 4372 3145 4442 ipsum
3185 4374 3351 4429 claris
3411 4375 3686 4432 condeco-

2094 4464 2237 4517 ravit
2268 4462 2591 4519 luminibus.
2646 4462 2804 4520 Hunc
2847 4466 3076 4521 horrent
3114 4465 3425 4535 cherubim,
3478 4475 3533 4522 et
3573 4475 3683 4524 tre-

2096 4564 2254 4612 munt
2288 4557 2590 4628 seraphim,
2632 4558 2781 4613 hunc
2814 4560 3059 4617 celebrat
3091 4560 3196 4626 sol,
3229 4560 3375 4616 hunc
3405 4560 3534 4616 luna
3559 4562 3681 4633 glo-

2093 4649 2241 4705 riose
2265 4648 2550 4721 praedicat,
2581 4650 2732 4707 hunc
2763 4651 2993 4708 laudant
3033 4653 3237 4720 sidera,
3272 4653 3401 4709 huic
3431 4653 3681 4709 serviunt

2093 4743 2298 4810 fontes,
2329 4746 2478 4802 hunc
2509 4746 2705 4803 timent
2734 4748 2942 4821 abyssi,
2979 4749 3127 4807 hunc
3160 4759 3420 4807 verentur
3450 4759 3678 4815 tartara,

2095 4834 2224 4892 huic
2278 4838 2486 4895 cedunt
2532 4846 2674 4905 cete,
2726 4840 2875 4896 hunc
2908 4842 3177 4899 dracones
3234 4851 3500 4912 tremunt,
3550 4843 3680 4899 huic

2094 4931 2297 4989 imbres
2324 4933 2678 5003 ministrant,
2704 4935 2851 4992 hunc
2886 4939 3032 4993 venti
3072 4939 3399 5007 observant;
3432 4938 3524 4994 hic
3549 4953 3681 4996 ccn-

2096 5025 2274 5080 stituit
2313 5042 2498 5083 rerum
2528 5038 2779 5097 naturas,
2816 5030 2909 5088 hic
2957 5031 3205 5088 condidit
3246 5039 3554 5099 creaturas,
3590 5029 3682 5087 hie

3440 5145 3457 5184 :
3521 5129 3685 5193 atque
3722 5148 3727 5157 -
