4034 6216
320 1546 330 1581 ί

317 1805 341 1987 ἕ

379 359 482 416 Mi

1421 354 1707 418 HOMILIA
1739 354 1803 420 11.
1824 357 1891 416 ΙΝ
1933 354 2252 417 SABBATO
2289 359 2550 419 MAGNO.

3536 371 3651 428 Μιῖ

377 479 481 550 τῆς
514 474 849 549 οἰκονομίας,
884 474 1122 549 σήμερον
1154 474 1225 531 τά
1260 475 1362 549 τῆς
1409 476 1696 542 ἔξουσίας·
1732 476 1861 549 χθὲς
1890 476 1961 530 τὰ

2064 472 2191 528 Heri
2238 489 2362 544 quae
2415 477 2575 528 erant
2622 471 3121 530 administrationis
3172 477 3431 548 propria,
3482 480 3645 539 hodie

378 568 480 638 τῆς
512 566 818 631 ἀσθενείας,
864 568 1103 639 σήμερον
1143 567 1212 620 τὰ
1238 567 1342 639 τῆς
1368 567 1686 632 αὐθεντίας.·
1717 566 1845 638 χθὲς
1891 566 1963 621 τά

378 659 481 730 τῆς
506 658 925 729 ἁνθρωπότητος
950 699 966 725 ,
1014 659 1256 731 σήμερον
1308 658 1376 713 τὰ
1425 659 1527 730 τῆς
1577 659 1830 730 θεότητος
1876 659 1964 711 ὲνο

380 751 676 805 δείκνυται.
727 750 871 815 Χθὲς
910 751 1261 824 ὲρῥαπίζετο,
1297 751 1538 823 σήμερον
1584 754 1653 822 τῇ
1705 752 1959 821 ἀστραπῇ

379 840 482 911 τῆς
510 838 763 911 θεότητος
793 839 857 893 τὸ
894 840 990 893 τοῦ
1018 839 1144 911 ᾅδου
1183 840 1401 912 ῥαπίζει
1440 842 1758 911 οἰκητήριον
1778 856 1793 872 ο
1834 839 1963 910 χθὲς

382 931 682 1003 ὲδεσμεῖτο,
719 932 959 1005 σήμερον
981 932 1199 996 ἀλύτοις
1227 932 1444 1003 δεσμοῖς
1484 934 1814 1004 καταδεσμεῖ
1838 933 1951 1005 (80)

381 1022 473 1074 τὸν
518 1021 803 1093 τύραννον⁶
868 1022 997 1092 χθὲς
1062 1022 1486 1087 κατεδικάζετο,
1553 1025 1794 1095 σήμερον
1848 1027 1962 1089 τοῖς

384 1111 699 1175 καταδίκοις
725 1111 1037 1183 ἐλευθερίαν
1060 1113 1343 1185 χαρίζεται
1364 1130 1379 1144 ο
1413 1113 1541 1183 χθὲς
1572 1115 1839 1186 ὑπουργοί
1864 1114 1960 1175 τοῦ

383 1202 627 1257 Πιλάτου
668 1202 820 1273 αὑτῷ
865 1203 1174 1271 ἐνέπαιζον,
1229 1206 1469 1276 σήμερον
1497 1207 1548 1259 οἱ
1590 1207 1831 1279 πυλωροὶ
1864 1207 1960 1262 τοῦ

384 1296 513 1368 ᾇδου
538 1296 740 1360 ἰδόντες
768 1295 955 1361 αὐτὸν,
990 1296 1239 1369 ἔφριξαν.
1277 1297 1437 1351 Ἀλλὰ
1457 1298 1568 1368 γὰρ
1600 1299 1833 1353 ἄκουσον
1864 1299 1959 1353 τοῦ

385 1387 623 1459 Χριστοῦ
653 1387 861 1452 πάθους
884 1388 976 1442 τὸν
1023 1387 1181 1457 λόγον
1229 1388 1500 1461 ἀνώτερον
1523 1405 1537 1419 ⁸
1563 1391 1819 1456 ἄκουσον,
1865 1392 1961 1446 καὶ

385 1479 629 1551 ὕμνησον
648 1495 664 1512 ·
682 1481 936 1548 ἄκουσον,
955 1480 1050 1534 καὶ
1068 1480 1291 1548 δόξασον
1311 1498 1326 1514 ο
1347 1481 1482 1536 άκου
1491 1485 1702 1551 σον,καί
1723 1483 1961 1555 κήρυξον

383 1573 519 1626 θεοῦ
570 1574 784 1644 μεγάλα
826 1573 1139 1644 θαυμάσιαε
1189 1574 1305 1639 πῶς
1356 1578 1385 1629 6
1433 1575 1590 1647 νόμος
1648 1576 1957 1648 ὑποχωρεῖ’

384 1662 507 1726 πῶς
535 1664 569 1734 ή
609 1663 771 1733 χάρις
815 1662 1073 1717 ὲπανθεῐ·
1110 1664 1230 1728 πῶς
1254 1664 1305 1716 ei
1352 1663 1509 1718 τύποι
1552 1665 1957 1735 παρέρχονται’

324 1750 333 1822 ξ
385 1751 507 1815 πῶς
533 1752 590 1804 αἱ
614 1751 763 1809 σκιαὶ
790 1750 1159 1805 διαϐαίνουσιν
1185 1768 1201 1784 ·
1233 1750 1351 1815 πῶς
1382 1751 1411 1804 6
1458 1750 1611 1821 ἥλιος
1642 1751 1742 1822 τὴν
1776 1752 1960 1803 οίκου·

2062 577 2186 633 quae
2217 562 2504 632 potentiae;
2544 562 2665 618 heri
2699 578 2822 635 quae
2865 565 3288 633 imbecillitatis,
3331 569 3491 626 hodie
3521 586 3651 642 quae

2063 647 2493 715 dominationis;
2536 648 2654 703 heri
2705 666 2870 721 Opera
2904 652 3156 710 humanae
3205 663 3434 723 naturae,
3483 658 3647 716 hodie

2062 736 2372 793 divinitatis
2415 738 2804 794 ostenduntur.
2847 740 2974 797 Heri
3012 743 3184 815 alapis
3211 749 3643 817 percutiebatur,

2064 832 2225 888 hodie
2248 831 2461 903 fulgore
2480 832 2785 888 divinitatis
2803 833 3003 890 inferni
3027 839 3263 906 percutit
3284 839 3641 899 domicilium.

2062 922 2191 979 Heri
2224 924 2516 994 ligabatur,
2555 922 2716 979 hodie
2750 923 3137 982 insolubilibus
3165 930 3397 986 vinculis
3422 934 3648 1004 colligat

2062 1023 2378 1087 tyrannum.
2404 1014 2532 1070 Heri
2557 1016 3049 1079 condemnabatur,
3077 1018 3237 1074 hodie
3268 1021 3647 1081 condemnatis

2061 1106 2373 1162 libertatem
2396 1108 2644 1176 largitur.
2680 1106 2805 1163 Heri
2839 1107 3265 1165 ministriPilati
3298 1113 3374 1166 illi
3411 1114 3646 1170 insulta-

2061 1198 2217 1265 bant,
2252 1198 2416 1253 hodie
2448 1198 2716 1267 janitores
2745 1197 2945 1252 inferni
2979 1214 3048 1253 eo
3082 1201 3205 1255 viso
3244 1203 3472 1260 horrore
3513 1222 3642 1275 per-

2062 1292 2203 1347 culsi
2238 1300 2389 1347 sunt.
2421 1290 2623 1347 Verum
2651 1291 2933 1347 enimvero
2967 1293 3094 1346 audi
3126 1294 3331 1349 Christi
3367 1296 3643 1365 passionis

2059 1384 2331 1440 rationem
2365 1384 2749 1438 sublimiorem
2790 1401 2805 1437 :
2839 1383 2990 1444 audi,
3028 1394 3084 1438 ct
3106 1383 3371 1454 decanta;
3404 1388 3553 1453 audi,
3589 1396 3645 1443 et

2061 1475 2315 1541 celebra;
2362 1474 2515 1538 audi,
2562 1483 2617 1529 et
2667 1474 2904 1544 praedica
2940 1472 3033 1528 Dei
3084 1491 3280 1547 magna
3330 1477 3646 1532 mirabilia:

2060 1563 2341 1631 quomodo
2380 1564 2465 1619 lex
2510 1564 2691 1617 locum
2739 1564 2915 1631 cedit;
2965 1567 3244 1634 quomodo
3289 1569 3465 1637 gratia
3499 1567 3652 1622 emo-

2060 1654 2262 1720 rescit;
2294 1655 2572 1724 quomodo
2601 1655 2785 1725 ﬁgurae
2822 1663 3190 1724 praetereunt;
3227 1658 3502 1727 quomodo
3527 1674 3652 1713 um-

2064 1744 2175 1799 bra:
2195 1753 2515 1811 transeunt;
2562 1748 2839 1816 quomodo
2879 1748 2961 1801 sol
3004 1748 3189 1802 orbem
3234 1756 3503 1804 terrarum
3546 1752 3650 1805 im-

389 1842 560 1913 μένην
588 1843 790 1914 πληροῖ
810 1859 826 1874 ⁶
853 1842 971 1907 πῶς
1007 1845 1042 1913 ἡ
1088 1836 1300 1897 Παλαιὰ
1333 1815 1745 1895 πεπαλαίωται’
1781 1842 1899 1907 πῶς
1925 1845 1958 1913 ή

2065 1834 2205 1903 plet;
2260 1835 2536 1904 quomodo
2585 1815 2761 1890 Vetus
2808 1834 3226 1891 Testamentum
3289 1840 3648 1909 antiquatur;

385 1932 563 2004 Καινὴ
599 1931 939 2001 βεϐαιοῦταιο
973 1932 1093 1995 πῶς
1138 1932 1206 1986 τά
1253 1932 1454 2002 ἀρχαῖα
1500 1931 1819 2003 παρῆλθεν,
1868 1933 1964 1985 καὶ

326 2010 339 2107 ξὶ
384 2022 506 2086 πῶς
535 2022 606 2076 τὰ
630 2023 727 2077 νέα
776 2022 1072 2094 ὲπήνθησε.
1106 2022 1211 2076 Δύο
1243 2022 1363 2076 λαοὶ
1410 2024 1468 2077 ἐν
1498 2021 1637 2075 Σιὼν
1685 2021 1826 2075 κατὰ
1867 2022 1962 2075 τοῦ

342 2118 349 2137 ²
383 2111 624 2182 Χριστοῦ
670 2111 880 2176 πάθους
930 2112 1125 2184 καιρὸν
1179 2114 1591 2184 παραγεγόνασι
1616 2130 1629 2143 ·
1668 2114 1697 2164 6
1739 2112 1799 2176 ἐξ
1830 2113 1963 2165 Ἰου-

381 2203 547 2257 δαίων
574 2202 732 2273 ὁμοῦ,
768 2203 863 2257 καὶ
890 2206 919 2257 6
956 2205 1014 2270 ἐξ
1045 2203 1215 2257 ἐθνῶν
1238 2223 1250 2236 ·
1296 2204 1391 2257 δύο
1422 2204 1685 2273 βασιλεῖς,
1729 2205 1964 2269 Πιλᾶτος

384 2291 480 2343 καὶ
513 2290 760 2364 Ἡρώδης
782 2308 796 2323 ο
829 2291 925 2345 δύο
964 2293 1262 2364 ἀρχιερεῖς,
1298 2295 1498 2357 Ἀννας
1536 2295 1631 2347 καὶ
1664 2295 1920 2364 Καϊάφας
1945 2311 1960 2326 ο

384 2382 473 2439 ἵνα
498 2381 566 2435 τὰ
597 2381 692 2436 δύο
725 2382 862 2455 ὁμοῦ
892 2384 1075 2454 πάσχα
1114 2384 1402 2453 γένωνται,
1435 2386 1497 2438 τὸ
1528 2387 1626 2456 μὲν
1655 2388 1966 2441 καταπαυό-

386 2490 569 2543 μενον,
593 2474 654 2527 τὸ
688 2475 746 2528 δὲ
779 2474 879 2527 τοῦ
906 2476 1145 2546 Χριστοῦ
1192 2478 1586 2547 ἐναρχόμενον·
1638 2478 1733 2538 δύο
1777 2478 1960 2531 θυσίαι

381 2566 507 2618 κατ’
547 2565 721 2637 αὐτὴν.
761 2566 863 2638 τὴν
910 2568 1147 2638 ἑσπέραν
1195 2568 1577 2624 ἐπετελοῦντοο
1627 2568 1817 2641 ἐπειδὴ
1866 2570 1962 2622 καὶ

384 2656 672 2728 σωτηρίαι,
710 2656 928 2720 ζώντων
961 2658 1105 2727 λέγω
1146 2661 1240 2713 καὶ
1289 2659 1537 2731 νεκρῶν,
1574 2659 1963 2730 ἐπραγματεύ-

381 2763 526 2800 οντο.
570 2749 682 2801 Καὶ
720 2750 750 2802 ὁ
779 2749 878 2819 μὲν
919 2751 1172 2815 Ἰουδαῖος
1211 2751 1429 2822 ὲδέσμει
1478 2751 1621 2804 θύων
1670 2752 1842 2821 ἀμνὸν
1868 2746 1967 2804 ἐπὶ

384 2838 600 2909 σφαγὴν
627 2838 763 2911 (8|),
788 2843 816 2894 6
838 2841 895 2893 δὲ
918 2842 978 2906 ἐξ
1014 2842 1183 2895 ἐθνῶν
1215 2842 1347 2896 Θεὸν
1368 2844 1425 2895 ὲν
1461 2843 1647 2914 σαρκί.
1671 2844 1783 2898 Καὶ
1804 2845 1832 2896 6
1862 2844 1960 2913 μὲν

381 2931 447 2999 τῇ
485 2930 615 3000 σκιᾷ
641 2931 919 3000 ήτένιζενο
950 2933 979 2985 6
1025 2934 1083 2986 δὲ
1131 2934 1211 3003 τῷ
1245 2934 1395 3004 μήλίῳ
1432 2933 1552 3003 Θεῷ
1601 2934 1958 3005 προσέτρεχε.

384 3019 496 3071 Καὶ
530 3022 579 3073 οἰ
630 3021 731 3092 μὲν
772 3022 1037 3092 δήσαντες
1065 3023 1301 3093 Χριστὸν
1350 3025 1775 3094 ἀπεπέμποντο,
1821 3025 1872 3077 οί
1904 3025 1963 3077 δὲ

382 3112 443 3178 ἐξ
470 3114 641 3179 ἐθνῶν
674 3115 974 3187 προθύμως
1002 3116 1163 3170 αὐτὸν
1190 3117 1449 3186 ἐδέχοντο
1477 3116 1612 3186 (82).
1644 3117 1754 3170 Καὶ
1783 3118 1832 3169 οἱ
1865 3117 1961 3187 μὲν

382 3209 726 3280 ιιιτηνάθυτον,
752 3211 807 3262 οἱ
825 3210 883 3273 δὲ,
914 3210 1190 3281 θεόσωμον
1218 3209 1410 3263 θυσίαν
1435 3209 1792 3282 προσέφερον,
1820 3210 1960 3263 Ἀλλ’

382 3302 435 3353 οἱ
486 3301 585 3371 μὲν
632 3302 873 3357 Ἰουδαῖοι
931 3304 1031 3374 τὴν
1094 3302 1153 3368 ἐξ
1205 3301 1483 3372 Αἰγύπτου
1531 3302 1780 3358 διάόασιν
1831 3302 1962 3375 (85)

384 3392 754 3463 ἐμνημόνευον
780 3432 795 3456 ,
829 3395 879 3445 οί
927 3393 984 3447 δὲ
1028 3392 1090 3459 ἐξ
1134 3392 1307 3447 ὲθνῶν
1352 3392 1453 3464 τὴν
1502 3395 1567 3446 ὲκ
1607 3394 1708 3465 τῆς
1752 3393 1965 3466 πλάνης

384 3482 651 3553 λύτρωσιν
678 3484 1181 3561 προεκηρύττοντο.

456 3656 567 3712 Καὶ
595 3657 769 3711 ταῦτα
795 3658 935 3725 ποῦ;
985 3661 1044 3716 ὲν
1091 3660 1232 3716 Σιὼν
1264 3665 1331 3734 τῇ
1374 3661 1527 3716 πόλει
1555 3663 1651 3716 τοῦ
1690 3663 1961 3729 Βασιλέως

384 3748 478 3801 τοῦ
514 3749 750 3818 μεγάλου
772 3768 786 3781 ·
829 3753 889 3805 ἐν
993 3754 1290 3824 εἰργάσατο
1323 3754 1567 3826 σωτηρία
1600 3758 1659 3809 ὲν
1687 3756 1835 3827 μέσῳ
1866 3758 1965 3828 τῆς

386 3839 512 3907 γῆς,
546 3841 603 3891 ὲν
640 3841 791 3911 μέσῳ
821 3841 915 3895 δύο
936 3840 1090 3907 ζώων
1118 3845 1385 3913 γνωσθεὶς
1417 3844 1627 3913 Ἰησοῦς
1649 3847 1677 3898 6
1701 3847 1926 3910 θεόπαις
1944 3862 1959 3877 ·

387 3930 446 3983 ὲν
490 3926 639 3998 μέσῳ
662 3930 877 3999 Πατρὸς
908 3930 1004 3983 καὶ
1032 3933 1171 3985 Πνεύ
1182 3950 1348 4003 ματος
1379 3933 1493 3987 τῶν.
1514 3933 1608 3991 δύο
1638 3932 1813 3999 ζώων,
1849 3936 1963 4006 ζωὴ

392 4017 459 4066 ἐκ
479 4012 625 4084 ζωῆς
651 4014 785 4086 (84),
810 4018 967 4087 φησὶ,
994 4016 1138 4083 ζωὸς
1157 4020 1581 4091 γνωριζόμενος,
1599 4022 1695 4074 καὶ
1723 4025 1781 4076 ὲν
1813 4024 1964 4094 μέσῳ

385 4104 634 4174 ἀγγέλων
668 4107 762 4159 καὶ
801 4108 1107 4178 ἀνθρώπων
1157 4113 1225 4181 τῇ
1260 4112 1438 4182 φάτνῃ
1479 4113 1830 4183 τικτόμενοςο
1870 4116 1965 4168 καὶ

384 4192 444 4257 ἐν
476 4196 628 4269 μέσῳ
648 4196 743 4251 δύο
766 4197 910 4253 λαῶν
952 4198 1097 4264 λίθος
1126 4201 1522 4273 ἀκρογωνιαίος
1560 4203 1839 4274 κείμενος·
1869 4206 1965 4259 καὶ

384 4291 442 4347 ἐν
476 4290 628 4362 μέσῳ
656 4291 822 4362 νόμου
875 4293 970 4345 καὶ
1010 4293 1307 4365 προφητῶν
1346 4295 1483 4365 ὁμοῦ
1525 4296 1959 4367 κηρυττόμενος’

384 4381 478 4439 καὶ
507 4382 564 4449 ἐν
598 4382 751 4453 μέσῳ
782 4382 991 4454 Μωῦσῆ
1022 4384 1117 4438 καὶ
1152 4384 1311 4445 Ἠλία.
1350 4386 1444 4439 ἐπὶ
1475 4387 1569 4440 τοῦ
1607 4387 1766 4459 ὅρους
1795 4392 1963 4444 ὀπτα-

2063 1926 2340 1995 quomodo
2371 1924 2580 1979 Novum
2611 1925 2930 1992 stabilitur;
2967 1927 3242 1994 quomodo
3268 1940 3450 1984 vetera
3468 1937 3649 1985 trans-

2064 2018 2262 2083 ierunt,
2307 2026 2362 2071 et
2395 2017 2676 2087 quomodo
2724 2033 2862 2072 nova
2903 2018 3281 2073 cilloruerunt.
3318 2020 3433 2075 Duo
3464 2022 3648 2091 populi

2062 2116 2307 2178 tempore
2333 2108 2536 2164 Christi
2572 2109 2849 2178 passionis
2887 2109 2941 2163 in
2997 2108 3129 2165 Sion
3154 2111 3428 2166 aﬂuerunt
3460 2132 3473 2167 :
3506 2114 3650 2168 alius

2061 2214 2128 2253 ex
2178 2199 2384 2255 Judaris
2433 2202 2621 2267 simul,
2666 2203 2808 2257 alius
2865 2217 2932 2256 ex
2977 2204 3266 2273 gentibus;
3314 2204 3423 2259 duo
3470 2219 3650 2275 reges,

2063 2290 2274 2347 Pilatus
2322 2300 2377 2346 et
2436 2291 2713 2359 Herodes;
2772 2294 2881 2348 duo
2937 2294 3217 2364 principes
3272 2296 3648 2362 sacerdotum,

2060 2381 2249 2436 Annas
2279 2389 2335 2434 ct
2378 2380 2638 2451 Caiphas,
2670 2391 2731 2435 ut
2769 2380 2880 2435 duo
2920 2381 3084 2435 simul
3131 2380 3392 2450 paschata
3426 2381 3650 2446 ﬁerent;

2062 2473 2194 2526 illud
2238 2472 2455 2542 quidem
2488 2488 2739 2536 cessans,
2784 2480 2840 2527 at
2880 2472 3088 2529 Christi
3136 2474 3352 2532 initium
3387 2488 3649 2539 sumens;

2061 2564 2184 2620 duae
2215 2566 2453 2620 victimae
2494 2566 2687 2625 eodem
2738 2581 2965 2636 vespere
3014 2565 3461 2636 perﬁciebantur,
3508 2582 3652 2637 quo-

2062 2658 2210 2711 niam
2242 2667 2298 2712 et
2329 2658 2531 2727 duplex
2564 2659 2738 2721 salus,
2773 2659 3018 2711 vivorum
3051 2658 3277 2727 inquam
3323 2665 3379 2714 et
3409 2666 3651 2713 mortuo-

2062 2766 2207 2813 rum,
2251 2749 2669 2805 conﬁciebatur.
2706 2749 2786 2801 Ac
2839 2749 3074 2818 populus
3109 2748 3329 2818 quidem
3382 2747 3652 2803 Judaicus

2062 2841 2355 2909 colligabat
2396 2855 2597 2909 agnum
2650 2839 2973 2895 sacriﬁcans
3024 2839 3095 2893 ad
3145 2839 3369 2901 cardem,
3417 2839 3651 2909 populus
3687 2859 3699 2877 ι

2061 2944 2194 2983 vero
2232 2944 2296 2983 ex
2327 2930 2584 2998 gentibus
2634 2928 2803 2985 Deum
2856 2929 2911 2982 in
2944 2943 3133 2983 carne.
3169 2928 3263 2983 Ille
3288 2930 3538 2983 umbram
3572 2930 3652 2983 in—

2063 3022 2340 3085 tuebatur,
2361 3020 2449 3074 hic
2481 3020 2546 3074 ad
2584 3020 2754 3076 solem
2791 3018 2962 3074 Deum
2995 3022 3347 3075 accurrebat.
3391 3020 3653 3076 llliChri—

2066 3120 2210 3167 stum
2237 3112 2563 3175 vincientes,
2613 3111 2751 3169 alter
2799 3111 2957 3165 alteri
3011 3111 3499 3171 transmittebant:
3554 3113 3647 3168 isti

2067 3218 2198 3257 vero
2235 3219 2301 3261 ex
2327 3202 2581 3272 gentibus
2609 3201 2864 3256 alacriter
2894 3217 3018 3255 eum
3047 3202 3442 3271 suscipiebant.
3470 3201 3549 3256 illi
3583 3218 3651 3257 cx

2068 3294 2371 3366 pecudibus
2393 3300 2710 3357 mactatam,
2736 3293 2790 3347 hi
2817 3308 2947 3347 vero
2969 3292 3140 3347 divini
3164 3293 3381 3363 corpori
3415 3294 3657 3349 hust

2065 3386 2388 3441 oﬂ‘erebant.
2419 3384 2591 3440 Judaei
2627 3386 2807 3440 exitus
2835 3401 2899 3440 ex
2940 3384 3177 3457 [Egypto
3210 3385 3529 3440 memoriam
3561 3402 3649 3442 re-

2065 3479 2346 3543 colebant,
2383 3477 2439 3531 hi
2464 3478 2555 3548 qui
2581 3493 2645 3533 ex
2674 3477 2930 3549 gentibus
2958 3477 3337 3532 liberationem
3369 3492 3435 3532 ex
3459 3492 3650 3533 errore

2066 3571 2463 3643 praedicabant.

2136 3665 2203 3719 Et
2236 3666 2352 3720 hate
2386 3662 2524 3719 ubi?
2576 3661 2632 3716 In
2685 3661 2817 3717 Sion
2857 3660 3076 3717 civitate
3109 3661 3277 3733 Regis
3328 3663 3542 3733 magni,
3592 3661 3648 3717 in

2065 3774 2175 3831 qua
2207 3766 2467 3829 operatus
2498 3763 2583 3812 est
2613 3757 2849 3812 salutem
2882 3756 2937 3810 in
2962 3756 3143 3811 medio
3172 3763 3350 3811 terrze.
3389 3755 3443 3809 In
3471 3755 3663 3810 medio-

2064 3853 2298 3906 duornm
2326 3852 2575 3905 vivorum
2601 3850 2863 3919 cognitus
2887 3847 3051 3904 Iesus
3082 3846 3177 3903 Dei
3207 3848 3418 3915 Filius;
3456 3849 3510 3902 in
3543 3863 3655 3903 meo.

2065 3943 2165 3997 dio.
2200 3942 2382 3996 Patris
2435 3949 2490 3996 et
2538 3939 2780 4010 Spiritus
2823 3941 3024 4005 sancti,
3076 3938 3311 3994 duorum
3345 3940 3592 3993 vivorum
3632 3960 3646 3995 :

2063 4033 2199 4093 vita,
2247 4031 2447 4100 inquit,
2481 4046 2547 4083 ex
2588 4030 2723 4092 vita,
2758 4030 2918 4083 vivus
2968 4029 3211 4097 agnitus,
3258 4040 3312 4083 et
3364 4030 3417 4081 in
3469 4030 3658 4084 medio

2065 4122 2386 4191 angelorum
2412 4129 2465 4175 et
2494 4121 2778 4174 hominum
2806 4123 2859 4174 in
2885 4120 3115 4189 praesepi
3148 4121 3199 4172 in
3223 4121 3400 4174 lucem
3430 4120 3648 4185 editus;

2065 4219 2119 4266 et
2146 4211 2202 4263 in
2242 4208 2422 4264 medio
2453 4209 2688 4267 duorum
2728 4209 3054 4278 populorum
3085 4208 3223 4278 lapis
3247 4208 3528 4279 angularis
3560 4224 3658 4279 ρος.

2064 4301 2248 4365 situs;
2296 4306 2352 4353 et
2381 4300 2437 4354 iu
2480 4299 2660 4352 medio
2704 4299 2861 4369 legis,
2904 4300 3108 4368 pariter
3154 4314 3219 4353 ac
3260 4299 3647 4369 prophetarum

2063 4392 2452 4463 praedicatione
2509 4392 2857 4456 celebratus;
2920 4400 2976 4445 et
3021 4392 3075 4445 in
3118 4391 3300 4447 medio
3348 4391 3549 4462 Moysis
3594 4399 3657 4447 et

382 4470 642 4542 νόμενος·
677 4474 773 4535 καὶ
819 4475 878 4527 ὲν
932 4475 1084 4546 μέσῳ
1129 4476 1238 4538 τῶν
1289 4477 1384 4531 δύο
1432 4477 1646 4550 λῃστῶν
1696 4479 1829 4545 Θεὸς
1882 4481 1961 4554 τῷ

2065 4483 2194 4538 Elia:
2226 4485 2280 4538 in
2318 4491 2505 4538 monte
2534 4492 2863 4553 conspectus
2885 4501 2900 4551 ;
2920 4494 2973 4538 et
3003 4484 3055 4537 in
3091 4484 3270 4538 medio
3304 4484 3536 4539 duorum
3566 4485 3649 4539 lae

386 4560 695 4633 εὐγνώμονι
721 4565 892 4637 λῃστῇ
945 4564 1363 4638 γνωριζόμενος·
1425 4570 1522 4637 xei
1566 4570 1633 4630 €V.
1674 4571 1832 4643 μέσῳ.
1864 4573 1964 4645 τῆς

387 4651 667 4723 παρούσης
703 4653 849 4723 ζωῆς
879 4655 973 4708 καὶ
1019 4656 1120 4726 τῆς
1165 4656 1469 4728 μελλούσης
1506 4658 1698 4731 κριτὴς
1746 4660 1964 4727 αἰώνιος

387 4743 783 4814 καθεζόμενος·
834 4748 928 4800 καὶ
983 4748 1043 4801 ἐν
1088 4747 1240 4820 μέσῳ
1300 4751 1541 4821 σήμερον
1593 4751 1812 4815 ζώντων
1869 4755 1965 4808 καὶ

384 4835 596 4908 νεκρῶν
647 4837 830 4909 διττὴν
896 4840 1039 4911 ζωὴν
1106 4842 1198 4895 καὶ
1254 4843 1531 4913 σωτηρίαν
1575 4845 1961 4915 ποιησάμενος.

386 4928 583 4999 Διττὴν
619 4929 783 4983 πάλιν
812 4930 954 4999 λέγω
985 4931 1149 5003 ζωὴν,
1189 4933 1371 5005 διττὴν
1405 4934 1657 5006 γέννησιν
1696 4937 1832 5007 ὁμοῦ
1870 4937 1965 4990 καὶ

387 5017 769 5090 ἀναγέννησιν,
796 5021 891 5079 καὶ
917 5021 1148 5087 ἄκουσον
1177 5022 1288 5094 (85)
1322 5024 1562 5095 Χριστοῦ
1590 5025 1770 5080 διττοῦ
1800 5028 1963 5082 τόκου

389 5110 459 5173 τὰ
498 5110 833 5181 πράγματα,
874 5113 969 5178 καὶ
1004 5112 1190 5183 κράτει
1243 5114 1313 5180 τά
1373 5115 1650 5187 θαύματα.
1700 5118 1964 5190 Ἀγγελος

393 5201 492 5271 μὲν
522 5205 589 5274 τῇ
618 5203 814 5275 Μαρίᾳ.
839 5205 1112 5279 μητρικὴν
1128 5205 1223 5263 τοῦ
1256 5209 1493 5278 Χριστοῦ
1522 5211 1770 5284 γέννησιν
1798 5215 1965 5286 εύηγ-

389 5292 675 5361 γελίσατο’
720 5294 953 5363 ἄγγελος
983 5294 1042 5348 δὲ
1076 5297 1143 5367 τῇ
1173 5297 1364 5369 Μαρίᾳ
1400 5301 1465 5371 τῇ
1496 5301 1830 5376 Μαγδαληνῇ
1862 5306 1965 5377 τὴν

389 5385 458 5438 ἐκ
500 5386 594 5441 τοῦ
640 5388 813 5457 τάφου
862 5388 1095 5460 φρικτὴν
1147 5389 1504 5461 ἀναγέννησιν
1552 5394 1960 5465 εὐηγγελίσατο.

388 5475 565 5531 Νυκτὶ
591 5478 824 5550 Χριστὸς
848 5480 907 5533 ὲν
938 5479 1187 5553 Βηθλεὲμ
1213 5483 1467 5551 γεννᾶται
1486 5499 1500 5515 ’
1529 5486 1685 5539 νυκτί
1716 5487 1877 5543 πάλιν
1904 5491 1963 5544 ὲν

603 5650 695 5703 rp.
728 5633 1024 5707 διαδεσμεί.

461 5705 573 5844 Et“)
604 5721 696 5772 γρ.
727 5705 784 5759 ὲν
809 5705 1011 5778 σφαγῇ.

486 5777 572 5844 ei)
612 5792 699 5844 γρ.
739 5777 1011 5844 ὑπεδέχονι

486 5777 572 5845 ei)
612 5792 699 5860 γρ.
739 5777 1083 5857 ὑπεδέχοντο.

2068 4586 2287 4630 tronum
2323 4574 2467 4631 Deus
2498 4576 2671 4645 probo
2698 4576 2897 4630 latroni
2940 4577 3217 4647 cognitus,
3247 4576 3557 4647 sedensque
3591 4578 3659 4633 in.

2065 4667 2244 4724 medio
2260 4669 2550 4738 praesentis
2570 4668 2693 4722 vitae
2708 4674 2763 4723 ct
2780 4667 2977 4723 futura:
2990 4669 3157 4738 judex
3177 4676 3445 4737 aeternus;
3484 4677 3659 4739 atque

2065 4759 2120 4814 in
2168 4757 2346 4813 medio
2380 4758 2630 4812 vivorum
2677 4765 2732 4814 et
2775 4768 3138 4825 mortuorum,
3175 4761 3448 4831 duplicem
3486 4762 3647 4818 hodie

2063 4849 2233 4902 vitam
2287 4856 2342 4902 et
2370 4849 2604 4903 salutem
2643 4847 2896 4919 perfecit.
2938 4848 3223 4920 Duplicem
3270 4866 3491 4905 rursum
3521 4852 3645 4907 dico

2064 4939 2256 5007 vitam,
2284 4938 2563 5011 duplicem
2599 4941 3033 5013 generationem,
3064 4942 3339 5015 simulque
3368 4959 3647 5016 regenera-

2065 5033 2290 5089 tionem.
2328 5031 2397 5086 Et
2433 5034 2561 5088 audi
2595 5033 2802 5090 Christi
2835 5036 3078 5107 duplicis
3114 5037 3419 5093 nativitatis
3452 5053 3645 5109 opera,

2063 5133 2120 5181 et
2149 5124 2348 5196 plaude
2370 5126 2443 5180 ob
2474 5126 2762 5181 miracula.
2794 5128 3036 5200 Angelus
3069 5128 3287 5198 quidem
3319 5129 3503 5185 Mariae
3533 5145 3648 5185 ma-

2064 5222 2277 5271 ternam
2331 5216 2541 5273 Christi
2585 5218 3001 5289 generationem
3053 5219 3358 5286 nuntiavit;
3415 5219 3649 5290 angelus.

2064 5321 2197 5362 vero
2224 5305 2411 5362 Maria
2438 5307 2769 5377 Magdalenze
2791 5323 2856 5363 ex
2887 5309 3145 5379 sepulcro
3174 5310 3654 5381 regenerationem.

2066 5399 2436 5455 annuntiavit.
2468 5398 2643 5455 Noctu
2662 5402 2990 5458 Christusin
3023 5402 3339 5458 Bethlehem
3371 5402 3650 5460 nascitur,

2064 5501 2228 5549 noctu
2256 5508 2476 5547 rursum
2509 5492 2563 5547 in
2592 5492 2725 5549 Sion
2752 5496 3083 5552 renascitur.
3113 5494 3336 5549 Fascias
3356 5493 3505 5547 circa
3538 5506 3643 5554 nar.

2134 5647 2246 5731 ea.)
2282 5665 2374 5719 γρο
2412 5649 2511 5731 τῆς
2536 5648 2856 5731 ξιασξάεεωςτ

2136 5719 2247 5785 (8t)
2288 5716 2376 5788 γρ.
2409 5716 2516 5772 τῶν
2538 5721 2603 5772 ὲκ
2629 5720 2776 5789 ζωῆς
2798 5721 2956 5788 φύσει
2981 5716 3152 5782 ζώων.

2137 5789 2248 5863 (85)
2284 5806 2373 5867 γρ.
2404 5790 2564 5845 ἄκουε
2592 5790 2897 5861 ρητῶςδδιτ.
