4034 6216
393 346 498 405 μδ

1702 343 1917 399 DUBIA
1952 338 2095 399 AUT
2129 336 2401 401 SPURIA:

3550 353 3677 411 ιω

394 471 669 526 Civitatem
714 471 970 542 suscipit,
1015 469 1203 528 fasciis
1230 477 1287 526 et
1333 470 1424 527 hic
1467 469 1789 527 involvitur.
1834 466 1963 540 Myr-

2080 469 2147 539 τῇ
2179 465 2320 521 Σιὼν
2360 466 2765 534 ἁναγεννᾶτα-ι..
2798 465 3096 538 Σπάργανα
3142 483 3227 534 εις
3254 467 3354 541 τὴν
3398 472 3661 547 γέννησιν

393 560 551 613 rham
585 568 747 617 natus
782 562 1023 632 accepit;
1066 561 1344 632 myrrham
1369 568 1426 617 et
1453 562 1509 616 in
1542 560 1735 616 funere
1767 560 1972 615 aloem-

395 668 503 721 que
557 655 776 723 recipit.
830 654 946 708 Illic
999 652 1199 723 Joseph
1252 669 1357 708 nec
1404 654 1635 708 maritus
1670 653 1973 723 appellatur

394 745 626 801 maritus
656 744 857 806 Mariae,
908 759 973 799 ac
1006 745 1097 799 hic
1133 743 1334 815 Ioseph
1377 761 1443 800 ex
1481 745 1812 800 Arimathaea
1850 746 1972 800 vitae

393 841 594 889 nostra:
640 842 960 904 parentatur
1004 834 1256 890 ellicitur.
1318 834 1377 889 lu
1430 836 1743 890 Betlilehem
1796 843 1851 891 et
1913 835 1970 889 in

392 923 622 992 prmsepi
662 926 965 994 generatio,
998 940 1187 979 verum
1230 933 1285 979 et
1316 925 1369 979 in
1416 928 1668 998 sepulcro
1708 935 1968 997 tanquam

390 1012 447 1065 in
485 1016 715 1084 pmsepi
761 1015 938 1070 locus.
994 1014 1162 1069 Primi
1214 1026 1465 1087 pastores
1502 1018 1704 1073 Christi
1749 1018 1970 1072 nuntia-

390 1101 524 1157 bant
564 1107 1004 1175 generationem;
1044 1107 1138 1162 sed
1167 1116 1221 1162 et
1254 1109 1414 1179 primi
1442 1110 1687 1163 omnium
1719 1116 1970 1179 pastores

388 1191 595 1258 Christi
635 1195 893 1265 discipuli
934 1197 1404 1253 annuntiaverunt
1434 1197 1643 1254 Christi
1671 1216 1700 1253 a
1737 1200 1971 1255 mortuis

389 1286 878 1355 regenerationem.
913 1286 1029 1342 lllic
1050 1288 1184 1355 Ave,
1218 1292 1442 1359 angelus
1469 1291 1537 1345 ad
1568 1289 1846 1361 Virginem
1880 1306 1969 1345 ex-

387 1373 669 1441 clamavit,
714 1384 771 1431 et
818 1377 931 1441 hic,
993 1380 1181 1447 Avete,
1228 1382 1411 1451 magni
1468 1382 1685 1436 consilii
1740 1380 1969 1452 angelus

368 1463 643 1521 Christus
706 1469 848 1537 apud
886 1471 1141 1535 mulieres
1171 1476 1478 1543 usurpavit.
1508 1475 1567 1529 In
1600 1475 1777 1544 prima
1807 1488 1969 1543 gene-

388 1554 602 1617 ratione
645 1556 902 1615 Christus
940 1572 1065 1631 post
1111 1564 1474 1635 quadraginta
1521 1563 1644 1619 dies
1686 1564 1969 1633 ingressus

388 1654 475 1702 est
519 1648 575 1703 in
616 1656 930 1710 terrestrem
985 1654 1444 1726 Hierosolymam,
1497 1656 1552 1710 in
1586 1656 1871 1726 templum,
1913 1662 1969 1709 et

2074 559 2461 630 καταδέχεται·
2488 558 2782 630 σπάργανα
2802 560 2900 617 ml
2932 560 3164 615 ἐνταῦθα
3187 563 3656 626 κατατυλίττεται.

2072 651 2328 722 Σμύρναν
2354 650 2636 720 γεννηθεὶς
2666 650 2886 716 ἐδέξατο
2905 669 2917 682 ·
2944 653 3190 725 σμύρναν
3214 656 3311 709 καὶ
3341 658 3399 710 ὲν
3418 661 3485 729 τῇ
3510 663 3657 732 ταφῇ

2072 742 2167 794 ml
2201 740 2364 811 ἀλοὴν
2398 739 2776 811 καταδέχεται.
2812 740 2973 794 Ἐκεῖ·
2999 741 3197 812 Ἰωσὴφ
3224 742 3484 817 ἄνανδρος
3513 745 3659 815 ἀνὴρ

2071 832 2173 902 τῆς
2212 831 2433 903 Μαρίας
2464 832 2903 903 προσηγόρευται
2926 851 2940 865 ο
2985 834 3101 887 ἀλλ’
3140 829 3244 890 ὧδε
3293 836 3490 907 Ἰωσὴφ
3522 840 3552 891 6
3594 838 3659 905 ἐξ

2088 924 2450 995 Ἀριμαθαίας
2479 922 2747 995 κηδευτὴς
2762 924 2863 993 τῆς
2884 924 3032 994 ζωῆς
3059 925 3217 997 ήμῶν
3247 927 3655 985 ἀναδείκνυται.

2084 1016 2173 1070 Ἐν
2192 1014 2440 1086 Βηθλεὲμ
2468 1014 2563 1068 ml
2586 1016 2643 1069 ὲν
2672 1014 2848 1088 φάτνῃ
2880 1016 2910 1068 6
2938 1014 3103 1080 τόπος
3118 1017 3289 1088 (85‘)?
3321 1018 3456 1073 ἀλλὰ
3475 1020 3571 1075 ml
3594 1022 3669 1074 ὲν

2070 1107 2149 1178 τῷ
2169 1107 2324 1178 τάφῳ
2351 1106 2427 1170 ὡς
2460 1105 2552 1159 ἐπὶ
2575 1104 2826 1177 φάτνηςό
2856 1106 3038 1170 τόπος.
3060 1107 3273 1179 Πρῶτοι
3296 1109 3513 1164 πάντων
3531 1129 3656 1166 ποια

2074 1195 2236 1268 μένες
2287 1195 2387 1266 τὴν
2427 1194 2668 1266 Χριστοῦ
2716 1194 3133 1267 εὐηγγελίζοντο
3188 1198 3474 1269 γέννησινο
3518 1199 3659 1255 ἀλλά

2071 1288 2167 1342 ml
2196 1285 2405 1358 πρῶτοι
2444 1286 2662 1340 πάντων
2698 1285 2961 1354 ποιμένες
2995 1287 3235 1357 Χριστοῦ
3281 1289 3518 1360 μαθηταὶ
3560 1292 3658 1345 εὐ-

2067 1378 2476 1450 ηγγελίσθησαν
2493 1377 2588 1431 τοῦ
2617 1375 2855 1448 Χριστοῦ
2897 1375 2997 1447 τὴν
3038 1377 3103 1430 ὲκ
3136 1379 3348 1450 νεκρῶν
3388 1381 3658 1451 ἀναγγέν-

2068 1487 2244 1542 νησιν.
2282 1470 2449 1535 Ἐκεῖ,
2484 1470 2677 1540 Χαῖρε,
2706 1470 2736 1521 6
2779 1467 3010 1537 ἄγγελος
3038 1472 3105 1541 τῇ
3134 1470 3398 1543 Παρθένῳ
3417 1472 3613 1545 ἐϐόησε
3634 1488 3651 1504 ·

2069 1564 2163 1615 καὶ
2188 1560 2442 1626 ἐνταῦθα,
2470 1559 2729 1631 Χαίρετε,
2772 1561 2801 1613 6
2820 1559 2921 1629 τῆς
2947 1559 3187 1631 μεγάλης
3207 1560 3404 1632 βουλῆς
3419 1562 3677 1633 ἄγγελος-

2068 1652 2301 1723 Χριστὺς
2327 1652 2450 1714 ταῖς
2502 1649 2719 1719 γυναιξὶ
2769 1650 3161 1722 ἀνακέκραξεν.
3212 1651 3300 1707 Ἐν
3344 1655 3410 1723 τῇ
3461 1653 3656 1729 πρώτῃ

387 1737 606 1805 obtulit,
636 1749 697 1797 ut
719 1744 1142 1815 primogenitus,
1170 1762 1267 1815 par
1296 1754 1573 1802 turturum
1606 1746 1747 1814 Deo;
1776 1760 1963 1801 verum

2067 1745 2321 1815 γεννήσει
2352 1740 2589 1813 Χριστὸς
2644 1741 2786 1812 μετὰ
2826 1741 3233 1813 τεσσαράκοντα
3279 1744 3494 1814 ἡμέρας
3539 1747 3656 1799 sla-

385 1836 440 1889 et
478 1829 536 1884 in
574 1836 983 1892 resurrectione
1024 1852 1057 1895 a
1100 1839 1331 1893 mortuis
1365 1838 1621 1894 Christus
1660 1846 1784 1909 post
1823 1852 1965 1908 qua-

384 1919 641 1992 draginta
671 1924 789 1984 dies
816 1929 1066 1992 ascendit
1091 1930 1147 1987 in
1178 1945 1472 2001 supernam
1503 1931 1962 2002 Hierosolymam,

384 2026 416 2069 τι
445 2028 554 2083 qua
585 2031 693 2071 non
740 2028 859 2073 erat
890 2030 1206 2092 separatus,
1254 2032 1308 2077 et
1350 2024 1403 2077 in
1436 2038 1563 2078 vere
1603 2020 1801 2078 Sancta
1844 2037 1965 2076 san-

382 2112 619 2173 ctorum,
654 2124 714 2165 ut
741 2112 1142 2183 primogenitus
1178 2115 1529 2185 incorruptus
1562 2129 1593 2169 a
1622 2115 1875 2176 mortuis,
1909 2122 1965 2168 et

382 2196 584 2253 obtulit
630 2199 743 2257 Deo
795 2211 852 2258 et
902 2203 1049 2259 Patri
1096 2212 1355 2275 tanquam
1405 2206 1543 2260 duas
1584 2204 1964 2259 immaculatas

384 2294 659 2353 turtures,
702 2291 942 2347 animam
987 2302 1043 2348 et
1088 2308 1310 2353 carnem
1356 2302 1652 2350 nostram:
1699 2309 1860 2365 quem
1911 2302 1965 2349 ει

385 2381 656 2451 suscepit,
694 2384 858 2438 veluti
895 2384 1114 2440 Simeon
1158 2387 1407 2457 quidam,
1438 2387 1712 2457 Antiquus
1749 2388 1962 2442 dierum

382 2469 531 2528 Deus
559 2481 614 2529 et
638 2474 822 2540 Pater,
860 2485 1121 2551 tanquam
1148 2479 1202 2533 in
1235 2480 1419 2545 ulnas,
1445 2480 1499 2534 in
1532 2481 1784 2551 proprios
1807 2480 1963 2536 sinus

382 2564 505 2629 sine
532 2566 641 2620 ulla
663 2567 1201 2640 circumscriptione.
1228 2569 1287 2628 Si
1311 2587 1441 2627 vero
1464 2573 1579 2627 haec
1601 2579 1659 2625 ut
1688 2572 1960 2639 fabulosa,

381 2664 578 2716 etnon
614 2656 847 2713 ﬁdeliter
894 2660 1073 2726 audis,
1117 2669 1381 2717 accusant
1426 2670 1479 2717 te
1534 2677 1643 2717 non
1694 2662 1965 2719 dissoluta

381 2742 561 2812 sigilla
625 2748 1061 2815 regenerationis
1121 2749 1390 2811 Dominici
1439 2750 1640 2806 Christi
1698 2751 1959 2822 sepulcri.

382 2834 861 2900 Quemadmodum
912 2842 1058 2896 enim
1114 2844 1424 2914 obsignatis
1478 2846 1547 2899 ab
1598 2845 1715 2912 ipsa
1765 2853 1963 2906 natura

380 2927 572 2985 inditis
626 2930 1082 3001 patefacientibus
1132 2944 1347 2993 uterum
1395 2936 1653 2993 claustris
1702 2936 1960 3008 virginea:

379 3031 611 3089 naturae,
644 3023 902 3080 Christus
935 3041 1003 3080 ex
1032 3024 1260 3097 Virgine
1290 3036 1453 3083 natus
1491 3037 1610 3082 est:
1650 3028 1731 3081 sic
1757 3026 1960 3083 Christi

2067 1839 2229 1909 ἦλθεν
2254 1840 2337 1902 εἰς
2390 1837 2489 1908 τὴν
2541 1836 2787 1906 ἐπίγειον
2828 1835 3220 1908 Ἰερουσαλὴμ,
3266 1836 3344 1901 είς
3378 1837 3471 1891 τὸν
3503 1836 3654 1903 ναὸν,

2066 1932 2163 1981 καὶ
2216 1926 2572 1998 προσήγαγεν
2620 1924 2696 1988 ὡς
2744 1923 3091 1994 πρωτότοκος
3122 1923 3319 1992 ζεῦγος
3376 1925 3682 1996 τρυγόνων.

2065 2018 2215 2089 Θεῷο
2240 2016 2377 2070 ἀλλά
2411 2016 2507 2070 ml
2545 2016 2603 2069 ὲν
2633 2016 2701 2085 τῇ
2739 2016 2804 2067 ὲκ
2833 2013 3042 2086 νεκρῶν
3080 2014 3380 2071 ἀναστάσει
3420 2016 3661 2087 Χριστὸς

2069 2109 2209 2183 μετά
2245 2107 2657 2179 τεσσαράκοντα
2720 2105 2936 2177 ἡμέρας
2987 2105 3218 2176 ἀνῆλθεν
3270 2108 3352 2170 είς
3396 2106 3494 2177 τὴν
3540 2108 3663 2161 ἄνω

2077 2198 2454 2275 Ἰερουσαλὴμ,
2479 2198 2602 2252 ὅθεν
2630 2197 2733 2251 οὐκ
2769 2196 3083 2267 ἐχωρίζετο,
3128 2194 3225 2249 καὶ
3257 2196 3339 2259 είς
3374 2195 3446 2250 τὰ
3483 2195 3655 2260 ὅντως

2068 2293 2238 2360 Ἀγια
2257 2290 2372 2348 τῶν.
2383 2289 2555 2358 ἁγίων
2577 2288 2652 2351 ὡς
2675 2286 3017 2359 πρωτότοκος
3037 2284 3397 2357 ἄφθαρτοςὶκ
3421 2286 3651 2357 νεκρῶν,

2066 2386 2160 2440 ml
2192 2384 2513 2455 προσήγαγε
2542 2380 2621 2451 τῷ
2649 2379 2769 2450 Θεῷ
2810 2379 2905 2432 καὶ
2938 2378 3115 2449 Πατρὶ
3149 2377 3226 2442 ὡς
3258 2377 3352 2431 δύο
3388 2376 3661 2449 ἀμώμους,

2064 2474 2354 2547 τρυγόνας,
2392 2473 2492 2543 τὴν
2517 2470 2695 2550 ψυχὴν
2729 2470 2824 2532 καὶ
2857 2469 2955 2545 τὴν
2998 2471 3177 2541 σάρκα
3205 2468 3305 2540 τὴν
3339 2470 3651 2542 ἡμετέραν·

2063 2567 2121 2621 ὃν
2163 2566 2257 2619 ml.
2296 2563 2615 2635 ὑπεδέξατο,
2645 2561 2725 2625 ὡς
2752 2559 2975 2631 Συμεών
3019 2573 3126 2624 τις,
3178 2562 3207 2614 6
3257 2559 3497 2624 Παλαιὸς
3542 2562 3651 2615 τῶν

2064 2658 2289 2731 ἡμερῶν
2319 2657 2453 2720 Θεὸς
2484 2656 2579 2710 καὶ
2624 2653 2816 2725 Πατὴρ
2837 2692 2851 2718 ,
2888 2653 2965 2716 ὡς
3010 2654 3067 2706 ὲν
3097 2652 3366 2721 ἀγκάλαις
3409 2654 3469 2705 ὲν
3502 2651 3652 2716 ἰδίοις

2064 2752 2285 2813 κόλποις
2318 2747 2770 2820 ἀπεριγράπτως.
2827 2743 2954 2798 Ἐὰν
2983 2744 3041 2797 δὲ
3073 2744 3320 2813 μυθικῶς
3354 2743 3533 2798 ταῦτα
3555 2745 3653 2797 καὶ

2062 2844 2124 2896 οὐ
2152 2840 2359 2905 πιστῶς
2388 2839 2606 2909 ἀκούῃς,
2656 2834 3024 2909 κατηγοροῦσί
3049 2851 3143 2889 σου
3170 2838 3227 2889 αί
3254 2836 3439 2891 ἄλυτοι
3472 2852 3647 2907 σφρα-

2063 2934 2210 3008 γῖδες
2261 2931 2354 2986 τοῦ
2408 2928 2739 2984 Δεσποτικοῦ
2781 2928 2880 2999 τῆς
2942 2928 3355 3000 ἀναγεννήσεως
3410 2927 3655 2999 Χριστοῦ

2066 3025 2371 3095 μνήματος·
2405 3022 2614 3092 ’Ὠσπερ
2645 3019 2754 3091 γὰρ
2799 3018 3252 3092 ἐσφραγισμένων
3294 3018 3403 3074 τῶν
3436 3035 3649 3088 πανεμ-

378 3116 744 3183 regeneratio,
778 3132 902 3171 cum
930 3132 1040 3172 non
1072 3126 1259 3173 essent
1278 3127 1467 3188 aperta
1494 3120 1730 3190 sepulcri
1757 3119 1960 3190 sigilla,

2067 3114 2250 3184 φύτων
2293 3112 2709 3185 μητρανοίκτων
2730 3109 2995 3181 κλείθρων
3035 3113 3132 3182 τῆς
3167 3110 3507 3182 παρθενικῆς
3543 3108 3650 3180 φύ-

380 3203 525 3259 iacta
558 3214 662 3262 est.
700 3206 817 3273 Qua
850 3216 1033 3269 autem
1070 3212 1285 3265 ratione
1328 3217 1383 3265 et
1411 3226 1520 3281 quo
1553 3219 1819 3281 tempore,
1850 3219 1905 3273 et
1934 3227 1963 3266 a

2067 3223 2208 3269 σεως
2241 3204 2477 3279 Χριστὸς
2518 3203 2583 3259 ἐκ
2630 3201 2910 3274 Παρθένου
2944 3202 3301 3273 γεγέννηταιο
3340 3200 3514 3264 οὕτως
3543 3201 3654 3255 ἀδι-

380 3295 585 3365 quibus
626 3298 681 3351 in
714 3301 969 3368 sepulcro
1010 3300 1270 3366 Christus
1304 3301 1418 3356 vita
1465 3303 1749 3371 conditur,L
1777 3321 1970 3363 sacras

380 3385 619 3453 Litteras
652 3388 962 3453 audiamus.

468 3650 704 3721 Vespere,
750 3653 949 3723 inquit,
982 3653 1149 3723 facta,
1181 3656 1318 3715 venit
1357 3657 1512 3714 homo
1551 3660 1716 3725 dives,
1755 3662 1975 3719 nomine-

382 3743 595 3813 loseph.
632 3743 737 3799 Hic
776 3756 988 3816 sumpta
1029 3748 1259 3803 audacia
1296 3752 1560 3821 ingressus
1592 3762 1669 3807 est
1698 3754 1768 3807 ad
1812 3753 1966 3807 Pila-

386 3845 518 3900 tum,
545 3845 595 3890 et
621 3838 771 3907 petiit
796 3837 860 3897 ab
890 3856 950 3897 eo
973 3856 1161 3909 corpus
1180 3840 1310 3896 Iesu
1330 3844 1367 3897 ί.
1407 3843 1692 3915 Ingressus
1718 3846 1965 3903 mortalis

384 3929 452 3997 ad
490 3929 798 3996 mortalem,
832 3938 1029 4001 petens
1060 3940 1120 3986 ut
1150 3934 1385 4004 accipiat
1414 3933 1620 4003 Deum;
1655 3935 1823 3992 Deum
1859 3937 1966 3997 ἰιιι,ο

384 4019 672 4080 mortalem
721 4021 928 4091 poscit;
973 4022 1147 4077 lutum
1197 4039 1227 4078 a
1268 4024 1383 4079 luto
1430 4027 1679 4099 accipere
1727 4030 1963 4100 plastem

383 4110 666 4176 omnium;
698 4110 882 4167 fenum
923 4128 954 4169 a
993 4112 1115 4169 feno
1151 4116 1394 4185 recipere
1428 4117 1708 4173 ccelestem
1732 4120 1955 4192 ignem;

382 4210 535 4272 gutta
582 4203 793 4257 misella
844 4218 875 4257 a
930 4211 1082 4274 gutta
1134 4206 1341 4261 misella
1399 4207 1602 4276 accipit
1662 4210 1940 4279 abyssum.

383 4280 517 4370 Quis
548 4296 719 4351 vidit?
762 4297 887 4365 quis
930 4312 1168 4365 unquam
1199 4297 1362 4351 fando
1399 4300 1627 4363 audivit,
1680 4308 1736 4353 ut
1787 4301 1949 4356 homo

384 4388 593 4443 licinini
624 4387 889 4442 factorem
918 4388 1196 4441 hominum
1227 4389 1553 4458 largiretur?
1594 4391 1819 4463 Iniquus
1848 4395 1901 4446 in
1922 4422 1958 4447 .-

2064 3297 2327 3352 ανοίκτων
2350 3295 2521 3351 ὅντων
2555 3292 2666 3347 τῶν
2701 3291 2796 3346 τοῦ
2820 3292 2995 3362 τάφου
3018 3292 3330 3363 σφραγίδων
3353 3293 3388 3363 ἡ
3413 3292 3659 3359 Χριστοῦ.

2064 3389 2424 3459 ἀναγέννησις
2456 3386 2793 3458 πέπρακται.
2835 3384 2961 3449 Πῶς
2997 3385 3053 3437 δὲ
3087 3385 3145 3438 ὲν
3178 3384 3336 3454 τάφῳ
3370 3384 3464 3438 καὶ
3497 3384 3657 3448 πότε,

2064 3481 2158 3539 ml
2180 3482 2285 3534 ὑπὸ
2315 3480 2477 3534 τίνων
2499 3477 2734 3551 Χριστὸς
2756 3479 2789 3548 ἡ
2817 3476 2939 3551 διῖωὴΔ
2961 3476 3333 3540 κατατίθεται,
3358 3475 3465 3530 τῶν
3488 3476 3659 3547 ἱερῶν

2062 3573 2259 3642 λογίων
2288 3571 2635 3642 ἀκούσωμεν.
3248 3622 3252 3625 _

2146 3667 2350 3735 Ὀψίας
2409 3661 2736 3739 γενομένης
2761 3700 2775 3725 ,
2842 3661 3007 3732 φησὶν
3029 3702 3044 3726 ,
3101 3656 3288 3731 ἦλθεν
3343 3659 3654 3727 ἄνθρωπος

2064 3756 2361 3821 πλούσιος
2402 3754 2665 3825 τοῦνομα
2716 3749 2950 3819 Ἰωσήφ⁹
2980 3747 3161 3816 οὗτος
3188 3750 3496 3820 τολμήσας
3526 3753 3652 3803 εισ-

2063 3847 2254 3917 ἦλθεν
2287 3845 2437 3921 πρὸς
2468 3843 2751 3910 Πιλᾶτον,
2787 3843 2884 3896 καὶ
2913 3842 3183 3910 ᾐτήσατο
3209 3843 3348 3911 παρ’
3374 3842 3560 3897 αὑτοῦ
3580 3840 3649 3894 τὸ

2064 3938 2237 4008 σῶμα
2284 3938 2393 3993 τοῦ
2450 3934 2667 4004 Ἰησοῦ.
2712 3935 2977 4005 Εἰσῆλθεν
3021 3934 3207 4004 βροτὸς
3250 3934 3385 4006 πρὸς
3435 3932 3657 4004 βροτὸν,

2065 4028 2386 4100 αἰτούμενος
2431 4027 2617 4081 λαὸεἴν
2657 4025 2749 4079 τὸν
2783 4024 2941 4079 Θεόν*
2976 4024 3068 4077 τὸν
3111 4025 3245 4078 Θεὸν
3286 4024 3397 4077 τῶν
3442 4021 3649 4093 βροτῶν

2065 4121 2318 4174 αἱτεῖταν
2357 4118 2527 4190 πηλὸς
2555 4116 2692 4189 πρὸς
2725 4113 2901 4186 πηλοῦ
2926 4114 3034 4187 (86)
3072 4114 3259 4169 λαϐεῖν
3295 4114 3387 4167 τὸν
3429 4113 3648 4167 πάντων

2072 4211 2460 4283 ηλαστουργόν·
2492 4212 2522 4264 ὁ
2559 4211 2753 4282 χόρτος
2796 4209 2945 4279 παρά
2983 4210 3178 4281 χόρτου
3217 4207 3550 4279 κομίσασθαι
3585 4206 3651 4260 τὸ

2063 4304 2327 4375 οὐράνιον.
2346 4301 2476 4374 πῦρ·
2509 4306 2542 4374 ἡ
2581 4302 2794 4370 σταγὼν
2834 4303 2866 4373 ἡ
2906 4301 3099 4373 οἰκτρὰ
3129 4300 3217 4371 (87
3228 4309 3243 4363 )
3274 4299 3426 4371 παρὰ
3454 4298 3652 4367 σταγό-

2063 4411 2155 4457 νος
2199 4396 2427 4466 οίκτρᾶς
2477 4394 2745 4464 λαμϐάνει
2793 4393 2892 4465 τὴν
2947 4389 3201 4446 ἄϐυσσον.
3255 4392 3352 4455 Τίς
3404 4392 3511 4456 τδες
3563 4390 3651 4454 τίς

380 4492 614 4548 quorum
646 4494 709 4532 ac
742 4479 877 4548 legis
906 4480 1171 4534 amussim
1201 4479 1407 4535 donare
1446 4484 1754 4552 pollicetur.
1785 4484 1956 4541 Judex

2067 4487 2267 4558 ἤκουσε
2302 4486 2561 4554 iub-rore;
2604 4487 2924 4558 Ἀνθρωπος
2964 4485 3236 4557 ἀνθρώπῳ
3280 4484 3371 4538 τὸν
3418 4482 3677 4553 ποιητὴν-

381 4572 587 4641 nullius
623 4571 838 4641 judicii,
888 4579 1147 4641 tanquam
1175 4573 1385 4643 judicio
1426 4575 1765 4643 damnatum,
1807 4577 1957 4647 judi-

379 4678 500 4726 cem
532 4663 783 4734 judicum
816 4664 1188 4735 sepeliendum
1232 4668 1514 4737 permittit.

460 4933 699 5000 Vespere,
741 4934 943 5005 inquit,
979 4935 1145 5006 facto,
1189 4936 1328 4992 venit
1360 4936 1514 4992 homo
1556 4935 1719 5002 dives,
1751 4939 1961 4994 nomine

376 5026 594 5093 Ioseph.
640 5026 779 5083 Vere
812 5029 986 5091 dives,
1032 5029 1301 5099 siquidem
1349 5045 1565 5084 omnem
1600 5034 1959 5101 compositam

378 5119 596 5174 Domini
638 5119 975 5189 hypostasim
1027 5120 1235 5175 retulit.
1285 5120 1430 5175 Sane
1477 5121 1652 5186 dives,
1701 5125 1958 5191 quoniam

377 5208 651 5280 duplicem
706 5208 1073 5265 substantiam
1125 5208 1332 5265 Christi
1398 5224 1429 5264 a
1494 5209 1671 5266 Pilato
1726 5215 1958 5284 accepit.

374 5300 671 5359 Enimvero
700 5301 871 5367 dives,
903 5301 1164 5371 quoniam
1192 5301 1339 5357 haud
1377 5304 1704 5358 azstimatam
1743 5320 1961 5375 marga-

377 5399 425 5469 ri
436 5405 544 5452 tam
578 5396 778 5469 dignus
803 5394 1023 5453 habitus
1047 5404 1133 5453 est
1159 5404 1220 5452 ut
1244 5395 1473 5453 referret
1498 5414 1510 5452 :
1545 5411 1734 5453 revera
1759 5397 1947 5469 dives;

447 5516 467 5550 ⁸
490 5514 660 5572 Marc.
691 5529 781 5577 xv,
812 5511 882 5567 42
915 5527 1036 5583 sqq.

470 5630 579 5692 85‘)
602 5629 875 5697 interpres
903 5627 1031 5753 legit
1058 5628 1229 5687 τόκος.
1268 5627 1422 5689 Eutr.

473 5701 561 5753 86)
599 5717 687 5753 το.
719 5702 809 5751 τὸν
836 5696 946 5753 πηλ
979 5717 1027 5753 ν.
1322 5714 1323 5717 ‘

470 5631 579 5692 85‘)
602 5631 875 5697 interpres
903 5631 1031 5753 legit
1058 5631 1229 5687 τόκος.
1268 5631 1323 5689 Et

443 5631 561 5770 £86)
599 5717 687 5768 τρ.
719 5702 809 5751 τὸν
836 5696 946 5770 πηλ
979 5717 1027 5754 ν.
1322 5714 1323 5717 ‘

447 5770 560 5843 (87)
593 5784 680 5838 γρ.
719 5770 904 5839 μικρά.

2063 4580 2174 4634 τῶν
2206 4576 2513 4651 ἀνθρώπων
2555 4578 2863 4650 χαρίζεταιο
2909 4578 3109 4650 ἄνομος
3148 4578 3255 4631 τῶν
3300 4578 3516 4648 ἀνόμων
3555 4575 3653 4630 τὸν

2066 4673 2192 4745 ὅρον
2214 4673 2308 4727 ml
2328 4670 2422 4726 τοῦ
2450 4672 2615 4744 νόμου
2640 4669 2753 4740 (88)
2785 4672 3127 4742 ὑπισχνεῖται
3157 4668 3496 4740 χαρίζεσθαι·
3532 4683 3653 4739 κρι-

2062 4766 2162 4838 τὴς
2189 4766 2412 4837 ἄκριτος
2440 4765 2515 4829 ὡς
2556 4765 2884 4837 κατάκριτον
2926 4765 3015 4819 τὸν
3053 4764 3246 4836 κριτὴν
3288 4763 3395 4816 τῶν
3443 4760 3679 4833 κριτῶνΔ

2063 4858 2145 4921 είς
2172 4856 2350 4927 ταφὴν
2380 4855 2625 4927 ἀφίησιν.

2152 4947 2356 5013 Ὀψίας
2407 4945 2763 5015 γενομένης,
2825 4947 2989 5018 φησὶν
3011 4985 3026 5011 ,
3091 4941 3280 5015 ἦλθεν
3338 4945 3660 5013 ἅνθρωπος

2068 5040 2367 5102 πλούσιος
2387 5038 2651 5108 τοῦνομα
2678 5038 2911 5109 Ἰωσήφ.
2934 5041 3142 5102 Ὄντως
3171 5036 3442 5099 πλούσιος,
3466 5036 3669 5089 πᾶσαν

2067 5128 2166 5200 τὴν
2198 5127 2451 5181 σύνθετον
2476 5128 2571 5181 τοῦ
2601 5129 2808 5203 Κυρίου
2835 5129 2949 5201 (89)
2997 5128 3295 5182 ὑπόστασιν
3338 5125 3649 5197 κομισάμε-

2067 5236 2177 5283 νος’
2222 5218 2442 5290 ἀληθῶς
2486 5220 2763 5284 πλούσιος,
2813 5221 2895 5273 ὅτι
2948 5220 3048 5291 τὴν
3094 5218 3276 5291 διττὴν
3324 5217 3510 5272 οὐσίαν
3553 5214 3658 5271 τοῦ

2066 5314 2305 5384 Χριστοῦ
2340 5314 2492 5385 παρὰ
2520 5314 2755 5368 Πιλάτου
2793 5313 2972 5367 ἔλαϐε
3012 5314 3106 5367 ml
3132 5313 3241 5384 γὰρ
3273 5311 3548 5375 πλούσιος,
3570 5310 3653 5364 ὅτι

2067 5406 2158 5459 τὸν
2173 5405 2435 5478 ἀτίμητον
2459 5406 2808 5477 μαργαρίτην
2830 5404 3041 5476 ἠξιώθη
3062 5402 3417 5478 κομίσασθαι.
3446 5402 3652 5465 Ὄντως

2141 5632 2250 5702 (88)
2282 5649 2373 5702 γρ.
2407 5631 2500 5702 καὶ.
2523 5630 2614 5702 τόν
2644 5627 2826 5702 νόμον.

2141 5633 2229 5702 (88
2282 5649 2373 5702 γρ.
2407 5632 2500 5685 καὶ
2523 5632 2614 5683 τὸν
2644 5632 2802 5698 νόμον

2141 5632 2251 5775 (89;
2281 5720 2370 5781 γρ.
2409 5701 2501 5755 τοῦ
2530 5698 2802 5773 Σωτῆρος.
