4034 6216
285 390 397 453 448

1348 390 1637 448 ιιοΜιιιΑ
1670 391 1733 446 ll-
1754 393 1818 448 IN
1850 393 2160 452 SABBATO
2192 398 2454 456 MAGNO-

3446 400 3555 458 446

288 505 566 572 πλούσιος·
599 507 880 580 βαλάντιον
909 504 1017 578 γάρ
1048 505 1317 561 ἐϐάστασε
1343 507 1513 581 γέμον
1540 508 1633 562 τοῦ
1671 508 1875 583 θησαυ-

1979 512 2188 570 loculos
2234 515 2380 570 enim
2414 514 2622 581 retulit,
2658 514 2853 586 plenos
2894 513 3184 571 thesauros
3223 514 3547 572 divinitatis.

290 596 390 669 ροῦ
417 598 526 668 (90)
554 597 652 669 τῆς
700 597 971 668 θεότητος.
1014 596 1140 659 Πῶς
1180 596 1288 667 γὰρ
1328 597 1387 651 ού
1422 597 1679 664 πλούσιος
1706 600 1735 652 6
1770 599 1869 671 τὴν

285 687 384 752 τοῦ
422 688 627 758 κόσμου
657 686 803 757 ζωὴν
832 686 926 740 καὶ
957 685 1234 756 σωτηρίαν
1258 687 1628 757 κτησάμενος
1665 685 1782 751 πῶς
1814 687 1871 741 δὲ

286 782 349 835 ού
381 780 637 843 πλούσιος
672 780 891 850 Ἰωσὴφ,
918 778 1088 851 δῶρον
1112 777 1405 847 δεξάμενος
1424 778 1515 832 τὸν
1538 778 1716 833 πάντα
1745 779 1871 851 τρέ-

287 890 459 943 φοντα
485 873 581 927 καὶ
605 873 781 925 πάντα
801 870 1160 935 δεσπόζοντα;
1199 870 1404 938 Ὀψίας
1429 872 1777 941 γενομένης⁹
1802 868 1871 942 ἦν

287 965 400 1036 γὰρ
427 963 617 1017 λοιπὸν
648 962 814 1026 δύσας
857 963 916 1014 ἐν
960 961 1062 1033 ᾅδῃ
1108 963 1137 1014 6
1182 961 1283 1031 τῆς
1325 961 1672 1034 δικαιοσύνης
1697 962 1868 1033 ἥλιος.

287 1055 382 1109 Διὸ
417 1051 606 1125 ἦλθεν
651 1052 965 1120 ἅνθρωπος
1008 1051 1307 1117 πλούσιος
1353 1052 1614 1120 τοῦνομα
1657 1052 1869 1120 Ἰωσὴφ

287 1147 406 1217 ᾀθζὸ
447 1145 837 1227 Ἁριμαθαίας,
875 1143 943 1209 ὃς
972 1138 1052 1211 ἦν
1079 1144 1443 1211 κρυϐόμενος
1473 1143 1607 1215 (91),
1642 1143 1738 1197 διὰ
1766 1144 1873 1198 τὸν

286 1240 478 1308 φόϐον
501 1233 622 1289 τῶν
663 1234 978 1292 Ἰουδαίων.
998 1229 1180 1301 Ἦλθε
1210 1232 1279 1285 δὲ
1313 1233 1411 1285 καὶ
1442 1232 1799 1301 Νικόδημος,
1838 1235 1872 1286 ό

284 1324 483 1386 ἐλθὼν
509 1326 659 1395 πρὸς
695 1325 803 1379 τὸν
846 1323 1083 1392 Ἰησοῦν
1123 1322 1364 1392 νυκτός.
1407 1324 1719 1395 Μυστήργιον
1767 1341 1871 1394 μυ-

292 1420 533 1490 στηρίων
559 1418 877 1490 ἀπόκρυφον
902 1416 1037 1489 (9‘2).
1060 1416 1164 1470 Δύο
1184 1416 1422 1487 κρύπτοι¹
1444 1416 1683 1485 μαθηταὶ
1705 1434 1874 1471 κατα-

292 1511 500 1583 κρύψαι
543 1509 749 1579 Ἰησοῦν
777 1510 833 1562 ἐν
859 1507 1014 1578 τάφῳ
1045 1506 1317 1578 ἔρχονται,
1349 1507 1409 1558 τὺ
1438 1507 1677 1577 κρυπτὸν
1707 1508 1765 1559 ὲν
1793 1507 1873 1577 τῷ

291 1604 398 1677 ᾄδῃ
439 1602 734 1674 μυστήριον
768 1599 860 1653 τοῦ
900 1599 1145 1671 κρυπτοῦ
1189 1599 1324 1669 Θεοῦ
1356 1600 1414 1651 ἐν
1453 1599 1617 1670 σαρκὶ
1654 1598 1743 1651 διὰ
1775 1600 1873 1670 τῆς

293 1695 432 1757 ἰδίας
478 1692 734 1763 κρύψεως
778 1691 1142 1754 διδάσκοντες.
1192 1691 1419 1763 Ἕτερος
1456 1691 1513 1743 δὲ
1553 1691 1645 1743 τὸν
1687 1691 1873 1763 ἕτερον

286 1780 641 1856 ῥπερϐάλλων
676 1781 787 1851 (93)
817 1783 885 1851 τῇ
934 1780 1072 1853 πρὸς
1110 1781 1342 1851 Χριστὸν
1386 1780 1647 1851 διαθέσει.
1681 1782 1740 1834 '0
1776 1781 1873 1851 μὲν

1974 604 2263 670 Quomodo
2298 621 2406 660 non
2451 605 2626 670 dives,
2657 606 2917 660 nimirum
2955 606 3142 660 mundi
3176 606 3339 661 vitam
3370 614 3424 662 et
3464 624 3554 662 ειμι

1970 696 2143 750 lutem
2191 696 2431 751 nactus?
2474 694 2748 766 quomodo
2796 712 2904 749 non
2944 694 3097 750 dives
3131 694 3362 766 Joscph,
3407 697 3558 755 dono

1974 796 2201 859 accepto
2231 787 2478 852 Christo,
2512 788 2605 856 qui
2636 787 2819 840 omnia
2851 787 2967 850 alit,
3000 795 3054 841 et
3088 788 3341 842 omnibus
3369 789 3551 842 domi-

1970 879 2177 935 natur?
2224 877 2442 947 Vespere
2467 878 2609 946 facto
2636 891 2654 928 :
2680 886 2798 930 erat
2826 877 2972 930 enim
3009 892 3215 941 serum,
3249 892 3373 931 cum
3405 877 3554 932 occi-

1970 972 2144 1026 disset
2192 971 2247 1025 in
2303 968 2577 1023 infernum
2606 966 2837 1035 justitiaa
2879 966 2982 1019 sol.
3032 965 3377 1035 Quapropter
3414 967 3550 1018 venit

1970 1063 2123 1116 homo
2146 1060 2308 1114 .dives
2340 1060 2547 1112 nomine
2583 1055 2776 1124 Ioseph
2819 1053 2883 1107 ab
2922 1053 3268 1118 Arimathwa,
3310 1055 3400 1123 qui
3437 1064 3553 1109 erat

1971 1150 2212 1205 occultus
2263 1147 2593 1216 discipulus,
2649 1146 2710 1198 ob
2772 1153 2966 1196 metum
3009 1142 3342 1198 Iudaeorum.
3402 1138 3551 1196 Venit

1973 1251 2148 1296 autem
2176 1248 2227 1295 et
2265 1239 2611 1302 Nicodemus,
2640 1237 2731 1307 qui
2771 1244 2979 1289 venerat
3018 1233 3086 1291 ad
3115 1233 3299 1288 Jesum
3335 1237 3551 1287 noctu‘.

1973 1331 2291 1400 Mysterium
2332 1329 2717 1399 mysteriorum
2753 1324 3134 1382 absconditum
3170 1323 3317 1387 :duo
3355 1324 3553 1389 occulti

1977 1424 2238 1495 discipuli
2292 1423 2546 1477 occulere
2582 1418 2768 1485 Jesum
2804 1419 2859 1471 in
2890 1417 3143 1486 sepulcro
3176 1415 3424 1479 veniunt,
3457 1430 3552 1472 oc-

1973 1517 2185 1568 cultum
2215 1516 2270 1569 in
2305 1514 2518 1568 inferno
2548 1512 2868 1583 mysterium
2896 1509 3139 1565 :occulti
3173 1508 3267 1564 Dei
3304 1508 3356 1562 in
3388 1522 3555 1569 carne

1971 1620 2069 1677 per
2122 1605 2396 1674 propriam
2462 1603 2885 1659 occultationem
2950 1602 3149 1655 docent
3206 1598 3551 1670 mysterium.

1972 1696 2125 1752 Alter
2156 1704 2339 1761 autem
2367 1695 2596 1759 alterum
2626 1708 2727 1748 suo
2750 1708 2877 1762 erga
2911 1690 3189 1751 Christum
3223 1688 3394 1749 vincit
3424 1686 3556 1745 affe-

1977 1796 2093 1843 ctu.
2128 1785 2460 1842 Nicodemus
2487 1785 2705 1853 quidem
2735 1783 2789 1837 in
2823 1782 3044 1852 myrrha
3079 1788 3135 1839 et
3180 1780 3300 1835 aloe
3334 1792 3556 1844 magna-

285 1873 399 1944 γὰρ
425 1872 739 1943 Νικόδημος
774 1873 834 1924 ὲν
866 1874 933 1941 τῇ
966 1869 1203 1943 σμύρνῃ,
1235 1871 1330 1941 καὶ
1356 1872 1417 1927 ὲν
1443 1874 1510 1941 τῇ
1536 1872 1669 1942 ὰλόῃ
1702 1888 1873 1941 μεγαν

1979 1880 2200 1942 nimus;
2240 1876 2438 1944 Ioseph
2481 1889 2608 1930 vero
2660 1874 2731 1927 ob
2775 1871 3060 1927 audaciam
3101 1870 3364 1923 adversus
3406 1865 3554 1921 Pila-

286 1964 539 2034 λόψυχος·
569 1964 598 2017 6
630 1963 687 2016 δὲ
733 1962 931 2033 Ἰωσὴφ
961 1964 1018 2014 ὲν
1049 1964 1117 2032 τῇ
1155 1962 1292 2033 πρὸς
1320 1961 1554 2015 Πιλᾶτον
1579 1962 1755 2031 τόλμῃ
1781 1960 1877 2027 καὶ⁵

289 2055 575 2127 παρρησίᾳ
601 2053 934 2124 ἁξιέπαινος.
969 2046 1137 2123 Οὗτος
1168 2053 1276 2123 γὰρ
1307 2052 1485 2105 πάντα
1512 2052 1675 2120 φόϐον
1702 2052 1876 2127 ἀπορ-

289 2145 609 2217 ριψὰμενος,
647 2143 925 2214 τολμήσας
971 2141 1187 2212 εἰσῆλθε
1230 2142 1367 2213 πρὸς
1404 2143 1657 2202 Πιλᾶτον,
1695 2139 1876 2195 αἰτού-

291 2224 454 2305 μενος
494 2235 557 2287 τὸ
599 2234 758 2305 σῶμα
784 2232 880 2287 τοῦ
920 2232 1116 2303 Ἰησοῦ·
1162 2232 1256 2285 καὶ⁵
1290 2232 1548 2286 εἰσελθὼν
1582 2232 1876 2301 πανσόφως

287 2317 584 2405 ἐχρήσατο,
611 2324 698 2394 ἵνα
724 2323 822 2391 τοῦ
853 2324 1192 2394 ποθουμένου
1221 2322 1426 2377 σκοποῦ
1457 2323 1609 2386 ἐντὸς
1631 2312 1873 2394 γένηται.

286 2409 379 2469 Αιδ
398 2416 500 2468 οὐκ
527 2417 799 2487 ἐχρήσατο
822 2416 959 2486 πρὸς
982 2416 1221 2485 Πιλᾶτον,
1241 2415 1477 2484 κόμποις
1503 2415 1616 2486 (94)
1640 2415 1753 2468 τισὶ
1782 2414 1876 2483 καὶ.

289 2508 513 2581 ὑψηλοῖς
554 2509 814 2580 ῥήμασιν,
863 2508 952 2561 ἵνα
1004 2508 1081 2578 μὴ
1125 2509 1207 2571 εἰς
1246 2506 1416 2577 ὀργὴν
1447 2505 1636 2559 τοῦτον
1670 2505 1875 2575 ἐξάψας

286 2598 499 2675 ξκπέσῃ
539 2597 639 2670 τῆς
671 2599 961 2671 αἰτήσεως·
1002 2598 1124 2650 οὐδὲ
1160 2598 1310 2665 λέγει
1356 2596 1494 2668 πρὸς
1546 2596 1729 2649 αὐτόν’
1776 2596 1876 2665 Δός

291 2707 383 2763 μοι
409 2690 471 2742 τὸ
502 2689 665 2762 σῶμα
689 2688 783 2741 τοῦ
820 2688 1016 2759 Ἰησοῦ,
1046 2688 1142 2759 τοῦ
1173 2689 1280 2760 πρὸ
1317 2688 1565 2760 βραχέως
1603 2689 1693 2742 τὸν
1722 2688 1876 2758 ἥλιον

288 2766 662 2855 σκοτεσαντος,
694 2780 794 2843 τὰς
820 2780 1026 2851 πέτρας
1047 2781 1333 2851 ῥήξαντος,
1350 2774 1451 2847 καὶ,
1462 2781 1562 2851 τὴν
1590 2781 1693 2851 γῆν
1720 2782 1880 2851 δονή-

290 2891 521 2948 σαντος,
570 2874 665 2929 καὶ
703 2871 773 2925 τὰ
813 2875 1056 2942 μνημεῖα
1109 2871 1446 2938 άνοίξαντος,
1488 2872 1584 2925 καὶ
1610 2873 1671 2924 τὸ
1706 2856 1878 2926 καταέ

290 2964 549 3035 ⁴ητέτασμα
579 2961 674 3015 τοῦ
704 2962 833 3016 ναοῦ
882 2960 1186 3031 σχίσαντος.
1233 2961 1400 3035 Οἰιδὲν
1441 2960 1696 3025 τοσοῦτον
1741 2963 1879 3033 προς

290 3056 525 3128 ξῌλᾶτον
554 3055 727 3123 λέγει.

1976 1976 2090 2021 ιυιιι
2121 1975 2176 2022 et
2225 1966 2610 2025 conﬁdentiam
2640 1963 2799 2016 laude
2827 1962 3047 2032 dignus.
3082 1960 3179 2013 llic
3204 1958 3371 2023 enim,
3403 1963 3551 2012 metu

1976 2059 2127 2113 omni
2183 2056 2421 2125 abjccto,
2475 2060 2690 2123 sumpta
2744 2051 2966 2118 ﬁducia.
3023 2051 3305 2120 ingressus
3356 2058 3439 2103 est
3486 2047 3554 2100 ad

1976 2150 2209 2207 Pilatum
2235 2157 2423 2218 petens
2441 2160 2641 2215 corpus
2668 2142 2814 2207 Jesu,
2835 2151 2888 2196 et
2911 2141 3213 2211 ingressus,
3243 2138 3556 2208 prudentis-

1979 2242 2119 2299 sime
2155 2256 2215 2295 se
2243 2239 2433 2309 gessit,
2471 2247 2594 2291 voto
2636 2243 2693 2287 ut
2734 2250 2835 2289 suo
2864 2233 3150 2303 potiretur.
3193 2230 3406 2289 Idcirco
3444 2244 3554 2284 non

1976 2344 2061 2393 est
2098 2348 2229 2388 usus
2261 2328 2593 2401 jactabunda
2625 2327 2807 2395 aliqua
2831 2324 2899 2377 ad
2940 2323 3174 2376 Pilatum
3216 2330 3379 2392 atque
3413 2321 3557 2376 elata

1976 2426 2271 2479 oratione:
2311 2439 2379 2477 ne
2415 2422 2458 2476 si
2490 2436 2613 2474 cum
2659 2418 2725 2471 ad
2773 2418 2908 2470 iram
2952 2414 3365 2476 inﬂammasset,
3411 2413 3559 2471 exci-

1978 2516 2134 2570 deret
2186 2513 2485 2585 petitione;
2560 2524 2737 2578 neque
2789 2508 2869 2563 sic
2928 2506 3221 2575 compellat
3254 2504 3369 2560 :Da
3426 2502 3558 2557 mihi

1978 2622 2183 2677 corpus
2219 2602 2372 2670 Jesu,
2404 2603 2494 2675 qui
2536 2615 2708 2670 nuper
2743 2599 2915 2655 solem
2950 2596 3291 2657 obscuravit,
3333 2593 3425 2664 qui
3463 2608 3558 2662 pe-

1977 2705 2094 2751 tras
2150 2695 2377 2767 dirupit,
2429 2704 2627 2749 terram
2676 2688 2980 2753 concussit,
3030 2692 3380 2739 monumenta
3427 2680 3556 2752 ape-

1977 2790 2109 2854 ruit,
2146 2788 2325 2843 velum
2381 2785 2562 2865 templi
2595 2780 2838 2851 discidit.
2886 2778 3033 2843 Nihil
3069 2778 3177 2834 tale
3210 2776 3277 2832 ad
3324 2774 3564 2845 Pilatum

1979 2884 2244 2954 loquitur.

375 3145 536 3203 Ἀλλά
557 3119 645 3210 τι,
681 3119 899 3213 αττησίνν
926 3159 1048 3215 τινα
1074 3140 1301 3211 οἰκτρὰν
1321 3141 1455 3213 (95),
1490 3142 1720 3205 καὶτοῖς
1744 3143 1878 3209 πᾶσςι

2050 3145 2190 3212 Quid
2242 3143 2410 3213 ergo?
2456 3141 2782 3196 Petitionem
2829 3135 3119 3209 quamdam
3169 3127 3567 3201 miserabilem,

294 3236 520 3307 μικράν.
548 3230 628 3286 *Ω
656 3233 843 3305 κριτὰ,
875 3232 1198 3303 αἰτούμενος
1229 3231 1383 3303 παρὰ
1415 3232 1510 3285 σοῦ
1539 3232 1774 3304 ἐλήλυθα
1796 3232 1882 3287 ατ-

292 3342 447 3398 τησιν
477 3325 621 3380 πάνυ
647 3324 873 3396 μικράν.
909 3325 1021 3378 Καὶ
1055 3322 1245 3387 οὕτως’
1275 3323 1374 3386 Δός
1408 3340 1498 3393 μοι
1518 3324 1709 3394 νεκρὸν
1744 3323 1881 3395 πρὸς

290 3418 488 3489 ταφήψ
515 3415 576 3469 τὸ
604 3415 767 3485 σῶμα
793 3414 1002 3467 ἐκείνου
1030 3413 1125 3467 τοῦ
1151 3412 1301 3484 παρὰ
1330 3410 1429 3475 σοῦ,
1457 3404 1881 3484 κατακριθέντος

303 3504 479 3574 Ἰησοῦ
512 3503 606 3557 τοῦ
629 3501 940 3575 Ναζαρινοῦ
967 3501 1101 3574 (96),
1152 3499 1328 3571 Ἰησοῦ
1358 3497 1452 3552 τοῦ
1490 3497 1729 3569 πτωχοῦ,
1772 3499 1880 3568 Ἰη-

294 3596 388 3670 ςοῦ
420 3594 516 3650 τοῦ
538 3594 751 3659 άοίκου,
789 3593 964 3664 Ἰησοῦ
995 3592 1091 3647 τοῦ
1122 3588 1499 3663 κρεμαμένου,
1523 3588 1614 3642 τοῦ
1645 3587 1878 3660 γυμνοῦ,

291 3688 386 3765 ⁸’θεοῦ
411 3688 685 3753 εὐτελοῦς,
737 3687 916 3761 Ἰησοῦ
961 3687 1055 3742 τοῦ
1096 3687 1349 3748 τέκτονος
1390 3685 1530 3752 υἱοῦ,
1579 3684 1754 3754 Ἰησοῦ
1784 3683 1879 3736 τοῦ

290 3779 535 3854 δεσμίου,
572 3777 667 3833 τοῦ
708 3779 947 3851 αἰθρίου,
996 3778 1093 3833 τοῦ
1128 3776 1306 3843 ξένου,
1340 3777 1434 3831 καὶ
1472 3778 1565 3830 ἐπὶ
1593 3776 1743 3848 ξενίᾳ
1767 3777 1877 3847 (97)

290 3870 651 3941 ἀγνωρίστου,
681 3870 775 3933 τοῦ
811 3870 1316 3940 εὐκαταφρονήτου,
1343 3868 1437 3921 καὶ
1471 3868 1563 3936 ἐπὶ
1589 3856 1725 3921 πᾶσι
1752 3884 1881 3937 κρε-

293 3958 564 4031 μαμένου.
595 3960 695 4022 Δός
726 3977 817 4030 μοι
845 3959 1037 4013 τοῦτον
1064 3960 1153 4027 τὸν
1174 3959 1345 4025 ξένον·
1375 3959 1435 4029 τί
1456 3960 1562 4029 γάρ
1592 3975 1653 4010 σε
1683 3958 1884 4026 ὠφελεῖ

291 4051 356 4104 τὸ
382 4049 542 4120 σῶμα
572 4049 765 4102 τούτου
796 4050 890 4104 τοῦ
932 4050 1122 4115 ξένους
1173 4050 1273 4113 Δός
1315 4067 1405 4119 μοι
1439 4050 1637 4109 τοῦτον,
1663 4050 1753 4102 τὸν
1794 4048 1880 4113 ξέ-

290 4158 403 4205 νον·
430 4142 497 4194 ἐκ
532 4144 750 4213 μακρᾶς
776 4140 887 4211 γὰρ
910 4136 1076 4212 ἦλθεν
1107 4135 1209 4195 ὧδε
1241 4141 1345 4210 τῆς
1371 4139 1581 4210 χώρας,
1616 4141 1704 4193 ἵνα
1734 4139 1885 4211 σώσῃ

288 4234 386 4288 τὸν
420 4232 589 4297 ξένον·
622 4232 864 4302 κατῆλθε
898 4231 1009 4304 γὰρ
1039 4234 1119 4295 εἰς
1144 4230 1244 4303 τὴν
1280 4229 1564 4301 σκοτεινὴν
1594 4228 1885 4297 ἀνενέγκαι

291 4325 385 4384 τὸν
411 4325 581 4392 ξένον.
615 4324 717 4389 Δός
762 4342 853 4395 μοι
890 4323 1082 4378 τοῦτον
1105 4324 1205 4382 τὸν,
1231 4323 1406 4387 ξένον·
1449 4310 1615 4383 αὐτὸς
1653 4322 1760 4394 γὰρ
1791 4322 1885 4376 καὶ

299 4419 458 4491 μόνος
482 4418 720 4490 ὑπάρχει
752 4416 923 4482 ξένος.
962 4417 1064 4479 Δός
1096 4433 1188 4487 μοι
1210 4415 1400 4469 τοῦτον
1426 4415 1517 4467 τὸν
1542 4413 1711 4483 ξένον,
1738 4407 1882 4468 οὗτι-

1983 3251 2047 3291 ac
2088 3234 2307 3305 penitus
2332 3231 2526 3285 exilem
2560 3247 2571 3282 :
2614 3226 2658 3283 Ο
2684 3225 2872 3296 judex,
2913 3222 3037 3278 veni
3070 3226 3261 3291 petens
3295 3232 3324 3269 a
3356 3225 3406 3270 te
3465 3229 3565 3283 pe-

1982 3304 2230 3380 titionem
2280 3318 2577 3391 quamdam
2626 3316 2786 3369 valde
2828 3326 3076 3384 parvam.
3115 3309 3294 3378 Atque
3324 3307 3409 3389 ita
3444 3325 3456 3359 :
3490 3304 3565 3359 Da

1981 3417 2112 3473 mihi
2166 3422 2438 3469 mortuum
2490 3408 2556 3464 ad
2584 3406 2941 3479 sepulturam,
3000 3416 3200 3470 corpus
3240 3388 3384 3451 illius
3434 3410 3463 3448 a
3515 3402 3567 3448 te

1981 3504 2329 3561 condemnati
2384 3499 2513 3555 Jesu
2562 3495 2854 3559 Nazareni,
2910 3492 3038 3549 Jesu
3096 3487 3372 3560 pauperis,
3435 3483 3566 3554 chs‘u

1982 3593 2203 3647 domum
2254 3606 2359 3644 non
2412 3583 2850 3649 habentis,Jesu
2902 3578 3182 3651 suspensi,
3226 3576 3382 3637 nudi,
3417 3573 3579 3646 vilis,‘

1980 3682 2111 3747 Iesu
2164 3681 2303 3735 fabri
2336 3680 2450 3745 lilii,
2488 3676 2619 3743 Jeesu
2668 3675 2869 3745 vincti,
2898 3673 3000 3729 sub
3039 3671 3131 3727 dio
3161 3667 3430 3739 degentis,
3467 3666 3569 3719 ho-

1984 3775 2167 3845 spitis,
2224 3780 2277 3827 et
2344 3785 2571 3841 peregre
2620 3765 2909 3845 incogniti,
2958 3761 3223 3832 chpecti,
3288 3769 3341 3814 et
3404 3770 3584 3826 supra,

1983 3842 2173 3919 omnes
2202 3859 2480 3930 suspensi.
2514 3857 2596 3925 Da,
2628 3842 2771 3910 mihi
2802 3857 2948 3909 hunc
2986 3851 3359 3924 peregrinum.
3392 3847 3583 3916 Cujus,

1983 3955 2128 4010 enim
2153 3954 2252 4011 tibi
2281 3949 2536 4005 utilitatis
2576 3950 2683 4004 erit
2714 3964 2915 4019 corpus
2957 3946 3124 4015 hujus
3155 3942 3466 4015 peregrini?
3492 3939 3581 3999 Da.

1985 4046 2117 4101 mihi
2168 4034 2752 4113 hunc'peregrinum;
2813 4055 2843 4093 c
2894 4038 3190 4107 longinqua
3246 4036 3388 4091 enim
3423 4033 3577 4087 venit

1984 4138 2226 4206 regione,
2262 4144 2322 4201 ut,
2355 4140 2597 4191 servaret
2632 4130 3011 4200 peregrinum;
3054 4126 3335 4181 descendit
3367 4124 3423 4178 in
3447 4124 3582 4187 loca,

1986 4225 2297 4285 tenebrosa,
2345 4229 2404 4275 ut
2431 4221 2721 4277 reduceret
2748 4218 3119 4288 peregrinum.
3153 4213 3229 4268 Da
3257 4212 3387 4267 mihi
3422 4213 3571 4267 hunc

1987 4314 2371 4388 peregrinum;
2406 4312 2524 4383 ipse
2556 4310 2698 4363 enim
2732 4317 2785 4363 et
2823 4308 2973 4361 solus
3004 4315 3086 4361 cst
3118 4304 3458 4376 peregrinus.
3495 4302 3587 4359 Da.

1986 4406 2120 4461 mihi
2149 4405 2291 4457 hunc
2323 4400 2692 4471 peregrinum,
2728 4398 2887 4467 cujus
2923 4396 3201 4466 regionem
3242 4396 3563 4464 ignoramus

295 4484 386 4581 νρς
417 4510 515 4582 τὴν
556 4484 739 4582 χωνραν
770 4507 1076 4579 ἀγνοοῦμεν
1098 4484 1160 4560 *οἱ
1204 4506 1365 4574 ξένοι.
1414 4505 1514 4568 Δός
1564 4522 1652 4575 μοι
1701 4504 1878 4559 τοῦτον

1990 4513 2091 4553 nos
2139 4493 2435 4567 peregrini.
2493 4490 2567 4545 Da
2620 4489 2752 4543 mihi
2809 4490 2951 4542 hunc
2993 4487 3359 4558 peregrinum,
3410 4484 3580 4554 cujus

296 4604 388 4658 τὸν
414 4603 583 4669 ξένον,
610 4597 819 4665 οὗτινος
865 4601 957 4654 τὸν
1010 4599 1227 4670 πατέρα
1271 4597 1577 4667 ἀγνοοῦμεν
1625 4597 1674 4648 0i
1720 4594 1881 4661 ξένοι.

298 4696 399 4767 Δός
428 4714 520 4768 μοι
548 4694 739 4750 τοῦτον
763 4695 856 4747 τὸν
884 4693 1057 4758 ξένον,
1103 4686 1314 4753 οὗτινος
1352 4689 1445 4743 τὸν
1477 4688 1641 4758 τόπον
1668 4689 1764 4741 καὶ
1792 4687 1884 4741 τὸν

297 4788 478 4854 τόκον,
521 4789 619 4842 καὶ
645 4788 737 4849 τὸν
772 4787 977 4859 τρόπον
1020 4784 1323 4855 ἀγνοοῦμεν
1364 4784 1413 4836 οἱ
1444 4782 1606 4849 ξένοι.
1648 4781 1747 4844 Δός
1795 4797 1894 4852 μοι,

298 4879 489 4935 τοῦτον
516 4881 609 4935 τὸν
644 4879 815 4945 ξένον,
858 4878 951 4931 τὸν
976 4878 1136 4948 ξένην
1172 4876 1317 4947 ζωὴν
1360 4876 1455 4928 καὶ
1496 4874 1609 4944 βίον
1643 4872 1886 4943 ζήσαντα

301 4971 397 5025 ἐπὶ
424 4971 549 5037 ξένα
586 4973 716 5043 (98).
753 4971 853 5034 Δός
896 4986 986 5041 μοι
1029 4968 1217 5022 τοῦτον
1257 4968 1348 5021 τὸν
1378 4966 1700 5037 Ναζωραῖον
1736 4964 1887 5032 ξένον

304 5050 387 5129 [οὗ
410 5058 501 5112 τὸν
528 5058 686 5111 τόκον
710 5060 805 5112 καὶ
836 5058 926 5110 τὸν
966 5057 1167 5128 τρόπον
1188 5056 1495 5128 ἀγνοοῦμεν
1522 5057 1572 5109 οἱ
1604 5055 1761 5121 ξένοι.
1789 5054 1889 5117 Δός

306 5164 398 5218 μοι
430 5146 623 5202 τοῦτον
653 5148 747 5201 τὸν
782 5147 1030 5207 ἑκούσιον
1058 5145 1255 5218 ξένον],
1300 5146 1391 5199 τὸν
1432 5146 1507 5218 μὴ
1552 5145 1745 5217 ἔχοντα
1784 5138 1887 5219 ὦδε

303 5228 409 5296 ποῦ
437 5239 535 5312 τὴν
573 5239 816 5312 κεφαλὴν
847 5239 1022 5308 κλίνῃ.
1084 5241 1184 5305 Δός
1230 5257 1321 5312 μοι
1358 5237 1544 5294 τοῦτον
1585 5238 1677 5292 τὸν
1716 5237 1885 5311 ξένον,

380 5396 397 5429 ι
417 5395 573 5453 Joan.
602 5414 719 5465 xxx,
741 5398 832 5465 58,
861 5414 984 5468 sqq.

380 5509 494 5649 (90)
523 5528 610 5580 πρ.
649 5512 886 5581 γέμοντα
913 5509 1003 5562 τὸν
1022 5505 1314 5578 θησαυρόν.

381 5580 464 5645 (91
524 5598 616 5649 γρ.
646 5582 1041 5649 κρυπτόμενος.
1158 5648 1161 5649 ν

381 5580 494 5652 (91)
524 5598 616 5649 γρ.
646 5580 1041 5652 κρυπτόμενος.

650 5648 944 5738 μυστήρια(
973 5658 1027 5705 et
1060 5648 1375 5719 ἁπόκρυφα.
1488 5692 1499 5695 -

403 5722 494 5791 95)
520 5738 609 5789 πο.
641 5720 992 5790 ὑπερέϐαλλε.
1050 5766 1087 5779 τι

382 5792 437 5869 (9
445 5791 493 5865 ι)
524 5809 611 5861 γρ.
647 5808 710 5844 κο
716 5792 871 5861 μψοῖς
882 5836 892 5847 .

1984 4598 2193 4661 patrem
2236 4587 2552 4657 ignoramus
2593 4580 2887 4653 peregrini.
2923 4579 2997 4632 Da
3050 4578 3180 4631 mihi
3233 4577 3379 4630 hunc
3414 4590 3572 4646 pere-

1986 4683 2223 4755 grinum,
2270 4678 2430 4748 cujus
2477 4683 2531 4729 et
2594 4674 2800 4738 locum,
2858 4679 2911 4726 ct
2947 4679 3184 4741 partum,
3243 4676 3298 4723 et
3345 4666 3566 4723 modum

1994 4778 2313 4847 ignoramus
2378 4768 2673 4839 peregrini.
2714 4767 2789 4820 Da
2831 4765 2963 4831 mihi
3000 4763 3147 4826 hunc
3198 4758 3565 4831 peregrinum,

1993 4868 2084 4937 qui
2126 4867 2467 4937 peregrinam
2503 4864 2668 4929 vitam
2699 4866 2754 4913 et
2782 4861 2987 4913 victum
3037 4853 3288 4909 toleravit
3324 4866 3567 4922 peregre.

1993 4961 2068 5015 Da
2095 4961 2235 5029 mihi
2255 4960 2399 5012 hunc
2424 4955 2763 5009 Nazarcnum
2793 4950 3164 5022 peregrinum.
3214 4944 3375 5014 cujus
3415 4957 3574 5014 gene-

1990 5056 2280 5117 rationem,
2332 5057 2387 5104 et
2420 5049 2543 5102 vitae
2587 5046 2853 5100 rationem
2908 5044 3223 5114 ignoramus
3273 5033 3570 5108 peregrini.

1991 5144 2069 5205 Da
2096 5144 2226 5197 mihi
2254 5141 2401 5195 hunc
2430 5137 2795 5192 voluntarium
2832 5134 3197 5204 peregrinum,
3228 5144 3336 5182 non
3366 5124 3593 5188 haben-5

1993 5246 2101 5294 tem
2129 5236 2218 5293 hic
2243 5234 2334 5289 ubi
2366 5237 2528 5302 caput
2562 5230 2812 5285 reclinet.
2844 5227 2919 5281 Da
2949 5227 3079 5281 mihi
3108 5224 3252 5281 hunc
3276 5219 3544 5292 hospitem

2061 5500 2172 5571 (95)
2208 5517 2299 5568 γρ.
2329 5498 2544 5571 Δμικράν
2575 5517 2716 5571 τινα,
2745 5499 2838 5553 καὶ
2859 5498 3098 5571 οἰκτράν.

2062 5568 2174 5639 (96)
2209 5587 2298 5638 γρ.
2328 5568 2676 5639 Ναζωραίου.

2063 5636 2177 5709 (97)
2212 5636 2303 5709 in).
2341 5636 2535 5709 ξένοις.

2065 5708 2175 5782 (98)
2334 5708 2535 5776 ξένους,
