4034 6216
488 403 598 460 ΗἹ

1766 402 1975 459 DUBIA
2013 404 2161 496 AU.T‘
2194 404 2462 461 SPURlA.

3653 418 3776 470 ΜΒ

497 525 758 587 tanquam
806 514 1076 588 nospitem
1118 508 1174 572 in
1217 509 1457 590 hospitio
1500 517 1619 576 sine
1656 517 1819 574 domo
1855 535 2052 590 propri:

2178 520 2272 574 τὸν
2299 521 2375 584 ὡς
2407 517 2559 583 ξένον
2587 521 2680 574 ἐπὶ
2701 521 2860 594 ξένης
2887 523 3092 590 ἄοικον,
3119 523 3218 582 ἐπὶ
3243 524 3452 598 φάτνης
3475 526 3766 600 τεχθέντα.

491 608 548 661 in
589 607 820 677 praesepi
851 607 1202 662 collocatum.
1233 608 1310 662 Da
1352 608 1488 663 milii
1522 609 1668 664 liunc
1700 611 2072 681 peregrinum,

489 698 586 768 qui
627 714 696 753 ex
730 697 920 752 eodem
954 700 1210 769 prmsepi,
1249 706 1309 752 ut
1334 701 1681 771 peregrinus,
1722 710 1944 772 propter
1975 700 2074 758 He-

489 787 859 859 rodem‘fuga:
903 804 963 844 se
1001 789 1172 844 dedit.
1212 789 1287 844 Da
1333 791 1467 844 milii
1514 793 1659 846 hunc
1701 793 2070 863 peregrinum,

487 881 582 949 qui
619 881 690 934 ab
735 879 871 950 ipsis
903 880 1255 936 incunabulis
1292 881 1345 935 in
1382 882 1620 954 Aigypto
1658 884 1897 955 hospitio
1939 900 2073 941 usus

484 977 590 1036 est,
631 985 739 1024 non
783 970 1076 1026 habentem
1108 970 1408 1037 civitatem,
1456 988 1566 1027 non
1600 975 1800 1038 vicum,
1834 989 1946 1029 non
1981 974 2074 1029 do-

485 1072 659 1123 mum,
699 1075 812 1114 non
864 1060 1230 1125 mansionem,
1287 1076 1398 1116 non
1433 1071 1768 1131 cognatum;
1802 1065 1855 1118 in
1889 1073 2073 1120 extra-

489 1163 591 1204 nea
657 1164 787 1205 vero
845 1150 1070 1220 regione
1121 1158 1207 1205 est
1255 1151 1345 1206 hic
1389 1154 1736 1224 peregrinus.
1785 1153 1860 1208 Da
1911 1156 2067 1222 milii,

485 1253 520 1294 ο
553 1256 778 1310 praises,
829 1241 978 1295 hunc
1030 1242 1086 1296 in
1139 1243 1289 1313 ligno
1337 1243 1567 1311 nudum,
1623 1251 1682 1298 ut
1731 1245 2066 1316 cooperiam,

485 1332 579 1399 qui
609 1347 743 1386 mea:
769 1338 978 1387 natura:
1001 1338 1286 1403 cooperuit
1304 1335 1630 1390 nuditatem.
1659 1335 1735 1390 Da
1763 1338 1896 1391 mihi
1923 1337 2069 1393 hunc

487 1432 762 1478 mortuum
807 1423 962 1494 juxta
1003 1432 1058 1479 et
1103 1423 1296 1487 Deum.
1349 1434 1409 1480 ut
1447 1442 1570 1482 eum
1619 1436 1928 1499 conlegam,
1971 1428 2066 1500 qui

487 1529 638 1570 meas
679 1515 1003 1586 iniquitates
1050 1517 1315 1572 contexit.
1352 1517 1430 1571 Da
1465 1519 1619 1583 mihi,
1669 1534 1702 1573 o
1733 1535 1957 1590 praeses,
2006 1527 2067 1575 ut

485 1603 744 1674 sepeliam
786 1616 1082 1672 mortuum,
1126 1608 1220 1677 qui
1266 1608 1322 1662 in
1371 1607 1611 1663 Iordane
1659 1624 1838 1664 meum
1871 1625 2066 1681 pecea»

487 1707 601 1750 tum
645 1697 915 1768 sepelivit.
957 1697 1066 1753 Pro
1100 1707 1318 1756 mortuo
1365 1701 1617 1762 obsecro.
1646 1702 1740 1772 qui
1777 1702 1848 1757 ab
1879 1702 2064 1757 omni-

483 1789 587 1844 bus
628 1789 830 1860 injuria
867 1789 1115 1855 affectus,
1153 1792 1244 1861 qui
1283 1792 1352 1846 ab
1387 1795 1568 1847 amico
1603 1789 1949 1859 venditus,'a
1973 1793 2059 1849 di-

2179 611 2280 676 Δός
2311 629 2401 683 μοι
2428 611 2617 666 τοῦτον
2648 613 2740 669 τὸν
2771 614 2941 680 ξένον,
2987 615 3080 669 τὸν
3125 615 3185 682 ἐξ
3213 617 3387 684 αὐτῆς
3417 619 3519 690 τῆς
3550 621 3768 695 φάτνης

2174 701 2252 766 ὡς
2294 701 2447 769 ξένον
2487 703 2548 769 ἐξ
2582 703 2826 776 Ἡρώδου
2871 706 3131 775 φυγόντα.
3171 709 3272 774 Δός
3304 727 3394 781 μοι
3431 711 3623 768 τοῦτον
3667 715 3767 772 τὸν

2175 790 2344 858 ξένον,
2389 793 2482 847 τὸν
2528 794 2587 862 ἐξ
2632 795 2816 849 αὐτῶν
2861 795 2973 849 τῶν
3027 799 3359 870 σπαργάνων
3400 801 3461 855 ὲν
3492 803 3767 874 Αἰγύπτῳ

2175 881 2493 948 ξενωθέντα,
2519 885 2581 938 ού
2611 885 2766 940 πόλιν
2787 885 3001 958 ἔχοντα,
3028 888 3088 940 ού
3118 888 3333 960 κώμην,
3367 890 3466 945 οὐκ
3494 886 3666 958 οἷκον,
3697 894 3762 947 οὐ

2175 975 2363 1058 μονὴν,
2393 977 2456 1029 ού
2490 978 2746 1049 συγγενῆ⁶
2789 980 2876 1032 ἐπ’
2915 980 3225 1052 ἀλλοδαπῆς
3252 981 3309 1035 δὲ
3336 981 3523 1055 χώρας
3549 986 3764 1058 τυγχά-

2169 1079 2250 1115 νει
2269 1056 2424 1126 οὖτος
2450 1066 2478 1117 ὁ
2510 1062 2660 1130 ξένος
2680 1066 2816 1137 (99).
2841 1068 2941 1132 Δός
2969 1087 3080 1141 μοι,
3110 1063 3155 1123 ὦ
3183 1071 3429 1140 ἡγεμὼν,
3451 1073 3638 1129 τοῦτον

2169 1150 2261 1203 ἐπὶ
2293 1151 2451 1217 ξύλου
2488 1156 2714 1230 γυμνόν⁶
2771 1159 3035 1213 σκεπάσω
3076 1158 3169 1213 τὸν
3218 1161 3320 1232 τῆς
3359 1161 3500 1233 ὲμῆς
3538 1165 3764 1233 φύσεως

2169 1241 2522 1296 σκεπάσαντα
2561 1243 2863 1314 γύμνωσιν.
2916 1247 3015 1310 Δός
3064 1265 3154 1319 μοι
3193 1249 3383 1305 τοῦτον
3421 1251 3515 1306 τὸν
3557 1255 3760 1326 νεκρὸν

2166 1332 2304 1402 ὁμοῦ
2331 1334 2428 1387 καὶ
2449 1334 2602 1389 Θεόνο
2633 1337 2896 1391 σκεπάσω
2916 1339 3007 1392 τὸν
3031 1339 3130 1405 τὰς
3155 1340 3296 1412 ὲμάς
3322 1343 3552 1414 ἀνομίας
3586 1347 3757 1401 καλύ-

2164 1421 2360 1491 ψαντα.
2399 1424 2501 1488 Δός
2535 1443 2646 1496 μοι,
2684 1421 2731 1480 ὦ
2761 1427 3008 1499 ἡγεμὼν,
3045 1431 3260 1502 νεκρὸν,
3295 1433 3390 1486 τὸν
3421 1434 3514 1487 ἐπὶ
3549 1436 3756 1508 Ἰορδά-

2164 1529 2257 1567 νου
2298 1513 2398 1586 τὴν
2439 1515 2581 1588 ἐμὴν
2629 1519 2910 1590 ἁμαρτίαν
2951 1518 3279 1589 ὲνθάψαντα.
3337 1522 3510 1596 Ὑπὲρ
3551 1527 3753 1598 νεκροῦ

2165 1605 2470 1675 παρακαλῶ
2501 1607 2606 1659 ὑπὸ
2640 1609 2860 1662 πάντων
2893 1609 3264 1681 ἀδικηθέντος,
3298 1613 3403 1666 ὑπὸ
3430 1615 3587 1683 φίλου
3609 1635 3757 1688 πρα-

2163 1693 2365 1762 θέντος,
2393 1696 2500 1749 ὑπὸ
2529 1697 2774 1768 μαθητοῦ
2802 1699 3180 1770 προδοθέντος,
3211 1703 3317 1754 ὑπὸ
3351 1704 3598 1776 ἀδελφῶν
3625 1708 3758 1762 διω-

2161 1786 2400 1857 χθέντος.
2439 1790 2534 1842 καὶ
2571 1789 2678 1844 ὑπὸ
2702 1789 2890 1844 δούλου
2915 1792 2990 1864 (1)
3027 1793 3403 1863 ραπισθέντος.
3451 1797 3623 1868 ’Υπὲρ
3663 1817 3757 1852 νε·-

481 1881 695 1952 scipulo
724 1883 996 1952 proditus,
1033 1899 1063 1938 a
1106 1883 1375 1940 fratribus
1402 1884 1766 1941 insectatione
1807 1893 2052 1950 vexatus,

2164 1878 2300 1952 κροῦ
2341 1879 2653 1953 πρεσϐεύω,
2698 1882 2794 1936 τοῦ
2826 1881 2932 1935 ὑπὸ
2956 1883 3067 1938 τῶν
3098 1884 3188 1937 ὑπ’
3215 1885 3382 1940 αὐτοῦ
3413 1889 3477 1941 ὲκ
3506 1889 3754 1955 δουλείας

479 1989 510 2035 a
542 1987 703 2029 servo
733 1975 906 2045 alapis
939 1990 1237 2045 percussus
1282 1984 1398 2045 est;
1432 1992 1532 2046 pro
1567 1984 1786 2032 mortuo
1813 1992 1932 2044 oro,
1965 1978 2058 2048 qui

478 2075 563 2121 est
585 2065 652 2120 ab
685 2065 753 2121 iis
785 2067 1204 2132 condemnatus.
1233 2070 1326 2138 qui
1359 2079 1488 2124 sunt
1520 2069 1589 2123 ab
1610 2085 1674 2124 eo
1704 2085 1770 2124 ex
1798 2071 2059 2127 servitute

479 2156 695 2218 liberati
719 2174 738 2227 ί
761 2158 854 2226 qui
884 2165 970 2211 est
1002 2159 1073 2214 ab
1123 2161 1215 2225 iis,
1252 2175 1392 2230 quos
1434 2161 1552 2229 ipse
1602 2161 1840 2227 sanavit,
1868 2161 2058 2215 vulne-

478 2257 672 2304 ratus:
710 2249 804 2320 qui
836 2257 923 2304 est
970 2265 999 2304 a
1035 2250 1326 2321 discipulis
1357 2250 1634 2316 desertus,
1670 2252 1896 2322 ipsaque
1939 2267 2057 2306 ma-

479 2347 564 2392 tre
594 2341 876 2410 privatus;
910 2357 1010 2415 pro
1051 2351 1293 2409 mortuo,
1334 2358 1368 2396 ο
1397 2359 1621 2414 praeses,
1659 2345 1933 2414 supplico,
1963 2344 2056 2413 qui

477 2439 561 2493 est
597 2431 665 2500 _in
720 2432 868 2503 ligno
913 2450 1240 2507 suspensus,
1277 2434 1442 2490 domo
1490 2451 1705 2492 carens.
1739 2435 1857 2490 Non
1910 2436 2058 2492 enim

477 2521 633 2576 adest
670 2523 821 2588 huic,
856 2539 966 2579 non
1009 2533 1165 2595 pater
1209 2525 1264 2578 in
1295 2533 1464 2589 terra,
1506 2542 1617 2582 non
1667 2526 1898 2590 amicus,
1948 2541 2056 2579 non

475 2613 918 2685 discipulusmon
938 2617 1177 2687 cognati,
1192 2633 1300 2672 non
1320 2619 1565 2688 vespillo;
1583 2634 1771 2672 verum
1787 2618 1902 2688 ipse
1915 2632 2058 2672 unus

477 2704 627 2759 unici
663 2703 758 2761 Dei
789 2707 1125 2778 unigenitus,
1151 2709 1205 2762 in
1240 2709 1445 2763 mundo
1473 2707 1636 2771 Deus,
1674 2715 1861 2763 etnon
1890 2707 2052 2763 alius.

545 2795 671 2852 Ilaec
701 2795 902 2868 Josepli
937 2799 1005 2854 ad
1036 2798 1271 2855 Pilatum
1313 2816 1436 2856 cum
1462 2811 1604 2856 esset
1635 2802 1868 2867 locutus,
1891 2801 2056 2872 jussit

474 2887 685 2945 Pilatus
722 2897 781 2944 ut
807 2890 1035 2945 daretur
1076 2892 1179 2963 ipsi
1213 2892 1622 2949 sanctissimum
1666 2908 1870 2962 corpus
1896 2891 2048 2949 Iesu.

473 2980 686 3034 Etcum
716 2981 960 3037 venisset
992 2983 1046 3037 in
1081 2984 1259 3038 locum
1285 2983 1570 3054 Golgotlia,
1601 2983 1854 3055 deposuit
1879 2983 2049 3041 Deum

469 3073 526 3138 in
576 3089 748 3132 carne
797 3090 864 3128 ex
907 3074 1075 3145 ligno,
1125 3082 1176 3128 et
1210 3073 1364 3143 ponit
1399 3074 1454 3127 in
1507 3081 1708 3128 terram
1744 3092 1758 3128 :
1790 3072 1960 3129 Deum
1995 3074 2050 3129 in

467 3179 638 3224 carne
692 3166 922 3231 nudum,
980 3172 1035 3220 et
1089 3164 1365 3221 hominem
1423 3179 1531 3219 non
1597 3166 1938 3236 simplicem;
1993 3174 2047 3222 et

469 3252 737 3322 aspicitur
757 3254 972 3324 positus
997 3253 1160 3316 infra,
1188 3254 1280 3324 qui
1303 3270 1496 3309 omnes
1523 3255 1689 3308 traxit
1718 3255 1785 3309 ad
1812 3270 2044 3325 supera;

473 3352 528 3407 et
567 3344 849 3414 paululum
881 3353 1031 3400 caret
1063 3347 1209 3400 vitali
1247 3360 1402 3408 aura,
1433 3347 1673 3405 omnium
1705 3346 1815 3399 vita
1846 3354 1899 3401 et
1937 3348 2062 3416 spi-'

474 3433 656 3497 ritus:
689 3440 746 3488 et
794 3435 1062 3506 aspicitur
1090 3436 1211 3490 visu
1250 3437 1496 3497 orbatus,
1528 3437 1620 3506 qui
1666 3437 1873 3491 creavit
1906 3437 2050 3490 mul-

470 3523 541 3584 tis
571 3524 746 3578 oculis
791 3525 1053 3594 praedita;
1086 3533 1141 3581 et
1179 3526 1324 3596 jacet
1373 3526 1624 3595 supinus,
1673 3527 1918 3580 omnium
1963 3542 2049 3581 rc-

466 3616 774 3685 surrectio;
829 3624 884 3673 et
931 3618 1195 3672 emoritur
1239 3633 1406 3672 carne
1448 3617 1613 3684 Deus,
1666 3618 1759 3690 qui
1801 3626 2047 3673 mortuos

467 3703 736 3772 suscitat;
786 3713 840 3760 et
896 3705 1021 3760 silet
1063 3706 1344 3778 paulisper
1387 3707 1538 3762 verbi
1581 3705 1675 3761 Dei
1713 3708 1954 3774 tonitru;
1993 3717 2048 3764 et

469 3795 682 3850 tollitur
708 3796 984 3861 manibus,
1017 3797 1108 3866 qui
1139 3805 1340 3851 terram
1372 3797 1617 3852 continet
1646 3814 1849 3869 pugno.
1884 3798 2048 3858 Num-

464 3901 593 3941 nam
637 3886 825 3957 igitur,
875 3903 1157 3952 numnam,
1186 3903 1220 3943 ο
1260 3886 1486 3957 Josepli,
1549 3891 1642 3960 qui
1693 3890 1950 3960 petieras,
1995 3901 2047 3947 ct

469 3978 756 4050 accepisti,
809 3979 920 4035 scis
949 3995 1110 4050 quem
1154 3981 1472 4049 acceperis?
1501 3996 1761 4035 numnam
1799 3982 1866 4036 ad
1915 3997 2046 4039 cru-

463 4085 582 4136 cem
614 4072 902 4138 accedens,
928 4079 981 4128 et
1009 4071 1290 4142 deponens
1318 4069 1504 4127 Jesum
1541 4073 1694 4128 scisti
1727 4088 1888 4149 quem
1916 4088 2046 4144 por-

462 4160 644 4217 tares?
677 4160 733 4215 Si
777 4177 903 4218 vere
959 4163 1070 4217 scis
1113 4179 1274 4232 quem
1338 4170 1515 4224 tenes,
1571 4177 1718 4218 nunc
1767 4163 1946 4219 factus
1985 4179 2045 4219 es

460 4254 636 4317 dives.
672 4252 958 4320 Quomodo
1006 4269 1133 4309 vero
1171 4254 1388 4308 tandem
1440 4254 1608 4308 divini
1643 4256 1893 4331 corporis
1941 4256 2046 4310 lioc

461 4347 701 4412 maxime
732 4345 1073 4400 tremendum
1100 4343 1228 4399 Jesu
1261 4345 1476 4415 peragis
1507 4345 1714 4400 funus?
1752 4345 2046 4402 Laudabil'e

462 4444 614 4502 tuum
658 4436 934 4502 studium;
971 4436 1065 4490 sed
1097 4435 1487 4491 laudabiliores
1518 4436 1686 4491 animi
1721 4437 1796 4491 tui
1838 4451 2041 4493 mores.

2161 1969 2638 2043 ἐλευθερωθέντων
2673 1973 3120 2045 κατακριθέντος,
3165 1975 3265 2030 τοῦ
3299 1978 3392 2030 ὑπ’
3424 1978 3592 2031 αὐτοῦ
3629 1979 3752 2045 ὅξος

2161 2061 2531 2128 ποτισθέντος,
2561 2063 2656 2117 τοῦ
2691 2063 2798 2116 ὑπὸ
2824 2064 2936 2118 τῶν
2968 2065 3231 2121 ίαθὲντων
3254 2067 3352 2121 ὑπ’
3379 2068 3547 2122 αὐτοῦ
3575 2086 3750 2140 τραυ-

2163 2154 2543 2225 ματισθέντος,
2582 2154 2677 2209 τοῦ
2721 2155 2826 2209 ὑπὸ
2852 2155 2962 2209 τῶν
2990 2156 3249 2228 μαθητῶν
3270 2159 3748 2229 καταλειφθέντος,

2159 2245 2255 2299 καὶ
2287 2245 2459 2317 αὐτῆς
2502 2248 2602 2318 τῆς
2648 2246 2856 2318 μητρὸς
2895 2248 3387 2320 ἀποστερηθέντος.
3444 2251 3619 2323 ’Υπὲρ
3661 2268 3754 2306 νεα

2159 2337 2316 2410 κροῦ,
2350 2331 2397 2391 ὦ
2430 2337 2676 2410 ἡγεμὼν,
2723 2338 2977 2404 δυσωπῶ,
3022 2339 3118 2393 τοῦ
3157 2340 3252 2393 ἐπὶ
3279 2339 3438 2407 ξύλου
3466 2342 3750 2414 κρεμαμέ-

2157 2446 2250 2483 νου
2273 2429 2480 2482 ἀοίκου.
2509 2429 2584 2482 Οὐ
2605 2429 2712 2500 γὰρ
2735 2428 2968 2500 πάρεστι
2994 2429 3170 2500 τούτῳ
3196 2431 3257 2483 οὐ
3285 2431 3469 2504 πατὴρ
3499 2433 3593 2486 ἐπὶ
3613 2434 3743 2503 γῆς,

2156 2521 2218 2574 ού
2261 2521 2435 2590 φίλος,
2475 2520 2537 2574 οὐ
2581 2519 2850 2595 μαθητὴς,
2903 2521 2964 2574 οὐ
3008 2523 3297 2594 συγγενὴς,
3339 2524 3438 2577 οὐκ
3490 2526 3749 2594 ἐνταφια-

2160 2613 2290 2684 στής
2314 2627 2327 2640 ·
2360 2611 2478 2664 ἀλλ’
2505 2609 2669 2675 αὐτὸς
2696 2610 2858 2684 μόνος
2893 2611 2989 2665 τοῦ
3027 2613 3190 2684 μόνου
3222 2614 3537 2686 μονογενὴς,
3566 2616 3626 2668 ἐν
3652 2615 3748 2670 κό-

2160 2720 2286 2776 σμῳ
2308 2702 2465 2768 Θεὸς,
2491 2703 2586 2757 καὶ
2617 2702 2777 2766 ἀλλος
2803 2703 3000 2767 οὐδείς.

2225 2795 2442 2849 Τούτων
2478 2793 2650 2859 οὕτως
2687 2793 2793 2847 ὑπὸ
2833 2793 3031 2862 Ἰωσὴφ
3061 2793 3199 2865 πρὸς
3239 2793 3473 2848 Πιλᾶτον
3515 2795 3745 2866 εἰρημέ-

2157 2903 2286 2952 νων,
2315 2885 2602 2940 ὲκέλευσεν
2636 2885 2666 2938 ό
2696 2883 2929 2948 Πιλᾶτος
2961 2885 3182 2954 δοθῆναι
3215 2887 3365 2958 αὐτῷ
3389 2888 3452 2941 τὸ
3479 2889 3748 2956 πανάγιον

2160 2977 2320 3048 σῶμα
2343 2975 2439 3029 τοῦ
2475 2976 2670 3047 Ἰησοῦ.
2701 2975 2811 3028 Καὶ
2841 2973 3013 3029 ἐλθὼν
3044 2976 3137 3028 ἐπὶ
3163 2976 3254 3029 τὸν
3283 2976 3524 3045 Γολγοθὰ
3550 2979 3737 3044 τόπον,

2153 3067 2371 3122 καθεῖλε
2395 3066 2528 3120 Θεὸν
2554 3067 2613 3119 ὲν
2647 3065 2812 3138 σαρκὶ
2835 3065 2945 3118 ἀπὸ
2973 3064 3067 3119 τοῦ
3097 3065 3277 3131 ξύλου,
3296 3067 3392 3120 καὶ
3413 3066 3628 3139 τίθησιν
3643 3069 3738 3122 ἐπὶ

2153 3158 2274 3228 γῆν·
2299 3157 2431 3212 Θεὸν
2447 3158 2505 3209 ὲν
2520 3155 2685 3227 σαρκὶ
2704 3155 2910 3227 γυμνὸν
2925 3156 3027 3228 (2),
3051 3157 3145 3210 καὶ
3171 3156 3462 3229 ἄνθρωπον
3484 3161 3544 3213 οὑ
3563 3159 3740 3229 ψιλόν.

2157 3249 2264 3303 Καὶ
2286 3250 2478 3320 ὁρᾶται
2502 3249 2753 3320 κείμενος
2772 3248 2943 3312 κάτω,
2959 3251 2988 3302 ό
3010 3249 3216 3312 πάντας
3235 3249 3469 3316 ἑλκύσας
3489 3251 3621 3306 ἄνω·
3647 3254 3743 3306 καὶ

2153 3341 2364 3410 γίνεται
2383 3338 2520 3410 πρὸς
2546 3337 2720 3409 βραχὺ
2745 3338 2970 3405 ἄπνους,
2999 3340 3035 3410 ἡ
3059 3339 3281 3395 πάντων
3311 3339 3430 3412 ζωὴ
3463 3341 3558 3394 καὶ
3580 3343 3740 3414 πνοή·

2153 3434 2247 3486 καὶ
2287 3435 2478 3505 ὁρᾶται
2512 3431 2820 3502 ἀόμματος,
2852 3433 2880 3485 ὁ
2907 3431 3103 3496 κτίσας
3131 3432 3201 3484 τὰ
3234 3432 3617 3504 πολυόμματα·
3643 3436 3738 3490 καὶ

2145 3527 2326 3577 ,κεῖται
2373 3523 2585 3590 ὓπτιος,
2628 3523 2930 3599 ἡῂπάντων
2960 3523 3272 3589 ἀνάστασις·
3321 3528 3416 3579 καὶ
3454 3526 3737 3599 νεκροῦται

2153 3617 2315 3688 σαρκὶ
2361 3615 2515 3679 Θεὸς,
2545 3618 2574 3669 ό
2612 3615 2741 3679 τοὺς
2780 3617 3009 3687 νεκροὺς
3057 3617 3314 3671 ἀνιστῶν·
3368 3617 3463 3672 καὶ
3511 3621 3635 3693 σιγᾷ
3658 3621 3736 3688 (3)

2150 3707 2285 3777 πρὸς
2320 3705 2496 3780 βραχὺ
2543 3707 2577 3777 ἡ
2621 3705 2714 3758 τοῦ
2747 3705 2884 3759 Θεοῦ
2924 3707 3084 3776 λόγου
3128 3707 3354 3780 βροντή*
3393 3708 3490 3762 καὶ
3526 3709 3738 3780 αἴρεται

2149 3796 2455 3867 παλάμαις,
2480 3796 2508 3848 ό
2535 3795 2634 3866 τὴν
2659 3797 2765 3868 γῆν
2796 3797 3042 3866 κατέχων
3066 3797 3249 3868 δρακί.
3276 3795 3344 3851 *Α
3356 3815 3421 3869 pa
3446 3798 3578 3871 γὰρ,
3604 3796 3734 3872 ipa,

2147 3879 2193 3939 ὦ
2219 3887 2439 3957 Ἰωσὴφ,
2467 3887 2698 3955 αίτήσας
2733 3884 2828 3940 καὶ
2854 3885 3058 3951 λαϐὼν,
3089 3882 3236 3950 οἶδας
3264 3888 3322 3941 ὃν
3346 3888 3603 3959 εἶληφας;
3626 3884 3735 3961 ipa

2149 3976 2464 4053 προσελθὼν
2493 3975 2572 4048 τῷ
2607 3977 2848 4049 σταυρῷ,
2898 3976 3145 4031 καθελὼν
3178 3979 3411 4050 Ἰησοῦν.
3442 3975 3589 4044 οἶδας
3609 3981 3732 4034 τίνα

2148 4069 2486 4133 ὲ6άστασας;
2519 4069 2582 4121 Ei
2622 4069 2792 4130 ὅντως
2832 4064 2978 4132 οἶδας
3016 4069 3076 4122 ὃν
3103 4073 3343 4141 κρατεῖς,
3379 4069 3477 4123 νῦν
3503 4072 3734 4140 γέγονας

2147 4158 2419 4222 πλούσιος.
2457 4158 2582 4222 Πῶς
2612 4158 2669 4212 δὲ
2700 4159 2807 4231 ἄρα
2841 4161 2936 4213 καὶ
2967 4161 3066 4232 τὴν
3100 4161 3374 4232 θεόσωμον
3405 4160 3607 4234 ταύτην
3642 4163 3734 4216 καὶ

2147 4250 2591 4324 φρικωδεστάτην
2631 4251 2808 4322 Ἰησοῦ
2839 4252 3109 4316 ἐπιτελεῖς
3135 4253 3389 4325 κηδείανς
3419 4255 3731 4319 Ἐπαινετός

2148 4360 2242 4397 σου
2283 4346 2311 4397 ὁ
2359 4344 2542 4408 πόθοςο
2589 4341 3159 4416 ἁλλ”ὲπαινετὼτερος
3207 4347 3235 4398 ό
3266 4347 3368 4416 τῆς
3413 4346 3590 4418 ψυχῆς
3637 4364 3729 4400 σου

2145 4435 2368 4507 τρόπος.
2393 4432 2540 4506 Ἀρα
2570 4437 2702 4510 γὰρ,
2736 4433 2847 4508 ἆρα
2878 4438 2940 4490 οὐ
2979 4439 3240 4509 φρίττεις,
3273 4439 3331 4491 ὃν
3363 4438 3430 4492 τὰ
3458 4438 3727 4511 χερουσιμ

459 4531 543 4590 An
577 4530 745 4594 enim,
783 4545 983 4601 annon_
1023 4529 1237 4593 horres,
1285 4545 1445 4602 quem
1478 4531 1761 4591 cherubim
1795 4534 2039 4598 horrent,

2156 4527 2483 4597 φρίττουσιν,
2509 4528 2601 4580 ἐπὶ
2627 4528 2827 4600 χειρῶν
2851 4528 3134 4599 βαστάζων
3160 4545 3174 4595 ;
3257 4530 3396 4602 ποίῳ
3419 4530 3571 4600 φόϐῳ
3597 4530 3734 4584 πάνυ

459 4621 516 4676 in
552 4621 807 4678 manilius
853 4622 1113 4694 gestans?
1143 4631 1235 4676 aut
1264 4639 1398 4679 sane
1423 4635 1631 4694 quanto
1675 4639 1800 4677 cum
1844 4625 2037 4680 timore

458 4711 659 4767 divina:
691 4712 838 4769 illius
893 4714 1079 4770 carnis
1108 4713 1356 4773 denudas
1397 4714 1672 4768 linteum?
1707 4714 1877 4786 Quam
1911 4731 2038 4771 vero

462 4805 720 4876 religiose
748 4805 968 4861 oculum
1003 4804 1376 4878 deprimebas!
1408 4805 1600 4864 Nonne
1644 4809 1866 4865 intuens
1907 4810 2037 4864 hor—

457 4913 571 4962 res,
608 4912 732 4951 cum
773 4905 1024 4952 naturam
1058 4897 1244 4957 carnis
1275 4896 1391 4962 Dei,
1421 4899 1514 4971 qui
1548 4905 1633 4955 est
1677 4915 1842 4970 supra
1874 4907 2038 4955 natu-

458 5001 608 5052 ram,
659 4985 906 5057 detegis?
953 4989 1034 5041 An
1090 4989 1261 5050 enim,
1306 4988 1396 5044 dic
1446 4988 1601 5052 mihi,
1647 4986 1915 5059 oJosepli,
1967 5003 2035 5044 an

457 5079 525 5134 ad
577 5079 845 5134 orientem
911 5095 1106 5135 versus
1159 5081 1359 5154 sepelis
1408 5089 1732 5147 mortuum,
1805 5081 2036 5137 orientis

453 5171 765 5226 orientem?
804 5169 945 5224 Num
996 5186 1125 5228 vero
1168 5182 1223 5227 et
1271 5172 1381 5230 tuis
1432 5173 1657 5242 digitis,
1713 5181 1773 5228 ut
1820 5182 2036 5230 mortuo

453 5263 730 5331 convenit,
770 5261 896 5318 Jesu
934 5264 1147 5320 claudis
1184 5265 1396 5329 oculos,
1427 5267 1519 5337 qui
1563 5267 1912 5322 immaculato
1949 5267 2034 5322 di—

451 5356 566 5431 gito
592 5355 722 5410 caici
752 5356 966 5426 aperuit
1004 5357 1264 5412 oculum?
1310 5373 1440 5412 num
1470 5374 1598 5414 vero
1634 5367 1690 5414 et
1732 5374 1795 5416 os
1823 5362 1870 5415 ei
1903 5374 2035 5414 cou-

451 5446 655 5514 cludis,
690 5446 783 5519 qui
823 5454 977 5504 muto
1004 5463 1067 5503 os
1104 5448 1352 5519 aperuit?
1398 5465 1527 5503 num
1577 5466 1708 5506 vero
1747 5458 1802 5506 et
1839 5466 2034 5506 manus

455 5537 704 5600 obvolvis
735 5537 880 5611 ejus,
911 5538 1003 5609 qui
1033 5538 1280 5595 extendit
1323 5539 1596 5597 arefactas
1635 5543 1872 5599 manus?
1900 5559 2031 5598 num

525 5669 638 5749 (.99)
670 5687 761 5738 τρο
797 5669 986 5749 χώρας
1010 5673 1209 5749 9517i
1240 5672 1410 5749 μητρὶ
1430 5674 1641 5746 ἔχοντα·

524 5742 603 5802 (l)
638 5758 730 5808 γρ.
763 5743 978 5795 οἰκείων
1009 5742 1230 5798 δούλων.

524 5809 602 5881 (2)
633 5825 721 5880 rp.
761 5809 895 5866 Θεὸν
925 5813 985 5866 οὐ
1012 5814 1236 5886 γυμνόν.

2142 4634 2251 4682 τως
2270 4619 2370 4690 τῆς
2392 4617 2541 4684 θείας
2570 4620 2787 4692 ἐκείνης
2816 4619 3019 4692 σαρκὸς
3046 4621 3388 4692 ἀπο-γυμνοῖς
3411 4622 3471 4675 τὸ
3491 4622 3727 4688 λέντιον;

2143 4710 2260 4774 πῶς
2306 4710 2364 4764 δὲ
2410 4711 2474 4783 δὴ
2531 4711 2775 4775 εὐλαϐῶς
2813 4711 2888 4784 (4)
2928 4712 2990 4766 τὸ
3033 4712 3188 4783 όμμα
3233 4713 3622 4780 κατέστελλες;
3668 4714 3728 4766 οὗ

2141 4803 2386 4876 φρίττεις
2436 4804 2798 4869 ἐνατενίζων,
2854 4804 3254 4858 ἀνακαλύπτων
3308 4803 3470 4874 φύσιν
3528 4806 3729 4877 σαρκὸς

2138 4895 2298 4960 Θεοῦ,
2324 4895 2420 4948 τοῦ
2453 4895 2596 4968 ὑπὲρ
2635 4894 2828 4965 φύσιν;
2860 4891 3009 4968 Ἆρα
3054 4897 3184 4968 γάρ,
3223 4893 3352 4968 ipa,
3397 4897 3519 4950 είπέ
3543 4914 3654 4965 μοι,
3683 4891 3729 4951 ὦ

2139 4989 2363 5058 Ἰωσὴφ,
2395 4987 2491 5041 καὶ
2518 4987 2656 5057 πρὸς
2683 4988 2952 5052 ἀνατολὰς
2983 4989 3355 5052 καταθάπτεις
3385 4989 3599 5060 νεκρὸν,
3631 4987 3730 5060 τὴν

2139 5078 2406 5150 ἀνατολὴν
2431 5077 2540 5131 τῶν
2565 5078 2839 5134 ἀνατολῶν
2861 5097 2874 5146 ;
2905 5075 3019 5152 ἆρα
3038 5079 3095 5132 δὲ
3129 5080 3224 5133 καὶ
3247 5082 3358 5143 τοῖς
3393 5081 3507 5143 σοῖς
3526 5079 3694 5133 δακτύ
3710 5108 3727 5120 ο

2137 5170 2251 5232 λοις
2274 5169 2671 5240 νεκροπρεπῶς
2702 5170 2880 5241 Ἰησοῦ
2920 5170 3266 5233 κατακλείεις
3296 5170 3363 5224 τὰ
3399 5169 3624 5241 θμματα
3651 5170 3726 5241 (5)

2137 5261 2232 5316 τοῦ
2281 5261 2360 5333 τῷ
2410 5262 2668 5333 ἀχράντῳ
2715 5262 2966 5332 δακτύλῳ
3014 5261 3111 5315 τοῦ
3163 5259 3368 5330 τυφλοῦ
3416 5259 3728 5326 ἀνοίξαντας

2137 5353 2324 5424 δμμας
2347 5348 2458 5425 ἆρα
2479 5353 2537 5407 δὲ
2562 5353 2660 5407 καὶ
2692 5353 2751 5407 τὸ
2775 5353 2952 5425 στόμα
2989 5351 3324 5424 περικλείεις
3355 5349 3542 5422 τοῦτὸ
3572 5367 3729 5422 μογι-

2137 5444 2300 5499 λάλου
2330 5443 2641 5510 ἀνοίξαντος
2663 5444 2838 5517 στόμα
2857 5462 2873 5512 ;
2908 5441 3020 5516 ἆρα
3039 5443 3098 5497 δὲ
3118 5444 3212 5499 καὶ
3232 5445 3421 5516 χεῖρας
3447 5442 3727 5515 περιστέλ-

2139 5538 2254 5602 λεις
2279 5532 2374 5592 τοῦ
2413 5537 2754 5602 ἑκτείναντος
2780 5537 2880 5602 τὰς
2923 5535 3284 5609 ξηρανθείσας
3316 5538 3540 5608 χείρας;
3568 5534 3604 5609 ἢ
3628 5535 3728 5593 καὶ

2211 5674 2286 5742 (3)
2320 5691 2411 5744 πο.
2445 5675 2502 5746 ἐν
2525 5673 2709 5746 σαρκί.

2212 5746 2408 5813 (4)71).
2435 5744 2616 5808 οἵδεις,
2653 5751 2706 5800 et
2742 5744 3110 5813 καταστεῖλαι.

2214 5815 2291 5888 (5)
2326 5832 2414 5884 γρ.
2449 5815 2510 5868 τὸ
2536 5816 2722 5886 Eppia;
2753 5812 2861 5886 ἆρα
2881 5816 3009 5878 τοῦ,
