4034 6216
316 276 423 339 M9

1386 270 1675 331 HOMlLlA
1711 269 1857 327 [HN
1894 266 2211 327 SABBATO
2243 268 2502 326 MAGNO.

3472 266 3584 328 £30

318 390 447 457 τοὺς
479 390 649 455 πόδας
672 387 1060 463 νεκροπρεπῶς
1086 387 1448 459 καταδεσμεῖς
1470 386 1564 442 τοῦ
1583 385 1644 440 τὸ
1671 385 1903 458 βαδίζειν

2024 394 2059 439 :t
2094 385 2282 455 pedes,
2318 394 2377 439 ut
2407 391 2625 439 mortuo
2647 385 2926 453 convenit,
2958 386 3136 443 vincis
3156 387 3296 459 ejus,
3318 390 3408 461 qui
3430 388 3580 446 dedit

320 482 504 549 δόντος
533 485 646 546 τοῖς
675 482 950 553 ἀκινήτοις
981 480 1174 548 ποσίν;
1202 475 1311 551 ἆρα
1341 480 1435 535 καὶ
1473 480 1565 533 ἐπὶ
1603 479 1789 549 κλίνης
1820 479 1905 531 αι’-

325 592 445 648 ρεις
482 573 573 628 τὸν
616 572 694 645 τῷ
737 571 1033 646 παραλύτῳ
1066 571 1417 626 κελεύσαντα·
1447 567 1625 640 Ἆρον
1655 568 1771 623 σοῦ
1802 568 1909 623 τὸν

321 665 642 735 πρόϐατον,
683 664 783 719 καὶ
822 664 1130 734 περιπάτει
1148 678 1169 728 ;
1198 660 1309 737 ἆρα
1343 664 1399 717 δὲ
1434 663 1530 717 καὶ
1563 662 1708 734 μύρα
1734 663 1908 724 κενοῖς

322 753 403 822 τῷ
430 754 665 826 οὐρανίῳ
694 753 853 826 μύρῳ
886 754 954 807 τά
988 752 1183 806 ἑαυτοῦ
1220 752 1295 824 (6)
1327 751 1649 815 κενώσαντι,
1690 752 1784 804 καὶ
1817 750 1909 803 κό-

325 862 461 917 σμον
480 845 798 914 ἀγιάσαντι;
823 842 932 917 ἆρα
950 846 1042 899 καὶ
1060 846 1158 918 τὴν
1178 844 1451 914 θεόσωμον
1479 842 1560 895 ἔτι
1586 841 1908 914 αἱμορροοῦ-

326 954 425 991 σαν
451 936 668 1007 ἐκείνην
696 936 874 1007 Ἰησοῦ
906 938 1143 1008 ἐκμάξαι
1168 937 1371 1007 τολμᾷς
1398 934 1660 1005 πλευρὰν,
1691 933 1785 986 τοῦ
1808 933 1906 1004 τὴν

326 1028 729 1101 αἱμοῤῥοοῦσαν
756 1029 1047 1100 ίασαμένου
1064 1029 1199 1083 Θεοῦ
1221 1046 1234 1094 ;
1254 1024 1361 1099 ἆρα
1381 1028 1436 1080 δὲ
1459 1028 1552 1082 καὶ
1576 1025 1726 1080 ὕδατι
1749 1042 1907 1078 κατα-

323 1117 549 1179 πλύνεις
572 1116 732 1187 σῶμα
758 1116 914 1183 Θεοῦ,
938 1116 1031 1170 τοῦ
1058 1118 1263 1178 πάντας
1281 1110 1671 1176 Δὲκπλύναντος,
1694 1110 1789 1164 καὶ
1808 1110 1906 1180 τὴν

322 1206 594 1279 κάθαρσιν
626 1208 841 1275 δόντος;
882 1209 1050 1272 Ποίας
1080 1209 1137 1262 δὲ
1203 1205 1311 1280 ἆρα
1351 1206 1443 1260 καὶ
1469 1204 1759 1275 λαμπάδας
1793 1203 1898 1255 ὐπ-

323 1298 554 1368 ανάψεις
584 1298 663 1370 τῷ
683 1299 821 1368 φωτὶ
840 1297 920 1369 τῷ
940 1297 1177 1371 ἀληθινῷ
1200 1299 1297 1369 (7),
1321 1297 1397 1368 τῷ
1417 1295 1710 1366 φωτίσαντι
1730 1292 1908 1348 πάντα

322 1384 642 1459 ἀνθρωπον;
677 1387 839 1451 ποίας
868 1388 925 1441 δὲ
964 1388 1060 1441 καὶ
1102 1387 1254 1459 ᾇσεις
1300 1385 1621 1455 ἐπιταφίους
1661 1383 1802 1455 ᾠδὰς
1829 1382 1907 1454 τῷ

322 1478 603 1549 ἀσιγήτως
633 1477 939 1549 αίνουμένῳ
976 1478 1082 1531 ὑπὸ
1114 1478 1296 1548 πάσης
1326 1476 1580 1547 οὐρανίου
1614 1476 1903 1546 στρατιᾶς;

322 1563 434 1642 ἆρα
462 1571 518 1624 δὲ
546 1571 641 1624 καὶ
669 1571 1028 1643 δακρυρροεῖς
1058 1569 1135 1634 ὠς
1171 1569 1359 1641 νεκρὸν
1406 1568 1499 1621 τὸν
1539 1566 1904 1638 δακρύσαντα,

322 1663 420 1714 καὶ
451 1657 644 1733 νεκρὸν
672 1662 1049 1734 τετραήμερον
1081 1660 1173 1713 τὸν
1204 1658 1455 1730 Λάζαρον
1485 1657 1903 1727 ἀναστήσαντας

2008 474 2253 529 immotis
2290 475 2543 544 pedibus,
2583 486 2642 530 ut
2675 477 3129 548 ingrederentur?
3156 494 3285 535 num
3333 487 3389 537 et
3418 482 3472 535 in
3501 482 3580 538 1ο·-

2007 573 2154 620 ctnm
2191 565 2343 620 tollis
2369 580 2516 630 eum,
2546 567 2640 636 qui
2669 569 2969 640 paralytieo
2989 569 3154 641 jussit
3184 590 3197 625 :
3230 570 3378 626 Tolle
3397 572 3585 643 graba-

2008 664 2118 709 tum
2160 664 2330 723 tuum,
2371 664 2421 711 et
2454 656 2669 711 ambula
2693 659 2749 713 ‘?
2787 676 2917 714 num
2958 675 3090 716 vero
3120 669 3174 716 et
3220 674 3495 735 unguenta
3525 664 3580 719 in

2006 749 2233 803 cmleste
2256 756 2593 817 unguentum
2628 749 2884 817 eﬂ‘undis,
2913 753 3059 822 quod
3096 754 3336 824 seipsum
3372 755 3582 823 eﬂ'udit,

2006 846 2062 893 et
2101 840 2366 894 mundum
2403 839 2769 893 sanctimonia
2840 845 3105 912 replevit?
3137 862 3266 899 num
3316 853 3372 902 et
3413 848 3582 903 divini

2007 929 2260 997 corporis
2296 929 2477 983 adhuc
2515 931 2781 1000 sanguine
2824 931 2999 989 ﬂuens
3040 936 3171 991 illud
3200 935 3328 993 Jesu
3372 940 3586 995 abster-

2007 1034 2133 1090 gere
2167 1020 2336 1075 audes
2366 1021 2527 1085 latus,
2556 1021 2651 1091 qui
2696 1021 2964 1092 proﬂuvio
3012 1030 3293 1099 sanguinis
3333 1031 3588 1087 laboran-

2010 1117 2117 1165 tem
2156 1113 2369 1167 sanavit
2402 1111 2585 1167 Deus?
2613 1130 2742 1169 num
2788 1132 2920 1172 vero
2964 1127 3019 1173 et
3052 1122 3209 1188 aquis
3258 1124 3433 1180 abluis
3463 1140 3589 1180 cor-

2008 1218 2113 1273 pus
2143 1202 2260 1265 Dei,
2292 1205 2383 1274 qui
2423 1221 2616 1261 omnes
2659 1208 2853 1272 abluit,
2894 1216 2949 1264 et
2984 1224 3014 1263 a
3048 1211 3169 1266 labe
3210 1216 3586 1285 purgationem

2008 1295 2304 1363 praestitit?
2335 1297 2536 1363 Quales
2566 1313 2698 1353 vero
2736 1299 2955 1356 tandem
2996 1310 3050 1356 et
3072 1303 3350 1374 lampades
3398 1307 3587 1363 incen-

2007 1383 2105 1440 des
2144 1400 2285 1439 vera:
2317 1386 2445 1450 luci,
2480 1388 2810 1443 illuminanti
2846 1406 3064 1446 onmem
3094 1393 3366 1449 hominem
3389 1396 3413 1450 τ
3439 1397 3590 1463 Qua-

2011 1474 2090 1529 les
2123 1490 2251 1530 vero
2276 1478 2528 1533 cantabis
2554 1478 2631 1532 illi
2664 1478 2920 1536 funebres
2949 1483 3176 1548 nenias,
3204 1485 3297 1554 qui
3326 1486 3445 1540 sine
3472 1488 3587 1542 ullo

2007 1566 2228 1621 silentio
2261 1568 2514 1623 laudatur
2559 1571 2628 1624 ab
2668 1573 2817 1627 omni
2858 1574 3068 1630 caalesti
3117 1577 3404 1632 exercitu?
3448 1576 3589 1633 Num

2007 1673 2143 1712 vero
2178 1659 2453 1731 lacrymas
2496 1675 2597 1730 pro
2628 1676 2695 1716 eo
2735 1662 2943 1729 fundis,
2990 1672 3050 1719 ut
3099 1678 3347 1734 mortuo,
3391 1670 3484 1739 qui
3512 1670 3594 1723 la—

324 1748 435 1824 ἆρα
464 1752 520 1805 δὲ
542 1751 637 1804 καὶ
665 1750 897 1823 θρήνους
928 1754 1100 1814 ποιεῖς
1120 1749 1197 1820 τῷ
1222 1750 1319 1821 τὴν
1336 1749 1510 1821 χαρὰν
1532 1750 1667 1803 πᾶσι
1690 1746 1905 1815 διδόντι,

2024 1750 2302 1822 :rymavit,
2329 1758 2383 1805 et
2419 1760 2695 1805 mortuum
2722 1751 2990 1808 Lazarum
3012 1735 3438 1825 quatriduanum
3470 1774 3595 1814 sus-

323 1845 419 1899 καὶ
444 1843 539 1915 τήν
563 1841 738 1913 λύπην
768 1843 865 1914 τῆς
895 1841 1040 1907 Εῦας
1064 1841 1378 1896 διαλύσαντι
1402 1858 1417 1908 ;

392 2024 586 2095 ’Ὀμως
610 2020 897 2095 μακαρίζω
923 2040 1016 2075 σου
1043 2021 1141 2085 τὰς
1166 2024 1374 2092 χεῖρας,
1404 2012 1447 2072 ὦ
1470 2017 1691 2089 Ἰωσὴφ,
1717 2020 1912 2088 ὑπουρο

323 2116 599 2187 γησάσας,
646 2116 738 2169 καὶ
781 2114 1183 2186 ψηλαιρησάσας
1239 2113 1316 2165 ἔτι
1361 2110 1761 2184 αἱμορροοῦσας
1813 2108 1911 2172 τὰς

325 2208 637 2277 θεοσώμους
670 2208 847 2278 Ἰησοῦ
893 2208 1083 2278 χεῖρας
1126 2206 1222 2259 καὶ
1266 2204 1451 2267 πόδας·
1494 2201 1785 2275 μακαρίζω
1818 2219 1909 2254 σου

326 2297 425 2361 τὰς
454 2300 643 2368 χεῖρας
681 2297 1124 2367 προσεγγισάσας
1151 2296 1216 2366 τῇ
1248 2293 1342 2347 τοῦ
1375 2290 1510 2346 Θεοῦ
1541 2291 1912 2365 αίμορροούσῃ

328 2390 561 2462 πλευρᾷ,
588 2387 695 2460 πρὸ
720 2389 888 2461 Θωμᾶ
918 2387 1012 2441 τοῦ
1043 2386 1236 2440 πιστοῦ
1267 2385 1496 2440 ἀπίστου
1529 2385 1626 2439 καὶ
1658 2387 1913 2439 ἐπαινου-

332 2482 495 2557 μένου
547 2483 860 2555 περιέργου*
919 2482 1204 2555 μακαρίζω
1254 2498 1346 2535 σου
1386 2480 1447 2534 τὸ
1480 2480 1651 2551 στόμα
1700 2479 1913 2550 ἐμπληο

328 2575 455 2629 σθὲν
470 2574 760 2645 ἀπλήστως
777 2576 870 2627 καὶ
890 2574 1086 2627 ἐνωθὲν
1117 2571 1254 2642 (8-9)
1277 2571 1412 2644 πρὸς
1437 2570 1615 2642 Ἰησοῦ
1633 2571 1692 2624 τὸ
1718 2570 1912 2640 στόμα,

2009 1843 2233 1897 citavit?
2264 1841 2403 1897 Num
2446 1858 2577 1900 vero
2612 1860 2738 1899 eum
2782 1847 2987 1901 lessum
3028 1848 3184 1911 facis,
3209 1851 3301 1920 qui
3334 1852 3594 1907 omnibus

2026 1933 2284 2003 gaudium
2319 1933 2549 2005 largitus
2573 1942 2700 2009 .cst,
2739 1944 2794 1990 et
2830 1937 3109 1991 tristitiam
3139 1938 3263 1994 Eva:
3305 1940 3598 1997 dissolvit?

2086 2023 2342 2079 Attamen
2393 2025 2582 2081 beatas
2622 2026 2812 2095 judico
2861 2037 2984 2083 tuas
3031 2044 3247 2093 manus,
3296 2045 3329 2084 ο
3368 2030 3595 2102 Joseph,

2013 2131 2135 2183 qua:
2157 2115 2569 2180 ministrarunl,
2598 2124 2652 2171 et
2687 2124 3101 2171 contrectarunt
3127 2120 3394 2189 sanguine
3420 2120 3598 2175 adhuc

2012 2206 2245 2260 ﬂuentes
2278 2205 2448 2260 divini
2475 2208 2729 2277 corporis
2758 2204 2889 2261 Jesu
2925 2223 3120 2263 manus
3146 2216 3200 2263 et
3231 2209 3395 2278 pedes
3424 2228 3437 2264 :
3467 2210 3598 2265 bea-

2016 2307 2101 2351 tas
2131 2297 2367 2366 praedico
2398 2304 2522 2352 tuas
2558 2312 2774 2359 manus,
2802 2312 2924 2368 quae
2955 2298 3465 2368 appropinquarunt
3502 2298 3598 2354 Dei

2014 2387 2173 2441 lateri
2209 2387 2480 2457 sanguine
2526 2386 2739 2452 ﬂuenti,
2793 2395 2921 2442 ante
2944 2386 3207 2443 Thomam
3254 2389 3467 2445 ﬂdelem
3516 2392 3599 2445 inr

2016 2477 2321 2545 credulum,
2373 2486 2428 2533 et
2475 2479 2757 2533 curiosum
2805 2478 3158 2535 laudabilem.
3209 2479 3435 2535 Beatum
3475 2481 3601 2536 dico

2016 2577 2170 2624 tuum
2211 2585 2296 2634 os,
2328 2569 2475 2639 quod
2502 2570 2784 2639 impletum
2814 2576 2899 2624 est
2936 2571 3342 2634 insatiabiliter.
3377 2581 3433 2627 et
3461 2587 3599 2627 cou-

329 2669 423 2721 καί
465 2667 784 2737 Πνεύματος
831 2665 986 2734 ἁγίου
1022 2665 1232 2718 ἐκεῖθεν
1278 2661 1582 2735 πληρωθέν·
1628 2663 1917 2737 μακαρίζω

2024 2662 2264 2729 iunctum
2313 2663 2393 2715 ori
2435 2660 2587 2725 Iesu,
2628 2676 2693 2715 ac
2746 2660 2954 2732 Spiritu
3005 2672 3197 2716 sancto
3243 2663 3395 2718 illinc
3433 2664 3605 2734 reple-

331 2774 426 2810 σου
470 2758 593 2821 τοὺς
642 2756 955 2827 ὀφθαλμοὺς
999 2754 1399 2825 προστεθέντας
1445 2754 1559 2820 τοῖς
1599 2754 1694 2807 τοῦ
1739 2753 1916 2825 Ἰησοῦ

2024 2762 2157 2806 tum.
2185 2751 2382 2808 Beatos
2425 2761 2552 2808 tuos
2602 2754 2793 2809 oculos
2827 2755 3108 2824 appositos
3135 2752 3265 2809 Jesu
3310 2756 3509 2820 oculis,
3550 2764 3609 2813 et.

329 2841 648 2913 ἐφθαλμοῑς,
682 2844 776 2896 καὶ
807 2843 867 2896 τὸ
897 2843 1011 2913 φῶς
1048 2843 1109 2895 τὸ
1145 2841 1398 2914 ἀληθινὸν
1439 2840 1650 2895 ἐκεῖθεν
1688 2842 1920 2913 μεταλα-

2024 2843 2197 2898 lucem
2227 2859 2405 2897 veram
2434 2845 2587 2899 illine
2616 2853 2903 2901 assecutos
2927 2863 2944 2913 ;
2972 2847 3188 2901 beatam
3216 2855 3362 2902 tuam
3384 2847 3604 2915 faciem,

329 2935 547 3003 γόντας·
601 2935 893 3007 μακαρίζω
938 2951 1032 2988 σου
1079 2934 1140 2988 τὸ
1194 2935 1485 3007 πρόσωπον
1533 2934 1920 3005 προσπελάσαν

2024 2951 2145 3004 quae
2180 2935 2247 2989 ad
2285 2935 2377 2990 Dei
2414 2934 2607 2991 faciem
2644 2938 2914 3005 accessit;
2944 2939 3135 2995 beatos
3163 2948 3289 2995 tuos
3325 2939 3604 3007 humeros,

334 3027 472 3100 πρὸς
499 3028 560 3081 τὸ
596 3028 692 3081 τοῦ
739 3027 876 3081 Θεοῦ
932 3026 1247 3098 πρόσωπον’
1306 3024 1599 3099 μακαρίζω
1654 3043 1747 3078 σου
1796 3027 1921 3089 τοὺς

2026 3027 2117 3097 qui
2165 3034 2454 3097 portarunt
2482 3044 2604 3082 eum
2637 3029 2730 3098 qui
2773 3037 2952 3098 portat
3005 3044 3229 3097 omnes;
3267 3030 3483 3085 beatum
3512 3032 3607 3101 ju-

334 3117 520 3190 ὤμους
566 3118 943 3190 βαστάσαντας
999 3114 1091 3169 τὸν
1142 3117 1352 3180 πάντας
1398 3118 1510 3188 (10)
1563 3116 1919 3186 βαστάζοντα·

340 3210 631 3283 μακαρίζω
670 3227 764 3262 σου
809 3209 909 3281 τὴν
942 3208 1187 3280 κεφαλὴν
1220 3207 1323 3280 [ἐν]
1426 3209 1792 3279 προσήγγισεν
1820 3207 1926 3277 Ἰη-

339 3298 468 3362 σοῦς
495 3300 715 3353 πάντων
743 3298 955 3369 κεφαλή
987 3298 1124 3369 (11)·
1158 3296 1450 3368 μακαρίζω
1480 3314 1571 3349 σου
1594 3296 1693 3359 τὰς
1713 3298 1922 3367 χεῖρας,

338 3393 398 3444 ὲν
429 3387 517 3455 αῖς
554 3390 862 3454 ἐϐάστασας
889 3388 981 3443 τόν
1019 3388 1358 3460 βαστάζοντα
1395 3388 1594 3442 πάντα’
1641 3385 1928 3458 μακαρίζω

339 3483 541 3556 Ἰωσὴφ
571 3485 665 3538 καὶ
696 3483 1025 3554 Νικόδημον.
1050 3482 1312 3551 Γεγόνασι
1341 3481 1451 3553 γὰρ
1473 3481 1579 3552 πρὸ
1601 3481 1709 3534 τῶν
1738 3496 1930 3551 χερου-

342 3577 443 3647 ἃμ
474 3577 583 3649 (12)
613 3576 744 3629 Θεὸν
792 3577 849 3629 ὲν
897 3576 1112 3638 ἑαυτοῖς
1153 3572 1470 3645 ὑψώσαντες
1510 3574 1605 3627 καὶ
1648 3573 1925 3646 φέροντες

342 3669 601 3737 γεγόνασι
649 3668 757 3740 πρὸ
781 3669 890 3723 τῶν
927 3667 1317 3741 ὲξαπτερύγων
1350 3665 1484 3720 Θεοῦ
1532 3666 1820 3736 ὑπουργοὶ,
1865 3665 1927 3718 ού

344 3760 624 3832 πτέρυξιν,
660 3760 796 3814 ἀλλά
846 3761 1045 3815 σινδόσι
1084 3760 1175 3814 τὸν
1202 3758 1405 3832 Κύριον
1437 3757 1803 3827 καλύψαντες,
1835 3756 1931 3809 καὶ

343 3854 694 3923 τιμήσαντες.
738 3855 835 3905 Ὀν
882 3853 951 3907 τὰ
994 3852 1266 3925 χερουᾶμ
1304 3850 1589 3924 τρέμουσι,
1617 3848 1809 3902 τοῦτον
1838 3847 1933 3901 ἐπὶ

345 3942 454 3995 τῶν
488 3941 654 4011 ὠμων
683 3943 885 4012 Ἰωσὴφ
921 3943 1017 3995 καὶ
1061 3943 1372 4012 Νικόδημος
1418 3941 1665 4012 φέρουσι,
1698 3940 1793 3993 καὶ
1824 3940 1932 3992 πᾶ-

354 4049 447 4085 σαι
482 4032 592 4102 (15)
628 4031 684 4083 αἱ
714 4030 824 4084 τῶν
856 4032 1164 4103 ἀσωμάτων
1191 4032 1374 4101 τάξεις
1403 4028 1726 4095 ἐξίστανται.
1762 4026 1935 4083 ἾΙλθε

349 4124 458 4195 γὰρ
504 4122 705 4194 Ἰωσὴφ
740 4124 835 4177 καὶ
878 4124 1207 4195 Νικόδημος·
1254 4123 1450 4177 οὐκοῦν
1484 4122 1785 4192 συνέδραμε
1829 4124 1938 4184 πᾶς

349 4214 447 4267 καί⁵
483 4213 512 4265 ὁ
542 4211 651 4265 τῶν
685 4211 934 4281 ἀγγέλων
969 4211 1250 4283 θεόδημος’
1298 4210 1391 4264 καὶ
1416 4210 1719 4281 προφθάνει
1748 4227 1940 4281 χερου-

351 4306 473 4375 ϐὶμ,
511 4304 605 4358 καὶ
634 4304 920 4375 συντρέχει
951 4303 1216 4376 σεραφὶμ.
1250 4304 1343 4356 καὶ
1369 4301 1797 4371 συμϐαστάζουσι
1819 4302 1941 4374 θρό-

2029 3118 2153 3172 dico
2175 3127 2326 3171 tuum
2354 3126 2542 3187 caput,
2566 3120 2653 3173 cui
2684 3120 3142 3189 appropinquavit
3170 3119 3332 3177 Jesus
3357 3123 3605 3177 omnium

2028 3217 2231 3278 caput;
2267 3208 2454 3263 beatas
2486 3218 2609 3264 tuas
2636 3226 2853 3274 manus,
2887 3212 3090 3280 quibus
3120 3212 3349 3280 portasti
3382 3222 3611 3282 portan-

2027 3307 2136 3355 tem
2190 3300 2415 3356 omnia:
2449 3301 2668 3355 bcatum
2723 3301 2912 3371 judico
2944 3301 3243 3374 Joseplium
3288 3312 3341 3359 et
3388 3303 3615 3360 Nicode-

2029 3408 2202 3449 mum.
2264 3392 2401 3447 Nam
2460 3394 2748 3450 cherubim
2811 3402 3269 3460 antecesserunt,
3325 3396 3496 3452 Deum
3558 3397 3614 3451 in

2030 3482 2228 3554 seipsis
2256 3484 2606 3547 extollentes,
2642 3495 2693 3538 et
2749 3493 3069 3555 gestantes;
3104 3488 3328 3557 angelos
3365 3497 3618 3542 anteces-

2030 3582 2225 3630 serunt
2263 3575 2414 3630 senis
2446 3576 2551 3630 alis
2600 3577 2859 3645 praeditos
2902 3577 2997 3633 Dei
3047 3579 3285 3633 ministri
3342 3578 3507 3647 facti;
3552 3592 3616 3633 ac

2032 3682 2143 3721 non
2169 3667 2294 3730 alis,
2332 3666 2429 3722 sed
2473 3668 2805 3723 sindonibus
2839 3668 3128 3723 Dominum
3154 3677 3537 3735 contexet-unt,
3564 3681 3619 3725 ct

2034 3758 2402 3817 honorarunt.
2453 3758 2624 3824 Quem
2688 3760 2973 3814 cherubim
3031 3769 3310 3829 tremunt,
3367 3763 3515 3817 hunc
3563 3763 3620 3817 in

2034 3848 2281 3905 humeris
2302 3848 2503 3921 Joseph
2534 3859 2589 3905 et
2619 3848 2951 3907 Nicodemus
2990 3844 3195 3916 ferunt,
3219 3860 3275 3907 et
3308 3868 3500 3908 omnes
3537 3854 3623 3906 in-

2036 3956 2361 4008 corporeum
2392 3943 2687 4011 spirituum
2732 3942 2957 3997 ordincs
3001 3942 3421 4012 obstupescunt.
3462 3941 3622 3998 Venit

2036 4030 2184 4083 cnim
2217 4029 2417 4099 Joseph
2453 4039 2507 4084 et
2550 4030 2883 4084 Nicodemus
2911 4049 2927 4085 ι
2958 4031 3124 4101 igitur
3163 4032 3531 4086 concurrebat
3568 4039 3625 4084 et

2038 4119 2220 4173 omnis
2252 4121 2570 4188 angelorum
2603 4120 2697 4175 Dei
2730 4122 3003 4190 populus;
3036 4130 3091 4175 et
3118 4129 3469 4175 anteverlunt
3490 4121 3622 4176 che-

2040 4208 2252 4273 rubim,
2279 4216 2333 4263 et
2357 4225 2463 4263 una
2491 4218 2727 4263 currunt
2752 4209 3030 4279 seraphim
3051 4251 3066 4275 ,
3093 4217 3429 4280 portantque
3458 4210 3625 4266 simul

2045 4299 2259 4366 throni,
2294 4308 2349 4355 et
2389 4301 2650 4355 occulunt
2696 4301 2847 4357 senis
2881 4301 2984 4356 aiis
3023 4301 3271 4371 praediti,
3307 4308 3363 4357 et
3402 4301 3629 4357 horrent

355 4414 457 4459 νοι,
486 4396 582 4449 καὶ⁵
609 4394 948 4448 καλύπτουσι
995 4394 1066 4448 τά
1114 4394 1481 4465 ὲξαπτέρυγα,
1522 4393 1616 4447 καὶ
1654 4392 1918 4464 φρίττουσ

2045 4392 2352 4459 multoculi,
2395 4392 2644 4449 videntes
2700 4394 2752 4447 in
2800 4408 2969 4448 carne
3010 4391 3198 4448 Jcsum
3251 4393 3429 4449 oculis
3462 4393 3629 4448 orba-

353 4487 423 4541 τὰ
462 4486 848 4558 πολυόμματα,
891 4484 1106 4557 ὁρῶντα
1135 4488 1192 4537 έν
1214 4485 1377 4556 σαρκὶ
1402 4483 1608 4555 Ἰησοῦν
1636 4484 1935 4555 ἀόμματον,

357 4574 454 4628 καὶ
493 4573 936 4643 συγκαλύπτουσι
970 4572 1249 4643 δυνάμεις,
1288 4572 1383 4626 καὶ
1425 4572 1641 4644 ᾅδουσιν
1672 4575 1728 4626 αἰ
1752 4574 1939 4645 ἀρχαὶ,

357 4668 451 4719 καὶ
493 4666 810 4737 φρίττουσιν
853 4666 910 4718 αἱ
940 4662 1145 4729 τάξεις,
1180 4665 1276 4718 καὶ
1322 4663 1632 4729 ἐξίστανται
1679 4668 1848 4721 πᾶσαι
1886 4668 1942 4720 αί

361 4756 610 4828 στρατιαὶ
630 4756 737 4809 τῶν
765 4754 1075 4826 μεταρσίων
1101 4753 1423 4826 ταγμάτων,
1449 4753 1542 4807 καὶ
1569 4751 1945 4825 θαμϐούμεναι

359 4849 498 4921 πρὸς
542 4848 741 4912 ἑαυτὰς
786 4846 1130 4919 διαποροῦσι,
1180 4848 1278 4901 καὶ
1322 4846 1563 4916 λέγουσι’
1614 4846 1710 4910 Τίς
1737 4841 1892 4910 οὗτος
1919 4848 1949 4900 ὁ

362 4938 590 5008 φοϐερὸς
621 4937 796 5007 λόγος,
838 4938 932 4991 καὶ
976 4936 1160 5005 φόϐος,
1196 4936 1291 4991 καὶ
1326 4936 1548 5008 τρόμος,
1586 4936 1680 4989 καὶ
1712 4936 1945 5009 τρόπος;

361 5029 416 5082 τί
440 5029 598 5083 τοῦτο
622 5032 683 5081 τὸ
720 5027 885 5099 μέγα,
927 5029 1022 5081 καὶ
1057 5028 1383 5099 παράδοξον,
1424 5029 1518 5082 καὶ
1562 5028 1949 5102 ἀκατάληπτον

366 5121 577 5192 θέαμα;
624 5122 681 5173 'U
717 5121 828 5174 ἄνω
850 5123 982 5191 ήμῖν
1003 5124 1115 5185 τοῖς
1136 5121 1448 5193 ἀσωμάτοις
1467 5123 1543 5185 ὡς
1565 5122 1695 5187 Θεὸς
1721 5123 1947 5195 γυμνὸς,

367 5213 698 5282 ἀθεώρητος,
718 5213 867 5267 κάτω
894 5214 1104 5285 βροτοῖς
1130 5214 1339 5286 γυμνὸς
1372 5213 1731 5287 εὐθεώρητος.

441 5377 457 5406 ¹
479 5373 639 5429 Joan.
676 5390 729 5439 v,
756 5376 810 5432 8.

442 5489 517 5553 (6)
548 5503 640 5555 γρ.
669 5485 747 5557 τῷ
780 5485 977 5557 ὲαυτῷ.
1011 5486 1074 5540 F.
1106 5485 1287 5540 ἑαυτό.

442 5557 519 5626 (7)
553 5574 642 5625 πρ.
679 5557 978 5627 ἁπροσίτῳ.

443 5623 692 5699 (ωηο.
722 5623 1143 5699 ἐμπλησθέντος,
1172 5634 1227 5684 et
1254 5623 1565 5689 ἑνωθέντος.

440 5696 487 5763 (1
499 5696 559 5766 0)
586 5696 677 5765 γρ.
712 5696 906 5753 πάνταζ

2044 4494 2198 4551 tum;
2231 4495 2284 4540 et
2313 4493 2613 4556 contegunt
2665 4492 2992 4556 potestates,
3023 4492 3230 4540 canunt
3264 4485 3629 4556 principatus,

2040 4575 2269 4629 horrent
2328 4575 2593 4639 ordines,
2661 4576 3062 4644 obstupescunt
3111 4590 3303 4631 omnes
3354 4575 3628 4630 exercitus

2042 4666 2361 4722 sublimium
2394 4675 2729 4731 turmarum,
2756 4674 2810 4721 et
2839 4666 3075 4721 invicem
3110 4666 3378 4721 miraculo
3406 4666 3628 4721 attoniti

2044 4759 2363 4815 hmsitanles
2394 4758 2699 4829 loquuntur
2729 4777 2742 4814 :
2776 4757 2934 4824 Quod
2967 4758 3070 4813 hoc
3094 4759 3337 4813 terribile
3364 4758 3633 4813 verbum?

2044 4851 2139 4922 qui
2170 4850 2368 4904 timor?
2397 4852 2493 4921 qui
2543 4852 2788 4906 tremor?
2815 4850 2905 4921 qui
2948 4851 3188 4906 modus?
3213 4850 3360 4919 quod
3406 4850 3511 4905 hoc
3549 4850 3635 4905 in-

2045 4958 2203 5014 gens,
2239 4952 2294 4996 et
2323 4942 2668 5007 admirabile,
2697 4950 2752 4997 et
2799 4957 3018 4997 omnem
3054 4956 3326 5012 superans
3364 4942 3635 5012 cognitio-

2047 5048 2170 5087 nem
2221 5033 2635 5102 spectaculum?
2673 5030 2777 5099 Qui
2804 5033 2966 5088 nobis
3007 5032 3063 5087 in
3106 5031 3250 5087 cmlo
3280 5032 3632 5102 incorporcis

2048 5125 2359 5195 spiritibus,
2414 5135 2474 5180 ut
2522 5125 2666 5182 Deus
2726 5126 2930 5192 nudus,
2988 5142 3097 5181 non
3144 5132 3229 5180 est
3272 5125 3527 5193 visibilis,
3578 5126 3634 5181 in

2048 5228 2195 5274 terra
2231 5221 2556 5278 mortalibus
2596 5221 2777 5277 nudus
2816 5230 2903 5279 est
2933 5227 3184 5294 spectatu
3222 5218 3423 5276 facilis.

2137 5484 2250 5566 (lt)
2280 5502 2371 5566 rp-
2396 5484 2529 5566 ζωή·
2672 5555 2683 5566 .

2138 5554 2250 5626 (1:3)
2282 5554 2341 5609 In
2382 5554 2518 5626 Aug.
2547 5555 2854 5626 geminatur
2884 5555 3171 5625 χερουϐίμ.

2065 5619 2249 5746 ἐς15)
2276 5642 2369 5694 γρ.
2405 5619 2495 5688 ὡς
2517 5619 2632 5691 καί,
2660 5634 2767 5682 etc.
2797 5619 3027 5681 Ac'in'ox
3064 5619 3509 5691 σύγκομίζουσαι,
3542 5627 3644 5689 pro

2094 5711 2394 5761 ⁸,ιστσιντσιι
