3978 6220
401 204 503 278 tsi

1712 195 1923 266 unum
1958 210 2100 267 AUT
2137 194 2394 268 SPURIA

3561 202 3697 277 ὦ

477 334 581 393 Cui
612 340 800 395 astant
819 331 1106 389 cherubim
1132 347 1257 390 cum
1308 340 1570 397 tremore,
1604 330 1756 387 hunc
1785 323 1988 395 Ioseph

2158 321 2232 399 ’ᾨ
2264 327 2629 399 παρίστανται
2676 327 2944 403 χερουθὶμ
2972 333 3092 403 μετ’
3141 331 3449 402 εὐλαϐείας,
3479 339 3698 396 τοῦτον

400 438 458 487 et
490 423 847 484 Nicodemus
874 426 1145 496 sepeliunt
1194 426 1314 483 sine
1355 428 1577 483 timore.
1620 421 1854 491 Quando
1885 420 1984 477 de-

404 517 618 576 scendit
640 517 736 587 qui
767 512 966 586 supera
1013 531 1124 572 non
1153 515 1441 574 deseruit?
1481 508 1760 589 quomodo
1798 525 1985 584 egres-

402 623 522 673 sus,
549 608 644 679 qui
676 608 827 663 intus
855 606 974 662 est?
1000 606 1280 677 quomodo
1319 609 1475 664 venit
1517 623 1574 662 in
1617 616 1847 668 terram,
1887 600 1983 673 qui

405 701 587 756 omnia
645 697 866 769 implet?
915 707 1196 768 quomodo
1245 701 1436 766 exivit,
1489 707 1720 755 cunctos
1774 687 1987 752 latens?

406 792 512 858 Qui
551 807 719 862 supra
747 806 874 848 cum
902 789 1085 858 Patre,
1120 800 1183 847 ut
1214 792 1378 856 Deus,
1413 793 1533 848 sine
1561 790 1812 855 deiectu;
1842 785 1985 842 inira

405 896 530 936 cum
564 891 762 946 matre,
797 890 860 938 ut
888 882 1141 937 mortalis
1173 897 1324 949 vere,
1362 883 1573 952 absque
1608 881 1847 937 deiectu.
1881 878 1985 945 Qui

401 988 687 1045 nunquam
726 975 888 1030 nobis
920 974 1201 1046 apparuit,
1253 975 1347 1045 qui
1378 974 1598 1029 tandem
1646 972 1983 1037 hominibus,

402 1073 470 1120 ut
498 1065 685 1132 homo,
733 1066 1009 1137 simulque
1047 1066 1333 1121 hominum
1371 1064 1602 1121 dilector
1631 1063 1775 1120 Deus
1824 1077 1989 1133 appa-

407 1156 529 1211 ret?
572 1155 692 1222 Quo
740 1164 901 1225 pacto
953 1154 1251 1210 invisibilis
1300 1155 1455 1209 visus
1501 1154 1624 1209 est?
1671 1169 1781 1224 quo
1831 1160 1988 1223 pacto

406 1263 602 1318 expers
642 1249 885 1323 materia:
914 1263 1136 1304 carnem
1188 1246 1528 1318 assumpsit?
1559 1245 1836 1316 quomodo
1861 1259 1989 1315 pas-

408 1340 584 1398 sionis
626 1353 826 1409 expers
865 1354 1066 1408 passus
1102 1338 1230 1395 est?
1275 1338 1551 1408 quomodo
1589 1338 1753 1407 judex
1805 1350 1988 1390 coram

410 1430 677 1487 tribunali
725 1430 917 1486 stetit?
961 1431 1241 1499 quomodo
1284 1432 1397 1484 vita
1447 1437 1678 1484 mortem
1716 1425 1991 1498 gustavit?

410 1519 688 1592 quomodo
713 1521 807 1590 qui
833 1520 1227 1591 comprehendi
1273 1520 1484 1588 nequit,
1538 1519 1791 1589 sepulcro
1816 1516 1992 1572 conti-

2094 415 2293 488 Ἰωσὴφ
2314 417 2411 470 καὶ.
2439 417 2748 489 Νικόδημος
2788 418 3072 490 κηδεύουσι
3120 424 3239 492 μετ’
3284 424 3377 478 ἅδε
3386 424 3490 489 ίας.
3530 427 3697 482 Πότε

2083 506 2355 578 κατῆλθεν
2398 508 2428 560 ό
2455 505 2524 560 τὰ
2578 506 2692 562 ἄνω
2727 507 2804 580 μὴ
2850 509 3057 577 λιπώνς
3111 509 3230 576 πῶς
3254 512 3479 586 ἐξῆλθεν
3502 517 3533 569 6
3568 516 3703 571 ἔσω

2083 596 2196 667 ὥν;
2239 598 2359 664 πῶς
2394 594 2558 671 ἦλθεν
2596 600 2693 654 ἐπὶ
2731 601 2836 673 γῆς
2863 603 2893 655 6
2922 601 2990 657 τά
3028 603 3208 658 πάντα
3258 602 3519 678 πληρῶν;
3553 608 3697 672 πῶς

2086 687 2236 754 ἐξέδυ
2273 691 2301 742 6
2328 689 2534 754 πάντας
2590 690 2702 763 (li)
2757 689 2964 758 λαθών;
3010 692 3070 747 '0
3107 693 3221 749 ἀνω
3273 694 3412 765 μετά
3456 696 3697 768 Πατρδς

2087 781 2165 845 ὡς
2191 768 2326 845 Θεὸς
2352 781 2697 852 ἀνελλεὶπὴς,
2724 782 2875 837 κάτω
2908 783 3047 855 μετὰ
3072 784 3176 856 τῆς
3202 787 3409 858 μητρὸς
3438 786 3517 852 ὡς
3540 788 3691 860 βρο-

2086 873 2177 937 τὸς
2215 871 2479 945 [ἀληθῶς]
2518 870 2867 938 ἀνελλειπῶς.
2909 877 2969 930 '0
2996 877 3058 929 οὐ
3089 872 3310 931 πώποτε
3337 878 3469 949 ἡμῖν
3501 874 3695 947 ὲκφᾶ-

2087 969 2218 1033 νεὶς,
2262 967 2382 1032 πῶς
2425 967 2731 1040 ἀνθρώποις
2777 969 2856 1034 ὡς
2903 969 3191 1043 ἄνθρωπος
3234 970 3370 1042 ὁμοῦ
3417 972 3514 1025 καὶ
3550 973 3698 1041 φιλ-

2089 1059 2377 1131 άνθρωπος
2403 1059 2535 1124 Θεὸς
2568 1062 2951 1131 ὲπιφαίνεται;
2984 1062 3103 1126 πῶς
3134 1064 3163 1115 6
3194 1061 3427 1133 ἀόρατος
3443 1062 3686 1133 ὡράθη;

2090 1151 2206 1213 πῶς
2232 1153 2262 1204 6
2282 1151 2444 1215 ἀῦλος
2486 1151 2808 1224 ὲσαρκὼθης
2837 1155 2956 1217 πῶς
2994 1156 3022 1207 6
3067 1154 3285 1225 ἀπαθὴς
3312 1154 3518 1219 ἔπαθες
3555 1153 3696 1217 πῶς

2088 1243 2119 1295 6
2144 1241 2337 1313 κριτὴς
2364 1243 2444 1305 εἰς
2466 1243 2749 1315 κριτήριον
2780 1244 3026 1314 παρέστη
3048 1260 3063 1309 ;
3086 1243 3202 1308 πῶς
3233 1246 3267 1315 ἡ
3300 1244 3415 1315 ζωὴ
3437 1244 3691 1299 Θανάτου

2090 1333 2392 1403 ἐγεύσατος
2428 1333 2546 1398 πῶς
2585 1337 2614 1388 6
2648 1333 2932 1407 ἀχώρητος
2960 1338 3017 1390 ὲν
3047 1335 3201 1408 τάφῳ
3235 1340 3526 1409 χωρεῖται;
3558 1337 3695 1402 πῶς

2092 1428 2235 1481 οἰκεῖ
2258 1428 2317 1481 τὸ
2348 1428 2542 1499 μνῆμα
2567 1431 2595 1483 6
2624 1428 2699 1500 μὴ
2731 1428 2903 1482 λιπὼν
2926 1430 3018 1483 τὸν
3047 1429 3245 1483 κόλπον
3265 1429 3357 1483 τὸν
3386 1431 3688 1503 πατρικόνξ

2094 1518 2216 1583 πῶς
2240 1518 2507 1589 σπηλαίου
2541 1519 2718 1591 πύλην
2757 1520 3062 1591 εἰσέρχεται
3096 1521 3127 1573 6
3158 1518 3333 1585 πύλας
3371 1519 3466 1574 τοῦ
3502 1526 3693 1593 παραέ

412 1614 616 1670 uetur?
661 1612 938 1683 quomodo
964 1613 1171 1667 habitat
1216 1613 1551 1683 sepulcrum,
1584 1612 1678 1682 qui
1706 1622 1988 1682 paternum

2101 1610 2272 1665 δείσου
2303 1610 2413 1681 (15)
2444 1611 2684 1679 ἀνοίξας,
2729 1612 2829 1678 τὰς
2865 1613 2921 1666 δὲ
2950 1612 3125 1677 πύλας
3161 1613 3261 1684 τῆς
3286 1602 3568 1686 Παρθένου
3602 1612 3690 1684 μῆ

412 1705 596 1760 sinum
623 1717 734 1758 non
758 1702 1013 1773 reliquit?
1042 1702 1319 1772 quomodo
1347 1702 1575 1772 janua‘m
1606 1700 1883 1767 Spelunca:
1909 1700 1993 1753 in-

408 1794 675 1868 greditur,
726 1793 823 1865 qui
878 1794 1082 1864 januas
1133 1793 1375 1864 paradisi
1440 1793 1689 1864 aperuit;
1751 1789 1997 1861 Virginis

407 1902 540 1945 vero
557 1888 761 1960 januas
789 1902 899 1943 non
930 1886 1160 1958 dirupit,
1191 1887 1286 1944 sed
1316 1887 1517 1958 januas
1551 1884 1749 1940 inferni
1786 1883 1997 1938 contri-

411 1975 527 2042 vit;
570 1975 850 2045 etjanuas
879 1982 1100 2046 propter
1131 1973 1398 2030 Thomam
1452 1987 1561 2028 non
1609 1971 1845 2043 aperuit,
1902 1985 1998 2025 ve-

409 2082 534 2123 rum
577 2066 778 2137 januas
808 2067 965 2138 regni
999 2067 1273 2123 caelorum
1300 2065 1619 2120 hominibus
1644 2062 1881 2134 aperuit,
1910 2060 1997 2131 ja-

410 2160 539 2218 nuis
566 2161 807 2233 sepulcri
836 2168 895 2217 et
917 2160 1115 2232 sigillis
1132 2160 1357 2215 intactis
1380 2157 1652 2220 servatis?
1671 2146 1788 2223 Qua
1813 2163 1996 2209 autem

409 2252 626 2309 ratione
683 2253 829 2307 inter
885 2258 1136 2306 mortuos
1189 2256 1515 2320 reputatur,
1576 2249 1670 2319 qui
1718 2254 1803 2303 est
1854 2248 1999 2302 inter

411 2352 661 2398 mortuos
706 2342 881 2398 liber?
916 2342 1194 2413 quomodo
1227 2342 1322 2397 lux
1359 2357 1467 2397 non
1503 2355 1897 2412 vesperascens
1931 2339 2000 2395 ad

411 2428 535 2488 loca
581 2434 898 2500 tenebrosa,
943 2441 1001 2488 et
1033 2433 1286 2488 umbram
1336 2432 1530 2489 mortis
1558 2433 1852 2503 pervenit?
1891 2446 1999 2503 quo

413 2524 633 2581 tendit?
689 2540 801 2596 quo
847 2525 1089 2592 advenit,
1141 2525 1238 2597 qui
1296 2540 1328 2579 a
1363 2532 1540 2580 morte
1589 2525 1839 2595 superari
1888 2538 1998 2579 non

413 2610 628 2683 potuit?
654 2610 789 2679 Qua:
827 2612 943 2669 lucc
986 2613 1169 2668 ratio?
1208 2613 1304 2684 qui
1346 2612 1582 2669 modus?
1625 2614 1773 2685 quod
1808 2613 1996 2669 consi-

414 2705 549 2760 lium
578 2703 728 2759 illius
762 2704 817 2760 in
861 2704 1137 2762 infernum
1179 2704 1525 2762 descensus?
1555 2704 1809 2762 Forsitan
1853 2705 2001 2761 Ada-

415 2808 566 2849 tuum
609 2793 1029 2851 condemnatum
1109 2804 1165 2851 οι
1222 2805 1474 2852 nostrum
1556 2810 1887 2852 conservum
1942 2802 2000 2849 ιιι

413 2885 675 2943 educeret
700 2886 1008 2943 descendit.
1031 2886 1288 2943 Proiecto
1306 2886 1545 2958 primum
1573 2896 1854 2959 parentem
1880 2899 2001 2943 tan-

414 2992 582 3048 quam
624 2977 894 3046 perditam
929 2992 1086 3034 ovem
1131 2981 1424 3051 quaesitum
1455 2980 1626 3035 vadit.
1659 2979 1896 3035 Omnino
1943 2981 1996 3035 in

415 3070 660 3126 tenebris
687 3076 746 3125 et
772 3069 830 3124 in
852 3069 1047 3126 umbra
1073 3073 1269 3127 mortis
1301 3071 1556 3128 sedentes
1578 3072 1816 3128 invisere
1843 3072 1989 3140 vult;

414 3160 642 3218 omnino
688 3161 964 3231 captivum
998 3161 1195 3228 Adam,
1246 3177 1465 3233 unaque
1516 3162 1785 3233 captivam
1825 3161 1991 3217 Evam

414 3266 482 3307 ex
511 3249 799 3306 doloribus
840 3252 1082 3307 solutum
1118 3252 1269 3307 vadit
1302 3252 1469 3320 Deus,
1513 3252 1768 3323 illiusque
1800 3251 1992 3309 Filius.

484 3340 691 3399 Verum
726 3357 834 3398 una
865 3342 1292 3409 descendamus,
1325 3359 1436 3399 una
1464 3344 1855 3416 tripudiemus,
1888 3359 1999 3399 una

416 3433 764 3499 festinemus,
803 3443 913 3490 una
937 3435 1319 3501 subsiliamus,
1352 3450 1462 3491 una
1494 3435 1854 3503 deducamus,
1890 3451 1999 3491 una

416 3525 640 3597 hymnis
687 3525 1053 3592 celebremus,
1087 3542 1192 3581 una
1240 3527 1632 3594 acceleremus,
1662 3526 1757 3582 Dei
1792 3520 1999 3583 Hedera

415 3631 544 3671 cum
586 3616 906 3672 hominibus
956 3617 1259 3682 intuentes,
1300 3626 1358 3673 et
1406 3618 1900 3674 condemnaturum
1938 3618 2003 3674 li-

415 3708 760 3765 berationem
790 3723 821 3762 a
851 3708 1091 3778 benigno
1132 3707 1364 3765 Damino
1396 3708 1619 3766 iactam.
1647 3708 1813 3765 Vadit
1851 3711 2000 3767 enim

414 3808 615 3855 natura
656 3800 1116 3865 humanissimus,
1152 3809 1213 3855 ut
1239 3800 1439 3857 educat
1470 3817 1588 3869 eos,
1620 3803 1716 3873 qui
1744 3817 1775 3856 a
1798 3802 2003 3858 saeculo

417 3891 585 3946 vincti
629 3899 780 3956 sunt,
832 3893 888 3947 in
950 3891 1292 3958 fortitudine,
1358 3902 1414 3949 et
1454 3901 1724 3965 potestate
1782 3908 2001 3965 magna,

406 3974 790 4041 inhabitantes
843 3986 1136 4057 sepulcra,
1190 4001 1332 4058 quos
1390 3988 1671 4059 absorpsit
1716 3989 2005 4061 tyrannice

417 4090 603 4131 amara
636 4084 694 4130 et
733 4076 1066 4132 insatiabilis
1098 4093 1268 4142 mors,
1297 4093 1418 4149 quae
1465 4078 1809 4151 tyrannidem
1849 4095 2007 4136 exer-

416 4166 552 4231 cuit,
584 4173 639 4221 et
684 4183 715 4219 ιι
749 4164 859 4222 Deo
883 4166 1122 4237 prtedam
1155 4168 1298 4222 hanc
1345 4168 1597 4235 abstulit,
1639 4170 1916 4240 simulque
1948 4170 2006 4225 in

411 4274 584 4314 unum
618 4260 918 4329 congessit,
960 4274 1102 4329 quos
1132 4261 1223 4315 ille
1252 4261 1577 4318 caelestibus
1616 4262 1813 4320 incolis
1846 4263 1901 4317 in
1934 4263 2005 4318 li-

2098 1703 2420 1776 διαρρήξας,
2456 1703 2595 1757 ἀλλὰ
2620 1704 2799 1768 πύλας
2824 1705 2918 1759 τοῦ
2949 1704 3077 1777 ᾅδου
3103 1704 3433 1776 συντρίψας
3458 1706 3487 1758 6
3504 1703 3695 1768 πύλας

2099 1799 2193 1850 ἐπὶ
2244 1796 2416 1870 Θωμᾷ
2456 1796 2532 1868 μὴ
2575 1796 2830 1862 ἀνοίξας,
2873 1796 3012 1851 ἀλλά
3053 1796 3229 1860 πύλας
3260 1796 3360 1867 τῆς
3405 1793 3694 1866 βασιλείας

2098 1888 2407 1961 ἀνθρώποις
2461 1889 2752 1955 διανοίξας,
2789 1888 2890 1953 τὰς
2933 1889 2991 1943 δὲ
3030 1888 3207 1952 πύλας
3232 1887 3326 1942 τοῦ
3369 1887 3545 1957 τάφου
3586 1887 3694 1940 καὶ

2098 1979 2399 2054 σφραγῖδας
2425 1979 2796 2044 ἀδιανοίκτους
2833 1978 3056 2048 σώζων;
3098 1978 3222 2044 Πῶς
3265 1978 3323 2033 δὲ
3362 1980 3421 2033 ὲν
3468 1981 3695 2052 νεκροῖς

2095 2073 2372 2145 λογίζεται
2429 2077 2458 2129 6
2516 2075 2575 2127 ὲν
2618 2076 2834 2146 νεκροῖς
2876 2073 3192 2147 ὲλεύθερος;
3230 2072 3348 2137 πῶς
3376 2072 3438 2126 τὸ
3473 2072 3589 2142 φῶς
3623 2071 3694 2126 τὺ

2101 2167 2402 2239 ἀνέσπερον
2435 2168 2493 2221 ὲν
2522 2169 2817 2231 σκοτεινοῖς
2847 2167 2943 2221 καὶ
2973 2167 3101 2239 σκιᾷ
3120 2166 3352 2220 Θανάτου
3383 2164 3691 2238 παραγίνεὲ

2100 2277 2225 2328 ταις
2249 2259 2360 2314 ’ποῦ
2399 2258 2726 2333 πορεύεταιξ
2746 2259 2849 2315 ποῦ
2881 2260 3240 2331 παραγίνεται
3270 2260 3299 2314 6
3318 2242 3423 2312 ῦπὺ
3451 2257 3689 2312 θανάτου

2098 2352 2438 2426 κρατηθῆναι
2462 2352 2537 2426 μὴ
2554 2351 2849 2424 δυνάμενος
2868 2368 2884 2419 ;
2913 2353 3011 2417 Τίς
3034 2349 3064 2405 6
3078 2351 3270 2422 λόγος;
3300 2352 3387 2416 τίς
3409 2352 3439 2405 6
3461 2349 3688 2421 τρόποςξ

2098 2446 2184 2510 τίς
2214 2447 2248 2517 ἡ
2273 2444 2437 2517 βουλὴ
2490 2443 2603 2518 (16)
2633 2445 2733 2517 τῆς
2768 2445 2827 2499 ἐν
2865 2443 2944 2516 τῷ
2974 2444 3078 2516 ᾇδῂ
3097 2444 3263 2499 αὑτοῦ
3294 2444 3685 2510 καταὸάσεωςξ

2100 2537 2255 2608 Τάχα
2277 2537 2369 2591 τὸν
2406 2537 2577 2608 Ἀδὰμ
2603 2536 2696 2591 τὸν
2744 2535 3035 2591 κατάδικον
3064 2536 3159 2590 καὶ
3204 2522 3362 2608 ἡμῶν
3402 2535 3689 2590 σύνδουλοι*

2099 2629 2389 2698 ἀνενέγκαι
2420 2628 2769 2700 κατέρχεται.
2793 2628 3002 2692 Ὄντως
3031 2626 3124 2682 τὸν
3145 2626 3570 2699 πρωτόπλαστον
3608 2625 3686 2690 ὡς

2102 2720 2382 2785 ἀπολωλὸς
2416 2720 2687 2792 πρόϐατον
2736 2718 3071 2792 ἐπιζητῆσαι
3109 2717 3422 2790 πορεύεται.
3459 2717 3686 2781 Πάντως

2102 2812 2199 2866 καὶ
2243 2813 2371 2876 τοὺς
2414 2813 2472 2865 ἐν
2518 2811 2698 2865 σκότει
2742 2812 2838 2866 καὶ
2892 2812 3021 2882 σκιᾷ
3064 2808 3295 2864 Θανάτου
3343 2808 3687 2881 καθημένους

2104 2904 2353 2977 βούλεται
2421 2904 2853 2977 ἐπισκέψασθαι·
2922 2904 3139 2967 πάντως
3202 2902 3293 2957 τὸν
3342 2901 3688 2973 αἰχμάλωτον

2116 2999 2309 3071 Ἀδὰμ,
2352 2999 2448 3053 καὶ
2503 2999 2603 3071 τὴν
2646 2996 3091 3069 συναιχμάλωτω
3136 2993 3282 3050 Εὕαν
3326 2993 3436 3048 τῶν
3487 2992 3688 3048 ὀδυνῶν

2100 3090 2261 3145 λύσαι
2286 3089 2580 3164 πορεύεται
2634 3091 2661 3143 6
2718 3079 2871 3154 Θεὸς,
2915 3089 3012 3143 καὶ
3061 3087 3176 3152 υίὸς
3214 3085 3385 3157 αὐτῆς
3421 3083 3567 3159 [ὅθεν
3595 3085 3690 3140 καὶ

2098 3173 2210 3248 υίὸς
2240 3182 2403 3238 αὐτοῦ
2426 3181 2841 3255 ἀναδέδεικταῲ

2183 3339 2343 3394 Ἀ).λά
2379 3328 2856 3413 συγκατέλθωμεν,
2887 3340 3024 3395 ἀλλά
3054 3326 3533 3412 συγχορεύσωμεν,
3554 3324 3687 3394 ἀλλὰ

2103 3430 2449 3503 σπεύσωμεν,
2481 3431 2620 3487 ἀλλά
2665 3434 3141 3504 συσκιρτήσωμεν,
3180 3431 3315 3485 ἀλλά
3349 3431 3686 3504 προπέμψω-

2105 3538 2226 3593 μεν,
2244 3521 2380 3576 ἀλλά
2397 3523 2821 3594 ἀνυμνήσωμεν,
2834 3523 2972 3577 ἀλλά
2990 3522 3332 3594 ταχύνωμεν,
3350 3520 3485 3575 Θεοῦ
3500 3520 3687 3575 καταλέ

2101 3614 2274 3682 λαγάς
2298 3614 2434 3687 πρὸς
2481 3612 2804 3687 ἀνθρώπους
2853 3614 3175 3686 βλέτωντες,
3208 3613 3515 3668 καταδίκων
3555 3612 3687 3667 ἀπό-ι

2102 3706 2257 3759 λυσιν
2288 3702 2348 3771 ἐξ
2380 3704 2587 3775 ἀγαθοῦ
2612 3704 2884 3760 Δεοπότου
2913 3705 3227 3778 γινομένην.
3260 3703 3558 3777 Πορεύεται
3581 3703 3685 3775 γὰρ

2104 3800 2132 3852 6
2148 3798 2308 3868 φύσει
2330 3798 2523 3869 φιλάνο
2533 3815 2712 3872 ρωπος
2732 3796 2921 3865 ἐξάξαι
2942 3798 3070 3862 τοὺς
3093 3799 3190 3852 ἀπ’
3211 3796 3409 3861 αἰῶνος
3434 3795 3682 3868 δεσμίους

2106 3889 2165 3943 ἐν
2197 3889 2420 3963 ἀνδρείᾳ
2447 3891 2541 3945 καὶ
2580 3889 2801 3963 ἐξουσία
2831 3889 3024 3962 πολλῇ,
3056 3890 3184 3954 τοὺς
3210 3887 3594 3952 κατοικοῦντας
3627 3888 3682 3940 ἐν

2103 3980 2318 4051 τάφοις,
2349 3979 2444 4045 οὒς
2472 3980 2733 4035 κατέπιεν
2768 3981 3105 4053 τυραννικῶς
3129 3982 3158 4034 6
3197 3979 3393 4052 πικρὸς
3419 3979 3515 4033 καὶ
3557 3966 3682 4034 ἀκό-

2108 4090 2299 4144 ρεστος
2332 4071 2562 4137 θάνατος
2611 4073 2973 4145 τυραννήσας,
3006 4072 3101 4126 καὶ
3129 4074 3195 4126 ὲκ
3239 4070 3374 4126 Θεοῦ
3412 4069 3680 4142 ἀποσυλή-

2109 4172 2210 4230 σας
2239 4165 2349 4237 (Π)
2372 4165 2508 4237 θμοῦ
2539 4182 2598 4219 τε
2626 4165 2720 4220 καὶ
2752 4164 3052 4236 σωρεύσας,
3072 4168 3186 4229 τοῖς
3210 4167 3323 4221 ἄνω
3347 4163 3681 4220 κατοικοῦσιν

2109 4256 2482 4329 ἐλευθερώσας
2527 4258 2948 4332 συναριθμῆσαι.
2993 4259 3143 4312 Ἐκεῖ
3178 4259 3398 4330 δέσμιος
3452 4257 3619 4329 ’Δδᾶμ
3655 4259 3682 4312 6

413 4342 684 4405 bertatcm
735 4358 980 4405 assertos
1011 4365 1378 4405 annnmerare
1422 4353 1591 4423 cupit.
1625 4351 1743 4407 lllic
1787 4354 1996 4411 vinctus

2111 4349 2555 4420 πρωτόπλαστος,
2608 4353 2703 4405 καὶ
2757 4351 3203 4423 πρωτογὲννητος
3249 4352 3468 4406 πάντων
3510 4367 3681 4403 κατω-

415 4434 591 4496 Adam
639 4440 853 4512 primas
899 4454 1126 4510 parens,
1165 4449 1222 4496 et
1255 4443 1437 4512 primo
1486 4452 1707 4500 creatus
1742 4445 2001 4502 omnibus

416 4532 620 4587 intimis
680 4531 1062 4588 condemnatis
1120 4533 1369 4591 inferior.
1421 4532 1539 4590 Illic
1600 4536 1735 4593 Abel
1786 4539 2000 4608 primus

415 4630 691 4687 mortuus,
735 4630 791 4678 et
832 4623 1048 4694 primus
1091 4623 1278 4694 justus
1314 4633 1505 4696 pastor
1545 4626 1763 4697 iniusta:
1790 4628 2000 4686 Christi

414 4714 655 4785 pastoris
674 4713 840 4770 caedis
864 4713 1058 4785 ﬁgura.
1074 4713 1193 4770 Illic
1214 4714 1329 4771 Noe
1349 4716 1556 4772 Christi
1583 4728 1763 4789 typus,
1790 4735 2001 4791 magna;

414 4814 559 4861 arca:
604 4804 699 4860 Dei
734 4804 994 4862 Ecclesiae
1033 4804 1334 4862 fabricator
1366 4827 1379 4862 :
1414 4824 1538 4879 quae
1580 4825 1771 4867 omnes
1803 4811 2001 4869 cﬂ‘eras

414 4900 606 4967 gentes
636 4912 703 4952 ex
735 4896 927 4955 diluvii
972 4901 1249 4970 impietate
1296 4917 1395 4972 per
1439 4904 1771 4971 columbam,
1824 4906 2001 4977 Spiri-

417 4994 535 5042 tum
583 4998 859 5055 sanctum,
911 4993 1287 5058 conservavit,
1338 4998 1503 5065 atque
1545 5006 1727 5051 atrum
1767 5013 1998 5053 corvum

414 5093 483 5135 ex
522 5078 627 5133 hac
645 5079 828 5149 ejecit.
874 5080 991 5136 Illic
1024 5081 1301 5138 Abraham
1333 5084 1540 5140 Christi
1586 5095 1745 5157 pater
1783 5089 1999 5145 sacriﬁ—

416 5182 552 5238 cus;
584 5172 679 5241 qui
711 5187 846 5227 ense
874 5172 998 5228 sine
1028 5188 1163 5231 ense
1194 5175 1357 5231 letale
1389 5176 1512 5232 sine
1551 5178 1661 5233 leto
1690 5178 1801 5234 Deo
1831 5183 2002 5239 saeri-

415 5260 600 5318 licium
632 5262 762 5319 felix
806 5266 1031 5323 obtulit.
1083 5265 1201 5323 Illic
1242 5267 1386 5324 infra
1435 5269 1658 5330 vinctus
1688 5268 1864 5342 Isaac,
1903 5275 1998 5347 qui

487 5442 599 5516 (υ)
628 5463 718 5516 πο.
750 5448 950 5502 πάντα,

486 5515 599 5590 (15)
634 5515 727 5586 rp.
754 5518 1008 5590 οὐρανοῦο

625 5584 716 5657 γρ.
758 5584 952 5660 φρίκη.
1318 5654 1321 5657 η

511 5656 569 5710 ιι
632 5675 722 5726 1p.
759 5659 855 5725 οὓς
904 5662 1245 5726 τυραννικῶς
1304 5666 1321 5719 ἐ

511 5655 600 5729 17)
632 5655 722 5729 π).
759 5655 855 5725 οὓς
904 5655 1245 5733 τυραννικῶς
1304 5666 1333 5719 6
1381 5666 1576 5741 πικρὸς
1640 5668 1736 5723 καὶ
1777 5669 1994 5738 ivrare;

2106 4447 2284 4502 τάτων
2322 4444 2633 4500 καταδίκων
2687 4445 3014 4519 κατώτερος.
3050 4445 3200 4499 Ἐκεῖ
3227 4443 3393 4498 Ἅϐελ
3418 4444 3446 4497 6
3483 4442 3681 4516 πρωτό·

2107 4540 2320 4611 θνητος,
2348 4540 2443 4593 καὶ
2492 4538 2886 4612 πρωτοδίκαιος
2924 4538 3129 4610 ποιμὴν
3160 4537 3401 4610 Χριστοῦ
3436 4535 3680 4609 ποιμένος

2105 4631 2277 4696 τύπος
2295 4632 2393 4703 τῆς
2414 4630 2598 4685 ἀδίκου
2618 4632 2853 4703 σφαγῆς.
2881 4632 3031 4685 Ἑκεῖ
3042 4630 3166 4685 Νῶε
3185 4634 3215 4685 6
3231 4632 3470 4705 Χριστοῦ
3497 4631 3676 4697 τύπος,

2105 4724 2206 4796 τῆς
2255 4724 2501 4797 μεγάλης
2532 4724 2766 4779 κιϐωτοῦ
2798 4723 2933 4777 Θεοῦ
2970 4723 3294 4796 Ἐκκλησίας
3320 4724 3562 4795 κτιστὴς,
3592 4724 3679 4795 τῆς

2106 4816 2176 4871 τά
2220 4815 2459 4890 θηριώδη
2512 4816 2640 4890 ἔθνη
2698 4817 2876 4872 πάντα
2919 4818 2982 4871 ὲκ
3007 4818 3394 4891 κατακλυσμοῦ
3439 4817 3678 4881 ἀσεϐείας

2105 4907 2193 4961 διά
2218 4911 2567 4982 περιστερᾶς,
2622 4896 2777 4981 ἁγίου
2815 4909 3152 4980 Πνεύματος,
3194 4910 3560 4982 διασωσάσης,
3597 4910 3679 4962 καὶ

2104 5001 2198 5055 τὸν
2219 5000 2448 5073 ζοφερὸν
2464 5001 2677 5073 κόρακα
2698 4989 2809 5074 (l8)
2842 5004 2907 5057 ἐκ
2935 5003 3138 5075 ταύτης
3159 5003 3508 5076 ἐξορισάσης.
3546 5003 3680 5056 Ἐκεῖ

2117 5093 2370 5166 Ἀϐραὰμ
2416 5097 2445 5148 6
2507 5096 2907 5169 Χριστοπάτωρ
2963 5095 3152 5166 θύτης,
3186 5097 3216 5149 6
3262 5096 3360 5167 τὴν
3410 5094 3679 5163 ξιφάξιφον

2105 5183 2264 5254 ὁμοῦ,
2297 5185 2391 5239 καὶ
2431 5185 2797 5257 θνητάθνητον
2826 5185 2945 5257 Θεῷ
2968 5185 3137 5250 θύσας
3167 5185 3357 5240 θυσίαν
3381 5184 3677 5240 πανόλϐιον.

2117 5264 2267 5332 Ἐκεῖ
2296 5277 2446 5332 κάτω
2483 5277 2704 5349 δέσμιρς
2745 5279 2932 5334 Ἰσαὰκ
2963 5281 2992 5333 6
3017 5278 3185 5341 πάλαι
3212 5277 3433 5350 δέσμιος
3464 5274 3676 5349 Χριστόι

2101 5448 2365 5572 ξύραννος
2396 5452 2760 5523 τυραννήσας,
2811 5452 2877 5506 ἐκ
2906 5451 3043 5506 Θεοῦ
3074 5452 3151 5518 ὡς
3190 5452 3447 5523 ἀλάστωρ
3480 5452 3669 5507 (item):

2121 5537 2284 5572 meo).

2121 5537 2284 5592 ιησεν.

2173 5592 2285 5660 (l8)
2318 5608 2409 5661 γρ.
2438 5592 2683 5651 διάϐολον
2715 5593 2971 5687 κόρακα.-
