3978 6220
349 251 457 312 463

1442 253 1726 315 HOMILIA
1764 256 1914 315 [LIN
1955 257 2268 314 SABBATO
2312 258 2572 317 MAGNO.

3510 256 3619 322 £5;

349 388 522 436 τυπος
544 371 651 426 ὑπὸ
687 372 940 445 Ἀϐραάμ
982 371 1271 445 γενόμενος
1304 374 1438 430 ἀνω.
1474 377 1620 431 Ἐκεῖ
1657 377 1851 432 Ἰακὼό
1874 379 1931 432 ὲν

2046 377 2164 432 olim
2194 378 2262 433 ab
2302 379 2573 435 Abraham
2602 388 2767 451 supra
2790 378 3014 436 vinctus
3043 386 3163 436 erat
3196 374 3266 437 ad
3289 379 3493 438 Christi
3530 397 3617 437 re—

350 463 458 543 ᾅδῃ
510 462 816 529 κατώδυνος
866 466 1017 520 κάτω
1064 466 1197 537 πρὶν
1244 467 1333 522 διά
1389 468 1587 538 Ἰωσὴφ
1632 468 1940 534 κατώδυνος

350 558 484 613 ἄνω.
524 558 670 611 Ἐκεῖ
703 556 901 630 Ἰωσὴφ
938 558 967 610 6
992 556 1210 629 δέσμιος
1229 597 1245 623 ,
1274 561 1304 613 6
1331 561 1387 613 ὲν
1414 560 1672 632 Αἰγύπτῳ
1701 560 1940 631 γεγονὼς

350 652 410 704 ἐν
438 649 516 721 τῷ
542 649 902 721 δεσμωτηρίῳ
938 651 1018 715 εις
1050 651 1290 722 Χριστοῦ
1324 651 1493 707 τύπον
1529 653 1815 725 δεσμώτης
1845 654 1940 708 καλ⁸

347 740 637 812 δεσπότης.
686 742 833 795 Ἐκεῖ
863 741 1104 813 Μωῦσῆς
1128 744 1188 797 ὲν
1209 746 1505 808 σκοτεινοῖς
1532 745 1701 808 κάτω,
1741 745 1771 796 6
1808 745 1938 798 ποτὲ

347 833 409 884 ὲν
437 834 503 903 τῇ
530 832 673 903 θήκῃ
706 834 766 885 ἐν
811 834 1106 896 σκοτεινοῖς
1144 833 1277 888 ἄνω.
1331 835 1479 888 Ἐκεῖ
1519 835 1718 907 Δανιὴλ
1750 837 1810 889 ἐν
1836 836 1939 909 ᾄδῃ

347 922 429 991 τῷ
452 922 660 994 λάκκῳ,
703 925 733 977 ὁ
770 924 830 978 ἐν
868 924 947 996 τῷ
989 924 1178 995 λάκκῳ
1220 925 1353 979 ποτὲ
1394 926 1500 981 τῶν
1541 928 1771 982 λεόντων
1803 930 1935 984 ἀνω.

360 1014 511 1070 Ἐκεῖ
549 1014 816 1086 Ἱερεμίας
836 1016 911 1079 ὡς
942 1016 1000 1069 ἐν
1028 1016 1215 1088 λάκκῳ
1244 1016 1528 1090 βορϐόρου,
1551 1020 1609 1071 ὲν
1643 1019 1721 1090 τῷ
1750 1019 1938 1091 λάκκῳ

347 1106 443 1159 τοῦ
486 1105 615 1178 ᾅδου
651 1106 747 1160 καὶ
785 1107 882 1176 τῆς
919 1107 1124 1178 φθορᾶς
1171 1107 1265 1161 τοῦ
1312 1108 1564 1166 θανάτου.
1612 1112 1757 1165 Ἐκεῖ
1776 1113 1833 1164 ὲν
1860 1110 1938 1183 τῷ

350 1196 666 1267 κοσμοδόχῳ
718 1198 876 1268 κήτει
926 1197 1021 1251 τοῦ
1058 1198 1184 1269 ᾅδου
1227 1202 1407 1254 κεῖται
1440 1201 1522 1266 εἰς
1550 1200 1720 1255 τύπον
1754 1203 1938 1267 Ἰωνᾶς

349 1288 590 1358 Χριστοῦ
620 1288 713 1341 τοῦ
748 1288 963 1342 αἰωνίου
999 1291 1093 1344 καὶ
1129 1291 1457 1361 προαιωνίου
1493 1294 1647 1345 Ἰωνᾶ
1669 1292 1767 1346 τοῦ
1802 1292 1938 1357 ζῶν-

347 1391 443 1442 τος
473 1382 553 1442 εἰς
586 1380 777 1444 αίῶνα,
813 1381 906 1434 καὶ
932 1383 1012 1445 είς
1049 1383 1176 1447 τοὺς
1209 1384 1411 1446 αἰῶνας
1439 1384 1547 1438 τῶν
1577 1383 1790 1439 αἰώνων
1822 1385 1937 1457 [καὶ

348 1470 439 1523 ἐπ’
459 1469 685 1543 uicinia].
710 1472 819 1526 Καὶ
844 1473 923 1525 ἔτι
965 1474 1079 1526 ἐκεῖ
1104 1474 1267 1528 Δαὸὶδ
1291 1477 1319 1529 6
1347 1476 1665 1548 Θεοπάτωρ,
1694 1477 1755 1542 ἐξ
1786 1470 1848 1531 οὗ
1877 1478 1939 1532 τὸ

352 1561 496 1616 κατά
532 1562 712 1632 σάρκα
737 1561 994 1633 Χριστός.
1027 1564 1209 1617 Καὶτί
1238 1564 1381 1633 λέγω
1400 1565 1563 1620 Δαϐὶδ
1610 1566 1703 1620 καὶ
1750 1567 1937 1620 ἰωνᾶν

352 1653 447 1707 καὶ
496 1652 847 1724 Σολομῶντα;
902 1656 1047 1709 Ἐκεῖ
1074 1656 1169 1709 καὶ
1198 1656 1359 1721 αὐτὸς
1389 1659 1419 1710 6
1455 1657 1633 1721 πολὺς
1660 1657 1936 1729 Ἰωάννης,

2045 469 2325 525 ferendam
2374 470 2691 542 imaginem.
2738 471 2856 526 lllic
2898 472 3039 527 inl'ra
3072 471 3246 529 Jacob
3294 473 3353 528 in
3399 472 3618 528 inferno

2042 574 2279 615 maerore
2316 561 2625 630 confectus,
2665 564 2762 634 qui
2810 579 2979 635 supra
3012 573 3235 635 propter
3261 563 3463 635 Joseph
3499 564 3620 620 fue—

2043 664 2130 709 rat
2169 670 2410 710 maerore
2439 657 2748 713 conlectus.
2779 659 2899 714 lllic
2926 657 3128 730 Joseph
3160 660 3400 729 vinctus,
3434 660 3529 730 qui
3562 660 3617 714 in

2042 749 2278 821 Egypto
2304 749 2409 803 fuit
2436 749 2492 804 in
2516 765 2737 806 carcere
2762 752 2828 805 ad
2855 752 3061 807 Christi
3088 752 3315 821 liguram
3363 753 3618 823 captivus

2039 850 2095 897 et
2138 842 2416 896 dominus.
2465 841 2580 896 Illic
2614 841 2795 898 Moses
2847 843 2989 898 infra
3025 847 3078 898 in
3117 846 3254 899 locis
3288 846 3622 916 tenebrosis,

2040 932 2137 1003 qui
2179 946 2346 1002 supra
2400 932 2678 1002 quondam
2734 933 2786 986 in
2825 934 3010 987 arcula
3058 936 3115 988 in
3162 935 3282 989 loco
3326 935 3619 990 tenebroso

2041 1023 2242 1080 fuerat.
2280 1023 2398 1079 Illic
2428 1023 2619 1078 Daniel
2648 1023 2700 1078 in
2728 1024 2852 1078 lacu
2883 1024 3106 1089 inferni,
3132 1028 3226 1094 qui
3249 1041 3417 1094 supra
3438 1041 3620 1096 quon-

2042 1118 2165 1172 dam
2199 1118 2254 1171 in
2279 1118 2400 1172 lacu
2432 1118 2650 1172 leonum
2686 1125 2938 1172 versatus
3001 1127 3138 1171 erat.
3184 1117 3296 1171 Illic
3350 1117 3616 1173 Jeremias

2041 1217 2301 1279 tanquam
2325 1210 2379 1263 in
2409 1209 2529 1264 lacu
2566 1209 2733 1273 omni,
2768 1209 2823 1262 in
2853 1209 2973 1262 lacu
3007 1208 3207 1262 inferni
3230 1214 3287 1263 et
3306 1209 3620 1278 corruptio-

2042 1299 2130 1354 nis
2172 1299 2390 1354 mortis.
2428 1299 2541 1353 lllic
2562 1298 2731 1356 Jonas
2771 1301 2826 1354 in
2867 1300 3054 1353 mundi
3090 1314 3292 1369 capace
3335 1306 3477 1363 ceto,
3514 1301 3620 1355 hoc

2041 1398 2127 1445 est
2162 1388 2379 1445 inferno
2410 1389 2592 1459 jacet;
2624 1390 2678 1443 in
2722 1389 2949 1461 figuram
2978 1387 3184 1445 Christi
3221 1389 3415 1443 aeterni
3444 1388 3618 1453 Jonas,

2041 1480 2135 1549 qui
2166 1479 2297 1533 vivit
2342 1480 2395 1532 in
2449 1479 2737 1542 saeculum,
2785 1486 2839 1533 et
2865 1478 2921 1532 in
2952 1479 3153 1534 saecula
3184 1479 3511 1533 saeculorum
3547 1476 3621 1548 (et

2042 1586 2263 1625 rursum
2306 1570 2361 1625 in
2390 1569 2698 1641 saeculum).
2753 1568 2869 1625 lllic
2899 1578 3161 1640 praeterea
3197 1567 3365 1622 David
3406 1567 3500 1623 Dei
3532 1578 3623 1638 pa-

2046 1679 2197 1729 rens,
2232 1680 2298 1719 ex
2327 1679 2439 1734 quo
2465 1663 2767 1718 secundum
2800 1677 3023 1717 carnem
3050 1661 3321 1717 oriundus
3340 1660 3619 1716 Christus.

347 1746 381 1800 6
408 1746 609 1817 μείζων
632 1746 850 1801 πάντων
878 1747 985 1801 τῶν
1036 1748 1355 1820 προφητῶν,
1389 1749 1465 1813 ὡς
1500 1751 1559 1803 ὲν
1591 1751 1659 1821 τῇ
1688 1751 1938 1821 σκοτεινῇ

2046 1755 2153 1812 Sed
2188 1756 2323 1827 quid
2348 1756 2473 1811 dico
2502 1754 2787 1819 Davidem,
2819 1763 2873 1811 et
2892 1753 3108 1819 Jonam,
3145 1762 3199 1809 et
3233 1752 3645 1825 Salomonem‘!

353 1841 536 1909 μήτρᾳ
581 1838 816 1909 Χριστὸν
859 1838 1252 1911 προκηρύττων
1293 1843 1408 1903 τοῖς
1443 1844 1502 1895 ἐν
1552 1841 1652 1913 ᾄδῃ
1690 1842 1893 1897 ἆπασιν
1925 1860 1939 1874 ο

348 1928 378 1979 6
406 1926 582 1989 διττὸς
608 1927 933 1999 πρόδρομος,
963 1928 1059 1982 καὶ
1088 1928 1263 2000 κῆρυξ
1304 1929 1520 1995 ζώντων
1552 1932 1647 1984 καὶ
1678 1932 1888 2004 νεκρῶν
1922 1949 1937 1965 ⁸

348 2016 378 2069 6
405 2018 470 2070 ὲκ
501 2016 747 2086 φυλακῆς
788 2016 1030 2089 Ἡρώδου
1068 2020 1135 2089 τῇ
1187 2020 1455 2092 πανδήμῳ
1499 2021 1714 2093 φυλακῇ
1757 2038 1939 2093 παραο

348 2108 626 2180 πεμφθεὶς
649 2107 746 2162 τοῦ
772 2107 898 2180 ᾅδου
930 2107 1100 2182 [ὅθεν]
1136 2110 1246 2162 τῶν
1271 2111 1364 2165 ἀπ’
1388 2112 1584 2177 αἰῶνος
1622 2113 1849 2167 δικαίων
1880 2131 1941 2167 τε

350 2200 446 2254 καὶ
470 2200 670 2254 ἀδίκων
690 2200 1130 2272 κεκοιμημένων.
1150 2200 1212 2256 υἱ
1235 2201 1293 2255 δὲ
1318 2202 1433 2274 (19)
1462 2202 1740 2276 προφῆταί
1762 2222 1821 2258 τε
1843 2205 1942 2259 καὶ

347 2292 550 2347 δίκαιοι
582 2293 820 2358 ἅπαντες
855 2293 1010 2357 λιτάς
1047 2293 1320 2365 ἀλήκτους
1357 2295 1782 2367 κρυφιομύστως
1818 2294 1940 2367 Θεῷ

349 2384 560 2439 ἐκεῖθεν
597 2384 956 2457 προσέφερον,
999 2383 1272 2458 λύτρωσιν
1300 2385 1639 2454 ἐξαιτοῦντες
1668 2388 1771 2458 τῆς
1803 2404 1940 2442 παν-

348 2478 556 2533 ωδύνου
588 2477 805 2548 ἐκείνης
836 2477 932 2531 καὶ
963 2477 1242 2549 κατηφοῦς
1268 2477 1639 2551 ὲχθροκράτου
1678 2478 1937 2552 ζοφερᾶς,

348 2570 447 2625 καὶ
501 2569 847 2641 πανεσπέρου
877 2569 1195 2636 παννυξίας.
1235 2572 1347 2626 Καὶ
1402 2573 1431 2624 6
1481 2572 1579 2643 μὲν
1631 2571 1769 2642 πρὸς
1806 2571 1939 2626 Θεὸν

349 2663 505 2732 ἔλεγε
526 2676 541 2691 ·
609 2662 712 2715 Ἐκ
747 2662 981 2728 κοιλίας
1031 2662 1181 2729 ᾅδου
1203 2660 1471 2732 κραυγῆς
1485 2680 1608 2732 μου
1644 2662 1938 2727 ἄκουσον,

349 2751 558 2822 φωνῆς
612 2769 732 2823 μου
758 2768 772 2785 ⁶
817 2755 848 2807 6
877 2753 924 2807 δ’
966 2752 1126 2818 ἀλλος
1151 2771 1164 2785 ·
1205 2752 1309 2809 Ἐκ
1349 2754 1593 2820 ,ϐαθέων
1643 2754 1941 2824 ἐκέκραξά

349 2858 472 2911 σοι,
497 2845 677 2915 Κύριε
696 2861 711 2877 ο
763 2846 963 2914 Κύριε,
1011 2845 1385 2901 εἰσάκουσον
1419 2846 1531 2916 τῆς
1549 2846 1758 2917 φωνῆς
1780 2865 1900 2917 μου
1919 2863 1935 2879 ⁸

350 2936 449 2991 καὶ
476 2936 636 3001 ἄλλος
655 2953 669 2970 ·
705 2937 1039 3007 Ἐπίφανον
1065 2938 1133 2993 τὸ
1167 2939 1495 3007 πρόσωπόν
1517 2955 1659 3005 σου,
1693 2938 1793 2993 καὶ
1819 2953 1939 2992 σω·-

350 3031 656 3100 θησόμεθα
673 3047 687 3061 ·
707 3032 801 3086 καὶ
822 3030 1010 3104 ἕτερος
1031 3047 1047 3063 ο
1090 3031 1153 3085 '0
1176 3031 1513 3101 καθήμενος
1542 3030 1640 3085 ἐπὶ
1680 3030 1799 3085 τῶν
1841 3048 1930 3102 χε-

2044 1848 2160 1904 lllic
2189 1860 2240 1904 et
2272 1864 2503 1919 magnus
2536 1849 2654 1919 ipse
2681 1846 2944 1914 Joannes,
2975 1846 3152 1916 major
3194 1847 3455 1901 omnibus
3492 1859 3621 1915 pro-

2043 1938 2244 2008 phetis,
2280 1945 2543 2006 tanquam
2575 1938 2631 1991 in
2667 1938 2964 1991 tenebroso
2994 1943 3152 1990 utero
3175 1935 3453 1990 Christum
3482 1944 3621 2003 pra:-

2042 2029 2236 2085 dicans
2278 2029 2346 2085 iis
2384 2028 2479 2100 qui
2517 2030 2573 2083 in
2612 2028 2828 2084 inferno
2881 2035 3041 2083 erant
3079 2027 3372 2094 omnibus;
3419 2026 3618 2096 duplex

2041 2136 2372 2192 praecursor,
2411 2128 2459 2176 el
2510 2136 2689 2191 praaco
2736 2121 2986 2175 vivorum
3025 2128 3077 2176 et
3115 2130 3455 2175 mortuorum
3484 2139 3496 2173 :
3524 2110 3620 2189 qui

2041 2226 2110 2269 ex
2142 2226 2365 2267 carcere
2398 2210 2634 2267 Herodis
2658 2212 2713 2266 in
2742 2212 3021 2281 publicum
3051 2211 3238 2282 populi
3270 2209 3472 2266 inferni
3504 2223 3624 2265 car-

2041 2317 2221 2359 cerem
2257 2302 2622 2359 transmissus
2673 2308 2779 2358 est.
2823 2302 2896 2355 At
2940 2301 3077 2371 justi
3131 2302 3469 2371 injustique,
3523 2300 3621 2372 qui

2039 2398 2197 2447 erant
2238 2406 2268 2445 a
2307 2393 2510 2448 saeculo
2548 2391 2841 2462 consopiti,
2884 2391 3186 2462 praesertim
3244 2392 3521 2462 propheta
3568 2401 3624 2447 et

2034 2480 2171 2550 justi
2221 2481 2405 2537 cuncti
2471 2496 2665 2552 preces
2713 2480 2966 2538 assiduas
3015 2482 3233 2538 occulte
3286 2482 3623 2553 mysticeque

2043 2570 2153 2627 Deo
2185 2571 2338 2628 illinc
2366 2572 2692 2638 offerebant,
2729 2572 3162 2644 redemptionem
3188 2572 3500 2644 ﬂagitantes
3529 2574 3626 2629 do-

2042 2664 2175 2720 loris
2201 2664 2347 2721 illius
2374 2664 2443 2720 ad
2463 2681 2654 2721 omnes
2677 2665 3024 2735 pertinentis,
3054 2675 3108 2722 et
3132 2675 3341 2721 maestae
3364 2667 3432 2721 ab
3461 2667 3619 2723 hoste

2040 2766 2341 2827 occupata),
2377 2766 2508 2813 atrae
2535 2767 2909 2828 perpetuoque
2930 2757 3291 2813 tenebricosae
3319 2759 3520 2814 noctis.
3552 2758 3621 2814 Et

2041 2847 2133 2903 hic
2160 2849 2382 2918 quidem
2412 2847 2480 2903 ad
2514 2848 2685 2905 Deum
2712 2848 2933 2903 dicebat
2958 2867 2972 2903 :
3007 2847 3089 2901 Ea:
3118 2857 3266 2901 utero
3290 2849 3487 2917 inferni
3511 2848 3627 2903 cla-

2041 2955 2239 2993 morem
2285 2954 2459 2994 meum
2492 2939 2644 3005 audi,
2679 2955 2855 2993 vocem
2895 2955 3067 2994 meam
3093 2942 3108 2971 ί
3133 2957 3148 3007 ;
3172 2942 3311 2994 alter
3345 2954 3513 2994 vero:
3553 2938 3624 2992 De

2042 3031 2324 3102 profundis
2356 3032 2582 3086 clamavi
2618 3030 2688 3084 ad
2722 3040 2789 3096 te,
2834 3030 3098 3094 Domine;
3135 3031 3376 3096 Domine,
3415 3032 3613 3086 exaudi

348 3094 582 3190 ρουὸίμ,
599 3094 929 3190 ἐμφὰνηθιί
951 3094 1044 3175 καὶ
1060 3119 1218 3184 ἄλλος
1233 3138 1245 3150 ·
1289 3094 1618 3190 ’έξέγείρον
1630 3119 1745 3189 τὴν
1769 3094 1941 3174 δυσία-

2046 3140 2218 3178 ιοοσειη
2262 3140 2430 3176 meam
2448 3123 2468 3153 ²
2490 3141 2505 3189 ;
2531 3134 2583 3177 ct
2612 3122 2750 3176 alter
2776 3139 2790 3175 :
2830 3120 3054 3175 Illuslra
3085 3132 3418 3191 conspectum
3455 3130 3623 3184 tuum,

349 3210 566 3267 στείαν
593 3228 733 3276 σου,
755 3212 854 3266 καὶ
874 3211 1017 3267 ἐλθὲ
1040 3215 1131 3279 εὶς
1155 3211 1223 3265 τό
1253 3210 1450 3266 σῶσαι
1482 3211 1642 3281 ἡμᾶς
1664 3227 1677 3241 °
1715 3211 1809 3265 καὶ
1831 3212 1948 3265 ἓτε-

357 3319 481 3374 ρος·
518 3303 677 3373 Ταχὺ
716 3304 1339 3372 προκαταιὶαόέτωσαν
1370 3303 1530 3373 ἡμᾶς
1561 3306 1616 3358 oi
1657 3304 1947 3374 οἰκτιρμοί

352 3415 493 3462 σου,
522 3399 698 3467 Κύριε
717 3415 731 3429 ·
754 3403 849 3453 καὶ
869 3398 1056 3463 ἄλλος’
1095 3397 1435 3467 Ῥῦσαιτὴν
1476 3396 1692 3466 ψυχήν
1723 3414 1844 3467 μου
1876 3395 1946 3462 ἐξ

354 3490 504 3559 ᾅδου
558 3491 934 3546 κατωτάτουο
970 3492 1064 3544 καὶ
1084 3491 1271 3563 ἕτερος
1292 3508 1306 3523 ν
1345 3491 1547 3559 Κύριε,
1583 3489 1847 3560 ἀνάγαγε
1874 3488 1946 3553 ἐξ

354 3582 504 3650 ᾅδου
529 3582 645 3653 τὴν
680 3584 893 3653 ψυχήν
928 3601 1049 3654 μου
1071 3602 1084 3616 ·
1113 3584 1205 3638 καὶ
1226 3584 1387 3648 ἄλλος
1407 3598 1421 3611 ·
1454 3581 1552 3652 Μὴ
1583 3582 1947 3653 ἐγκατάλιπε

355 3674 471 3744 τὴν
497 3675 713 3744 ψυχήν
744 3693 864 3745 μου
910 3678 997 3743 εις
1020 3675 1182 3745 ᾅδην
1206 3690 1219 3707 ⁵
1257 3677 1352 3731 καὶ
1381 3675 1568 3748 ἕτερος
1590 3693 1604 3707 ·
1655 3678 1947 3747 Ἆναϐήτω

354 3768 424 3824 ἐκ
448 3768 676 3840 φθορᾶς
696 3770 735 3840 ἡ
764 3768 876 3841 ζωή
900 3788 1021 3841 μου
1056 3770 1207 3840 πρὸς
1230 3771 1328 3836 σὲ,
1352 3771 1531 3839 Κύριε
1554 3773 1587 3826 ό
1622 3771 1768 3836 Θεός
1801 3788 1943 3841 μου.

428 4026 531 4088 Ὧν
563 4033 626 4106 δὴ
662 4033 918 4088 ἁπάντων
949 4034 1265 4101 ὑπακούσας
1302 4037 1331 4089 6
1361 4036 1775 4108 πανοικτίρμων
1808 4036 1942 4101 Θεὸς

357 4130 387 4182 6
410 4128 645 4200 Χριστὸς
674 4126 736 4180 ού
764 4126 968 4179 δίκαιον
1001 4127 1224 4198 κέκρικε
1258 4130 1374 4191 τοῖς
1395 4129 1481 4180 ἐπ’
1506 4128 1674 4182 αὐτοῦ
1705 4130 1802 4183 καὶ
1830 4130 1947 4196 μετ’

358 4219 522 4275 αὐτόν
545 4218 645 4290 τῆς
681 4218 890 4282 οἰκείας
928 4218 1249 4289 μεταδοῦναι
1286 4220 1469 4289 μόνοις
1500 4220 1943 4291 φιλανθρωπίας·

357 4312 493 4369 ἀλλὰ
516 4313 610 4366 καὶ
641 4314 755 4376 τοῖς
789 4311 897 4384 πρὸ
924 4313 1022 4383 τῆς
1055 4311 1220 4366 αὐτοῦ
1270 4312 1567 4383 ἐπιδημίας
1592 4314 1651 4365 ὲν
1681 4312 1784 4383 ᾅδῃ
1815 4327 1949 4365 κατ-

358 4406 657 4477 εχομένοις,
692 4406 785 4459 καὶ
838 4403 1167 4476 καθημένοις
1199 4406 1256 4459 ὲν
1303 4404 1504 4468 σκότει,
1537 4405 1666 4475 σκιᾷ
1694 4403 1945 4460 θανάτου.

2044 3228 2094 3273 et
2139 3214 2546 3280 salvabimur’;
2598 3220 2651 3270 et
2692 3215 2834 3267 alter
2861 3233 2874 3268 :
2906 3212 3197 3267 Considens
3242 3214 3295 3267 in
3335 3211 3626 3275 cherubim,

2049 3322 2246 3376 appara
2269 3305 2323 3372 ⁸;
2352 3313 2405 3360 et
2427 3304 2569 3359 alius
2598 3323 2611 3359 :
2639 3298 2835 3357 Excitu
2877 3312 3190 3373 potestatem
3226 3310 3394 3368 tuam,
3434 3310 3485 3356 et
3512 3302 3628 3355 veni

2052 3407 2108 3451 ut
2133 3396 2300 3451 solves
2334 3412 2428 3451 nos
2451 3398 2472 3427 ⁵
2497 3414 2511 3463 ;
2538 3402 2592 3450 et
2615 3395 2757 3450 alius
2782 3414 2796 3450 :
2829 3394 2950 3450 Cito
2976 3405 3339 3465 pra'occupent
3367 3411 3462 3448 nos
3488 3409 3627 3449 como

2046 3490 2413 3543 miserationes
2462 3496 2586 3552 mw,
2634 3486 2936 3555 Domine“;
2988 3497 3043 3542 et
3090 3487 3234 3541 alius
3268 3505 3283 3540 :
3312 3486 3471 3555 Eripe
3512 3485 3629 3538 ani-

2046 3597 2188 3634 mam
2228 3595 2293 3634 ea:
2327 3579 2533 3648 inferno
2558 3577 3045 3648 profundissima";
3086 3584 3141 3632 et
3175 3577 3312 3632 alter
3344 3575 3626 3639 :Domine,

2044 3672 2175 3727 educ
2202 3687 2268 3726 ea:
2292 3671 2497 3741 inferno
2538 3673 2772 3726 animam
2800 3670 3043 3737 meam";
3077 3679 3129 3724 et
3153 3669 3293 3724 alius
3323 3686 3336 3723 :
3370 3666 3453 3722 Ne
3478 3666 3629 3721 dere-i

2048 3763 2257 3832 linquas
2282 3761 2517 3815 animam
2547 3777 2720 3816 meam
2751 3762 2805 3815 in
2839 3760 3047 3829 inferno
3070 3762 3127 3829 ’;
3156 3768 3209 3815 et
3245 3760 3383 3814 alter
3414 3777 3426 3815 :
3459 3756 3630 3828 Egreé

2048 3853 2231 3907 diatur
2254 3867 2319 3907 ea:
2358 3854 2693 3923 corruptione
2735 3853 2842 3907 vita
2871 3868 2985 3906 mea
3026 3850 3096 3904 ad
3136 3860 3203 3919 te,
3232 3849 3455 3905 Domine
3488 3848 3630 3907 Deus

2051 3960 2192 3998 meus
2217 3944 2284 3997 ¹⁰.

2120 4037 2271 4102 Quos
2312 4052 2505 4092 omnes
2540 4053 2665 4092 cum
2717 4036 3028 4091 exaudisset
3059 4050 3272 4090 summe
3315 4034 3631 4090 misericors

2051 4126 2195 4182 Deus
2211 4127 2486 4190 Christus,
2516 4142 2625 4181 non
2655 4142 2870 4196 aequum
2903 4125 3139 4189 censuit,
3169 4131 3228 4177 ut
3259 4124 3326 4177 iis
3354 4124 3506 4187 solis,
3533 4124 3631 4193 qui

2051 4218 2177 4273 vitae
2200 4217 2318 4286 ejus
2352 4224 2537 4273 essent
2572 4225 2815 4287 tempore
2851 4222 2945 4271 aut
2968 4224 3091 4286 post
3125 4213 3317 4280 futuri,
3351 4214 3630 4284 pr0priam

2053 4309 2357 4380 impertiret
2397 4309 2868 4378 misericordiam;
2926 4324 3115 4365 verum
3169 4315 3225 4363 et
3273 4307 3341 4363 iis
3375 4307 3467 4377 qui
3503 4312 3631 4363 ante

2056 4400 2237 4471 ipsius
2265 4400 2557 4455 adventum
2593 4401 2648 4456 in
2685 4400 2902 4455 inferno
2929 4407 3088 4455 erant
3118 4398 3342 4463 detenti,
3380 4405 3437 4452 et
3464 4398 3519 4451 in
3550 4403 3631 4451 te-

358 4469 809 4567 dto‘dvfipdmou;
844 4494 941 4566 μὲν
967 4469 1052 4547 ἐν
1089 4494 1252 4567 σαρκὶ
1279 4494 1439 4558 ὄντας
1470 4493 1559 4548 διὰ
1605 4469 1808 4566 σαρκὸς
1847 4495 1941 4565 ὲμ-

2052 4469 2237 4546 nebris
2268 4498 2324 4545 ct
2356 4489 2548 4545 umbra
2588 4491 2785 4545 mortis
2824 4490 3108 4546 sedebant.
3154 4488 3422 4555 Quocirca
3453 4487 3633 4541 homi—

357 4587 529 4660 ψύχου
563 4589 593 4639 6
639 4586 771 4650 Θεὸς
821 4584 995 4653 Λόγος
1028 4584 1397 4655 ἐπεσκέψατοο
1431 4582 1632 4653 ψυχαῖς
1664 4584 1721 4636 δὲ
1757 4584 1946 4654 σωμά-

359 4694 467 4730 των
514 4675 963 4747 ἀπηλλαγμέναις
1007 4674 1095 4727 διὰ
1141 4676 1241 4745 τῆς
1284 4673 1470 4727 ἐνθέου
1530 4675 1626 4727 καὶ
1672 4675 1941 4751 ἀχράντου

359 4766 525 4823 αὐτοῦ
557 4767 732 4838 ψυχῆς
770 4769 827 4819 ὲν
848 4766 949 4838 ᾄδῃ
969 4766 1230 4837 ὲπέφανε,
1257 4764 1509 4836 σώματος
1530 4765 1646 4818 ἀλλ’
1670 4766 1730 4818 ού
1753 4766 1944 4837 θεότη·

359 4879 448 4925 τος
487 4859 935 4931 ἀπηλλαγμένης.
984 4858 1193 4913 Οὐκοῦν
1247 4859 1575 4930 σπεύσωμεν
1609 4858 1689 4929 τῷ
1732 4858 1828 4928 νῷ,
1856 4858 1953 4913 καὶ

361 4952 454 5005 ἐπὶ
482 4952 572 5005 τὸν
607 4950 739 5022 ᾅδην
766 4947 1091 5022 βαδίσωμεν,
1142 4951 1289 5013 ὅπως
1320 4950 1517 5022 ἴδωμεν
1544 4949 1661 5013 πῶς
1686 4950 1805 5003 ἐκεῖ
1822 4966 1952 5002 ποτε

360 5042 451 5095 τὸν
496 5041 575 5113 τῷ
630 5043 830 5113 κράτει
862 5041 1122 5113 κραταιὸν
1170 5040 1313 5095 κατὰ
1361 5042 1562 5113 κράτος
1611 5043 1809 5114 κρατεῖ
1853 5040 1950 5094 τοῦ

361 5130 595 5202 κράτους
628 5128 1084 5201 κρατοτύραννον,
1107 5129 1202 5182 καὶ
1221 5128 1338 5200 λαῷ
1359 5131 1663 5202 πανστρατὶ
1685 5133 1754 5202 τῇ
1778 5130 1948 5184 αὑτοῦ

360 5224 616 5295 ἀστραπῇ
641 5222 740 5287 τὰς
762 5221 1061 5286 ἀθανάτους
1080 5223 1295 5287 ὲκείνας
1317 5222 1426 5278 τῶν
1440 5222 1736 5293 φαλάγγων
1766 5224 1949 5296 ἀχειρὶ

2050 4596 2152 4637 nes
2190 4581 2409 4651 quidem
2450 4596 2617 4637 carne
2647 4582 2903 4653 praeditos
2944 4598 3041 4652 per
3070 4597 3291 4637 carnem
3334 4581 3629 4635 animatam

2051 4676 2194 4730 Deus
2226 4672 2465 4729 Verbum
2496 4675 2715 4742 invisit;
2766 4675 3054 4729 animabus
3086 4690 3216 4729 vero
3248 4689 3278 4728 a
3308 4673 3633 4743 corporibus

2050 4768 2310 4823 liberatas
2340 4782 2435 4837 per
2465 4767 2705 4821 divinam
2745 4774 2799 4821 et
2825 4766 3177 4836 purissimam
3209 4779 3363 4821 suam
3394 4763 3632 4817 animam

2048 4860 2109 4914 in
2139 4859 2354 4914 inferno
2391 4860 2672 4929 apparuit,
2715 4874 2835 4929 quae
2872 4874 2904 4911 a
2934 4873 3183 4927 corpore,
3223 4872 3332 4911 non
3368 4871 3397 4909 a
3432 4853 3633 4909 divini-

2054 4958 2165 5005 tate
2211 4950 2558 5006 discesserat.
2609 4950 2799 5020 itaque
2836 4964 3194 5021 pmperemus
3238 4956 3435 5011 mente,
3479 4953 3533 5000 et
3574 4945 3633 5000 in

2051 5042 2327 5097 infernum
2351 5058 2561 5108 eamus,
2588 5050 2647 5097 ut
2672 5043 2953 5097 videamus
2982 5040 3256 5111 quomodo
3277 5040 3389 5094 illic
3413 5039 3630 5094 tandem

2048 5131 2250 5187 robore
2279 5131 2563 5201 praeditum
2592 5130 2956 5186 fortissimum
2990 5137 3281 5202 tyrannum
3316 5128 3553 5183 maxima
3579 5126 3632 5180 vi

2052 5225 2359 5295 superarit;
2386 5234 2443 5281 et
2471 5239 2596 5280 cum
2623 5220 2779 5281 omni
2794 5224 2998 5295 populo
3026 5223 3338 5279 militariter
3359 5222 3631 5279 inStructo

436 5420 626 5475 ‘Joan.
658 5438 718 5487 ιι,
750 5422 804 5477 5.
879 5424 899 5453 ¹
924 5421 1069 5476 Psal.
1100 5436 1285 5485 cxxrx,
1321 5422 1372 5473 1.
1448 5421 1467 5451 ³
1492 5420 1637 5474 Psal.
1673 5435 1803 5485 xxx,
1835 5419 1923 5489 1⁸1.

2046 5418 2184 5476 Psal.
2212 5437 2400 5489 Lxxlx,
2432 5423 2489 5479 2.
2565 5424 2585 5456 ⁵
2612 5423 2746 5479 ibid.
2825 5423 2844 5455 ‘
2867 5421 3013 5479 Psal.
3047 5437 3275 5489 Lxxml,
3316 5426 3370 5481 8.
3438 5420 3458 5451 ⁷
3482 5410 3630 5473 Psal.

364 5507 560 5558 Lxxxv,
593 5493 679 5547 l5.
755 5493 777 5523 ⁸
799 5492 945 5549 Psal.
981 5508 1135 5560 XXIX,
1163 5492 1218 5546 4.
1292 5490 1312 5523 ⁹
1335 5489 1481 5546 Psal.
1516 5506 1606 5558 xv,
1640 5491 1727 5546 10.
1805 5490 1849 5524 ¹⁰
1867 5488 1941 5546 Jol

2046 5507 2193 5561 uin,
2227 5492 2314 5547 l8.

437 5680 549 5753 (l9)
579 5699 649 5754 rp
710 5677 794 5735 οἷα
822 5684 894 5737 δέ.
