3978 6220
401 215 511 274 455

1670 206 1877 265 DUBIA
1912 207 2051 265 AUT
2092 205 2362 264 SPURIA.

3536 207 3653 267 456

392 363 493 404 sua
529 348 912 406 coruscatione
968 343 1303 400 immortales
1352 343 1474 399 illas
1519 342 1775 399 ordinum
1822 345 1962 399 acies

2071 343 2345 416 χειροῦται
2373 341 2557 408 τάξεις
2584 355 2599 372 ·
2627 338 2801 412 θύρας
2819 338 3056 412 ἀθύρους
3083 338 3222 411 ἄρας
3248 337 3313 391 ὲκ
3337 336 3527 409 μέσου,
3551 333 3658 391 καὶ

389 452 512 495 sme
539 440 701 493 armis
725 438 1037 509 subegerit:
1062 434 1285 506 quando
1312 434 1458 491 fores
1474 435 1594 491 sine
1611 433 1824 495 foribus
1851 451 1969 491 sns-

390 527 516 580 tulit
534 542 565 581 c
585 526 785 589 mdio,
801 534 855 582 et
875 534 1058 596 portas
1077 538 1185 579 non
1209 524 1415 594 ligneas
1437 523 1583 594 ligno
1607 523 1791 578 crucis
1808 522 1968 578 Chri-

390 626 511 674 stus
538 621 744 674 ostium
767 617 947 687 fregit,
974 616 1254 686 clavisque
1276 614 1479 671 divinis
1512 623 1697 670 vectes
1730 623 1966 671 aeternus

390 709 649 764 contrivit
691 708 1099 779 confregitque:
1124 714 1179 762 et
1207 705 1467 770 vinculis,
1497 706 1808 761 divinarum
1838 721 1967 760 sua-

390 816 513 854 rum
562 814 821 853 manuum
854 799 1178 854 insolubiles
1222 806 1445 853 catenas
1490 806 1749 869 tanquam
1782 814 1963 854 ceram

388 892 657 949 dissolvit.
685 892 819 948 Item
842 892 997 946 hasta
1022 890 1192 946 divini
1218 891 1306 945 sui
1339 890 1526 945 lateris
1556 889 1745 946 carnis
1768 906 1964 962 expers

385 1002 480 1040 cor
502 986 719 1056 tyranni
739 983 1057 1055 perforavit.
1080 983 1195 1038 lllic
1211 984 1467 1039 contrivit
1489 985 1689 1039 robora
1710 999 1960 1050 arcuum,

384 1090 511 1129 cum
535 1075 590 1129 in
616 1090 799 1139 cruce,
820 1081 1078 1143 tanquam
1102 1072 1158 1127 in
1187 1086 1339 1136 arcu,
1364 1073 1676 1128 divinarum
1700 1089 1962 1128 manuum

387 1179 586 1220 nervos
618 1164 882 1219 extendit.
928 1162 1294 1229 Quamobrem
1326 1162 1372 1219 si
1414 1178 1541 1217 cum
1565 1163 1786 1218 silentio
1814 1179 1966 1219 secu-

384 1263 475 1311 tus
501 1255 670 1310 fueris
695 1254 995 1315 Christum.
1022 1269 1147 1307 mox
1179 1252 1386 1308 videbis
1412 1253 1635 1309 ubinam
1666 1262 1959 1325 tyrannum

384 1340 676 1411 t-olligarit,
698 1348 751 1395 et
776 1340 864 1396 ubi
894 1340 1059 1409 hujus
1081 1347 1245 1411 caput
1272 1342 1656 1411 suspenderit;
1689 1345 1963 1413 quomodo

383 1445 668 1486 carcerem
716 1430 1034 1501 disiecerit;
1090 1446 1201 1502 quo
1250 1432 1465 1488 vinctos
1525 1434 1794 1501 eduxerit,
1854 1451 1964 1505 quo

385 1530 549 1590 pacto
580 1529 887 1592 serpentem
930 1524 1290 1587 conculcarit,
1341 1532 1396 1578 et
1442 1525 1536 1579 ubi
1569 1533 1734 1596 caput
1763 1541 1956 1597 appen-

384 1613 556 1680 derit;
601 1612 876 1684 quomodo
908 1616 1176 1669 Adamum
1211 1616 1264 1668 in
1302 1615 1604 1671 libertatem
1635 1618 1960 1685 asserucrit;

2067 434 2243 497 πύλας
2296 431 2527 497 άξύλους
2577 431 2657 501 τῷ
2715 428 2856 501 ξύλῳ
2907 429 3003 483 τοῦ
3059 425 3298 498 σταυροῦ
3336 425 3572 497 Χριστὸς
3618 425 3657 495 ἡ

2067 523 2207 593 θύρα
2258 520 2631 585 κατακλάσας,
2679 518 2831 589 ¹ἥλοις
2892 527 2951 571 τε
3005 520 3118 580 τοῖς
3159 512 3363 579 ἐνθέοις
3418 512 3655 585 μοχλοὺς

2065 614 2319 678 αἰωνίους
2343 612 2639 685 συντρίψας
2665 612 2761 666 καὶ
2778 609 3104 673 συνθλάσας·
3135 610 3232 662 καὶ¹
3259 608 3482 679 δεσμοῖς
3507 624 3660 679 χειρ-

2067 704 2268 768 ενθέοις
2294 703 2405 776 (20)
2434 703 2774 768 τάςάλύτους
2796 701 3017 761 ἁλύσεις
3056 699 3132 764 ὡς
3164 698 3336 770 κηρὸν
3355 698 3615 762 διαλύσας
3637 716 3655 732 ο

2066 793 2160 851 καὶ
2193 797 2363 870 λόγχῃ
2405 801 2473 869 τῇ
2509 795 2827 868 θεοπλεύρῳ
2864 794 3093 867 καρδίαν
3123 790 3221 846 τοῦ
3252 792 3519 864 τυράννου
3548 789 3656 861 τὴν

2064 889 2307 961 ἄσαρκον
2336 890 2657 962 διατρήσας.
2698 890 2847 944 Ἐκεῖ
2904 884 3191 957 συνέτριψε
3242 883 3312 937 τά
3341 884 3518 957 κράτη
3540 882 3655 936 τῶν

2063 981 2253 1047 τόξων,
2279 981 2368 1035 ὅτε
2394 980 2473 1052 τῷ
2494 980 2713 1053 σταυρῷ
2733 980 2957 1047 τοξότας
2972 978 3282 1051 χειροθέους
3305 976 3415 1047 (21)
3449 973 3657 1045 νευρὰς

2063 1073 2306 1127 διέτεινε.
2335 1074 2427 1127 Διὸ
2461 1074 2555 1127 ὲάν
2580 1073 2701 1145 μεθ’
2726 1074 2961 1145 ἡσυχίας
2999 1070 3371 1141 ἀκολουθήσῃς
3401 1066 3651 1139 Χριστῷ,

2064 1165 2159 1220 νῦν
2212 1165 2318 1237 ὄψῃ
2362 1165 2465 1219 ποῦ
2497 1166 2595 1236 μὲν
2641 1156 2733 1220 τὸν
2776 1165 3039 1236 τύραννον
3091 1163 3280 1234 ἔδησε*
3327 1160 3430 1213 ποῦ
3460 1159 3519 1213 δὲ
3551 1158 3653 1228 τὴν

2062 1256 2254 1311 τούτου
2288 1256 2531 1328 κεφαλὴν
2572 1259 2848 1329 ἀνήρτησε
2877 1272 2890 1286 ·
2924 1256 3043 1319 πῶς
3075 1255 3132 1309 δὲ
3166 1253 3229 1307 τὸ
3271 1253 3653 1323 δεσμωτήριον

2064 1348 2356 1417 ἀνέσκαψε,
2390 1346 2493 1401 ποῦ
2520 1347 2576 1400 δὲ
2606 1348 2732 1411 τοὺς
2746 1345 3027 1418 δεσμώτας
3045 1345 3301 1416 ἐξήγαγε,
3332 1342 3448 1406 πῶς
3469 1342 3525 1394 δὲ
3558 1341 3654 1394 τὸν

2063 1439 2186 1508 ὅφιν
2222 1440 2487 1510 ἐπάτησε,
2512 1440 2607 1493 καὶ
2633 1439 2737 1492 ποῦ
2764 1439 2861 1510 τὴν
2885 1438 3061 1510 κάραν
3098 1437 3373 1507 ἐκρέμασε
3397 1451 3413 1466 ·
3447 1434 3562 1497 πῶς
3586 1432 3648 1486 δὲ

2064 1531 2157 1584 τὸν
2192 1531 2362 1600 ’Δδάμ
2384 1529 2749 1601 ἠλευθέρωσε,
2777 1530 2870 1583 καὶ
2903 1529 3023 1592 πῶς
3054 1527 3151 1598 τὴν
3180 1524 3324 1580 Εὕαν
3353 1525 3644 1595 ἀνέστησε,

2067 1624 2161 1677 καὶ
2187 1622 2305 1686 πῶς
2332 1622 2393 1675 τὸ
2445 1623 2760 1694 μεσότοιχον
2810 1621 2987 1684 ἔλυσε,
3037 1619 3131 1674 καὶ
3178 1618 3295 1680 πῶς
3323 1618 3413 1671 τὸν
3451 1616 3651 1687 πικρὸν

379 1706 657 1775 quomodo
679 1704 845 1760 Evam
872 1707 1182 1772 suscitarit;
1214 1722 1322 1777 qua
1350 1708 1559 1762 ratione
1581 1708 1962 1763 intermediam

2068 1714 2391 1767 κατεδίκασε
2423 1690 2713 1783 δράκοντα,
2750 1712 2845 1765 καὶ
2898 1709 3016 1773 πῶς
3056 1709 3125 1763 τά
3172 1709 3420 1779 ἀήττητα
3452 1705 3650 1776 ἔστησε

382 1798 675 1852 maceriam
719 1797 981 1865 diruerit;
1032 1799 1308 1869 quomodo
1349 1815 1553 1854 saevum
1589 1800 1967 1854 condemnarit

378 1889 697 1954 draconem,
744 1890 1015 1959 quomodo
1056 1890 1256 1946 invicta
1294 1892 1538 1961 posuerit
1586 1899 1810 1961 tropzea,
1870 1894 1960 1947 ubi

380 1991 612 2037 mortem
642 1989 818 2037 morte
848 1981 1110 2046 aﬂ‘ecerit,
1160 1990 1213 2037 et
1258 1997 1366 2051 qua
1417 1983 1628 2038 ratione
1658 1984 1967 2054 corruptio-

380 2088 505 2128 nem
534 2074 865 2143 corruperit,
898 2073 1284 2143 hominemque
1332 2073 1388 2127 in
1432 2074 1665 2143 pristina
1701 2075 1966 2147 dignitate

381 2164 749 2218 constituerit.

453 2253 581 2309 Heri
635 2256 801 2326 igitur
824 2255 1235 2326 dispensatione
1261 2258 1498 2327 quadam
1531 2258 1771 2331 legiones
1800 2275 1966 2332 ange-

381 2346 560 2399 lorum
592 2361 856 2402 recusans
885 2346 1102 2401 dicebat
1133 2345 1298 2402 Petro
1322 2364 1336 2401 :
1380 2346 1573 2404 Nonne
1594 2365 1809 2418 possum
1829 2367 1966 2406 nunc

380 2438 621 2492 exhibere
662 2438 779 2506 plus
810 2455 968 2509 quam
999 2437 1275 2493 duodecim
1325 2439 1549 2511 legiones
1583 2442 1889 2512 angelorum
1912 2444 1967 2497 εἳ

384 2527 575 2593 Hodie,
622 2537 682 2583 ut
714 2528 822 2584 Deo
863 2545 960 2599 par
1005 2538 1110 2594 est,
1147 2531 1419 2599 simulque
1459 2531 1720 2588 bellicose
1756 2541 1811 2587 ct
1845 2542 1964 2589 tan-

380 2636 547 2692 quam
585 2619 851 2677 Dominus
897 2621 1183 2677 descendit
1226 2622 1291 2677 ad
1348 2622 1577 2689 inferos,
1606 2630 1661 2679 et
1708 2637 1962 2691 mortem,

380 2728 447 2768 ac
476 2723 762 2785 tyrannum
791 2729 888 2783 per
931 2706 1182 2778 mortem,
1230 2714 1567 2771 immortales
1608 2716 1964 2787 incorporeo-

380 2820 503 2859 rum
524 2805 863 2861 exercituum
893 2812 948 2859 et
971 2805 1279 2860 cohortium
1312 2806 1667 2862 invisibilium
1695 2822 1804 2862 non
1829 2808 1966 2864 duo-

376 2897 552 2952 decim
576 2897 790 2967 aliquas
811 2896 1072 2968 legiones,
1089 2912 1277 2952 verum
1308 2897 1492 2954 decies
1514 2897 1709 2955 millies
1736 2908 1966 2955 centena

376 2990 548 3045 millia
582 2990 921 3060 angelorum,
943 2988 1416 3060 arcliangclorum,
1436 2998 1792 3059 potestatum,
1813 2992 1966 3046 thro-

374 3095 598 3145 norum,
624 3080 809 3135 throni
832 3095 894 3134 ex
904 3082 1157 3150 pertium,
1178 3081 1326 3137 senis
1349 3081 1453 3136 alis
1467 3082 1848 3151 praeditorum,
1864 3085 1965 3141 alis

376 3170 699 3235 carentium,
751 3169 1200 3232 multoculorum,
1249 3170 1441 3225 oculos
1483 3187 1595 3225 non
1644 3172 1965 3229 habentium

374 3262 685 3317 cmlestium
739 3260 1069 3314 cohortium.
1138 3258 1411 3315 Nimirum
1460 3262 1628 3317 veluti
1679 3264 1965 3333 proprium

377 3351 670 3406 Dominum
725 3357 780 3405 et
828 3365 1009 3421 regem
1044 3350 1271 3405 solemni
1306 3366 1504 3421 pompa
1551 3352 1886 3410 deducentes
1912 3363 1966 3410 et

377 3449 599 3496 caterva
628 3440 917 3508 stipantcs,
962 3440 1255 3510 debitoque
1305 3441 1515 3497 honore
1564 3456 1965 3515 prosequentes

376 3532 690 3597 Christum;
727 3544 834 3585 non
864 3537 1043 3585 autem
1072 3540 1130 3584 ut
1153 3530 1484 3600 adjutrices;
1521 3538 1797 3605 apagcsis!
1827 3535 1968 3603 Qua-

379 3622 523 3677 libus
551 3621 751 3675 etenim
804 3620 1102 3676 socialibus
1151 3622 1326 3692 copiis
1367 3624 1716 3694 omnipotens
1763 3628 1965 3698 indiget

377 3712 669 3769 Christus?
711 3711 911 3768 Verum
943 3713 1089 3781 quod
1124 3713 1322 3769 debent
1347 3715 1502 3784 juxta
1539 3725 1595 3771 et
1627 3727 1831 3784 amant,
1865 3735 1964 3776 suo

379 3820 596 3875 semper
621 3805 839 3861 Christo
887 3803 995 3860 Deo
1030 3815 1231 3871 astare,
1282 3816 1543 3879 tanquam
1580 3811 1748 3881 aliqui
1798 3814 1965 3867 armi-

380 3898 493 3968 geri
526 3898 839 3969 stipatores,
872 3899 1023 3970 gravi
1060 3908 1337 3954 armatura
1363 3903 1620 3967 contecti,
1650 3899 1703 3958 et
1732 3906 1964 3975 sceptri-

379 3990 483 4047 feri
510 3992 779 4063 splendidi
808 3993 1121 4064 celeresque
1167 3995 1359 4060 divini,
1413 3995 1605 4052 herilis
1674 4005 1729 4053 et
1765 4000 1963 4070 regalis

378 4083 602 4153 sceptri,
655 4084 723 4139 ad
756 4095 949 4139 nutum
979 4085 1157 4139 solum
1204 4101 1417 4141 summa
1452 4088 1738 4145 alacritate
1768 4090 1964 4146 celeri-

376 4182 489 4229 tate
512 4174 697 4231 divina
728 4186 918 4232 mutuo
973 4185 1409 4245 antevertentes;
1457 4180 1620 4234 simul
1649 4197 1773 4235 cum
1802 4182 1962 4253 jussu

376 4267 447 4323 ad
463 4267 714 4323 effectum
737 4268 998 4338 imperata
1019 4268 1371 4332 deducentes,
1394 4276 1446 4323 et
1462 4271 1688 4325 victoria
1711 4272 1957 4327 coronati

2066 1805 2303 1876 τρόπαια
2320 1822 2333 1835 ⁸
2354 1803 2456 1857 ποῦ
2483 1804 2541 1857 δὲ
2563 1802 2654 1856 τὸν
2672 1802 2900 1856 θάνατον
2922 1799 3249 1861 ἐθανάτωσε,
3286 1799 3380 1851 καὶ
3410 1796 3527 1860 πῶς
3548 1797 3652 1879 τὴν

2068 1895 2273 1968 φθορὰν
2318 1892 2670 1964 κατέφθειρε,
2732 1892 2826 1945 καὶ
2874 1890 2976 1944 ποῦ
3027 1889 3115 1943 τὸν
3145 1888 3433 1959 ἄνθρωπον
3471 1887 3550 1949 είς
3584 1884 3653 1937 τὸ

2065 1989 2294 2061 ἀρχαῖον
2332 1986 2669 2058 κατέστησεν
2695 1984 2931 2055 ἀξίωμα.

2144 2251 2205 2305 '0
2233 2250 2359 2322 χθὲς
2389 2249 2568 2304 τοίνυν
2605 2248 2962 2321 οἰκονομικῶς
2990 2246 3091 2312 τὰς
3110 2245 3384 2315 λεγεῶνας
3412 2243 3523 2297 τῶν
3548 2242 3651 2309 dr-

2064 2342 2239 2412 γέλων
2282 2342 2752 2416 παραιτούμενος,
2803 2341 2901 2395 καὶ
2944 2339 3119 2409 λέγων
3167 2337 3248 2410 τῷ
3280 2336 3474 2407 Πέτρῳ
3515 2352 3530 2365 ο
3562 2335 3649 2387 Οὐ

2064 2432 2323 2503 δύναμαι
2352 2434 2482 2502 ἄρτι
2522 2429 2910 2501 παραστῆσαι
2949 2429 3200 2496 πλείους
3226 2428 3264 2497 ἢ
3288 2427 3516 2481 δώδεκα
3558 2429 3651 2479 λε-

2065 2523 2287 2595 γεῶνας
2304 2525 2575 2595 ἀγγέλων
2598 2542 2614 2589 ;
2674 2526 2915 2596 σήμερον
2957 2522 3277 2595 θεοπρεπῶς
3309 2521 3444 2592 ὁμοῦ
3470 2537 3527 2573 τε
3552 2520 3647 2573 καὶ

2065 2616 2399 2688 πολεμικῶς,
2453 2619 2549 2672 καὶ
2604 2617 2943 2680 δεσποτικῶς
2974 2617 3188 2670 κάτεισι
3226 2615 3378 2669 κάτω
3399 2613 3493 2666 τοῦ
3521 2612 3645 2684 ᾅδου

2063 2707 2159 2760 καὶ
2197 2705 2429 2762 θανάτου
2456 2726 2474 2742 ο
2503 2710 2598 2763 καὶ
2635 2709 2900 2783 τύραννον
2924 2709 3011 2763 διὰ
3051 2708 3281 2761 θανάτου
3314 2707 3412 2769 τὰς
3452 2705 3649 2759 ἀθανὰ-

2060 2816 2188 2863 τους
2230 2799 2340 2854 τῶν
2381 2802 2690 2874 ἀσωμάτων
2744 2803 3169 2875 στρατευμάτων
3213 2802 3308 2855 καλ⁵
3354 2796 3647 2869 ταγμάτων

2066 2889 2314 2963 ἀοράτων
2360 2891 2423 2944 ού
2474 2891 2686 2946 δώδεκά
2729 2908 2881 2956 τινας
2941 2891 3231 2962 λεγεῶνας,
3277 2889 3411 2943 ἀλλὰ
3451 2896 3649 2960 μυρίας

2070 2986 2335 3057 μυριάδας
2349 2986 2443 3039 καὶ
2460 2984 2633 3055 χιλίας
2657 2986 2898 3056 χιλιάδας
2914 2986 3051 3057 ἔχων
3072 2986 3320 3055 ἀγγέλων
3340 2984 3475 3054 (22),
3495 2983 3649 3049 ὲξου-

2069 3077 2220 3142 σιῶν,
2253 3078 2458 3149 θρόνων
2501 3077 2743 3150 ἀθρόνων
2792 3080 2931 3150 (25),
2972 3078 3379 3150 ἑξαπτερύγων,
3411 3077 3651 3147 ἀπτερύ-

2067 3186 2198 3237 γων,
2236 3170 2659 3243 πολυομμάτων,
2682 3172 3003 3243 άομμάτων,
3036 3171 3303 3243 οὐρανίων
3329 3170 3647 3240 ταγμάτων·

2066 3263 2162 3316 am
2191 3262 2255 3333 δὴ
2285 3262 2381 3317 ἆτε
2425 3263 2503 3327 ὡς
2544 3265 2741 3316 οἰκεῖον
2778 3265 3077 3335 Δεσπότην,
3114 3263 3209 3319 καὶ
3255 3261 3476 3333 βασιλέα
3515 3278 3649 3332 προ-

2067 3354 2414 3425 πεμπούσας,
2445 3355 2541 3408 καὶ
2557 3353 2980 3426 δορυφορούσας,
3009 3354 3101 3408 καὶ
3120 3351 3367 3424 τιμώσας
3390 3351 3646 3423 Χριστόνο

2063 3450 2125 3501 ού
2157 3449 2509 3519 συμμάχους·
2566 3448 2783 3517 ἄπαγεί
2820 3448 2984 3511 Ποίας
3026 3446 3137 3515 γάρ
3193 3446 3289 3499 καὶ
3332 3445 3647 3515 συμμαχίας

2064 3536 2093 3587 ὁ
2121 3534 2528 3608 παντοδύναμος
2555 3535 2825 3589 ἐπιδέεται
2846 3534 3079 3606 Χριστός
3106 3551 3120 3601 ;
3160 3534 3298 3586 Ἀλλ’
3326 3533 3647 3603 ὀφειλούσας

2064 3627 2198 3699 ὁμοῦ
2223 3630 2317 3682 καὶ
2347 3628 2607 3697 φιλούσας
2654 3628 2733 3699 τῷ
2768 3627 2975 3680 ἑαυτῶν
3020 3627 3106 3681 ἀεὶ
3141 3626 3507 3697 παρίστασθαι
3547 3630 3649 3679 Δει-

2066 3720 2239 3793 σπότῃ
2250 3719 2327 3790 τῷ
2347 3718 2464 3789 Θεῷ
2483 3719 2789 3791 φερέγγειοί
2813 3718 2924 3790 (24)
2939 3736 3081 3782 τινες
3103 3718 3408 3790 δορυφόροι,
3428 3718 3645 3773 ὁπλῖται

2065 3812 2159 3865 xal.
2190 3810 2522 3882 σκηπτοῦχοι
2559 3811 2803 3883 λαμπροὶ
2847 3813 2945 3883 τῆς
2979 3811 3128 3875 θείας
3155 3810 3294 3877 ὀξεῖς
3321 3811 3645 3883 δεσποτικῆς

2066 3904 2459 3975 σκηπτουχίας,
2517 3902 2749 3973 νεύματι
2782 3904 2928 3976 μόνῳ
2982 3905 3183 3977 σπουδῇ
3227 3906 3305 3977 τῷ
3339 3904 3468 3977 θείῳ
3491 3905 3643 3976 τάχει

2062 3996 2298 4069 ἀλλήλας
2328 3997 2766 4069 προφθανούσας,
2799 3998 2935 4069 ὁμοῦ
2989 4001 3069 4064 είς
3107 3998 3267 4071 ἔργον
3306 3999 3545 4069 ἀγούσας
3574 4002 3640 4072 τῇ

2062 4089 2313 4143 κελεύσει
2357 4090 2456 4161 τὴν
2519 4090 2738 4162 πρᾶξιν,
2797 4090 2890 4143 καὶ
2920 4093 2986 4162 τῇ
3023 4091 3147 4163 νίκῃ
3192 4093 3642 4163 κατεστεμμὲνας

2063 4181 2198 4253 πρὸς
2230 4181 2440 4253 ἐχθρῶν
2469 4182 2563 4236 καὶ
2591 4182 2926 4254 παρανόμων
2966 4184 3319 4255 παρατάξεις.
3346 4177 3437 4240 Διδ
3463 4186 3528 4258 δὴ
3547 4189 3642 4241 καὶ

2064 4273 2360 4337 κατιούσας
2392 4274 2505 4345 (25)
2545 4274 2666 4327 τότε
2716 4273 2937 4346 δρόμοις
2977 4275 3110 4345 ὁμοῦ
3136 4294 3193 4329 τε
3232 4277 3325 4330 καὶ
3353 4277 3639 4349 σύνδρομοι

376 4372 571 4418 contra
605 4362 844 4416 hostium
871 4370 925 4414 ct
953 4361 1324 4429 improborum
1346 4362 1588 4417 ordines.
1619 4360 1961 4433 Quapropter

2064 4366 2141 4437 τῷ
2168 4367 2288 4437 Θεῷ
2321 4366 2414 4421 καὶ
2435 4368 2680 4439 Δεσπότῃ
2705 4368 2798 4420 ἐπὶ
2818 4366 2886 4420 τὰ
2904 4369 2961 4421 ἐν
2991 4368 3116 4439 ᾅδου
3145 4369 3240 4423 καὶ
3269 4372 3520 4440 ὑπόγεια,
3546 4374 3641 4427 καὶ

375 4462 432 4509 et
464 4463 596 4506 tunc
620 4451 1041 4516 descendebant,
1075 4465 1241 4504 cursu
1273 4451 1436 4505 simul
1477 4462 1531 4507 et
1558 4468 1831 4509 concursu
1868 4469 1959 4509 ac-

376 4545 684 4599 celerantes
718 4557 843 4596 cum
885 4539 992 4596 Deo
1037 4549 1092 4595 et
1127 4540 1355 4596 Domino
1392 4542 1445 4596 in
1482 4542 1693 4598 inferna
1742 4555 1794 4600 ct
1825 4546 1957 4601 sub-

377 4646 655 4699 terranea;
698 4644 751 4687 et
795 4635 943 4686 onmi
983 4640 1129 4688 terra
1180 4632 1559 4703 profundiora,
1599 4652 1720 4705 qua:
1756 4647 1884 4691 sunt
1925 4652 1959 4692 a

377 4726 580 4782 sarculo
617 4732 956 4778 mortuorum
999 4725 1270 4780 latebrosa
1314 4725 1615 4793 domicilia,
1658 4742 1783 4781 cum
1818 4727 1956 4783 edu-

376 4829 527 4876 ceret
558 4820 613 4873 in
643 4817 960 4873 fortitudine
991 4835 1022 4871 a
1076 4820 1277 4874 smculo
1325 4820 1380 4874 in
1415 4822 1769 4891 compedibus
1801 4823 1957 4880 habi-

376 4924 484 4970 tos.
526 4912 820 4981 Postquam
865 4911 1030 4982 igitur
1064 4912 1305 4983 undique
1347 4912 1555 4971 foribus
1602 4916 1865 4979 munitos,
1900 4926 1957 4972 et

376 5007 590 5063 nullum
628 5006 820 5069 solem,
851 5006 1215 5075 sempiternas
1246 5014 1428 5060 autem
1454 5008 1716 5062 tenebras
1749 5009 1957 5064 haben-

375 5106 461 5154 tcs
499 5097 700 5152 inferni
742 5112 1015 5162 carceres,
1050 5098 1372 5166 domosque,
1417 5098 1643 5153 latibula
1712 5108 1766 5155 et
1827 5116 1955 5170 spe-

374 5190 567 5247 luncas
609 5187 825 5243 Domiui
864 5205 969 5244 una
1022 5205 1149 5245 cum
1200 5188 1387 5246 divino
1435 5191 1636 5262 populo
1666 5192 1955 5263 occupavit

448 5348 463 5379 ¹
490 5343 682 5402 Matth.
713 5360 864 5411 xxvi,
894 5346 984 5402 5:5.

441 5504 554 5575 (30)

442 5576 563 5713 ει

584 5522 675 5575 τρ.
713 5504 1031 5593 χειροθέοιςε
1164 5578 1185 5592 .

857 5648 1010 5722 quid.

2059 4459 2162 4528 γῆς
2195 4458 2412 4530 ἁπάσης
2442 4457 2736 4531 βαθύτερα,
2753 4458 2862 4514 τῶν
2885 4461 2978 4513 ἀπ’
3001 4461 3194 4525 αἰῶνος
3223 4464 3640 4535 κεκοιμημένων

2059 4551 2351 4622 ύποχθόνια
2403 4553 2714 4625 οίκητήρια,
2751 4554 2962 4623 ἐξάγων
3001 4555 3058 4607 ἐν
3114 4555 3336 4628 ἀνδρεία
3371 4558 3498 4622 τοὺς
3541 4558 3639 4611 ἀπ’

2058 4644 2255 4709 αἰῶνος
2285 4645 2713 4717 πεπεδημένους.
2759 4646 2846 4709 Ὠς
2889 4647 3019 4715 γοῦν
3060 4646 3130 4701 τὰ
3169 4649 3502 4721 παντόθυρα,
3547 4653 3641 4704 καὶ

2056 4736 2274 4807 ἀνήλια,
2309 4737 2403 4791 καὶ⁴
2457 4737 2778 4807 πανέσπερα
2823 4738 2918 4791 τοῦ
2972 4738 3097 4810 ᾅδου
3140 4739 3491 4813 δεσμωτήρια
3542 4743 3641 4794 καὶ

2056 4828 2369 4900 οἱκητήρια,
2419 4830 2739 4893 καταδύσεις
2779 4830 2872 4883 καὶ
2911 4832 3150 4902 σπήλαια
3188 4835 3220 4903 ἡ
3258 4831 3520 4905 θεόδημος
3541 4833 3637 4887 τοῦ

2056 4922 2327 4975 Δεσπότου
2352 4922 2648 4978 κατέλαϐεν
2668 4924 2999 4996 αίγληφόρος
3019 4925 3311 4995 παρουσία,
3333 4926 3639 4997 προφθάνει

2056 5012 2267 5077 πάντας
2294 5014 2535 5087 Γαϐριὴλ
2563 5016 3003 5089 ἀρχιστράτηγος
3023 5034 3036 5047 ·
3062 5016 3165 5071 ἅτε
3185 5017 3249 5088 δὴ
3268 5018 3363 5072 ἆτε
3389 5016 3450 5083 ἐξ
3481 5017 3637 5080 ἔθους

2055 5102 2132 5158 ὣν
2178 5107 2356 5176 χαρᾶς
2400 5107 2695 5177 εὐαγγέλια
2743 5108 3053 5179 ἀνθρώποις
3104 5104 3291 5180 φέρειν
3330 5109 3424 5162 καὶ
3479 5108 3638 5180 ῥῆσίν

2053 5213 2176 5251 τινα
2210 5197 2436 5268 ἰσχυρὰν
2460 5200 3022 5273 ἀρχαγγελικωτάτων
3057 5202 3151 5256 καὶ
3181 5199 3636 5273 στρατηγικωτάέ

2125 5510 2238 5583 (21⁷))
2264 5529 2355 5580 γρ.
2391 5512 2456 5565 ἁθ
2465 5514 2622 5583 ρόων.

2270 5598 2363 5651 γρ.
2398 5581 2763 5667 φερέγχειροι.
2903 5654 2913 5666 ⁹

2123 5652 2237 5724 (‘35)
2270 5669 2360 5722 γρ.
2394 5652 2692 5725 τυράννων.
2723 5672 2813 5726 γρ.
2851 5654 3081 5712 κάτεισι.
