3978 6220
355 330 461 385 ιεῑτ
1408 326 1693 384 HOMILIA
1733 328 1778 384 ll
1822 328 1889 384 IN
1941 325 1965 381 Ε

2070 324 2251 379 BATO
2286 323 2546 379 MAGNO.
3505 328 3611 388 458

356 444 615 516 λαμπρὰν
657 444 752 497 καὶ
798 437 1099 497 λεοντίαίαν
1142 443 1323 514 φωνὴν
1361 444 1497 515 πρὸς
1545 444 1643 507 τὰς
1681 443 1965 505 ἐναντίας,

2068 455 2330 494 oruscans
2369 440 2657 507 adventus,
2689 441 2980 495 antevertit
3002 455 3193 497 omnes
3216 439 3436 498 Gabriel
3460 446 3611 514 prin»

356 533 632 604 δυνάμεις,
663 535 755 587 καὶ
820 534 995 601 λέγει·
1029 534 1243 602 Ἀρατε
1291 534 1510 597 πύλας,
1557 535 1609 585 ol
1648 532 1933 601 ἄρχοντες

2068 546 2161 598 eps
2191 532 2487 591 exercitus,
2521 540 2778 601 tanquam
2809 532 2903 602 qui
2934 548 2996 587 ex
3030 547 3181 586 more
3211 532 3390 589 fausta
3418 533 3626 591 felicia-

357 623 521 692 ὑμῶν
541 639 557 655 ·
594 623 711 694 μεθ’
746 623 802 676 ὃν
821 623 918 693 βοᾷ
944 622 1036 675 καὶ
1057 622 1273 693 Μιχαὴλ
1293 635 1307 652 ⁶
1342 622 1448 675 Καὶ
1469 621 1781 689 ἐπάρθητε,
1823 620 1933 673 πύ-

356 718 455 768 λαι
506 713 747 768 αὶώνιοι.
809 709 937 766 Εἶτα
995 713 1088 766 καὶ
1136 715 1191 767 al
1229 712 1484 782 δυνάμεις
1537 710 1727 780 φασίν·
1775 709 1934 762 Ἀπό-

360 823 541 876 στητε,
588 806 829 877 πυλωροὶ
881 807 929 858 οἱ
992 806 1328 876 παράνομοι·
1389 800 1505 857 εἶτα
1563 803 1658 857 καὶ
1695 801 1933 867 ἐξουσίαι

357 900 477 969 μετ’
501 898 783 961 ἐξουσίας·
838 896 1191 967 Συντρίὸητε,
1237 897 1294 948 αἱ
1342 895 1563 957 ἁλύσεις
1607 895 1662 947 αἱ
1706 893 1929 948 ἄλυτοιο

2034 638 2139 692 que
2173 621 2362 675 nuntia
2396 621 2713 676 hominibus
2750 622 2893 678 ferre
2930 624 3254 680 consuevit:
3297 632 3352 679 et
3385 627 3652 703 manda-1'

2035 723 2148 767 tum
2178 713 2448 781 quoddam
2494 712 2629 767 forte
2656 724 3078 770 consentaneum
3115 715 3292 769 ordini
3320 717 3616 787 archange-

2036 804 2212 858 lorum
2241 813 2294 858 et
2338 804 2517 857 ordini
2556 805 2862 874 principum
2897 806 3104 859 militiae
3139 807 3287 860 clara
3319 819 3373 862 et
3405 810 3618 864 leonina

2037 909 2169 949 voce
2232 894 2473 949 adversis
2521 896 2885 964 potestatibus
2939 897 3195 952 intonans
3248 899 3356 951 ait:
3432 898 3621 953 Tollite

357 989 451 1041 καὶ
491 987 681 1050 ἄλλος’
724 986 1079 1057 Αίσχύνθητε,
1117 987 1349 1041 ἐναντίοι
1388 986 1665 1056 πολέμιοισ
1694 985 1785 1038 καὶ
1814 984 1932 1037 ἐτε-

2068 992 2239 1046 ortas,
2289 984 2380 1053 qui
2433 984 2568 1035 inter
2599 1000 2687 1037 vos
2719 985 2977 1053 principes
3017 988 3198 1041 estis‘.
3255 988 3389 1040 Cum
3422 988 3621 1058 quibus

358 1095 478 1151 ρος·
516 1078 816 1148 Φοϐήθητε,
848 1077 1099 1149 τύραννοι
1132 1079 1183 1130 οἱ
1232 1078 1561 1147 παράνομοι.

2072 1076 2237 1128 lamat
2289 1083 2343 1128 et
2381 1073 2641 1128 Michael:
2704 1072 2770 1126 Et
2800 1074 3106 1140 elevamini,
3134 1086 3300 1143 porta:
3352 1080 3621 1131 azternw'.

360 1174 567 1228 Deinde
595 1180 649 1227 et
677 1172 904 1227 virtutes
939 1173 1130 1227 aiunt:
1192 1172 1488 1235 Discedite,
1533 1170 1806 1240 ianitores
1848 1170 2110 1239 improbi;
2146 1168 2404 1238 deinceps
2432 1176 2486 1223 et
2544 1176 2842 1239 potestates
2878 1184 3073 1239 magna
3134 1170 3185 1223 vi
3233 1178 3287 1223 et
3333 1173 3565 1239 potentia
3604 1194 3617 1229 :

359 1266 740 1330 Coriterimini,
774 1275 982 1321 catena:
1045 1266 1407 1333 insolubiles;
1448 1275 1498 1320 et
1548 1264 1686 1319 alius
1743 1280 1755 1315 :

360 1360 579 1432 tyranni
612 1359 807 1427 iniqui.

429 1452 542 1505 Καὶ
590 1451 842 1521 καθάπερ
891 1450 981 1501 ἐπί
1034 1465 1177 1511 τινος
1235 1448 1471 1517 φοϐερᾶς
1522 1448 1614 1501 καὶ
1668 1448 1938 1518 ἀηττήτου

363 1540 772 1611 παντοδυνάμου
810 1540 1092 1610 βασιλικῆς
1116 1539 1478 1609 τροπαιούχω
1505 1538 1737 1609 στρατοῦ
1768 1555 1945 1609 παρα-

363 1632 567 1699 τάξεως
612 1631 782 1701 φρίκη
832 1648 917 1693 τις
950 1630 1045 1683 καὶ
1094 1628 1331 1699 τάραχος
1366 1629 1462 1681 καὶ
1506 1627 1669 1696 φόϐος
1703 1626 1943 1680 κατὼδυ-

364 1742 452 1787 νος
510 1727 619 1786 τοῖς
678 1723 771 1776 τοῦ
835 1721 1279 1790 ἁκαταγωνίστου
1335 1720 1605 1773 Δεσπότου
1662 1718 1944 1772 ἐπιπίπτει

1822 1263 2244 1319 Confundamini
2285 1263 2509 1331 pudore,
2557 1263 2771 1318 adversi
2805 1263 3025 1325 hostes;
3077 1270 3131 1321 et
3163 1264 3337 1317 alius:
3396 1264 3623 1321 Timete.

2123 1442 2260 1497 Tum
2301 1444 2468 1498 veluti
2512 1457 2573 1497 ex
2608 1443 2788 1512 aliqua
2829 1442 3155 1497 formidabili
3188 1452 3242 1499 et
3278 1444 3477 1501 invicta
3527 1464 3627 1518 po.

2050 1533 2342 1590 tentissimi
2377 1534 2507 1603 regii
2547 1535 2890 1604 triumphalis
2929 1535 3205 1591 exercitus
3247 1537 3365 1592 acie
3436 1538 3629 1595 horror

2050 1627 2268 1697 quidam
2300 1635 2353 1682 et
2395 1628 2633 1681 turbatio
2674 1637 2728 1681 et
2778 1630 2942 1682 timor
2985 1631 3231 1698 trepidus
3284 1630 3501 1685 Domini
3542 1634 3632 1688 in-

2049 1717 2338 1773 victissimi
2372 1718 2560 1773 hostes
2590 1718 2799 1775 invadit
2829 1738 2840 1772 :
2865 1721 3055 1789 sicque
3083 1722 3135 1775 in
3170 1723 3314 1786 illos,
3347 1724 3438 1792 qui
3473 1732 3632 1781 erant

365 1815 609 1886 ἐχθροῖςο
644 1813 786 1867 οὕτω
815 1814 878 1883 δὴ
930 1813 1024 1865 καὶ¹
1062 1813 1153 1864 ἐπὶ
1185 1814 1299 1873 τοῖς
1337 1812 1394 1863 ἐν
1437 1810 1562 1881 ᾅδου
1596 1810 1826 1875 ἐκείνοις
1855 1812 1947 1863 καὶ

2072 1828 2105 1865 n
2150 1810 2382 1871 inferno.
2426 1828 2493 1865 ex
2537 1812 2815 1880 inopinato
2857 1813 3061 1867 Christi
3111 1815 3381 1882 adventu,
3421 1818 3472 1870 in
3516 1818 3632 1873 loca

366 1905 669 1976 παραδόξου
704 1903 942 1975 Χριστοῦ
992 1906 1048 1956 ἐν
1083 1905 1196 1965 τοῖς
1228 1899 1603 1970 καταχθονίοις
1647 1900 1948 1970 παρουσίας

370 1997 627 2067 ἐξαίφνης
680 1996 934 2063 ἐγένετο·
998 1994 1203 2048 ἄνωθεν
1258 1993 1544 2065 ἀστραπῆς
1599 1997 1632 2065 ἡ
1686 1994 1946 2065 ἀμαύρω-

371 2105 455 2150 σις
487 2086 598 2156 (‘26)
638 2085 742 2137 τῶν
775 2086 1032 2139 ἐναντίων
1066 2084 1159 2137 τοῦ
1199 2083 1326 2153 ᾅδου
1358 2082 1641 2153 δυνάμεων
1674 2083 1772 2147 τὰς
1801 2084 1952 2152 ὄψεις

372 2178 693 2241 σκοτίζουσα
711 2178 804 2230 καὶ
824 2174 1208 2247 βροντοφὼνων
1225 2174 1362 2244 βοῶν
1384 2176 1688 2229 ἀκουόντων
1710 2174 1844 2247 (26⁸)
1860 2177 1953 2228 καὶ

372 2268 618 2337 στρατῶν
674 2266 1000 2319 κελευόντων
1037 2265 1328 2334 λέγοντας·
1382 2266 1588 2333 ’Ἄρατε
1626 2267 1855 2331 πύλας,
1899 2270 1954 2319 οι

365 2370 658 2428 (ἐρχογτες
693 2357 877 2426 ὑμῶν.
915 2358 989 2411 Οὐ
1022 2357 1132 2428 γὰρ
1167 2358 1412 2422 ἀνοίξατε
1433 2396 1447 2420 ,
1514 2356 1629 2409 ἀλλ’
1666 2357 1725 2422 ἐξ
1774 2356 1954 2410 αὐτῶν

374 2451 639 2521 θεμελίων
688 2450 891 2512 ταύτας
925 2449 1095 2519 ἄρατε
1121 2489 1137 2513 ,
1176 2448 1536 2519 ἐκριζώσατε,
1579 2449 1957 2518 μεταστήσατε

374 2547 453 2605 εἰς
490 2545 551 2596 τὸ
582 2545 777 2614 μηκέτι
808 2542 1082 2596 κλείεσθαι
1106 2557 1121 2572 ·
1158 2542 1371 2608 Ἄρατε
1393 2543 1593 2605 πύλας
1613 2578 1627 2602 ,
1658 2543 1711 2593 ol
1742 2540 1958 2609 ἄρχον-

375 2653 473 2701 τες
536 2636 720 2704 ὑμῶν.
780 2637 892 2705 Οὐχ
917 2635 992 2696 ὼς
1018 2633 1405 2695 ἀδυνατοῦντος
1442 2632 1535 2685 τοῦ
1576 2631 1842 2702 παρόντος
1865 2634 1963 2684 Δε-

378 2728 576 2781 σπότου
623 2728 718 2781 καὶ
759 2727 934 2798 θυρῶν
970 2723 1372 2794 κεκλεισμένων
1404 2725 1492 2776 ὅτε
1527 2723 1737 2776 κελεύει
1781 2723 1957 2793 εἰσέρ-

378 2816 587 2886 χεσθαι,
632 2816 770 2870 ἀλλὰ
795 2814 1235 2887 δραπετοδούλως
1262 2813 1374 2882 (97)
1412 2815 1540 2883 ὑμῖν
1575 2813 1960 2885 ἐπιτρέποντος

379 2908 478 2977 τὴν
506 2906 612 2959 τῶν
652 2904 833 2959 πυλῶν
869 2904 976 2958 τῶν
1008 2903 1241 2957 αἰωνίων
1274 2901 1506 2972 ἔπαρσιν
1544 2902 1636 2955 καὶ
1692 2901 1961 2971 μετάστα-

382 3015 466 3051 σιν
520 2999 615 3051 uati.
640 2997 996 3051 κατάκλασιν.
1029 2995 1119 3049 Διὸ
1146 2994 1268 3047 οὐδέ
1288 2995 1398 3056 τοῖς
1426 2992 1617 3063 δήμοις
1644 2993 1818 3063 ὑμῶν,
1846 2990 1959 3044 ἀλλ’

2061 1897 2417 1951 subterranea
2468 1906 2693 1965 repente
2740 1897 2973 1965 desuper
3012 1898 3149 1951 facta
3185 1907 3271 1953 est
3316 1916 3377 1953 ex
3426 1900 3634 1971 fulgure

2051 1987 2400 2041 tenebrarum
2428 1985 2643 2050 ofiusio,
2681 1986 3031 2039 adversarum
3068 1988 3266 2041 inferni
3301 1997 3631 2057 potestatum

2053 2078 2336 2133 oculorum
2372 2078 2545 2132 aciem
2583 2078 2867 2140 hebetatis,
2894 2088 3022 2146 qua:
3048 2078 3482 2135 ovociferationes
3514 2088 3635 2134 tan-

2053 2181 2216 2237 quam
2265 2162 2446 2236 aiiqUa
2494 2168 2737 2221 tonitrua
2801 2154 3114 2233 audiebant,
3162 2178 3216 2223 et
3258 2173 3536 2227 exercitus
3587 2172 3635 2226 vi

2056 2272 2250 2327 magna
2301 2260 2681 2327 imperantes:
2733 2256 2923 2311 Tollite
2975 2268 3176 2326 portas,
3228 2263 3318 2331 qui
3372 2264 3509 2317 inter
3544 2281 3633 2317 vos

2056 2350 2315 2417 principes
2342 2350 2487 2404 estis.
2517 2349 2635 2401 Non
2664 2350 2892 2418 aperite,
2928 2351 3020 2405 sed
3055 2366 3121 2405 ex
3149 2352 3283 2421 ipsis
3312 2354 3638 2409 fundamen-

2056 2441 2126 2495 tis
2168 2456 2264 2496 eas
2309 2441 2501 2505 tollite,
2554 2442 2820 2497 radicitus
2862 2444 3097 2508 evellite,
3134 2452 3526 2514 transportate,
3578 2455 3640 2501 ut

2057 2546 2168 2585 non
2194 2531 2431 2600 amplius
2486 2531 2830 2585 claudantur.
2873 2531 3064 2586 Tollite
3097 2543 3314 2602 portas,
3369 2538 3455 2605 qui
3507 2539 3641 2591 inter

2060 2640 2148 2677 vos
2182 2623 2442 2690 principes
2472 2624 2622 2676 estis.
2653 2621 2771 2675 Non
2804 2623 2949 2692 quod
2978 2633 3086 2677 tam
3126 2626 3396 2695 impotens
3433 2629 3503 2683 sit
3550 2629 3644 2697 qui

2062 2713 2152 2767 hic
2183 2713 2337 2769 adest
2364 2713 2650 2776 Dominus,
2688 2722 2746 2768 ut
2778 2722 2830 2767 et
2857 2716 3028 2783 portis
3073 2718 3336 2784 occlusis,
3374 2722 3419 2775 si
3461 2722 3641 2785 vellet,

2060 2804 2270 2875 ingredi
2298 2819 2405 2859 non
2438 2814 2655 2873 posset;
2700 2821 2887 2858 verum
2927 2814 2983 2859 ut
3015 2809 3187 2862 servis
3223 2809 3465 2879 fugitivis
3491 2813 3653 2866 vobis

2062 2896 2316 2964 imperat,
2360 2903 2549 2965 portas
2593 2904 2651 2949 ut.
2686 2907 2920 2951 aeternas
2963 2899 3186 2962 tollatis,
3239 2905 3535 2957 amoveatis
3593 2911 3647 2958 et

2067 2986 2448 3057 confringatis.
2485 2987 2753 3051 Quocirca
2799 3003 2907 3041 non
2957 2990 3132 3043 turbis
3173 2994 3403 3057 vestris,
3458 3008 3648 3048 verum

382 3090 564 3152 αὐτοῖς
590 3093 701 3151 τοῖς
731 3088 945 3142 δοκοῦσι
978 3087 1108 3157 παρ’
1151 3086 1306 3154 ὑμῶν
1353 3081 1490 3137 εἶναι
1547 3084 1826 3153 ἄρχουσιν,
1863 3082 1960 3135 αὺ-

2068 3078 2223 3147 ipsis,
2268 3079 2362 3147 qui
2406 3078 2659 3133 videntur
2691 3080 2830 3148 apud
2862 3096 2958 3135 vos
2991 3096 3114 3135 esse
3147 3085 3445 3153 principes,
3479 3086 3649 3156 impe-

383 3184 493 3244 τοῖς
521 3180 801 3251 ἐπιτρέπει
833 3180 1002 3246 λέγων
1023 3195 1035 3208 ο
1077 3180 1291 3243 Ἀρατε
1316 3177 1534 3240 πύλας,
1566 3177 1620 3228 οὶ
1671 3176 1967 3241 ἄρχοντες

385 3273 572 3343 ὑμῶν.
625 3273 829 3342 ’Υμῶν,
865 3271 979 3325 ἀλλ’
1012 3271 1112 3323 οὑκ
1138 3268 1311 3322 ἄλλων
1330 3266 1511 3320 τινῶν.
1544 3264 1741 3319 Λοιπὸν
1768 3264 1966 3335 ἄρχον·

386 3382 498 3427 τες.
533 3366 594 3417 Εἰ
638 3366 747 3434 γὰρ
776 3363 868 3416 καὶ
906 3362 1068 3432 μέχρι
1116 3358 1211 3413 τοῦ
1258 3359 1352 3412 νῦν
1384 3357 1492 3411 τῶν
1525 3357 1619 3410 ἀπ’
1652 3356 1845 3418 αἰῶνος
1879 3346 1969 3408 κε-

387 3454 739 3526 κοιμημένων
771 3451 958 3514 κακῶς
996 3451 1231 3522 ἦρξατεο
1286 3448 1399 3502 ἀλλ’
1428 3448 1611 3501 οὐκέτι
1646 3447 1829 3500 λοιπὸν
1875 3446 1970 3500 αὑ-

386 3547 494 3598 τῶν
519 3587 533 3609 ,
565 3544 679 3598 ἀλλ’
705 3545 811 3596 οὐδ’
853 3543 1026 3597 ἄλλων
1055 3582 1069 3605 ,
1118 3542 1231 3594 ἀλλ’
1263 3540 1443 3611 ὑμῶν,
1495 3539 1608 3592 ἀλλ’
1647 3539 1756 3592 οὐδ’
1792 3537 1970 3590 αὐτῶν

391 3636 546 3707 ὑμῶν
578 3634 767 3689 ἔσεσθε
817 3635 1094 3705 ἄρχοντες.
1130 3633 1371 3704 Πάρεστι
1412 3632 1520 3701 γὰρ
1549 3630 1781 3699 Χριστὸς
1810 3632 1844 3700 ὴ
1890 3631 1972 3682 οὑ-

392 3730 573 3801 ράνιος
612 3727 781 3799 θύρα’
832 3725 1264 3793 Ὀδοποιήσατε
1312 3723 1391 3787 τῷ
1440 3722 1813 3789 ἐπιϐεϐηκότι
1872 3721 1971 3774 ἐπὶ

391 3818 509 3873 τῶν
545 3818 653 3872 τοῦ
682 3818 830 3884 ᾅδου
869 3814 1136 3885 δυσμῶν.
1169 3816 1385 3883 Κύριος
1419 3814 1604 3882 ὄνομα
1630 3813 1815 3867 αὐτοῦ
1836 3854 1850 3878 ,
1876 3813 1973 3866 καὶ

393 3910 501 3965 τοῦ
532 3911 751 3978 Κυρίου
772 3909 997 3975 Κυρίου
1041 3910 1100 3960 al
1148 3906 1405 3970 διέξοδοι
1430 3907 1548 3959 τῶν
1572 3907 1679 3960 τοῦ
1715 3904 1974 3961 θανάτου

397 4002 628 4054 πυλῶν.
668 4001 856 4069 Ὑμεῖς
894 4000 1185 4069 ἐποιήσατε
1230 3999 1326 4060 τὰς
1368 3999 1639 4061 εἰσόδους’
1694 3997 1793 4059 τὰς
1838 3997 1976 4062 διεξ-

395 4089 553 4151 όδους
586 4088 749 4150 αὐτὸς
784 4088 1006 4157 ποιῆσαι
1044 4086 1435 4158 παραγέγονεν.
1479 4087 1569 4139 Διὸ
1611 4085 1684 4155 μὴ
1717 4085 1933 4155 μέλλετε
1959 4101 1974 4115 ·

402 4180 610 4247 Ἄρατε
653 4180 854 4242 πύλας
905 4178 999 4230 καὶ
1053 4176 1319 4245 ταχύνατε
1342 4193 1356 4207 ο
1386 4177 1574 4245 ἄρατε,
1603 4176 1697 4228 καὶ
1732 4176 1807 4244 μὴ
1847 4176 1977 4227 ἀνα-

400 4272 646 4325 ϐάλλετε.
681 4270 743 4323 Ei
772 4269 829 4322 δέ
858 4267 1148 4338 ἀναμένειν
1180 4266 1427 4337 νομίζετε
1446 4308 1461 4329 ,
1508 4266 1699 4329 αὐταῖς
1726 4269 1847 4329 ταῖς
1874 4264 1978 4318 πύ-

2067 3177 2153 3223 rat
2176 3170 2363 3224 dicens
2398 3187 2411 3223 :
2446 3168 2639 3223 Tollite
2658 3178 2868 3237 portas,
2906 3172 2995 3232 qui
3049 3173 3185 3225 inter
3215 3189 3303 3227 vos
3335 3176 3459 3228 estis
3503 3178 3652 3244 prin-

2069 3261 2227 3326 cipes.
2257 3258 2402 3313 inter
2435 3275 2550 3323 vos,
2584 3260 2679 3315 sed
2710 3275 2819 3313 non
2851 3260 2992 3315 inter
3021 3262 3160 3317 alios
3198 3264 3508 3332 quospiam.
3543 3265 3651 3319 lie-

2070 3352 2235 3420 nique
2289 3351 2582 3420 principes.
2637 3350 2753 3406 Etsi
2813 3352 2954 3406 enim
3030 3353 3315 3422 hucusque
3372 3368 3400 3405 a
3452 3357 3651 3409 sazculu

2071 3428 2302 3497 monuis
2337 3442 2476 3497 male
2515 3442 2862 3512 imperastis,
2916 3460 3023 3498 non
3070 3446 3179 3513 jam
3225 3445 3460 3513 amplius
3512 3447 3657 3500 inter

2072 3550 2187 3597 eos,
2220 3550 2324 3590 nec
2366 3535 2508 3590 inter
2540 3537 2700 3602 alios,
2738 3537 2831 3593 sed
2879 3537 3020 3592 inter
3050 3554 3147 3592 vos
3197 3539 3345 3607 ipsos
3366 3583 3379 3605 ,
3412 3543 3524 3592 imo
3553 3555 3654 3595 nec

2074 3625 2215 3680 inter
2247 3641 2345 3681 vos
2384 3626 2534 3696 ipsos
2562 3628 2718 3683 eritis
2768 3628 3062 3698 principes.
3100 3629 3269 3683 Adest
3303 3631 3448 3683 enim
3490 3631 3655 3685 Chri-

2074 3724 2195 3772 stus
2215 3716 2384 3786 janua
2412 3721 2673 3775 cmlestis.
2722 3719 2869 3773 Viam
2918 3722 3135 3775 sternite
3166 3722 3250 3784 ei,
3282 3723 3371 3787 qui
3420 3722 3657 3776 ascendit

2075 3825 2227 3877 super
2306 3811 2597 3879 inferorum
2650 3828 2915 3867 occasum.
2983 3814 3235 3868 Dominus
3278 3831 3465 3867 nomen
3513 3804 3659 3882 eius,

2075 3910 2125 3954 et
2158 3899 2373 3954 Domini
2407 3902 2623 3957 Domini
2669 3904 2843 3957 exitus
2891 3921 2983 3972 per
3028 3914 3209 3971 portas
3245 3907 3432 3959 mortis
3467 3905 3509 3958 ³.
3538 3904 3659 3981 'Vos

2079 3990 2287 4046 fecistis
2336 3994 2625 4060 introitus;
2678 3996 2857 4049 exitus
2906 3996 3021 4064 ipse
3058 4005 3118 4049 ut
3160 3996 3367 4051 faceret
3413 3986 3655 4051 advenit.

2080 4082 2261 4146 Quare
2304 4098 2373 4137 ne
2416 4085 2751 4139 cunctemini
2780 4104 2791 4138 :
2824 4085 3013 4139 Tollite
3051 4098 3268 4155 portas,
3319 4088 3658 4151 accelerate,

2083 4183 2184 4223 nec
2214 4170 2447 4226 differte.
2482 4172 2539 4225 Si
2571 4187 2702 4226 vero
2721 4174 3087 4227 cunctandum
3110 4189 3233 4229 esse
3258 4175 3413 4228 vobis
3436 4174 3660 4239 ducitis,

2084 4259 2219 4329 ipsis
2250 4262 2422 4330 portis
2452 4264 2571 4317 sine
2599 4278 2785 4328 manu,
2820 4278 3029 4333 suaque
3063 4273 3255 4333 sponte
3278 4265 3539 4321 subsilire
3572 4268 3665 4335 ju-

399 4361 521 4423 λαις
545 4360 727 4430 ἀχειρὶ
761 4358 855 4413 καὶ
880 4356 1147 4426 αὐτοματὶ
1176 4354 1422 4426 αέρεσθαι
1457 4355 1842 4423 ἐπιτρέπομεν.
1873 4358 1965 4407 Καη

2084 4351 2300 4407 bemus.
2338 4353 2409 4405 Et
2437 4355 2734 4419 elevamini,
2773 4365 2939 4424 porta:
2968 4367 3197 4412 retentae.
3230 4357 3403 4411 Simul
3424 4366 3663 4427 potesta-

400 4428 694 4519 ὲπάρθὴτὲ
714 4490 731 4516 ,
764 4450 951 4501 πύλαι
980 4446 1223 4500 altor-loc.
1259 4446 1411 4515 ’Ἅμα
1444 4446 1500 4497 αἱ
1534 4444 1791 4514 δυνάμεις
1824 4445 1965 4515 ἐϐόη-

2084 4451 2165 4499 tes
2197 4445 2611 4510 exclamarunt,
2649 4448 2811 4502 simul
2863 4457 3035 4518 portae
3081 4451 3451 4515 exsilueruat,
3502 4453 3664 4505 simul

403 4561 529 4604 σαν.
559 4542 674 4613 ἅμα
702 4542 761 4594 αἱ
799 4540 966 4592 πύλαι
999 4540 1318 4611 ἐπήρθησαν
1343 4578 1356 4601 ,
1384 4538 1501 4607 ἅμα
1532 4540 1587 4590 αἱ
1619 4537 1832 4600 ἁλύσεις
1862 4536 1981 4589 ἐλύ-

404 4633 594 4703 θησαν,
618 4630 736 4701 sua
770 4630 821 4683 οἱ
867 4628 1056 4700 μοχλοὶ
1084 4627 1551 4697 κατεκλάσθησαν,
1588 4627 1706 4697 ἅμα
1735 4627 1803 4680 τὰ
1832 4627 1980 4680 κλεῖ-

405 4724 509 4793 θρα
559 4722 858 4787 ὲξέπεσαν,
897 4720 1016 4790 ἅμα
1066 4720 1134 4772 τὰ
1181 4718 1406 4788 θεμέλια
1457 4717 1554 4770 τοῦ
1605 4717 1980 4788 δεσμωτηρίου

405 4815 770 4886 έδονήθησαν,
827 4813 943 4883 ἃμα
978 4814 1033 4864 αἱ
1088 4811 1324 4866 ἐναντίαι
1364 4811 1621 4882 δυνάμεις
1668 4813 1747 4873 εἰς
1805 4808 1983 4879 φυγὴν

409 4906 724 4976 ἐτράπησαν
750 4944 765 4968 ,
818 4903 1005 4973 ἕτερος
1048 4902 1237 4972 ἕτερον
1268 4902 1504 4956 συνωθού
1514 4919 1672 4972 μενος
1714 4902 1824 4970 (28)
1846 4942 1860 4965 ,
1892 4902 1985 4955 καὶ

408 4994 563 5057 ἄλλος
618 4994 753 5065 πρὸς
785 4993 942 5047 ἄλλον
992 4990 1483 5062 συμποδιζόμενος,
1534 4993 1627 5043 καὶ
1677 4992 1862 5061 ἕτερος
1906 4989 1986 5059 τῷ

412 5085 583 5156 ἑτέρῳ
622 5084 841 5153 φεύγειν
876 5082 1273 5153 φθεγγόμενοςο
1315 5082 1558 5155 έφριξαν,
1593 5081 1980 5153 ἐσαλεύθησαν,

412 5176 830 5244 κατεπλάγησαν
850 5214 865 5239 ,
900 5173 1297 5245 ἐταράχθησαν,
1343 5174 1710 5245 ὴλλοιώθησαν
1735 5214 1749 5237 .
1788 5175 1980 5247 ἐθροή-

414 5265 604 5338 θησαν,
630 5265 864 5337 ἔστησαν
893 5264 1026 5335 ὁμοῦ
1055 5266 1149 5318 καὶ
1177 5264 1491 5335 ἐξέστησαν,
1523 5265 1807 5337 ἠπόρησαν
1839 5266 1974 5336 ὁμοῦ

490 5417 672 5473 ’Psal.
707 5409 864 5481 xiut,
895 5416 945 5483 7,
976 5416 1030 5471 9.
1092 5412 1112 5442 '
1151 5415 1282 5470 ibid.
1318 5417 1404 5471 10.
1482 5417 1502 5448 ³
1532 5416 1676 5473 Psal.
1708 5433 1876 5483 vau,
1905 5419 1958 5484 5,
1981 5418 2072 5475 2|.

486 5569 597 5706 $26)
635 5588 724 5639 γρ.
757 5567 1131 5640 ἀμαυρούσης.

513 5638 626 5706 26‘)
661 5657 749 5706 π).
806 5639 1131 5706 πληρώσασα

417 5709 455 5765 ἀ
491 5637 749 5763 626.)—
800 5637 1177 5708 ’πλη“ρὼσα“σα,
1234 5639 1309 5701 ὡς
1362 5637 1555 5711 βροντὴ
1591 5639 1782 5707 φωνῶν
1833 5658 1992 5698 τινων

457 5725 597 5777 nam,
626 5725 657 5765 e
685 5724 734 5765 c.

744 5799 1011 5860 ΡΑτιιοι..
1057 5799 1173 5861 Gn.
1206 5798 1431 5864 XLIII.

2087 4542 2295 4589 catena:
2345 4537 2538 4592 soluta:
2568 4548 2716 4606 sunt,
2751 4541 2914 4596 simul
2953 4543 3154 4611 pessuli
3187 4543 3454 4598 confracti
3496 4552 3665 4611 sunt,

2090 4627 2252 4681 simul
2279 4629 2520 4685 claustra
2546 4632 2929 4696 conciderunt,
2960 4633 3125 4687 simul
3160 4634 3517 4690 fundamenta
3547 4652 3668 4691 car-
3698 4664 3710 4721 γ

2088 4715 2232 4770 ceris
2259 4731 2553 4782 concussa,
2586 4720 2750 4774 simul
2785 4720 3030 4777 adversa:
3061 4732 3362 4793 potestates
3397 4725 3455 4779 in
3485 4724 3669 4795 fugam
3702 4715 3707 4765 ἶ

2091 4822 2404 4877 conversae;
2448 4813 2584 4866 alter
2630 4813 2862 4867 alterum
2897 4814 3162 4879 trudens,
3214 4816 3359 4871 alius
3399 4831 3527 4870 eum
3564 4819 3669 4871 alio

2092 4899 2320 4967 pedibus
2354 4901 2674 4971 implicitus,
2718 4904 2966 4974 alterque
2995 4905 3225 4959 alterum
3259 4907 3326 4960 ad
3362 4905 3545 4977 fugam
3579 4924 3677 4962 ex-

2090 4989 2340 5046 hortans.
2390 4991 2755 5061 Horruerunt,
2800 4997 3167 5066 trepidarunt,
3222 4999 3670 5069 obstupuerunt,

2086 5084 2329 5145 turbati,
2378 5085 2648 5140 immutati
2714 5090 3138 5159 tumultuatique
3181 5098 3345 5159 sunt;
3404 5101 3670 5147 steterunt

2082 5177 2246 5231 simul
2284 5184 2339 5232 et
2412 5178 2776 5250 obstupefacti
2840 5191 3001 5250 sunt;
3052 5193 3354 5240 mstuarunt
3407 5186 3569 5240 simul
3619 5195 3669 5239 et

2080 5275 2442 5325 tremuerunt.
2488 5270 2551 5325 Et
2594 5272 2684 5327 ille
2718 5274 2939 5343 quidem
2981 5290 3076 5331 ore
3119 5277 3292 5334 hianti
3336 5280 3545 5346 stabat;
3586 5275 3679 5331 hic

2171 5573 2284 5647 (Ξῖ)
2316 5593 2405 5643 γρ.
2431 5576 2809 5647 δραπετωδῶν.

2175 5644 2286 5715 (28)
2318 5663 2408 5714 rp.
2439 5644 2624 5718 ἕτερον
2654 5654 3165 5722 περισφιγγόμενος.
