3978 6220
330 313 435 371 450

1594 309 1805 370 uuam
1835 295 1980 366 AUT
2021 302 2292 362 SPURIA.

3435 253 3438 255 λ
3479 295 3590 354 ιω

333 426 562 498 genibus
602 424 795 481 faciem
826 423 1144 495 obtegebat;
1179 430 1233 478 et
1263 419 1402 478 alter
1436 435 1645 493 pronus
1674 434 1738 475 ae
1772 419 1895 474 deli-

2008 420 2101 474 xui
2129 416 2453 489 ἐτρόμαξαν.
2492 417 2602 471 Καὶ
2630 417 2659 470 6
2689 415 2786 487 μὲν
2816 413 3060 487 κεχηνὼς
3088 415 3292 480 ίστατο,
3321 416 3349 468 ὁ
3385 411 3445 467 δὲ
3471 412 3590 479 τοῖς

334 532 436 571 xus
460 516 716 580 haerebat,
751 516 888 570 alter
914 529 1042 570 vero
1077 521 1336 584 tanquam
1369 520 1621 568 mortuus
1653 511 1901 581 rigebat;

333 608 472 662 alius
517 616 739 678 stupore
769 605 1186 674 corripiebatur,
1229 604 1369 660 alius
1407 604 1728 659 immutatus
1755 603 1905 673 jace-

332 698 448 764 bat,
486 699 626 754 alius
653 699 796 753 intro
824 694 1086 767 fugiebat.

2005 511 2192 578 γόνασι
2219 508 2280 562 τό
2317 508 2608 580 πρόσωπον
2643 507 3014 561 συνεκάλυπτε
3031 523 3043 537 ·
3074 508 3166 560 καὶ
3193 507 3348 570 ἄλλος
3372 507 3591 578 πρηνὴς

2005 601 2342 671 ἀνεπήγνυτο
2366 598 2477 669 (29)
2499 638 2513 662 ,
2541 597 2634 653 καὶ
2657 597 2842 665 ἕτερος
2867 597 2998 650 ὡσεὶ
3023 596 3216 668 νεκρδς
3245 594 3590 667 ἀπεστηλοῦ-

2005 707 2103 754 το,
2162 690 2257 743 καὶ
2315 689 2471 753 ἄλλος
2511 687 2590 758 τῷ
2646 686 2846 757 θάμϐει
2897 686 3216 757 κατείχετο,
3251 686 3346 740 xui
3399 685 3591 754 ἕτερος

2009 780 2318 854 [οὐρανίων]
2343 779 2703 852 ἠλλοιωμένος
2733 778 3038 845 κατέκειτο,
3075 780 3170 832 xui
3194 778 3346 843 ἄλλος
3387 779 3595 832 ἐνδότε-

613 899 646 907 ί·
2010 889 2102 934 ρον
2126 872 2374 934 ἔφευγεν.

402 945 515 1000 111ἱε
537 947 680 1002 εηίιη
713 956 845 1004 tunc
867 949 1107 1004 concidit
1131 949 1385 1008 Christus
1428 951 1481 1006 in
1531 951 1632 1007 hac
1665 960 1895 1007 conster-

2009 891 2102 944 ρον
2126 891 2374 942 εφευγεν.

2090 966 2236 1018 Ἐκεῖ
2257 963 2366 1036 γὰρ
2395 964 2518 1018 τότε
2555 963 2774 1033 διέκοψε
2799 963 3035 1036 Χριστὸς
3065 966 3122 1017 ἐν
3147 962 3398 1016 ἐκστάσει
3423 979 3592 1030 κεφα-

328 1037 548 1092 natione
579 1040 759 1109 capita
803 1041 1181 1111 dynastarum,
1229 1043 1339 1097 illic
1369 1051 1822 1098 contremuerunt
1850 1045 1895 1098 in

2007 1055 2103 1119 λὰς
2133 1055 2406 1109 δυναστῶν
2425 1071 2440 1086 ο
2493 1056 2610 1108 ἐκεῖ
2658 1055 2984 1125 ἐσείσθησαν
3015 1056 3071 1108 ἐν
3100 1053 3248 1124 αὐτῷ
3275 1053 3386 1122 (50)
3412 1092 3426 1117 ,
3469 1052 3592 1105 ἐκεῖ

327 1142 416 1193 eo,
451 1128 561 1182 illic
592 1130 850 1186 laxarunt
902 1132 1056 1188 frena
1097 1149 1193 1188 sua
1225 1134 1470 1190 dicentes
1500 1153 1513 1190 :
1544 1136 1676 1202 Quis
1705 1145 1780 1190 est
1809 1137 1895 1189 ἔδει

2006 1145 2274 1216 διήνοιξαν
2310 1144 2562 1215 χαλινοὺς
2599 1143 2778 1198 αὐτῶν
2810 1143 3090 1211 λέγοντες⁶
3143 1142 3240 1208 Τίς
3280 1143 3450 1195 ἐστιν
3482 1136 3591 1196 οὗ·

328 1217 437 1272 ReJ:
467 1221 652 1290 gloria:
681 1221 733 1274 ’ἲ
772 1223 896 1290 quis
935 1232 1019 1279 εει
1063 1224 1151 1278 hic
1193 1231 1413 1289 tantus,
1449 1226 1539 1294 qui
1572 1240 1697 1279 cum
1741 1226 1895 1280 tantis

2007 1251 2108 1300 τος
2168 1237 2200 1287 ὁ
2259 1233 2562 1300 ,βασιλεὺς
2612 1231 2721 1300 τῆς
2767 1232 2952 1300 δόξης
2969 1248 2988 1299 ;
3039 1231 3122 1296 τίς
3174 1234 3321 1286 ἐστιν
3360 1225 3514 1295 οὗτος
3556 1233 3590 1284 6

325 1310 456 1363 talia
493 1311 580 1364 hic
617 1320 797 1379 patrat
835 1314 1132 1368 miracula?
1167 1315 1296 1380 Quis
1328 1324 1406 1369 est
1439 1317 1535 1368 iste
1563 1314 1672 1370 Rea;
1699 1316 1895 1386 gloriae,

2009 1324 2282 1391 τοσοῦτος,
2304 1326 2332 1378 6
2358 1324 2496 1396 μετὰ
2521 1323 2792 1378 τοσούτων
2820 1322 3046 1376 τοιαῦτα
3071 1322 3304 1375 ἐνταῦθα
3323 1319 3590 1374 ἐπιτελῶν

325 1407 416 1474 qui
449 1422 512 1461 ea
546 1423 694 1461 nunc
725 1408 780 1462 in
810 1407 1023 1463 inferno
1071 1409 1223 1473 facit,
1266 1426 1386 1480 qua;
1414 1427 1692 1482 nunquam
1723 1413 1776 1466 in
1819 1414 1895 1466 in-

2009 1416 2259 1486 θαύματα
2287 1417 2442 1488 (51);
2495 1417 2591 1482 Τίς
2640 1411 2822 1482 οὗτός
2851 1415 3024 1468 ἐστιν
3057 1417 3090 1468 ό
3133 1414 3434 1479 ,βασιλεὺς
3478 1413 3589 1480 τῆς

325 1500 479 1552 ferno
526 1497 665 1553 facta
711 1502 876 1556 sunt?
911 1502 1045 1568 Quis
1074 1501 1187 1567 hic,
1217 1503 1309 1572 qui
1354 1502 1538 1558 educit
1567 1503 1693 1558 hinc
1737 1519 1766 1557 a
1796 1520 1895 1560 sa:-

2007 1507 2226 1576 δόξης,
2261 1510 2289 1560 6
2327 1508 2385 1560 ἐν
2433 1507 2536 1580 ᾄδῃ
2567 1505 2732 1562 ποιῶν
2760 1506 2855 1560 νῦν
2881 1506 2949 1560 τὰ
2995 1505 3246 1558 οὐδέποτε
3281 1507 3340 1558 ἐν
3377 1504 3475 1574 ᾄδῃ
3503 1520 3592 1570 γε-

323 1591 448 1644 culo
477 1593 761 1648 mortuos?
795 1592 927 1659 Quis
955 1602 1038 1648 est
1084 1595 1190 1657 hic,
1239 1594 1331 1664 qui
1365 1595 1527 1648 solvit
1555 1603 1608 1650 et
1648 1595 1895 1652 dissolvit

2007 1599 2236 1669 νόμενα;
2264 1598 2349 1662 τίς
2378 1591 2533 1662 οὗτος
2585 1599 2614 1651 6
2662 1599 2872 1666 ἐξάγων
2905 1597 3057 1651 ἐνθεν
3110 1597 3236 1660 τοὺς
3265 1597 3358 1649 ἀπ’
3392 1596 3588 1658 αίῶνος

321 1689 563 1735 nostram
610 1683 865 1738 invictam
911 1685 1195 1739 audaciam
1235 1695 1286 1740 et
1332 1687 1650 1754 potentiam,
1705 1696 1760 1741 et
1807 1690 1895 1758 qui

2009 1707 2158 1744 κεκοι
2167 1708 2239 1762 μη
2249 1690 2442 1760 μένους
2468 1706 2482 1756 ;
2509 1690 2594 1754 τίς
2621 1671 2768 1744 ἐστιν
2792 1685 2948 1752 οὗτος
2973 1691 3002 1742 6
3037 1687 3204 1751 λύσας
3233 1688 3328 1741 xui
3358 1685 3591 1739 καταλύ-

318 1772 504 1825 educit
533 1789 598 1828 ex
639 1773 837 1830 inferni
867 1776 1114 1830 custodia
1158 1791 1188 1828 a
1228 1777 1430 1831 εῖεευιο
1465 1777 1519 1831 in
1552 1778 1895 1848 compedibus

2010 1800 2107 1846 σας
2132 1783 2289 1855 ὴμῶν
2321 1782 2432 1835 τῶν
2461 1783 2744 1853 ἀηττήτων
2784 1782 2846 1834 τδ
2887 1780 3084 1854 θράσος
3147 1779 3242 1832 xui
3269 1777 3330 1831 τὸ
3363 1777 3587 1846 κράτος,

318 1860 574 1916 habitos?
605 1861 808 1916 Contra
849 1879 988 1934 quos
1015 1864 1463 1919 vociferabantur
1520 1864 1734 1921 Domini
1791 1871 1895 1922 vir.

2005 1873 2101 1926 xui
2129 1872 2339 1941 ἐξάγων
2369 1874 2432 1926 ἐκ
2460 1872 2560 1942 τῆς
2587 1871 2681 1924 τοῦ
2721 1871 2848 1942 ᾅδου
2880 1869 3126 1940 φυλακῆς
3158 1868 3286 1929 τοὺς
3324 1868 3417 1920 ἀπ’
3451 1865 3590 1918 αίῶ-

317 1959 484 2017 ιυιεε,
534 1953 776 2009 dicentes
806 1975 820 2009 :
851 1954 1006 2010 Scire
1051 1956 1214 2012 vultis
1237 1996 1251 2020 ,
1283 1971 1316 2010 o
1351 1957 1589 2026 iznprobi
1643 1960 1898 2030 tyranni,

313 2046 440 2115 quis
473 2046 543 2101 sit
578 2047 680 2100 iste
716 2048 827 2102 Rex
869 2048 1090 2118 gloria?
1119 2047 1378 2102 Dominus
1408 2049 1564 2117 {ortis
1599 2059 1647 2104 el
1677 2062 1860 2120 potens
1882 2069 1900 2106 :

315 2138 576 2192 Dentium
595 2149 800 2208 potens,
825 2148 875 2193 ει
900 2139 1078 2208 fortis,
1098 2151 1146 2195 et
1171 2144 1540 2212 insuperabilis
1565 2145 1616 2198 in
1639 2145 1839 2212 pavliis
1857 2145 1897 2198 ⁸.

2005 1981 2093 2026 νος
2131 1960 2576 2032 πεπεδημένους;
2619 1959 2762 2032 Πρὸς
2795 1959 2888 2022 οὒς
2937 1956 3238 2032 ἀνέκραζον
3270 1958 3326 2009 αἱ
3365 1955 3458 2008 τοῦ
3485 1957 3583 2007 Ae-

2006 2055 2201 2109 σπότου
2237 2053 2496 2124 δυνάμεις
2519 2051 2818 2120 λέγουσαι·
2844 2050 3053 2104 Μαθεῖν
3087 2046 3363 2118 βούλεσθε,
3399 2040 3444 2100 ὧ
3479 2064 3586 2100 πα‹

2005 2148 2229 2220 ράνομοι
2252 2146 2506 2217 τύραννοι
2525 2184 2540 2210 ,
2569 2144 2655 2208 τίς
2684 2145 2832 2197 ἐστιν
2862 2141 2972 2212 (52)
3021 2136 3175 2204 οὗτος
3213 2139 3462 2210 βασιλεὺς
3485 2138 3584 2208 τῆς

316 2228 415 2283 Hic
454 2229 544 2284 ille
588 2237 708 2294 est,
754 2230 846 2300 qui
878 2246 943 2285 ex
991 2232 1307 2288 coelestibus
1341 2233 1567 2288 orbibus
1595 2235 1802 2304 expulit
1848 2242 1895 2289 et

2001 2239 2192 2309 δόξης;
2229 2238 2444 2306 Κύριος
2479 2234 2758 2306 κραταιὸς
2792 2234 2892 2288 καί
2919 2232 3209 2298 δυνατός·
3241 2231 3454 2298 Κύριος
3482 2229 3583 2283 δυ-

315 2323 547 2391 projecit
590 2337 687 2377 vos
711 2362 725 2386 ,
773 2338 806 2374 ο
846 2324 1033 2377 miseri
1068 2333 1122 2378 et
1153 2324 1326 2393 iniqui
1362 2327 1609 2396 tyranni!
1667 2325 1766 2380 Hic
1811 2327 1895 2382 ille

2003 2331 2177 2396 νατὸς
2240 2330 2340 2384 καὶ
2383 2327 2637 2399 ἰσχυρὸς
2710 2326 2808 2380 καί
2848 2325 3143 2393 ἀήττητος
3171 2324 3239 2377 ἐν
3279 2322 3580 2391 πολέμοις.

314 2418 421 2470 εει,
470 2411 564 2480 qui
611 2412 665 2465 in
715 2427 873 2482 aquis
904 2411 1161 2468 Jordanis
1193 2416 1451 2470 contrivit
1494 2417 1674 2487 capita
1703 2417 1895 2472 draco-

2002 2417 2170 2485 Οὗτος
2199 2421 2401 2484 ἐκεῖνός
2435 2422 2581 2473 ἐστιν
2631 2419 2659 2471 6
2696 2420 2762 2471 ἐκ
2817 2418 2925 2470 τῶν
2961 2416 3226 2488 οὐρανίων
3259 2414 3460 2484 ἀψίδων
3496 2413 3584 2476 ἐξα

317 2518 447 2558 num
493 2510 759 2558 vestrum.
801 2504 894 2558 llle
938 2505 1055 2574 ipse
1093 2513 1211 2570 est,
1258 2507 1350 2576 qui
1401 2523 1496 2564 vos
1543 2524 1638 2577 per
1675 2525 1895 2566 crucem

2001 2513 2190 2584 ορίσας
2214 2513 2308 2565 καὶ
2337 2509 2650 2582 ἀπορρίψας
2683 2511 2850 2580 ὑμᾶς.
2873 2501 2918 2560 ὦ
2947 2508 3172 2561 δείλαιοι
3210 2508 3305 2561 καὶ
3344 2506 3580 2576 παράνοο

315 2595 661 2664 )roscripsit,
693 2595 760 2651 de
799 2595 952 2652 vobis
979 2597 1356 2667 triumphavit,
1388 2609 1442 2653 et
1464 2606 1638 2656 morte
1677 2616 1776 2656 vos
1818 2601 1895 2655 af-

2006 2621 2093 2676 μοι
2131 2603 2415 2674 τύραννοιί
2457 2603 2692 2664 Ἐκεῖνος
2733 2594 2887 2664 οὗτός
2923 2601 3071 2653 ἐστιν
3109 2602 3136 2652 6
3165 2601 3222 2652 ἐν
3254 2599 3407 2651 ὕδασι
3449 2599 3580 2666 Ἰορ-

315 2688 466 2743 fecit.
508 2686 606 2741 llic
639 2688 726 2742 ille
748 2695 853 2750 est,
889 2689 981 2758 qui
1013 2690 1208 2752 vinxit,
1239 2701 1292 2746 et
1319 2693 1557 2748 tenebris
1594 2695 1895 2760 damnavit,

2001 2697 2158 2750 δάνου
2195 2693 2489 2764 συντρίψας
2517 2693 2616 2757 τὰς
2659 2693 2901 2762 κεφαλὰς
2931 2693 3040 2745 τῶν
3064 2692 3371 2763 δρακόντων
3408 2690 3588 2761 ὑμῶν.

313 2787 371 2834 ει
417 2779 470 2832 in
521 2779 779 2850 abyssum
812 2779 1045 2834 detrusit
1078 2796 1194 2835 vos.
1245 2781 1336 2838 ille
1389 2783 1504 2854 ipse
1553 2792 1656 2849 est,
1697 2785 1788 2855 qui
1845 2786 1895 2840 in

2004 2779 2173 2846 Οὗτος
2201 2785 2406 2848 ἐκεῖνός
2437 2785 2584 2838 ἐστιν
2616 2785 2643 2837 6
2673 2784 2759 2837 διὰ
2789 2782 3020 2854 σταυροῦ
3066 2781 3419 2852 στηλιτεύσας
3439 2819 3454 2842 ,
3489 2783 3584 2834 καί

315 2873 493 2944 ignem
527 2884 792 2930 aeternum
825 2883 880 2930 et
916 2875 1218 2945 gehennam
1255 2876 1597 2943 transmittit,
1624 2884 1678 2931 et
1724 2876 1895 2947 perdit

2005 2877 2416 2948 θριαμϐεύσας,
2469 2879 2562 2930 xui
2614 2875 2893 2947 νεκρὼσας
2943 2877 3103 2943 ὑμᾶς.
3148 2865 3385 2938 Ἐκεῖνος
3431 2870 3584 2936 οὗτός

314 2982 431 3022 vos.
468 2965 648 3032 Quare
696 2982 761 3021 ne
795 2966 1150 3032 cunctemini,
1189 2982 1290 3021 nec
1342 2967 1584 3036 tardate;
1643 2969 1737 3023 sed
1775 2984 1895 3040 pro-

2005 2971 2152 3021 ἐστιν
2181 2969 2208 3020 6
2236 2969 2404 3038 δήσας
2424 3007 2438 3032 ,
2469 2968 2560 3020 xui
2591 2967 2842 3036 ζοφώσας
2865 3007 2880 3033 ,
2914 2967 3008 3020 xui
3033 2969 3097 3037 τῇ
3138 2965 3358 3034 ἁϐύσσςρ
3403 2981 3583 3034 παρα-

312 3066 520 3129 perate,
552 3066 605 3112 et
637 3057 849 3112 vinctos
880 3057 1116 3120 educite,
1145 3073 1284 3128 quos
1317 3057 1383 3112 ad
1411 3059 1512 3112 hoc
1541 3074 1716 3128 usque
1763 3069 1895 3113 tem-

2004 3059 2225 3130 πέμψας
2249 3061 2412 3130 ὑμᾶς.
2448 3053 2614 3122 Οὗτος
2641 3059 2847 3121 ἐκεῖνός
2868 3060 3015 3111 ἐστιν
3039 3058 3067 3110 ὁ
3103 3058 3236 3128 πυρὶ
3261 3057 3464 3126 αἰωνίῳ
3491 3057 3583 3108 xui

313 3166 415 3221 pus
469 3149 607 3203 male
653 3149 1038 3203 absorbuistis.
1093 3146 1349 3202 Vestrum
1403 3148 1545 3202 enim
1604 3147 1894 3217 imperium

2000 3151 2192 3224 γεέννῃ
2226 3150 2612 3221 παραπέμπων
2643 3150 2736 3203 καὶ
2759 3149 3007 3202 ἁπολλῶν
3039 3149 3150 3221 (55)
3181 3150 3343 3219 ὑμᾶς.
3380 3147 3581 3200 Λοιπὸν

307 3243 419 3310 jam
467 3239 796 3294 dissolutum
842 3247 958 3305 est;
1002 3245 1183 3293 vestra
1237 3239 1485 3308 tyrannis
1538 3237 1649 3306 jam
1703 3237 1894 3303 desiit;

313 3331 626 3399 arrogantia
683 3341 862 3383 vestra
925 3329 1164 3399 graviter
1229 3344 1479 3398 repressa
1532 3335 1660 3393 est;
1716 3337 1895 3382 vestra

308 3422 572 3493 jactantia
614 3419 682 3474 ad
728 3421 888 3474 tinem
945 3419 1196 3486 devenit;
1261 3428 1502 3475 vestrum
1554 3419 1723 3473 robur
1766 3399 1896 3474 ὥιι-

313 3511 591 3565 culcatum
653 3517 774 3575 est,
816 3517 869 3563 et
921 3508 1152 3562 interiit.
1207 3506 1556 3562 llaecDomini
1598 3516 1896 3578 potestates

313 3603 562 3658 adversis
596 3601 959 3672 potestatibus
1007 3599 1282 3660 dicebant,
1335 3599 1604 3669 simulque
1638 3616 1896 3670 propera-

313 3695 468 3750 bant.
508 3693 573 3749 Et
620 3693 670 3747 lii
700 3692 920 3762 quidem
950 3705 1224 3744 carcerem
1257 3705 1322 3744 ex
1358 3690 1489 3761 ipsis
1521 3690 1896 3746 fundamentis

315 3787 635 3849 diruebant;
670 3784 744 3837 illi
777 3797 904 3836 vero
935 3781 1245 3836 contrarias
1275 3790 1570 3851 potestates
1598 3799 1895 3853 perseque-

313 3880 533 3944 bantur,
565 3892 686 3949 qua:
719 3891 785 3930 ex
821 3873 1190 3928 exterioribus
1228 3873 1539 3927 recessibus
1573 3874 1625 3926 in
1666 3874 1893 3928 interio-

311 3987 405 4028 res
434 3970 733 4042 fugiebant.
778 3967 886 4022 Alii
931 3967 1177 4033 latihula,
1207 3974 1261 4020 et
1294 3966 1540 4030 castella,
1577 3974 1630 4020 et
1669 3969 1894 4036 Spelun-

311 4079 408 4122 cas
444 4061 963 4134 perscrutabantur,
997 4068 1051 4115 et
1085 4059 1447 4114 cursitabant.
1485 4059 1612 4123 Alii,
1644 4061 1781 4115 alter
1811 4061 1893 4114 al-

312 4159 494 4208 terum
552 4151 772 4208 aliunde
828 4149 1058 4204 Domino
1112 4150 1351 4204 vinetum
1402 4148 1742 4214 oti‘erebant,
1800 4151 1892 4206 alii

312 4257 602 4318 tyrannum
653 4244 887 4300 vinculis
935 4242 1322 4296 insolubilibus
1357 4242 1690 4306 vinciebant,
1727 4243 1816 4296 alii
1861 4259 1892 4297 a

311 4339 512 4394 saeculo
533 4338 750 4392 vinctos
771 4335 1164 4399 dissolvebant,
1189 4341 1244 4388 et
1275 4334 1363 4386 alii
1388 4334 1590 4388 dabant
1611 4333 1887 4398 mandata,

311 4429 403 4481 alii
441 4427 885 4496 obsequebantur
931 4439 1092 4492 quam
1128 4423 1434 4487 celerrime,
1480 4431 1537 4478 et
1577 4423 1632 4478 bi
1668 4424 1885 4492 quidem

2001 3243 2076 3314 μὴ
2123 3244 2345 3314 μέλλετε
2373 3282 2386 3306 ,
2427 3244 2562 3314 μηδὲ
2596 3243 2894 3312 ἀναμένετε
2918 3281 2932 3306 ,
2962 3239 3099 3294 ἀλλὰ
3151 3239 3418 3293 σπεύσατε
3441 3279 3454 3304 ,
3489 3238 3582 3292 καὶ

1997 3337 2123 3398 τοὺς
2169 3335 2424 3405 δεσμίους
2460 3333 2720 3398 ἐξάξατε,
2769 3332 2864 3397 οὓς
2895 3335 3056 3404 μέχρι
3111 3333 3205 3384 καὶ
3249 3329 3343 3384 νῦν
3395 3329 3583 3392 κακῶς

1997 3427 2301 3480 κατεπίεττ..
2323 3427 2394 3479 Τὸ
2425 3426 2534 3496 γὰρ
2561 3427 2588 3479 ὑ
2597 3426 2724 3496 μέτε
2735 3443 2824 3497 ρον
2862 3425 3062 3496 κράτος
3088 3425 3269 3477 λοιπὸν
3295 3423 3584 3476 καταλέλυ-

1995 3535 2121 3571 ται·
2157 3521 2190 3589 ή
2226 3517 2378 3589 ὑμῶν
2407 3517 2658 3590 τυραννὶς
2692 3518 2877 3570 λοιπον
2932 3521 3240 3570 πέπαυται*
3283 3516 3344 3567 τὸ
3378 3515 3578 3584 ὑμέτε-

1999 3629 2089 3681 ρον
2120 3609 2387 3682 φρύαγμα
2411 3609 2599 3673 δεινῶς
2626 3611 2970 3680 κατήργηται
2991 3623 3006 3639 ο
3043 3609 3075 3678 ή
3111 3607 3261 3674 ὑμῶν
3301 3605 3577 3676 μεγαλαυ-

1995 3702 2088 3771 χία
2140 3704 2220 3764 είς
2273 3701 2425 3764 τέλος
2461 3700 2776 3752 ἐκλέλοιπεν
2809 3700 3018 3770 (διγὴ
3074 3699 3226 3769 ὑμῶν
3279 3699 3430 3768 ἰσχὺς
3483 3713 3580 3749 πε-

1995 3794 2235 3861 πάτηται
2297 3791 2390 3844 καὶ
2448 3790 2710 3844 ἀπόλωλε.
2765 3791 2951 3842 Ταυτα
2997 3790 3053 3842 αί
3107 3787 3426 3841 δεσποτικαὶ
3481 3786 3576 3840 τοῦ

1995 3884 2266 3936 Δεσπότου
2305 3882 2563 3952 δυνάμεις
2591 3884 2710 3946 ταῖς
2749 3881 3020 3944 ἐναντίαις
3047 3880 3339 3949 δυνάμεσιν
3367 3879 3570 3946 ἔλεγον.

1993 3975 2130 4046 ὁμοῦ
2155 3992 2214 4027 τε
2243 3975 2336 4027 xui
2362 3973 2746 4028 κατέσπευδον.
2780 3974 2890 4026 Καὶ
2923 3973 2972 4024 οἱ
3006 3972 3103 4043 μὲν
3124 3971 3183 4024 τὸ
3206 3971 3574 4042 δεσμωτήριον

1994 4065 2054 4131 ἐξ
2104 4065 2285 4120 αὐτῶν
2341 4065 2448 4118 τῶν
2500 4064 2766 4135 θεμελίων
2819 4063 3230 4116 κατέσκαπτονο
3284 4064 3333 4115 οἱ
3371 4062 3427 4116 δὲ
3476 4063 3574 4124 τὰς

1996 4157 2243 4220 ἐναντίας
2274 4156 2522 4222 ἐξουσίας
2549 4154 2879 4208 κατεδίωκον
2917 4154 2981 4206 ἐκ
3009 4153 3115 4205 τῶν
3160 4152 3441 4221 ἐξωτέρων
3478 4169 3574 4206 ται

1995 4247 2162 4315 μείων
2193 4244 2498 4314 φευγούσας
2538 4243 2834 4314 ἐνδότερον.
2867 4243 2974 4295 Καὶ
3009 4241 3158 4296 ἄλλοι
3202 4242 3302 4304 τὰς
3345 4240 3576 4294 καταδύ-

1997 4351 2142 4400 σεις,
2179 4335 2272 4386 καὶ
2311 4334 2377 4386 τὰ
2426 4332 2692 4404 φρούρια,
2739 4332 2832 4386 xui
2866 4331 2934 4384 τὰ
2981 4332 3223 4401 σπήλαια
3265 4329 3571 4400 διερεύνων,

1921 4389 1965 4443 D
1995 4389 2355 4494 xu‘t'érpaxov.
2393 4389 2502 4475 κὀἱι
2527 4389 2700 4493 ἕτεροι
2730 4423 2887 4485 ἄλλος
2907 4421 3062 4475 ἄλλον
3080 4389 3310 4475 ’ἄλλοθεν
3346 4389 3573 4490 δέσμιον

312 4519 459 4572 intro
487 4515 811 4588 ingredienti
843 4513 1070 4568 Domino
1105 4515 1550 4583 praecurrebam,
1571 4515 1625 4571 hi
1661 4529 1788 4569 vero
1831 4521 1889 4568 ut

1999 4515 2071 4586 τῷ
2115 4515 2361 4586 Δεσπότῃ
2409 4514 2745 4584 προσέφερον
2774 4553 2788 4578 ,
2847 4514 2944 4566 xui
2981 4513 3130 4565 ἄλλοι
3172 4512 3264 4565 τὸν
3311 4511 3577 4583 τύραννον

311 4623 494 4678 regem
517 4614 571 4661 et
603 4605 771 4660 Deum
801 4604 1062 4660 victorem
1099 4603 1420 4660 circumfusi
1452 4589 1842 4674 sequebantur.

1999 4609 2208 4679 δεσμοῖς
2241 4609 2455 4671 ἀλύτοις
2490 4608 2633 4660 ἐδεον
2661 4646 2675 4671 ,
2725 4607 2820 4660 xui
2873 4607 3050 4677 ἐτεροι
3095 4605 3219 4669 τοὺς
3253 4605 3348 4657 ἀπ’
3383 4605 3578 4667 αἰῶνος

310 4699 564 4770 δεσμίους
596 4697 867 4750 ἀπέλυον⁸
909 4697 1002 4750 xui
1053 4697 1202 4751 ἄλλοι
1245 4696 1576 4760 ἐπέταττον,
1639 4699 1732 4751 xui
1786 4699 1961 4773 ἕτεροι
2001 4701 2307 4772 ὑπούργουν
2367 4701 2444 4764 ὡς
2487 4701 2716 4771 τάχιστα
2741 4717 2756 4732 ο
2797 4699 2892 4752 xui
2946 4699 2998 4750 οἱ
3050 4698 3148 4769 μὲν
3193 4696 3576 4771 εἰσερχομένου

309 4791 404 4844 τοῦ
437 4788 706 4842 Δεσπότου
740 4785 1013 4858 ἐνδότερον
1048 4789 1408 4860 προέτρεχον,
1454 4789 1504 4841 oi
1541 4789 1597 4842 δὲ
1633 4790 1708 4853 ὡς
1743 4789 1953 4860 βασιλεῖ
1979 4793 2072 4847 καὶ
2099 4793 2217 4865 Θεῴ
2246 4793 2526 4864 νικηφόρῳ
2562 4793 2910 4863 παρείποντο.

383 4881 509 4937 llaec
543 4881 709 4951 igitur
730 4879 795 4932 ad
827 4894 950 4934 eum
984 4880 1226 4944 modum,
1269 4888 1432 4950 atque
1459 4880 1545 4935 his
1580 4881 1734 4950 plura
1765 4897 1892 4938 cum

2071 4884 2285 4937 Τούτων
2333 4884 2396 4954 δὴ
2443 4881 2627 4936 λοιπὸν
2664 4882 2870 4946 οὕτως,
2902 4880 3036 4935 ἀλλὰ
3069 4881 3164 4934 xui
3197 4880 3337 4952 ὑπὲρ
3370 4879 3579 4936 τούτων

311 4977 368 5031 in
405 4972 622 5028 inferno
646 4971 856 5036 tierent,
890 4987 1192 5042 omnesque
1227 4972 1553 5036 clamarent,
1592 4974 1892 5029 tumultua-

1999 4975 2056 5028 ἐν
2083 4975 2162 5047 τῷ
2196 4975 2296 5048 ᾅδῃ
2333 4973 2631 5045 γινομένων
2658 4991 2715 5026 τε
2765 4974 2858 5026 καὶ
2909 4972 3222 5044 βοωμένων,
3251 4971 3588 5043 θρυλλουμὲ-

311 5073 504 5121 rentur
559 5071 615 5118 et
644 5061 1004 5130 trepidarent,
1041 5077 1168 5117 cum
1205 5061 1442 5116 adventu
1485 5077 1586 5117 suo
1627 5061 1891 5120 Dominus

1999 5085 2104 5122 νων
2142 5067 2397 5121 ἁπάντων
2433 5065 2528 5118 xui
2584 5064 2916 5136 σειομένων,
2966 5064 3106 5136 ὡςή
3160 5063 3433 5134 παρουσία
3477 5061 3578 5116 τοῦ

312 5157 501 5214 infima
532 5155 651 5226 ipsa
678 5152 797 5206 loca
820 5160 1206 5222 penetraturus
1229 5159 1400 5218 esset,
1423 5153 1591 5207 Adam
1627 5153 1739 5219 ille,
1762 5156 1890 5226 quia

1999 5156 2268 5209 Δεσπότου
2299 5153 2438 5208 αὐτὰ
2475 5153 2544 5207 τὰ
2594 5153 2882 5208 κατώτατα
2908 5153 3018 5207 τῶν
3044 5153 3370 5208 κατωτάτων
3407 5167 3586 5204 κατα·-

311 5254 440 5304 ante
471 5258 664 5301 omnes
697 5243 946 5299 homines
989 5243 1170 5312 primo
1214 5250 1456 5309 creatus,
1501 5253 1556 5300 et
1592 5247 1768 5315 primo
1807 5247 1890 5302 fa-

1999 5245 2295 5318 λαμϐάνειν
2331 5244 2585 5316 ἔμελλεν,
2615 5246 2644 5298 ὁ
2695 5244 2867 5318 Ἀδὰμ
2914 5246 3153 5309 ἐκεῖνος,
3185 5246 3215 5298 ὁ
3245 5243 3463 5299 πάντων
3483 5239 3580 5291 ἁν-

389 5405 568 5462 ‘Psel.
605 5417 760 5465 χχιιι,
795 5399 850 5464 8,
887 5401 970 5456 10.
1056 5399 1228 5456 ’ibid.

384 5562 498 5636 (99)
531 5579 619 5632 γρ.
649 5558 1017 5636 ἀπεπήγνυτο.
2211 5551 2271 5610 F.
2302 5553 2387 5636 τίς
2417 5545 2752 5636 ἐστινόὗτος.

407 5621 496 5704 30)
650 5621 861 5704 αὐτῇ.”
2214 5641 2302 5692 7p.
2338 5621 2650 5704 απολωλών.

407 5635 496 5704 30)
529 5649 618 5703 τρ.
650 5635 810 5699 αὐτῇ.
2089 5635 2178 5689 ea)
2214 5641 2302 5692 π).
2338 5635 2630 5676 απολωλων

383 5635 498 5774 is.)
530 5720 619 5772 ΥΡ·
657 5699 976 5769 πράγματα·
2212 5710 2302 5763 γρ.
2335 5692 2633 5749 ἐκλέλυται.
