3978 6220
371 309 467 363 ιοι
1476 320 1758 378 ΗΟΜΙῌΑ
1799 321 1841 377 ll
1873 320 1936 374 IN

2046 322 2317 379 ABBATO
2355 323 2612 382 MAGNO.

3532 327 3638 385 462

365 440 604 510 θρώπων
657 441 1059 513 πρωτόκτιστος
1094 481 1110 509 ,
1175 439 1271 495 καὶ
1332 440 1756 514 πρωτόπλαστος
1784 483 1798 506 ,
1859 441 1936 495 κα*

2056 451 2197 506 ctus,
2227 443 2512 513 primoque
2541 451 2794 501 mortuus
2822 452 2927 512 est,
2953 445 3179 501 interior
3205 446 3482 511 omnibus,
3508 463 3632 501 cum

365 531 746 604 πρωτόθνητος
788 533 1065 606 ἐνδότερος
1116 533 1335 586 πάντων
1360 572 1376 599 ,
1435 533 1574 604 μετὰ
1618 533 1819 604 πολλῆς
1848 531 1949 601 τῆς

364 621 666 689 ἀσφαλείας
705 622 926 692 δέσμιος
960 621 1329 693 κατεχόμενος
1351 661 1366 687 ,
1396 623 1566 692 ἤκουε
1599 622 1707 676 τῶν
1734 623 1827 675 τοῦ
1857 624 1949 674 Δε-

367 713 564 766 σπότου
593 712 770 766 ποδῶν
806 713 939 786 πρὸς
968 716 1096 778 τοὺς
1118 713 1371 786 δεσμίους
1403 713 1818 786 εἰσερχομένων,
1854 715 1949 768 καὶ

366 805 630 878 ἐγνώρισε
661 804 759 876 τὴν
788 805 970 877 φωνὴν
1004 806 1170 861 αὐτοῦ
1207 809 1263 860 ἐν
1293 805 1370 878 τῷ
1406 807 1764 880 δεσμωτηρίῳ
1796 825 1947 880 περι-

367 898 702 962 πατοῦντος,
737 899 832 952 καί
889 899 1149 971 στραφεὶς
1199 898 1337 969 πρὸς
1389 898 1632 962 ἅπαντας
1680 901 1804 964 τοὺς
1853 901 1948 953 σὺν

364 991 512 1062 αὐτῷ
546 991 640 1045 ἀπ’
673 991 869 1052 αἰῶνος
896 991 1150 1062 δεσμίους
1181 992 1312 1064 φησί
1333 1007 1344 1021 ⁸
1379 991 1567 1062 Φωνὴν
1596 990 1773 1044 ποδῶν
1805 1009 1949 1054 τινος

363 1084 547 1138 ἀκούω
578 1082 713 1155 πρὸς
743 1084 893 1154 ἡμᾶς
937 1082 1356 1157 είσερχομένου’
1395 1082 1488 1135 καὶ
1532 1083 1626 1137 ἐὰν
1669 1084 1806 1148 ὅλως
1857 1085 1945 1137 ἐν·

361 1175 538 1230 ταῦοα
571 1177 776 1238 ἐκεῖνος
809 1174 1214 1246 παραγενέσθαι
1255 1173 1614 1244 κατηξίωσεν,
1650 1177 1810 1246 ἡμεῖς
1839 1175 1947 1230 τῶν

359 1267 576 1338 δεσμῶν
637 1267 1095 1338 ἠλευθερώθημεν
1133 1283 1146 1298 ο
1202 1266 1296 1321 ἐὰν
1357 1266 1494 1330 ὅλως
1557 1269 1764 1321 ἐκεῖνον
1826 1267 1944 1337 μεθ’

360 1363 519 1433 ἡμῶν
548 1360 791 1431 ὀψόμεθα
817 1399 830 1424 ν
878 1362 1040 1431 ἡμεῖς
1065 1358 1157 1412 τοῦ
1198 1359 1324 1430 ᾅδου
1361 1357 1726 1430 λυτρούμεθα.
1759 1358 1945 1414 Ταῦτα

359 1455 456 1508 καὶ
486 1453 556 1506 τὰ
584 1452 810 1507 τοιαῦτα
861 1451 956 1506 τοῦ
1009 1451 1181 1523 Ἀδὰμ
1220 1451 1357 1523 πρὸς
1402 1451 1613 1514 πάντας
1653 1451 1779 1515 τοὺς
1815 1468 1945 1520 συγ·-

358 1545 685 1608 καταδίκους
717 1543 880 1598 αὐτοῦ
936 1541 1222 1610 λέγοντος,
1277 1541 1524 1614 εἰσῆλθεν
1582 1543 1610 1594 6
1667 1529 1942 1613 Δεσπότης

359 1635 496 1707 πρὸς
524 1633 754 1698 αὐτοὺς,
789 1634 849 1687 16
899 1633 1177 1704 νικητικὸν
1217 1631 1379 1687 ὅπλον
1409 1631 1501 1685 τοῦ
1535 1631 1768 1705 σταυροῦ
1808 1650 1940 1686 κατ-

356 1729 518 1798 έχων.
573 1727 668 1778 Ὃν
710 1725 832 1779 ἰδὼν
880 1728 909 1779 6
954 1725 1125 1796 Ἀδὰμ
1172 1727 1199 1778 6
1228 1723 1686 1797 πρωτόπλαστος,
1748 1724 1842 1778 καὶ
1873 1728 1940 1797 τῇ

356 1807 619 1888 ἐκπλήξει
657 1815 716 1870 16
773 1814 967 1886 στῆθος
1008 1815 1216 1885 τύψας,
1273 1815 1467 1886 ἐϐόησε
1521 1816 1657 1888 πρὸς
1710 1816 1938 1879 πάντας,
1977 1801 2016 1856 Β

356 1910 453 1963 καὶ
486 1905 638 1963 εἶπεν
667 1925 681 1941 °
737 1907 795 1962 '0
845 1906 1049 1982 Κύριός
1081 1924 1184 1978 μου
1218 1906 1357 1978 μετὰ
1385 1906 1622 1962 πάντων.
1673 1907 1784 1960 Καὶ
1816 1909 1942 1960 ἀπο-

356 1999 566 2071 κριθεὶς
599 2000 627 2051 6
656 1999 923 2070 Χριστὸς,
951 1998 1099 2066 λέγει
1147 1998 1224 2069 τῷ
1267 1998 1438 2070 Ἀδάμ
1462 2014 1476 2030 ο
1509 1997 1617 2052 Καὶ
1658 1998 1799 2069 μετὰ
1844 1998 1938 2052 τοῦ

355 2092 664 2163 πνεύματός
704 2110 796 2146 σου
818 2110 831 2123 ·
881 2091 976 2145 καὶ
1008 2092 1290 2164 κρατήσας
1317 2091 1481 2145 αὐτοῦ
1512 2091 1612 2162 τῆς
1638 2091 1818 2162 χειρὸς
1848 2093 1936 2145 ἁν-

359 2188 575 2258 ίστησι,
619 2185 820 2254 λέγων·
861 2186 1081 2255 Ἔγειρε
1106 2225 1120 2249 ,
1170 2186 1199 2238 6
1243 2183 1550 2246 καθεύδων,
1603 2184 1695 2236 καὶ
1734 2185 1938 2238 ἀνάστα

356 2281 420 2332 ἐκ
446 2278 555 2330 τῶν
581 2277 821 2348 νεκρῶν,
851 2277 945 2330 καὶ
989 2274 1283 2344 ἐπιφαύσει
1325 2292 1407 2328 σοι
1436 2277 1465 2328 ό
1491 2275 1743 2346 Χριστός.
1798 2273 1938 2342 Ἐγὼ

353 2374 384 2426 ό
413 2371 546 2435 Θεὸς
589 2387 714 2436 σου,
749 2372 776 2422 6
800 2369 887 2423 διὰ
937 2369 997 2421 σὲ
1031 2368 1324 2439 γενόμενος
1358 2367 1470 2429 υἱός
1505 2383 1630 2431 σου,
1663 2367 1690 2419 6
1738 2366 1826 2420 διὰ
1878 2367 1937 2420 σὲ

352 2466 613 2529 καὶτοὺς
667 2463 774 2518 ἀπὸ
831 2463 961 2526 σοῦ,
1012 2461 1107 2516 νῦν
1161 2461 1334 2530 λέγων
1380 2461 1475 2514 καὶ
1524 2462 1641 2514 κατ’
1692 2459 1936 2524 ἐξουσίαν

354 2558 667 2629 ἐπιτρέπων
696 2558 808 2618 τοῖς
853 2556 909 2607 ἐν
939 2554 1188 2625 δεσμοῖς⁶
1250 2552 1524 2618 Ἐξέλθετε
1545 2593 1559 2616 ,
1592 2553 1686 2606 καὶ
1722 2555 1836 2617 τοῖς
1879 2554 1936 2605 ἐν

355 2650 537 2704 σκότει
564 2666 576 2680 ·
611 2646 920 2717 Φωτίσθητε
941 2686 955 2710 ,
1008 2645 1104 2698 καὶ
1157 2646 1271 2708 τοῖς
1324 2644 1751 2717 κεκοιμημένοις
1781 2644 1891 2716 (55)
1919 2661 1933 2677 ·

368 2740 659 2810 Ἀνάστητε
681 2755 693 2768 ·
729 2738 810 2791 σοὶ
841 2736 1258 2806 διακελεύομαι·
1292 2737 1531 2806 Ἔγειρε,
1564 2737 1593 2788 6
1625 2735 1931 2790 καθεύδων·

355 2833 416 2887 οὐ
446 2831 556 2905 γὰρ
601 2830 688 2884 διὰ
725 2829 883 2883 τοῦτό
929 2846 987 2882 σε
1025 2828 1300 2900 πεποίηκα
1327 2869 1341 2891 ,
1382 2828 1468 2882 ἵνα
1509 2829 1566 2880 ἐν
1597 2827 1696 2901 ᾅδῃ
1733 2829 1938 2900 κατέχῃ

353 2926 593 2996 δέσμιος.
637 2922 869 2977 ’Λνάστα
907 2923 970 2975 ἐκ
1021 2921 1129 2975 τῶν
1159 2920 1366 2992 νεκρῶν
1390 2936 1404 2951 ο
1437 2919 1550 2988 ἐγώ
1595 2921 1772 2991 εἰμιή
1821 2919 1935 2990 ζωὴ

351 3016 462 3070 τῶν
506 3013 734 3085 νεκρῶν.
794 3011 1061 3076 Ἀνάστα,
1126 3011 1350 3081 πλάσμα
1394 3009 1455 3062 16
1503 3009 1667 3077 ἐμὸν,
1708 3008 1933 3074 ἀνάστα,

357 3105 540 3178 μορφὴ
577 3106 610 3176 ἡ
651 3104 786 3176 ἐμὴ,
826 3103 920 3156 καὶ
979 3103 1097 3156 κατ’
1145 3101 1328 3155 εἰκόνα
1377 3100 1516 3172 ἐμὴν
1564 3099 1924 3171 γεγενημένη.

254 3263 258 3268 1
359 3201 601 3271 Ἔγειρε,
649 3198 871 3267 ἄγωμεν
902 3194 1185 3249 ἐντεῦθεν·
1227 3194 1290 3246 σὺ
1340 3193 1449 3266 γὰρ
1483 3193 1542 3246 ὲν
1589 3193 1748 3264 ἐμοὶ,
1784 3191 1937 3259 κάγὼ

355 3291 412 3343 ἐν
440 3290 521 3342 σοὶ
545 3329 561 3350 ,
590 3289 647 3341 ἒν
678 3289 774 3341 καὶ
811 3287 1112 3358 ἀδιαίρετον
1143 3285 1459 3357 ὑπάρχομεν
1491 3283 1780 3356 πρόσωπον
1805 3299 1818 3313 ο
1849 3281 1938 3336 διὰ

358 3378 418 3432 σὲ
452 3380 479 3431 6
507 3377 640 3441 Θεός
682 3394 774 3429 σου
804 3377 1002 3445 γέγονα
1047 3375 1159 3438 υἱός
1192 3391 1283 3427 σου
1307 3392 1319 3405 ·
1352 3373 1441 3427 διὰ
1471 3375 1530 3427 σὲ
1566 3375 1594 3428 6
1636 3373 1934 3445 Δεσπότης,

355 3470 548 3524 ἔλαϐον
587 3471 684 3540 τὴν
719 3470 817 3541 σὴν
874 3468 1089 3540 μορφὴν
1121 3467 1212 3520 τοῦ
1242 3466 1428 3520 δούλου
1455 3484 1468 3497 ο
1502 3467 1588 3522 διὰ
1624 3468 1682 3520 σὲ
1720 3469 1748 3520 6
1776 3468 1937 3538 ὑπερ-

355 3564 468 3617 άνω
494 3562 601 3615 τῶν
630 3560 874 3632 οὐρανῶν
918 3557 1081 3632 ἦλθον
1136 3561 1227 3613 ἐπὶ
1251 3560 1350 3631 γῆς
1383 3561 1476 3614 καὶ
1506 3559 1758 3614 ὑποκάτω
1785 3560 1886 3630 γῆς
1919 3577 1931 3588 ·

354 3653 442 3707 διὰ
494 3653 555 3706 σὲ
588 3653 678 3707 τὸν
725 3652 1008 3725 ἄνθρωπον
1047 3651 1247 3720 γέγονα
1277 3651 1409 3704 ὡσεὶ
1455 3652 1739 3724 ἅνθρωπος
1777 3651 1938 3723 ἀϐοή-

355 3745 549 3815 θητος,
584 3745 643 3798 ἐν
684 3747 893 3817 νεκροῖς
926 3743 1208 3814 ἐλεύθερος
1229 3760 1241 3771 ·
1283 3742 1369 3797 διὰ
1403 3745 1461 3797 σὲ
1497 3744 1588 3798 τὸν
1615 3744 1724 3798 ἀπὸ
1755 3745 1932 3815 κήπου

354 3838 639 3906 ἐξελθόντα
679 3839 785 3892 ἀπὸ
831 3839 1009 3909 κήπου
1065 3837 1338 3900 Ἰουδαίοις
1372 3837 1672 3909 παρεδόθην
1699 3879 1712 3904 ,
1744 3837 1838 3891 καὶ
1875 3837 1934 3890 ἐν

355 3935 518 3999 κήπῳ
585 3927 953 3999 ἐσταυρώθην.
1022 3929 1127 3982 Ἴδε
1187 3929 1281 3982 τοῦ
1341 3927 1632 4001 προσώπου
1702 3945 1803 4001 μου
1867 3929 1936 3982 τὰ

356 4019 724 4091 ἐμπτύσματα
743 4061 757 4085 ,
794 4020 935 4091 ἆπερ
957 4019 1045 4072 διὰ
1078 4021 1134 4073 σὲ
1161 4022 1555 4092 κατεδεξάμην,
1583 4022 1672 4074 ἵνα
1699 4038 1758 4073 σε
1794 4021 1934 4074 ἀπο-

357 4113 683 4184 καταστήσω
730 4113 811 4174 είς
840 4112 899 4165 16
929 4113 1150 4184 ἀρχαῖον
1181 4112 1504 4183 ἐμφύσημα.
1549 4111 1653 4164 Ἴδε
1692 4130 1794 4182 μου
1825 4112 1935 4166 τῶν

356 4203 620 4271 σιαγόνων
650 4201 716 4254 τὰ
742 4200 1082 4271 ῥαπίσματα,
1118 4199 1153 4254 ἃ
1177 4198 1579 4270 κατεδεξάμην,
1605 4200 1692 4253 ἵνα
1721 4217 1814 4252 σου
1836 4203 1934 4272 τὴν

353 4287 773 4363 διαστραφεῖσαν
829 4288 1040 4360 μορφὴν
1083 4287 1446 4362 ὲπανορθώσω
1487 4291 1566 4353 είς
1615 4288 1673 4341 16
1704 4290 1821 4342 κατ’
1857 4291 1934 4342 εἰ-

354 4385 484 4438 κόνα
519 4399 638 4454 μου.
676 4381 782 4434 Ἴδε
811 4399 912 4452 μου
941 4381 1034 4433 τοῦ
1061 4379 1232 4434 νώτου
1262 4379 1361 4451 τὴν
1388 4379 1800 4452 φραγγέλλωσιν
1823 4421 1838 4448 ,
1867 4380 1932 4451 ἣν

354 4475 724 4546 κατεδεξάμην
750 4515 764 4540 ,
798 4473 885 4527 ἵνα
921 4473 1202 4545 σκορπίσω
1250 4473 1358 4525 τῶν
1405 4472 1690 4545 ἁμαρτιῶν
1742 4491 1837 4528 σου
1869 4473 1930 4526 16

354 4568 571 4639 φορτίον
602 4567 662 4620 16
719 4567 812 4620 ἐπὶ
862 4565 954 4618 τοῦ
999 4565 1169 4618 νώτου
1216 4565 1486 4635 κείμενον.
1541 4565 1647 4619 Ἴδε
1697 4583 1798 4636 μου
1832 4567 1930 4629 τὰς

354 4654 797 4727 προσηλωθείσας
844 4657 1030 4726 χεῖρας
1078 4656 1136 4708 ἐν
1182 4653 1260 4725 τῷ
1299 4653 1440 4724 ξύλῳ
1485 4654 1697 4720 καλῶς,
1745 4655 1833 4708 διὰ
1863 4653 1928 4708 ’σὲ

351 4746 440 4799 τὸν
477 4745 791 4799 ἐκτείναντα
823 4743 921 4815 τὴν
967 4746 1125 4815 χεῖρα
1169 4743 1227 4794 ἐν
1263 4742 1340 4813 τῷ
1388 4742 1528 4813 ξύλῳ
1561 4742 1767 4806 κακῶς.
1824 4743 1926 4797 Ἴδε

354 4854 454 4908 μου
487 4837 614 4900 τοὺς
650 4833 1130 4907 προσηλωθέντας,
1179 4833 1273 4887 καὶ
1309 4835 1636 4904 όρυχθέντας
1663 4835 1740 4904 τῷ
1783 4834 1927 4906 ξύλῳ

350 4927 542 4991 πόδας,
578 4925 667 4978 διὰ
697 4926 821 4988 τοὺς
863 4925 988 4987 σοὺς
1042 4923 1208 4987 πόδας
1252 4924 1379 4987 τοὺς
1411 4931 1592 4989 κακῶς
1619 4927 1926 4996 δραμόντας
1959 4923 2003 4977 D

2053 549 2247 604 magna
2266 535 2512 590 custodia
2529 536 2582 588 in
2603 536 2836 592 vinculis
2860 537 3104 604 habitus,
3131 537 3398 593 inaudivit
3417 537 3634 594 Domini
3659 576 3666 600 .

2054 626 2248 694 pedum
2274 627 2559 695 strepitum
2593 627 2659 682 ad
2676 629 2891 684 vinctos
2912 630 3312 686 advenientium
3357 639 3411 686 et
3426 645 3634 702 cogno-
3661 610 3668 634 Κ

2051 717 2126 770 vi:
2157 718 2400 772 sonitum
2437 718 2558 787 ejus
2589 717 2642 772 in
2676 734 2900 777 carcere
2933 721 3360 786 deambulantis,
3398 731 3452 778 et
3494 739 3631 779 con-
3670 787 3679 796 ν

2051 823 2245 864 versus
2277 808 2345 864 ad
2374 823 2567 864 omnes
2594 824 2702 864 una
2738 825 2923 865 secum
2952 827 2981 866 a
3015 813 3217 869 sreculo
3247 816 3482 877 vinctos,
3512 815 3589 868 ait
3615 829 3628 866 :
3669 800 3673 809 ί

2053 901 2301 956 Sonitum
2357 902 2556 972 pedum
2611 901 2898 971 cujusdam
2949 905 3133 971 audio,
3182 907 3272 976 qui
3311 906 3374 960 ad
3411 923 3512 963 nos
3550 907 3634 962 iu-

2050 994 2332 1066 greditur;
2362 1000 2413 1048 et
2451 993 2497 1048 si
2529 993 2757 1047 omnino
2795 994 2905 1047 huc
2937 993 3026 1048 ille
3062 994 3319 1050 advenire
3351 997 3630 1067 dignetur.

2051 1102 2153 1140 nos
2185 1102 2215 1141 e
2249 1086 2485 1140 vinculis
2514 1084 2728 1140 liberati
2762 1100 2978 1144 sumus.
3013 1083 3070 1139 Si
3099 1087 3326 1141 omnino
3353 1088 3504 1141 illum
3531 1103 3632 1142 no-

2050 1178 2263 1232 biscum
2289 1178 2486 1232 adesse
2514 1177 2835 1242 viderimus,
2868 1191 2968 1233 nos
2993 1192 3023 1232 e
3048 1177 3286 1232 vinculis
3321 1177 3523 1234 inferni
3545 1195 3634 1236 rc-

2049 1268 2329 1323 dimimur.
2365 1267 2490 1323 Hmc
2520 1276 2574 1324 et
2607 1269 2713 1323 alia
2747 1268 2955 1324 Adamo
2986 1269 3051 1323 ad
3082 1270 3278 1324 omnes
3310 1285 3417 1324 una
3443 1287 3631 1328 secum

2049 1361 2445 1416 condemnatos
2468 1361 2706 1425 dicente,
2734 1360 3014 1432 ingressus
3035 1367 3120 1415 est
3141 1360 3405 1416 Dominus
3424 1363 3488 1416 ad
3512 1379 3629 1427 cos,

2049 1450 2292 1504 victricia
2325 1464 2477 1503 arma
2511 1451 2692 1506 crucis
2717 1457 2932 1505 tenens.
2965 1449 3138 1516 Quem
3172 1450 3262 1505 ubi
3292 1451 3426 1505 vidit
3455 1452 3630 1507 Adam

2049 1541 2258 1610 primus
2289 1557 2510 1612 parens,
2550 1558 2660 1614 prae
2694 1551 2919 1612 stupore
2957 1551 3149 1614 pectus
3191 1543 3509 1609 verberans,
3537 1559 3632 1599 ex-

2049 1634 2306 1688 clamavit
2335 1633 2402 1688 ad
2437 1649 2649 1699 omnes,
2685 1635 2933 1705 dixitque
2972 1653 2984 1688 :
3018 1633 3284 1691 Dominus
3317 1651 3468 1692 meus
3503 1651 3629 1691 cum

2050 1726 2327 1782 omnibus.
2359 1724 2426 1778 Et
2455 1727 2796 1797 respondens
2819 1725 3074 1781 Christus
3109 1725 3243 1779 dicit
3271 1725 3482 1781 Adamo
3515 1743 3528 1780 :
3566 1726 3632 1780 Et

2050 1834 2174 1872 cum
2207 1818 2404 1890 spiritu
2445 1825 2559 1872 tuo.
2595 1817 2660 1871 Et
2712 1818 3053 1889 apprehensa
3101 1833 3267 1873 manu
3299 1819 3522 1885 excitat,
3553 1818 3632 1874 di-

2049 1926 2181 1966 cens
2210 1930 2222 1965 :
2255 1913 2672 1982 Expergiscere,
2711 1913 2806 1984 qui
2835 1912 3078 1979 dormis;
3135 1921 3189 1966 et
3224 1927 3387 1982 surge
3422 1927 3451 1965 a
3483 1927 3632 1967 mor-

2050 2003 2179 2067 tuis,
2205 2011 2258 2056 et
2285 2003 2564 2059 illucescet
2597 2004 2693 2059 tibi
2725 2004 3005 2059 Christus.
3037 2002 3150 2074 Ego
3175 2002 3322 2059 Deus
3348 2012 3499 2068 tuus,
3533 2005 3627 2074 qui

2053 2103 2275 2166 propter
2301 2103 2353 2151 te
2386 2094 2562 2150 factus
2595 2105 2716 2151 Sum
2749 2097 2891 2153 filius
2926 2107 3089 2162 tuus;
3139 2098 3230 2168 qui
3284 2105 3509 2168 propter
3553 2107 3626 2162 te,

2047 2195 2101 2240 et
2131 2195 2354 2258 propter
2377 2187 2496 2253 hos,
2525 2186 2671 2258 quia
2702 2195 2753 2243 te
2786 2189 3005 2244 oriundi
3040 2198 3191 2253 sunt,
3227 2205 3374 2245 nunc
3400 2190 3546 2257 dico,
3576 2201 3630 2246 et

2050 2293 2144 2348 per
2175 2286 2504 2348 potestatem
2538 2279 2748 2350 impero
2784 2281 2852 2336 iis
2891 2281 2982 2350 qui
3037 2281 3093 2335 in
3149 2281 3384 2338 vinculis
3417 2291 3575 2338 erant
3610 2302 3625 2339 :

2047 2368 2239 2435 Exite;
2273 2379 2326 2425 et
2351 2369 2446 2440 qui
2474 2369 2528 2423 in
2560 2369 2833 2424 tenebris:
2862 2368 3250 2425 llluminamini
3276 2386 3289 2436 ;
3318 2381 3370 2426 et
3399 2365 3624 2442 'sopitis:

2046 2459 2355 2533 Resurgite.
2389 2460 2516 2516 Tibi
2557 2463 2866 2532 praecipio:
2905 2461 3320 2534 Expergiscere,
3367 2467 3459 2534 qui
3494 2465 3627 2519 dor-

2046 2551 2151 2608 mis
2177 2570 2191 2607 ;
2222 2552 2423 2607 etenim
2457 2567 2568 2606 non
2601 2549 2725 2606 ideo
2760 2560 2814 2607 te
2860 2552 2988 2617 feci,
3037 2562 3096 2608 ut
3125 2555 3180 2608 in
3208 2553 3424 2609 inferno
3452 2556 3630 2610 conti-

2047 2657 2212 2698 neare
2242 2644 2480 2700 vinctus.
2514 2643 2686 2716 Surge
2713 2659 2742 2698 a
2773 2643 3040 2711 mortuis;
3061 2659 3162 2714 ego
3193 2660 3314 2700 sum
3342 2647 3452 2699 vita
3484 2661 3628 2702 mor-

2045 2745 2286 2790 tuorum.
2343 2736 2537 2807 Surge,
2594 2751 2731 2806 opus
2791 2751 3050 2790 manuum
3103 2751 3389 2802 mearum;
3439 2752 3623 2810 surge,

2043 2828 2246 2898 elligics
2301 2843 2444 2893 mea,
2491 2843 2612 2898 qua:
2662 2829 2729 2882 ad
2776 2828 3070 2898 imaginem
3129 2843 3304 2883 meam
3352 2827 3496 2883 facta
3543 2845 3623 2884 es.

2047 2915 2240 2988 Surge,
2275 2928 2533 2973 eXeamus
2564 2919 2722 2985 hinc;
2760 2926 2816 2972 tu
2852 2919 2996 2972 enim
3032 2919 3086 2972 in
3122 2934 3227 2983 me,
3265 2927 3320 2974 et
3353 2935 3452 2990 ego
3474 2920 3528 2974 in
3547 2927 3622 2985 te,

2046 3025 2152 3062 una
2183 3021 2234 3064 ct
2257 3009 2490 3064 indivisa
2513 3025 2704 3064 sumus
2726 3025 2980 3079 persona.
3008 3009 3237 3079 Propter
3271 3019 3324 3064 te
3357 3025 3456 3080 ego
3478 3009 3624 3065 Deus

2045 3109 2194 3163 tuus.
2232 3101 2409 3156 factus
2445 3117 2567 3156 sum
2600 3101 2742 3156 filius
2775 3109 2935 3167 tuus;
2981 3110 3206 3172 propter
3241 3109 3293 3156 te
3333 3101 3620 3167 Dominus,

2041 3192 2293 3248 servilem
2322 3202 2468 3246 tuam
2496 3192 2734 3268 speciem
2759 3194 3001 3263 sumpsi;
3028 3201 3250 3263 propter
3274 3200 3346 3257 te,
3379 3193 3470 3264 qui
3496 3209 3622 3249 sum

2039 3299 2203 3352 supra
2233 3285 2422 3350 caelos,
2457 3285 2578 3338 veni
2606 3285 2659 3337 in
2683 3293 2909 3348 terram,
2941 3291 2994 3338 et
3018 3285 3214 3340 subtus
3241 3293 3480 3352 terram;
3503 3299 3623 3356 pro-

2038 3385 2158 3445 pter
2193 3383 2244 3430 te
2285 3375 2560 3430 hominem
2612 3375 2791 3448 factus
2839 3391 2958 3429 sum
3003 3384 3264 3449 tanquam
3307 3377 3468 3430 homo
3500 3378 3624 3433 sine

2039 3468 2333 3537 adjutorio,
2371 3467 2513 3523 inter
2561 3475 2808 3523 mortuos
2853 3468 3029 3532 liber;
3073 3475 3294 3538 propter
3325 3476 3398 3534 te,
3431 3468 3526 3537 qui
3553 3484 3623 3524 ex

2039 3563 2200 3616 horto
2229 3575 2486 3631 egressus
2525 3575 2604 3626 es,
2648 3575 2715 3615 ex
2747 3561 2910 3614 horto
2948 3559 3157 3616 Judaeis
3186 3559 3440 3623 traditus,
3481 3567 3536 3615 et
3563 3561 3622 3614 in

2038 3654 2198 3709 horto
2224 3654 2523 3708 crucifixus
2546 3669 2688 3706 sum.
2723 3652 2923 3721 Aspice
2955 3651 3112 3706 faciei
3139 3666 3273 3707 mem
3295 3661 3473 3720 Sputa,
3501 3666 3621 3722 qua:

2036 3746 2254 3814 quidem
2299 3755 2519 3815 propter
2554 3752 2606 3798 te
2632 3745 2871 3814 suscepi,
2905 3753 2962 3798 ut
2990 3752 3043 3799 te
3073 3743 3129 3797 in
3165 3744 3458 3814 pristinum
3484 3743 3620 3798 illud

2037 3836 2370 3905 spiraculum
2423 3835 2792 3891 restituerem.
2833 3836 3030 3905 Aspice
3069 3850 3313 3890 mearum
3367 3835 3622 3890 maxilla-

2038 3943 2156 3984 rum
2189 3928 2396 3996 alapas,
2429 3942 2566 3996 quas
2599 3926 2860 3992 sustinui,
2895 3937 2950 3979 ut
2981 3936 3128 3980 tuam
3154 3937 3470 3997 corruptam
3499 3943 3621 3997 spe-

2037 4018 2172 4072 ciem
2199 4017 2579 4081 reformat-em,
2617 4016 2683 4069 ad
2718 4017 3012 4085 imaginem
3047 4033 3242 4070 meam.
3281 4018 3480 4085 Aspice
3511 4019 3618 4073 mei

2039 4107 2173 4175 tergi
2205 4104 2644 4176 flagellationem,
2682 4121 2847 4175 quam
2883 4107 3126 4175 suscepi,
3164 4114 3222 4160 ut
3244 4107 3616 4177 dispergereru

2038 4205 2389 4267 peccatorum
2429 4206 2646 4252 tuorum
2682 4213 2853 4263 onus,
2890 4197 3037 4269 quod
3078 4209 3229 4269 tergo
3260 4207 3353 4252 tuo
3391 4199 3618 4269 imposi-

2036 4296 2150 4344 tum
2178 4297 2281 4345 est.
2325 4289 2526 4358 Aspice
2559 4290 2733 4346 clavis
2758 4290 2894 4346 bene
2929 4289 2998 4344 ad
3038 4290 3244 4362 lignum
3276 4289 3464 4346 aliian
3499 4305 3618 4356 ma:

2035 4397 2141 4438 nus
2176 4395 2346 4447 meas,
2380 4389 2604 4452 propter
2637 4391 2708 4447 te,
2749 4382 2842 4452 qui
2879 4397 3098 4436 manum
3133 4383 3200 4437 ad
3232 4382 3438 4452 lignum
3474 4383 3617 4438 male

2034 4473 2312 4543 quondam
2340 4474 2684 4529 extenderas.
2720 4475 2920 4546 Aspice
2953 4475 3117 4545 pedes
3146 4489 3298 4530 meos
3324 4473 3534 4542 aiiixos,
3561 4484 3617 4529 et
3650 4535 3655 4540 ,

2033 4567 2313 4635 perfossus
2342 4567 2398 4621 in
2431 4567 2578 4639 ligno
2605 4575 2828 4638 prepter
2856 4575 2980 4622 tuos
3014 4567 3202 4638 pedes,
3233 4567 3326 4638 qui
3356 4566 3497 4638 male
3516 4581 3619 4622 ett-

2033 4666 2319 4714 currerant
2348 4659 2416 4714 ad
2441 4660 2648 4730 lignum
2682 4659 3064 4715 inobedientia:
3096 4667 3250 4716 sexta
3281 4660 3390 4725 die,
3418 4660 3473 4714 in
3505 4676 3612 4731 qua

2031 4757 2085 4803 et
2123 4750 2396 4806 sententia
2428 4751 2482 4804 in
2517 4758 2569 4804 te
2608 4750 2754 4804 dicta
2794 4749 2993 4815 fuerat,
3046 4759 3103 4805 et
3144 4750 3463 4805 reformatio
3495 4759 3610 4811 tua,

2030 4856 2093 4896 ac
2125 4842 2359 4912 paradisi
2391 4840 2687 4912 patefar-tio
2717 4857 2837 4896 meo
2870 4854 2952 4899 est
2987 4845 3172 4899 labore
3208 4844 3475 4914 perfecta.

349 5020 442 5075 ἐπὶ
491 5018 553 5072 16
585 5017 740 5086 ξύλον
793 5015 892 5086 τῆς
934 5017 1219 5086 παρακοῆς
1265 5019 1331 5087 τῇ
1381 5017 1514 5090 ἕκτῃ
1549 5019 1756 5089 ἡμέρα,
1889 5023 1920 5090 ἡ
1963 5023 2233 5090 ἀπόφασις
2287 5021 2544 5090 γέγονεν,
2605 5024 2695 5074 καὶ
2741 5022 2838 5093 τὴν
2881 5023 2976 5091 σὴν
3020 5022 3354 5087 ἀνάπλασιν,
3389 5024 3482 5078 καῖ⁹
3510 5041 3622 5080 πα·-

350 5113 595 5186 ραδείσου
630 5109 830 5176 ἄνοιξιν
864 5107 1181 5177 πεπόνημαι
1215 5108 1348 5177 ('56).

430 5204 774 5284 Ἐγευσάμην
807 5199 896 5254 διὰ
930 5199 990 5252 σὲ
1042 5199 1239 5270 χολὴν,
1287 5201 1372 5254 ἵνα
1419 5201 1658 5274 ίάσωμαί
1708 5221 1788 5257 σοι
1823 5205 1920 5274 τὴν

347 5297 435 5352 διὰ
468 5295 720 5368 βρώσεως
765 5292 980 5362 ἐκείνης
1024 5293 1125 5362 τῆς
1158 5291 1416 5359 γλυκείας
1465 5294 1668 5366 πικρὰν
1704 5296 1915 5368 ἡδονήν.

361 5387 704 5458 Ἐγευσάμην
729 5384 910 5451 ὄξους,
949 5382 1038 5436 ἵνα
1071 5383 1405 5454 καταργήσω
1443 5384 1536 5436 τοῦ
1567 5384 1658 5438 σοῦ’
1692 5386 1918 5440 θανάτου

348 5479 408 5534 τὸ
452 5468 654 5552 δριμὺ,
727 5475 823 5531 καὶ
877 5471 1030 5543 παρὰ
1083 5472 1244 5541 φύσιν
1283 5474 1557 5544 ποτήριον.
1623 5475 1918 5548 Ἐδεξάμην

437 5659 528 5730 ἐξ)
552 5675 641 5730 γρ·
683 5658 974 5730 ἕειμένοις-

437 5694 450 5712 .
510 5661 641 5730 )γρ.
683 5659 974 5729 κειμένοις.

414 5659 530 5800 8:)
560 5745 648 5799 πρ.
681 5723 748 5800 ἦς
778 5729 998 5798 πάλαιή
1035 5727 1290 5799 ἀθέτησις
1311 5725 1553 5796 γέγονεν,
1589 5725 1646 5780 ἐν
1673 5728 1738 5799 τῇ
1769 5728 1901 5800 ἕκτῃ

2101 5206 2326 5262 Gustavi
2347 5216 2568 5279 propter
2590 5217 2644 5264 te
2661 5207 2750 5276 fel,
2769 5217 2826 5263 ut
2847 5223 3097 5264 sanarem
3117 5215 3285 5273 tuam,
3308 5224 3404 5283 per
3421 5225 3604 5266 escam

2028 5299 2174 5353 illam
2193 5299 2434 5364 dulcem,
2461 5315 2703 5354 amaram
2725 5300 3080 5371 voluptatem.
3111 5300 3336 5356 Gustavi
3365 5311 3601 5363 acetum.

2027 5397 2086 5444 ut
2115 5389 2386 5446 abolerem
2405 5400 2511 5446 tuae
2537 5391 2731 5447 mortis
2755 5394 3132 5456 acerbitatem,
3162 5401 3216 5448 et
3247 5403 3455 5447 natura“:
3478 5407 3610 5447 con-

2028 5475 2257 5532 trarium
2308 5481 2586 5550 poculum.
2631 5480 2860 5556 Suscepi
2906 5486 3214 5555 spongiam,
3263 5491 3322 5536 ut
3365 5482 3624 5561 delerem'

2029 5659 2231 5742 ἡμέρᾳ,
2268 5663 2358 5715 καὶ
2397 5664 2492 5736 τὴν
2544 5665 2642 5736 σὴν
2691 5663 2889 5720 πλάσιν
2939 5664 3036 5736 τὴν
3092 5667 3148 5720 ἐν
3191 5665 3268 5736 τῷ
3293 5665 3604 5742 παραδείσῳ

2012 5731 2335 5803 πεποίημαι.
