3978 6220
350 296 457 358 465

1615 298 1822 362 DbBlA
1862 291 2006 348 AUT
2048 299 2319 359 SPURIA.
3498 297 3615 353 4ηέ

353 427 778 500 chirographum
832 424 907 482 tui
964 423 1193 495 peccati.
1245 421 1475 495 Suscepi
1520 420 1817 485 calamum,
1870 424 1929 473 ut

2041 415 2291 484 σπόγγον,
2316 413 2403 467 ἵνα
2429 411 2692 483 ἐξαλείψω
2722 413 2782 469 τὸ
2811 414 3172 485 χειρόγραφόν
3200 429 3292 467 σου
3318 412 3420 482 τῆς
3443 414 3619 483 ἀμαρ-

354 521 758 577 subscriberem
803 519 1108 575 libertatem
1143 515 1332 587 generi
1368 514 1629 571 humano.
1686 509 1927 569 Dormivi

353 612 409 667 in
439 602 624 677 cruce,
661 617 715 666 et
748 609 1021 681 romphaea
1051 608 1358 679 penetravit
1388 620 1568 662 meum
1600 605 1766 668 latus,
1799 616 1926 672 pro-

353 712 476 775 pter
503 710 579 767 te,
607 701 699 772 qui
731 700 787 755 in
818 700 1075 771 paradiso
1099 697 1443 759 obdormisti,
1477 702 1530 752 et
1562 693 1725 749 Evam
1758 709 1820 748 ex
1853 692 1925 745 la-

354 803 472 849 tere
503 791 798 863 protulisti,
828 780 1008 847 Meum
1038 789 1184 849 latus
1210 786 1429 845 sanavit
1451 785 1693 841 dolorem
1717 782 1926 838 lateris.

355 884 508 939 Meus
558 897 784 939 somnus
831 881 1026 936 educet
1075 887 1129 939 te
1182 895 1249 935 ex
1302 877 1501 939 inferni
1548 890 1761 932 somno.
1814 872 1930 928 Mea

355 974 629 1045 romphaea
666 974 999 1043 romphaeam
1045 971 1308 1035 coercuit,
1351 985 1470 1041 quae
1504 976 1693 1031 contra
1732 973 1783 1021 te
1810 980 1932 1020 ver-

356 1067 594 1121 tebatur.
642 1062 837 1134 Surge,
886 1078 1077 1119 eamus
1122 1062 1270 1116 hinc.
1321 1061 1521 1116 Eduxit
1567 1069 1620 1116 te
1652 1057 1828 1115 hostis
1864 1073 1932 1111 ex

356 1166 504 1211 terra
541 1154 812 1227 paradisi;
862 1169 963 1225 ego
1005 1168 1134 1210 vero
1174 1162 1227 1208 te
1265 1167 1373 1207 non
1405 1150 1641 1223 amplius
1679 1150 1733 1203 in
1773 1162 1935 1221 para-

357 1247 504 1312 diso,
536 1230 631 1302 sed
663 1244 718 1300 in
760 1244 969 1300 caelesti
1010 1245 1207 1299 throno
1245 1244 1477 1307 colloco.
1520 1240 1779 1296 Probibui
1822 1247 1872 1295 te
1903 1253 1934 1293 a

359 1339 507 1408 ligno
544 1337 727 1408 typico
754 1336 917 1401 vitae;
951 1350 1138 1392 verum
1183 1350 1313 1393 ecce
1358 1349 1480 1406 ego,
1518 1332 1610 1403 qui
1647 1332 1753 1386 vita
1789 1345 1931 1398 sum,

360 1428 456 1485 tibi
494 1442 614 1483 sum
642 1426 991 1495 conjunctus.
1039 1425 1313 1482 Constitui
1357 1423 1662 1489 cherubim,
1708 1422 1802 1492 qui
1849 1420 1933 1474 fa-

360 1519 492 1575 muli
523 1517 576 1572 in
600 1532 805 1581 morem
829 1516 1244 1585 custoditcntte;
1285 1514 1502 1571 t‘aciout
1527 1513 1808 1569 cherubim
1835 1525 1934 1582 pro

359 1624 426 1666 eo
456 1624 519 1663 ac
551 1607 717 1662 Deum
758 1600 912 1664 decet
947 1608 1178 1662 adorent
1204 1615 1281 1661 te.
1323 1603 1643 1661 Oceultatus
1677 1621 1737 1660 es
1766 1619 1796 1658 a
1825 1602 1936 1659 Deo

362 1709 423 1755 ut
453 1699 669 1765 nudus;
694 1714 882 1757 verum
908 1714 1034 1753 ecce
1052 1698 1344 1753 occuluisti
1373 1697 1426 1761 in
1446 1705 1497 1751 te
1514 1695 1682 1751 Deum
1704 1695 1928 1750 nudum.

2028 506 2170 571 τίας.
2216 504 2514 576 Ἐδεξάμην
2538 506 2783 578 κάλαμον
2807 547 2822 572 ,
2848 506 2936 560 ἴνα
2968 505 3271 578 ὑπογράψω
3298 504 3617 576 ἐλευθερίαν

2028 596 2106 668 τῷ
2136 596 2283 666 γένει
2330 596 2444 649 τῶν
2481 594 2799 668 ἀνθρώπων.
2837 596 3105 650 ’Υπνωσα
3152 599 3210 649 ὲν
3256 593 3337 666 τῷ
3369 593 3616 666 σταυρῷ.

2028 685 2124 739 καὶ
2156 685 2402 756 ῥομφαίᾳ
2428 682 2661 756 ὲνύχθην
2694 685 2792 757 τὴν
2823 683 3064 757 πλευρὰν
3088 724 3102 748 ,
3148 684 3236 738 διὰ
3292 684 3353 738 σὲ
3406 684 3499 737 τὸν
3553 686 3618 737 ὲν

2031 776 2342 849 παραδείσῳ
2380 774 2704 831 ὑπνώσαντα
2729 815 2746 843 ,
2783 777 2879 831 καὶ
2922 778 3020 848 τὴν
3067 774 3211 831 Εὔαν
3268 776 3331 829 ἐκ
3369 775 3618 847 πλευρᾶς

2031 867 2409 937 ἐξενέγκαντα.
2455 867 2523 920 Ἠ
2570 867 2677 939 ἐμὴ
2705 866 2914 938 πλευρά
2951 867 3138 921 ἰάσατο
3188 865 3250 919 τὸ
3297 866 3459 934 ἄλγος
3511 865 3621 936 τῆς

2031 958 2307 1030 πλευρᾶς·
2341 960 2370 1012 ὁ
2419 956 2554 1029 ἐμὸς
2601 956 2768 1021 ὖπνος
2818 957 2997 1023 ἐξάξει
3034 974 3094 1010 σε
3140 961 3205 1012 ὲκ
3256 957 3349 1012 τοῦ
3387 960 3445 1011 ὲν
3502 957 3615 1030 ᾅδῃ

2033 1050 2203 1105 ὕπνου
2232 1066 2245 1080 ·
2274 1050 2308 1121 ἡ
2342 1048 2448 1121 ἐμὴ
2477 1049 2720 1121 ῥομφαία
2748 1047 2941 1123 ἔστησε
2971 1050 3069 1121 τὴν
3095 1047 3236 1102 κατά
3259 1048 3352 1107 σοῦ
3386 1065 3621 1120 στρεφο-

2036 1141 2205 1214 μένην
2245 1139 2539 1213 ῥομφαίαν.
2584 1140 2785 1194 Λοιπὸν
2816 1139 3032 1210 ἔγειρε,
3070 1139 3290 1210 ἄγωμεν
3341 1137 3615 1194 ἐντεῦθεν.

2045 1231 2311 1304 Ἐξήγαγέ
2344 1247 2403 1284 σε
2451 1232 2480 1284 6
2534 1230 2729 1305 ἐχθρὸς
2773 1230 2881 1291 ἀπὸ
2920 1231 3032 1303 (57)
3087 1231 3189 1303 γῆς
3241 1230 3571 1303 παραδείσου
3599 1245 3616 1261 ο
3710 1303 3715 1306 ᾔ

2033 1322 2384 1379 ἀποκαθιστῶ
2414 1340 2474 1381 σε
2504 1322 2688 1377 οὐκέτι
2732 1325 2790 1379 ὲν
2832 1322 3144 1397 παραδείσῳ
3170 1363 3184 1387 ,
3215 1322 3328 1376 ἀλλ’
3360 1324 3419 1379 ὲν
3451 1323 3620 1393 ούρα-

2033 1414 2131 1487 νίῳ
2181 1413 2376 1488 θρόνῳ.
2445 1412 2725 1473 Ἐκώλυσά
2779 1430 2836 1467 σε
2882 1414 2976 1467 τοῦ
3034 1414 3188 1480 ξύλου
3238 1414 3333 1468 τοῦ
3382 1402 3620 1469 τυπικοῖῖ

2032 1506 2133 1578 τῆς
2183 1506 2331 1577 ζωῆς
2354 1547 2368 1573 ,
2427 1505 2542 1560 ἀλλ’
2589 1506 2697 1561 ἰδοὺ
2730 1506 2893 1570 αὐτὸς
2935 1505 3045 1575 ἐγὼ
3079 1506 3190 1577 (58)
3219 1504 3434 1577 ήνώθην
3468 1523 3548 1567 σοι
3579 1508 3619 1580 ἡ

2036 1597 2169 1667 ςωή.
2209 1594 2417 1660 Ἔταξα
2465 1595 2535 1650 τά
2584 1595 2852 1668 χερουσιμ
2885 1595 3271 1669 δουλοπρεπῶς
3326 1597 3620 1666 φυλάττειν

2038 1696 2130 1734 σε’
2166 1679 2302 1733 ποιῶ
2328 1680 2396 1732 τά
2442 1681 2712 1752 χερουϐὶμ
2764 1681 3081 1754 θεοπρεπῶς
3109 1686 3482 1756 προσκυνῆσαί
3530 1703 3614 1741 σε.

360 1788 587 1853 lndutus
622 1802 744 1842 eras
778 1786 1007 1858 pudoris
1038 1786 1321 1857 pelliceam
1357 1792 1600 1851 veStem;
1633 1800 1818 1839 verum
1848 1783 1932 1838 in—

2041 1772 2307 1845 Ἐκρύόης
2327 1772 2434 1826 ἀπὸ
2465 1772 2600 1827 Θεοῦ
2622 1774 2698 1838 ὡς
2729 1778 2935 1847 γυμνός
2953 1794 2967 1809 ο
2996 1776 3110 1830 ἀλλ’
3136 1778 3243 1832 ἰδοὺ
3277 1777 3521 1849 ἔκρυψας
3552 1781 3620 1834 ὲν

369 1888 528 1937 «ntus
554 1895 673 1934 sum
702 1894 803 1950 ego
832 1878 975 1933 Deus
998 1888 1104 1932 tuae
1124 1877 1307 1933 carnis
1331 1877 1685 1946 sanguineam
1707 1884 1931 1930 vestem.

362 1973 632 2041 :tluocirca
664 1970 894 2040 surgite,
925 1983 1117 2023 eamus
1147 1966 1296 2032 hinc,
1325 1981 1354 2025 a
1386 1974 1560 2020 morte
1590 1964 1658 2019 ad
1687 1965 1874 2030 vitam,
1905 1978 1934 2018 a

360 2061 719 2133 corruptione
750 2059 819 2115 ad
847 2057 1334 2121 immortalitatem,
1372 2070 1401 2108 a
1427 2054 1666 2110 tenebris
1691 2055 1756 2109 ad
1785 2061 1938 2108 aeter-

359 2168 484 2206 nam
508 2150 707 2205 lucem.
744 2148 984 2218 Surgite,
1017 2162 1209 2201 eamus
1251 2145 1400 2209 hinc,
1432 2159 1462 2198 a
1491 2144 1681 2199 dolore
1713 2143 1780 2198 ad
1810 2141 1939 2196 laeti-

361 2241 516 2303 tiam,
547 2256 610 2294 cx
649 2239 913 2299 servitute
945 2238 998 2299 in
1025 2236 1333 2297 libertatem
1361 2250 1460 2300 ,οι
1489 2247 1707 2287 carcere
1740 2233 1798 2287 in
1829 2247 1937 2286 coe-

361 2330 550 2383 lestem
582 2328 1034 2398 Hierosolymam,
1063 2342 1124 2379 ex
1165 2324 1401 2380 vinculis
1436 2326 1489 2377 in
1520 2324 1846 2385 libertatem,
1870 2338 1936 2377 ex

361 2420 673 2487 captivitate
706 2417 771 2471 ad
814 2417 1051 2486 paradisi
1085 2414 1331 2478 delicias,
1373 2416 1427 2467 in
1472 2414 1671 2468 ccelum
1701 2428 1731 2468 e
1770 2422 1933 2468 terra.

362 2507 489 2562 Ideo
522 2506 666 2560 enim
703 2513 952 2560 mortuus
996 2518 1142 2567 sum,
1177 2510 1232 2557 et
1278 2501 1575 2567 resurrexi,
1611 2509 1671 2555 ut
1705 2508 1760 2555 et
1788 2502 1939 2555 vivo-

362 2614 485 2652 rum
516 2607 569 2652 et
597 2608 939 2651 mortuorum
961 2596 1297 2651 dominatum
1320 2608 1585 2664 gererem.
1612 2592 1793 2659 Quare
1820 2609 1939 2649 sur-

362 2690 493 2760 gite,
529 2701 718 2743 eamus
759 2685 905 2740 hinc.
942 2684 1101 2739 Pater
1131 2685 1275 2739 enim
1314 2699 1469 2739 meus
1503 2683 1746 2737 caelestis
1781 2697 1935 2736 ovem

361 2794 485 2850 qua:
514 2778 672 2850 periit
710 2784 1012 2847 exspectat.
1054 2773 1360 2845 Nonaginta
1395 2789 1588 2829 novem
1620 2774 1937 2845 angelorum

363 2885 492 2925 oves
524 2882 852 2923 conservum
888 2868 1219 2939 operiuntur
1244 2865 1418 2919 Adam
1458 2883 1472 2920 :
1510 2863 1730 2935 quando
1755 2879 1940 2919 resur-

362 2972 484 3035 get;
516 2961 733 3033 quando
759 2962 1038 3026 ascendet,
1067 2968 1122 3015 et
1151 2958 1217 3014 ad
1246 2958 1415 3014 Deum
1443 2966 1766 3013 revertetur.
1802 2956 1941 3011 Che-

362 3053 589 3108 rubicus
636 3054 869 3107 thronus
912 3059 1206 3121 apparatus
1253 3057 1360 3117 est,
1413 3047 1584 3118 geruli
1621 3047 1856 3117 prompti
1886 3052 1940 3102 et

362 3144 558 3214 parati,
594 3144 866 3197 thalamus
897 3151 1248 3197 constructus
1275 3151 1380 3209 est,
1404 3140 1583 3210 parati
1614 3140 1744 3205 cibi,
1779 3147 1940 3219 teter-

361 3250 433 3291 na
484 3235 837 3289 tabernacula
887 3246 943 3289 et
985 3234 1302 3289 mansiones
1354 3232 1655 3294 adornatas,
1698 3230 1941 3285 thesauri

362 3327 632 3379 bonorum
684 3323 857 3392 aperti
912 3332 1058 3387 sunt,
1115 3337 1454 3393 regnumque
1505 3321 1770 3375 caelorum
1815 3327 1943 3376 ante

364 3415 563 3469 saecula
593 3420 842 3483 paratum
876 3420 981 3469 est.
1024 3410 1156 3478 Quae
1190 3414 1385 3469 oculus
1417 3428 1529 3466 non
1557 3411 1717 3477 vidit,
1751 3419 1807 3466 et
1844 3426 1938 3466 au-

363 3502 444 3559 ris
479 3520 589 3558 non
623 3503 852 3566 audivit,
905 3511 959 3558 et
1001 3504 1057 3557 in
1105 3517 1202 3557 cor
1248 3502 1484 3560 hominis
1523 3516 1631 3556 non
1669 3502 1939 3572 ascendit,

364 3609 487 3663 qua:
514 3595 655 3649 bona
684 3592 957 3647 hominem
991 3600 1311 3662 exspectant
1333 3595 1373 3648 ί.

2036 1866 2213 1937 ἑαυτῷ
2238 1866 2369 1920 Θεὸν
2396 1864 2508 1936 (59)
2537 1868 2766 1938 γυμνόν.
2797 1870 3084 1940 Ἐνεδύθης
3108 1870 3198 1923 τὸν
3227 1870 3329 1941 τῆς
3356 1872 3621 1942 αἰσχύνης

2034 1954 2355 2026 δερμάτινον
2385 1955 2620 2026 χιτῶνα⁸
2655 1955 2770 2010 ἀλλ’
2818 1957 3072 2030 ὲνεδύθην
3100 1958 3233 2022 Θεὸς
3273 1959 3348 2012 ῶν
3382 1961 3473 2015 τὸν
3512 1961 3622 2031 τῆς

2038 2047 2136 2118 σῆς
2187 2047 2388 2119 σαρκὸς
2439 2048 2724 2119 αίμάτινον
2768 2048 2880 2121 (40)
2914 2051 3137 2123 χιτῶνα.
3182 2052 3274 2106 Διὸ
3318 2054 3618 2126 ἐγείρεσθε,

2036 2139 2260 2210 ἄγωμεν
2293 2134 2585 2207 ἐντεῦθεν,
2620 2141 2727 2195 ἀπὸ
2777 2141 2871 2194 τοῦ
2917 2143 3145 2198 θανάτου
3177 2147 3256 2208 είς
3302 2144 3401 2217 τὴν
3449 2145 3617 2219 ζωὴν,

2036 2232 2144 2285 ἀπὸ
2171 2234 2268 2304 τῆς
2297 2233 2503 2306 φθορᾶς
2523 2236 2602 2298 είς
2630 2234 2973 2307 ἀφθαρσίαν,
3000 2237 3108 2299 ἀπὸ
3135 2236 3230 2291 τοῦ
3263 2238 3491 2302 σκότους
3537 2241 3620 2303 εἰς

2036 2323 2096 2376 τὸ
2136 2323 2351 2379 αἰώνιον
2403 2325 2539 2396 φῶς.
2567 2327 2899 2397 Ἐγείρεσθε,
2934 2328 3156 2399 ἄγωμεν
3198 2329 3445 2383 ἐντεῦθεν
3470 2371 3485 2395 ,
3512 2332 3624 2384 ἀπὸ

2037 2414 2137 2485 τῆς
2161 2414 2352 2486 ὀδύνης
2386 2419 2465 2481 είς
2506 2417 2846 2489 εὐφροσύνην
2869 2459 2885 2485 ,
2928 2419 3036 2472 ἀπὸ
3075 2420 3318 2485 δουλείας
3363 2422 3443 2484 είς
3480 2420 3622 2474 ὲλευυ

2039 2504 2249 2578 θερίαν,
2280 2506 2388 2560 ἀπὸ
2427 2507 2674 2579 φυλακῆς
2716 2510 2798 2572 είς
2821 2510 2918 2582 τὴν
2944 2511 3054 2565 ἀνω
3087 2511 3439 2582 Ἰερουσαλὴμ
3462 2550 3476 2576 ,
3513 2511 3624 2566 ἀπὸ

2036 2596 2146 2649 τῶν
2169 2596 2385 2668 δεσμῶν
2429 2598 2523 2652 ἐπὶ
2553 2598 2652 2669 τὴν
2672 2600 2873 2663 ἄνεσιν,
2903 2601 3009 2654 ἀπὸ
3028 2601 3128 2671 τῆς
3148 2602 3382 2673 κατοχῆς
3409 2603 3501 2655 ἐπὶ
3523 2602 3624 2673 τὴν

2036 2687 2131 2741 τοῦ
2170 2688 2495 2761 παραδείσου
2527 2690 2767 2763 τρυφὴν,
2801 2691 2910 2746 ἀπὸ
2960 2692 3060 2763 τῆς
3088 2694 3191 2765 γῆς
3229 2695 3311 2756 είς
3350 2693 3440 2746 τὸν
3467 2695 3623 2765 ούρα-

2038 2778 2144 2833 νόν.
2183 2780 2308 2833 Ἐπὶ
2336 2780 2498 2835 τοῦτο
2534 2781 2643 2857 γὰρ
2672 2782 2964 2849 ἀπέθανον,
2992 2784 3086 2837 καὶ
3108 2785 3338 2856 ἀνέστην
3366 2785 3497 2857 (41),
3533 2786 3621 2839 ἵνα

2039 2868 2132 2922 καὶ
2165 2869 2371 2940 νεκρῶν
2419 2870 2515 2925 καὶ
2550 2870 2767 2935 ζώντων
2801 2874 3094 2944 κυριεύσω.
3133 2875 3465 2948 Ἐγείρεσθε,
3487 2877 3632 2943 ἀγω-

2043 2976 2141 3031 μεν
2166 2961 2441 3016 ὲντεῢθεψ
2469 2964 2499 3016 6
2518 2963 2626 3035 γὰρ
2650 2964 2842 3037 Πατήρ
2871 2982 2971 3036 μου
2986 2965 3272 3039 ὸοὺράνιος
3328 2968 3388 3021 τὸ
3419 2968 3617 3021 ἀπολω-

2041 3051 2130 3116 λὸς
2158 3053 2434 3123 ἐκδέχεται
2477 3057 2771 3127 πρόϐατον.
2816 3056 2897 3111 Τὰ
2934 3058 3286 3130 ἐννενήκοντα
3325 3061 3479 3114 ὲννέα
3516 3059 3625 3113 τῶν

2046 3144 2290 3213 ἀγγέλων
2320 3146 2569 3217 πρόϐατα
2627 3150 2717 3204 τὸν
2745 3149 3029 3203 σύνδουλον
3054 3151 3412 3221 ἀναμένουσιν
3428 3151 3623 3222 Ἀδὰμ,

2046 3232 2177 3285 πότε
2207 3234 2446 3311 ἀναστῇ,
2479 3238 2572 3291 καὶ
2616 3239 2748 3292 πότε
2781 3238 2979 3311 ἀνέλθῃ
3024 3240 3117 3293 καὶ
3142 3241 3278 3313 πρὸς
3309 3241 3442 3296 Θεὸν
3464 3243 3622 3295 ἐπαν-

2046 3322 2200 3396 έλθῃ.
2225 3325 2557 3397 Χερουϐικὸς
2607 3329 2797 3401 θρόνος
2826 3331 3221 3402 ηὐτρέπισταιο
3258 3334 3307 3387 οἱ
3337 3334 3624 3408 ἀναφέρον-

2045 3431 2136 3479 τες
2161 3415 2303 3485 ὀξεῖς
2328 3435 2388 3471 τε
2418 3420 2514 3473 καὶ
2545 3420 2753 3494 ἕτοιμοι
2772 3439 2784 3454 ·
2819 3424 2848 3476 6
2870 3422 3095 3496 νυμφὼν
3134 3427 3573 3498 παρεσκεύασται
3606 3444 3620 3456 ·

2046 3506 2317 3579 ἐδέσματα
2354 3510 2577 3585 ἕτοιμαο
2615 3515 2671 3568 αί
2707 3514 2913 3569 αίώνιοι
2945 3519 3144 3589 σκηναὶ
3174 3519 3269 3572 καὶ
3301 3520 3458 3590 μοναὶ
3485 3519 3624 3571 ἕτοι-

2050 3615 2177 3669 μοι·
2216 3601 2264 3653 οί
2303 3599 2567 3676 θησαυροὶ
2611 3606 2719 3661 τῶν
2770 3608 2988 3676 ἀγαθῶν
3031 3609 3379 3682 ἀνεῴχθησαν
3403 3650 3418 3676 ,
3450 3612 3484 3682 ἡ
3517 3609 3624 3663 τῶν

364 3685 609 3776 οὐρανῶν
639 3683 898 3776 βασιλεία-
917 3684 1022 3776 πρὸ
1048 3684 1265 3776 αἰῴνων
1289 3685 1617 3776 ῂτοίμασται
1637 3701 1650 3716 ’
1682 3684 1719 3739 ἀ
1754 3684 2033 3758 ὀφθαλμὸς
2063 3691 2163 3745 οὐκ
2188 3686 2331 3746 οἶδεν
2351 3735 2367 3765 ,
2394 3696 2488 3748 καὶ
2546 3692 2639 3760 οὖς
2703 3699 2804 3752 οὐκ
2833 3700 3033 3771 ἤκουσε
3056 3741 3073 3768 ,
3114 3704 3209 3756 καὶ
3245 3703 3339 3756 ἐπὶ
3399 3704 3624 3776 καρδίαν

364 3771 651 3846 ἀνθρώπου
683 3773 783 3826 οὐκ
808 3772 974 3844 ἀνέϐη
995 3813 1009 3835 ,
1060 3772 1096 3827 ἃ.
1133 3773 1315 3842 ἀγαθά
1360 3773 1451 3827 τὸν
1486 3772 1772 3844 ἄνθρωπον
1799 3778 2175 3848 περιμένουσι.

436 3885 562 3940 llaec
593 3892 646 3941 et
672 3885 759 3941 his
794 3885 994 3939 similia
1030 3884 1292 3940 Dominus
1325 3900 1449 3940 cum
1479 3886 1818 3956 loqueretur,
1846 3903 1938 3943 re-

367 3976 541 4048 surgit
566 3990 689 4030 eum
720 3989 804 4039 eo,
841 3975 933 4045 qui
968 3975 1021 4029 in
1053 3975 1173 4044 ipso
1214 3975 1545 4046 conjunctus
1575 3983 1693 4032 erat
1719 3976 1893 4032 Adam
1920 3995 1937 4045 ;

368 4069 605 4126 surrexit
652 4083 761 4124 una
809 4076 864 4123 et
901 4067 1030 4133 Eva,
1063 4076 1118 4123 et
1164 4067 1271 4122 alia
1323 4069 1492 4123 multa
1533 4084 1786 4140 corpora,
1819 4085 1940 4141 quae

366 4176 490 4218 cum
526 4161 627 4217 [ide
655 4176 684 4215 a
712 4161 911 4215 saeculo
939 4160 1304 4225 dormiebant,
1334 4169 1775 4228 resurrexerunt,
1799 4177 1939 4232 pra:-

366 4251 602 4308 dicantia
622 4252 835 4307 Domini
858 4259 979 4322 post
996 4252 1239 4306 triduum
1258 4251 1739 4307 resurrectionem.
1766 4252 1941 4318 Quam

2117 3893 2306 3949 Ταῦτα
2345 3897 2436 3952 καὶ
2476 3900 2545 3954 τὰ
2597 3901 2820 3957 τοιαῦτα
2875 3904 2969 3959 τοῦ
3026 3907 3294 3962 Δεσπότου
3354 3909 3621 3979 λέγοντος,

2046 3982 2356 4041 ἀνίστανται
2414 3990 2511 4042 σὺν
2563 3991 2712 4063 αύτῷ
2776 3991 2886 4066 (42)
2937 3996 2966 4048 6
3036 3997 3093 4049 ὲν
3150 3998 3298 4068 αὐτῷ
3353 4000 3624 4071 ἡνωμένος

2060 4074 2258 4147 Ἀδὰμ,
2318 4078 2412 4132 καὶ
2474 4082 2856 4138 συνανίσταται
2921 4086 3013 4139 καὶ
3077 4091 3111 4159 ἡ
3162 4088 3274 4143 Εὕα
3303 4107 3318 4121 ι
3352 4093 3445 4145 καὶ
3491 4091 3623 4148 ἀλλα

2046 4166 2215 4220 πολλά
2242 4170 2467 4242 σώματα
2505 4172 2683 4257 πίστει
2719 4175 2813 4228 ἀπ’
2854 4177 3047 4243 αἰῶνος
3079 4183 3453 4254 κεκοιμημὲνα
3517 4184 3631 4256 (45)

2048 4259 2352 4335 ἀνέστησαν
2420 4267 2758 4339 κηρύττοντα
2831 4270 2923 4324 τοῦ
2988 4273 3259 4334 Δεσπότου
3330 4277 3625 4350 τριήμερον

364 4344 639 4406 alacriter,
680 4357 713 4396 o
744 4341 959 4396 ﬁdeles!
994 4342 1377 4410 suscipiamus,
1406 4342 1692 4398 videamus
1750 4350 1803 4397 et
1837 4357 1937 4397 am-

364 4436 675 4459 -I-As-.~...-
732 4446 853 4459 nn...
891 4431 1095 4459 ηηηη-ιιεη
1129 4432 1326 4459 ηιμ-ηπ...
1370 4432 1627 4459 Α..,υ...ι,υ.
1684 4448 1805 4459 ,ιη-η
1856 4432 1910 4459 ι..

2050 4355 2344 4459 ἀνάστασιν
2370 4358 2503 4459 (μ),
2537 4362 2604 4432 ἢν
2630 4363 2889 4437 φαιδρῶς,
2919 4366 2964 4418 oi
2989 4368 3189 4433 πιστοὶ,
3220 4341 3624 4440 ὑποδεξῶμεθα.

364 4436 696 4506 plectamur,
730 4446 854 4485 cum
889 4431 1098 4501 angelis
1127 4432 1328 4486 choros
1367 4432 1653 4499 ducentes,
1681 4448 1806 4487 cum
1856 4432 1944 4487 in-

366 4525 653 4595 corporeis
688 4522 976 4594 spiritibus
1026 4520 1226 4577 festum
1273 4522 1637 4589 celebrantes,
1673 4522 1948 4594 simulque

366 4616 541 4686 gloria
572 4612 867 4667 allicientes
896 4611 1199 4679 Christum,
1236 4612 1327 4682 qui
1365 4627 1469 4667 nos
1497 4628 1565 4667 ex
1594 4613 1950 4683 corruptione

366 4707 648 4772 excitavit,
698 4713 751 4760 et
801 4704 927 4759 vita:
973 4712 1189 4767 aeterna:
1233 4703 1490 4758 restituit.
1518 4702 1621 4757 Cui
1675 4704 1846 4775 gloria
1894 4713 1948 4760 et

370 4800 657 4873 imperium
704 4812 828 4853 cum
878 4795 1040 4853 Patre
1089 4795 1418 4867 principium
1468 4809 1579 4849 non
1608 4795 1866 4866 habente,
1894 4806 1949 4853 et

369 4891 742 4953 sanctissimo,
772 4897 935 4960 atque
964 4889 1191 4959 optimo,
1220 4895 1276 4942 et
1300 4885 1611 4943 viviﬁcante
1639 4902 1743 4943 suo
1775 4886 1949 4959 Spiri-

370 4993 426 5036 tu
482 4999 495 5033 :
545 4996 698 5036 nunc
739 4990 790 5037 et
831 4997 1087 5054 semper,
1135 4990 1189 5038 et
1242 4980 1297 5035 in
1348 4980 1547 5036 saecula
1594 4980 1942 5036 saeculorum.

367 5075 564 5129 Amen.

412 5162 456 5214 “²
500 5181 521 5234 l
544 5180 672 5238 Cor.
703 5198 764 5248 ιι,
785 5182 840 5239 9.

464 5292 555 5359 57)
584 5311 676 5363 γρ.
711 5292 978 5364 ἐξήγαγον
1003 5309 1062 5345 σε
1092 5291 1218 5347 ἀπό.

463 5364 554 5422 58)
705 5362 866 5434 αὐτὸς
895 5362 1035 5434 ὅλος.

463 5434 556 5573 59)
587 5432 678 5504 γρ.
709 5433 828 5486 ὅλον
864 5432 981 5503 ἐμέ.

465 5505 534 5559 40
580 5523 671 5573 γρ.
698 5501 981 5573 δερμάτινο

465 5501 556 5573 40)
698 5501 1038 5575 δερμάτινον.

463 5434 556 5573 59)
587 5451 678 5504 γρ.
709 5434 828 5486 ὅλον
864 5434 981 5503 ἐμέ.
1867 5496 1872 5501 _

465 5505 534 5559 40
580 5523 671 5575 γρ.
698 5501 1038 5574 δερμάτινον.

438 5434 554 5647 ζμ)
586 5593 677 5646 γρ.
717 5570 952 5647 Χριστὸς
1009 5569 1272 5637 ἀπέθανε,
1319 5571 1411 5625 καὶ
1464 5571 1704 5645 ἀνέστη,
1749 5582 1803 5630 et
1854 5594 1947 5632 κυ.

360 5644 586 5719 puum

2049 4448 2143 4501 καὶ
2190 4447 2469 4521 ὀψώμεθα,
2526 4455 2621 4509 καὶ
2680 4458 3142 4530 περιπτυξώμεθα
3186 4461 3325 4532 μετά
3375 4462 3625 4531 ἀγγέλων

2048 4537 2382 4610 χορεύοντες,
2432 4544 2572 4615 μετά
2598 4546 2705 4601 τῶν
2733 4550 3038 4622 ἀσωμάτων
3086 4553 3451 4624 ἑορτάζοντες,
3488 4552 3625 4624 ὁμοῦ

2049 4629 2145 4685 καὶ
2175 4631 2587 4701 συνδοξάζοντες
2614 4638 2705 4693 τὸν
2738 4641 2883 4710 ὑμᾶς
2921 4644 2985 4699 ὲκ
3015 4643 3114 4710 τῆς
3154 4643 3359 4716 φθορᾶς
3391 4644 3625 4716 Χριστὸν

2048 4720 2447 4794 ἀναστήσαντα,
2488 4728 2580 4780 καὶ
2614 4727 3057 4802 ζωοποιήσαντα’
3105 4727 3149 4803 ᾧ
3192 4735 3226 4806 ἡ
3266 4735 3412 4807 δόξα,
3444 4737 3539 4791 καὶ
3563 4736 3625 4789 τὸ

2049 4811 2252 4883 κράτος
2307 4815 2404 4868 σὺν
2449 4817 2528 4888 τῷ
2580 4819 2803 4893 ἀνάρχῳ
2837 4822 2948 4895 (45)
2979 4823 3143 4878 αὐτοῦ
3180 4826 3375 4901 Πατρὶ,
3423 4827 3516 4881 καὶ
3548 4824 3628 4897 τῷ

2049 4905 2301 4977 παναγίῳ
2357 4909 2452 4963 καὶ
2518 4911 2709 4983 ἀγαθῷ
2778 4915 2874 4969 καὶ
2931 4915 3182 4987 ζωοποιῷ
3237 4917 3404 4972 αὑτοῦ
3458 4917 3629 4973 Ilvati-

2050 5012 2208 5064 ματι·
2247 4996 2342 5051 νῦν
2373 4999 2465 5052 καὶ
2498 5001 2583 5057 ἀεὶ
2638 5005 2733 5059 καὶ
2769 5006 2849 5070 εἰς
2874 5006 3000 5072 τοὺς
3030 5008 3231 5073 αἰῶνας
3256 5008 3363 5064 τῶν
3394 5008 3625 5065 αἰώνων.

2062 5085 2253 5155 Ἀμήν.

2120 5303 2232 5441 ig)
2258 5322 2350 5375 γρ.
2386 5309 2588 5396 πάγτες
2610 5316 2660 5369 οἱ
2691 5312 2754 5396 ἐν
2775 5314 2853 5385 τῷ

2212 5378 2230 5441 )
2274 5394 2363 5441 γρ.
2414 5396 2644 5441 σωματα
2685 5400 2794 5441 των
2826 5386 2906 5439 ἀπ
2969 5404 3005 5441 α

2274 5394 2363 5447 γρ.
2414 5378 2644 5451 σώματα
2685 5383 2794 5441 τῶν
2812 5374 2921 5439 ’ἀπ’
2960 5374 3166 5455 ’ἀίῶνος
3205 5385 3624 5457 κεκοιμημένων

2120 5513 2232 5589 (44)
2265 5534 2354 5586 no-
2386 5517 2625 5589 ἔγερσιν-

2122 5583 2233 5656 (45)
2375 5583 2646 5661 ἀθανάτῳ.
