3978 6220
257 353 360 408 ιθὸ

1007 478 1082 531 Γ’.

261 585 313 635 Τί
338 582 374 670 '77
404 584 474 635 έν
500 583 703 670 ETW
734 588 966 670 ηρῖρὸς
1002 589 1171 670 ἡμῶν
1222 593 1565 670 ἐηιφανίίζυ
1587 595 1836 670 ἐπισκός

327 668 445 736 ποις
492 657 732 722 Κύπρου
762 659 942 728 λόγος
971 657 1055 727 εἰς
1087 663 1201 732 τὴν
1228 657 1407 734 ἁγίάν
1436 665 1544 718 τοῦ
1579 665 1836 733 Χριστοῦ

327 721 697 778 ἀνάστασιν.

775 833 968 904 Κύριε,
1003 837 1316 908 εὐλόγησαν.

341 919 398 970 Ὁ
423 919 522 990 τῆς
545 920 890 995 δικαιοσύνης
916 929 1210 1009 τριήμερος
1243 931 1432 997 Ἥλιος
1471 932 1709 990 ἀνέτειλε
1742 933 1838 1002 σή-

262 1026 448 1080 μερον,
477 1013 570 1064 καὶ
602 1016 780 1070 πᾶσαν
811 1016 910 1087 τὴν
937 1019 1114 1076 κτίσιν
1156 1021 1420 1090 ἐφώτισεν
1441 1041 1453 1054 ο
1486 1026 1515 1076 6
1542 1025 1838 1096 rptﬁpepoc

148 1130 161 1142 -
257 1101 352 1152 καὶ
406 1102 725 1173 προαιὼνιος
769 1108 1006 1177 Χριστὸς
1042 1112 1070 1163 6
1109 1111 1306 1184 βότρυς
1369 1114 1700 1184 ἐϐλάστησε,
1745 1113 1839 1168 καὶ

257 1191 358 1261 τὴν
387 1195 710 1267 οἰκουμένην
758 1199 1096 1272 εὐφροσύνης
1127 1204 1436 1274 ἐπλήρωσε.
1474 1206 1578 1260 Τὸν
1605 1205 1839 1260 ἀνέσπε-

261 1299 355 1352 ρον
382 1283 576 1355 ὄρθρον
624 1287 841 1358 ἴδωμεν,
880 1291 986 1358 πρὸ
1021 1292 1217 1364 ὄρθρου
1250 1295 1548 1369 ἐγείρωμεν
1578 1297 1836 1369 σήμερον,

258 1373 351 1424 καὶ
384 1373 558 1440 φωτὸς
582 1377 756 1446 χαρᾶς
780 1378 1178 1452 ἐπληρώθημεν
1215 1383 1350 1454 (46).
1376 1385 1548 1438 Πύλαι
1577 1385 1704 1456 ᾅδου
1733 1386 1839 1440 ὑπὸ

258 1461 496 1530 Χριστοῦ
546 1466 892 1538 ἠνοίχθησαν,
935 1471 1028 1524 καὶ
1079 1474 1264 1544 νεκροὶ
1301 1475 1378 1538 ὡς
1421 1475 1481 1540 ἐξ
1521 1477 1688 1544 ὕπνου
1742 1478 1837 1532 ἀν-

231 1552 513 1625 «έστησαν.
568 1559 788 1630 ’Λνέστη
819 1562 1053 1632 Χριστὸς
1089 1567 1121 1636 ἡ
1156 1565 1262 1620 τῶν
1296 1567 1571 1622 πεσόντων
1601 1570 1838 1623 ἀνάστα-

258 1659 365 1707 σις,
416 1646 509 1698 καὶ
559 1649 648 1701 τὸν
711 1651 879 1722 Ἀδὰμ
923 1655 1276 1728 συνήγειρεν·
1314 1657 1514 1728 ἀνέστη
1546 1659 1778 1730 Χριστὸς
1805 1661 1839 1730 ὴ

256 1738 476 1790 ’πάντων
539 1740 853 1806 ἀνάστασις,
915 1745 1007 1796 καὶ
1060 1748 1159 1816 τὴν
1217 1747 1360 1802 Εὔαν
1435 1751 1539 1820 τῆς
1586 1753 1832 1823 κατάρας

258 1831 595 1903 ἀπήλλαξεν·
644 1834 841 1906 ἀνέστη
873 1838 1106 1909 Χριστὸς
1150 1842 1182 1910 ἡ
1233 1843 1551 1907 ἀνάστασις,
1604 1845 1698 1898 καὶ
1746 1844 1838 1897 τὸν
1873 1824 1913 1878 Β

259 1923 390 1994 πρὶν
414 1923 672 1994 ἄκοσμον,
697 1928 789 1980 καὶ
805 1927 874 1980 τά
895 1928 1032 1999 (46⁸)
1067 1934 1351 2004 κοσμήσας
1373 1935 1688 2006 ὲφαίδρυνεν
1709 1951 1722 1966 ’
1747 1933 1836 2000 ὲξη

259 2012 466 2083 ηγέρθη
501 2013 575 2076 ὼς
605 2015 633 2066 6
666 2015 848 2069 ὑπνῶν
886 2018 1108 2088 Κύριος,
1146 2022 1386 2086 καὶτοὺς
1419 2023 1643 2095 ἐχθροὺς
1673 2023 1838 2078 αὐτοῦ

259 2104 470 2167 πάντας
520 2107 762 2171 πατάξας
808 2111 1169 2182 κατῄσχυνεν.
1227 2114 1473 2185 Ἀνέστη,
1529 2117 1624 2168 καὶ
1663 2115 1839 2186 χαρὰν

259 2196 410 2267 πάσῃ
443 2200 507 2268 τῇ
549 2200 722 2253 κτίσει
751 2201 1087 2273 ἐδωρήσατο·
1121 2205 1342 2276 ἀνέστη,
1368 2209 1463 2260 καὶ
1502 2208 1560 2260 τὸ
1585 2207 1679 2259 τοῦ
1711 2207 1838 2279 ᾅδου

258 2287 632 2360 δεσμωτήριον
662 2291 902 2364 ὲκενώθη
922 2287 944 2324 ³
972 2296 1191 2365 ἀνέστη,
1239 2299 1331 2350 καὶ
1356 2299 1454 2368 τήν
1488 2298 1694 2370 φθορὰν
1741 2299 1841 2369 τῆς

261 2380 477 2450 φύσεως
508 2384 587 2445 είς
614 2383 922 2454 ἀφθαρσίαν
952 2388 1264 2457 μετήγαγεν
1288 2405 1302 2420 ⁸
1343 2388 1542 2460 ἀνέστη
1582 2389 1837 2459 Χριστὸς,

258 2473 356 2525 καὶ
385 2472 474 2525 τὸν
515 2473 683 2544 Ἀδὰμ
701 2476 781 2538 εἰς
817 2476 878 2528 τὸ
919 2480 1145 2547 ἀρχαῖον
1166 2479 1380 2550 ἀξίωμα
1406 2479 1508 2550 τῆς
1541 2479 1839 2544 ἀθανασίας

261 2562 497 2633 κατέστη
507 2580 614 2616 σεν.
641 2564 800 2628 "Hm;
823 2567 876 2618 ὲν
905 2567 949 2619 Χ
961 2567 1127 2639 ριστῷ
1150 2571 1306 2639 καινὴ
1326 2569 1500 2632 κτίσις
1521 2572 1590 2640 τῇ
1610 2568 1844 2623 ἀναστά-

270 2668 356 2705 σει·
393 2653 829 2724 ἀνακαινίζηται·
914 2657 1038 2726 ἥτις
1127 2660 1183 2710 ὲν
1232 2659 1454 2730 Χριστῷ
1506 2659 1689 2722 καινὸς
1741 2659 1836 2712 κό-

262 2759 402 2812 ιμος
428 2743 562 2813 (47),
597 2746 960 2817 κοσμηθῶμεν
992 2751 1042 2800 οἱ
1077 2749 1340 2820 ἄκοσμοι·
1375 2751 1494 2820 ἥτις
1525 2753 1582 2804 ὲν
1625 2750 1846 2822 Χριστῷ

276 2835 598 2905 Ἐκκλησία,
652 2838 836 2901 καινὸς
882 2841 1107 2910 οὐρανὸς
1166 2842 1432 2912 σήμερον·
1485 2843 1712 2913 οὐρανὸς
1751 2843 1847 2897 τοῦ

1038 357 1322 415 liOMlLlA
1350 361 1414 416 lll
1451 360 1513 418 IN
1582 361 1689 417 DIE
1732 337 2338 420 RESURRECTIOMS
2370 364 2658 420 CHRISTI.

3375 367 3505 423 ’466

2687 485 2766 541 Ill.

1940 597 2125 653 Sancti
2156 595 2439 670 Epip/tgnii
2489 600 2716 670 episcopi
2772 599 2932 670 Cypri
2960 606 3132 670 oratio
3175 607 3229 659 in
3268 615 3508 660 sanctam

2304 664 2525 722 Christi
2548 664 2979 725 resurrectionem
3005 664 3162 744 (ὧδ’).

2370 840 2626 907 Benedic,
2664 842 2910 898 Domine.

2013 931 2574 1000 Triduanusjustitite
2615 927 2706 985 Sol
2744 930 3008 985 hodierna
3037 932 3125 988 die
3169 935 3507 999 resurrexit,

1939 1034 2264 1093 creatasque
2316 1037 2404 1078 res
2451 1037 2643 1078 omnes
2689 1015 2789 1076 sua
2831 1023 2950 1076 luce
2991 1025 3352 1079 eollustravit.
3387 1024 3511 1079 Tri-

1940 1115 2178 1180 duanus,
2213 1113 2458 1182 inquam,
2497 1112 2608 1174 ille,
2641 1119 2803 1180 atque
2837 1112 3092 1167 omnibus
3124 1113 3273 1181 prior
3297 1115 3512 1168 sreculi:

1939 1204 2224 1270 Christus;
2272 1204 2376 1268 sic,
2419 1210 2682 1272 tanquam
2719 1203 2930 1264 botrus,
2963 1202 3304 1271 germinavit,
3337 1217 3401 1256 ae
3431 1212 3510 1258 ῑο-

1939 1306 2055 1352 tum
2091 1305 2360 1352 terrarum
2405 1295 2590 1350 orbem
2645 1295 2833 1349 laetitia
2864 1294 3174 1364 complevit.
3211 1293 3344 1363 Age,
3373 1293 3516 1351 dilu-

1939 1391 2146 1455 culum,
2175 1388 2319 1458 quod
2373 1401 2656 1456 vesperam
2711 1389 2943 1457 ignorat,
2987 1387 3299 1440 intueamur
3337 1403 3350 1439 ε
3391 1393 3517 1441 ante

1939 1480 2240 1536 diluculum
2273 1493 2565 1549 surgamus
2600 1479 2794 1545 hodie,
2829 1485 2882 1532 et
2908 1477 3200 1532 hilaritatis
3222 1477 3342 1530 luce
3368 1491 3518 1530 com-

1940 1571 2209 1642 pleamur.
2240 1567 2546 1623 lnferorum
2583 1582 2614 1621 a
2640 1568 2859 1622 Christo
2891 1568 3174 1638 patefacta:
3220 1575 3349 1622 sunt
3391 1583 3517 1637 por-

1942 1669 2007 1716 tae
2027 1703 2042 1727 ,
2076 1675 2140 1715 ac
2164 1659 2364 1714 mortui
2400 1659 2551 1714 velut
2575 1674 2602 1711 a
2629 1673 2825 1714 somno
2857 1669 3238 1713 surrexerunt.
3271 1657 3520 1712 Surrexit

1940 1749 2197 1805 Christus
2221 1763 2413 1804 eorum
2442 1749 2796 1814 resurrectio,
2820 1749 2912 1818 qui
2942 1747 3271 1809 ceciderant,
3303 1755 3356 1800 et
3379 1745 3522 1800 Ada-

1943 1857 2090 1895 mum
2145 1855 2253 1894 una
2307 1854 2494 1894 secum
2541 1839 2823 1894 excitavit.
2879 1839 3199 1894 Resurrexit
3244 1837 3519 1903 Christus,

1943 1931 2250 1987 communis
2279 1931 2523 1985 omnium
2554 1932 2906 1996 resurrectio,
2969 1939 3130 2000 atque
3157 1929 3322 1985 Evam
3350 1945 3379 1983 a
3407 1945 3522 1982 nia--

1942 2023 2143 2077 ledieto
2179 2021 2446 2075 liberavit.
2481 2020 2806 2075 Resurrexit
2857 2021 3133 2085 Christus,
3157 2020 3520 2090 eumque,qui

1941 2114 2206 2170 deformis
2241 2115 2505 2168 hactenus
2563 2120 2617 2168 et
2649 2113 2976 2167 invenustus
3004 2121 3144 2178 erat,
3182 2128 3325 2167 novo
3355 2126 3521 2167 orna-

1941 2216 2000 2262 tu
2032 2217 2085 2262 et
2119 2207 2393 2261 hilaritate
2424 2205 2665 2276 perfudit
2693 2222 2707 2270 ;
2741 2208 3011 2260 excitatus
3072 2211 3174 2268 est,
3219 2205 3366 2260 velut
3395 2203 3518 2258 dor-

1943 2300 2142 2362 micns,
2172 2297 2458 2362 Dominus,
2491 2305 2544 2352 et
2584 2297 2768 2352 hostes
2811 2310 2941 2350 suos
2995 2310 3187 2350 omnes
3222 2294 3526 2349 foedissima

1945 2397 2125 2460 strage
2153 2389 2369 2443 cecidit.
2433 2387 2780 2452 Resurreait,
2817 2403 2880 2441 ac
2914 2387 3117 2441 creatis
3146 2387 3313 2442 rebus
3348 2386 3528 2439 omni-

1943 2481 2047 2536 bus
2094 2479 2352 2550 gaudium
2403 2479 2622 2542 attulit;
2656 2478 2976 2543 resurrexit,
3008 2486 3063 2531 et
3096 2475 3396 2530 inferorum
3432 2490 3526 2528 va-

1944 2578 2140 2625 cuatus
2168 2580 2253 2627 est
2280 2584 2471 2624 carcer
2497 2586 2512 2635 ;
2549 2568 2879 2630 resurrexit,
2914 2577 2967 2622 et
2999 2578 3211 2622 natura:
3240 2575 3525 2637 corrupte-

1947 2663 2054 2717 lam
2087 2663 2154 2717 ad
2192 2663 2571 2731 incorruptum
2625 2670 2826 2715 statum
2869 2659 3192 2725 transtulit;
3229 2659 3529 2714 resurrexit

1946 2756 2220 2821 Christus,
2251 2764 2306 2809 et
2351 2753 2620 2806 Adamum
2665 2753 2902 2822 priorem
2953 2751 3006 2804 in
3055 2749 3376 2819 dignitatem
3427 2749 3527 2801 im-

1950 2848 2298 2903 mortalitatis
2358 2847 2616 2901 restituit.
2655 2846 3008 2914 Quaecunque
3058 2851 3143 2899 est
3197 2844 3251 2896 in
3305 2842 3529 2896 Christo

259 2927 540 2998 δρωμένου
570 2928 794 2999 οὐρανοῦ
825 2932 1171 3004 ὠραιότερος.
1234 2934 1308 2986 υύ
1341 2934 1449 3005 γὰρ
1490 2935 1638 3004 ἣλιον
1688 2937 1845 3007 περί-

1953 2955 2092 2994 nova
2137 2948 2388 2994 creatura
2413 2978 2428 3002 ,
2465 2939 2870 2992 resurrectione
2915 2944 3179 3000 novetur;
3211 2935 3306 3003 qui
3353 2947 3530 2987 novus

261 3034 446 3071 κειται
477 3019 839 3092 καθημερινὸν
864 3022 1108 3089 δύνοντα,
1136 3025 1322 3079 Ἥλιον
1343 3026 1384 3079 δ’
1411 3026 1469 3080 ὃν
1496 3028 1587 3079 ἐπὶ
1615 3028 1848 3099 σταυροῦ

1950 3033 2034 3081 est
2060 3025 2297 3081 mundus
2328 3027 2343 3045 ‘
2363 3031 2381 3049 '
2401 3029 2416 3048 ¹
2439 3041 2542 3081 nos
2571 3034 2798 3081 ornatus
2829 3033 3078 3096 expertes
3101 3037 3389 3087 oruemur;
3411 3034 3532 3091 quas

260 3110 535 3174 αἰδεσθεὶς
561 3112 744 3166 ἔδυσεν
775 3116 804 3166 6
831 3114 1015 3179 δοῦλος
1061 3109 1215 3180 οὗτος
1264 3119 1436 3188 ἥλιος,
1473 3119 1684 3187 ⁸Ήλιον,
1723 3122 1850 3191 περὶ

1954 3115 2008 3168 in
2040 3114 2256 3170 Christo
2289 3122 2374 3169 est
2400 3112 2669 3178 Ecclesia,
2707 3127 2906 3167 novum
2963 3111 3125 3165 hodie
3168 3110 3366 3164 cwlum
3397 3114 3483 3162 est
3514 3125 3527 3160 :

260 3199 324 3258 οὗ
349 3221 512 3272 φησιν
551 3207 578 3258 6
610 3207 918 3278 προφήτης,
968 3207 1267 3262 Ἁνατελεῖ
1293 3209 1416 3275 τοῖς
1459 3211 1853 3279 φοϐουμένοις

1957 3206 2176 3267 coelum,
2229 3203 2473 3273 inquam,
2505 3203 2823 3273 aspectabili
2876 3203 2969 3256 illo
3017 3202 3159 3256 coelo
3208 3199 3528 3254 formosius.

260 3294 376 3348 τὸν
427 3295 658 3361 Ἰησοῦν
707 3294 1044 3368 (48)”11.ὶιος
1085 3298 1499 3367 δικαιοσύνης,
1545 3301 1753 3367 ’Ἠλιον,
1793 3302 1852 3355 ὃν

260 3386 297 3454 ὴ
350 3383 640 3454 Ἐκκλησία
713 3386 988 3457 ἀειλαμπῆ
1024 3387 1442 3460 περιϐέϐληται,
1479 3389 1546 3442 δι’
1591 3391 1649 3444 ὃν
1691 3408 1854 3462 φησιν

263 3475 302 3543 ἡ
329 3472 556 3543 Γραφή·
592 3474 793 3540 Ἥλιος
809 3474 1067 3543 ἐξῆλθεν
1093 3479 1177 3542 εις
1202 3476 1340 3546 γῆν,
1367 3479 1464 3532 και
1491 3479 1696 3532 Λωτόν
1718 3478 1854 3548 (49),

258 3565 349 3626 εἰς
399 3563 567 3617 τύπον
615 3562 708 3616 τοῦ
763 3564 948 3634 νόμου,
1005 3565 1292 3634 εἰσῆλθεν
1330 3569 1418 3632 εὶς
1458 3567 1669 3637 Σιγὼρ,
1715 3568 1854 3639 ὅπερ
1899 3613 1902 3618 .

257 3655 591 3724 σμικρότης
625 3655 1002 3725 ἑρμηνεύεται.
1037 3650 1204 3720 Οὗτος
1241 3661 1269 3711 6
1295 3659 1480 3722 ’Ἥλιος
1510 3659 1742 3727 σοφίζων
1787 3659 1854 3712 τά

256 3748 479 3815 ἄσοφον
517 3741 671 3811 οὗτος
703 3747 730 3799 6
778 3749 966 3812 ’Ἥλιος
995 3751 1052 3801 ὲν
1077 3748 1154 3818 τῷ
1188 3749 1391 3820 στερεῷ
1424 3749 1562 3820 μετὰ
1599 3751 1710 3820 (50)
1743 3751 1842 3820 τῆς

257 3840 296 3909 ἡ
308 3837 431 3908 μῶν
470 3839 706 3900 πίστεως
749 3840 1157 3909 τεθεμελίωται.
1190 3841 1289 3892 Διά
1313 3839 1502 3893 τοῦτον
1534 3840 1624 3893 τὸν
1652 3841 1750 3910 τῆς
1778 3840 1856 3894 δι-

253 3928 566 3996 καιοσύνης
596 3926 782 3978 Ἥλιον
823 3927 1058 3996 Χριστὸν
1081 3929 1308 3996 οὐρανὸς
1351 3929 1384 3996 ή
1431 3927 1726 3996 Ἐκκλησία
1763 3944 1857 3994 γε·

254 4021 502 4088 γένηται
528 4032 542 4046 ο
591 4017 652 4068 οὐ
691 4015 916 4086 σελήνην
952 4016 1220 4083 αὔξουσαν
1265 4020 1358 4070 καὶ
1395 4019 1688 4088 λήγουσαν,
1724 4017 1857 4069 ἀλλά

250 4110 435 4182 χάριν
474 4105 756 4177 ἀειλαμπῆ
809 4107 1034 4176 έχουσαο
1095 4107 1193 4158 οὐκ
1239 4107 1472 4176 ἀστέρας
1533 4107 1685 4169 τινὰς
1730 4106 1863 4159 πλα-

254 4200 440 4267 νήτας
506 4195 872 4248 ἀνατέλλουσα
909 4235 924 4260 ,
1005 4195 1120 4248 ἀλλ’
1184 4194 1418 4264 ἀστέρας
1473 4194 1862 4260 νεοφωτίστους

260 4291 340 4341 ὲκ
371 4285 758 4356 κολυμϐήθρας
796 4285 1140 4356 ἀναφέρουσα
1163 4301 1174 4313 ·
1218 4286 1277 4338 οὐ
1312 4284 1542 4353 νεφέλας
1576 4283 1855 4354 ὀμϐροφό-

263 4395 430 4451 ρους,
457 4378 592 4431 ἀλλά
619 4377 975 4440 διδασκάλους
1012 4376 1348 4448 θεολόγουςὴ
1389 4375 1684 4446 Ἐκκλησία
1706 4377 1861 4446 έχου-

265 4484 381 4521 σα·
415 4467 514 4520 οὐκ
555 4467 647 4520 ἐπὶ
675 4467 782 4520 τῶν
822 4466 1058 4537 θολερῶν
1103 4467 1311 4521 ὑδάτων
1356 4466 1705 4538 κρεμαμένη,
1745 4467 1860 4521 ἀλλ’

1955 3295 2141 3364 Neque
2169 3295 2312 3348 enim
2345 3297 2513 3350 solem
2557 3296 2710 3349 illum
2759 3295 2948 3355 ambit,
2981 3294 3074 3362 qui
3107 3291 3351 3362 quotidie
3381 3289 3530 3344 occi-

1956 3384 2081 3439 dit:
2118 3384 2213 3439 sed
2255 3399 2378 3439 eum
2422 3384 2624 3446 Solem,
2675 3400 2835 3453 quem
2883 3384 2938 3438 in
2989 3399 3152 3437 cruce
3202 3394 3531 3450 suspensum

1957 3472 2193 3528 famulus
2238 3473 2341 3527 iste
2369 3473 2451 3526 sol
2477 3473 2744 3528 reveritus
2775 3473 2980 3527 occidit
3008 3490 3020 3524 :
3053 3472 3254 3538 Solem,
3288 3472 3531 3538 inquam,
3560 3534 3564 3538 ‘

1956 3565 2024 3620 de
2069 3579 2177 3634 quo
2231 3563 2306 3618 ita
2358 3564 2622 3633 propheta
2659 3565 2903 3634 loquitur
2935 3584 2947 3618 :
2984 3563 3201 3619 Orietur
3228 3563 3534 3617 timentibus

1958 3655 2243 3708 Dominum
2282 3654 2377 3708 Sol
2402 3655 2686 3724 justitiw‘.
2725 3655 2908 3711 Solem
2941 3657 3094 3710 illum
3149 3656 3404 3725 denique,
3440 3655 3533 3726 qui

1959 3747 2180 3801 assidue
2211 3744 2425 3815 fulgens
2456 3744 2718 3801 Ecclesiae
2740 3746 3112 3802 cireumquus
3145 3754 3249 3801 est.
3271 3747 3351 3800 Ad
3374 3760 3533 3816 quem

1955 3838 2259 3906 respiciens
2288 3835 2570 3904 Scriptura
2600 3836 2737 3890 dixit
2801 3843 2817 3881 ε
2888 3835 2982 3893 Sol
3017 3852 3252 3905 egressus
3281 3850 3355 3891 est
3385 3854 3543 3906 super

1957 3938 2176 3992 terram,
2214 3935 2262 3978 et
2307 3924 2426 3996 Lot,
2461 3927 2514 3978 iu
2551 3925 2777 3995 figuram
2828 3925 2981 3994 legis,
3019 3925 3284 3992 ingressus
3325 3933 3401 3976 est
3440 3924 3537 3975 Se—

1960 4019 2118 4084 gor‘,
2155 4013 2301 4084 quod
2329 4015 2644 4081 parvitatem
2686 4015 3133 4082 interpretamur.
3161 4012 3260 4065 llic
3313 4021 3398 4066 est
3448 4012 3538 4064 ille

1966 4104 2081 4169 Sol,
2115 4105 2208 4172 qui
2262 4103 2585 4172 sapientiam
2646 4103 3040 4173 insipientibus
3073 4103 3324 4166 confert;
3359 4103 3452 4172 qui
3480 4102 3535 4155 in

1967 4194 2088 4248 lidei
2117 4202 2316 4248 nostra:
2344 4192 2688 4251 firmamento
2713 4194 2974 4249 fundatus
3006 4203 3107 4249 est.
3140 4193 3369 4262 Propter
3389 4193 3539 4246 hunc

1961 4285 2188 4357 justitiae
2223 4284 2405 4340 Solem
2431 4284 2735 4353 Christum,
2755 4286 2952 4339 caelum
2985 4293 3070 4340 est
3098 4284 3342 4339 Ecclesia
3369 4283 3535 4346 facta,

1967 4390 2076 4431 non
2098 4385 2434 4430 crescentem
2477 4376 2924 4446 desinentemque
2940 4377 3148 4440 lunam,
3165 4375 3258 4431 sed
3279 4383 3540 4446 perpetuo

1970 4467 2260 4537 splendore
2288 4469 2580 4523 micantem
2625 4477 2923 4524 consecuta
2953 4470 3202 4538 gratiam.
3246 4467 3432 4538 Neque
3455 4483 3542 4523 er-

262 4559 372 4613 ὲπὶ
399 4557 504 4611 τῶν
530 4558 691 4630 ἱερῶν
713 4525 997 4628 δογμάτων
1019 4525 1486 4628 τεθεμελιωμένηῑ·
1517 4525 1617 4611 ούκ
1659 4525 1862 4627 δμὸρον

1969 4525 2217 4610 rahunda
2249 4555 2438 4610 nescio
2465 4572 2586 4626 qua:
2610 4558 2862 4613 attollens
2893 4525 3091 4627 sidera,
3129 4557 3224 4613 sed
3259 4525 3450 4613 recens
3475 4558 3542 4611 il-

264 4666 366 4720 χει
374 4648 606 4718 μωνικδν
624 4649 1045 4718 ἀναπέμπουσα,
1067 4648 1168 4702 οὐκ
1193 4648 1395 4718 ὀρνέων
1424 4647 1712 4717 κλαγγαῖς,
1728 4648 1862 4701 ἀλλά

1969 4651 2269 4706 luminatas
2298 4666 2365 4706 ex
2404 4651 2617 4721 piscina
2643 4653 2832 4707 stellas
2860 4652 3120 4708 educens.
3151 4651 3270 4708 Non
3297 4651 3540 4706 imbrife-

266 4739 618 4795 διδασκάλων
645 4743 847 4808 φωναῖς
869 4739 1188 4811 ἀνθρώπους
1212 4739 1606 4807 καταλέγουσα.

1972 4756 2062 4796 ras
2097 4741 2299 4808 nubes,
2331 4743 2428 4797 sed
2465 4743 2744 4813 theologos
2778 4743 3030 4799 doctores
3066 4743 3230 4798 habet
3274 4742 3538 4798 Ecclesia.

270 4833 472 4901 Neque
493 4832 562 4887 ad
591 4847 760 4903 aquas
782 4833 1029 4889 turbidas
1052 4833 1427 4903 suspenditur,
1477 4833 1572 4889 sed
1626 4846 1910 4888 sacrorum
1947 4834 2266 4905 dogmatum
2318 4836 2691 4892 fundamentis
2753 4838 3026 4892 innititur.
3097 4835 3215 4892 Non
3283 4837 3543 4892 hibernas

269 4926 410 4980 illas
443 4924 656 4995 pluvias
715 4925 1007 4991 emittens,
1064 4940 1239 4996 neque
1281 4925 1525 4982 stridulis
1575 4925 1755 4981 avium
1807 4927 2178 4995 clangiribus,
2207 4927 2302 4981 sed
2349 4929 2736 4998 iungistrorum
2798 4930 3027 4984 vocibus
3053 4929 3300 4983 homines
3329 4928 3536 4999 deligit.

357 5107 520 5174 Αὕτη
558 5108 780 5177 ἡμέρα,
831 5106 911 5174 ἢν
961 5108 1248 5175 ἐποίησεν
1293 5111 1328 5161 ὁ
1373 5109 1622 5178 Κύριος-ο
1675 5109 1860 5178 ἀγαλ-

2044 5107 2172 5162 Hcec
2202 5107 2333 5171 dies,
2375 5123 2530 5177 quam
2561 5108 2685 5178 fecit
2712 5108 2970 5164 Dominus
2996 5126 3010 5174 ;
3035 5107 3358 5164 exsultemus
3383 5105 3546 5178 spiri-

269 5196 630 5260 διωσώμεθα
676 5197 1063 5267 πνευματικῶς
1079 5237 1094 5262 ,
1145 5198 1241 5253 καὶ
1281 5197 1704 5267 εὐφρανθῶμεν
1745 5199 1860 5251 θεο-

1969 5199 2173 5263 taliter,
2205 5209 2253 5253 et
2278 5199 2478 5255 divinis
2512 5202 2726 5272 gaudiis
2751 5200 2990 5257 la'tcmur
3013 5201 3068 5256 in
3095 5202 3210 5270 ipsa
3226 5199 3266 5254 '.
3289 5197 3361 5253 Ea
3382 5196 3545 5268 quip-

366 5347 632 5406 ‘Malach.
668 5365 741 5416 Iv,
772 5349 825 5403 2.
917 5353 936 5381 ’
957 5346 1091 5405 Gen.
1125 5367 1237 5416 xxx,
1265 5344 1355 5405 ΞΒ.
1431 5353 1451 5385 ³
1474 5351 1620 5408 Psal.
1654 5365 1823 5418 cxvu,
1853 5351 1946 5406 ει.

368 5484 1038 5577 (ᾅξέχῡίοιιγεὶοῄΡειθγίο
1067 5507 1376 5577 interprete.

368 5573 479 5642 (46)
506 5573 565 5628 F.
595 5573 986 5647 πληρωθῶμεν.

373 5659 802 5733 (t§‘)__For_tasse
828 5661 1281 5733 κατακοσμήσεις.

370 5731 417 5787 (4
431 5731 480 5798 7)
513 5728 730 5784 Mutilus
757 5730 933 5786 locus.

2052 5506 2162 5577 (48)
2197 5507 2322 5562 Cor.
2356 5504 2576 5577 Κύριον.

2072 5575 2161 5632 49ὶ
2195 5577 2321 5632 Cor.
2352 5575 2494 5629 Λώτ.

2076 5642 2165 5718 50)
2203 5647 2325 5703 Cor.
2357 5642 2713 5718 στερεώματι.
