  <div class='ocr_page' id='page_1' title='image "/cluster/home/n/w/nwhite01/storage/ocr_20150623/43/mdp.39015013284818/273.png"; bbox 0 0 3978 6220; ppageno 0'>
   <div class='ocr_carea' id='block_1_1' title="bbox 432 337 546 395">
    <p class='ocr_par' dir='ltr' id='par_1_1' title="bbox 432 337 546 395">
     <span class='ocr_line' id='line_1_1' title="bbox 432 337 546 395; baseline 0.018 -3"><span class='ocrx_word' id='word_1_1' title='bbox 432 337 546 395; x_wconf 71' lang='grc'><strong>⁸467</strong></span> 
     </span>
    </p>
   </div>
   <div class='ocr_carea' id='block_1_2' title="bbox 1704 340 2399 405">
    <p class='ocr_par' dir='ltr' id='par_1_2' title="bbox 1704 340 2399 405">
     <span class='ocr_line' id='line_1_2' title="bbox 1704 340 2399 405; baseline 0.013 -10"><span class='ocrx_word' id='word_1_2' title='bbox 1704 340 1911 401; x_wconf 77' lang='lat' dir='ltr'><strong>DUBIA</strong></span> <span class='ocrx_word' id='word_1_3' title='bbox 1945 343 2084 401; x_wconf 82' lang='lat' dir='ltr'><strong>AUT</strong></span> <span class='ocrx_word' id='word_1_4' title='bbox 2124 345 2399 405; x_wconf 75' lang='lat' dir='ltr'><strong>SPURIA.</strong></span> 
     </span>
    </p>
   </div>
   <div class='ocr_carea' id='block_1_3' title="bbox 3606 355 3713 413">
    <p class='ocr_par' dir='ltr' id='par_1_3' title="bbox 3606 355 3713 413">
     <span class='ocr_line' id='line_1_3' title="bbox 3606 355 3713 413; baseline -0.028 -1"><span class='ocrx_word' id='word_1_5' title='bbox 3606 355 3713 413; x_wconf 62' lang='lat'><strong>568</strong></span> 
     </span>
    </p>
   </div>
   <div class='ocr_carea' id='block_1_4' title="bbox 451 468 2039 556">
    <p class='ocr_par' dir='ltr' id='par_1_4' title="bbox 451 468 2025 549">
     <span class='ocr_line' id='line_1_4' title="bbox 451 468 2025 549; baseline 0.006 -26"><span class='ocrx_word' id='word_1_6' title='bbox 451 468 805 540; x_wconf 77' lang='lat' dir='ltr'><strong>pefestorum</strong></span> <span class='ocrx_word' id='word_1_7' title='bbox 838 475 995 531; x_wconf 86' lang='lat' dir='ltr'><strong>nobis</strong></span> <span class='ocrx_word' id='word_1_8' title='bbox 1018 474 1261 529; x_wconf 88' lang='lat' dir='ltr'><strong>omnium</strong></span> <span class='ocrx_word' id='word_1_9' title='bbox 1287 482 1370 531; x_wconf 84' lang='lat' dir='ltr'><strong>est</strong></span> <span class='ocrx_word' id='word_1_10' title='bbox 1397 475 1674 547; x_wconf 81' lang='lat' dir='ltr'><strong>princeps.</strong></span> <span class='ocrx_word' id='word_1_11' title='bbox 1702 475 1816 532; x_wconf 87' lang='lat' dir='ltr'><strong>Hoc</strong></span> <span class='ocrx_word' id='word_1_12' title='bbox 1846 478 2025 549; x_wconf 85' lang='lat' dir='ltr'><strong>ipsum</strong></span> 
     </span>
    </p>
   </div>
   <div class='ocr_carea' id='block_1_5' title="bbox 2141 468 3709 556">
    <p class='ocr_par' dir='ltr' id='par_1_5' title="bbox 2141 477 3709 556">
     <span class='ocr_line' id='line_1_5' title="bbox 2141 477 3709 556; baseline -0.002 -22"><span class='ocrx_word' id='word_1_13' title='bbox 2141 482 2357 552; x_wconf 83' lang='grc' dir='ltr'>πρεπῶς</span> <span class='ocrx_word' id='word_1_14' title='bbox 2378 484 2446 538; x_wconf 80' lang='grc' dir='ltr'><strong>ἐν</strong></span> <span class='ocrx_word' id='word_1_15' title='bbox 2463 477 2643 548; x_wconf 70' lang='grc' dir='ltr'>αὐτῇ.</span> <span class='ocrx_word' id='word_1_16' title='bbox 2664 480 2812 555; x_wconf 78' lang='grc' dir='ltr'>Αὕτη</span> <span class='ocrx_word' id='word_1_17' title='bbox 2858 484 2988 556; x_wconf 79' lang='grc' dir='ltr'>ἡμῖν</span> <span class='ocrx_word' id='word_1_18' title='bbox 3046 485 3079 555; x_wconf 88' lang='grc' dir='ltr'><strong>ή</strong></span> <span class='ocrx_word' id='word_1_19' title='bbox 3121 482 3309 538; x_wconf 82' lang='grc' dir='ltr'>πασῶν</span> <span class='ocrx_word' id='word_1_20' title='bbox 3349 480 3457 536; x_wconf 84' lang='grc' dir='ltr'>τῶν</span> <span class='ocrx_word' id='word_1_21' title='bbox 3499 478 3709 550; x_wconf 71' lang='grc' dir='ltr'>ἑορτῶν</span> 
     </span>
    </p>
   </div>
   <div class='ocr_carea' id='block_1_6' title="bbox 449 560 2027 634">
    <p class='ocr_par' dir='ltr' id='par_1_6' title="bbox 449 560 2027 634">
     <span class='ocr_line' id='line_1_6' title="bbox 449 560 2027 634; baseline 0.006 -20"><span class='ocrx_word' id='word_1_22' title='bbox 449 568 535 614; x_wconf 88' lang='lat' dir='ltr'><strong>est</strong></span> <span class='ocrx_word' id='word_1_23' title='bbox 575 560 797 628; x_wconf 82' lang='lat' dir='ltr'><strong>festum,</strong></span> <span class='ocrx_word' id='word_1_24' title='bbox 833 564 901 619; x_wconf 88' lang='lat' dir='ltr'><strong>de</strong></span> <span class='ocrx_word' id='word_1_25' title='bbox 925 580 1035 634; x_wconf 88' lang='lat' dir='ltr'><strong>quo</strong></span> <span class='ocrx_word' id='word_1_26' title='bbox 1068 562 1308 634; x_wconf 73' lang='lat' dir='ltr'><strong>Spiritus</strong></span> <span class='ocrx_word' id='word_1_27' title='bbox 1343 575 1570 619; x_wconf 86' lang='lat' dir='ltr'><strong>sanctus</strong></span> <span class='ocrx_word' id='word_1_28' title='bbox 1596 566 1681 620; x_wconf 88' lang='lat' dir='ltr'><strong>his</strong></span> <span class='ocrx_word' id='word_1_29' title='bbox 1712 581 1813 621; x_wconf 87' lang='lat' dir='ltr'><strong>nos</strong></span> <span class='ocrx_word' id='word_1_30' title='bbox 1844 568 2027 623; x_wconf 89' lang='lat' dir='ltr'><strong>verbis</strong></span> 
     </span>
    </p>
   </div>
   <div class='ocr_carea' id='block_1_7' title="bbox 452 652 2027 712">
    <p class='ocr_par' dir='ltr' id='par_1_7' title="bbox 452 652 2027 712">
     <span class='ocr_line' id='line_1_7' title="bbox 452 652 2027 712; baseline 0.005 -8"><span class='ocrx_word' id='word_1_31' title='bbox 452 652 747 708; x_wconf 84' lang='lat' dir='ltr'><strong>hortatur:</strong></span> <span class='ocrx_word' id='word_1_32' title='bbox 778 653 1095 710; x_wconf 81' lang='lat' dir='ltr'><strong>Constituite</strong></span> <span class='ocrx_word' id='word_1_33' title='bbox 1140 658 1277 709; x_wconf 85' lang='lat' dir='ltr'><strong>diem</strong></span> <span class='ocrx_word' id='word_1_34' title='bbox 1323 656 1606 710; x_wconf 82' lang='lat' dir='ltr'><strong>solemnem</strong></span> <span class='ocrx_word' id='word_1_35' title='bbox 1654 658 1709 709; x_wconf 77' lang='lat' dir='ltr'><strong>in</strong></span> <span class='ocrx_word' id='word_1_36' title='bbox 1753 657 2027 712; x_wconf 74' lang='lat' dir='ltr'><strong>condensis</strong></span> 
     </span>
    </p>
   </div>
   <div class='ocr_carea' id='block_1_8' title="bbox 449 745 2028 822">
    <p class='ocr_par' dir='ltr' id='par_1_8' title="bbox 449 745 2028 822">
     <span class='ocr_line' id='line_1_8' title="bbox 449 745 2028 822; baseline 0.004 -23"><span class='ocrx_word' id='word_1_37' title='bbox 449 745 635 809; x_wconf 89' lang='lat' dir='ltr'><strong>simul,</strong></span> <span class='ocrx_word' id='word_1_38' title='bbox 667 754 721 799; x_wconf 90' lang='lat' dir='ltr'><strong>et</strong></span> <span class='ocrx_word' id='word_1_39' title='bbox 751 755 995 817; x_wconf 89' lang='lat' dir='ltr'><strong>tempore</strong></span> <span class='ocrx_word' id='word_1_40' title='bbox 1042 766 1143 803; x_wconf 85' lang='lat' dir='ltr'><strong>suo</strong></span> <span class='ocrx_word' id='word_1_41' title='bbox 1188 748 1519 815; x_wconf 82' lang='lat' dir='ltr'><strong>foventibus,</strong></span> <span class='ocrx_word' id='word_1_42' title='bbox 1550 767 1710 822; x_wconf 77' lang='lat' dir='ltr'><strong>usque</strong></span> <span class='ocrx_word' id='word_1_43' title='bbox 1753 752 1821 806; x_wconf 87' lang='lat' dir='ltr'><strong>ad</strong></span> <span class='ocrx_word' id='word_1_44' title='bbox 1867 768 2028 807; x_wconf 77' lang='lat' dir='ltr'><strong>cornu</strong></span> 
     </span>
    </p>
   </div>
   <div class='ocr_carea' id='block_1_9' title="bbox 449 836 2029 900">
    <p class='ocr_par' dir='ltr' id='par_1_9' title="bbox 449 836 2029 900">
     <span class='ocr_line' id='line_1_9' title="bbox 449 836 2029 900; baseline 0.006 -10"><span class='ocrx_word' id='word_1_45' title='bbox 449 837 700 892; x_wconf 77' lang='lat' dir='ltr'><strong>altaris‘.</strong></span> <span class='ocrx_word' id='word_1_46' title='bbox 736 836 851 894; x_wconf 86' lang='lat' dir='ltr'><strong>Hoc</strong></span> <span class='ocrx_word' id='word_1_47' title='bbox 879 848 964 895; x_wconf 88' lang='lat' dir='ltr'><strong>est</strong></span> <span class='ocrx_word' id='word_1_48' title='bbox 994 842 1161 900; x_wconf 91' lang='lat' dir='ltr'><strong>totius</strong></span> <span class='ocrx_word' id='word_1_49' title='bbox 1196 842 1383 896; x_wconf 92' lang='lat' dir='ltr'><strong>mundi</strong></span> <span class='ocrx_word' id='word_1_50' title='bbox 1418 841 1617 898; x_wconf 82' lang='lat' dir='ltr'><strong>festum</strong></span> <span class='ocrx_word' id='word_1_51' title='bbox 1645 858 1753 898; x_wconf 94' lang='lat' dir='ltr'><strong>una</strong></span> <span class='ocrx_word' id='word_1_52' title='bbox 1776 852 1831 899; x_wconf 92' lang='lat' dir='ltr'><strong>et</strong></span> <span class='ocrx_word' id='word_1_53' title='bbox 1855 860 2029 900; x_wconf 66' lang='lat' dir='ltr'><strong>encae-</strong></span> 
     </span>
    </p>
   </div>
   <div class='ocr_carea' id='block_1_10' title="bbox 448 929 2027 1007">
    <p class='ocr_par' dir='ltr' id='par_1_10' title="bbox 448 929 2027 1007">
     <span class='ocr_line' id='line_1_10' title="bbox 448 929 2027 1007; baseline 0.006 -24"><span class='ocrx_word' id='word_1_54' title='bbox 448 929 539 983; x_wconf 88' lang='lat' dir='ltr'><strong>nia</strong></span> <span class='ocrx_word' id='word_1_55' title='bbox 570 930 821 1000; x_wconf 69' lang='lat' dir='ltr'><strong>quaedam</strong></span> <span class='ocrx_word' id='word_1_56' title='bbox 849 932 1138 999; x_wconf 81' lang='lat' dir='ltr'><strong>exhibens,</strong></span> <span class='ocrx_word' id='word_1_57' title='bbox 1187 943 1240 989; x_wconf 88' lang='lat' dir='ltr'><strong>et</strong></span> <span class='ocrx_word' id='word_1_58' title='bbox 1272 934 1531 990; x_wconf 86' lang='lat' dir='ltr'><strong>salutare.</strong></span> <span class='ocrx_word' id='word_1_59' title='bbox 1572 935 1722 991; x_wconf 86' lang='lat' dir='ltr'><strong>Idem</strong></span> <span class='ocrx_word' id='word_1_60' title='bbox 1756 952 1922 1007; x_wconf 89' lang='lat' dir='ltr'><strong>porro</strong></span> <span class='ocrx_word' id='word_1_61' title='bbox 1952 936 2027 993; x_wconf 86' lang='lat' dir='ltr'><strong>fe-</strong></span> 
     </span>
    </p>
   </div>
   <div class='ocr_carea' id='block_1_11' title="bbox 447 1024 2030 1095">
    <p class='ocr_par' dir='ltr' id='par_1_11' title="bbox 447 1024 2030 1095">
     <span class='ocr_line' id='line_1_11' title="bbox 447 1024 2030 1095; baseline 0.005 -20"><span class='ocrx_word' id='word_1_62' title='bbox 447 1030 593 1075; x_wconf 89' lang='lat' dir='ltr'><strong>stum</strong></span> <span class='ocrx_word' id='word_1_63' title='bbox 629 1030 818 1077; x_wconf 82' lang='lat' dir='ltr'><strong>vertex</strong></span> <span class='ocrx_word' id='word_1_64' title='bbox 860 1030 947 1077; x_wconf 87' lang='lat' dir='ltr'><strong>est</strong></span> <span class='ocrx_word' id='word_1_65' title='bbox 972 1035 1025 1078; x_wconf 90' lang='lat' dir='ltr'><strong>et</strong></span> <span class='ocrx_word' id='word_1_66' title='bbox 1051 1039 1147 1078; x_wconf 79' lang='lat' dir='ltr'><strong>arx</strong></span> <span class='ocrx_word' id='word_1_67' title='bbox 1180 1024 1430 1095; x_wconf 79' lang='lat' dir='ltr'><strong>quaedam</strong></span> <span class='ocrx_word' id='word_1_68' title='bbox 1464 1025 1728 1082; x_wconf 79' lang='lat' dir='ltr'><strong>festorum</strong></span> <span class='ocrx_word' id='word_1_69' title='bbox 1760 1029 2030 1083; x_wconf 90' lang='lat' dir='ltr'><strong>omnium.</strong></span> 
     </span>
    </p>
   </div>
   <div class='ocr_carea' id='block_1_12' title="bbox 448 1110 2029 1190">
    <p class='ocr_par' dir='ltr' id='par_1_12' title="bbox 448 1110 2029 1190">
     <span class='ocr_line' id='line_1_12' title="bbox 448 1110 2029 1190; baseline 0.006 -25"><span class='ocrx_word' id='word_1_70' title='bbox 448 1110 577 1167; x_wconf 74' lang='lat' dir='ltr'><strong>llaec</strong></span> <span class='ocrx_word' id='word_1_71' title='bbox 607 1114 749 1178; x_wconf 89' lang='lat' dir='ltr'><strong>dies,</strong></span> <span class='ocrx_word' id='word_1_72' title='bbox 775 1114 866 1168; x_wconf 93' lang='lat' dir='ltr'><strong>cui</strong></span> <span class='ocrx_word' id='word_1_73' title='bbox 888 1115 1166 1170; x_wconf 77' lang='lat' dir='ltr'><strong>benedixit</strong></span> <span class='ocrx_word' id='word_1_74' title='bbox 1184 1116 1354 1182; x_wconf 86' lang='lat' dir='ltr'><strong>Deus,</strong></span> <span class='ocrx_word' id='word_1_75' title='bbox 1373 1126 1427 1173; x_wconf 89' lang='lat' dir='ltr'><strong>et</strong></span> <span class='ocrx_word' id='word_1_76' title='bbox 1448 1119 1812 1175; x_wconf 86' lang='lat' dir='ltr'><strong>sanctiﬁcavit</strong></span> <span class='ocrx_word' id='word_1_77' title='bbox 1832 1119 2029 1190; x_wconf 83' lang='lat' dir='ltr'><strong>ipsam,</strong></span> 
     </span>
    </p>
   </div>
   <div class='ocr_carea' id='block_1_13' title="bbox 363 1204 2033 1281">
    <p class='ocr_par' dir='ltr' id='par_1_13' title="bbox 363 1204 2033 1281">
     <span class='ocr_line' id='line_1_13' title="bbox 363 1204 2033 1281; baseline 0.007 -26"><span class='ocrx_word' id='word_1_78' title='bbox 363 1214 384 1230; x_wconf 75' lang='lat'><em>‘</em></span> <span class='ocrx_word' id='word_1_79' title='bbox 447 1204 711 1273; x_wconf 85' lang='lat' dir='ltr'><strong>quoniam</strong></span> <span class='ocrx_word' id='word_1_80' title='bbox 754 1205 808 1259; x_wconf 89' lang='lat' dir='ltr'><strong>in</strong></span> <span class='ocrx_word' id='word_1_81' title='bbox 860 1205 952 1259; x_wconf 89' lang='lat' dir='ltr'><strong>illa</strong></span> <span class='ocrx_word' id='word_1_82' title='bbox 988 1206 1055 1260; x_wconf 91' lang='lat' dir='ltr'><strong>ab</strong></span> <span class='ocrx_word' id='word_1_83' title='bbox 1087 1208 1235 1262; x_wconf 90' lang='lat' dir='ltr'><strong>omni</strong></span> <span class='ocrx_word' id='word_1_84' title='bbox 1275 1223 1377 1264; x_wconf 90' lang='lat' dir='ltr'><strong>suo</strong></span> <span class='ocrx_word' id='word_1_85' title='bbox 1408 1224 1574 1281; x_wconf 89' lang='lat' dir='ltr'><strong>opere</strong></span> <span class='ocrx_word' id='word_1_86' title='bbox 1600 1213 1875 1267; x_wconf 74' lang='lat' dir='ltr'><strong>cessavit&#39;</strong></span> <span class='ocrx_word' id='word_1_87' title='bbox 1901 1253 1916 1278; x_wconf 93' lang='lat'><strong>,</strong></span> <span class='ocrx_word' id='word_1_88' title='bbox 1942 1213 2033 1267; x_wconf 85' lang='lat' dir='ltr'><strong>ubi</strong></span> 
     </span>
    </p>
   </div>
   <div class='ocr_carea' id='block_1_14' title="bbox 360 1298 2032 1372">
    <p class='ocr_par' dir='ltr' id='par_1_14' title="bbox 360 1298 2032 1372">
     <span class='ocr_line' id='line_1_14' title="bbox 360 1298 2032 1372; baseline 0.005 -24"><span class='ocrx_word' id='word_1_89' title='bbox 360 1321 369 1333; x_wconf 76' lang='grc' dir='ltr'>ι</span> <span class='ocrx_word' id='word_1_90' title='bbox 449 1303 560 1349; x_wconf 87' lang='lat' dir='ltr'><strong>tam</strong></span> <span class='ocrx_word' id='word_1_91' title='bbox 591 1305 781 1352; x_wconf 86' lang='lat' dir='ltr'><strong>eorum</strong></span> <span class='ocrx_word' id='word_1_92' title='bbox 816 1298 909 1365; x_wconf 88' lang='lat' dir='ltr'><strong>qui</strong></span> <span class='ocrx_word' id='word_1_93' title='bbox 942 1298 997 1351; x_wconf 91' lang='lat' dir='ltr'><strong>in</strong></span> <span class='ocrx_word' id='word_1_94' title='bbox 1041 1306 1209 1364; x_wconf 90' lang='lat' dir='ltr'><strong>terra,</strong></span> <span class='ocrx_word' id='word_1_95' title='bbox 1242 1314 1405 1370; x_wconf 89' lang='lat' dir='ltr'><strong>quam</strong></span> <span class='ocrx_word' id='word_1_96' title='bbox 1446 1302 1543 1372; x_wconf 86' lang='lat' dir='ltr'><strong>qui</strong></span> <span class='ocrx_word' id='word_1_97' title='bbox 1572 1302 1677 1359; x_wconf 90' lang='lat' dir='ltr'><strong>sub</strong></span> <span class='ocrx_word' id='word_1_98' title='bbox 1708 1310 1854 1359; x_wconf 90' lang='lat' dir='ltr'><strong>terra</strong></span> <span class='ocrx_word' id='word_1_99' title='bbox 1884 1309 2032 1370; x_wconf 88' lang='lat' dir='ltr'><strong>sunt,</strong></span> 
     </span>
    </p>
   </div>
   <div class='ocr_carea' id='block_1_15' title="bbox 450 1385 2034 1458">
    <p class='ocr_par' dir='ltr' id='par_1_15' title="bbox 450 1385 2034 1458">
     <span class='ocr_line' id='line_1_15' title="bbox 450 1385 2034 1458; baseline 0.006 -20"><span class='ocrx_word' id='word_1_100' title='bbox 450 1385 685 1440; x_wconf 82' lang='lat' dir='ltr'><strong>salutem</strong></span> <span class='ocrx_word' id='word_1_101' title='bbox 734 1386 973 1456; x_wconf 80' lang='lat' dir='ltr'><strong>perfecte</strong></span> <span class='ocrx_word' id='word_1_102' title='bbox 1021 1390 1251 1446; x_wconf 88' lang='lat' dir='ltr'><strong>molitus</strong></span> <span class='ocrx_word' id='word_1_103' title='bbox 1290 1399 1409 1458; x_wconf 90' lang='lat' dir='ltr'><strong>est;</strong></span> <span class='ocrx_word' id='word_1_104' title='bbox 1446 1393 1503 1447; x_wconf 94' lang='lat' dir='ltr'><strong>in</strong></span> <span class='ocrx_word' id='word_1_105' title='bbox 1536 1393 1725 1447; x_wconf 88' lang='lat' dir='ltr'><strong>eadem</strong></span> <span class='ocrx_word' id='word_1_106' title='bbox 1752 1394 1841 1448; x_wconf 88' lang='lat' dir='ltr'><strong>die</strong></span> <span class='ocrx_word' id='word_1_107' title='bbox 1868 1394 2034 1450; x_wconf 88' lang='lat' dir='ltr'><strong>simu-</strong></span> 
     </span>
    </p>
   </div>
   <div class='ocr_carea' id='block_1_16' title="bbox 451 1478 2036 1556">
    <p class='ocr_par' dir='ltr' id='par_1_16' title="bbox 451 1478 2036 1556">
     <span class='ocr_line' id='line_1_16' title="bbox 451 1478 2036 1556; baseline 0.007 -26"><span class='ocrx_word' id='word_1_108' title='bbox 451 1478 730 1532; x_wconf 88' lang='lat' dir='ltr'><strong>lacrorum</strong></span> <span class='ocrx_word' id='word_1_109' title='bbox 761 1486 816 1533; x_wconf 91' lang='lat' dir='ltr'><strong>et</strong></span> <span class='ocrx_word' id='word_1_110' title='bbox 845 1479 1144 1536; x_wconf 82' lang='lat' dir='ltr'><strong>bestiarum</strong></span> <span class='ocrx_word' id='word_1_111' title='bbox 1176 1497 1335 1539; x_wconf 89' lang='lat' dir='ltr'><strong>sacra</strong></span> <span class='ocrx_word' id='word_1_112' title='bbox 1368 1491 1425 1539; x_wconf 91' lang='lat' dir='ltr'><strong>et</strong></span> <span class='ocrx_word' id='word_1_113' title='bbox 1453 1485 1775 1541; x_wconf 78' lang='lat' dir='ltr'><strong>saltationes</strong></span> <span class='ocrx_word' id='word_1_114' title='bbox 1800 1486 2036 1556; x_wconf 78' lang='lat' dir='ltr'><strong>abroga-</strong></span> 
     </span>
    </p>
   </div>
   <div class='ocr_carea' id='block_1_17' title="bbox 451 1568 2035 1646">
    <p class='ocr_par' dir='ltr' id='par_1_17' title="bbox 451 1568 2035 1646">
     <span class='ocr_line' id='line_1_17' title="bbox 451 1568 2035 1646; baseline 0.006 -25"><span class='ocrx_word' id='word_1_115' title='bbox 451 1568 548 1622; x_wconf 89' lang='lat' dir='ltr'><strong>vit.</strong></span> <span class='ocrx_word' id='word_1_116' title='bbox 601 1569 657 1624; x_wconf 87' lang='lat' dir='ltr'><strong>In</strong></span> <span class='ocrx_word' id='word_1_117' title='bbox 698 1570 819 1640; x_wconf 84' lang='lat' dir='ltr'><strong>ipsa</strong></span> <span class='ocrx_word' id='word_1_118' title='bbox 851 1572 1296 1628; x_wconf 75' lang='lat' dir='ltr'><strong>adversariorum</strong></span> <span class='ocrx_word' id='word_1_119' title='bbox 1328 1576 1574 1629; x_wconf 91' lang='lat' dir='ltr'><strong>omnium</strong></span> <span class='ocrx_word' id='word_1_120' title='bbox 1604 1577 1713 1631; x_wconf 85' lang='lat' dir='ltr'><strong>vim</strong></span> <span class='ocrx_word' id='word_1_121' title='bbox 1747 1590 1813 1630; x_wconf 89' lang='lat' dir='ltr'><strong>ac</strong></span> <span class='ocrx_word' id='word_1_122' title='bbox 1842 1586 2035 1646; x_wconf 82' lang='lat' dir='ltr'><strong>poten-</strong></span> 
     </span>
    </p>
   </div>
   <div class='ocr_carea' id='block_1_18' title="bbox 452 1661 2035 1734">
    <p class='ocr_par' dir='ltr' id='par_1_18' title="bbox 452 1661 2035 1734">
     <span class='ocr_line' id='line_1_18' title="bbox 452 1661 2035 1734; baseline 0.006 -22"><span class='ocrx_word' id='word_1_123' title='bbox 452 1661 584 1713; x_wconf 85' lang='lat' dir='ltr'><strong>tiam</strong></span> <span class='ocrx_word' id='word_1_124' title='bbox 618 1661 811 1732; x_wconf 84' lang='lat' dir='ltr'><strong>fregit;</strong></span> <span class='ocrx_word' id='word_1_125' title='bbox 843 1662 895 1715; x_wconf 94' lang='lat' dir='ltr'><strong>in</strong></span> <span class='ocrx_word' id='word_1_126' title='bbox 930 1664 1047 1733; x_wconf 89' lang='lat' dir='ltr'><strong>ipsa</strong></span> <span class='ocrx_word' id='word_1_127' title='bbox 1092 1664 1376 1734; x_wconf 89' lang='lat' dir='ltr'><strong>gentilium</strong></span> <span class='ocrx_word' id='word_1_128' title='bbox 1424 1665 1762 1721; x_wconf 90' lang='lat' dir='ltr'><strong>solemnibus</strong></span> <span class='ocrx_word' id='word_1_129' title='bbox 1816 1681 1882 1721; x_wconf 91' lang='lat' dir='ltr'><strong>ac</strong></span> <span class='ocrx_word' id='word_1_130' title='bbox 1925 1667 2035 1721; x_wconf 71' lang='lat' dir='ltr'><strong>dae-</strong></span> 
     </span>
    </p>
   </div>
   <div class='ocr_carea' id='block_1_19' title="bbox 452 1754 2033 1829">
    <p class='ocr_par' dir='ltr' id='par_1_19' title="bbox 452 1754 2033 1829">
     <span class='ocr_line' id='line_1_19' title="bbox 452 1754 2033 1829; baseline 0.006 -27"><span class='ocrx_word' id='word_1_131' title='bbox 452 1766 676 1805; x_wconf 86' lang='lat' dir='ltr'><strong>menum</strong></span> <span class='ocrx_word' id='word_1_132' title='bbox 707 1754 1117 1810; x_wconf 89' lang='lat' dir='ltr'><strong>celebritatibus</strong></span> <span class='ocrx_word' id='word_1_133' title='bbox 1150 1756 1308 1810; x_wconf 90' lang='lat' dir='ltr'><strong>ﬁnem</strong></span> <span class='ocrx_word' id='word_1_134' title='bbox 1340 1756 1625 1824; x_wconf 87' lang='lat' dir='ltr'><strong>adhibuit;</strong></span> <span class='ocrx_word' id='word_1_135' title='bbox 1651 1759 1705 1812; x_wconf 91' lang='lat' dir='ltr'><strong>in</strong></span> <span class='ocrx_word' id='word_1_136' title='bbox 1730 1760 1847 1829; x_wconf 89' lang='lat' dir='ltr'><strong>ipsa</strong></span> <span class='ocrx_word' id='word_1_137' title='bbox 1872 1773 2033 1813; x_wconf 90' lang='lat' dir='ltr'><strong>cruo-</strong></span> 
     </span>
    </p>
   </div>
   <div class='ocr_carea' id='block_1_20' title="bbox 2130 571 3711 649">
    <p class='ocr_par' dir='ltr' id='par_1_20' title="bbox 2130 571 3711 649">
     <span class='ocr_line' id='line_1_20' title="bbox 2130 571 3711 649; baseline 0 -23"><span class='ocrx_word' id='word_1_138' title='bbox 2130 573 2504 645; x_wconf 80' lang='grc' dir='ltr'>ὑπερεόρτιος·</span> <span class='ocrx_word' id='word_1_139' title='bbox 2555 575 2693 647; x_wconf 74' lang='grc' dir='ltr'>αῦτη</span> <span class='ocrx_word' id='word_1_140' title='bbox 2725 578 2759 647; x_wconf 84' lang='grc' dir='ltr'><strong>ή</strong></span> <span class='ocrx_word' id='word_1_141' title='bbox 2801 576 2985 649; x_wconf 79' lang='grc' dir='ltr'>ἑορτὴ,</span> <span class='ocrx_word' id='word_1_142' title='bbox 3027 578 3157 647; x_wconf 73' lang='grc' dir='ltr'>περὶ</span> <span class='ocrx_word' id='word_1_143' title='bbox 3198 572 3266 647; x_wconf 86' lang='grc' dir='ltr'>ἦς</span> <span class='ocrx_word' id='word_1_144' title='bbox 3292 575 3354 628; x_wconf 78' lang='grc' dir='ltr'>τὸ</span> <span class='ocrx_word' id='word_1_145' title='bbox 3391 571 3620 643; x_wconf 80' lang='grc' dir='ltr'><strong>Πνεῦμα</strong></span> <span class='ocrx_word' id='word_1_146' title='bbox 3649 571 3711 626; x_wconf 71' lang='grc' dir='ltr'><strong>τὸ</strong></span> 
     </span>
    </p>
   </div>
   <div class='ocr_carea' id='block_1_21' title="bbox 2130 659 3713 736">
    <p class='ocr_par' dir='ltr' id='par_1_21' title="bbox 2130 659 3713 736">
     <span class='ocr_line' id='line_1_21' title="bbox 2130 659 3713 736; baseline 0 -20"><span class='ocrx_word' id='word_1_147' title='bbox 2130 662 2284 732; x_wconf 81' lang='grc' dir='ltr'>ἆγιον</span> <span class='ocrx_word' id='word_1_148' title='bbox 2328 664 2759 736; x_wconf 79' lang='grc' dir='ltr'><strong>παρακελεύεται</strong></span> <span class='ocrx_word' id='word_1_149' title='bbox 2798 666 2985 736; x_wconf 84' lang='grc' dir='ltr'>λέγον·</span> <span class='ocrx_word' id='word_1_150' title='bbox 3043 664 3445 732; x_wconf 77' lang='grc' dir='ltr'>Συστήσασθε</span> <span class='ocrx_word' id='word_1_151' title='bbox 3492 659 3713 731; x_wconf 78' lang='grc' dir='ltr'>ἑορτὴν</span> 
     </span>
    </p>
   </div>
   <div class='ocr_carea' id='block_1_22' title="bbox 2129 751 3715 825">
    <p class='ocr_par' dir='ltr' id='par_1_22' title="bbox 2129 751 3715 825">
     <span class='ocr_line' id='line_1_22' title="bbox 2129 751 3715 825; baseline -0.003 -16"><span class='ocrx_word' id='word_1_152' title='bbox 2129 756 2199 810; x_wconf 85' lang='grc' dir='ltr'><strong>ὲν</strong></span> <span class='ocrx_word' id='word_1_153' title='bbox 2226 756 2349 823; x_wconf 81' lang='grc' dir='ltr'>τοῖς</span> <span class='ocrx_word' id='word_1_154' title='bbox 2389 754 2761 819; x_wconf 81' lang='grc' dir='ltr'>πυκάζουσιν</span> <span class='ocrx_word' id='word_1_155' title='bbox 2807 757 2942 825; x_wconf 87' lang='grc' dir='ltr'>ὁμοῦ</span> <span class='ocrx_word' id='word_1_156' title='bbox 2991 776 3050 812; x_wconf 87' lang='grc' dir='ltr'><strong>τε</strong></span> <span class='ocrx_word' id='word_1_157' title='bbox 3093 759 3188 811; x_wconf 78' lang='grc' dir='ltr'>καὶ</span> <span class='ocrx_word' id='word_1_158' title='bbox 3234 756 3550 817; x_wconf 87' lang='grc' dir='ltr'>θάλπουσιν,</span> <span class='ocrx_word' id='word_1_159' title='bbox 3595 751 3715 818; x_wconf 81' lang='grc' dir='ltr'>ἕως</span> 
     </span>
    </p>
   </div>
   <div class='ocr_carea' id='block_1_23' title="bbox 2130 844 3712 917">
    <p class='ocr_par' dir='ltr' id='par_1_23' title="bbox 2130 844 3712 917">
     <span class='ocr_line' id='line_1_23' title="bbox 2130 844 3712 917; baseline -0.001 -18"><span class='ocrx_word' id='word_1_160' title='bbox 2130 846 2249 900; x_wconf 77' lang='grc' dir='ltr'>τῶν</span> <span class='ocrx_word' id='word_1_161' title='bbox 2296 847 2561 917; x_wconf 80' lang='grc' dir='ltr'><strong>κεράτων</strong></span> <span class='ocrx_word' id='word_1_162' title='bbox 2609 849 2716 903; x_wconf 85' lang='grc' dir='ltr'><strong>τοῦ</strong></span> <span class='ocrx_word' id='word_1_163' title='bbox 2766 851 3236 916; x_wconf 78' lang='grc' dir='ltr'><strong>θυσιαστηρίου·</strong></span> <span class='ocrx_word' id='word_1_164' title='bbox 3278 846 3419 915; x_wconf 83' lang='grc' dir='ltr'>αῦτη</span> <span class='ocrx_word' id='word_1_165' title='bbox 3462 847 3497 916; x_wconf 87' lang='grc' dir='ltr'><strong>ή</strong></span> <span class='ocrx_word' id='word_1_166' title='bbox 3546 844 3712 915; x_wconf 78' lang='grc' dir='ltr'>ἑορτὴ</span> 
     </span>
    </p>
   </div>
   <div class='ocr_carea' id='block_1_24' title="bbox 2131 935 3707 1010">
    <p class='ocr_par' dir='ltr' id='par_1_24' title="bbox 2131 935 3707 1010">
     <span class='ocr_line' id='line_1_24' title="bbox 2131 935 3707 1010; baseline -0.002 -21"><span class='ocrx_word' id='word_1_167' title='bbox 2131 937 2224 990; x_wconf 84' lang='grc' dir='ltr'><strong>τοῦ</strong></span> <span class='ocrx_word' id='word_1_168' title='bbox 2256 938 2457 1002; x_wconf 85' lang='grc' dir='ltr'>παντὸς</span> <span class='ocrx_word' id='word_1_169' title='bbox 2497 938 2724 1010; x_wconf 79' lang='grc' dir='ltr'><strong>κόσμου,</strong></span> <span class='ocrx_word' id='word_1_170' title='bbox 2766 938 3040 1008; x_wconf 79' lang='grc' dir='ltr'>ὲγκαίνιον</span> <span class='ocrx_word' id='word_1_171' title='bbox 3087 937 3222 1007; x_wconf 85' lang='grc' dir='ltr'>ὁμοῦ</span> <span class='ocrx_word' id='word_1_172' title='bbox 3280 937 3372 990; x_wconf 71' lang='grc' dir='ltr'>καὶ</span> <span class='ocrx_word' id='word_1_173' title='bbox 3416 935 3707 1007; x_wconf 84' lang='grc' dir='ltr'>σωτήριον,</span> 
     </span>
    </p>
   </div>
   <div class='ocr_carea' id='block_1_25' title="bbox 2131 1025 3714 1102">
    <p class='ocr_par' dir='ltr' id='par_1_25' title="bbox 2131 1025 3714 1102">
     <span class='ocr_line' id='line_1_25' title="bbox 2131 1025 3714 1102; baseline -0.001 -23"><span class='ocrx_word' id='word_1_174' title='bbox 2131 1026 2277 1099; x_wconf 71' lang='grc' dir='ltr'>Αὕτη</span> <span class='ocrx_word' id='word_1_175' title='bbox 2309 1030 2343 1099; x_wconf 90' lang='grc' dir='ltr'><strong>ή</strong></span> <span class='ocrx_word' id='word_1_176' title='bbox 2372 1029 2532 1102; x_wconf 80' lang='grc' dir='ltr'>ἑορτὴ</span> <span class='ocrx_word' id='word_1_177' title='bbox 2569 1029 2759 1084; x_wconf 85' lang='grc' dir='ltr'>πασῶν</span> <span class='ocrx_word' id='word_1_178' title='bbox 2782 1030 2889 1084; x_wconf 84' lang='grc' dir='ltr'><strong>τῶν</strong></span> <span class='ocrx_word' id='word_1_179' title='bbox 2922 1029 3124 1101; x_wconf 82' lang='grc' dir='ltr'>ἑορτῶν</span> <span class='ocrx_word' id='word_1_180' title='bbox 3150 1026 3364 1101; x_wconf 80' lang='grc' dir='ltr'>κορυφὴ</span> <span class='ocrx_word' id='word_1_181' title='bbox 3423 1026 3516 1079; x_wconf 69' lang='grc' dir='ltr'>καὶ</span> <span class='ocrx_word' id='word_1_182' title='bbox 3544 1025 3714 1096; x_wconf 77' lang='grc' dir='ltr'>ἀκρό-</span> 
     </span>
    </p>
   </div>
   <div class='ocr_carea' id='block_1_26' title="bbox 2133 1111 3837 1192">
    <p class='ocr_par' dir='ltr' id='par_1_26' title="bbox 2133 1111 3837 1192">
     <span class='ocr_line' id='line_1_26' title="bbox 2133 1111 3837 1192; baseline -0.001 -21"><span class='ocrx_word' id='word_1_183' title='bbox 2133 1117 2286 1181; x_wconf 85' lang='grc' dir='ltr'>πολις</span> <span class='ocrx_word' id='word_1_184' title='bbox 2304 1135 2319 1149; x_wconf 91' lang='grc'><strong>·</strong></span> <span class='ocrx_word' id='word_1_185' title='bbox 2346 1118 2486 1190; x_wconf 82' lang='grc' dir='ltr'>αὕτη</span> <span class='ocrx_word' id='word_1_186' title='bbox 2515 1121 2548 1191; x_wconf 92' lang='grc' dir='ltr'><strong>ή</strong></span> <span class='ocrx_word' id='word_1_187' title='bbox 2584 1120 2789 1192; x_wconf 81' lang='grc' dir='ltr'>ἡμέρα,</span> <span class='ocrx_word' id='word_1_188' title='bbox 2820 1122 2886 1189; x_wconf 81' lang='grc' dir='ltr'>ἢν</span> <span class='ocrx_word' id='word_1_189' title='bbox 2913 1119 3206 1189; x_wconf 82' lang='grc' dir='ltr'>εὐλόγησεν</span> <span class='ocrx_word' id='word_1_190' title='bbox 3239 1120 3268 1172; x_wconf 89' lang='lat'><strong>6</strong></span> <span class='ocrx_word' id='word_1_191' title='bbox 3292 1117 3446 1183; x_wconf 80' lang='grc' dir='ltr'>Θεὸς,</span> <span class='ocrx_word' id='word_1_192' title='bbox 3480 1117 3713 1188; x_wconf 79' lang='grc' dir='ltr'>ἡγίασεν</span> <span class='ocrx_word' id='word_1_193' title='bbox 3824 1111 3837 1123; x_wconf 66' lang='grc'><strong><em>⁸</em></strong></span> 
     </span>
    </p>
   </div>
   <div class='ocr_carea' id='block_1_27' title="bbox 2133 1209 3713 1285">
    <p class='ocr_par' dir='ltr' id='par_1_27' title="bbox 2133 1209 3713 1285">
     <span class='ocr_line' id='line_1_27' title="bbox 2133 1209 3713 1285; baseline -0.003 -20"><span class='ocrx_word' id='word_1_194' title='bbox 2133 1210 2321 1282; x_wconf 78' lang='grc' dir='ltr'>αὐτὴν,</span> <span class='ocrx_word' id='word_1_195' title='bbox 2370 1211 2451 1266; x_wconf 82' lang='grc' dir='ltr'>ὅτι</span> <span class='ocrx_word' id='word_1_196' title='bbox 2503 1213 2562 1265; x_wconf 82' lang='grc' dir='ltr'>ὲν</span> <span class='ocrx_word' id='word_1_197' title='bbox 2609 1214 2746 1285; x_wconf 78' lang='grc' dir='ltr'>αὐτῇ</span> <span class='ocrx_word' id='word_1_198' title='bbox 2796 1213 3137 1267; x_wconf 81' lang='grc' dir='ltr'>κατέπαυσεν</span> <span class='ocrx_word' id='word_1_199' title='bbox 3183 1211 3291 1264; x_wconf 78' lang='grc' dir='ltr'><strong>ἀπὸ</strong></span> <span class='ocrx_word' id='word_1_200' title='bbox 3339 1209 3555 1264; x_wconf 85' lang='grc' dir='ltr'>πάντων</span> <span class='ocrx_word' id='word_1_201' title='bbox 3599 1209 3713 1261; x_wconf 84' lang='grc' dir='ltr'><strong>τῶν</strong></span> 
     </span>
    </p>
   </div>
   <div class='ocr_carea' id='block_1_28' title="bbox 2133 1298 3715 1374">
    <p class='ocr_par' dir='ltr' id='par_1_28' title="bbox 2133 1298 3715 1374">
     <span class='ocr_line' id='line_1_28' title="bbox 2133 1298 3715 1374; baseline -0.003 -20"><span class='ocrx_word' id='word_1_202' title='bbox 2133 1301 2310 1374; x_wconf 78' lang='grc' dir='ltr'>ἔργων</span> <span class='ocrx_word' id='word_1_203' title='bbox 2344 1301 2534 1364; x_wconf 87' lang='grc' dir='ltr'>αὑτοῦ.</span> <span class='ocrx_word' id='word_1_204' title='bbox 2559 1301 2855 1367; x_wconf 80' lang='grc' dir='ltr'>τελειώσας</span> <span class='ocrx_word' id='word_1_205' title='bbox 2885 1302 2982 1374; x_wconf 85' lang='grc' dir='ltr'>τὴν</span> <span class='ocrx_word' id='word_1_206' title='bbox 3017 1301 3290 1373; x_wconf 80' lang='grc' dir='ltr'>σωτηρίαν</span> <span class='ocrx_word' id='word_1_207' title='bbox 3318 1300 3427 1354; x_wconf 85' lang='grc' dir='ltr'><strong>τῶν</strong></span> <span class='ocrx_word' id='word_1_208' title='bbox 3453 1298 3715 1364; x_wconf 77' lang='grc' dir='ltr'><strong>ἐπιγείων</strong></span> 
     </span>
    </p>
   </div>
   <div class='ocr_carea' id='block_1_29' title="bbox 2135 1387 3711 1465">
    <p class='ocr_par' dir='ltr' id='par_1_29' title="bbox 2135 1387 3711 1465">
     <span class='ocr_line' id='line_1_29' title="bbox 2135 1387 3711 1465; baseline -0.004 -19"><span class='ocrx_word' id='word_1_209' title='bbox 2135 1393 2269 1463; x_wconf 82' lang='grc' dir='ltr'>ὁμοῦ</span> <span class='ocrx_word' id='word_1_210' title='bbox 2303 1393 2397 1449; x_wconf 59' lang='grc' dir='ltr'><strong>καὶ¹</strong></span> <span class='ocrx_word' id='word_1_211' title='bbox 2426 1394 2817 1465; x_wconf 80' lang='grc' dir='ltr'><strong>καταχθονίων.</strong></span> <span class='ocrx_word' id='word_1_212' title='bbox 2876 1395 2965 1447; x_wconf 85' lang='grc' dir='ltr'>Ἐν</span> <span class='ocrx_word' id='word_1_213' title='bbox 2995 1395 3133 1465; x_wconf 79' lang='grc' dir='ltr'>αὐτῇ</span> <span class='ocrx_word' id='word_1_214' title='bbox 3180 1392 3524 1447; x_wconf 77' lang='grc' dir='ltr'>κατέπαυσεν</span> <span class='ocrx_word' id='word_1_215' title='bbox 3554 1387 3711 1442; x_wconf 72' lang='grc' dir='ltr'>εἰδώ-</span> 
     </span>
    </p>
   </div>
   <div class='ocr_carea' id='block_1_30' title="bbox 2134 1480 3713 1555">
    <p class='ocr_par' dir='ltr' id='par_1_30' title="bbox 2134 1480 3713 1555">
     <span class='ocr_line' id='line_1_30' title="bbox 2134 1480 3713 1555; baseline -0.004 -17"><span class='ocrx_word' id='word_1_216' title='bbox 2134 1485 2241 1539; x_wconf 90' lang='grc' dir='ltr'><strong>λων</strong></span> <span class='ocrx_word' id='word_1_217' title='bbox 2286 1486 2379 1539; x_wconf 77' lang='grc' dir='ltr'>καὶ</span> <span class='ocrx_word' id='word_1_218' title='bbox 2411 1485 2702 1539; x_wconf 86' lang='grc' dir='ltr'>κνωδάλων</span> <span class='ocrx_word' id='word_1_219' title='bbox 2762 1484 2984 1548; x_wconf 83' lang='grc' dir='ltr'>τελετὰς</span> <span class='ocrx_word' id='word_1_220' title='bbox 3024 1485 3117 1537; x_wconf 76' lang='grc' dir='ltr'>καὶ</span> <span class='ocrx_word' id='word_1_221' title='bbox 3149 1484 3428 1555; x_wconf 78' lang='grc' dir='ltr'>ὀρχήσεις·</span> <span class='ocrx_word' id='word_1_222' title='bbox 3467 1483 3525 1533; x_wconf 79' lang='grc' dir='ltr'>ὲν</span> <span class='ocrx_word' id='word_1_223' title='bbox 3570 1480 3713 1549; x_wconf 77' lang='grc' dir='ltr'>αὐτῇ</span> 
     </span>
    </p>
   </div>
   <div class='ocr_carea' id='block_1_31' title="bbox 2135 1566 3751 1648">
    <p class='ocr_par' dir='ltr' id='par_1_31' title="bbox 2135 1566 3751 1648">
     <span class='ocr_line' id='line_1_31' title="bbox 2135 1566 3751 1648; baseline -0.005 -17"><span class='ocrx_word' id='word_1_224' title='bbox 2135 1577 2448 1631; x_wconf 83' lang='grc' dir='ltr'>κατέπαυσε</span> <span class='ocrx_word' id='word_1_225' title='bbox 2482 1576 2581 1648; x_wconf 84' lang='grc' dir='ltr'>τὴν</span> <span class='ocrx_word' id='word_1_226' title='bbox 2602 1575 2832 1647; x_wconf 85' lang='grc' dir='ltr'>δύναμιν</span> <span class='ocrx_word' id='word_1_227' title='bbox 2863 1575 3079 1630; x_wconf 84' lang='grc' dir='ltr'>πάντων</span> <span class='ocrx_word' id='word_1_228' title='bbox 3108 1572 3384 1628; x_wconf 72' lang='grc' dir='ltr'>ἐναντίων.</span> <span class='ocrx_word' id='word_1_229' title='bbox 3425 1574 3512 1625; x_wconf 86' lang='grc' dir='ltr'>Ἐν</span> <span class='ocrx_word' id='word_1_230' title='bbox 3540 1570 3713 1642; x_wconf 83' lang='grc' dir='ltr'>ταύτῃ</span> <span class='ocrx_word' id='word_1_231' title='bbox 3732 1566 3751 1577; x_wconf 74' lang='grc'><em>“</em></span> 
     </span>
    </p>
   </div>
   <div class='ocr_carea' id='block_1_32' title="bbox 2134 1664 3717 1740">
    <p class='ocr_par' dir='ltr' id='par_1_32' title="bbox 2134 1664 3717 1740">
     <span class='ocr_line' id='line_1_32' title="bbox 2134 1664 3717 1740; baseline -0.004 -18"><span class='ocrx_word' id='word_1_232' title='bbox 2134 1670 2476 1723; x_wconf 79' lang='grc' dir='ltr'>κατέπαυσεν</span> <span class='ocrx_word' id='word_1_233' title='bbox 2519 1667 2714 1740; x_wconf 77' lang='grc' dir='ltr'>ἑορτὰς</span> <span class='ocrx_word' id='word_1_234' title='bbox 2754 1668 2850 1721; x_wconf 77' lang='grc' dir='ltr'>καὶ</span> <span class='ocrx_word' id='word_1_235' title='bbox 2887 1666 3209 1738; x_wconf 82' lang='grc' dir='ltr'>δαιμονικὰς</span> <span class='ocrx_word' id='word_1_236' title='bbox 3244 1664 3608 1737; x_wconf 79' lang='grc' dir='ltr'>πανηγύρεις·</span> <span class='ocrx_word' id='word_1_237' title='bbox 3654 1664 3717 1716; x_wconf 82' lang='grc' dir='ltr'>ἐν</span> 
     </span>
    </p>
   </div>
   <div class='ocr_carea' id='block_1_33' title="bbox 2131 1757 3717 1833">
    <p class='ocr_par' dir='ltr' id='par_1_33' title="bbox 2131 1757 3717 1833">
     <span class='ocr_line' id='line_1_33' title="bbox 2131 1757 3717 1833; baseline -0.004 -19"><span class='ocrx_word' id='word_1_238' title='bbox 2131 1759 2304 1833; x_wconf 81' lang='grc' dir='ltr'>ταύτῃ</span> <span class='ocrx_word' id='word_1_239' title='bbox 2344 1761 2686 1815; x_wconf 86' lang='grc' dir='ltr'>κατέπαυσεν</span> <span class='ocrx_word' id='word_1_240' title='bbox 2729 1760 3027 1813; x_wconf 84' lang='grc' dir='ltr'>είδωλικῶν</span> <span class='ocrx_word' id='word_1_241' title='bbox 3054 1759 3305 1830; x_wconf 83' lang='grc' dir='ltr'>αἱμάτων</span> <span class='ocrx_word' id='word_1_242' title='bbox 3353 1757 3579 1820; x_wconf 90' lang='grc' dir='ltr'>κνίσσας</span> <span class='ocrx_word' id='word_1_243' title='bbox 3618 1757 3717 1809; x_wconf 72' lang='grc' dir='ltr'>καὶ</span> 
     </span>
    </p>
   </div>
   <div class='ocr_carea' id='block_1_34' title="bbox 452 1842 2039 1933">
    <p class='ocr_par' dir='ltr' id='par_1_34' title="bbox 452 1842 2039 1906">
     <span class='ocr_line' id='line_1_34' title="bbox 452 1842 2039 1906; baseline 0.006 -11"><span class='ocrx_word' id='word_1_244' title='bbox 452 1842 531 1897; x_wconf 89' lang='lat' dir='ltr'><strong>ris</strong></span> <span class='ocrx_word' id='word_1_245' title='bbox 560 1843 888 1899; x_wconf 88' lang='lat' dir='ltr'><strong>immolatitii</strong></span> <span class='ocrx_word' id='word_1_246' title='bbox 917 1845 1165 1901; x_wconf 86' lang='lat' dir='ltr'><strong>nidorem</strong></span> <span class='ocrx_word' id='word_1_247' title='bbox 1216 1862 1282 1902; x_wconf 91' lang='lat' dir='ltr'><strong>ac</strong></span> <span class='ocrx_word' id='word_1_248' title='bbox 1310 1849 1582 1903; x_wconf 90' lang='lat' dir='ltr'><strong>sacriﬁcia</strong></span> <span class='ocrx_word' id='word_1_249' title='bbox 1615 1850 1835 1906; x_wconf 86' lang='lat' dir='ltr'><strong>delevit.</strong></span> <span class='ocrx_word' id='word_1_250' title='bbox 1867 1849 1925 1906; x_wconf 91' lang='lat' dir='ltr'><strong>In</strong></span> <span class='ocrx_word' id='word_1_251' title='bbox 1953 1866 2039 1906; x_wconf 87' lang='lat' dir='ltr'><strong>ea-</strong></span> 
     </span>
    </p>
   </div>
   <div class='ocr_carea' id='block_1_35' title="bbox 2141 1842 3716 1933">
    <p class='ocr_par' dir='ltr' id='par_1_35' title="bbox 2141 1846 3716 1924">
     <span class='ocr_line' id='line_1_35' title="bbox 2141 1846 3716 1924; baseline -0.003 -19"><span class='ocrx_word' id='word_1_252' title='bbox 2141 1851 2328 1914; x_wconf 87' lang='grc' dir='ltr'>θυσίας</span> <span class='ocrx_word' id='word_1_253' title='bbox 2351 1867 2366 1882; x_wconf 89' lang='grc'><strong>·</strong></span> <span class='ocrx_word' id='word_1_254' title='bbox 2411 1852 2469 1905; x_wconf 85' lang='grc' dir='ltr'>ὲν</span> <span class='ocrx_word' id='word_1_255' title='bbox 2509 1850 2682 1924; x_wconf 83' lang='grc' dir='ltr'>ταύτῃ</span> <span class='ocrx_word' id='word_1_256' title='bbox 2722 1850 3035 1905; x_wconf 84' lang='grc' dir='ltr'>κατέπαυσε</span> <span class='ocrx_word' id='word_1_257' title='bbox 3078 1849 3177 1919; x_wconf 82' lang='grc' dir='ltr'>τὴν</span> <span class='ocrx_word' id='word_1_258' title='bbox 3206 1848 3412 1918; x_wconf 82' lang='grc' dir='ltr'>πλάνην</span> <span class='ocrx_word' id='word_1_259' title='bbox 3450 1848 3547 1917; x_wconf 82' lang='grc' dir='ltr'>τῆς</span> <span class='ocrx_word' id='word_1_260' title='bbox 3588 1846 3716 1900; x_wconf 88' lang='grc' dir='ltr'>ἀσε-</span> 
     </span>
    </p>
   </div>
   <div class='ocr_carea' id='block_1_36' title="bbox 453 1932 2039 2013">
    <p class='ocr_par' dir='ltr' id='par_1_36' title="bbox 453 1932 2039 2013">
     <span class='ocr_line' id='line_1_36' title="bbox 453 1932 2039 2013; baseline 0.007 -27"><span class='ocrx_word' id='word_1_261' title='bbox 453 1932 577 1987; x_wconf 88' lang='lat' dir='ltr'><strong>dem</strong></span> <span class='ocrx_word' id='word_1_262' title='bbox 609 1934 908 2005; x_wconf 85' lang='lat' dir='ltr'><strong>impietatis</strong></span> <span class='ocrx_word' id='word_1_263' title='bbox 938 1953 1183 1994; x_wconf 92' lang='lat' dir='ltr'><strong>errorem</strong></span> <span class='ocrx_word' id='word_1_264' title='bbox 1221 1941 1467 1995; x_wconf 86' lang='lat' dir='ltr'><strong>sustulit.</strong></span> <span class='ocrx_word' id='word_1_265' title='bbox 1502 1939 1560 1995; x_wconf 90' lang='lat' dir='ltr'><strong>In</strong></span> <span class='ocrx_word' id='word_1_266' title='bbox 1587 1941 1678 1996; x_wconf 91' lang='lat' dir='ltr'><strong>illa</strong></span> <span class='ocrx_word' id='word_1_267' title='bbox 1702 1943 1919 2013; x_wconf 84' lang='lat' dir='ltr'><strong>tyranni</strong></span> <span class='ocrx_word' id='word_1_268' title='bbox 1944 1942 2039 1997; x_wconf 92' lang='lat' dir='ltr'><strong>do-</strong></span> 
     </span>
    </p>
   </div>
   <div class='ocr_carea' id='block_1_37' title="bbox 452 2024 2037 2103">
    <p class='ocr_par' dir='ltr' id='par_1_37' title="bbox 452 2024 2037 2103">
     <span class='ocr_line' id='line_1_37' title="bbox 452 2024 2037 2103; baseline 0.006 -25"><span class='ocrx_word' id='word_1_269' title='bbox 452 2024 720 2079; x_wconf 83' lang='lat' dir='ltr'><strong>minatum</strong></span> <span class='ocrx_word' id='word_1_270' title='bbox 768 2033 824 2081; x_wconf 90' lang='lat' dir='ltr'><strong>et</strong></span> <span class='ocrx_word' id='word_1_271' title='bbox 850 2028 1134 2083; x_wconf 89' lang='lat' dir='ltr'><strong>stimulum</strong></span> <span class='ocrx_word' id='word_1_272' title='bbox 1162 2030 1355 2085; x_wconf 90' lang='lat' dir='ltr'><strong>mortis</strong></span> <span class='ocrx_word' id='word_1_273' title='bbox 1384 2030 1641 2103; x_wconf 78' lang='lat' dir='ltr'><strong>infregit;</strong></span> <span class='ocrx_word' id='word_1_274' title='bbox 1674 2033 1730 2086; x_wconf 92' lang='lat' dir='ltr'><strong>in</strong></span> <span class='ocrx_word' id='word_1_275' title='bbox 1764 2032 1866 2086; x_wconf 91' lang='lat' dir='ltr'><strong>hac</strong></span> <span class='ocrx_word' id='word_1_276' title='bbox 1892 2033 2037 2088; x_wconf 90' lang='lat' dir='ltr'><strong>cele-</strong></span> 
     </span>
    </p>
   </div>
   <div class='ocr_carea' id='block_1_38' title="bbox 452 2118 2040 2194">
    <p class='ocr_par' dir='ltr' id='par_1_38' title="bbox 452 2118 2040 2194">
     <span class='ocr_line' id='line_1_38' title="bbox 452 2118 2040 2194; baseline 0.004 -24"><span class='ocrx_word' id='word_1_277' title='bbox 452 2118 581 2173; x_wconf 89' lang='lat' dir='ltr'><strong>bres</strong></span> <span class='ocrx_word' id='word_1_278' title='bbox 610 2119 1012 2175; x_wconf 86' lang='lat' dir='ltr'><strong>sacriﬁciorum</strong></span> <span class='ocrx_word' id='word_1_279' title='bbox 1048 2130 1346 2194; x_wconf 87' lang='lat' dir='ltr'><strong>apparatus</strong></span> <span class='ocrx_word' id='word_1_280' title='bbox 1408 2130 1463 2177; x_wconf 90' lang='lat' dir='ltr'><strong>et</strong></span> <span class='ocrx_word' id='word_1_281' title='bbox 1500 2124 1820 2178; x_wconf 87' lang='lat' dir='ltr'><strong>neomenias</strong></span> <span class='ocrx_word' id='word_1_282' title='bbox 1851 2125 2040 2179; x_wconf 87' lang='lat' dir='ltr'><strong>abstu-</strong></span> 
     </span>
    </p>
   </div>
   <div class='ocr_carea' id='block_1_39' title="bbox 453 2210 2037 2271">
    <p class='ocr_par' dir='ltr' id='par_1_39' title="bbox 453 2210 2037 2271">
     <span class='ocr_line' id='line_1_39' title="bbox 453 2210 2037 2271; baseline 0.005 -9"><span class='ocrx_word' id='word_1_283' title='bbox 453 2210 535 2262; x_wconf 91' lang='lat' dir='ltr'><strong>lit.</strong></span> <span class='ocrx_word' id='word_1_284' title='bbox 574 2210 632 2263; x_wconf 91' lang='lat' dir='ltr'><strong>ln</strong></span> <span class='ocrx_word' id='word_1_285' title='bbox 665 2210 854 2265; x_wconf 83' lang='lat' dir='ltr'><strong>cadent</strong></span> <span class='ocrx_word' id='word_1_286' title='bbox 900 2226 1069 2266; x_wconf 87' lang='lat' dir='ltr'><strong>novas</strong></span> <span class='ocrx_word' id='word_1_287' title='bbox 1118 2212 1322 2267; x_wconf 88' lang='lat' dir='ltr'><strong>creatis</strong></span> <span class='ocrx_word' id='word_1_288' title='bbox 1379 2213 1544 2269; x_wconf 89' lang='lat' dir='ltr'><strong>rebus</strong></span> <span class='ocrx_word' id='word_1_289' title='bbox 1592 2215 1910 2271; x_wconf 86' lang='lat' dir='ltr'><strong>sanctiones</strong></span> <span class='ocrx_word' id='word_1_290' title='bbox 1973 2230 2037 2270; x_wconf 89' lang='lat' dir='ltr'><strong>ac</strong></span> 
     </span>
    </p>
   </div>
   <div class='ocr_carea' id='block_1_40' title="bbox 453 2302 2041 2373">
    <p class='ocr_par' dir='ltr' id='par_1_40' title="bbox 453 2302 2041 2373">
     <span class='ocr_line' id='line_1_40' title="bbox 453 2302 2041 2373; baseline 0.003 -17"><span class='ocrx_word' id='word_1_291' title='bbox 453 2303 675 2357; x_wconf 86' lang='lat' dir='ltr'><strong>decreta</strong></span> <span class='ocrx_word' id='word_1_292' title='bbox 707 2304 1075 2373; x_wconf 81' lang='lat' dir='ltr'><strong>praescripsit;</strong></span> <span class='ocrx_word' id='word_1_293' title='bbox 1124 2304 1175 2357; x_wconf 85' lang='lat' dir='ltr'><strong>in</strong></span> <span class='ocrx_word' id='word_1_294' title='bbox 1224 2303 1328 2358; x_wconf 89' lang='lat' dir='ltr'><strong>hac</strong></span> <span class='ocrx_word' id='word_1_295' title='bbox 1372 2302 1582 2359; x_wconf 88' lang='lat' dir='ltr'><strong>Pascha</strong></span> <span class='ocrx_word' id='word_1_296' title='bbox 1611 2304 1913 2373; x_wconf 79' lang='lat' dir='ltr'><strong>legitimum</strong></span> <span class='ocrx_word' id='word_1_297' title='bbox 1976 2320 2041 2360; x_wconf 86' lang='lat' dir='ltr'><strong>ac</strong></span> 
     </span>
    </p>
   </div>
   <div class='ocr_carea' id='block_1_41' title="bbox 455 2391 2038 2465">
    <p class='ocr_par' dir='ltr' id='par_1_41' title="bbox 455 2391 2038 2465">
     <span class='ocr_line' id='line_1_41' title="bbox 455 2391 2038 2465; baseline 0.004 -22"><span class='ocrx_word' id='word_1_298' title='bbox 455 2391 744 2446; x_wconf 81' lang='lat' dir='ltr'><strong>Jtulaicum</strong></span> <span class='ocrx_word' id='word_1_299' title='bbox 786 2393 1121 2462; x_wconf 75' lang='lat' dir='ltr'><strong>antiquavit;</strong></span> <span class='ocrx_word' id='word_1_300' title='bbox 1161 2393 1218 2447; x_wconf 87' lang='lat' dir='ltr'><strong>in</strong></span> <span class='ocrx_word' id='word_1_301' title='bbox 1262 2392 1366 2446; x_wconf 85' lang='lat' dir='ltr'><strong>hac</strong></span> <span class='ocrx_word' id='word_1_302' title='bbox 1399 2407 1561 2447; x_wconf 86' lang='lat' dir='ltr'><strong>omne</strong></span> <span class='ocrx_word' id='word_1_303' title='bbox 1604 2393 1808 2465; x_wconf 63' lang='lat' dir='ltr'><strong>ﬁgura},</strong></span> <span class='ocrx_word' id='word_1_304' title='bbox 1844 2396 2038 2450; x_wconf 88' lang='lat' dir='ltr'><strong>adum-</strong></span> 
     </span>
    </p>
   </div>
   <div class='ocr_carea' id='block_1_42' title="bbox 458 2481 2040 2554">
    <p class='ocr_par' dir='ltr' id='par_1_42' title="bbox 458 2481 2040 2554">
     <span class='ocr_line' id='line_1_42' title="bbox 458 2481 2040 2554; baseline 0.003 -18"><span class='ocrx_word' id='word_1_305' title='bbox 458 2481 731 2536; x_wconf 83' lang='lat' dir='ltr'><strong>brationis</strong></span> <span class='ocrx_word' id='word_1_306' title='bbox 786 2497 851 2537; x_wconf 92' lang='lat' dir='ltr'><strong>ac</strong></span> <span class='ocrx_word' id='word_1_307' title='bbox 877 2482 1177 2552; x_wconf 74' lang='lat' dir='ltr'><strong>prophetia:</strong></span> <span class='ocrx_word' id='word_1_308' title='bbox 1197 2497 1371 2554; x_wconf 80' lang='lat' dir='ltr'><strong>genus</strong></span> <span class='ocrx_word' id='word_1_309' title='bbox 1402 2483 1664 2553; x_wconf 81' lang='lat' dir='ltr'><strong>implevit.</strong></span> <span class='ocrx_word' id='word_1_310' title='bbox 1700 2483 1912 2539; x_wconf 80' lang='lat' dir='ltr'><strong>Pascha</strong></span> <span class='ocrx_word' id='word_1_311' title='bbox 1945 2503 2040 2540; x_wconf 87' lang='lat' dir='ltr'><strong>no-</strong></span> 
     </span>
    </p>
   </div>
   <div class='ocr_carea' id='block_1_43' title="bbox 457 2571 2042 2642">
    <p class='ocr_par' dir='ltr' id='par_1_43' title="bbox 457 2571 2042 2642">
     <span class='ocr_line' id='line_1_43' title="bbox 457 2571 2042 2642; baseline 0.003 -16"><span class='ocrx_word' id='word_1_312' title='bbox 457 2584 648 2637; x_wconf 77' lang='lat' dir='ltr'><strong>strum,</strong></span> <span class='ocrx_word' id='word_1_313' title='bbox 679 2571 891 2627; x_wconf 86' lang='lat' dir='ltr'><strong>Pascha</strong></span> <span class='ocrx_word' id='word_1_314' title='bbox 925 2590 1114 2629; x_wconf 84' lang='lat' dir='ltr'><strong>verum</strong></span> <span class='ocrx_word' id='word_1_315' title='bbox 1143 2575 1380 2642; x_wconf 86' lang='lat' dir='ltr'><strong>scilicet,</strong></span> <span class='ocrx_word' id='word_1_316' title='bbox 1420 2574 1726 2630; x_wconf 78' lang='lat' dir='ltr'><strong>immolatus</strong></span> <span class='ocrx_word' id='word_1_317' title='bbox 1764 2586 1844 2631; x_wconf 77' lang='lat' dir='ltr'><strong>est</strong></span> <span class='ocrx_word' id='word_1_318' title='bbox 1890 2576 2042 2633; x_wconf 81' lang='lat' dir='ltr'><strong>Chri-</strong></span> 
     </span>
    </p>
   </div>
   <div class='ocr_carea' id='block_1_44' title="bbox 455 2663 2039 2739">
    <p class='ocr_par' dir='ltr' id='par_1_44' title="bbox 455 2663 2039 2739">
     <span class='ocr_line' id='line_1_44' title="bbox 455 2663 2039 2739; baseline 0.006 -23"><span class='ocrx_word' id='word_1_319' title='bbox 455 2663 618 2729; x_wconf 59' lang='lat' dir='ltr'><strong>stus‘,</strong></span> <span class='ocrx_word' id='word_1_320' title='bbox 649 2673 703 2719; x_wconf 90' lang='lat' dir='ltr'><strong>et</strong></span> <span class='ocrx_word' id='word_1_321' title='bbox 736 2666 784 2719; x_wconf 83' lang='lat' dir='ltr'><strong>si</strong></span> <span class='ocrx_word' id='word_1_322' title='bbox 806 2682 911 2735; x_wconf 81' lang='lat' dir='ltr'><strong>qua</strong></span> <span class='ocrx_word' id='word_1_323' title='bbox 947 2675 1023 2720; x_wconf 85' lang='lat' dir='ltr'><strong>est</strong></span> <span class='ocrx_word' id='word_1_324' title='bbox 1050 2667 1104 2719; x_wconf 82' lang='lat' dir='ltr'><strong>in</strong></span> <span class='ocrx_word' id='word_1_325' title='bbox 1130 2664 1339 2721; x_wconf 80' lang='lat' dir='ltr'><strong>Christo</strong></span> <span class='ocrx_word' id='word_1_326' title='bbox 1354 2683 1489 2721; x_wconf 83' lang='lat' dir='ltr'><strong>nova</strong></span> <span class='ocrx_word' id='word_1_327' title='bbox 1511 2669 1823 2735; x_wconf 79' lang='lat' dir='ltr'><strong>creatum&quot;,</strong></span> <span class='ocrx_word' id='word_1_328' title='bbox 1855 2668 1900 2725; x_wconf 87' lang='lat' dir='ltr'><strong>si</strong></span> <span class='ocrx_word' id='word_1_329' title='bbox 1931 2685 2039 2739; x_wconf 86' lang='lat' dir='ltr'><strong>qua</strong></span> 
     </span>
    </p>
   </div>
   <div class='ocr_carea' id='block_1_45' title="bbox 458 2756 2040 2831">
    <p class='ocr_par' dir='ltr' id='par_1_45' title="bbox 458 2756 2040 2831">
     <span class='ocr_line' id='line_1_45' title="bbox 458 2756 2040 2831; baseline 0.005 -22"><span class='ocrx_word' id='word_1_330' title='bbox 458 2762 543 2810; x_wconf 88' lang='lat' dir='ltr'><strong>est</strong></span> <span class='ocrx_word' id='word_1_331' title='bbox 577 2756 630 2810; x_wconf 90' lang='lat' dir='ltr'><strong>in</strong></span> <span class='ocrx_word' id='word_1_332' title='bbox 661 2756 884 2812; x_wconf 88' lang='lat' dir='ltr'><strong>Christo</strong></span> <span class='ocrx_word' id='word_1_333' title='bbox 918 2774 1056 2812; x_wconf 84' lang='lat' dir='ltr'><strong>nova</strong></span> <span class='ocrx_word' id='word_1_334' title='bbox 1093 2759 1250 2823; x_wconf 83' lang='lat' dir='ltr'><strong>ﬁdes,</strong></span> <span class='ocrx_word' id='word_1_335' title='bbox 1288 2774 1442 2815; x_wconf 72' lang='lat' dir='ltr'><strong>nova:</strong></span> <span class='ocrx_word' id='word_1_336' title='bbox 1495 2761 1663 2831; x_wconf 79' lang='lat' dir='ltr'><strong>leges,</strong></span> <span class='ocrx_word' id='word_1_337' title='bbox 1717 2777 1892 2817; x_wconf 89' lang='lat' dir='ltr'><strong>novus</strong></span> <span class='ocrx_word' id='word_1_338' title='bbox 1944 2761 2040 2817; x_wconf 86' lang='lat' dir='ltr'><strong>Dei</strong></span> 
     </span>
    </p>
   </div>
   <div class='ocr_carea' id='block_1_46' title="bbox 457 2850 2040 2921">
    <p class='ocr_par' dir='ltr' id='par_1_46' title="bbox 457 2850 2040 2921">
     <span class='ocr_line' id='line_1_46' title="bbox 457 2850 2040 2921; baseline 0.004 -20"><span class='ocrx_word' id='word_1_339' title='bbox 457 2850 717 2917; x_wconf 85' lang='lat' dir='ltr'><strong>pepulus,</strong></span> <span class='ocrx_word' id='word_1_340' title='bbox 749 2865 952 2916; x_wconf 84' lang='lat' dir='ltr'><strong>novus,</strong></span> <span class='ocrx_word' id='word_1_341' title='bbox 987 2850 1237 2921; x_wconf 87' lang='lat' dir='ltr'><strong>inquam,</strong></span> <span class='ocrx_word' id='word_1_342' title='bbox 1273 2865 1384 2906; x_wconf 93' lang='lat' dir='ltr'><strong>non</strong></span> <span class='ocrx_word' id='word_1_343' title='bbox 1419 2858 1573 2907; x_wconf 89' lang='lat' dir='ltr'><strong>vetus</strong></span> <span class='ocrx_word' id='word_1_344' title='bbox 1599 2852 1806 2919; x_wconf 80' lang='lat' dir='ltr'><strong>Israel;</strong></span> <span class='ocrx_word' id='word_1_345' title='bbox 1837 2868 2040 2907; x_wconf 89' lang='lat' dir='ltr'><strong>novum</strong></span> 
     </span>
    </p>
   </div>
   <div class='ocr_carea' id='block_1_47' title="bbox 457 2941 2042 3015">
    <p class='ocr_par' dir='ltr' id='par_1_47' title="bbox 457 2941 2042 3015">
     <span class='ocr_line' id='line_1_47' title="bbox 457 2941 2042 3015; baseline 0.003 -20"><span class='ocrx_word' id='word_1_346' title='bbox 457 2941 706 3009; x_wconf 82' lang='lat' dir='ltr'><strong>Pascha;</strong></span> <span class='ocrx_word' id='word_1_347' title='bbox 740 2957 882 2997; x_wconf 87' lang='lat' dir='ltr'><strong>nova</strong></span> <span class='ocrx_word' id='word_1_348' title='bbox 911 2950 966 2999; x_wconf 88' lang='lat' dir='ltr'><strong>et</strong></span> <span class='ocrx_word' id='word_1_349' title='bbox 992 2943 1259 3015; x_wconf 88' lang='lat' dir='ltr'><strong>spiritalis</strong></span> <span class='ocrx_word' id='word_1_350' title='bbox 1304 2943 1680 3010; x_wconf 86' lang='lat' dir='ltr'><strong>circumcisio,</strong></span> <span class='ocrx_word' id='word_1_351' title='bbox 1710 2959 1912 2999; x_wconf 86' lang='lat' dir='ltr'><strong>novum</strong></span> <span class='ocrx_word' id='word_1_352' title='bbox 1955 2944 2042 2999; x_wconf 84' lang='lat' dir='ltr'><strong>in-</strong></span> 
     </span>
    </p>
   </div>
   <div class='ocr_carea' id='block_1_48' title="bbox 456 3036 2042 3105">
    <p class='ocr_par' dir='ltr' id='par_1_48' title="bbox 456 3036 2042 3105">
     <span class='ocr_line' id='line_1_48' title="bbox 456 3036 2042 3105; baseline -0.001 -14"><span class='ocrx_word' id='word_1_353' title='bbox 456 3044 863 3105; x_wconf 86' lang='lat' dir='ltr'><strong>cruentumque</strong></span> <span class='ocrx_word' id='word_1_354' title='bbox 895 3036 1250 3100; x_wconf 85' lang='lat' dir='ltr'><strong>sacriﬁcium,</strong></span> <span class='ocrx_word' id='word_1_355' title='bbox 1280 3051 1484 3092; x_wconf 88' lang='lat' dir='ltr'><strong>novum</strong></span> <span class='ocrx_word' id='word_1_356' title='bbox 1511 3046 1565 3092; x_wconf 95' lang='lat' dir='ltr'><strong>et</strong></span> <span class='ocrx_word' id='word_1_357' title='bbox 1600 3037 1845 3091; x_wconf 89' lang='lat' dir='ltr'><strong>divinum</strong></span> <span class='ocrx_word' id='word_1_358' title='bbox 1878 3043 2042 3093; x_wconf 56' lang='lat' dir='ltr'><strong>testas-</strong></span> 
     </span>
    </p>
   </div>
   <div class='ocr_carea' id='block_1_49' title="bbox 457 3124 2039 3195">
    <p class='ocr_par' dir='ltr' id='par_1_49' title="bbox 457 3124 2039 3195">
     <span class='ocr_line' id='line_1_49' title="bbox 457 3124 2039 3195; baseline 0.001 -18"><span class='ocrx_word' id='word_1_359' title='bbox 457 3131 726 3178; x_wconf 87' lang='lat' dir='ltr'><strong>mentum.</strong></span> <span class='ocrx_word' id='word_1_360' title='bbox 760 3124 1125 3180; x_wconf 83' lang='lat' dir='ltr'><strong>Renovamini</strong></span> <span class='ocrx_word' id='word_1_361' title='bbox 1156 3125 1421 3180; x_wconf 87' lang='lat' dir='ltr'><strong>hodierno</strong></span> <span class='ocrx_word' id='word_1_362' title='bbox 1449 3125 1559 3189; x_wconf 87' lang='lat' dir='ltr'><strong>die,</strong></span> <span class='ocrx_word' id='word_1_363' title='bbox 1589 3133 1643 3179; x_wconf 90' lang='lat' dir='ltr'><strong>et</strong></span> <span class='ocrx_word' id='word_1_364' title='bbox 1667 3125 1922 3195; x_wconf 91' lang='lat' dir='ltr'><strong>spiritum</strong></span> <span class='ocrx_word' id='word_1_365' title='bbox 1961 3140 2039 3179; x_wconf 79' lang='lat' dir='ltr'><strong>re-</strong></span> 
     </span>
    </p>
   </div>
   <div class='ocr_carea' id='block_1_50' title="bbox 2139 1935 3716 2012">
    <p class='ocr_par' dir='ltr' id='par_1_50' title="bbox 2139 1935 3716 2012">
     <span class='ocr_line' id='line_1_50' title="bbox 2139 1935 3716 2012; baseline -0.004 -18"><span class='ocrx_word' id='word_1_366' title='bbox 2139 1941 2319 2005; x_wconf 79' lang='grc' dir='ltr'>ὂείας·</span> <span class='ocrx_word' id='word_1_367' title='bbox 2350 1943 2409 1995; x_wconf 83' lang='grc' dir='ltr'>ὲν</span> <span class='ocrx_word' id='word_1_368' title='bbox 2427 1940 2600 2012; x_wconf 80' lang='grc' dir='ltr'>ταύτῃ</span> <span class='ocrx_word' id='word_1_369' title='bbox 2628 1941 2941 1994; x_wconf 85' lang='grc' dir='ltr'>κατέπαυσε</span> <span class='ocrx_word' id='word_1_370' title='bbox 2965 1941 3026 1993; x_wconf 85' lang='grc' dir='ltr'>τὸ</span> <span class='ocrx_word' id='word_1_371' title='bbox 3051 1939 3251 2011; x_wconf 86' lang='grc' dir='ltr'>κράτος</span> <span class='ocrx_word' id='word_1_372' title='bbox 3292 1937 3387 1989; x_wconf 88' lang='grc' dir='ltr'><strong>τοῦ</strong></span> <span class='ocrx_word' id='word_1_373' title='bbox 3424 1935 3716 2006; x_wconf 78' lang='grc' dir='ltr'>τυράννου,</span> 
     </span>
    </p>
   </div>
   <div class='ocr_carea' id='block_1_51' title="bbox 2140 2027 3720 2101">
    <p class='ocr_par' dir='ltr' id='par_1_51' title="bbox 2140 2027 3720 2101">
     <span class='ocr_line' id='line_1_51' title="bbox 2140 2027 3720 2101; baseline -0.003 -16"><span class='ocrx_word' id='word_1_374' title='bbox 2140 2030 2351 2085; x_wconf 75' lang='grc' dir='ltr'>καὶτοῦ</span> <span class='ocrx_word' id='word_1_375' title='bbox 2381 2030 2512 2085; x_wconf 90' lang='grc' dir='ltr'>λαοῦ</span> <span class='ocrx_word' id='word_1_376' title='bbox 2541 2030 2652 2100; x_wconf 82' lang='grc'><strong>(51)</strong></span> <span class='ocrx_word' id='word_1_377' title='bbox 2677 2030 2738 2083; x_wconf 83' lang='grc' dir='ltr'>τὸ</span> <span class='ocrx_word' id='word_1_378' title='bbox 2770 2031 2993 2101; x_wconf 78' lang='grc' dir='ltr'>κέντρον</span> <span class='ocrx_word' id='word_1_379' title='bbox 3016 2045 3030 2058; x_wconf 87' lang='grc'><strong>·</strong></span> <span class='ocrx_word' id='word_1_380' title='bbox 3075 2031 3133 2083; x_wconf 82' lang='grc' dir='ltr'>ὲν</span> <span class='ocrx_word' id='word_1_381' title='bbox 3167 2027 3339 2098; x_wconf 80' lang='grc' dir='ltr'>ταύτῃ</span> <span class='ocrx_word' id='word_1_382' title='bbox 3373 2027 3720 2080; x_wconf 74' lang='grc' dir='ltr'>κατέπαυσεν</span> 
     </span>
    </p>
   </div>
   <div class='ocr_carea' id='block_1_52' title="bbox 2138 2117 3720 2193">
    <p class='ocr_par' dir='ltr' id='par_1_52' title="bbox 2138 2117 3720 2193">
     <span class='ocr_line' id='line_1_52' title="bbox 2138 2117 3720 2193; baseline -0.003 -18"><span class='ocrx_word' id='word_1_383' title='bbox 2138 2122 2340 2193; x_wconf 80' lang='grc' dir='ltr'>ὁμικὰς</span> <span class='ocrx_word' id='word_1_384' title='bbox 2373 2121 2484 2192; x_wconf 73' lang='grc'><strong>(52)</strong></span> <span class='ocrx_word' id='word_1_385' title='bbox 2509 2121 2700 2185; x_wconf 83' lang='grc' dir='ltr'>θυσίας</span> <span class='ocrx_word' id='word_1_386' title='bbox 2731 2121 2825 2175; x_wconf 79' lang='grc' dir='ltr'>καὶ</span> <span class='ocrx_word' id='word_1_387' title='bbox 2857 2120 3150 2192; x_wconf 77' lang='grc' dir='ltr'>νεομηνίας</span> <span class='ocrx_word' id='word_1_388' title='bbox 3169 2138 3180 2148; x_wconf 95' lang='grc'><strong>·</strong></span> <span class='ocrx_word' id='word_1_389' title='bbox 3212 2120 3272 2172; x_wconf 81' lang='grc' dir='ltr'>ὲν</span> <span class='ocrx_word' id='word_1_390' title='bbox 3294 2117 3472 2189; x_wconf 75' lang='grc' dir='ltr'>ταύτῃ</span> <span class='ocrx_word' id='word_1_391' title='bbox 3497 2118 3720 2180; x_wconf 77' lang='grc' dir='ltr'>καινοὺς</span> 
     </span>
    </p>
   </div>
   <div class='ocr_carea' id='block_1_53' title="bbox 2139 2209 3709 2286">
    <p class='ocr_par' dir='ltr' id='par_1_53' title="bbox 2139 2209 3709 2286">
     <span class='ocr_line' id='line_1_53' title="bbox 2139 2209 3709 2286; baseline -0.004 -20"><span class='ocrx_word' id='word_1_392' title='bbox 2139 2214 2378 2286; x_wconf 71' lang='grc' dir='ltr'>ἐπήξατο</span> <span class='ocrx_word' id='word_1_393' title='bbox 2409 2217 2476 2284; x_wconf 80' lang='grc' dir='ltr'>τῇ</span> <span class='ocrx_word' id='word_1_394' title='bbox 2512 2214 2687 2267; x_wconf 80' lang='grc' dir='ltr'>κτίσει</span> <span class='ocrx_word' id='word_1_395' title='bbox 2711 2214 2869 2285; x_wconf 82' lang='grc' dir='ltr'>ὅρους</span> <span class='ocrx_word' id='word_1_396' title='bbox 2895 2212 2988 2266; x_wconf 73' lang='grc' dir='ltr'>καὶ</span> <span class='ocrx_word' id='word_1_397' title='bbox 3024 2212 3224 2282; x_wconf 76' lang='grc' dir='ltr'>νόμους</span> <span class='ocrx_word' id='word_1_398' title='bbox 3247 2228 3260 2240; x_wconf 94' lang='grc'><strong>·</strong></span> <span class='ocrx_word' id='word_1_399' title='bbox 3305 2210 3364 2264; x_wconf 82' lang='grc' dir='ltr'>ὲν</span> <span class='ocrx_word' id='word_1_400' title='bbox 3395 2209 3569 2281; x_wconf 80' lang='grc' dir='ltr'>ταύτῃ</span> <span class='ocrx_word' id='word_1_401' title='bbox 3593 2225 3709 2261; x_wconf 61' lang='grc' dir='ltr'>κατα</span> 
     </span>
    </p>
   </div>
   <div class='ocr_carea' id='block_1_54' title="bbox 2140 2297 3722 2376">
    <p class='ocr_par' dir='ltr' id='par_1_54' title="bbox 2140 2297 3722 2376">
     <span class='ocr_line' id='line_1_54' title="bbox 2140 2297 3722 2376; baseline -0.003 -19"><span class='ocrx_word' id='word_1_402' title='bbox 2140 2304 2348 2358; x_wconf 85' lang='grc' dir='ltr'>έπαυσε</span> <span class='ocrx_word' id='word_1_403' title='bbox 2379 2304 2439 2357; x_wconf 83' lang='grc' dir='ltr'>τὸ</span> <span class='ocrx_word' id='word_1_404' title='bbox 2465 2305 2657 2375; x_wconf 84' lang='grc' dir='ltr'>Πάσχα</span> <span class='ocrx_word' id='word_1_405' title='bbox 2685 2304 2781 2357; x_wconf 85' lang='grc' dir='ltr'><strong>τοῦ</strong></span> <span class='ocrx_word' id='word_1_406' title='bbox 2805 2305 2993 2376; x_wconf 84' lang='grc' dir='ltr'>νόμου,</span> <span class='ocrx_word' id='word_1_407' title='bbox 3027 2303 3121 2356; x_wconf 78' lang='grc' dir='ltr'>καὶ</span> <span class='ocrx_word' id='word_1_408' title='bbox 3146 2302 3434 2355; x_wconf 85' lang='grc' dir='ltr'>Ἰουδαίων·</span> <span class='ocrx_word' id='word_1_409' title='bbox 3464 2302 3522 2354; x_wconf 84' lang='grc' dir='ltr'>ὲν</span> <span class='ocrx_word' id='word_1_410' title='bbox 3543 2297 3722 2371; x_wconf 84' lang='grc' dir='ltr'>ταύτῃ</span> 
     </span>
    </p>
   </div>
   <div class='ocr_carea' id='block_1_55' title="bbox 2140 2391 3720 2467">
    <p class='ocr_par' dir='ltr' id='par_1_55' title="bbox 2140 2391 3720 2467">
     <span class='ocr_line' id='line_1_55' title="bbox 2140 2391 3720 2467; baseline -0.004 -19"><span class='ocrx_word' id='word_1_411' title='bbox 2140 2395 2425 2467; x_wconf 73' lang='grc' dir='ltr'>ἐπλήρωσε</span> <span class='ocrx_word' id='word_1_412' title='bbox 2453 2397 2628 2450; x_wconf 80' lang='grc' dir='ltr'>πάντα</span> <span class='ocrx_word' id='word_1_413' title='bbox 2647 2396 2739 2453; x_wconf 85' lang='grc' dir='ltr'>τὸν</span> <span class='ocrx_word' id='word_1_414' title='bbox 2763 2397 2952 2463; x_wconf 83' lang='grc' dir='ltr'>τύπον,</span> <span class='ocrx_word' id='word_1_415' title='bbox 3010 2396 3169 2451; x_wconf 84' lang='grc' dir='ltr'>σκιὰν</span> <span class='ocrx_word' id='word_1_416' title='bbox 3217 2397 3311 2449; x_wconf 79' lang='grc' dir='ltr'>καὶ</span> <span class='ocrx_word' id='word_1_417' title='bbox 3356 2391 3720 2464; x_wconf 77' lang='grc' dir='ltr'>προφητείαν.</span> 
     </span>
    </p>
   </div>
   <div class='ocr_carea' id='block_1_56' title="bbox 2145 2472 3713 2560">
    <p class='ocr_par' dir='ltr' id='par_1_56' title="bbox 2145 2472 3713 2560">
     <span class='ocr_line' id='line_1_56' title="bbox 2145 2472 3713 2560; baseline -0.004 -19"><span class='ocrx_word' id='word_1_418' title='bbox 2145 2486 2218 2541; x_wconf 83' lang='grc' dir='ltr'><em>Τὸ</em></span> <span class='ocrx_word' id='word_1_419' title='bbox 2247 2486 2462 2556; x_wconf 80' lang='grc' dir='ltr'>Πάσχα</span> <span class='ocrx_word' id='word_1_420' title='bbox 2484 2488 2677 2558; x_wconf 72' lang='grc' dir='ltr'>ἡμῶν,</span> <span class='ocrx_word' id='word_1_421' title='bbox 2702 2490 2764 2544; x_wconf 82' lang='grc' dir='ltr'>τὸ</span> <span class='ocrx_word' id='word_1_422' title='bbox 2795 2490 2988 2560; x_wconf 81' lang='grc' dir='ltr'>Πάσχα</span> <span class='ocrx_word' id='word_1_423' title='bbox 3006 2489 3066 2542; x_wconf 83' lang='grc' dir='ltr'>τὸ</span> <span class='ocrx_word' id='word_1_424' title='bbox 3085 2486 3355 2560; x_wconf 83' lang='grc' dir='ltr'>ἀληθινὸν,</span> <span class='ocrx_word' id='word_1_425' title='bbox 3376 2472 3556 2551; x_wconf 52' lang='lat' dir='ltr'><strong>eaeor.</strong></span> <span class='ocrx_word' id='word_1_426' title='bbox 3587 2484 3713 2551; x_wconf 84' lang='lat' dir='ltr'><strong>Xpt—</strong></span> 
     </span>
    </p>
   </div>
   <div class='ocr_carea' id='block_1_57' title="bbox 2139 2572 3723 2650">
    <p class='ocr_par' dir='ltr' id='par_1_57' title="bbox 2139 2572 3723 2650">
     <span class='ocr_line' id='line_1_57' title="bbox 2139 2572 3723 2650; baseline -0.004 -18"><span class='ocrx_word' id='word_1_427' title='bbox 2139 2578 2307 2646; x_wconf 80' lang='grc' dir='ltr'>στύς,</span> <span class='ocrx_word' id='word_1_428' title='bbox 2349 2579 2444 2634; x_wconf 80' lang='grc' dir='ltr'>καὶ</span> <span class='ocrx_word' id='word_1_429' title='bbox 2478 2580 2614 2647; x_wconf 80' lang='grc' dir='ltr'>ἣτις</span> <span class='ocrx_word' id='word_1_430' title='bbox 2657 2581 2728 2634; x_wconf 83' lang='grc' dir='ltr'><strong>ἐν</strong></span> <span class='ocrx_word' id='word_1_431' title='bbox 2765 2579 2998 2650; x_wconf 76' lang='grc' dir='ltr'>Χριστῷ</span> <span class='ocrx_word' id='word_1_432' title='bbox 3039 2578 3218 2647; x_wconf 74' lang='grc' dir='ltr'>καινὴ</span> <span class='ocrx_word' id='word_1_433' title='bbox 3259 2576 3477 2642; x_wconf 79' lang='grc' dir='ltr'>κτίσις,</span> <span class='ocrx_word' id='word_1_434' title='bbox 3507 2574 3630 2643; x_wconf 72' lang='grc' dir='ltr'>ἥτις</span> <span class='ocrx_word' id='word_1_435' title='bbox 3660 2572 3723 2625; x_wconf 80' lang='grc' dir='ltr'>ὲν</span> 
     </span>
    </p>
   </div>
   <div class='ocr_carea' id='block_1_58' title="bbox 2140 2661 3725 2741">
    <p class='ocr_par' dir='ltr' id='par_1_58' title="bbox 2140 2661 3725 2741">
     <span class='ocr_line' id='line_1_58' title="bbox 2140 2661 3725 2741; baseline -0.006 -17"><span class='ocrx_word' id='word_1_436' title='bbox 2140 2668 2362 2741; x_wconf 84' lang='grc' dir='ltr'>Χριστῷ</span> <span class='ocrx_word' id='word_1_437' title='bbox 2405 2669 2564 2741; x_wconf 84' lang='grc' dir='ltr'>καινὴ</span> <span class='ocrx_word' id='word_1_438' title='bbox 2612 2671 2815 2734; x_wconf 83' lang='grc' dir='ltr'>πίστις,</span> <span class='ocrx_word' id='word_1_439' title='bbox 2871 2669 3049 2722; x_wconf 79' lang='grc' dir='ltr'>καινοὶ</span> <span class='ocrx_word' id='word_1_440' title='bbox 3098 2668 3277 2740; x_wconf 91' lang='grc' dir='ltr'>νόμοι,</span> <span class='ocrx_word' id='word_1_441' title='bbox 3329 2665 3516 2727; x_wconf 78' lang='grc' dir='ltr'>καινὸς</span> <span class='ocrx_word' id='word_1_442' title='bbox 3554 2665 3583 2716; x_wconf 98' lang='lat'><strong>6</strong></span> <span class='ocrx_word' id='word_1_443' title='bbox 3624 2661 3725 2716; x_wconf 86' lang='grc' dir='ltr'><strong>τοῦ</strong></span> 
     </span>
    </p>
   </div>
   <div class='ocr_carea' id='block_1_59' title="bbox 2140 2752 3724 2828">
    <p class='ocr_par' dir='ltr' id='par_1_59' title="bbox 2140 2752 3724 2828">
     <span class='ocr_line' id='line_1_59' title="bbox 2140 2752 3724 2828; baseline -0.006 -12"><span class='ocrx_word' id='word_1_444' title='bbox 2140 2763 2277 2816; x_wconf 89' lang='grc' dir='ltr'>Θεοῦ</span> <span class='ocrx_word' id='word_1_445' title='bbox 2327 2762 2489 2827; x_wconf 86' lang='grc' dir='ltr'>λαός·</span> <span class='ocrx_word' id='word_1_446' title='bbox 2530 2763 2737 2826; x_wconf 76' lang='grc' dir='ltr'>καινὸς,</span> <span class='ocrx_word' id='word_1_447' title='bbox 2786 2761 2900 2816; x_wconf 82' lang='grc' dir='ltr'>ἀλλ’</span> <span class='ocrx_word' id='word_1_448' title='bbox 2941 2762 3002 2815; x_wconf 84' lang='grc' dir='ltr'><strong>ού</strong></span> <span class='ocrx_word' id='word_1_449' title='bbox 3046 2760 3275 2820; x_wconf 83' lang='grc' dir='ltr'>παλαιὸς</span> <span class='ocrx_word' id='word_1_450' title='bbox 3342 2752 3576 2828; x_wconf 77' lang='grc' dir='ltr'>Ἰσραὴλ,</span> <span class='ocrx_word' id='word_1_451' title='bbox 3625 2755 3724 2808; x_wconf 74' lang='grc' dir='ltr'>καὶ</span> 
     </span>
    </p>
   </div>
   <div class='ocr_carea' id='block_1_60' title="bbox 2141 2847 3724 2924">
    <p class='ocr_par' dir='ltr' id='par_1_60' title="bbox 2141 2847 3724 2924">
     <span class='ocr_line' id='line_1_60' title="bbox 2141 2847 3724 2924; baseline -0.006 -16"><span class='ocrx_word' id='word_1_452' title='bbox 2141 2854 2327 2908; x_wconf 84' lang='grc' dir='ltr'>καινὸν</span> <span class='ocrx_word' id='word_1_453' title='bbox 2370 2856 2562 2924; x_wconf 84' lang='grc' dir='ltr'>Πάσχα</span> <span class='ocrx_word' id='word_1_454' title='bbox 2584 2870 2600 2887; x_wconf 77' lang='grc' dir='ltr'><strong>ο</strong></span> <span class='ocrx_word' id='word_1_455' title='bbox 2657 2853 2820 2923; x_wconf 81' lang='grc' dir='ltr'>καινὴ</span> <span class='ocrx_word' id='word_1_456' title='bbox 2868 2853 2963 2906; x_wconf 74' lang='grc' dir='ltr'>καὶ</span> <span class='ocrx_word' id='word_1_457' title='bbox 3015 2849 3357 2922; x_wconf 79' lang='grc' dir='ltr'>πνευματικὴ</span> <span class='ocrx_word' id='word_1_458' title='bbox 3411 2847 3684 2918; x_wconf 88' lang='grc' dir='ltr'>περιτομή</span> <span class='ocrx_word' id='word_1_459' title='bbox 3706 2862 3724 2876; x_wconf 92' lang='grc'><strong>·</strong></span> 
     </span>
    </p>
   </div>
   <div class='ocr_carea' id='block_1_61' title="bbox 2142 2935 3725 3016">
    <p class='ocr_par' dir='ltr' id='par_1_61' title="bbox 2142 2935 3725 3016">
     <span class='ocr_line' id='line_1_61' title="bbox 2142 2935 3725 3016; baseline -0.008 -18"><span class='ocrx_word' id='word_1_460' title='bbox 2142 2944 2307 3016; x_wconf 78' lang='grc' dir='ltr'>καινὴ</span> <span class='ocrx_word' id='word_1_461' title='bbox 2332 2945 2428 2998; x_wconf 74' lang='grc' dir='ltr'>καὶ</span> <span class='ocrx_word' id='word_1_462' title='bbox 2454 2945 2792 3016; x_wconf 82' lang='grc' dir='ltr'>ἀναίμακτος</span> <span class='ocrx_word' id='word_1_463' title='bbox 2826 2943 2986 2997; x_wconf 88' lang='grc' dir='ltr'>θυσία</span> <span class='ocrx_word' id='word_1_464' title='bbox 3007 2959 3020 2973; x_wconf 90' lang='grc'><strong>·</strong></span> <span class='ocrx_word' id='word_1_465' title='bbox 3053 2942 3214 3013; x_wconf 83' lang='grc' dir='ltr'>καινὴ</span> <span class='ocrx_word' id='word_1_466' title='bbox 3247 2941 3344 2994; x_wconf 75' lang='grc' dir='ltr'>καὶ</span> <span class='ocrx_word' id='word_1_467' title='bbox 3383 2939 3504 2993; x_wconf 85' lang='grc' dir='ltr'>θεία</span> <span class='ocrx_word' id='word_1_468' title='bbox 3531 2935 3725 3006; x_wconf 86' lang='grc' dir='ltr'>διαθή-</span> 
     </span>
    </p>
   </div>
   <div class='ocr_carea' id='block_1_62' title="bbox 2142 3024 3741 3106">
    <p class='ocr_par' dir='ltr' id='par_1_62' title="bbox 2142 3024 3741 3106">
     <span class='ocr_line' id='line_1_62' title="bbox 2142 3024 3741 3106; baseline -0.009 -17"><span class='ocrx_word' id='word_1_469' title='bbox 2142 3053 2235 3106; x_wconf 87' lang='grc' dir='ltr'><strong>κη.</strong></span> <span class='ocrx_word' id='word_1_470' title='bbox 2274 3033 2677 3103; x_wconf 81' lang='grc' dir='ltr'>Ἐγκαινίζεσθε</span> <span class='ocrx_word' id='word_1_471' title='bbox 2710 3035 2969 3104; x_wconf 86' lang='grc' dir='ltr'>σήμερον,</span> <span class='ocrx_word' id='word_1_472' title='bbox 2999 3030 3092 3084; x_wconf 76' lang='grc' dir='ltr'>καὶ</span> <span class='ocrx_word' id='word_1_473' title='bbox 3120 3029 3338 3097; x_wconf 87' lang='grc' dir='ltr'>πνεῦμα</span> <span class='ocrx_word' id='word_1_474' title='bbox 3359 3024 3515 3088; x_wconf 64' lang='lat' dir='ltr'><strong>eset;</strong></span> <span class='ocrx_word' id='word_1_475' title='bbox 3539 3026 3741 3092; x_wconf 62' lang='grc' dir='ltr'>ἐγκαιο</span> 
     </span>
    </p>
   </div>
   <div class='ocr_carea' id='block_1_63' title="bbox 2141 3113 3727 3191">
    <p class='ocr_par' dir='ltr' id='par_1_63' title="bbox 2141 3113 3727 3191">
     <span class='ocr_line' id='line_1_63' title="bbox 2141 3113 3727 3191; baseline -0.006 -16"><span class='ocrx_word' id='word_1_476' title='bbox 2141 3122 2324 3176; x_wconf 85' lang='grc' dir='ltr'>νίσατε</span> <span class='ocrx_word' id='word_1_477' title='bbox 2355 3123 2413 3175; x_wconf 78' lang='grc' dir='ltr'><strong>έν</strong></span> <span class='ocrx_word' id='word_1_478' title='bbox 2436 3122 2557 3184; x_wconf 83' lang='grc' dir='ltr'>ταῖς</span> <span class='ocrx_word' id='word_1_479' title='bbox 2585 3120 2833 3191; x_wconf 86' lang='grc' dir='ltr'>καρδίαις</span> <span class='ocrx_word' id='word_1_480' title='bbox 2866 3118 3019 3190; x_wconf 80' lang='grc' dir='ltr'>ὑμῶν</span> <span class='ocrx_word' id='word_1_481' title='bbox 3038 3159 3053 3184; x_wconf 93' lang='grc'><strong>,</strong></span> <span class='ocrx_word' id='word_1_482' title='bbox 3091 3119 3239 3181; x_wconf 84' lang='grc' dir='ltr'>ὅπως</span> <span class='ocrx_word' id='word_1_483' title='bbox 3275 3115 3501 3186; x_wconf 84' lang='grc' dir='ltr'>δέξησθε</span> <span class='ocrx_word' id='word_1_484' title='bbox 3528 3114 3595 3167; x_wconf 79' lang='grc' dir='ltr'>τὰ</span> <span class='ocrx_word' id='word_1_485' title='bbox 3624 3113 3727 3183; x_wconf 83' lang='grc' dir='ltr'>τῆς</span> 
     </span>
    </p>
   </div>
   <div class='ocr_carea' id='block_1_64' title="bbox 458 3207 2039 3283">
    <p class='ocr_par' dir='ltr' id='par_1_64' title="bbox 458 3215 2036 3281">
     <span class='ocr_line' id='line_1_64' title="bbox 458 3215 2036 3281; baseline 0.001 -11"><span class='ocrx_word' id='word_1_486' title='bbox 458 3226 606 3270; x_wconf 78' lang='lat' dir='ltr'><strong>ctum</strong></span> <span class='ocrx_word' id='word_1_487' title='bbox 659 3215 919 3271; x_wconf 90' lang='lat' dir='ltr'><strong>innovate</strong></span> <span class='ocrx_word' id='word_1_488' title='bbox 951 3216 1007 3269; x_wconf 91' lang='lat' dir='ltr'><strong>in</strong></span> <span class='ocrx_word' id='word_1_489' title='bbox 1036 3216 1297 3271; x_wconf 86' lang='lat' dir='ltr'><strong>cordibus</strong></span> <span class='ocrx_word' id='word_1_490' title='bbox 1344 3217 1566 3281; x_wconf 87' lang='lat' dir='ltr'><strong>vestris,</strong></span> <span class='ocrx_word' id='word_1_491' title='bbox 1609 3226 1670 3271; x_wconf 90' lang='lat' dir='ltr'><strong>ut</strong></span> <span class='ocrx_word' id='word_1_492' title='bbox 1714 3217 1840 3271; x_wconf 90' lang='lat' dir='ltr'><strong>novi</strong></span> <span class='ocrx_word' id='word_1_493' title='bbox 1887 3218 2036 3272; x_wconf 88' lang='lat' dir='ltr'><strong>illius</strong></span> 
     </span>
    </p>
   </div>
   <div class='ocr_carea' id='block_1_65' title="bbox 2141 3207 3726 3283">
    <p class='ocr_par' dir='ltr' id='par_1_65' title="bbox 2142 3207 3726 3283">
     <span class='ocr_line' id='line_1_65' title="bbox 2142 3207 3726 3283; baseline -0.004 -18"><span class='ocrx_word' id='word_1_494' title='bbox 2142 3211 2335 3283; x_wconf 77' lang='grc' dir='ltr'>ἑορτῆς</span> <span class='ocrx_word' id='word_1_495' title='bbox 2359 3212 2459 3281; x_wconf 86' lang='grc' dir='ltr'>τῆς</span> <span class='ocrx_word' id='word_1_496' title='bbox 2479 3211 2602 3271; x_wconf 80' lang='grc' dir='ltr'>νέας</span> <span class='ocrx_word' id='word_1_497' title='bbox 2629 3212 2725 3265; x_wconf 75' lang='grc' dir='ltr'>καὶ</span> <span class='ocrx_word' id='word_1_498' title='bbox 2749 3210 3008 3282; x_wconf 79' lang='grc' dir='ltr'>ἀληθινῆς</span> <span class='ocrx_word' id='word_1_499' title='bbox 3048 3211 3344 3282; x_wconf 89' lang='grc' dir='ltr'>μυστήρια,</span> <span class='ocrx_word' id='word_1_500' title='bbox 3378 3207 3472 3260; x_wconf 74' lang='grc' dir='ltr'>καὶ</span> <span class='ocrx_word' id='word_1_501' title='bbox 3508 3208 3726 3277; x_wconf 84' lang='grc' dir='ltr'>τρυφή-</span> 
     </span>
    </p>
   </div>
   <div class='ocr_carea' id='block_1_66' title="bbox 455 3304 2037 3378">
    <p class='ocr_par' dir='ltr' id='par_1_66' title="bbox 455 3304 2037 3378">
     <span class='ocr_line' id='line_1_66' title="bbox 455 3304 2037 3378; baseline 0.006 -21"><span class='ocrx_word' id='word_1_502' title='bbox 455 3304 684 3375; x_wconf 89' lang='lat' dir='ltr'><strong>verique</strong></span> <span class='ocrx_word' id='word_1_503' title='bbox 738 3304 863 3362; x_wconf 90' lang='lat' dir='ltr'><strong>festi</strong></span> <span class='ocrx_word' id='word_1_504' title='bbox 914 3309 1171 3378; x_wconf 87' lang='lat' dir='ltr'><strong>mysteria</strong></span> <span class='ocrx_word' id='word_1_505' title='bbox 1212 3308 1548 3378; x_wconf 87' lang='lat' dir='ltr'><strong>percipiatis,</strong></span> <span class='ocrx_word' id='word_1_506' title='bbox 1599 3324 1663 3363; x_wconf 88' lang='lat' dir='ltr'><strong>ac</strong></span> <span class='ocrx_word' id='word_1_507' title='bbox 1719 3309 2037 3366; x_wconf 74' lang='lat' dir='ltr'><strong>cmlestibus</strong></span> 
     </span>
    </p>
   </div>
   <div class='ocr_carea' id='block_1_67' title="bbox 460 3394 2040 3467">
    <p class='ocr_par' dir='ltr' id='par_1_67' title="bbox 460 3394 2040 3467">
     <span class='ocr_line' id='line_1_67' title="bbox 460 3394 2040 3467; baseline 0.004 -21"><span class='ocrx_word' id='word_1_508' title='bbox 460 3409 652 3448; x_wconf 86' lang='lat' dir='ltr'><strong>revera</strong></span> <span class='ocrx_word' id='word_1_509' title='bbox 680 3394 894 3451; x_wconf 87' lang='lat' dir='ltr'><strong>deliciis</strong></span> <span class='ocrx_word' id='word_1_510' title='bbox 921 3395 1130 3466; x_wconf 81' lang='lat' dir='ltr'><strong>perfrui</strong></span> <span class='ocrx_word' id='word_1_511' title='bbox 1167 3397 1422 3466; x_wconf 89' lang='lat' dir='ltr'><strong>possitis;</strong></span> <span class='ocrx_word' id='word_1_512' title='bbox 1451 3403 1505 3451; x_wconf 88' lang='lat' dir='ltr'><strong>et</strong></span> <span class='ocrx_word' id='word_1_513' title='bbox 1532 3412 1631 3467; x_wconf 88' lang='lat' dir='ltr'><strong>pro</strong></span> <span class='ocrx_word' id='word_1_514' title='bbox 1661 3407 1864 3461; x_wconf 87' lang='lat' dir='ltr'><strong>vetere,</strong></span> <span class='ocrx_word' id='word_1_515' title='bbox 1915 3400 2040 3454; x_wconf 92' lang='lat' dir='ltr'><strong>novi</strong></span> 
     </span>
    </p>
   </div>
   <div class='ocr_carea' id='block_1_68' title="bbox 457 3485 2040 3558">
    <p class='ocr_par' dir='ltr' id='par_1_68' title="bbox 457 3485 2040 3558">
     <span class='ocr_line' id='line_1_68' title="bbox 457 3485 2040 3558; baseline 0.006 -20"><span class='ocrx_word' id='word_1_516' title='bbox 457 3485 745 3542; x_wconf 80' lang='lat' dir='ltr'><strong>Paschatis</strong></span> <span class='ocrx_word' id='word_1_517' title='bbox 788 3489 1089 3558; x_wconf 79' lang='lat' dir='ltr'><strong>expressis,</strong></span> <span class='ocrx_word' id='word_1_518' title='bbox 1121 3502 1187 3543; x_wconf 91' lang='lat' dir='ltr'><strong>ac</strong></span> <span class='ocrx_word' id='word_1_519' title='bbox 1235 3503 1516 3557; x_wconf 84' lang='lat' dir='ltr'><strong>nunquam</strong></span> <span class='ocrx_word' id='word_1_520' title='bbox 1568 3491 2040 3547; x_wconf 88' lang='lat' dir='ltr'><strong>obsolescentibus</strong></span> 
     </span>
    </p>
   </div>
   <div class='ocr_carea' id='block_1_69' title="bbox 460 3578 2042 3654">
    <p class='ocr_par' dir='ltr' id='par_1_69' title="bbox 460 3578 2042 3654">
     <span class='ocr_line' id='line_1_69' title="bbox 460 3578 2042 3654; baseline 0.004 -22"><span class='ocrx_word' id='word_1_521' title='bbox 460 3578 852 3649; x_wconf 86' lang='lat' dir='ltr'><strong>mysteriorum</strong></span> <span class='ocrx_word' id='word_1_522' title='bbox 905 3578 1309 3649; x_wconf 84' lang='lat' dir='ltr'><strong>exemplaribus</strong></span> <span class='ocrx_word' id='word_1_523' title='bbox 1363 3580 1582 3648; x_wconf 88' lang='lat' dir='ltr'><strong>initiati,</strong></span> <span class='ocrx_word' id='word_1_524' title='bbox 1636 3581 2042 3654; x_wconf 59' lang='lat' dir='ltr'><strong>illuminatique</strong></span> 
     </span>
    </p>
   </div>
   <div class='ocr_carea' id='block_1_70' title="bbox 460 3670 2038 3744">
    <p class='ocr_par' dir='ltr' id='par_1_70' title="bbox 460 3670 2038 3744">
     <span class='ocr_line' id='line_1_70' title="bbox 460 3670 2038 3744; baseline 0.002 -18"><span class='ocrx_word' id='word_1_525' title='bbox 460 3670 791 3736; x_wconf 90' lang='lat' dir='ltr'><strong>discedatis;</strong></span> <span class='ocrx_word' id='word_1_526' title='bbox 836 3671 1294 3742; x_wconf 85' lang='lat' dir='ltr'><strong>cognoscatisque</strong></span> <span class='ocrx_word' id='word_1_527' title='bbox 1337 3680 1602 3744; x_wconf 86' lang='lat' dir='ltr'><strong>quantum</strong></span> <span class='ocrx_word' id='word_1_528' title='bbox 1656 3675 1800 3730; x_wconf 88' lang='lat' dir='ltr'><strong>inter</strong></span> <span class='ocrx_word' id='word_1_529' title='bbox 1828 3685 2038 3743; x_wconf 89' lang='lat' dir='ltr'><strong>nostra,</strong></span> 
     </span>
    </p>
   </div>
   <div class='ocr_carea' id='block_1_71' title="bbox 460 3758 2042 3837">
    <p class='ocr_par' dir='ltr' id='par_1_71' title="bbox 460 3758 2042 3837">
     <span class='ocr_line' id='line_1_71' title="bbox 460 3758 2042 3837; baseline 0.003 -22"><span class='ocrx_word' id='word_1_530' title='bbox 460 3768 516 3815; x_wconf 88' lang='lat' dir='ltr'><strong>et</strong></span> <span class='ocrx_word' id='word_1_531' title='bbox 542 3758 770 3814; x_wconf 81' lang='lat' dir='ltr'><strong>Judaica</strong></span> <span class='ocrx_word' id='word_1_532' title='bbox 804 3761 1144 3823; x_wconf 86' lang='lat' dir='ltr'><strong>discriminis</strong></span> <span class='ocrx_word' id='word_1_533' title='bbox 1194 3762 1434 3831; x_wconf 84' lang='lat' dir='ltr'><strong>intersit,</strong></span> <span class='ocrx_word' id='word_1_534' title='bbox 1465 3780 1695 3836; x_wconf 65' lang='lat' dir='ltr'><strong>quaeque</strong></span> <span class='ocrx_word' id='word_1_535' title='bbox 1742 3766 1814 3820; x_wconf 89' lang='lat' dir='ltr'><strong>sit</strong></span> <span class='ocrx_word' id='word_1_536' title='bbox 1842 3765 2042 3837; x_wconf 84' lang='lat' dir='ltr'><strong>ﬁgura-</strong></span> 
     </span>
    </p>
   </div>
   <div class='ocr_carea' id='block_1_72' title="bbox 461 3853 2041 3928">
    <p class='ocr_par' dir='ltr' id='par_1_72' title="bbox 461 3853 2041 3928">
     <span class='ocr_line' id='line_1_72' title="bbox 461 3853 2041 3928; baseline 0.004 -22"><span class='ocrx_word' id='word_1_537' title='bbox 461 3868 583 3907; x_wconf 88' lang='lat' dir='ltr'><strong>rum</strong></span> <span class='ocrx_word' id='word_1_538' title='bbox 613 3868 739 3907; x_wconf 90' lang='lat' dir='ltr'><strong>cum</strong></span> <span class='ocrx_word' id='word_1_539' title='bbox 766 3853 999 3910; x_wconf 87' lang='lat' dir='ltr'><strong>veritate</strong></span> <span class='ocrx_word' id='word_1_540' title='bbox 1034 3857 1393 3927; x_wconf 87' lang='lat' dir='ltr'><strong>comparatio.</strong></span> <span class='ocrx_word' id='word_1_541' title='bbox 1419 3858 1532 3928; x_wconf 80' lang='lat' dir='ltr'><strong>Age</strong></span> <span class='ocrx_word' id='word_1_542' title='bbox 1559 3873 1714 3923; x_wconf 87' lang='lat' dir='ltr'><strong>vero,</strong></span> <span class='ocrx_word' id='word_1_543' title='bbox 1742 3858 1809 3914; x_wconf 89' lang='lat' dir='ltr'><strong>de</strong></span> <span class='ocrx_word' id='word_1_544' title='bbox 1838 3858 2041 3915; x_wconf 89' lang='lat' dir='ltr'><strong>Christi</strong></span> 
     </span>
    </p>
   </div>
   <div class='ocr_carea' id='block_1_73' title="bbox 463 3943 2043 4019">
    <p class='ocr_par' dir='ltr' id='par_1_73' title="bbox 463 3943 2043 4019">
     <span class='ocr_line' id='line_1_73' title="bbox 463 3943 2043 4019; baseline 0.004 -21"><span class='ocrx_word' id='word_1_545' title='bbox 463 3943 752 4000; x_wconf 81' lang='lat' dir='ltr'><strong>Paschatis</strong></span> <span class='ocrx_word' id='word_1_546' title='bbox 781 3946 1320 4018; x_wconf 87' lang='lat' dir='ltr'><strong>resurrectionisque</strong></span> <span class='ocrx_word' id='word_1_547' title='bbox 1349 3948 1613 4019; x_wconf 89' lang='lat' dir='ltr'><strong>mysterio</strong></span> <span class='ocrx_word' id='word_1_548' title='bbox 1640 3948 1953 4019; x_wconf 85' lang='lat' dir='ltr'><strong>disputandi</strong></span> <span class='ocrx_word' id='word_1_549' title='bbox 1979 3964 2043 4004; x_wconf 87' lang='lat' dir='ltr'><strong>ac</strong></span> 
     </span>
    </p>
   </div>
   <div class='ocr_carea' id='block_1_74' title="bbox 458 4032 1846 4104">
    <p class='ocr_par' dir='ltr' id='par_1_74' title="bbox 458 4032 1846 4104">
     <span class='ocr_line' id='line_1_74' title="bbox 458 4032 1846 4104; baseline -0.001 -14"><span class='ocrx_word' id='word_1_550' title='bbox 458 4033 869 4104; x_wconf 85' lang='lat' dir='ltr'><strong>contemplandi</strong></span> <span class='ocrx_word' id='word_1_551' title='bbox 898 4032 1025 4090; x_wconf 89' lang='lat' dir='ltr'><strong>inde</strong></span> <span class='ocrx_word' id='word_1_552' title='bbox 1050 4034 1210 4091; x_wconf 87' lang='lat' dir='ltr'><strong>nobis</strong></span> <span class='ocrx_word' id='word_1_553' title='bbox 1244 4044 1507 4091; x_wconf 83' lang='lat' dir='ltr'><strong>nascatur</strong></span> <span class='ocrx_word' id='word_1_554' title='bbox 1537 4035 1846 4090; x_wconf 83' lang='lat' dir='ltr'><strong>exordium.</strong></span> 
     </span>
    </p>
   </div>
   <div class='ocr_carea' id='block_1_75' title="bbox 531 4123 2043 4195">
    <p class='ocr_par' dir='ltr' id='par_1_75' title="bbox 531 4123 2043 4195">
     <span class='ocr_line' id='line_1_75' title="bbox 531 4123 2043 4195; baseline 0 -18"><span class='ocrx_word' id='word_1_555' title='bbox 531 4123 1006 4190; x_wconf 85' lang='lat' dir='ltr'><strong>Quemadmodum</strong></span> <span class='ocrx_word' id='word_1_556' title='bbox 1031 4124 1163 4178; x_wconf 86' lang='lat' dir='ltr'><strong>olim</strong></span> <span class='ocrx_word' id='word_1_557' title='bbox 1193 4123 1261 4178; x_wconf 88' lang='lat' dir='ltr'><strong>ad</strong></span> <span class='ocrx_word' id='word_1_558' title='bbox 1284 4125 1469 4194; x_wconf 89' lang='lat' dir='ltr'><strong>populi</strong></span> <span class='ocrx_word' id='word_1_559' title='bbox 1501 4125 1734 4180; x_wconf 86' lang='lat' dir='ltr'><strong>salutem</strong></span> <span class='ocrx_word' id='word_1_560' title='bbox 1765 4124 2043 4195; x_wconf 85' lang='lat' dir='ltr'><strong>legislator</strong></span> 
     </span>
    </p>
   </div>
   <div class='ocr_carea' id='block_1_76' title="bbox 460 4215 2043 4287">
    <p class='ocr_par' dir='ltr' id='par_1_76' title="bbox 460 4215 2043 4287">
     <span class='ocr_line' id='line_1_76' title="bbox 460 4215 2043 4287; baseline 0 -17"><span class='ocrx_word' id='word_1_561' title='bbox 460 4232 491 4270; x_wconf 86' lang='lat' dir='ltr'><strong>a</strong></span> <span class='ocrx_word' id='word_1_562' title='bbox 524 4215 638 4272; x_wconf 89' lang='lat' dir='ltr'><strong>Deo</strong></span> <span class='ocrx_word' id='word_1_563' title='bbox 689 4215 871 4272; x_wconf 80' lang='lat' dir='ltr'><strong>Moses</strong></span> <span class='ocrx_word' id='word_1_564' title='bbox 914 4229 946 4271; x_wconf 89' lang='lat' dir='ltr'><strong>e</strong></span> <span class='ocrx_word' id='word_1_565' title='bbox 999 4215 1218 4271; x_wconf 89' lang='lat' dir='ltr'><strong>sublimi</strong></span> <span class='ocrx_word' id='word_1_566' title='bbox 1264 4223 1452 4272; x_wconf 90' lang='lat' dir='ltr'><strong>monte</strong></span> <span class='ocrx_word' id='word_1_567' title='bbox 1478 4215 1868 4271; x_wconf 72' lang='lat' dir='ltr'><strong>adumbrandae</strong></span> <span class='ocrx_word' id='word_1_568' title='bbox 1907 4215 2043 4287; x_wconf 80' lang='lat' dir='ltr'><strong>legis</strong></span> 
     </span>
    </p>
   </div>
   <div class='ocr_carea' id='block_1_77' title="bbox 459 4302 2046 4377">
    <p class='ocr_par' dir='ltr' id='par_1_77' title="bbox 459 4302 2046 4377">
     <span class='ocr_line' id='line_1_77' title="bbox 459 4302 2046 4377; baseline -0.003 -16"><span class='ocrx_word' id='word_1_569' title='bbox 459 4306 688 4377; x_wconf 75' lang='lat' dir='ltr'><strong>imagini</strong></span> <span class='ocrx_word' id='word_1_570' title='bbox 717 4305 921 4359; x_wconf 87' lang='lat' dir='ltr'><strong>missus</strong></span> <span class='ocrx_word' id='word_1_571' title='bbox 961 4311 1049 4358; x_wconf 89' lang='lat' dir='ltr'><strong>est</strong></span> <span class='ocrx_word' id='word_1_572' title='bbox 1086 4321 1100 4356; x_wconf 90' lang='lat'>:</span> <span class='ocrx_word' id='word_1_573' title='bbox 1134 4303 1231 4366; x_wconf 90' lang='lat' dir='ltr'><strong>ita,</strong></span> <span class='ocrx_word' id='word_1_574' title='bbox 1265 4319 1387 4371; x_wconf 63' lang='lat' dir='ltr'><strong>qua:</strong></span> <span class='ocrx_word' id='word_1_575' title='bbox 1420 4302 1628 4357; x_wconf 79' lang='lat' dir='ltr'><strong>veritas</strong></span> <span class='ocrx_word' id='word_1_576' title='bbox 1663 4303 1781 4372; x_wconf 89' lang='lat' dir='ltr'><strong>ipsa</strong></span> <span class='ocrx_word' id='word_1_577' title='bbox 1829 4312 1936 4369; x_wconf 89' lang='lat' dir='ltr'><strong>est,</strong></span> <span class='ocrx_word' id='word_1_578' title='bbox 1975 4302 2046 4357; x_wconf 87' lang='lat' dir='ltr'><strong>le-</strong></span> 
     </span>
    </p>
   </div>
   <div class='ocr_carea' id='block_1_78' title="bbox 464 4392 2044 4467">
    <p class='ocr_par' dir='ltr' id='par_1_78' title="bbox 464 4392 2044 4467">
     <span class='ocr_line' id='line_1_78' title="bbox 464 4392 2044 4467; baseline -0.003 -16"><span class='ocrx_word' id='word_1_579' title='bbox 464 4397 714 4467; x_wconf 84' lang='lat' dir='ltr'><strong>gislator,</strong></span> <span class='ocrx_word' id='word_1_580' title='bbox 750 4393 1016 4449; x_wconf 88' lang='lat' dir='ltr'><strong>Dominus</strong></span> <span class='ocrx_word' id='word_1_581' title='bbox 1044 4400 1098 4449; x_wconf 89' lang='lat' dir='ltr'><strong>et</strong></span> <span class='ocrx_word' id='word_1_582' title='bbox 1118 4392 1264 4448; x_wconf 88' lang='lat' dir='ltr'><strong>Deus</strong></span> <span class='ocrx_word' id='word_1_583' title='bbox 1293 4408 1323 4446; x_wconf 89' lang='lat' dir='ltr'><strong>a</strong></span> <span class='ocrx_word' id='word_1_584' title='bbox 1358 4394 1487 4460; x_wconf 91' lang='lat' dir='ltr'><strong>Deo,</strong></span> <span class='ocrx_word' id='word_1_585' title='bbox 1523 4407 1682 4447; x_wconf 91' lang='lat' dir='ltr'><strong>mons</strong></span> <span class='ocrx_word' id='word_1_586' title='bbox 1716 4408 1748 4446; x_wconf 92' lang='lat' dir='ltr'><strong>a</strong></span> <span class='ocrx_word' id='word_1_587' title='bbox 1770 4399 1959 4446; x_wconf 86' lang='lat' dir='ltr'><strong>monte</strong></span> <span class='ocrx_word' id='word_1_588' title='bbox 1979 4408 2044 4447; x_wconf 79' lang='lat' dir='ltr'><strong>ex</strong></span> 
     </span>
    </p>
   </div>
   <div class='ocr_carea' id='block_1_79' title="bbox 465 4481 2044 4551">
    <p class='ocr_par' dir='ltr' id='par_1_79' title="bbox 465 4481 2044 4551">
     <span class='ocr_line' id='line_1_79' title="bbox 465 4481 2044 4551; baseline -0.003 -10"><span class='ocrx_word' id='word_1_589' title='bbox 465 4485 786 4541; x_wconf 71' lang='lat' dir='ltr'><strong>cmlestibus</strong></span> <span class='ocrx_word' id='word_1_590' title='bbox 832 4483 1115 4538; x_wconf 89' lang='lat' dir='ltr'><strong>montibus</strong></span> <span class='ocrx_word' id='word_1_591' title='bbox 1137 4482 1205 4537; x_wconf 89' lang='lat' dir='ltr'><strong>ad</strong></span> <span class='ocrx_word' id='word_1_592' title='bbox 1234 4485 1406 4537; x_wconf 86' lang='lat' dir='ltr'><strong>nostri</strong></span> <span class='ocrx_word' id='word_1_593' title='bbox 1454 4482 1637 4551; x_wconf 90' lang='lat' dir='ltr'><strong>populi</strong></span> <span class='ocrx_word' id='word_1_594' title='bbox 1685 4481 1919 4537; x_wconf 89' lang='lat' dir='ltr'><strong>salutem</strong></span> <span class='ocrx_word' id='word_1_595' title='bbox 1961 4489 2044 4536; x_wconf 91' lang='lat' dir='ltr'><strong>est</strong></span> 
     </span>
    </p>
   </div>
   <div class='ocr_carea' id='block_1_80' title="bbox 2143 3294 3726 3372">
    <p class='ocr_par' dir='ltr' id='par_1_80' title="bbox 2143 3294 3726 3372">
     <span class='ocr_line' id='line_1_80' title="bbox 2143 3294 3726 3372; baseline -0.005 -18"><span class='ocrx_word' id='word_1_596' title='bbox 2143 3317 2273 3371; x_wconf 84' lang='grc' dir='ltr'>σητε</span> <span class='ocrx_word' id='word_1_597' title='bbox 2300 3302 2538 3372; x_wconf 83' lang='grc' dir='ltr'>σήμερον</span> <span class='ocrx_word' id='word_1_598' title='bbox 2562 3299 2775 3372; x_wconf 81' lang='grc' dir='ltr'>τρυφὴν</span> <span class='ocrx_word' id='word_1_599' title='bbox 2796 3300 2897 3371; x_wconf 79' lang='grc' dir='ltr'><strong>τὴν</strong></span> <span class='ocrx_word' id='word_1_600' title='bbox 2918 3299 3087 3362; x_wconf 77' lang='grc' dir='ltr'>ὅντως</span> <span class='ocrx_word' id='word_1_601' title='bbox 3115 3299 3386 3369; x_wconf 82' lang='grc' dir='ltr'>οὐράνιον,</span> <span class='ocrx_word' id='word_1_602' title='bbox 3415 3296 3509 3348; x_wconf 73' lang='grc' dir='ltr'>καὶ</span> <span class='ocrx_word' id='word_1_603' title='bbox 3551 3294 3726 3347; x_wconf 85' lang='grc' dir='ltr'>ἁπέλ-</span> 
     </span>
    </p>
   </div>
   <div class='ocr_carea' id='block_1_81' title="bbox 2142 3386 3727 3462">
    <p class='ocr_par' dir='ltr' id='par_1_81' title="bbox 2142 3386 3727 3462">
     <span class='ocr_line' id='line_1_81' title="bbox 2142 3386 3727 3462; baseline -0.005 -18"><span class='ocrx_word' id='word_1_604' title='bbox 2142 3390 2271 3460; x_wconf 84' lang='grc' dir='ltr'>θητε</span> <span class='ocrx_word' id='word_1_605' title='bbox 2294 3390 2651 3461; x_wconf 81' lang='grc' dir='ltr'>φωτισθέντες</span> <span class='ocrx_word' id='word_1_606' title='bbox 2674 3392 2741 3445; x_wconf 71' lang='grc' dir='ltr'>τὰ</span> <span class='ocrx_word' id='word_1_607' title='bbox 2767 3391 2841 3462; x_wconf 82' lang='grc' dir='ltr'>μὴ</span> <span class='ocrx_word' id='word_1_608' title='bbox 2858 3390 3231 3460; x_wconf 85' lang='grc' dir='ltr'>παλαιούμενα</span> <span class='ocrx_word' id='word_1_609' title='bbox 3251 3386 3345 3441; x_wconf 90' lang='grc' dir='ltr'><strong>τοῦ</strong></span> <span class='ocrx_word' id='word_1_610' title='bbox 3361 3388 3482 3441; x_wconf 79' lang='grc' dir='ltr'>νέου</span> <span class='ocrx_word' id='word_1_611' title='bbox 3530 3386 3727 3454; x_wconf 77' lang='grc' dir='ltr'>Πάσχα</span> 
     </span>
    </p>
   </div>
   <div class='ocr_carea' id='block_1_82' title="bbox 2141 3478 3717 3554">
    <p class='ocr_par' dir='ltr' id='par_1_82' title="bbox 2141 3478 3717 3554">
     <span class='ocr_line' id='line_1_82' title="bbox 2141 3478 3717 3554; baseline -0.004 -17"><span class='ocrx_word' id='word_1_612' title='bbox 2141 3483 2261 3538; x_wconf 77' lang='grc' dir='ltr'>ἀντὶ</span> <span class='ocrx_word' id='word_1_613' title='bbox 2339 3482 2569 3537; x_wconf 82' lang='grc' dir='ltr'>παλαιοῦ</span> <span class='ocrx_word' id='word_1_614' title='bbox 2643 3483 2915 3554; x_wconf 87' lang='grc' dir='ltr'>μυστήρια</span> <span class='ocrx_word' id='word_1_615' title='bbox 2974 3481 3241 3536; x_wconf 74' lang='grc' dir='ltr'>ἀντίτυπα</span> <span class='ocrx_word' id='word_1_616' title='bbox 3260 3496 3274 3511; x_wconf 90' lang='grc'><strong>·</strong></span> <span class='ocrx_word' id='word_1_617' title='bbox 3343 3480 3491 3541; x_wconf 84' lang='grc' dir='ltr'>ὅπως</span> <span class='ocrx_word' id='word_1_618' title='bbox 3553 3478 3717 3546; x_wconf 73' lang='grc' dir='ltr'>συνή-</span> 
     </span>
    </p>
   </div>
   <div class='ocr_carea' id='block_1_83' title="bbox 2143 3565 3739 3645">
    <p class='ocr_par' dir='ltr' id='par_1_83' title="bbox 2143 3565 3739 3645">
     <span class='ocr_line' id='line_1_83' title="bbox 2143 3565 3739 3645; baseline -0.005 -18"><span class='ocrx_word' id='word_1_619' title='bbox 2143 3590 2271 3645; x_wconf 90' lang='grc' dir='ltr'>σητε</span> <span class='ocrx_word' id='word_1_620' title='bbox 2308 3575 2433 3629; x_wconf 76' lang='grc' dir='ltr'>ὅσον</span> <span class='ocrx_word' id='word_1_621' title='bbox 2484 3574 2545 3627; x_wconf 81' lang='grc' dir='ltr'>τὸ</span> <span class='ocrx_word' id='word_1_622' title='bbox 2608 3574 2794 3645; x_wconf 88' lang='grc' dir='ltr'>μέσον,</span> <span class='ocrx_word' id='word_1_623' title='bbox 2826 3574 2921 3627; x_wconf 75' lang='grc' dir='ltr'>καὶ</span> <span class='ocrx_word' id='word_1_624' title='bbox 2946 3574 3203 3644; x_wconf 81' lang='grc' dir='ltr'>διάφορον</span> <span class='ocrx_word' id='word_1_625' title='bbox 3224 3571 3331 3625; x_wconf 86' lang='grc' dir='ltr'><strong>τῶν</strong></span> <span class='ocrx_word' id='word_1_626' title='bbox 3364 3570 3635 3624; x_wconf 85' lang='grc' dir='ltr'>Ἰουδαίων</span> <span class='ocrx_word' id='word_1_627' title='bbox 3654 3565 3739 3620; x_wconf 75' lang='grc' dir='ltr'>τὰ</span> 
     </span>
    </p>
   </div>
   <div class='ocr_carea' id='block_1_84' title="bbox 2141 3657 3730 3735">
    <p class='ocr_par' dir='ltr' id='par_1_84' title="bbox 2141 3657 3730 3735">
     <span class='ocr_line' id='line_1_84' title="bbox 2141 3657 3730 3735; baseline -0.004 -18"><span class='ocrx_word' id='word_1_628' title='bbox 2141 3664 2389 3735; x_wconf 77' lang='grc' dir='ltr'>ἡμέτερα</span> <span class='ocrx_word' id='word_1_629' title='bbox 2409 3664 2546 3735; x_wconf 77' lang='lat'><strong>(5&#39;5),</strong></span> <span class='ocrx_word' id='word_1_630' title='bbox 2573 3665 2668 3717; x_wconf 76' lang='grc' dir='ltr'>καὶ</span> <span class='ocrx_word' id='word_1_631' title='bbox 2695 3664 2780 3727; x_wconf 90' lang='grc' dir='ltr'><strong>τίς</strong></span> <span class='ocrx_word' id='word_1_632' title='bbox 2807 3662 3098 3734; x_wconf 83' lang='grc' dir='ltr'>σύγκρισις</span> <span class='ocrx_word' id='word_1_633' title='bbox 3119 3662 3227 3717; x_wconf 87' lang='grc' dir='ltr'><strong>τῶν</strong></span> <span class='ocrx_word' id='word_1_634' title='bbox 3251 3660 3437 3714; x_wconf 79' lang='grc' dir='ltr'>τύπων</span> <span class='ocrx_word' id='word_1_635' title='bbox 3457 3658 3595 3730; x_wconf 77' lang='grc' dir='ltr'>πρὸς</span> <span class='ocrx_word' id='word_1_636' title='bbox 3624 3657 3730 3728; x_wconf 82' lang='grc' dir='ltr'>τὴν</span> 
     </span>
    </p>
   </div>
   <div class='ocr_carea' id='block_1_85' title="bbox 2142 3749 3725 3826">
    <p class='ocr_par' dir='ltr' id='par_1_85' title="bbox 2142 3749 3725 3826">
     <span class='ocr_line' id='line_1_85' title="bbox 2142 3749 3725 3826; baseline -0.004 -17"><span class='ocrx_word' id='word_1_637' title='bbox 2142 3754 2414 3826; x_wconf 80' lang='grc' dir='ltr'>ἀλήθειαν.</span> <span class='ocrx_word' id='word_1_638' title='bbox 2448 3753 2764 3826; x_wconf 82' lang='grc' dir='ltr'>Ἀρξώμεθα</span> <span class='ocrx_word' id='word_1_639' title='bbox 2786 3754 2855 3809; x_wconf 80' lang='grc' dir='ltr'>τὰ</span> <span class='ocrx_word' id='word_1_640' title='bbox 2881 3755 2980 3825; x_wconf 81' lang='grc' dir='ltr'>τῆς</span> <span class='ocrx_word' id='word_1_641' title='bbox 3008 3753 3243 3825; x_wconf 88' lang='grc' dir='ltr'>Χριστοῦ</span> <span class='ocrx_word' id='word_1_642' title='bbox 3272 3752 3464 3823; x_wconf 83' lang='grc' dir='ltr'>Πάσχα</span> <span class='ocrx_word' id='word_1_643' title='bbox 3490 3749 3725 3804; x_wconf 82' lang='grc' dir='ltr'>ἀναστά-</span> 
     </span>
    </p>
   </div>
   <div class='ocr_carea' id='block_1_86' title="bbox 2145 3845 3279 3917">
    <p class='ocr_par' dir='ltr' id='par_1_86' title="bbox 2145 3845 3279 3917">
     <span class='ocr_line' id='line_1_86' title="bbox 2145 3845 3279 3917; baseline 0 -17"><span class='ocrx_word' id='word_1_644' title='bbox 2145 3863 2301 3912; x_wconf 89' lang='grc' dir='ltr'>σεως,</span> <span class='ocrx_word' id='word_1_645' title='bbox 2348 3847 2443 3901; x_wconf 79' lang='grc' dir='ltr'>καὶ</span> <span class='ocrx_word' id='word_1_646' title='bbox 2483 3845 2737 3917; x_wconf 85' lang='grc' dir='ltr'>θεωρίας,</span> <span class='ocrx_word' id='word_1_647' title='bbox 2783 3845 2848 3900; x_wconf 77' lang='grc' dir='ltr'>ὲκ</span> <span class='ocrx_word' id='word_1_648' title='bbox 2874 3846 2983 3900; x_wconf 85' lang='grc' dir='ltr'><strong>τῶν</strong></span> <span class='ocrx_word' id='word_1_649' title='bbox 3012 3845 3279 3901; x_wconf 74' lang='grc' dir='ltr'>ἐντεῦθεν.</span> 
     </span>
    </p>
   </div>
   <div class='ocr_carea' id='block_1_87' title="bbox 2228 4104 3728 4182">
    <p class='ocr_par' dir='ltr' id='par_1_87' title="bbox 2228 4104 3728 4182">
     <span class='ocr_line' id='line_1_87' title="bbox 2228 4104 3728 4182; baseline -0.004 -19"><span class='ocrx_word' id='word_1_650' title='bbox 2228 4110 2614 4164; x_wconf 85' lang='grc' dir='ltr'>Ἀπεστέλλετό</span> <span class='ocrx_word' id='word_1_651' title='bbox 2642 4127 2772 4164; x_wconf 89' lang='grc' dir='ltr'>ποτε</span> <span class='ocrx_word' id='word_1_652' title='bbox 2799 4109 2934 4182; x_wconf 71' lang='grc' dir='ltr'>πρὸς</span> <span class='ocrx_word' id='word_1_653' title='bbox 2967 4109 3241 4181; x_wconf 87' lang='grc' dir='ltr'>σωτηρίαν</span> <span class='ocrx_word' id='word_1_654' title='bbox 3278 4106 3407 4162; x_wconf 87' lang='grc' dir='ltr'>λαοῦ</span> <span class='ocrx_word' id='word_1_655' title='bbox 3449 4106 3556 4160; x_wconf 84' lang='grc' dir='ltr'><strong>ἀπὸ</strong></span> <span class='ocrx_word' id='word_1_656' title='bbox 3584 4104 3728 4158; x_wconf 83' lang='grc' dir='ltr'>Θεοῦ</span> 
     </span>
    </p>
   </div>
   <div class='ocr_carea' id='block_1_88' title="bbox 2146 4198 3727 4275">
    <p class='ocr_par' dir='ltr' id='par_1_88' title="bbox 2146 4198 3727 4275">
     <span class='ocr_line' id='line_1_88' title="bbox 2146 4198 3727 4275; baseline -0.003 -20"><span class='ocrx_word' id='word_1_657' title='bbox 2146 4203 2384 4275; x_wconf 73' lang='grc' dir='ltr'>ὲξδρους</span> <span class='ocrx_word' id='word_1_658' title='bbox 2406 4203 2611 4275; x_wconf 81' lang='grc' dir='ltr'>ὑψηλοῦ</span> <span class='ocrx_word' id='word_1_659' title='bbox 2635 4206 2663 4257; x_wconf 89' lang='lat'><strong>6</strong></span> <span class='ocrx_word' id='word_1_660' title='bbox 2701 4203 2997 4274; x_wconf 83' lang='grc' dir='ltr'>νομοθέτης</span> <span class='ocrx_word' id='word_1_661' title='bbox 3032 4202 3275 4272; x_wconf 82' lang='grc' dir='ltr'>Μωῦσῆς</span> <span class='ocrx_word' id='word_1_662' title='bbox 3323 4201 3459 4273; x_wconf 87' lang='grc' dir='ltr'>πρὸς</span> <span class='ocrx_word' id='word_1_663' title='bbox 3494 4200 3584 4252; x_wconf 84' lang='grc' dir='ltr'>τὸν</span> <span class='ocrx_word' id='word_1_664' title='bbox 3628 4198 3727 4252; x_wconf 88' lang='grc' dir='ltr'><strong>τοῦ</strong></span> 
     </span>
    </p>
   </div>
   <div class='ocr_carea' id='block_1_89' title="bbox 2144 4289 3728 4364">
    <p class='ocr_par' dir='ltr' id='par_1_89' title="bbox 2144 4289 3728 4364">
     <span class='ocr_line' id='line_1_89' title="bbox 2144 4289 3728 4364; baseline 0.003 -18"><span class='ocrx_word' id='word_1_665' title='bbox 2144 4292 2309 4362; x_wconf 86' lang='grc' dir='ltr'>νόμου</span> <span class='ocrx_word' id='word_1_666' title='bbox 2337 4293 2540 4346; x_wconf 88' lang='grc' dir='ltr'>τύπον·</span> <span class='ocrx_word' id='word_1_667' title='bbox 2575 4292 2858 4364; x_wconf 80' lang='grc' dir='ltr'>ἀπεστάλη</span> <span class='ocrx_word' id='word_1_668' title='bbox 2887 4293 2981 4345; x_wconf 77' lang='grc' dir='ltr'>καὶ</span> <span class='ocrx_word' id='word_1_669' title='bbox 3024 4295 3054 4345; x_wconf 92' lang='lat'><strong>6</strong></span> <span class='ocrx_word' id='word_1_670' title='bbox 3096 4291 3301 4364; x_wconf 84' lang='grc' dir='ltr'>Κύριος</span> <span class='ocrx_word' id='word_1_671' title='bbox 3337 4292 3367 4342; x_wconf 90' lang='lat'><strong>6</strong></span> <span class='ocrx_word' id='word_1_672' title='bbox 3405 4289 3728 4359; x_wconf 77' lang='grc' dir='ltr'>νομοθέτης.</span> 
     </span>
    </p>
   </div>
   <div class='ocr_carea' id='block_1_90' title="bbox 2146 4380 3731 4456">
    <p class='ocr_par' dir='ltr' id='par_1_90' title="bbox 2146 4380 3731 4456">
     <span class='ocr_line' id='line_1_90' title="bbox 2146 4380 3731 4456; baseline -0.003 -17"><span class='ocrx_word' id='word_1_673' title='bbox 2146 4385 2239 4439; x_wconf 73' lang='grc' dir='ltr'>καὶ</span> <span class='ocrx_word' id='word_1_674' title='bbox 2280 4385 2412 4449; x_wconf 83' lang='grc' dir='ltr'>Θεὸς</span> <span class='ocrx_word' id='word_1_675' title='bbox 2456 4386 2564 4439; x_wconf 85' lang='grc' dir='ltr'><strong>ἀπὸ</strong></span> <span class='ocrx_word' id='word_1_676' title='bbox 2609 4384 2767 4450; x_wconf 84' lang='grc' dir='ltr'>Θεοῦ,</span> <span class='ocrx_word' id='word_1_677' title='bbox 2802 4385 2898 4436; x_wconf 79' lang='grc' dir='ltr'>καὶ</span> <span class='ocrx_word' id='word_1_678' title='bbox 2936 4384 3062 4456; x_wconf 77' lang='grc' dir='ltr'>ὅρος</span> <span class='ocrx_word' id='word_1_679' title='bbox 3112 4385 3208 4438; x_wconf 82' lang='grc' dir='ltr'><strong>ἀπ’</strong></span> <span class='ocrx_word' id='word_1_680' title='bbox 3254 4383 3415 4454; x_wconf 80' lang='grc' dir='ltr'>ὅρους</span> <span class='ocrx_word' id='word_1_681' title='bbox 3457 4380 3731 4452; x_wconf 74' lang='grc' dir='ltr'>οὐρανίων</span> 
     </span>
    </p>
   </div>
   <div class='ocr_carea' id='block_1_91' title="bbox 2146 4473 3731 4548">
    <p class='ocr_par' dir='ltr' id='par_1_91' title="bbox 2146 4473 3731 4548">
     <span class='ocr_line' id='line_1_91' title="bbox 2146 4473 3731 4548; baseline -0.004 -18"><span class='ocrx_word' id='word_1_682' title='bbox 2146 4475 2340 4548; x_wconf 84' lang='grc' dir='ltr'>ὀρέων,</span> <span class='ocrx_word' id='word_1_683' title='bbox 2369 4477 2450 4540; x_wconf 86' lang='grc' dir='ltr'><strong>είς</strong></span> <span class='ocrx_word' id='word_1_684' title='bbox 2477 4476 2753 4547; x_wconf 88' lang='grc' dir='ltr'>σωτηρίαν</span> <span class='ocrx_word' id='word_1_685' title='bbox 2775 4474 2871 4528; x_wconf 88' lang='grc' dir='ltr'><strong>τοῦ</strong></span> <span class='ocrx_word' id='word_1_686' title='bbox 2905 4475 3177 4547; x_wconf 77' lang='grc' dir='ltr'>ἡμετέρου</span> <span class='ocrx_word' id='word_1_687' title='bbox 3201 4473 3355 4539; x_wconf 88' lang='grc' dir='ltr'>λαοῦ,</span> <span class='ocrx_word' id='word_1_688' title='bbox 3384 4474 3444 4526; x_wconf 86' lang='grc' dir='ltr'>τὸ</span> <span class='ocrx_word' id='word_1_689' title='bbox 3464 4474 3562 4540; x_wconf 83' lang='grc' dir='ltr'>τῆς</span> <span class='ocrx_word' id='word_1_690' title='bbox 3592 4473 3731 4542; x_wconf 79' lang='grc' dir='ltr'>ἁλη-</span> 
     </span>
    </p>
   </div>
   <div class='ocr_carea' id='block_1_92' title="bbox 463 4548 2039 4645">
    <p class='ocr_par' dir='ltr' id='par_1_92' title="bbox 463 4548 2039 4645">
     <span class='ocr_line' id='line_1_92' title="bbox 463 4548 2039 4645; baseline -0.002 -14"><span class='ocrx_word' id='word_1_691' title='bbox 463 4578 690 4632; x_wconf 88' lang='lat' dir='ltr'><strong>missus.</strong></span> <span class='ocrx_word' id='word_1_692' title='bbox 718 4573 918 4629; x_wconf 82' lang='lat' dir='ltr'><strong>Verum</strong></span> <span class='ocrx_word' id='word_1_693' title='bbox 957 4572 1172 4645; x_wconf 81' lang='lat' dir='ltr'><strong>Moyses</strong></span> <span class='ocrx_word' id='word_1_694' title='bbox 1220 4588 1250 4627; x_wconf 92' lang='lat' dir='ltr'><strong>a</strong></span> <span class='ocrx_word' id='word_1_695' title='bbox 1303 4548 1614 4634; x_wconf 79' lang='lat' dir='ltr'><strong>Pharaone,</strong></span> <span class='ocrx_word' id='word_1_696' title='bbox 1669 4579 1724 4626; x_wconf 91' lang='lat' dir='ltr'><strong>et</strong></span> <span class='ocrx_word' id='word_1_697' title='bbox 1771 4569 2039 4642; x_wconf 63' lang='lat' dir='ltr'><strong>[Egyptiis</strong></span> 
     </span>
    </p>
   </div>
   <div class='ocr_carea' id='block_1_93' title="bbox 2141 4548 3730 4645">
    <p class='ocr_par' dir='ltr' id='par_1_93' title="bbox 2150 4563 3730 4638">
     <span class='ocr_line' id='line_1_93' title="bbox 2150 4563 3730 4638; baseline -0.004 -18"><span class='ocrx_word' id='word_1_698' title='bbox 2150 4567 2319 4631; x_wconf 87' lang='grc' dir='ltr'>θείας.</span> <span class='ocrx_word' id='word_1_699' title='bbox 2365 4566 2527 4621; x_wconf 82' lang='grc' dir='ltr'>Ἀλλὰ</span> <span class='ocrx_word' id='word_1_700' title='bbox 2554 4567 2794 4638; x_wconf 84' lang='grc' dir='ltr'>Μωῡσῆς</span> <span class='ocrx_word' id='word_1_701' title='bbox 2821 4568 2886 4621; x_wconf 78' lang='grc' dir='ltr'>ἐκ</span> <span class='ocrx_word' id='word_1_702' title='bbox 2908 4566 3110 4638; x_wconf 81' lang='grc' dir='ltr'>Φαραὼ</span> <span class='ocrx_word' id='word_1_703' title='bbox 3139 4566 3234 4620; x_wconf 81' lang='grc' dir='ltr'>καὶ</span> <span class='ocrx_word' id='word_1_704' title='bbox 3263 4566 3576 4634; x_wconf 75' lang='grc' dir='ltr'>Λίγυπτίων</span> <span class='ocrx_word' id='word_1_705' title='bbox 3600 4563 3730 4615; x_wconf 65' lang='lat' dir='ltr'><strong>nu-</strong></span> 
     </span>
    </p>
   </div>
   <div class='ocr_carea' id='block_1_94' title="bbox 464 4662 2044 4733">
    <p class='ocr_par' dir='ltr' id='par_1_94' title="bbox 464 4662 2044 4733">
     <span class='ocr_line' id='line_1_94' title="bbox 464 4662 2044 4733; baseline -0.004 -9"><span class='ocrx_word' id='word_1_706' title='bbox 464 4669 705 4733; x_wconf 81' lang='lat' dir='ltr'><strong>exemit;</strong></span> <span class='ocrx_word' id='word_1_707' title='bbox 738 4666 995 4722; x_wconf 88' lang='lat' dir='ltr'><strong>Christus</strong></span> <span class='ocrx_word' id='word_1_708' title='bbox 1041 4680 1073 4720; x_wconf 88' lang='lat' dir='ltr'><strong>a</strong></span> <span class='ocrx_word' id='word_1_709' title='bbox 1119 4665 1339 4720; x_wconf 89' lang='lat' dir='ltr'><strong>diabolo</strong></span> <span class='ocrx_word' id='word_1_710' title='bbox 1360 4679 1486 4729; x_wconf 85' lang='lat' dir='ltr'><strong>nos,</strong></span> <span class='ocrx_word' id='word_1_711' title='bbox 1518 4672 1573 4718; x_wconf 92' lang='lat' dir='ltr'><strong>et</strong></span> <span class='ocrx_word' id='word_1_712' title='bbox 1595 4662 1902 4722; x_wconf 83' lang='lat' dir='ltr'><strong>daemonqu</strong></span> <span class='ocrx_word' id='word_1_713' title='bbox 1934 4677 2044 4718; x_wconf 89' lang='lat' dir='ltr'><strong>ser-</strong></span> 
     </span>
    </p>
   </div>
   <div class='ocr_carea' id='block_1_95' title="bbox 462 4751 2043 4818">
    <p class='ocr_par' dir='ltr' id='par_1_95' title="bbox 462 4751 2043 4818">
     <span class='ocr_line' id='line_1_95' title="bbox 462 4751 2043 4818; baseline -0.003 -6"><span class='ocrx_word' id='word_1_714' title='bbox 462 4757 641 4812; x_wconf 90' lang='lat' dir='ltr'><strong>vitute</strong></span> <span class='ocrx_word' id='word_1_715' title='bbox 686 4753 961 4810; x_wconf 88' lang='lat' dir='ltr'><strong>liberavit.</strong></span> <span class='ocrx_word' id='word_1_716' title='bbox 997 4753 1175 4811; x_wconf 84' lang='lat' dir='ltr'><strong>Moses</strong></span> <span class='ocrx_word' id='word_1_717' title='bbox 1209 4753 1510 4818; x_wconf 87' lang='lat' dir='ltr'><strong>interfecit,</strong></span> <span class='ocrx_word' id='word_1_718' title='bbox 1544 4760 1601 4808; x_wconf 88' lang='lat' dir='ltr'><strong>et</strong></span> <span class='ocrx_word' id='word_1_719' title='bbox 1644 4767 1814 4809; x_wconf 87' lang='lat' dir='ltr'><strong>arena</strong></span> <span class='ocrx_word' id='word_1_720' title='bbox 1858 4751 2043 4808; x_wconf 87' lang='lat' dir='ltr'><strong>obruit</strong></span> 
     </span>
    </p>
   </div>
   <div class='ocr_carea' id='block_1_96' title="bbox 461 4844 2048 4920">
    <p class='ocr_par' dir='ltr' id='par_1_96' title="bbox 461 4844 2048 4920">
     <span class='ocr_line' id='line_1_96' title="bbox 461 4844 2048 4920; baseline -0.003 -16"><span class='ocrx_word' id='word_1_721' title='bbox 461 4864 611 4914; x_wconf 87' lang='lat' dir='ltr'><strong>eum,</strong></span> <span class='ocrx_word' id='word_1_722' title='bbox 643 4848 737 4920; x_wconf 88' lang='lat' dir='ltr'><strong>qui</strong></span> <span class='ocrx_word' id='word_1_723' title='bbox 769 4846 959 4904; x_wconf 78' lang='lat' dir='ltr'><strong>Judaeo</strong></span> <span class='ocrx_word' id='word_1_724' title='bbox 986 4846 1221 4903; x_wconf 83' lang='lat' dir='ltr'><strong>faciebat</strong></span> <span class='ocrx_word' id='word_1_725' title='bbox 1253 4846 1546 4917; x_wconf 66' lang='lat' dir='ltr'><strong>iniuriam;</strong></span> <span class='ocrx_word' id='word_1_726' title='bbox 1575 4845 1833 4901; x_wconf 91' lang='lat' dir='ltr'><strong>Christus</strong></span> <span class='ocrx_word' id='word_1_727' title='bbox 1861 4844 2048 4900; x_wconf 83' lang='lat' dir='ltr'><strong>diabo-</strong></span> 
     </span>
    </p>
   </div>
   <div class='ocr_carea' id='block_1_97' title="bbox 464 4935 2047 5011">
    <p class='ocr_par' dir='ltr' id='par_1_97' title="bbox 464 4935 2047 5011">
     <span class='ocr_line' id='line_1_97' title="bbox 464 4935 2047 5011; baseline -0.002 -17"><span class='ocrx_word' id='word_1_728' title='bbox 464 4943 577 4997; x_wconf 90' lang='lat' dir='ltr'><strong>lum</strong></span> <span class='ocrx_word' id='word_1_729' title='bbox 623 4940 678 4994; x_wconf 90' lang='lat' dir='ltr'><strong>in</strong></span> <span class='ocrx_word' id='word_1_730' title='bbox 727 4940 988 5011; x_wconf 85' lang='lat' dir='ltr'><strong>abyssum</strong></span> <span class='ocrx_word' id='word_1_731' title='bbox 1021 4937 1320 4995; x_wconf 89' lang='lat' dir='ltr'><strong>detrudens</strong></span> <span class='ocrx_word' id='word_1_732' title='bbox 1355 4937 1579 4994; x_wconf 88' lang='lat' dir='ltr'><strong>occidit.</strong></span> <span class='ocrx_word' id='word_1_733' title='bbox 1609 4937 1823 5008; x_wconf 79' lang='lat' dir='ltr'><strong>Moyses</strong></span> <span class='ocrx_word' id='word_1_734' title='bbox 1848 4935 2047 4991; x_wconf 85' lang='lat' dir='ltr'><strong>fratres</strong></span> 
     </span>
    </p>
   </div>
   <div class='ocr_carea' id='block_1_98' title="bbox 466 5028 2046 5102">
    <p class='ocr_par' dir='ltr' id='par_1_98' title="bbox 466 5028 2046 5102">
     <span class='ocr_line' id='line_1_98' title="bbox 466 5028 2046 5102; baseline -0.002 -17"><span class='ocrx_word' id='word_1_735' title='bbox 466 5031 610 5086; x_wconf 88' lang='lat' dir='ltr'><strong>duos</strong></span> <span class='ocrx_word' id='word_1_736' title='bbox 640 5032 887 5087; x_wconf 81' lang='lat' dir='ltr'><strong>rixantes</strong></span> <span class='ocrx_word' id='word_1_737' title='bbox 922 5032 1066 5087; x_wconf 84' lang='lat' dir='ltr'><strong>inter</strong></span> <span class='ocrx_word' id='word_1_738' title='bbox 1096 5047 1158 5087; x_wconf 85' lang='lat' dir='ltr'><strong>se</strong></span> <span class='ocrx_word' id='word_1_739' title='bbox 1192 5030 1535 5102; x_wconf 88' lang='lat' dir='ltr'><strong>paciﬁcavit;</strong></span> <span class='ocrx_word' id='word_1_740' title='bbox 1561 5029 1816 5085; x_wconf 88' lang='lat' dir='ltr'><strong>Christus</strong></span> <span class='ocrx_word' id='word_1_741' title='bbox 1850 5028 2046 5082; x_wconf 83' lang='lat' dir='ltr'><strong>ambos</strong></span> 
     </span>
    </p>
   </div>
   <div class='ocr_carea' id='block_1_99' title="bbox 466 5119 2047 5193">
    <p class='ocr_par' dir='ltr' id='par_1_99' title="bbox 466 5119 2047 5193">
     <span class='ocr_line' id='line_1_99' title="bbox 466 5119 2047 5193; baseline -0.003 -14"><span class='ocrx_word' id='word_1_742' title='bbox 466 5137 601 5179; x_wconf 88' lang='lat' dir='ltr'><strong>suos</strong></span> <span class='ocrx_word' id='word_1_743' title='bbox 629 5123 863 5193; x_wconf 86' lang='lat' dir='ltr'><strong>populos</strong></span> <span class='ocrx_word' id='word_1_744' title='bbox 897 5123 1128 5179; x_wconf 85' lang='lat' dir='ltr'><strong>invicem</strong></span> <span class='ocrx_word' id='word_1_745' title='bbox 1163 5123 1503 5186; x_wconf 87' lang='lat' dir='ltr'><strong>conciliavit,</strong></span> <span class='ocrx_word' id='word_1_746' title='bbox 1535 5130 1592 5176; x_wconf 86' lang='lat' dir='ltr'><strong>et</strong></span> <span class='ocrx_word' id='word_1_747' title='bbox 1644 5136 1769 5176; x_wconf 91' lang='lat' dir='ltr'><strong>cum</strong></span> <span class='ocrx_word' id='word_1_748' title='bbox 1813 5119 2047 5175; x_wconf 89' lang='lat' dir='ltr'><strong>terrenis</strong></span> 
     </span>
    </p>
   </div>
   <div class='ocr_carea' id='block_1_100' title="bbox 465 5208 2047 5284">
    <p class='ocr_par' dir='ltr' id='par_1_100' title="bbox 465 5208 2047 5284">
     <span class='ocr_line' id='line_1_100' title="bbox 465 5208 2047 5284; baseline -0.005 -13"><span class='ocrx_word' id='word_1_749' title='bbox 465 5213 718 5271; x_wconf 55' lang='lat' dir='ltr'><strong>alestia</strong></span> <span class='ocrx_word' id='word_1_750' title='bbox 772 5214 1083 5284; x_wconf 83' lang='lat' dir='ltr'><strong>conjunxit.</strong></span> <span class='ocrx_word' id='word_1_751' title='bbox 1132 5213 1248 5268; x_wconf 85' lang='lat' dir='ltr'><strong>Illic</strong></span> <span class='ocrx_word' id='word_1_752' title='bbox 1300 5212 1605 5268; x_wconf 78' lang='lat' dir='ltr'><strong>Pharaonis</strong></span> <span class='ocrx_word' id='word_1_753' title='bbox 1647 5210 1778 5274; x_wconf 86' lang='lat' dir='ltr'><strong>ﬁlia,</strong></span> <span class='ocrx_word' id='word_1_754' title='bbox 1814 5224 1939 5264; x_wconf 90' lang='lat' dir='ltr'><strong>cum</strong></span> <span class='ocrx_word' id='word_1_755' title='bbox 1980 5208 2047 5263; x_wconf 89' lang='lat' dir='ltr'><strong>ad</strong></span> 
     </span>
    </p>
   </div>
   <div class='ocr_carea' id='block_1_101' title="bbox 463 5299 2048 5376">
    <p class='ocr_par' dir='ltr' id='par_1_101' title="bbox 463 5299 2048 5376">
     <span class='ocr_line' id='line_1_101' title="bbox 463 5299 2048 5376; baseline -0.007 -10"><span class='ocrx_word' id='word_1_756' title='bbox 463 5306 761 5365; x_wconf 85' lang='lat' dir='ltr'><strong>lavandum</strong></span> <span class='ocrx_word' id='word_1_757' title='bbox 798 5313 1072 5376; x_wconf 83' lang='lat' dir='ltr'><strong>pergeret,</strong></span> <span class='ocrx_word' id='word_1_758' title='bbox 1108 5306 1390 5361; x_wconf 84' lang='lat' dir='ltr'><strong>inventum</strong></span> <span class='ocrx_word' id='word_1_759' title='bbox 1447 5303 1669 5374; x_wconf 76' lang='lat' dir='ltr'><strong>Moysen</strong></span> <span class='ocrx_word' id='word_1_760' title='bbox 1715 5299 1949 5369; x_wconf 84' lang='lat' dir='ltr'><strong>excepit.</strong></span> <span class='ocrx_word' id='word_1_761' title='bbox 1983 5299 2048 5355; x_wconf 87' lang='lat' dir='ltr'><strong>At</strong></span> 
     </span>
    </p>
   </div>
   <div class='ocr_carea' id='block_1_102' title="bbox 2150 4655 3732 4734">
    <p class='ocr_par' dir='ltr' id='par_1_102' title="bbox 2150 4655 3732 4734">
     <span class='ocr_line' id='line_1_102' title="bbox 2150 4655 3732 4734; baseline -0.004 -21"><span class='ocrx_word' id='word_1_762' title='bbox 2150 4658 2427 4734; x_wconf 82' lang='grc' dir='ltr'>τρώσατο·</span> <span class='ocrx_word' id='word_1_763' title='bbox 2459 4658 2693 4731; x_wconf 81' lang='grc' dir='ltr'>Χριστὸς</span> <span class='ocrx_word' id='word_1_764' title='bbox 2721 4659 2779 4712; x_wconf 82' lang='grc' dir='ltr'>δὲ</span> <span class='ocrx_word' id='word_1_765' title='bbox 2799 4660 2864 4712; x_wconf 88' lang='grc' dir='ltr'>ὲκ</span> <span class='ocrx_word' id='word_1_766' title='bbox 2894 4658 3161 4723; x_wconf 76' lang='grc' dir='ltr'>διαϐόλου,</span> <span class='ocrx_word' id='word_1_767' title='bbox 3200 4658 3296 4712; x_wconf 69' lang='grc' dir='ltr'>καὶ</span> <span class='ocrx_word' id='word_1_768' title='bbox 3314 4657 3583 4727; x_wconf 75' lang='grc' dir='ltr'>δαιμόνων</span> <span class='ocrx_word' id='word_1_769' title='bbox 3610 4655 3732 4707; x_wconf 53' lang='grc' dir='ltr'>ἐλυ.</span> 
     </span>
    </p>
   </div>
   <div class='ocr_carea' id='block_1_103' title="bbox 2149 4734 3734 4824">
    <p class='ocr_par' dir='ltr' id='par_1_103' title="bbox 2149 4734 3734 4824">
     <span class='ocr_line' id='line_1_103' title="bbox 2149 4734 3734 4824; baseline -0.005 -19"><span class='ocrx_word' id='word_1_770' title='bbox 2149 4750 2396 4824; x_wconf 85' lang='grc' dir='ltr'>τρώσατο</span> <span class='ocrx_word' id='word_1_771' title='bbox 2418 4752 2584 4822; x_wconf 84' lang='grc' dir='ltr'>ἡμᾶς.</span> <span class='ocrx_word' id='word_1_772' title='bbox 2641 4734 2804 4803; x_wconf 76' lang='grc' dir='ltr'>’Ᾰλλὰ</span> <span class='ocrx_word' id='word_1_773' title='bbox 2835 4750 3139 4820; x_wconf 84' lang='grc' dir='ltr'>πεφόνευκε</span> <span class='ocrx_word' id='word_1_774' title='bbox 3171 4748 3413 4818; x_wconf 82' lang='grc' dir='ltr'>Μωῦσῆς</span> <span class='ocrx_word' id='word_1_775' title='bbox 3446 4747 3630 4818; x_wconf 84' lang='grc' dir='ltr'>χώσας</span> <span class='ocrx_word' id='word_1_776' title='bbox 3670 4747 3734 4797; x_wconf 79' lang='grc' dir='ltr'>ὲν</span> 
     </span>
    </p>
   </div>
   <div class='ocr_carea' id='block_1_104' title="bbox 2150 4839 3735 4917">
    <p class='ocr_par' dir='ltr' id='par_1_104' title="bbox 2150 4839 3735 4917">
     <span class='ocr_line' id='line_1_104' title="bbox 2150 4839 3735 4917; baseline -0.005 -18"><span class='ocrx_word' id='word_1_777' title='bbox 2150 4848 2217 4917; x_wconf 77' lang='grc' dir='ltr'>τῇ</span> <span class='ocrx_word' id='word_1_778' title='bbox 2255 4845 2426 4916; x_wconf 80' lang='grc' dir='ltr'>ἄμμῳ</span> <span class='ocrx_word' id='word_1_779' title='bbox 2469 4843 2561 4897; x_wconf 83' lang='grc' dir='ltr'>τὸν</span> <span class='ocrx_word' id='word_1_780' title='bbox 2604 4843 2894 4898; x_wconf 85' lang='grc' dir='ltr'>ἀδικοῦντα</span> <span class='ocrx_word' id='word_1_781' title='bbox 2919 4843 3011 4897; x_wconf 83' lang='grc' dir='ltr'>τὸν</span> <span class='ocrx_word' id='word_1_782' title='bbox 3053 4841 3305 4896; x_wconf 83' lang='grc' dir='ltr'>Ἰουδαῖον</span> <span class='ocrx_word' id='word_1_783' title='bbox 3327 4857 3342 4873; x_wconf 81' lang='grc' dir='ltr'><strong><em>ο</em></strong></span> <span class='ocrx_word' id='word_1_784' title='bbox 3386 4839 3735 4893; x_wconf 80' lang='grc' dir='ltr'>τεθανάτωκε</span> 
     </span>
    </p>
   </div>
   <div class='ocr_carea' id='block_1_105' title="bbox 2149 4929 3731 5006">
    <p class='ocr_par' dir='ltr' id='par_1_105' title="bbox 2149 4929 3731 5006">
     <span class='ocr_line' id='line_1_105' title="bbox 2149 4929 3731 5006; baseline -0.005 -16"><span class='ocrx_word' id='word_1_785' title='bbox 2149 4936 2242 4990; x_wconf 84' lang='grc' dir='ltr'>καὶ</span> <span class='ocrx_word' id='word_1_786' title='bbox 2262 4935 2498 5006; x_wconf 82' lang='grc' dir='ltr'>Χριστὸς</span> <span class='ocrx_word' id='word_1_787' title='bbox 2519 4934 2783 4999; x_wconf 80' lang='grc' dir='ltr'>διάϐολον,</span> <span class='ocrx_word' id='word_1_788' title='bbox 2807 4932 3184 5005; x_wconf 81' lang='grc' dir='ltr'>παραπέμψας</span> <span class='ocrx_word' id='word_1_789' title='bbox 3202 4931 3366 4984; x_wconf 82' lang='grc' dir='ltr'>αὑτὸν</span> <span class='ocrx_word' id='word_1_790' title='bbox 3391 4932 3457 5001; x_wconf 79' lang='grc' dir='ltr'>τῇ</span> <span class='ocrx_word' id='word_1_791' title='bbox 3482 4929 3731 4997; x_wconf 80' lang='grc' dir='ltr'>ἀϐύσσῳ.</span> 
     </span>
    </p>
   </div>
   <div class='ocr_carea' id='block_1_106' title="bbox 2145 5017 3735 5099">
    <p class='ocr_par' dir='ltr' id='par_1_106' title="bbox 2145 5017 3735 5099">
     <span class='ocr_line' id='line_1_106' title="bbox 2145 5017 3735 5099; baseline -0.006 -20"><span class='ocrx_word' id='word_1_792' title='bbox 2145 5027 2442 5099; x_wconf 84' lang='grc' dir='ltr'>Είρήνευσε</span> <span class='ocrx_word' id='word_1_793' title='bbox 2498 5027 2738 5097; x_wconf 82' lang='grc' dir='ltr'>Μωῦσῆς</span> <span class='ocrx_word' id='word_1_794' title='bbox 2776 5026 2904 5088; x_wconf 80' lang='grc' dir='ltr'>τοὺς</span> <span class='ocrx_word' id='word_1_795' title='bbox 2938 5022 3033 5076; x_wconf 88' lang='grc' dir='ltr'><strong>δύο</strong></span> <span class='ocrx_word' id='word_1_796' title='bbox 3078 5022 3344 5090; x_wconf 80' lang='grc' dir='ltr'>ἀδελφοὺς</span> <span class='ocrx_word' id='word_1_797' title='bbox 3399 5017 3565 5072; x_wconf 78' lang='grc' dir='ltr'>αὐτοῦ</span> <span class='ocrx_word' id='word_1_798' title='bbox 3628 5034 3735 5088; x_wconf 88' lang='grc' dir='ltr'>μα-</span> 
     </span>
    </p>
   </div>
   <div class='ocr_carea' id='block_1_107' title="bbox 2149 5107 3736 5189">
    <p class='ocr_par' dir='ltr' id='par_1_107' title="bbox 2149 5107 3736 5189">
     <span class='ocr_line' id='line_1_107' title="bbox 2149 5107 3736 5189; baseline -0.007 -20"><span class='ocrx_word' id='word_1_799' title='bbox 2149 5115 2442 5188; x_wconf 69' lang='grc' dir='ltr'>χομένουςτ</span> <span class='ocrx_word' id='word_1_800' title='bbox 2492 5117 2779 5189; x_wconf 87' lang='grc' dir='ltr'>είρήνευσε</span> <span class='ocrx_word' id='word_1_801' title='bbox 2815 5115 2913 5169; x_wconf 71' lang='grc' dir='ltr'>καὶ</span> <span class='ocrx_word' id='word_1_802' title='bbox 2942 5116 2973 5167; x_wconf 86' lang='grc' dir='ltr'>ὁ</span> <span class='ocrx_word' id='word_1_803' title='bbox 3008 5111 3245 5185; x_wconf 84' lang='grc' dir='ltr'>Χριστὸς</span> <span class='ocrx_word' id='word_1_804' title='bbox 3283 5110 3413 5172; x_wconf 79' lang='grc' dir='ltr'>τοὺς</span> <span class='ocrx_word' id='word_1_805' title='bbox 3442 5107 3535 5161; x_wconf 88' lang='grc' dir='ltr'><strong>δύο</strong></span> <span class='ocrx_word' id='word_1_806' title='bbox 3564 5107 3736 5170; x_wconf 83' lang='grc' dir='ltr'>λαοὺς</span> 
     </span>
    </p>
   </div>
   <div class='ocr_carea' id='block_1_108' title="bbox 2152 5197 3734 5277">
    <p class='ocr_par' dir='ltr' id='par_1_108' title="bbox 2152 5197 3734 5277">
     <span class='ocr_line' id='line_1_108' title="bbox 2152 5197 3734 5277; baseline -0.009 -14"><span class='ocrx_word' id='word_1_807' title='bbox 2152 5207 2342 5273; x_wconf 84' lang='grc' dir='ltr'>αὑτοῦ,</span> <span class='ocrx_word' id='word_1_808' title='bbox 2378 5206 2587 5272; x_wconf 79' lang='grc' dir='ltr'>ένώσας</span> <span class='ocrx_word' id='word_1_809' title='bbox 2620 5206 2692 5261; x_wconf 84' lang='grc' dir='ltr'><strong>τὰ</strong></span> <span class='ocrx_word' id='word_1_810' title='bbox 2723 5206 2953 5277; x_wconf 78' lang='grc' dir='ltr'>οὐράνια</span> <span class='ocrx_word' id='word_1_811' title='bbox 2996 5208 3110 5268; x_wconf 82' lang='grc' dir='ltr'>τοῖς</span> <span class='ocrx_word' id='word_1_812' title='bbox 3154 5201 3439 5271; x_wconf 71' lang='grc' dir='ltr'>ιπιγείοις.</span> <span class='ocrx_word' id='word_1_813' title='bbox 3500 5199 3648 5251; x_wconf 71' lang='grc' dir='ltr'>Ἐκεῖ</span> <span class='ocrx_word' id='word_1_814' title='bbox 3694 5197 3734 5266; x_wconf 80' lang='grc' dir='ltr'>ἡ</span> 
     </span>
    </p>
   </div>
   <div class='ocr_carea' id='block_1_109' title="bbox 2152 5284 3853 5371">
    <p class='ocr_par' dir='ltr' id='par_1_109' title="bbox 2152 5284 3853 5371">
     <span class='ocr_line' id='line_1_109' title="bbox 2152 5284 3853 5371; baseline -0.003 -20"><span class='ocrx_word' id='word_1_815' title='bbox 2152 5297 2398 5371; x_wconf 83' lang='grc' dir='ltr'>θυγάτηρ</span> <span class='ocrx_word' id='word_1_816' title='bbox 2434 5298 2636 5370; x_wconf 84' lang='grc' dir='ltr'>Φαραὼ</span> <span class='ocrx_word' id='word_1_817' title='bbox 2655 5298 2949 5353; x_wconf 82' lang='grc' dir='ltr'>λούσασθαι</span> <span class='ocrx_word' id='word_1_818' title='bbox 2980 5293 3330 5368; x_wconf 81' lang='grc' dir='ltr'>ἀπερχομένη</span> <span class='ocrx_word' id='word_1_819' title='bbox 3372 5284 3500 5363; x_wconf 76' lang='grc' dir='ltr'>εὗρε</span> <span class='ocrx_word' id='word_1_820' title='bbox 3528 5285 3735 5342; x_wconf 66' lang='grc' dir='ltr'>λαϐοῦ·</span> <span class='ocrx_word' id='word_1_821' title='bbox 3846 5342 3853 5346; x_wconf 92' lang='grc'><strong>.</strong></span> 
     </span>
    </p>
   </div>
   <div class='ocr_carea' id='block_1_110' title="bbox 542 5483 2039 5560">
    <p class='ocr_par' dir='ltr' id='par_1_110' title="bbox 542 5483 1967 5560">
     <span class='ocr_line' id='line_1_110' title="bbox 542 5483 1967 5560; baseline -0.006 -12"><span class='ocrx_word' id='word_1_822' title='bbox 542 5490 727 5548; x_wconf 76' lang='lat' dir='ltr'><strong>’Psal.</strong></span> <span class='ocrx_word' id='word_1_823' title='bbox 756 5506 922 5560; x_wconf 85' lang='lat' dir='ltr'><strong>cxvn,</strong></span> <span class='ocrx_word' id='word_1_824' title='bbox 956 5492 1047 5546; x_wconf 79' lang='grc'><strong>27.</strong></span> <span class='ocrx_word' id='word_1_825' title='bbox 1124 5494 1144 5524; x_wconf 80' lang='grc'>⁸</span> <span class='ocrx_word' id='word_1_826' title='bbox 1185 5491 1323 5545; x_wconf 88' lang='lat' dir='ltr'><strong>Cen.</strong></span> <span class='ocrx_word' id='word_1_827' title='bbox 1351 5504 1415 5555; x_wconf 85' lang='grc' dir='ltr'><strong>ιι,</strong></span> <span class='ocrx_word' id='word_1_828' title='bbox 1445 5488 1500 5544; x_wconf 74' lang='lat'><strong>2.</strong></span> <span class='ocrx_word' id='word_1_829' title='bbox 1579 5487 1598 5519; x_wconf 84' lang='lat'>&#39;</span> <span class='ocrx_word' id='word_1_830' title='bbox 1624 5487 1643 5541; x_wconf 88' lang='grc' dir='ltr'><strong>ι</strong></span> <span class='ocrx_word' id='word_1_831' title='bbox 1674 5485 1803 5542; x_wconf 88' lang='lat' dir='ltr'><strong>Cor.</strong></span> <span class='ocrx_word' id='word_1_832' title='bbox 1830 5501 1884 5551; x_wconf 91' lang='lat' dir='ltr'><strong>v,</strong></span> <span class='ocrx_word' id='word_1_833' title='bbox 1918 5483 1967 5540; x_wconf 88' lang='lat'><strong>7.</strong></span> 
     </span>
    </p>
   </div>
   <div class='ocr_carea' id='block_1_111' title="bbox 2141 5483 2491 5560">
    <p class='ocr_par' dir='ltr' id='par_1_111' title="bbox 2161 5486 2491 5555">
     <span class='ocr_line' id='line_1_111' title="bbox 2161 5486 2491 5555; baseline -0.006 -11"><span class='ocrx_word' id='word_1_834' title='bbox 2161 5486 2288 5544; x_wconf 91' lang='lat' dir='ltr'><strong>Cor.</strong></span> <span class='ocrx_word' id='word_1_835' title='bbox 2322 5502 2377 5555; x_wconf 81' lang='grc' dir='ltr'><strong>ν,</strong></span> <span class='ocrx_word' id='word_1_836' title='bbox 2404 5486 2491 5542; x_wconf 81' lang='lat' dir='ltr'><strong>l7.</strong></span> 
     </span>
    </p>
   </div>
   <div class='ocr_carea' id='block_1_112' title="bbox 563 5669 1030 5735">
    <p class='ocr_par' dir='ltr' id='par_1_112' title="bbox 563 5669 1030 5735">
     <span class='ocr_line' id='line_1_112' title="bbox 563 5669 1030 5735; baseline -0.004 -9"><span class='ocrx_word' id='word_1_837' title='bbox 563 5671 652 5735; x_wconf 80' lang='lat' dir='ltr'><strong>5i)</strong></span> <span class='ocrx_word' id='word_1_838' title='bbox 679 5669 740 5725; x_wconf 84' lang='lat' dir='ltr'><strong>F.</strong></span> <span class='ocrx_word' id='word_1_839' title='bbox 778 5671 1030 5726; x_wconf 88' lang='grc' dir='ltr'>θανάτου.</span> 
     </span>
    </p>
   </div>
   <div class='ocr_carea' id='block_1_113' title="bbox 538 5672 2043 5812">
    <p class='ocr_par' dir='ltr' id='par_1_113' title="bbox 538 5672 2043 5812">
     <span class='ocr_line' id='line_1_113' title="bbox 563 5672 1030 5735; baseline -0.004 -9"><span class='ocrx_word' id='word_1_840' title='bbox 563 5672 652 5735; x_wconf 76' lang='lat' dir='ltr'><strong>5i)</strong></span> <span class='ocrx_word' id='word_1_841' title='bbox 679 5672 740 5725; x_wconf 85' lang='lat' dir='ltr'><strong>F.</strong></span> <span class='ocrx_word' id='word_1_842' title='bbox 778 5672 1030 5726; x_wconf 87' lang='grc' dir='ltr'>θανάτου.</span> 
     </span>
     <span class='ocr_line' id='line_1_114' title="bbox 538 5672 2043 5812; baseline -0.005 -15"><span class='ocrx_word' id='word_1_843' title='bbox 538 5672 657 5812; x_wconf 52' lang='grc' dir='ltr'><strong>ξω)</strong></span> <span class='ocrx_word' id='word_1_844' title='bbox 706 5741 809 5796; x_wconf 88' lang='lat' dir='ltr'><strong>Pro</strong></span> <span class='ocrx_word' id='word_1_845' title='bbox 858 5740 1081 5812; x_wconf 66' lang='grc' dir='ltr'>ὁμικάς,</span> <span class='ocrx_word' id='word_1_846' title='bbox 1126 5736 1272 5797; x_wconf 86' lang='lat' dir='ltr'><strong>aliud</strong></span> <span class='ocrx_word' id='word_1_847' title='bbox 1321 5735 1762 5794; x_wconf 86' lang='lat' dir='ltr'><strong>substituendum</strong></span> <span class='ocrx_word' id='word_1_848' title='bbox 1814 5732 1921 5790; x_wconf 85' lang='lat' dir='ltr'><strong>nisi</strong></span> <span class='ocrx_word' id='word_1_849' title='bbox 1975 5733 2043 5790; x_wconf 85' lang='lat' dir='ltr'><strong>ab</strong></span> 
     </span>
    </p>
   </div>
   <div class='ocr_carea' id='block_1_114' title="bbox 2149 5663 2425 5735">
    <p class='ocr_par' dir='ltr' id='par_1_114' title="bbox 2149 5663 2425 5735">
     <span class='ocr_line' id='line_1_115' title="bbox 2149 5663 2425 5735; baseline 0.004 -17"><span class='ocrx_word' id='word_1_850' title='bbox 2149 5663 2283 5735; x_wconf 81' lang='grc' dir='ltr'>ὁμοῦ</span> <span class='ocrx_word' id='word_1_851' title='bbox 2294 5663 2425 5735; x_wconf 56' lang='grc' dir='ltr'><strong>βίῃ.</strong></span> 
     </span>
    </p>
   </div>
   <div class='ocr_carea' id='block_1_115' title="bbox 2224 5730 3039 5804">
    <p class='ocr_par' dir='ltr' id='par_1_115' title="bbox 2224 5730 3039 5804">
     <span class='ocr_line' id='line_1_116' title="bbox 2224 5730 3039 5804; baseline -0.004 -16"><span class='ocrx_word' id='word_1_852' title='bbox 2224 5731 2338 5803; x_wconf 80' lang='lat'><strong>(55)</strong></span> <span class='ocrx_word' id='word_1_853' title='bbox 2364 5731 2491 5789; x_wconf 86' lang='lat' dir='ltr'><strong>Cor.</strong></span> <span class='ocrx_word' id='word_1_854' title='bbox 2520 5732 2651 5804; x_wconf 71' lang='grc' dir='ltr'>πρὸς</span> <span class='ocrx_word' id='word_1_855' title='bbox 2678 5732 2743 5787; x_wconf 80' lang='grc' dir='ltr'>τὰ</span> <span class='ocrx_word' id='word_1_856' title='bbox 2778 5730 3039 5804; x_wconf 81' lang='grc' dir='ltr'>ἡμέτερα.</span> 
     </span>
    </p>
   </div>
  </div>
