3978 6220
330 373 438 427 H9

1278 373 1565 431 IIOMILIA
1591 371 1655 429 llI
1700 363 1768 423 IN
1807 370 1917 426 DIE
1945 370 2552 429 RESURRECTIONIS
2583 371 2881 431 CHRISTI.

3465 372 3580 432 470

326 493 394 529 σα
439 481 532 534 τὸν
568 480 834 553 Μωῦσῆν·
881 481 916 554 ή
961 482 1019 537 δὲ
1053 483 1149 538 τοῦ
1179 485 1417 557 Χριστοῦ
1478 483 1773 555 Ἐκκλησία
1809 483 1902 537 καὶ

2004 481 2250 539 Ecclesia
2279 484 2484 541 Christi
2510 485 2719 556 pariter
2747 495 2801 541 et
2830 483 2939 539 ﬁlia
2975 497 3102 539 cum
3132 481 3404 555 baptismo
3434 484 3574 540 elui-

322 571 571 642 θυγάτηρ
607 571 962 641 βαπτίζεσθαι
1009 574 1121 646 (54)
1170 576 1435 646 λαμϐάνει
1490 576 1742 647 Χριστὸν,
1797 574 1899 628 οὐκ

323 662 433 715 ἀπὺ
496 658 652 730 ίίϐης
702 666 1063 734 τριμηνιαῖον,
1116 665 1192 729 ὡς
1236 666 1503 735 Μωῦσῆν,
1547 665 1663 719 ἀλλ’
1702 666 1766 717 ἑκ
1802 663 1898 718 τοῦ

321 750 495 819 τάφου
549 755 845 825 τριήμερον
888 757 1008 809 ἀντὶ
1054 758 1285 827 Μωῦσῆ.
1333 759 1479 811 Ἐκεῖ
1527 757 1772 821 τυπικῶς
1803 758 1899 812 καὶ

321 845 650 915 νυκτερινῶς
692 846 751 899 τὺ
790 848 984 917 Πάσχα
1016 852 1045 902 6
1094 849 1310 921 Ἰσραὴλ
1350 850 1631 921 ἑποίησενο
1666 848 1899 903 ἑνταῦθα

322 935 601 1003 φωτεινῶς
650 953 711 989 τε
753 938 845 990 καὶ
891 940 1165 1012 ἡμερινῶς
1216 940 1279 993 τὸ
1318 939 1512 1010 Πάσχα
1543 940 1893 1011 ἑορτάζομεν.

334 1023 481 1076 Ἐκεῖ
529 1024 667 1095 πρὸς
722 1027 960 1096 ἑσπέραν
1016 1027 1116 1097 τῆς
1166 1029 1408 1099 ἡμέρας·
1467 1029 1701 1083 ἑνταῦθα
1759 1029 1898 1100 πρὸς

320 1116 559 1186 ἑσπέραν
580 1117 688 1169 τῶν
721 1118 925 1190 χρόνων
958 1118 1050 1171 τοῦ
1077 1119 1293 1183 αἰῶνος.
1340 1120 1562 1173 Ἐκεῖαὶ
1587 1120 1694 1173 τῶν
1725 1119 1895 1189 φλιῶν

320 1205 478 1277 θύραι
507 1206 584 1278 τῷ
613 1208 805 1278 αἵματι
857 1210 1099 1279 ἑχρίοντο
1119 1226 1132 1239 θ
1181 1210 1414 1265 ἐνταῦθα
1446 1213 1501 1265 αἱ
1529 1211 1639 1264 τῶν
1687 1210 1911 1265 πιστῶνλ

318 1300 536 1369 καρδίαι
570 1300 646 1369 τῷ
677 1300 770 1352 τοῦ
803 1301 1038 1370 Χριστοῦ
1076 1302 1461 1372 σφραγίζονται
1490 1304 1704 1373 αἵματι.
1750 1303 1898 1356 Ἐκεῖ

318 1391 605 1460 νυκτερινὴ
633 1387 700 1461 ἦν
736 1392 916 1456 θυσία,
949 1394 1042 1447 καὶ
1075 1394 1230 1446 νυκτὶ
1272 1396 1304 1464 ἠ
1350 1395 1447 1464 τῆς
1486 1394 1752 1466 Ἐρυθρᾶς
1800 1378 1896 1449 θαλ

317 1480 521 1551 λάσσης
552 1481 832 1545 διάϐασιςο
866 1483 1098 1536 ἐνταῦθα
1143 1485 1408 1555 σωτηρία,
1459 1485 1553 1538 καὶ
1593 1484 1829 1556 φωτεινὴ
1860 1486 1892 1555 ἡ

316 1570 417 1639 τῆς
443 1571 707 1643 Ἐρυθρᾶς
737 1572 847 1640 (55)
866 1572 959 1625 τοῦ
982 1574 1354 1645 βαπτίσματος
1379 1574 1642 1641 θάλασσα,
1673 1578 1768 1629 καὶ
1793 1593 1895 1629 πυ·-

318 1661 574 1731 ριςούσης
598 1663 659 1715 τὸ
688 1663 799 1734 πῦρ
832 1664 926 1717 τοῦ
961 1665 1278 1735 Πνεύματος
1299 1685 1313 1698 ·
1352 1670 1409 1721 ἑν
1438 1660 1483 1736 ᾧ
1531 1670 1625 1722 καὶ
1664 1669 1891 1741 Πνεῦμα

315 1751 451 1803 Θεοῦ
474 1752 689 1823 άληθῶς
728 1755 1045 1825 ἐπιφέρεται
1082 1756 1240 1827 ὁμοῦ,
1275 1758 1367 1810 καὶ
1396 1759 1759 1827 ἐπιφαίνεται,
1797 1763 1890 1814 καὶ

315 1842 413 1894 ἐπὶ
449 1844 543 1896 τοῦ
581 1844 744 1898 αὑτοῦ
785 1822 996 1911 ὓδατος,
1037 1822 1184 1916 ev};
1225 1822 1569 1921 συντρίϐεται
1610 1853 1643 1922 ἡ
1683 1822 1892 1924 κειραλὴ
1922 1822 1967 1878 Β

315 1932 408 1985 τοῦ
450 1933 763 2003 δράκοντος,
818 1938 913 1990 καὶ
963 1939 1223 2009 ἄρχοντος
1267 1939 1376 1993 τῶν
1427 1941 1736 2012 δρακόντων
1783 1943 1894 1997 τῶν

314 2020 644 2091 δαιμονικῶν
692 2024 785 2077 τοῦ
827 2025 1080 2081 διαϐόλου
1133 2027 1301 2082 λαῶν.
1360 2030 1506 2083 Ἐκεῖ
1546 2031 1638 2085 τὸν
1679 2034 1893 2104 Ἰσραὴλ

314 2114 613 2185 νυκτερινῷ
663 2114 909 2184 Μωῦσῆς
966 2116 1337 2187 βαπτίσματιο
1399 2122 1515 2173 ἐκεῖ
1562 2123 1758 2193 νεφέλη
1804 2124 1896 2178 τὸν

314 2202 442 2255 λαὸν
491 2202 715 2256 σκέπει·
762 2204 852 2257 τὸν
901 2205 957 2257 δὲ
1004 2206 1241 2277 Χριστοῦ
1284 2207 1473 2279 λαὸνή
1518 2209 1747 2281 δύναμις
1798 2212 1893 2265 τοῦ

327 2293 579 2362 Ὑψίστου
620 2295 948 2357 ἐπισκιάζει.
1006 2297 1153 2349 Ἐκεῖ
1216 2299 1310 2351 τοῦ
1357 2295 1487 2353 λαόῦ
1542 2301 1806 2367 σωθέντος
1859 2305 1894 2375 ή

314 2383 590 2447 Μωῦσέως
629 2386 817 2455 Μαρία
863 2387 1187 2457 ἐχόρευσεν·
1240 2390 1472 2443 ἐνταῦθα
1514 2391 1570 2444 δὲ
1621 2393 1715 2445 τοῦ
1761 2393 1892 2447 λαοῦ

312 2472 423 2526 τῶν
453 2473 624 2528 ἐθνῶν
662 2475 971 2546 σωζομένου
998 2480 1030 2549 ἡ
1068 2477 1160 2531 τοῦ
1192 2480 1432 2548 Χριστοῦ
1475 2482 1769 2554 Ἐκκλησία
1797 2487 1895 2540 σὺν

315 2564 518 2628 πάσαις
555 2567 723 2637 αὐτῆς
758 2569 877 2630 ταῖς
923 2568 1270 2639 Ἐκκλησίαις
1311 2572 1577 2641 ἑορτάζει.
1625 2573 1771 2628 Ἐκεῖ
1793 2575 1895 2645 τῆς

315 2655 546 2718 κτίσεως
602 2658 779 2729 πέτρᾳ
827 2659 1161 2730 προσφεύγει
1209 2662 1484 2732 Μωῦσῆς’
1529 2664 1761 2719 ἐνταῦθα
1795 2668 1893 2738 τῆς

314 2748 553 2811 πίστεως
593 2749 773 2820 πέτρα
806 2751 1142 2820 προσφεύγει
1176 2752 1204 2805 6
1243 2752 1389 2817 λαός.
1429 2754 1576 2807 Ἐκεῖ
1602 2759 1657 2808 αἱ
1693 2758 1894 2812 πλάκαι

313 2838 372 2890 αἱ
423 2840 644 2908 νομικαὶ
699 2842 1090 2912 συντρίϐονται,
1144 2844 1243 2913 τὴν
1298 2843 1392 2896 τοῦ
1434 2845 1600 2916 νόμου
1647 2847 1895 2904 διάϐασιν

318 2929 619 2999 μηνύουσαι
653 2930 812 3001 ὁμοῦ,
849 2932 944 2984 καὶ
974 2932 1303 2988 παλαίωσινσ
1344 2936 1578 2989 ἐνταῦθα
1604 2938 1660 2990 δὲ
1687 2941 1733 2991 οἱ
1764 2939 1891 2993 θεῖοι

315 3021 468 3089 νόμοι
492 3021 851 3093 άδιάρρηκτοι
873 3023 1155 3087 σώζονται.
1200 3026 1349 3079 Ἐκεῖ
1379 3028 1578 3099 μόσχος
1602 3030 1897 3099 ἑχωνεύετο

2001 583 2111 640 tur,
2143 574 2420 630 Christum
2465 578 2666 647 exeipit
2697 595 2711 632 :
2742 590 2853 631 non
2901 576 3052 629 illum
3101 574 3318 645 quidem
3346 590 3413 631 ex
3443 587 3570 628 area

2002 668 2355 733 trimestrem,
2391 667 2469 721 uti
2501 667 2747 738 Moysen,
2775 666 2870 722 sed
2899 681 3000 737 pro
3023 665 3207 738 Moyse
3228 682 3294 721 ex
3317 666 3571 737 sepulcro

2000 757 2338 813 triduanum.
2372 754 2487 813 Illic
2518 758 2770 828 ﬁgurate,
2798 773 2863 812 ac
2893 769 3058 812 noctu
3089 757 3299 814 Pascha
3328 757 3571 813 celebra-

2000 849 2076 905 vit
2107 850 2312 915 Israel;
2348 850 2437 905 hic
2464 864 2588 904 cum
2619 850 2741 903 luce
2769 863 2833 903 ac
2866 848 3173 918 splendore,
3202 849 3443 904 interdiu
3467 848 3571 902 Pa-

1998 940 2131 996 scha
2174 940 2506 1012 peragimus.
2548 937 2666 993 Illic
2714 938 2818 993 sub
2873 938 2979 993 diei
3026 954 3347 1009 vesperam;
3395 940 3484 993 hic
3514 939 3570 994 in

1997 1047 2280 1102 vesperam
2348 1029 2741 1085 inclinantibus
2799 1029 2985 1083 saeculi
3040 1031 3397 1097 temporibus.
3456 1028 3581 1084 Illic»

1997 1122 2235 1192 postium
2277 1136 2341 1175 ae
2389 1121 2638 1174 liminum
2671 1118 2887 1173 foribus
2916 1117 3085 1173 illitus
3125 1126 3210 1173 est
3251 1133 3452 1185 cruor;
3482 1120 3573 1175 hic

1996 1214 2264 1284 sanguine
2296 1211 2498 1267 Christi
2531 1209 2700 1266 corda
2745 1209 2987 1264 ﬁdelium
3040 1209 3418 1279 obsignantur.
3455 1209 3571 1264 Illic.

1994 1314 2048 1364 et
2072 1314 2235 1361 noctu
2255 1304 2648 1370 sacriﬁcatum,
2672 1310 2728 1358 et
2752 1299 3195 1357 noctu‘Rubrum
3216 1316 3367 1356 mare
3389 1308 3570 1355 trans-

1995 1396 2224 1453 missum
2273 1404 2393 1460 est;
2432 1395 2529 1449 hic.
2554 1409 2685 1449 vero
2718 1393 2889 1458 salus,
2918 1401 2973 1447 et
3006 1392 3347 1461 Splendidam
3379 1407 3442 1446 ac
3471 1408 3569 1446 ru—

1993 1487 2153 1541 brum
2184 1486 2324 1540 inest
2343 1484 2693 1554 baptismatis
2718 1497 2891 1547 mare,
2920 1482 3066 1553 quod
3095 1480 3330 1551 Spiritus
3364 1481 3573 1552 fulgore

1993 1577 2180 1631 rutilat
2215 1594 2228 1629 :
2258 1574 2346 1629 cui
2381 1573 2597 1643 quidem
2634 1586 2825 1628 revera
2854 1571 2948 1626 Dei
2982 1571 3220 1640 Spiritus
3247 1570 3490 1636 incubat,
3516 1573 3573 1626 in

1992 1684 2169 1740 eoque
2213 1668 2590 1738 conspicitur;
2637 1667 2827 1722 eadem
2884 1664 3136 1720 videlicet
3184 1679 3347 1734 aqua,
3375 1665 3430 1719 in
3463 1680 3568 1735 qua

1995 1760 2251 1817 draconis
2300 1759 2543 1828 adeoque
2568 1756 2869 1811 draconum
2899 1755 3185 1825 principis,
3211 1755 3315 1809 hoc
3344 1761 3423 1809 est
3449 1755 3570 1808 dia-

1996 1852 2106 1907 boli
2138 1850 2453 1913 satellitum,
2490 1855 2655 1917 caput
2687 1847 3011 1901 conteritur.
3050 1844 3167 1899 Illic
3211 1844 3424 1915 Moyses
3469 1859 3572 1898 no-

1997 1952 2195 1997 cturno
2242 1940 2513 2009 baptismo
2549 1938 2827 1992 Israelitas
2856 1938 3007 2003 lavit,
3041 1935 3151 1989 illic
3176 1935 3435 2004 populum
3470 1950 3574 1987 nu-

1998 2032 2096 2087 bes
2136 2030 2363 2085 obtexit.
2413 2029 2484 2081 At
2528 2026 2734 2081 Christi
2780 2026 3041 2096 populum
3083 2023 3353 2079 Altissimi
3397 2024 3574 2078 virtus

1997 2119 2305 2175 obumbrat.
2341 2115 2476 2177 Illic,
2503 2123 2691 2183 erepto
2733 2114 2954 2184 populo,
2982 2112 3183 2184 Moysis
3212 2127 3369 2167 soror
3402 2110 3585 2165 Maria.

1996 2198 2227 2265 choreas
2268 2207 2458 2271 duxit;
2492 2205 2581 2258 hic
2628 2204 2858 2259 liberato
2903 2204 3181 2273 gentilium
3220 2203 3439 2272 populo,
3472 2201 3576 2256 Ec-

1997 2301 2164 2355 clesia
2193 2298 2398 2354 Christi
2420 2311 2551 2350 cum
2592 2294 2709 2350 suis
2735 2294 2991 2348 omnibus
3025 2292 3289 2349 Ecclesiis
3321 2293 3459 2348 festa
3484 2308 3576 2347 ce-
3624 2345 3627 2347 ,

1995 2390 2187 2445 lebrat.
2230 2386 2344 2442 Illic
2394 2386 2463 2440 ad
2516 2391 2755 2439 creatam
2796 2391 3005 2453 petram
3041 2381 3255 2452 Moyses
3284 2380 3572 2451 confugit;

1997 2480 2085 2535 hic
2114 2480 2181 2533 ad
2220 2477 2341 2533 ﬁdei
2373 2484 2582 2547 petram
2616 2474 2854 2545 populus
2894 2488 3017 2529 sese
3042 2474 3255 2543 recipit.
3289 2472 3404 2526 Illic
3434 2471 3578 2542 legis
3656 2459 3659 2462 ’

1999 2572 2198 2627 tabulae
2222 2569 2571 2639 franguntur,
2604 2580 2726 2635 qua:
2762 2579 2850 2619 res
2880 2563 3255 2634 praeteritum,
3283 2570 3337 2618 et
3370 2562 3577 2618 invete-

1997 2671 2197 2718 raturas
2236 2661 2378 2729 legis
2417 2656 2680 2712 indicium
2735 2654 2867 2720 fuit;
2905 2654 2993 2708 hic
3025 2653 3225 2707 divina:
3261 2653 3407 2722 leges
3435 2650 3576 2707 inte-

1997 2768 2106 2823 grae
2134 2750 2512 2817 inviolataeque
2556 2752 2864 2802 servantur.
2894 2742 3010 2799 Illic
3057 2744 3123 2799 ad
3148 2743 3331 2814 populi
3356 2757 3574 2813 poenam

1947 2830 1965 2850 ⁸
1998 2844 2269 2900 conﬂatur
2301 2841 2543 2905 vitulus;
2580 2838 2668 2892 hic
2695 2839 2764 2893 ad
2797 2837 3029 2893 salutem
3061 2836 3247 2905 populi
3269 2834 3363 2889 Dei
3387 2837 3577 2905 Agnus

1999 2937 2333 2992 immolatur.
2376 2931 2492 2985 Illic
2540 2939 2694 2999 petra
2739 2929 2892 2998 virga
2945 2927 3287 2997 percutitur;
3318 2926 3410 2980 hic
3442 2940 3577 2980 vero

1998 3026 2221 3090 Christi,
2251 3024 2345 3094 qui
2377 3033 2461 3079 est
2486 3031 2660 3092 petra,
2703 3021 2845 3075 latus
2874 3017 3251 3073 transfoditur.
3294 3016 3408 3071 Illic
3433 3029 3581 3085 aqua

312 3110 393 3198 εἰς
418 3108 637 3198 τὴντοῦ
668 3111 797 3165 λαοῦ
821 3113 1088 3184 τιμωρίαν
1107 3130 1121 3144 ο
1158 3115 1393 3169 ἐνταῦθα
1429 3116 1484 3169 δὲ
1509 3119 1537 3170 6
1578 3119 1771 3189 Ἀμνὸς
1801 3122 1893 3175 τοῦ

2000 3124 2066 3179 de
2094 3128 2248 3192 petra
2276 3115 2616 3190 prorumpit;
2653 3112 2742 3167 hic
2775 3126 2841 3167 ex
2870 3109 3084 3167 viviﬁco
3141 3111 3307 3165 latere
3351 3106 3581 3177 sanguis

312 3195 448 3248 Θεοῦ
513 3197 701 3252 θύεται
757 3202 837 3264 είς
889 3201 987 3273 τὴν
1034 3202 1127 3256 τοῦ
1188 3202 1318 3256 λαοῦ
1386 3210 1681 3278 σωτηρίαν.
1753 3212 1900 3267 Ἐκεῖ

2001 3222 2055 3270 et
2086 3226 2227 3284 aqua
2258 3208 2501 3281 proﬂuit.
2533 3206 2614 3262 Illi
2642 3203 2988 3259 coturnicum
3026 3216 3222 3256 carnes
3255 3199 3472 3254 coalitus
3492 3211 3579 3251 ac-

274 3291 288 3302 '
314 3288 496 3359 ράϐδῳ
539 3290 715 3361 πέτρα
759 3291 1057 3345 τύπτεται·
1108 3293 1342 3347 ἐνταῦθα
1376 3296 1433 3349 δὲ
1465 3298 1700 3370 Χριστὸς
1734 3303 1765 3373 ή
1801 3303 1898 3355 πέ-

310 3396 414 3449 τρα
438 3379 536 3450 τὴν
570 3381 810 3451 πλευράν
827 3381 1097 3438 νύττεται.
1129 3384 1276 3438 Ἐκεῖ
1300 3385 1444 3459 ὕδωρ
1475 3390 1538 3443 ἑκ
1570 3390 1669 3460 τῆς
1692 3394 1897 3463 πέτρας

310 3468 626 3540 ἐξέρχεται·
701 3472 937 3526 ἐνταῦθα
982 3470 1119 3545 αἷμα
1164 3477 1259 3530 καὶ¹
1318 3476 1461 3549 ὕδωρ
1517 3481 1581 3535 ἑκ
1630 3482 1892 3547 ζωοποιοῦ

311 3562 553 3632 πλευρᾶς
583 3563 911 3635 πηγάζεται.
957 3566 1183 3620 Ἐκεῖνοι
1208 3568 1626 3644 ὀρτυγομήτραν
1656 3576 1795 3647 κρέα
1832 3583 1891 3650 ἑξ

1997 3315 2294 3376 ceperunt;
2344 3316 2446 3356 nos
2501 3297 2740 3369 Spiritus
2787 3294 2961 3350 sancti
3006 3291 3317 3348 columbam
3365 3305 3432 3345 ex
3466 3288 3581 3342 alto

1997 3396 2352 3467 suscipimus.
2384 3392 2465 3445 Illi
2497 3387 2889 3459 temporarium
2946 3397 3150 3438 manna
3194 3380 3572 3441 comederunt,

1994 3498 2047 3547 et
2075 3487 2274 3543 mortui
2299 3490 2459 3548 sunt;
2492 3496 2594 3536 nos
2624 3493 2764 3550 pane
2793 3475 3069 3532 vescimur
3098 3473 3154 3529 in
3180 3474 3342 3547 vitam
3376 3469 3576 3540 sempi-

1995 3593 2226 3638 lernam.

310 3655 539 3727 οὐρανοῦ
585 3657 866 3724 ἐδέξαντο·
924 3661 1085 3731 ἡμεῖς
1113 3662 1171 3715 δὲ
1208 3666 1533 3737 περιστερὰν
1573 3670 1667 3723 τοῦ
1724 3676 2042 3749 Πνεύματος
2090 3673 2151 3741 ἑξ
2198 3671 2368 3743 ὕψους
2407 3665 2697 3740 δεχόμεθα.
2753 3664 2983 3716 Ἐκεῖνοι
3026 3658 3202 3729 μάννα
3242 3655 3582 3725 πρόσκαιρον

310 3749 535 3815 ἔφαγον,
566 3750 657 3803 καὶ
695 3750 964 3805 ἀπέθανον
984 3769 998 3782 '
1046 3754 1208 3823 ἡμεῖς
1239 3754 1389 3826 (γάρ)
1428 3758 1590 3828 ἄρτον
1632 3762 1886 3838 ἐσθίομεν
1920 3772 2002 3834 είς
2033 3768 2180 3836 ζωὴν
2208 3764 2445 3818 αἰώνιον.

395 3841 534 3892 Ἀλλ’
566 3843 749 3896 ἑκεῖνα
777 3844 851 3906 ὡς
884 3843 1089 3897 παλαιὰ
1115 3845 1208 3898 καὶ
1246 3846 1449 3920 σκιώδη
1488 3855 1890 3927 πεπαλαίωται,

310 3928 407 3982 καὶ
433 3930 772 3984 τετέλεσταιο
803 3933 871 3986 τά
904 3934 960 3986 δὲ
1006 3933 1101 3989 τοῦ
1139 3936 1409 4007 ἡμετέρου
1438 3940 1565 3995 λαοῦ
1596 3944 1769 4013 αὔξει,
1802 3951 1895 4003 καὶ

312 4016 543 4069 ἑπανθεί
567 4019 645 4080 εἰς
668 4019 754 4070 ἀεὶ
780 4019 1122 4089 διαμένοντα.
1163 4023 1312 4092 Λῦτη
1343 4025 1435 4079 τοῦ
1468 4028 1658 4099 Πάσχα
1679 4035 1838 4103 ἡμῶν
1861 4037 1894 4105 ἡ

312 4108 591 4177 πρότυπος
614 4124 626 4138 ·
663 4108 802 4178 αῦτη
832 4109 939 4164 τῶν
962 4112 1199 4180 νομικῶν
1232 4115 1572 4184 πραγμάτων
1599 4123 1631 4191 ὴ
1664 4122 1897 4193 σκιώδης

313 4198 586 4262 διάϐασις.
617 4200 771 4253 Οῦτω
816 4200 884 4254 τά
925 4201 1023 4270 τῆς
1053 4202 1243 4273 ἑορτῆς
1272 4204 1463 4274 νόησον
1484 4223 1498 4238 ·
1531 4208 1676 4263 οῦτω
1702 4212 1772 4266 τά
1803 4213 1899 4268 τοῦ

316 4286 558 4350 Μωσέως
588 4288 681 4339 καὶ
721 4287 829 4343 τῶν
859 4289 1153 4359 προφητῶν
1180 4292 1308 4363 περὶ
1334 4293 1432 4363 τῆς
1470 4296 1683 4368 ἡμέρας
1703 4303 1906 4375 σκόπη-

320 4396 430 4442 σον,
444 4378 531 4431 ἵνα
556 4379 781 4449 πεισθῇς
796 4382 861 4451 τῇ
879 4380 1190 4436 ἀναστάσει.
1210 4384 1493 4449 Ἀπιστίας
1507 4388 1614 4458 γὰρ
1630 4392 1829 4458 πάντες
1842 4396 1903 4449 τὸ

2071 3859 2271 3914 Verum
2304 3856 2395 3908 illa
2431 3859 2688 3919 tanquam
2711 3855 2893 3901 vetera
2920 3850 2974 3897 et
2998 3840 3321 3896 adumbrata
3352 3836 3577 3892 demum

2002 3950 2405 4009 obsoleverunt,
2443 3951 2496 3996 et
2529 3939 2799 4007 completa
2834 3943 2964 3991 sunt
3002 3952 3017 3988 :
3048 3947 3169 4002 qua:
3212 3930 3280 3983 ad
3325 3937 3578 3984 nostrum

2003 4038 2262 4111 populum
2308 4032 2601 4103 pertinent,
2631 4033 2900 4097 augentur
2949 4025 3004 4078 in
3054 4023 3193 4084 dies,
3231 4030 3284 4075 et
3318 4019 3580 4111 perennia

2000 4107 2366 4199 perpetuaque
2393 4120 2711 4173 ﬂorescunt.
2752 4111 3035 4183 Ejusmodi
3067 4110 3240 4199 ﬁgura
3270 4108 3443 4162 nostri
3473 4107 3579 4199 Ila-

2000 4198 2207 4272 Schatis
2236 4212 2366 4279 fuit;
2394 4211 2511 4264 haec
2558 4207 2691 4277 legis
2736 4203 3076 4275 negotiorum
3133 4198 3450 4253 adumbrata
3476 4198 3576 4252 de-

2000 4306 2206 4364 cursio.
2242 4303 2368 4357 ﬂare
2414 4300 2513 4355 tibi
2558 4297 2682 4354 festi
2725 4296 2872 4350 illius
2911 4290 3254 4348 informanda
3279 4289 3468 4343 notio:
3497 4287 3579 4342 sic

2001 4413 2086 4462 ea,
2118 4411 2239 4467 quae
2273 4395 2342 4448 ad
2373 4392 2635 4463 Moysem,
2657 4395 2712 4444 et
2740 4386 3034 4457 prophetas
3067 4383 3319 4446 attinent,
3343 4381 3410 4435 ad
3433 4380 3578 4435 hanc

318 4467 578 4537 κάλυμμα
602 4469 1126 4541 περίκεινται.Ἔχει
1142 4472 1253 4542 (56)
1286 4472 1516 4540 πολλοὺς
1532 4479 1658 4542 τοὺς
1671 4481 1896 4552 τύπους,

2003 4490 2146 4545 diem
2173 4484 2632 4554 contemplatione
2658 4479 2944 4539 referenda
2972 4485 3120 4541 sunt,
3146 4482 3205 4528 ut
3226 4473 3580 4529 resurrectio—
3646 4482 3659 4503 λ

318 4563 413 4615 καὶ
452 4563 896 4635 ἀπεριγράπτους
937 4566 1036 4637 τῆς
1074 4568 1139 4621 ὲκ
1166 4569 1373 4641 νεκρῶν
1401 4572 1767 4637 ἀναστάσεως,
1802 4575 1898 4627 καὶ

317 4652 678 4717 ἁναϐιώσεως.
725 4656 941 4727 Ταύτης
999 4657 1216 4729 μάρτυρ
1275 4660 1588 4726 ἀξιόπιστος
1626 4664 1809 4719 Ἰσαὰκ
1860 4667 1894 4736 ἡ

320 4747 537 4815 σφαγήο
588 4745 794 4815 ταύτης
846 4746 1016 4811 τύπος
1071 4750 1099 4801 6
1142 4749 1343 4815 λάκκος
1381 4752 1475 4805 τοῦ
1514 4754 1730 4826 Ἰωσὴφ,
1765 4756 1823 4809 ἑν
1853 4749 1898 4824 ᾧ

318 4833 422 4886 ὑπὸ
453 4832 558 4886 τῶν
580 4834 822 4904 ἀδελφῶν
853 4836 1139 4909 ἐνεϐλήθη,
1163 4839 1313 4893 ἔνθεν
1337 4840 1567 4912 ἀνῆλθεν
1592 4844 1856 4908 ἀθάνατος
1880 4861 1895 4876 ·

315 4922 518 4993 ταύτης
546 4923 712 4988 τύπος
752 4926 1016 4996 Ἰερεμίου
1052 4929 1080 4980 ὁ
1109 4928 1330 4995 λάκκος,
1369 4931 1489 4986 ὅθεν
1524 4932 1672 4998 am:
1704 4936 1769 4987 ἐκ
1799 4936 1898 5006 τῆς

316 5012 540 5085 φθορᾶς,
570 5015 780 5069 καὶτοῦ
810 5016 1069 5089 βορϐόρου
1114 5020 1331 5090 ἀνῆλθε.
1367 5022 1602 5092 Χριστοῦ
1638 5027 1737 5096 τῆς
1762 5026 1895 5079 ἁνα-

319 5104 558 5168 στάσεως
600 5104 771 5168 τύπος
804 5105 898 5158 τοῦ
949 5108 1100 5161 Ἰωνᾶ
1129 5112 1189 5162 τὸ
1226 5112 1411 5181 κῆτος,
1443 5114 1502 5180 ἑξ
1550 5109 1611 5169 οῦ
1659 5116 1897 5188 προῆλθε

316 5195 829 5264 τριήμερος.Ἔχεις
854 5195 947 5248 καὶ
977 5196 1134 5251 ἄλλον
1151 5197 1245 5251 τοῦ
1278 5199 1335 5252 ἑν
1367 5200 1493 5272 ᾅδου
1520 5202 1895 5277 δεσμωτηρίου

316 5280 484 5334 τύπον
516 5283 578 5335 τὸ
605 5281 700 5335 τοῦ
739 5282 935 5355 Ἰωσὴφ
964 5284 1358 5359 δεσμωτήριον,
1393 5288 1519 5342 ἑνθα
1539 5290 1756 5363 αὑτὸνή
1788 5310 1900 5363 μοι-

316 5371 474 5441 χαλὶς
508 5370 799 5443 συναγωγὴ
825 5371 1198 5437 κατέκλεισεν,
1230 5373 1290 5438 ἑξ
1336 5367 1397 5428 οὗ
1435 5377 1702 5448 προῆλθεν
1732 5378 1897 5431 ἀϐλα-

316 5462 420 5533 ϐὴς
462 5463 557 5516 καὶ
593 5464 831 5535 τριετὴς,
862 5464 938 5527 ὡς
969 5462 1203 5534 Χριστὸς
1248 5468 1539 5539 τριήμερος
1578 5469 1643 5522 ἑκ
1667 5469 1893 5540 νεκρῶν.

390 5660 505 5733 (54)
644 5667 700 5715 ἑν
724 5663 805 5730 τῷ
833 5665 992 5732 βαπτ.
1110 5722 1113 5727 ,

388 5730 504 5804 (55)
542 5732 602 5787 F.
632 5734 724 5786 καὶ
762 5730 1011 5804 Ἐρυθρά.

1998 4580 2055 4635 ni
2079 4578 2237 4633 ﬁdem
2258 4576 2539 4631 adhibeas.
2571 4571 2838 4626 Omnibus
2861 4570 3005 4625 enim
3031 4567 3209 4620 velum
3240 4563 3579 4629 inﬁdelitatis

1999 4670 2310 4727 obducitur.
2332 4666 2588 4722 Plurima:
2617 4670 2766 4727 sunt,
2792 4671 2845 4717 et
2866 4675 2987 4730 quae
3002 4657 3387 4729 comprehendi
3415 4654 3580 4710 facile

1999 4770 2294 4831 nequeant,
2326 4755 2749 4813 resurrectionis
2796 4767 2830 4807 a
2869 4750 3102 4807 mortuis
3132 4758 3189 4805 et
3219 4748 3577 4803 instauratio-

1999 4850 2086 4904 nis
2111 4850 2313 4919 ﬁgurae.
2347 4846 2525 4915 Hujus
2556 4845 2752 4898 idonea
2780 4840 2939 4896 testis
2963 4844 3049 4894 est
3074 4837 3249 4893 Isaaci
3281 4835 3575 4908 jugu'latio.

2002 4938 2175 5007 llujus
2206 4938 2332 4992 item
2370 4935 2538 5004 ﬁgura
2560 4932 2779 5002 Josephi
2807 4942 3003 5001 puteus
3029 4927 3118 4982 ille
3140 4926 3260 4994 fuit,
3281 4927 3335 4981 in
3358 4942 3519 4997 quem
3544 4940 3575 4981 a

2000 5028 2260 5083 fratribus
2283 5034 2368 5082 est
2396 5025 2700 5094 conjectus,
2726 5021 2869 5076 unde
2881 5028 2936 5074 et
2952 5034 3147 5090 expers
3170 5017 3360 5073 mortis
3383 5032 3575 5072 ascen-

1998 5119 2095 5173 dit.
2128 5116 2384 5171 Eamdem
2413 5124 2468 5170 et
2491 5115 2738 5170 Jeremiae
2766 5113 3003 5168 cisterna
3035 5109 3396 5182 signiﬁcavit;
3431 5107 3577 5164 unde

1998 5224 2066 5264 ex
2092 5207 2461 5278 corruptione,
2492 5213 2547 5262 et
2579 5220 2736 5261 coeno
2776 5201 2942 5259 semel
2969 5208 3191 5257 evectus
3218 5209 3322 5257 est.
3371 5197 3580 5254 Resur-

1998 5298 2296 5353 rectionem
2335 5294 2540 5350 Christi
2584 5293 2736 5349 Jonae
2788 5302 2943 5350 cetus
2993 5289 3360 5357 adumbravit,
3409 5303 3576 5357 equo

2001 5387 2288 5442 triduanus
2319 5384 2541 5457 prodiit.
2572 5383 2751 5441 Habes
2780 5393 2833 5439 et
2867 5384 3028 5439 aliam
3058 5381 3358 5439 inferorum
3388 5393 3577 5433 carce-

2000 5477 2077 5532 ris
2108 5476 2420 5547 imagincm,
2450 5473 2672 5547 Josephi
2702 5475 2916 5531 scilicet
2954 5486 3267 5537 carcerem;
3315 5469 3369 5522 in
3411 5481 3579 5538 quem

2071 5669 2186 5742 (56)
2232 5667 2289 5726 Ρ.
2329 5669 2487 5741 ἔχεις.
