3978 6220
396 362 496 420 471

1687 362 1893 422 DUBIA
1933 361 2077 418 AUT
2116 361 2387 419 SPURIA.

3560 364 3676 418 67‘!

401 482 558 548 illum
585 483 830 546 adultera
864 484 1146 556 Synagoga
1191 483 1484 556 compegit,
1521 485 1664 541 unde
1695 494 1748 542 et
1778 486 1980 542 ill:esus

2096 483 2216 542 Μεθ’
2234 477 2310 544 ὧν
2335 481 2430 538 καὶ
2458 481 2656 554 Δανιὴλ
2669 482 2778 552 (57)
2795 481 2888 537 τὸν
2915 481 3024 540 τῶν
3053 482 3282 540 λεόντων
3305 483 3507 540 λάκκον
3532 501 3675 555 προ-

398 582 523 643 post
569 575 865 632 triennium
917 576 1071 640 exiit,
1099 575 1176 636 uti
1227 585 1348 647 post
1395 575 1638 632 triduum
1671 576 1923 634 Christus
1951 593 1982 632 a

402 663 634 726 mortuis
661 664 951 720 excitatur.
985 664 1298 722 Secundum
1326 665 1466 726 istos
1497 675 1548 720 et
1578 665 1760 724 Daniel
1789 667 1844 726 in
1870 667 1983 722 leo-

399 766 533 806 num
562 767 782 808 caveam
806 753 1088 810 immissus
1110 754 1408 811 Salvatoris
1435 757 1746 825 sepulcrum
1776 757 1984 817 indica-

404 839 502 903 vit,
531 856 597 894 ex
650 857 760 911 quo
808 843 966 900 vivus
1015 844 1176 901 Jesus
1218 845 1542 913 ascendens,
1575 848 1643 902 ab
1695 849 1886 913 inferis
1931 858 1986 908 et

402 939 600 1002 morte,
646 941 902 1004 tanquam
953 951 985 990 e
1035 937 1234 994 mediis
1286 937 1560 1005 leonibus,
1594 941 1837 996 emersit.
1890 939 1986 999 His

403 1020 576 1078 fretus
599 1021 818 1082 Iudaeos
850 1025 1150 1096 redargue;
1192 1028 1277 1088 his
1326 1030 1449 1086 illos
1475 1031 1732 1101 increpa;
1763 1031 1830 1088 ad
1861 1047 1986 1088 eum

402 1114 624 1170 modum
653 1116 854 1176 Christi
877 1118 1185 1186 passionem
1243 1135 1307 1180 ac
1329 1124 1788 1180 resurrectionem
1813 1133 1983 1184 tuere.

401 1201 530 1260 Haec
563 1206 659 1260 tibi
699 1221 975 1266 armorum
1011 1210 1264 1278 praesidia
1304 1211 1570 1269 hodierna
1615 1215 1990 1284 suppeditabit

402 1296 617 1363 oratio;
645 1297 758 1352 haec
790 1308 842 1354 te
869 1301 1130 1370 mysteria
1157 1303 1447 1362 celebritas
1477 1306 1580 1362 ista
1611 1306 1914 1376 perdocuit.

475 1387 678 1444 Verum
722 1392 850 1460 quid
882 1393 1122 1452 deinde?
1157 1394 1296 1456 Num
1345 1398 1446 1456 soli
1487 1414 1588 1454 nos
1623 1399 1819 1454 festum
1856 1400 1989 1455 illud

404 1477 647 1532 solemne
679 1479 1115 1551 celebrabimus,
1172 1499 1241 1542 an
1285 1492 1340 1544 et
1386 1485 1453 1544 de
1489 1487 1755 1556 proximis
1784 1490 1992 1546 nostris

405 1568 630 1622 solliciti
664 1571 912 1632 erimus?
937 1573 1070 1639 Nos,
1095 1576 1341 1646 inquam,
1369 1580 1689 1638 celebritate
1721 1581 1824 1637 ista
1851 1582 1995 1637 frue-

405 1673 556 1726 mur,
589 1675 656 1714 an
693 1663 925 1717 aliorum
959 1665 1208 1722 habenda
1265 1685 1483 1739 quoque
1537 1671 1678 1727 ratio
1723 1673 1846 1728 est?
1886 1673 1994 1729 Pro

404 1766 471 1804 eo
502 1767 634 1807 sane
689 1769 754 1809 ac
781 1756 980 1812 festum
1011 1759 1145 1814 illud
1177 1771 1425 1818 nostrum
1460 1765 1776 1820 necessario
1802 1774 1993 1835 postu-

2082 577 2242 634 τυποῖ
2272 575 2359 630 τὸν
2385 574 2478 629 τοῦ
2514 575 2765 646 Σωτῆρος
2784 575 2977 644 τάφον,
3003 573 3062 640 ἐξ
3093 567 3154 630 οὗ
3187 573 3296 640 ζῶν
3342 575 3550 646 Ἰησοῦς
3577 578 3674 630 άν-

2083 665 2268 739 ῆλθεν,
2301 667 2377 730 ὡς
2403 667 2468 723 ὲκ
2511 665 2742 720 λεόντων
2773 666 2992 737 ῥυσθείς
3026 664 3120 720 τοῦ
3147 665 3296 737 ᾆδου,
3325 668 3420 721 καὶ
3447 667 3540 719 τοῦ
3572 669 3674 720 0a—

2084 760 2269 819 νάτου.
2307 759 2407 818 Διὰ
2451 759 2654 815 τούτων
2699 759 2986 823 Ἰουδαίους
3033 757 3280 826 ἔλεγξοψ
3333 758 3423 810 διὰ
3465 758 3675 812 τούτων

2087 855 2286 917 αὐτοὺς
2314 853 2641 924 ἐπιτίμησον
2661 869 2674 882 ·
2701 851 2874 915 οὕτως
2899 851 3040 922 ὑπὲρ
3067 851 3160 904 τοῦ
3193 850 3432 921 Χριστοῦ
3463 850 3672 914 πάθους

2086 946 2182 1002 καὶ
2210 945 2559 1008 ἀναστάσεως
2587 942 3147 1014 άπολόγησαι.Ταῦτά
3178 959 3258 997 σοι
3289 943 3424 1013 πρὸς
3452 959 3676 1013 συμμα-

2086 1035 2210 1108 χίαν
2233 1037 2471 1106 σήμερον
2501 1033 2567 1087 τὰ
2595 1034 2735 1088 ὅπλα
2766 1035 2795 1086 6
2826 1033 2979 1101 λόγος
3013 1032 3320 1104 χαρίζεται·
3344 1031 3517 1085 ταῦτά
3547 1049 3605 1084 σε
3635 1035 3670 1100 ἡ

2089 1127 2251 1200 ἑορτὴ
2274 1125 2611 1181 ὲπιδιδάσκει
2635 1127 2925 1197 μυστήρια.

2161 1385 2293 1444 Εἶτα
2313 1391 2366 1444 τί
2391 1391 2485 1444 καὶ
2513 1389 2651 1460 μετὰ
2674 1389 2880 1458 ταῦτα;
2919 1390 3110 1462 Ἡμεῖς
3132 1389 3282 1461 μόνοι
3309 1387 3643 1460 ἑορτάζομεν
3659 1430 3676 1454 ,

2088 1485 2123 1556 ἢ
2164 1483 2256 1537 καὶ
2285 1481 2377 1535 τοῦ
2418 1483 2644 1554 πλησίον
2673 1482 3115 1552 μεριμνήσομεν;
3156 1481 3345 1550 Ἡμεῖς
3372 1483 3680 1550 πανηγυρίο

2092 1590 2306 1644 σωμεν,
2330 1572 2363 1644 ἢ
2396 1574 2490 1626 καὶ
2519 1573 2648 1644 περί
2673 1573 2846 1628 ἄλλων
2896 1574 3027 1644 ήμῖν
3051 1573 3079 1624 6
3107 1571 3299 1639 λόγος;
3337 1571 3678 1641 Ἀναγκαίως

2089 1666 2190 1736 τῆς
2229 1665 2388 1736 ήμῶν
2431 1665 2626 1736 ἑορτῆς
2661 1664 2951 1735 θεάρεστος
2983 1663 3119 1733 ὁμοῦ
3153 1665 3247 1717 καὶ
3277 1663 3677 1734 εὐπρόσδεκτος

2091 1756 2334 1826 γενέσθω
2365 1774 2448 1820 τις
2483 1757 2662 1819 κοινὸς
2689 1756 2786 1825 τῆς
2822 1753 3144 1825 Ἐκκλησίας
3195 1753 3496 1823 στεναγμὸς
3543 1752 3683 1822 πρὸς

406 1842 502 1908 lat,
536 1854 726 1914 gratus
750 1848 975 1918 quidam
1003 1858 1057 1908 et
1084 1860 1345 1923 acceptus
1382 1853 1494 1910 Deo
1529 1857 1696 1913 totius
1730 1856 1988 1913 Ecclesiae

2096 1852 2179 1905 τὸν
2209 1850 2362 1916 Θεὸν,
2387 1850 2482 1904 καὶ
2525 1849 2665 1920 ὑπὲρ
2706 1847 2816 1902 τῶν
2837 1849 3096 1916 ὲνάγκαις
3115 1845 3223 1917 (58)
3252 1845 3408 1916 ἡμῶν
3435 1843 3683 1910 ἀδελφῶν

402 1937 638 2004 gemitus
685 1939 755 1994 ad
807 1940 959 1996 illum
1002 1953 1273 2014 erumpat.
1331 1944 1702 2002 Recordemur
1758 1948 1990 2004 fratrum

404 2038 742 2092 nostrorum,
777 2032 869 2100 qui
898 2035 1226 2092 necessitate
1283 2052 1464 2091 rerum
1493 2041 1736 2094 omnium
1779 2047 1835 2093 et
1882 2039 1993 2095 ino-

403 2119 493 2186 pia
523 2129 870 2188 premuntur;
899 2125 1353 2195 propinquorum,
1381 2130 1626 2198 inquam,
1649 2138 1989 2197 nostrorum,

404 2213 496 2279 qui
523 2212 757 2268 desertis
787 2214 842 2269 in
870 2215 1003 2271 locis
1031 2218 1342 2276 calamitate
1373 2229 1537 2289 atque
1580 2231 1822 2293 egestate
1855 2239 1992 2277 con-

406 2302 701 2358 flictantur.
736 2306 832 2361 His
863 2322 1016 2376 ergo.
1048 2311 1143 2379 qui
1177 2313 1330 2380 gravi
1362 2315 1690 2369 necessitate
1718 2316 1989 2382 laborant,

408 2394 849 2470 miscricordiam
887 2399 1269 2460 adhibeamus.
1299 2403 1510 2460 Etenim
1541 2405 1586 2461 si
1625 2422 1793 2460 unum
1825 2423 1994 2461 mem-

407 2483 566 2540 brum
621 2488 868 2555 patitur,
921 2492 1332 2560 compatiuntur
1381 2503 1434 2550 et
1487 2495 1672 2552 omnia
1728 2497 1990 2551 membra.

409 2575 588 2639 Quare
619 2583 1020 2648 compatiamur
1052 2599 1178 2638 cum
1210 2583 1472 2642 fratribus
1500 2588 1872 2657 membrisque
1893 2604 1994 2642 no-

408 2669 561 2730 stris,
609 2673 700 2725 alii
747 2675 948 2739 verbis,
988 2675 1078 2729 alii
1135 2677 1517 2742 beneficentia,
1554 2681 1810 2749 precibus
1864 2695 1993 2734 vero

407 2760 476 2813 ad
528 2761 698 2818 Deum
746 2772 799 2822 et
849 2767 1197 2822 orationibus
1250 2770 1514 2826 universi.
1584 2769 1828 2826 Obsecro
1872 2786 1990 2833 vos.

406 2855 717 2910 communis
744 2857 810 2909 ad
847 2855 1016 2912 Deum
1046 2874 1146 2929 pro
1177 2858 1288 2914 illis
1315 2859 1477 2915 hodie
1507 2861 1704 2930 legatio
1726 2862 1995 2932 suscipia-
2035 2848 2049 2860 ’

407 2952 516 3009 tur,
568 2947 828 3015 quoniam
879 2950 1038 3005 nobis
1087 2959 1170 3005 est
1219 2959 1273 3004 et
1325 2953 1615 3021 captivitas
1661 2955 1990 3009 communis.

406 3035 546 3102 Fiat,
584 3054 791 3108 quaeso,
817 3043 1126 3097 communis
1174 3043 1520 3112 supplicatio,
1555 3045 1993 3116 quandoquidem

404 3135 490 3182 est
531 3137 585 3182 et
636 3134 946 3190 communis
1001 3135 1424 3190 animadversio.
1463 3135 1765 3192 Audiamus
1807 3138 1995 3192 dicen-

406 3229 514 3274 tem
543 3239 554 3273 :
584 3221 746 3276 Orate
781 3239 876 3291 pro
920 3227 1178 3289 invicem,
1209 3237 1265 3278 ut
1300 3225 1633 3280 solventini‘.
1691 3227 1831 3281 Tum
1867 3245 1997 3283 vero

407 3313 690 3368 Christum
726 3317 799 3370 ita
847 3319 1154 3387 loquentem
1187 3337 1199 3373 :
1236 3319 1292 3373 Si
1328 3320 1459 3382 duo,
1493 3322 1576 3375 vel
1610 3330 1722 3377 tres
1761 3338 1997 3378 consen-

408 3404 583 3458 serint
635 3407 689 3459 in
737 3411 1065 3474 oralionem,
1114 3411 1182 3464 de
1231 3426 1561 3480 quacunque
1605 3414 1995 3482 postulatione,

411 3511 574 3564 quam
605 3498 883 3566 pelierint,
917 3500 1006 3555 lict
1047 3501 1200 3570 ipsis.
1240 3501 1433 3572 Magna
1465 3511 1614 3566 sunt,
1651 3502 1870 3569 fratres,
1909 3520 1999 3559 ar-

411 3603 501 3643 ma
529 3605 720 3658 preces
752 3589 1043 3656 Ecclesia);
1077 3608 1308 3662 magnus
1331 3601 1413 3646 est
1435 3609 1625 3648 murus
1657 3597 2001 3651 consentien-

413 3678 549 3735 tium
585 3679 728 3733 inter
759 3694 818 3733 se
844 3679 1204 3748 plurimorum
1231 3680 1431 3744 oratio,
1464 3681 1766 3748 praesertim
1799 3695 1919 3751 quae
1968 3697 1998 3736 a

412 3769 558 3823 fideli
603 3771 804 3839 populo
846 3769 1168 3839 captivoque
1199 3769 1588 3839 proﬁciscitur.
1620 3770 1790 3825 Nemo
1817 3773 1998 3828 dicere

413 3862 561 3918 istud
588 3862 786 3916 audeat
817 3877 832 3916 :
866 3869 1186 3931 peccatores
1206 3878 1236 3915 a
1263 3860 1372 3916 Deo
1404 3877 1514 3916 non
1541 3861 1811 3916 exaudiri.
1830 3863 1998 3920 Multo

412 3952 560 4008 enim
608 3951 868 4007 libentius
922 3951 1212 4006 humilium
1263 3967 1327 4005 ac
1380 3961 1732 4021 peccatorum
1810 3967 2000 4022 preces

413 4045 651 4116 excipit;
680 4060 981 4114 eorumque
1011 4044 1382 4115 potissimum,
1421 4044 1514 4114 qui
1545 4053 1769 4114 propter
1799 4060 1998 4101 nomen

410 4138 586 4208 ipsius
616 4136 822 4201 amicti,
856 4135 1132 4207 ﬂagellati,
1167 4135 1434 4191 custodiis
1479 4139 1766 4200 macerati,
1794 4137 1996 4202 vexati,

409 4229 630 4300 probris
666 4231 734 4285 ab
765 4230 1019 4284 hostibus
1042 4229 1244 4284 Christi
1274 4227 1476 4292 affecti,
1511 4228 1669 4282 [idem
1693 4243 1802 4283 non
1833 4228 1999 4284 abne-

410 4329 628 4393 garunt.
653 4321 773 4386 Quo
801 4337 865 4374 ex
898 4337 1094 4390 genere
1129 4321 1372 4389 plerique
1396 4335 1560 4375 sexus
1587 4322 1875 4390 utriusque
1897 4321 1999 4375 hoc

409 4413 469 4466 in
511 4411 696 4480 populi
732 4419 877 4463 coetu
918 4418 1230 4470 versantur,
1268 4408 1469 4463 Christi
1502 4409 1873 4474 confessores,
1905 4410 1996 4478 qui

411 4503 572 4555 abeo
593 4499 886 4554 celerrime.
907 4498 1291 4560 exaudiuntur.
1335 4497 1527 4568 Magna
1553 4506 1682 4556 sunt
1708 4513 1880 4562 arma,
1917 4499 2000 4553 di-

2094 1959 2199 2013 μνη
2209 1941 2582 2012 μονεύσωμεν,
2608 1940 2717 1996 τῶν
2745 1941 2802 1993 ὲν
2824 1941 3053 2011 ἐρήμοις
3074 1939 3334 2006 ἀνάγκαις
3357 1936 3684 2006 ἐξεταζομέ-

2091 2051 2196 2092 νων
2233 2034 2379 2088 ἰδίων
2407 2031 2586 2103 ήμῶν,
2623 2030 2919 2103 Γενώμεθα
2945 2030 3021 2093 ὡς
3050 2029 3423 2099 συνδεδεμένοι
3454 2032 3566 2091 τοῖς
3593 2029 3684 2081 δε-

2090 2125 2375 2196 δεμένοις·
2423 2121 2711 2193 γενώμεθα
2785 2121 2895 2184 ὡς.
2941 2113 3365 2192 συμπάσχοντες
3429 2120 3542 2182 τοῖς
3579 2120 3682 2190 τὴν

2093 2221 2338 2290 ἀνάγκην
2357 2219 2657 2287 πάσχουσιν
2676 2232 2690 2247 ο
2719 2216 2800 2268 ὅτι
2830 2214 2926 2267 ἐὰν
2952 2213 3010 2266 ἓν
3032 2213 3189 2281 μέλος
3209 2212 3426 2281 πάσχοι,
3461 2213 3682 2282 συμπά-

2095 2328 2213 2380 σχει
2234 2311 2411 2363 πάντα
2433 2308 2502 2362 τὰ
2531 2308 2687 2378 μέλη.
2706 2306 3164 2377 Συμπαθήσωμεν
3187 2304 3368 2357 τοίνυν
3393 2297 3502 2366 τοῖς
3524 2305 3556 2372 ή
3565 2304 3683 2373 μῶν

2093 2401 2362 2470 ἀδελφοῖς,
2395 2403 2506 2463 τοῖς
2542 2398 2699 2468 ήμῶν
2731 2399 2948 2471 μέλεσιν
2971 2414 2984 2428 ·
3016 2399 3064 2450 cl
3098 2397 3198 2466 μὲν
3225 2394 3314 2448 διὰ
3336 2395 3637 2466 χρημάτων
3665 2435 3681 2457 ,

2093 2494 2224 2547 οἱξδὲ
2249 2492 2338 2546 διὰ
2371 2492 2664 2564 ῥημάτων,
2696 2491 2791 2544 καὶ
2815 2490 2962 2542 ἄλλοι
2993 2489 3059 2542 δι’
3095 2487 3372 2550 εὐποιίας,
3401 2488 3600 2549 πάντες
3623 2487 3683 2539 δὲ

2092 2585 2183 2639 διὰ
2222 2585 2322 2655 τῆς
2356 2584 2492 2655 πρὸς
2526 2583 2658 2637 Θεὸν
2691 2583 2833 2652 ὑπὲρ
2875 2581 3054 2635 αὐτῶν
3083 2579 3314 2642 ἱκεσίας.
3354 2578 3521 2649 Κοινὴ
3553 2578 3687 2629 πάν-

2092 2692 2222 2739 των,
2259 2673 2586 2745 παρακαλῶ,
2633 2673 2873 2743 σήμερον
2908 2669 3150 2739 γενέσθω
3181 2669 3318 2739 πρὸς
3359 2667 3492 2720 Θεὸν
3544 2683 3683 2735 πρε-

2097 2765 2274 2829 σϐεία,
2305 2767 2387 2819 ὅτι
2418 2766 2570 2835 κοινὴ
2596 2764 2754 2835 ήμῶν
2779 2765 2872 2816 καὶ
2896 2765 2930 2833 ή
2961 2761 3330 2833 αἰχμαλωσία.
3360 2761 3550 2831 Κοινὴ,
3579 2777 3688 2812 πα-

2098 2856 2341 2928 ρακαλῶ,
2369 2855 2612 2925 γενέσθω
2639 2859 2672 2926 ή
2705 2854 2911 2926 δέησις,
2936 2854 3019 2906 ὅτι
3055 2855 3211 2923 κοινὴ
3243 2852 3478 2923 ὑπάρχει
3501 2852 3533 2920 ή
3557 2849 3689 2902 παί-

2094 2949 2293 3012 δευσις.
2311 2947 2660 3017 Ἀκούσωμεν
2688 2947 2782 2999 τοῦ
2807 2946 3077 3014 λέγοντος,
3109 2947 3194 2998 ὅτι
3229 2944 3505 3008 Εὕξασθε
3530 2941 3687 3009 ὑπὲρ

2096 3040 2391 3108 ἀλλήλων
2416 3040 2575 3105 ὅπως
2590 3038 2807 3107 ἐσθῆτε
2821 3037 2954 3108 (59).
2975 3036 3321 3108 ’Λκούσωμεν
3342 3035 3578 3106 Χριστοῦ
3598 3035 3688 3086 λέ-

2098 3148 2316 3199 γοντος,
2347 3131 2429 3184 ὅτι
2471 3129 2596 3182 Ἐάν
2629 3129 2722 3182 δύο
2753 3129 2786 3200 ἢ
2816 3131 2966 3200 τρεῖς
3005 3128 3465 3198 συμφωνήσουσιν
3490 3127 3570 3186 εἰς
3595 3125 3689 3176 εὐ-

2099 3221 2220 3292 χὴν,
2250 3222 2377 3294 περὶ
2407 3221 2610 3284 παντὸς
2638 3221 2760 3291 αἰτή
2772 3237 2939 3291 ματος
2977 3213 3040 3272 οὗ
3085 3221 3421 3290 αἰτήσονται,
3455 3219 3688 3288 γενήσε-

2100 3329 2188 3365 ται
2221 3313 2424 3376 αὐτοῖς.
2468 3313 2650 3379 Μέγα,
2685 3310 2924 3380 ἀδελφοὶ,
2951 3311 3115 3364 ὅπλον
3146 3309 3279 3380 εὐχὴ
3315 3309 3642 3379 Ἑκκλησίας
3670 3326 3686 3340 ο
3711 3301 3726 3311 ’

2105 3403 2247 3473 μέγα
2292 3407 2490 3472 τεῖχος,
2519 3401 2761 3470 ἀδελφοὶ,
2798 3402 2936 3472 πρὸς
2982 3402 3114 3454 Θεὸν
3164 3401 3298 3471 εὐχὴ
3343 3401 3686 3470 συμφωνίας,

2101 3496 2193 3549 καὶ
2228 3495 2460 3567 μάλιστα
2490 3495 2618 3548 λαοῦ
2646 3493 2838 3546 πιστοῦ
2868 3491 3265 3563 αἰχμαλωσίας.
3286 3492 3490 3562 Μηδεὶς
3514 3495 3691 3547 εἰπεῖν

2100 3589 2385 3658 τολμήσει,
2427 3588 2507 3640 ὅτι
2557 3587 2658 3640 οὐκ
2721 3585 2995 3638 εἰσακούει
3056 3588 3085 3638 6
3138 3585 3272 3647 Θεὸς
3325 3586 3688 3657 ἁμαρτωλῶν.

2102 3680 2291 3736 Πλεῖον
2324 3679 2538 3750 δέχεται
2565 3677 2663 3748 τὴν
2689 3677 2879 3747 δέησιν
2925 3678 3034 3732 τῶν
3067 3677 3359 3744 ταπεινῶν,
3394 3679 3486 3732 καὶ
3526 3679 3692 3748 μάλι-

2103 3787 2203 3824 στα
2235 3770 2344 3824 τῶν
2372 3770 2460 3823 διὰ
2481 3771 2542 3822 τὸ
2560 3771 2731 3840 ὄνομα
2758 3769 2925 3823 αὐτοῦ
2949 3771 3460 3840 καταπονουμένων,
3496 3788 3695 3840 μαστι-

2102 3861 2366 3934 ζομένων,
2416 3861 2886 3933 φυλακιζομένων,
2930 3861 3282 3930 θλιϐομένων,
3326 3863 3430 3915 ὑπὸ
3479 3863 3694 3932 ἐχθρῶν

2102 3954 2526 4025 ὀνειδιζομένων,
2560 3955 2654 4006 καὶ
2687 3953 2787 4025 τὴν
2804 3953 2986 4007 πίστιν
3017 3954 3255 4024 Χριστοῦ
3284 3954 3357 4024 μὴ
3380 3955 3698 4025 ἀρνησαμέ-

2102 4062 2228 4099 νων.
2248 4046 2336 4110 Ἐξ
2361 4039 2434 4099 ὧν
2459 4045 2762 4115 ὑπάρχουσι
2790 4043 2971 4097 πολλοί
3023 4045 3114 4097 καὶ
3141 4044 3332 4098 πολλαί
3358 4047 3414 4097 ὲν
3440 4045 3516 4113 τῷ
3545 4061 3694 4115 παρ-

2100 4137 2214 4190 όντι
2249 4137 2406 4208 ήμῶν
2447 4135 2562 4206 λαῷ
2594 4136 2689 4190 τοῦ
2717 4136 2958 4206 Χριστοῦ
3009 4136 3340 4206 ὁμολογηταί
3383 4136 3692 4206 γενόμενοι,

2102 4230 2197 4282 καὶ
2230 4230 2360 4301 παρ’
2384 4230 2550 4284 αὐτοῦ
2594 4229 2803 4300 ταχέως
2839 4231 3267 4300 εἰσακουόμενοι.
3308 4230 3467 4297 Μέγα
3504 4229 3692 4293 ὅπλον,

2102 4323 2401 4393 ἀγαπητοὶ,
2433 4325 2468 4393 ή
2502 4322 2730 4376 ἐκείνων
2754 4323 2885 4392 εὐχή
2908 4338 2920 4353 ο
2948 4322 3180 4376 αἰδεῖται
3205 4321 3314 4393 γὰρ
3337 4323 3535 4382 αὐτοὺς
3569 4323 3694 4374 πάν-

2100 4431 2198 4476 τας
2226 4417 2252 4468 ό
2282 4415 2536 4484 Χριστὸς,
2574 4414 2642 4466 δι’
2690 4409 2768 4468 ὢν
2807 4415 2919 4485 (60)
2961 4417 3055 4470 καί
3087 4416 3212 4470 καθ’
3245 4416 3461 4487 ἡμέραν
3513 4415 3694 4468 κινδι-

2102 4519 2336 4560 νευουσι,

414 4589 728 4652 lectissimi,
787 4589 1020 4644 istorum
1093 4589 1378 4643 hominum
1435 4603 1646 4658 preces.
1709 4589 1819 4644 Hos
1877 4591 2027 4660 ipsos
2061 4594 2206 4648 enim
2239 4605 2522 4651 reveretur
2541 4595 2815 4665 Christus,
2863 4607 3084 4670 propter
3126 4615 3288 4669 quem
3345 4599 3587 4670 quotidie
3615 4615 3702 4668 pe-

411 4684 742 4738 riclitantnr.

483 4773 856 4840 Quamobrem
905 4788 1006 4830 nos
1051 4774 1271 4828 illorum
1319 4775 1664 4830 orationibus
1713 4774 1992 4840 conﬁsi,e:

2188 4779 2278 4832 Διὸ
2303 4781 2425 4841 ταῖς
2457 4780 2662 4834 τούτων
2689 4782 2851 4852 ἡμεῖς
2892 4779 3222 4851 θαρροῦντες
3247 4781 3456 4853 εὐχαῖς,
3487 4783 3578 4837 καί
3621 4787 3702 4848 εἰς

415 4883 607 4923 eorum
655 4866 798 4938 apud
849 4867 1020 4921 Deum
1053 4868 1247 4923 fiducia
1299 4867 1444 4933 freti,
1474 4884 1574 4938 pro
1605 4869 1871 4926 fratribus
1905 4886 1992 4924 no-

2111 4872 2210 4941 τὴν
2239 4869 2446 4924 τούτων
2473 4872 2788 4942 παρρησίαν
2823 4874 2958 4942 πρὸς
2984 4872 3116 4926 Θεὸν
3140 4874 3562 4939 ἀποϐλέποντες,
3591 4893 3702 4930 κοι-

415 4960 568 5020 stris,
601 4959 692 5028 qui
751 4959 806 5012 in
857 4959 1262 5014 calamitatibus
1301 4970 1614 5024 versantur,
1643 4961 1992 5015 communiter

2112 4963 2218 5025 νῶς
2237 4963 2332 5016 καὶ
2351 4963 2585 5027 ἐκτενῶς
2604 4964 2742 5035 ὑπὲρ
2758 4963 2867 5016 τῶν
2883 4965 3142 5032 ὲνάγκαις
3155 4964 3268 5036 (61)
3285 4965 3528 5035 ἀδελφῶν
3548 4967 3706 5036 ἡμῶν

417 5067 483 5105 ac
514 5057 834 5104 constanter
861 5059 985 5104 vota
1015 5050 1304 5106 faciamus.
1335 5050 1468 5106 Nam
1513 5067 1888 5123 saepenumero
1927 5051 1992 5108 fe-

2117 5055 2565 5126 προσευξώμεθα,
2587 5055 2722 5110 διότι
2757 5056 3020 5119 πολλάκις
3039 5057 3419 5126 φιλανθρωπία
3449 5059 3705 5130 βασιλικὴ

415 5142 521 5199 stis
565 5141 756 5196 diebus
788 5142 1064 5211 plerisque
1099 5143 1480 5198 condemnatis
1516 5145 1663 5213 regia
1699 5144 1992 5213 benignitas

2115 5151 2172 5202 ὲν
2199 5151 2321 5212 ταῖς
2354 5151 2569 5221 ἑορταῖς
2604 5150 2819 5213 πολλοῖς
2853 5151 3166 5215 καταδίκοις
3198 5152 3391 5220 ἄφεσιν
3430 5155 3524 5205 καὶ
3572 5154 3702 5206 ἀπο-

414 5249 593 5307 paana?
623 5232 854 5302 gratiam
900 5248 964 5287 ac
986 5235 1196 5288 veniant
1231 5234 1494 5306 indulget.
1521 5235 1770 5304 Magnum
1805 5236 1985 5305 itaque

2114 5239 2381 5311 λύτρωσιν
2413 5242 2717 5314 χαρίζεται.
2748 5243 2928 5311 Μέγα,
2963 5243 3123 5296 πάλιν
3147 5243 3310 5312 λέγω,
3349 5244 3586 5314 ἀδελφοὶ,
3618 5245 3702 5297 εὐο

415 5329 539 5382 dico
571 5326 790 5390 iterum,
844 5323 1063 5389 fratres,
1105 5327 1366 5395 quiddam
1418 5336 1546 5382 sunt
1579 5327 1836 5383 Ecclesiae
1887 5345 1992 5399 pre-

2114 5329 2183 5401 χή
2218 5329 2564 5404 Ἐκκλησίας,
2586 5332 2679 5385 καὶ
2698 5332 2931 5404 μάλιστα
2967 5334 3150 5397 πίστις
3164 5333 3274 5404 (62)
3306 5333 3704 5405 αἰχμαλωσίας.

490 5481 646 5541 ‘Jac.
678 5501 732 5547 ν,
770 5484 856 5539 16.

638 5642 795 5716 [locst
864 5640 1051 5716 liquid.
1407 5709 1417 5716 _

2432 5637 2508 5716 δι’·
2534 5637 2610 5716 ὃν..

519 5645 575 5698 57
638 5642 795 5697 Deest
864 5640 1051 5708 liquid.

519 5646 604 5780 ssi
640 5712 698 5764 ιε.
735 5715 791 5763 ἐν
814 5715 1101 5778 ἀνάγκαις,
1137 5719 1192 5764 ut
1226 5719 1271 5766 et
1298 5709 1456 5780 paulo
1485 5717 1627 5780 post.

2212 5640 2300 5708 60)
2338 5640 2398 5690 F.
2432 5640 2498 5689 δι’
2534 5640 2610 5690 ὃν.

2189 5640 2302 5780 itif)
2336 5707 2466 5780 Cor.
2493 5708 2550 5758 ὲν
2565 5706 2868 5780 ρινάγκαις.

519 5717 604 5780 58)
640 5717 698 5764 F.
735 5717 791 5763 ἐν
814 5717 1101 5778 ἀνάγκαις,
1137 5719 1192 5764 ut
1226 5719 1271 5766 et
1298 5717 1456 5780 paulo
1485 5717 1627 5780 post.

489 5717 604 5854 i339)
633 5782 758 5836 Cor.
793 5781 996 5851 ἰαθῆτε.
1492 5792 1495 5794 ·

2189 5717 2302 5775 (ot)
2337 5717 2466 5761 Cor.
2493 5717 2550 5758 εν
2577 5717 2648 5758 αν.

2190 5777 2299 5849 (62)
2335 5775 2395 5830 F.
2434 5776 2648 5846 πιστῆς.
