3978 6220
471 315 579 370 475

1200 313 1583 373 liOMlLlAlll
1651 319 1719 374 IN
1781 313 1894 368 DIE
1951 318 2551 375 RESL‘RRECTIONIS
2589 318 2884 375 CHRlSTI.

3623 329 3726 385 ιτι

469 430 581 484 Καὶ
594 428 702 500 γὰρ
719 428 810 482 καὶ
829 428 1078 498 βασιλεὺς
1095 428 1352 496 πολλάκις
1363 435 1591 490 αἰδεῖται
1610 436 1954 508 παράκλησιν
1967 436 2055 508 δή-

2157 449 2268 498 ces,
2304 450 2365 487 ac
2391 436 2691 505 praesertim
2719 451 2748 490 a
2780 435 3024 492 ﬁdelibus
3058 438 3292 508 captivis
3320 439 3592 510 profectae.
3622 443 3728 497 Sae-

471 537 595 590 μου,
620 521 711 573 καὶ
733 521 1014 590 χαρίζεται
1040 522 1361 587 καταδίκους
1381 525 1715 582 δυσωποῦντι
1736 528 1892 600 ὄχλου
1909 526 2041 599 (65).

470 610 676 671 Οὐκοῦν
705 612 936 682 δεόμεθα
959 615 1135 668 πᾶσαν
1155 617 1253 688 τὴν
1280 619 1549 688 ὑμετέραν
1571 620 1789 692 ἀγάπην
1816 621 2047 683 ἐκτενῶς

471 702 838 771 μνημονεῦσαι
855 704 962 756 τῶν
980 705 1222 774 ἀδελφῶν
1249 710 1281 778 ἡ
1290 709 1405 780 μῶν
1424 709 1533 763 τῶν
1563 711 1779 785 ὲνάγκῃ
1800 711 1930 783 (64)’
1951 714 2046 766 καὶ
2068 701 2082 712 ’

469 792 588 842 κατ’
639 792 808 862 αὐτὴν
863 794 1076 864 ἐκείνην
1105 795 1204 866 τὴν
1245 799 1687 871 φρικωδεστάτην
1731 801 1898 873 ὥραν,
1924 795 2047 875 ,ὲνῇ

469 883 558 935 τὸν
583 882 842 953 ἀτίμητον
884 886 1226 957 μαργαρίτην
1250 888 1344 941 τοῦ
1369 890 1604 961 Χριστοῦ
1633 892 1883 962 σώματος
1915 894 2048 945 ὐπο-

467 975 729 1045 δεξόμεθα
750 978 807 1028 ὲν
829 980 949 1040 ταῖς
971 980 1156 1050 χερσὶν
1181 979 1360 1052 ἡμῶν.
1405 981 1591 1045 Οὕτως
1613 983 1753 1054 ὑπὲρ
1773 983 1880 1037 τῶν
1901 983 2050 1037 ἀδελ-

471 1068 586 1136 φῶν
629 1067 786 1138 ἡμῶν
833 1070 1068 1134 ἐκτενῶς
1113 1072 1562 1143 προσευξώμεθα,
1599 1074 1798 1146 καὶτῷ
1826 1076 2048 1146 Χριστῷ

469 1155 712 1225 εἴπωμεν
731 1173 744 1186 ο
774 1158 946 1221 Αὐτὸς
978 1161 1006 1211 6
1037 1159 1195 1228 μόνος
1224 1163 1252 1214 ό
1271 1162 1392 1214 τότε
1419 1162 1512 1216 καὶ
1540 1161 1635 1216 νῦν
1665 1162 1867 1230 ἀγαθὸς
1893 1163 2045 1228 Θεὸς,

471 1245 565 1298 καὶ
613 1245 994 1317 φιλάνθρωπος
1041 1249 1336 1320 Δεσπότης,
1367 1252 1396 1303 6
1442 1251 1530 1304 διὰ
1576 1251 1670 1305 τοῦ
1721 1252 1912 1322 Πάσχα
1957 1253 2048 1305 τὸν

485 1332 695 1404 Ἰσραὴλ
721 1336 786 1388 ὲκ
806 1336 1048 1401 δουλείας
1068 1339 1344 1407 Αἰγύπτου
1379 1341 1683 1411 ῥυσάμενος
1729 1343 1820 1395 καὶ
1845 1343 1932 1396 διὰ
1952 1342 2047 1395 τοῦ

471 1425 700 1495 αἵματος
727 1429 822 1479 τοῦ
845 1428 1020 1497 ἀμνοῦ
1043 1428 1354 1501 ἐλευθερίαν
1385 1431 1532 1501 αὐτῷ
1551 1433 1934 1503 χαρισάμενος,
1959 1433 2052 1485 a6-

471 1518 562 1582 τὸς
591 1519 686 1571 καὶ
717 1519 812 1572 νῦν
840 1519 926 1572 διὰ
953 1520 1045 1573 τοῦ
1070 1521 1341 1592 ἀχράντου
1390 1539 1482 1574 σου
1520 1521 1790 1592 σώματος,
1824 1525 1918 1577 καὶ
1953 1522 2048 1576 τοῦ

470 1609 653 1680 τιμίου
696 1610 947 1680 αἵματος,
972 1611 1071 1681 τῆς
1115 1613 1318 1682 πικρᾶς
1363 1612 1608 1676 δουλείας
1635 1612 1949 1682 ἐλευθερίαν
1972 1613 2051 1684 τῷ

474 1699 663 1767 κόσμῳ
694 1715 787 1750 σου
825 1699 1088 1770 δώρησαι.
1107 1701 1164 1754 '0
1196 1701 1632 1772 προσδεξάμενος
1661 1703 1760 1772 τῆς
1787 1704 2044 1773 ἀμαρτω-

2153 539 2218 594 pe
2253 525 2396 578 enim
2444 541 2536 579 rex
2594 527 2779 596 populi
2812 527 3207 596 supplicatione
3236 540 3630 596 commovetur,
3663 550 3727 589 ac

2149 612 2463 682 deprecanti
2517 617 2690 669 turbae
2735 617 3022 672 damnatos
3067 620 3291 674 relaxat.
3324 620 3662 692 Quapropter
3695 641 3727 681 a

2149 713 2330 760 vestra
2361 705 2604 758 omnium
2642 705 2910 762 eharitate
2937 709 3337 776 contendimus,
3370 715 3445 766 uti
3498 717 3724 767 calami-

2150 805 2392 848 tosorum
2428 794 2655 847 fratrum
2689 804 3000 850 nostrorum
3038 800 3271 854 sollicite
3303 810 3727 873 constanterque

2149 887 2538 951 memineritis;
2564 893 2726 955 atque
2748 887 2800 939 in
2827 888 2914 940 illa
2944 889 3170 943 terribili
3198 892 3329 944 hora
3357 895 3724 962 potissimum,

2151 993 2256 1047 qua
2290 978 2464 1047 pretio
2496 978 2754 1047 majorem
2784 979 2928 1032 omni
2960 979 3159 1034 Christi
3189 984 3434 1052 corporis
3468 987 3729 1055 margari-

2151 1077 2260 1122 tam
2297 1069 2548 1123 manibus
2575 1068 2882 1137 excipietis.
2915 1067 3069 1122 Hunc
3100 1070 3264 1140 igitur
3294 1073 3350 1126 in
3383 1075 3603 1127 modqu
3632 1091 3728 1144 pro

2151 1159 2415 1213 fratribus
2445 1161 2650 1215 nostris
2689 1159 2941 1214 ardenter
2975 1173 3229 1228 oremus;
3266 1169 3427 1232 atque
3469 1165 3543 1218 ita
3577 1165 3730 1220 Chri-

2151 1259 2294 1304 stum
2347 1251 2692 1320 alloquamur
2729 1269 2742 1304 :
2774 1249 2917 1305 Deus
2967 1265 3030 1305 ac
3076 1251 3309 1322 benigne
3358 1253 3602 1316 Domine,
3637 1259 3730 1326 qui

2151 1351 2296 1391 unus
2341 1344 2400 1390 ut
2434 1339 2586 1402 olim,
2622 1338 2696 1390 ita
2730 1353 2877 1390 nunc
2906 1338 3085 1393 bonus
3123 1355 3202 1404 es,
3251 1343 3341 1410 qui
3393 1358 3488 1411 per
3521 1343 3728 1399 Pascha

2151 1425 2428 1482 lsraelitas
2473 1428 2541 1482 ab
2581 1426 2902 1498 Egyptiaca
2934 1430 3198 1484 servitute
3239 1432 3476 1488 liberasti
3501 1475 3515 1498 ,
3544 1438 3734 1505 eisque

2152 1535 2248 1589 per
2296 1519 2423 1589 agni
2469 1520 2793 1589 sanguinem
2827 1522 3132 1578 libertatem
3163 1524 3473 1578 indulsisti:
3512 1526 3649 1580 idem
3680 1538 3735 1581 et

2152 1623 2299 1663 nunc
2326 1625 2421 1680 per
2448 1609 2856 1666 immaculatum
2885 1627 3085 1683 corpus
3134 1622 3286 1668 tuum
3341 1630 3404 1669 ac
3435 1618 3732 1684 pretiosum

2154 1700 2494 1768 sanguinem,
2525 1700 2787 1753 mundum
2835 1707 2986 1754 tuum
3023 1702 3092 1755 ab
3138 1703 3336 1756 acerba
3383 1705 3646 1758 servitute
3671 1706 3736 1759 li-

473 1789 564 1842 λοῦ
597 1789 802 1862 πόρνης
831 1789 919 1844 τὸν
945 1790 1240 1862 κλαυθμὸν,
1264 1791 1552 1862 πρόσδεξαι
1583 1794 1820 1864 σήμερον
1848 1793 1940 1845 καὶ
1955 1793 2054 1864 τὴν

2157 1789 2304 1844 bera.
2336 1790 2439 1855 Tu,
2473 1791 2567 1860 qui
2611 1792 2937 1860 peccatricis
2973 1795 3279 1849 meretricis
3326 1796 3508 1849 ﬂetum
3557 1797 3734 1851 admi-

476 1879 574 1950 σὴν
638 1879 963 1949 Ἐκκλησίαν
1007 1882 1100 1934 καὶ
1151 1883 1530 1953 αἰχμαλωσίας
1579 1885 1671 1937 τὸν
1708 1885 2045 1955 στεναγμόνο

473 1972 502 2023 6
543 1971 977 2040 προσδεξάμενος
1015 1972 1110 2026 τοῦ
1155 1972 1354 2045 λῃστοῦ
1391 1974 1485 2028 τοῦ
1515 1975 1708 2028 πιστοῦ
1739 1975 1836 2047 τὴν
1867 1975 2052 2046 παρά-

479 2061 692 2130 κλησιν,
726 2062 1015 2133 πρόσδεξαι
1042 2062 1137 2116 τοῦ
1162 2063 1294 2124 λαοῦ
1323 2081 1416 2116 σου
1446 2064 1538 2117 τοῦ
1573 2064 1762 2118 πιστοῦ
1793 2065 1893 2136 τὴν
1929 2066 2053 2136 δέη-

480 2167 563 2203 σιν
581 2167 594 2178 ·
629 2152 658 2202 6
682 2151 1115 2221 προσδεξάμενος
1138 2153 1230 2205 τοῦ
1259 2153 1466 2223 Πέτρου
1497 2155 1594 2225 τὴν
1632 2155 1940 2223 μετάνοιαν,
1959 2157 2053 2208 καὶ

476 2245 569 2296 τὸν
584 2245 902 2314 στεναγμὸν,
925 2245 1212 2315 πρόσδεξαι
1240 2247 1329 2299 καὶ
1355 2248 1510 2318 ἡμῶν
1535 2247 1624 2300 τὸν
1654 2247 1930 2316 κλαυθμὸν
1945 2248 2053 2301 τῶν

479 2331 743 2401 πτωχῶν
801 2335 829 2384 6
883 2333 957 2403 μὴ
1003 2334 1354 2403 ἀποστρέψας
1382 2335 1690 2398 Χαναναίας
1720 2335 1787 2388 τὰ
1821 2335 2051 2405 δάκρυα,

477 2423 624 2486 δέξαι
657 2424 751 2476 καὶ
785 2424 985 2495 μικρὰν
1033 2425 1357 2496 Ἐκκλησίαν
1397 2427 1538 2495 ὑπὲρ
1577 2427 1818 2497 μεγάλης
1854 2428 2056 2496 αἰχμα-

478 2514 677 2576 λωσίας
713 2515 1141 2584 πρεσϐεύουσαν,
1168 2517 1262 2568 καὶ
1289 2516 1424 2586 πρὸς
1451 2517 1510 2568 σὲ
1539 2516 1628 2570 τὸν
1657 2517 1788 2569 Θεὸν
1817 2517 2054 2587 σήμερον

483 2605 692 2674 βοῶσαν
738 2607 830 2660 καὶ
852 2606 1114 2674 λέγουσαν
1135 2624 1148 2637 ·
1188 2608 1247 2661 '0
1270 2608 1422 2672 Θεὸς,
1445 2611 1473 2661 6
1491 2610 1789 2679 τριήμερος
1815 2607 2056 2671 ἀναστὰς

480 2697 544 2748 ὲκ
576 2695 683 2750 τῶν
711 2695 942 2767 νεκρῶν,
965 2697 1269 2767 ἀνάστησον
1298 2699 1362 2749 ὲκ
1381 2696 1488 2749 τῶν
1511 2697 1721 2768 ἐχθρῶν
1748 2698 1840 2750 τὸν
1867 2697 2056 2750 πιστόν

483 2804 575 2840 σου
609 2787 736 2840 λαόν
756 2803 769 2818 ·
800 2789 828 2840 6
859 2787 949 2841 16v
999 2789 1168 2859 Ἀδὰμ
1198 2791 1418 2860 ἐγείρας
1443 2791 1506 2843 ὲκ
1533 2790 1640 2843 τῶν
1667 2788 2059 2858 θνητῶν,έγει-

484 2895 575 2947 ρον
601 2879 661 2929 16
688 2877 856 2945 κέρας
888 2878 997 2930 τῶν
1022 2873 1361 2950 Χριστιανῶν
1381 2896 1394 2910 ο
1426 2881 1587 2944 αὐτὸς
1621 2882 1649 2933 6
1677 2881 1798 2933 τότε
1830 2882 1924 2933 καὶ
1962 2881 2056 2933 νῦν

482 2969 635 3033 Θεὸς,
665 2970 693 3022 6
722 2970 820 3040 τὴν
855 2971 1067 3042 μορφὴν
1096 2971 1188 3024 τοῦ
1225 2972 1408 3024 δούλου
1436 2970 1740 3036 ἀναλαϐὼν,
1784 2971 2056 3042 λύτρωσαι

482 3060 544 3112 ἐκ
571 3059 812 3122 δουλείας
834 3059 923 3112 τὸν
951 3060 1204 3113 ταπεινόν
1232 3077 1325 3112 σου
1347 3060 1473 3114 λαόν
1495 3077 1507 3092 ·
1535 3062 1563 3112 6
1590 3061 1780 3130 νήπιος
1805 3060 2058 3128 γενέσθαι

2155 1884 2294 1949 sisti,
2322 1884 2547 1938 admitte
2581 1883 2742 1937 modo
2772 1891 2825 1937 et
2859 1883 3151 1939 Ecclesiam
3209 1893 3356 1939 tuam
3409 1894 3463 1940 et
3509 1889 3736 1956 captiva:

2153 1973 2326 2035 turbae
2351 1972 2583 2041 gemitus
2634 1986 2696 2024 ac
2724 1971 2962 2039 suspiria
2985 1988 2998 2036 ;
3023 1970 3114 2039 qui
3147 1971 3320 2026 ﬁdelis
3351 1973 3576 2027 latronis
3613 1989 3736 2041 pre-

2154 2078 2246 2117 ces
2292 2062 2584 2123 exaudisti,
2630 2063 2812 2131 populi
2859 2063 2937 2115 tui
2987 2063 3159 2117 fidelis
3189 2063 3465 2116 orationes
3504 2064 3733 2127 exaudi;

2155 2156 2246 2224 qui
2283 2155 2426 2208 Petri
2461 2155 2834 2222 pmnitentiam
2867 2164 2920 2208 et
2951 2155 3184 2208 lamenta
3211 2155 3433 2209 minime
3455 2162 3737 2209 aversatus

2155 2261 2248 2308 es,
2295 2245 2664 2299 mendicorum
2726 2251 2976 2300 nostrum
3026 2246 3268 2299 omnium
3318 2245 3477 2301 fletus
3512 2247 3731 2315 excipe;

2155 2339 2246 2408 qui
2269 2338 2588 2393 Chananmre
2641 2340 2910 2408 Iacrymas
2940 2354 3046 2392 non
3086 2337 3419 2408 repudiasti,
3458 2340 3646 2406 accipe
3686 2347 3740 2391 et

2155 2429 2458 2484 Ecclesiam
2510 2445 2756 2499 parvam,
2792 2444 2890 2498 pro
2945 2429 3152 2497 majore
3192 2429 3532 2498 captivorum
3583 2429 3740 2482 turba

2109 2562 2119 2570 .
2158 2520 2577 2590 supplicantem,
2610 2529 2662 2573 et
2698 2519 2763 2572 ad
2811 2529 2861 2573 te
2905 2519 3069 2573 Deum
3128 2519 3287 2572 hodie
3321 2519 3643 2572 clamantem
3677 2533 3740 2571 ac

2109 2647 2122 2659 .
2157 2611 2425 2665 dicentem
2453 2629 2464 2662 :
2499 2611 2667 2672 Deus,
2697 2611 2788 2679 qui
2819 2617 2939 2678 post
2968 2609 3206 2662 triduum
3236 2624 3266 2661 a
3299 2608 3529 2661 mortuis
3557 2622 3741 2662 resur-

2158 2702 2368 2764 rexisti,
2411 2701 2618 2755 ﬁdelem
2651 2709 2802 2753 tuum
2834 2700 3090 2769 populum
3128 2699 3196 2753 ab
3237 2699 3585 2752 inimicorum
3618 2713 3734 2750 ma—

2158 2793 2320 2846 nibus
2374 2791 2999 2861 excita;quiAdamum
3051 2808 3080 2846 e
3131 2792 3444 2845 mortalium
3501 2790 3742 2844 eduxisti

2160 2899 2412 2948 numero,
2463 2899 2635 2937 cornu
2685 2883 3123 2938 Christianorum
3174 2883 3393 2947 attolle;
3457 2882 3548 2950 qui
3603 2881 3741 2936 Deus

2159 2973 2287 3026 olim
2345 2982 2398 3026 et
2439 2987 2586 3026 nunc
2637 2973 2909 3026 exsistens
2956 2971 3208 3025 servilem
3260 2972 3484 3024 indutus
3527 2986 3586 3026 es
3631 2971 3743 3029 fur-

2162 3079 2328 3128 mam,
2358 3064 2614 3116 humilem
2665 3071 2817 3114 tuum
2872 3077 2900 3114 a
2953 3062 3216 3115 servitute
3253 3061 3509 3129 populum
3553 3061 3738 3130 eripe;

484 3149 824 3216 καταξιώσας
853 3150 992 3220 ὑπὲρ
1021 3149 1196 3221 ἡμῶν,
1235 3149 1406 3203 σῶσον
1441 3150 1714 3220 μαχαίρας
1753 3150 1814 3204 τὸ
1861 3150 2056 3220 πλῆθος

2165 3155 2257 3225 qui
2289 3155 2469 3209 infans
2491 3170 2610 3212 esse
2637 3163 2830 3209 nostra
2861 3168 3027 3207 causa
3053 3152 3295 3220 voluisti,
3322 3151 3621 3209 infantulos
3646 3168 3742 3206 no-

485 3242 589 3294 τῶν
621 3242 829 3312 νηπίων
854 3241 1028 3313 ἡμῶν.

554 3334 726 3396 Αὐτὸς
756 3334 784 3384 6
815 3333 936 3386 τότε
963 3332 1125 3398 Θεὸς,
1143 3333 1172 3384 6
1207 3332 1345 3402 μετά
1377 3333 1582 3403 μητρὸς
1602 3333 1659 3386 ὲν
1684 3332 1948 3401 Αἰγύπτῳ
1978 3331 2063 3395 ξε-

485 3424 758 3486 νιτεύσας,
792 3423 1123 3477 ἀνακάλεσαι
1159 3425 1257 3494 τῆς
1294 3425 1513 3493 μακρᾶς
1538 3423 1800 3487 ξενιτείας
1826 3421 1926 3485 τὰς
1953 3439 2060 3492 μη·-

484 3515 647 3586 τέρας
673 3517 767 3569 καὶ
786 3515 853 3569 τά
872 3516 1036 3568 τέκνα
1051 3534 1063 3546 ·
1088 3518 1116 3568 6
1141 3515 1366 3588 πραθεὶς
1390 3517 1529 3586 ὑπὲρ
1551 3515 1760 3570 πολλῶν
1777 3515 2076 3578 ἑκουσίως,ι

487 3606 690 3658 παῦσον
731 3606 827 3677 τὴν
874 3605 1075 3676 πράσιν
1107 3605 1201 3658 τοῦ
1230 3606 1358 3658 λαοῦ
1391 3606 1497 3658 τῶν
1541 3605 1909 3675 Ἐκκλησιῶν·
1943 3605 1970 3656 6
1997 3605 2064 3657 6:’

487 3700 631 3769 ἡμᾶς
659 3699 716 3750 ἐν
749 3697 825 3766 τῷ
862 3698 1014 3767 νώτῳ
1041 3697 1332 3767 δεξάμενος
1368 3697 1466 3760 τὰς
1489 3695 1582 3750 τοῦ
1616 3696 1848 3750 Πιλάτου
1881 3695 2068 3764 μάστι-

488 3808 609 3858 γας,
642 3791 735 3843 καὶ
771 3789 1020 3854 ἀπειλὰς,
1050 3790 1211 3854 αὐτὸς
1241 3792 1270 3844 6
1295 3790 1562 3853 κοπιάσας
1591 3790 1656 3844 δι’
1685 3791 1833 3859 ἡμᾶς
1873 3792 1938 3841 ὲκ
1968 3790 2068 3857 τῆς

487 3880 816 3950 ὁδοιπορίας,
853 3881 1058 3932 παῦσον
1106 3878 1196 3931 τοῦ
1249 3878 1380 3932 λαοῦ
1429 3896 1523 3938 σου
1557 3879 1683 3941 τοὺς
1727 3877 1929 3940 κόπους
1975 3878 2069 3928 καὶ

489 3969 890 4038 ταλαιπωρίας·
925 3972 952 4021 6
981 3971 1038 4022 ὲν
1082 3969 1298 4039 σταυρῷ
1332 3969 1561 4038 βοήσας·
1599 3967 1780 4034 Διψῶ,
1824 3967 2070 4032 δρόσισον

493 4060 668 4129 ψυχὰς
693 4059 879 4121 δεινῶς
907 4059 1145 4128 διψώσας
1173 4062 1264 4112 καὶ
1290 4058 1559 4122 πεινώσας
1579 4077 1591 4089 ·
1629 4061 1656 4111 6
1693 4057 1832 4127 μετά
1854 4057 2070 4126 ἀνόμων

494 4152 600 4204 ὑπὸ
623 4151 838 4221 ἀνόμων
867 4150 1240 4220 κατακριθεὶς,
1272 4151 1432 4218 ῥῦσαι
1465 4149 1560 4201 καὶ
1586 4151 1736 4218 ἡμᾶς
1758 4151 1820 4200 ὲκ
1843 4148 1942 4217 τῆς
1964 4147 2071 4199 τῶν

2163 3259 2304 3301 stros
2337 3261 2364 3298 a
2394 3245 2588 3315 gladiis
2613 3245 2812 3298 exime.

2231 3337 2333 3398 Tu,
2362 3337 2454 3404 qui
2503 3352 2597 3404 per
2647 3336 2778 3390 illud
2830 3344 3066 3405 tempus,
3102 3349 3224 3388 cum
3283 3349 3435 3389 esses
3490 3333 3654 3399 Deus,
3689 3334 3742 3386 in

2161 3424 2397 3496 [Egypio
2443 3441 2566 3479 eum
2603 3434 2775 3479 matre
2807 3425 3184 3495 peregrinatus
3219 3441 3300 3486 es,
3335 3426 3402 3478 ab
3446 3424 3742 3493 longinqua

2163 3519 2601 3588 peregrii’iatione
2646 3526 2847 3572 matres
2896 3533 2958 3571 ac
3007 3518 3210 3572 liberos
3243 3531 3473 3581 revoca;
3519 3517 3611 3585 qui
3651 3531 3744 3583 pro

2166 3611 2353 3663 multis
2396 3610 2462 3664 dc
2499 3619 2590 3662 tua
2628 3610 2903 3663 voluntate
2934 3609 3185 3664 venditus
3217 3624 3297 3671 es,
3336 3607 3417 3660 fac
3464 3617 3520 3660 ut
3570 3615 3746 3660 cesset

2166 3700 2339 3769 plebis
2373 3700 2742 3755 Ecclesiarum
2779 3709 2994 3754 tuarum
3025 3701 3128 3755 ista
3159 3699 3438 3764 venditio;
3480 3698 3568 3767 qui
3616 3713 3744 3767 pro-

2167 3799 2286 3860 pter
2302 3806 2400 3845 nos
2419 3789 2574 3843 Pilati
2611 3791 2835 3844 verbera
2867 3798 3018 3860 tergo
3055 3798 3182 3851 tuo,
3220 3805 3284 3842 ac
3320 3789 3496 3841 minas
3531 3788 3748 3855 excepi-

2169 3883 2237 3936 sti
2263 3899 2276 3946 ;
2315 3883 2407 3950 qui
2441 3890 2629 3935 nostra
2659 3897 2826 3934 causa
2856 3897 2923 3934 ex
2953 3881 3146 3934 itinere
3181 3879 3438 3949 fatigatus
3461 3893 3538 3941 es,
3565 3877 3745 3945 populi

2169 3975 2246 4027 tui
2279 3974 2558 4027 laboribus
2619 3981 2673 4026 et
2716 3973 2976 4032 aerumnis
3032 3973 3249 4025 modqu
3293 3971 3524 4031 adhibe;
3563 3970 3658 4038 qui
3695 3969 3748 4020 in

2171 4077 2335 4116 cruce
2363 4061 2695 4115 vociferatus
2743 4075 2802 4114 es
2831 4079 2843 4114 :
2876 4060 3011 4112 Sitio
3032 4062 3046 4090 ¹
3073 4103 3085 4124 ,
3119 4059 3359 4128 graviter
3391 4060 3661 4120 sitientes,
3695 4065 3748 4112 et

2171 4152 2478 4206 esurientes
2504 4153 2716 4206 animas
2738 4151 2948 4205 caelesti
2978 4166 3100 4204 rore
3128 4150 3439 4218 perfundito
3463 4166 3476 4212 ;
3505 4151 3595 4216 qui
3623 4165 3747 4203 cum

494 4243 709 4312 ἀνόμων
744 4240 968 4310 βουλῆς·
1003 4242 1030 4292 6
1060 4239 1364 4309 γυμνωθεὶς
1389 4239 1463 4298 ὼς
1487 4239 1792 4310 κακοῦργος
1820 4238 1924 4290 ὑπὸ
1951 4237 2056 4290 ἀνό-

2173 4240 2456 4294 sceleratis
2485 4239 2552 4293 ab
2587 4238 2872 4293 sceleratis
2899 4237 3190 4292 damnatus
3248 4252 3328 4300 es,
3362 4237 3512 4305 eripe
3563 4251 3666 4290 nos
3721 4252 3750 4289 a

497 4333 809 4397 μων,αὐτδς
821 4334 1045 4395 ἐκεῖνος,
1065 4331 1329 4396 Δέσποτα,
1361 4331 1465 4384 ὑπὸ
1492 4331 1823 4400 παρανόμων
1847 4329 2056 4399 δεσμευ-

2174 4328 2566 4381 sceleratorum
2603 4327 2866 4391 consilio;
2894 4327 2984 4395 qui
3016 4326 3085 4379 ab
3110 4325 3333 4380 nefariis
3363 4334 3618 4393 tanquam
3644 4340 3754 4377 ma»

496 4423 628 4486 θεὶς,
651 4423 810 4476 λῦσον
856 4423 983 4486 τοὺς
1036 4424 1093 4475 ὲν
1135 4422 1354 4492 δεσμοῖς
1405 4422 1812 4492 πεπεδημένους
1839 4439 1850 4450 ·
1909 4423 1937 4473 ό
1977 4421 2056 4490 τὴι

2176 4418 2364 4473 leﬁcus
2397 4419 2637 4474 nudatus
2665 4433 2755 4483 es;
2787 4425 2865 4480 tu,
2901 4417 3143 4486 inquam,
3181 4417 3316 4484 ipse,
3355 4416 3446 4485 qui
3472 4417 3538 4470 ab
3568 4417 3751 4486 impiis

495 4514 760 4585 ἄχραντὸν
794 4531 886 4567 σου
918 4514 1130 4584 μητέρα
1162 4479 1680 4582 παρακαλέσας
1711 4510 1804 4565 τοῦ
1840 4479 2056 4582 σταυροῐ

2177 4511 2375 4580 ligatus
2411 4524 2502 4577 es;
2539 4524 2634 4563 eos
2668 4509 2816 4578 ipsos
2840 4509 3082 4570 exsolve,
3133 4507 3224 4577 qui
3266 4506 3499 4561 vinculis
3546 4507 3751 4576 alligati

497 4605 754 4676 ὀδυρμοῦ,
785 4606 880 4658 καὶ
930 4605 1022 4658 τοῦ
1075 4603 1356 4673 κλαυθμοῦ
1380 4619 1392 4633 ·
1437 4603 1597 4666 αὐτὸς
1643 4605 1670 4657 6
1716 4603 1836 4656 τότε
1873 4601 2056 4672 βοήσας

2176 4607 2338 4666 sunt;
2369 4601 2461 4669 qui
2496 4599 2770 4654 inviolatae
2811 4599 3001 4653 matris
3036 4608 3139 4652 tuae
3186 4597 3390 4652 luctum
3455 4613 3518 4652 ac
3565 4599 3750 4653 fletum

497 4699 616 4761 ταῖς
656 4697 985 4767 μυροφόροις
1014 4697 1096 4763 τὸ,
1127 4697 1387 4763 Χαίρετε,
1434 4695 1595 4758 αὐτὸς
1629 4693 1723 4746 κα)⁵
1766 4691 1858 4746 νῦν
1883 4692 2056 4762 βόησο·

2183 4693 2252 4747 de
2306 4706 2471 4746 cruce
2515 4691 2833 4744 consolatus
2875 4704 2956 4753 es,
2989 4691 3191 4760 quique
3252 4697 3380 4745 tunc
3413 4699 3750 4761 unguentum

497 4790 616 4850 ταῖς
632 4786 978 4856 Ἐκκλησίαις
1012 4804 1126 4851 σου,
1145 4785 1379 4857 Χαίρετε
1401 4803 1414 4818 ·
1445 4784 1607 4848 αὐτὸς
1626 4788 1654 4838 6
1674 4789 1784 4846 τοῖς
1795 4783 1945 4852 ἥλοις
1965 4784 2056 4836 τοῖς

2177 4782 2479 4839 ferentibus
2521 4781 2630 4836 illis
2674 4780 3045 4843 mulierculis,
3078 4782 3298 4844 Avete’,
3333 4781 3518 4836 dixisti
3553 4802 3564 4836 :
3597 4783 3756 4852 cujus

499 4878 700 4947 τιμίοις
724 4876 1097 4948 προσηλωθεὶς
1118 4877 1214 4939 τὰς
1240 4879 1427 4948 χεῖρας
1446 4875 1538 4930 καὶ
1563 4877 1686 4938 τοὺς
1707 4875 1894 4938 πόδας,
1917 4873 2056 4928 λῦσοε

2178 4890 2376 4929 manus
2410 4888 2474 4928 ac
2507 4874 2671 4943 pedes
2712 4872 3123 4942 pretiosissimis
3164 4872 3334 4927 clavis
3397 4873 3572 4927 sullixi
3604 4883 3752 4936 sunt,

503 4967 906 5038 σιδηροδέσμων
935 4966 1078 5021 λαῶν
1107 4965 1205 5030 τὰς
1238 4969 1428 5037 χεῖρας
1457 4966 1698 5034 καὶτοὺς
1725 4965 1910 5027 πόδας.
1939 4964 2056 5018 Ναὶ.

2180 4981 2514 5035 αυεδιιηιυε,
2551 4980 2584 5019 0
2626 4963 3020 5034 benignissime
3066 4964 3321 5018 Domine!
3379 4965 3471 5034 qui
3512 4965 3698 5019 dixisti
3739 4986 3751 5020 :

501 5059 750 5112 Δέσποτα
795 5058 1163 5128 φιλάνθρωπε,
1190 5059 1221 5110 6
1242 5059 1440 5112 εἰπών’
1474 5058 1813 5125 Περίλυπός
1839 5057 2011 5111 ἐστιν
2037 5076 2056 5111 τ

2180 5057 2371 5112 Tristis
2425 5065 2502 5110 est
2553 5058 2732 5108 animo
2765 5071 2898 5120 mea,
2930 5063 3142 5125 propter
3173 5056 3464 5119 mortem”;
3497 5056 3755 5125 populum

501 5150 670 5219 ψυχή
705 5167 824 5218 μου
852 5150 920 5202 ἐκ
954 5147 1230 5214 θανάτου,
1269 5151 1428 5221 ῥῦσαι
1458 5149 1550 5202 τὸν
1579 5149 1707 5204 λαόν
1743 5166 1835 5202 σου
1861 5149 1960 5220 τῆς
1985 5149 2048 5202 λύ

2179 5157 2331 5204 tuum
2363 5164 2392 5202 a
2424 5147 2610 5202 dolore
2633 5161 2695 5200 ac
2727 5155 2904 5200 morte
2958 5144 3270 5208 libera.Tu,
3302 5145 3391 5200 cui
3424 5148 3613 5200 lancea
3633 5161 3753 5214 per-

504 5258 612 5312 πης
638 5243 734 5294 καὶ
760 5241 850 5294 τοῦ
881 5240 1111 5294 θανάτου
1129 5258 1140 5271 ·
1175 5241 1336 5304 αὐτὸς
1361 5244 1388 5295 6
1410 5245 1479 5311 τῇ
1511 5241 1755 5313 ῥομφαίᾳ
1775 5242 1957 5310 νυγεὶς
1983 5241 2056 5312 τὴ¹

2182 5241 2414 5294 foratum
2464 5240 2608 5294 latus
2631 5245 2741 5299 est,
2778 5239 3016 5293 hostium
3073 5238 3316 5292 lanceam
3352 5237 3558 5307 potenti
3593 5251 3755 5287 manu

506 5329 746 5401 πλευράν
793 5349 910 5398 σου,
955 5331 1246 5402 σύντριψον
1289 5332 1398 5385 τῶν
1441 5332 1654 5402 ἐχθρῶν
1681 5331 1777 5402 τὴν
1809 5331 2056 5402 ῥομφαία·

2181 5343 2273 5386 tua
2298 5331 2615 5401 confringe;
2641 5340 2807 5400 atque
2834 5337 2893 5384 ut
2921 5330 3092 5386 ﬁdelis
3114 5331 3243 5384 olim
3271 5320 3502 5383 latronis
3532 5325 3611 5381 tui
3639 5366 3652 5392 ,
3679 5325 3754 5377 ita

510 5425 572 5493 τῇ
599 5423 743 5494 χειρί
783 5441 877 5496 σου
908 5427 975 5494 τῇ
1000 5425 1257 5495 κραταιᾷ,
1281 5425 1374 5477 καὶ
1399 5422 1688 5493 μνήσθητι,
1720 5423 1981 5488 Δέσποτα,
2009 5423 2054 5474 ὡ

2185 5423 2358 5478 fidelis
2395 5423 2555 5476 modo
2588 5423 2663 5476 tui
2701 5423 2889 5492 populi
2927 5421 3261 5477 memineris.
3300 5420 3400 5485 Qui
3448 5433 3547 5489 pro
3594 5415 3764 5470 nobis

587 5578 604 5609 ί
626 5575 783 5634 Joan.
817 5597 928 5641 xxx,
951 5582 1041 5636 28.
1121 5584 1138 5611 ³
1162 5581 1348 5636 Matth.
1373 5595 1562 5648 xxvm,
1591 5581 1643 5636 9.
1721 5580 1740 5610 ³
1763 5579 1948 5633 Matth.
1988 5593 2135 5644 XXVI,
2179 5579 2265 5634 58.
2297 5592 2300 5598 '

583 5692 697 5763 (65)
731 5693 855 5748 Cor.
888 5693 1044 5764 ὄχλῳ.

2267 5687 2376 5758 (64)
2409 5685 2469 5742 F.
2503 5689 2558 5740 ὲν
2588 5687 2820 5755 ἀνάγκῃ.
