3978 6220
465 325 568 381 άτῖ

1372 316 1656 374 "OMILIA
1704 320 1769 374 IV
1805 322 1869 375 IN
1936 323 2062 405 Αὸξ

2177 321 2481 381 ΡΤΙΟΝΕΜ
2510 325 2807 383 CHRISTI.
3608 331 3713 389 4⁸78

456 435 554 506 τῆς
584 432 830 495 παιδείας
870 432 1038 497 δεῖξον
1081 431 1174 485 καὶ
1221 433 1319 505 τὴν
1368 433 1465 505 σὴν
1504 434 1929 505 φιλανθρωπίαν,
1958 437 2043 490 ἵνα

2172 437 2442 495 vehemens
2494 442 2761 495 malorum
2809 442 3066 510 aculeus;
3121 449 3274 496 atrox
3330 442 3565 509 iilorum,
3620 443 3718 497 Duo

462 526 535 597 μὴ
566 525 644 587 είς
682 523 831 586 τέλος
881 524 929 576 οἱ
972 523 1211 577 Ἰουδαῖοι
1261 526 1685 595 καυχήσωνται,
1727 526 1810 579 ἵνα
1856 527 1929 598 μὴ
1974 527 2043 581 τά

460 620 583 690 ἔθνη
622 618 749 689 περὶ
773 618 930 689 ήμῶν
963 618 1157 672 εἴπωσι
1184 637 1196 648 ·
1228 620 1351 672 Ποῦ
1386 618 1558 673 ἐστιν
1578 623 1609 673 ό
1645 620 1789 686 Θεὸς
1825 619 2044 685 autin»;

461 711 569 763 Ιῐοῦ
614 710 757 763 ἔστιν
801 713 828 762 ὁ
868 709 1098 779 Χριστὸς
1146 710 1355 775 αὑτῶν;
1388 711 1497 764 Ποῦ
1544 711 1691 763 ἔστιν
1737 713 1765 764 ό
1815 712 2044 781 σταυρὸς

459 803 671 866 αὖτῶν;
702 803 810 855 Ποῦ
842 802 1041 873 ἔστινὴ
1075 801 1230 865 ἐλπὶς
1261 802 1473 867 αὑτῶν;
1504 802 1614 855 Ποῦ
1654 804 1686 872 ἠ
1729 802 1907 866 πίστις
1937 803 2045 857 τῶν

461 895 836 966 Χριστιανῶν;
867 896 984 948 Ἵνα
1037 894 1109 966 μὴ
1161 895 1332 947 ταῦτα
1377 894 1593 960 εἴπωσι,
1647 896 1781 965 ταχὺ
1820 896 1885 948 τὰ
1920 895 2044 964 ἑλέη

464 1003 555 1040 σου
581 988 660 1049 είς
686 989 831 1057 ἡμᾶς
863 986 1199 1056 θεωρήσουσι
1220 1002 1233 1017 ⁸
1271 986 1428 1054 Ταχὺ
1473 986 2042 1054 προσκαταλαϐἐτω-

461 1095 581 1131 σαν
610 1076 717 1147 (68)
745 1075 903 1145 ἡμᾶς
928 1080 982 1130 οἱ
1014 1078 1302 1146 οἰκτιρμοί
1350 1094 1486 1140 σου,
1523 1078 1718 1145 Κύριε,
1745 1077 1832 1130 ὅτι
1863 1078 2047 1130 ἐπτω-

462 1170 768 1237 χεύσαμεν
789 1168 1044 1235 σφόδρα,
1070 1168 1151 1219 ὅτι
1196 1166 1643 1237 ἐταπεινώθημεν
1690 1165 1913 1235 σφόδρα,
1964 1166 2046 1219 ὅτι

462 1260 819 1330 ὡλιγὼθημεν
852 1261 1073 1331 σφόδρα.
1119 1260 1318 1313 Λοιπὸν
1366 1260 1653 1313 εἰσελθέτω
1699 1258 1926 1312 ἐνώπιόν
1953 1276 2045 1311 σου

464 1353 491 1403 ὁ
517 1350 815 1420 στεναγμὸς
868 1350 975 1403 τῶν
1034 1351 1453 1421 πεπεδημένων·
1511 1350 1821 1419 δυσωπήσει
1872 1366 1929 1401 σε
1982 1348 2049 1401 τὰ

465 1441 671 1513 δάκρυα
699 1440 805 1493 τῶν
850 1441 1071 1494 ἀκάκων
1115 1443 1345 1512 νηπίων,
1372 1442 1481 1493 τῶν
1518 1438 2043 1508 κατασφαζομένων·

469 1531 737 1584 ἱκετεύσει
782 1549 839 1583 σε
875 1532 1107 1603 ὀδυρμὸς
1162 1533 1410 1605 μητέρων
1456 1532 1565 1585 τῶν
1618 1530 2044 1600 ἀτεκνουμένων.

467 1624 648 1677 Ταῦτα
678 1624 925 1691 λέγοντες
954 1624 1203 1694 δεόμεθα,
1221 1626 1280 1677 ού
1304 1625 1612 1695 μαχόμεθα,
1658 1621 2051 1675 Δέσποταοδεό-

471 1715 628 1783 μεθα,
659 1714 772 1767 ἀλλ’
798 1716 856 1767 οὐ
890 1716 1025 1786 πρὸς
1056 1717 1113 1768 σε
1142 1714 1493 1785 δικαζόμεθα.
1547 1713 1810 1784 Δεόμεθα,
1839 1712 1918 1765 ὅτι
1948 1711 2051 1764 ὑπὸ

2147 531 2311 595 mine,
2366 533 2650 600 tragmdia.
2692 532 2849 587 Netu
2901 534 3023 588 illos
3072 534 3313 590 exterius
3346 550 3518 604 usque
3552 535 3719 590 desti-

2147 625 2274 684 tue,
2321 622 2417 676 sed
2463 638 2570 676 una
2619 640 2743 678 eum
2807 624 3281 681 animadversione
3327 628 3715 697 benignitatem

2147 718 2295 764 tuam
2345 712 2564 777 exhibe,
2617 721 2676 767 ut
2714 730 2780 769 ne
2808 715 2979 771 ιιιιὰιεί
3022 717 3089 771 ad
3135 717 3297 772 ﬁnem
3344 734 3518 788 usque
3562 718 3719 773 nobis

2148 802 2455 864 insultent,
2514 818 2583 857 ne
2636 802 2705 858 de
2756 807 2915 862 nobis
2973 815 3163 877 gentes
3224 808 3356 862 illud
3416 816 3718 878 usurpent:

2153 890 2252 945 Ubi
2296 902 2376 946 est
2418 892 2558 947 Deus
2608 910 2786 948 eorum
2811 896 2870 947 ‘?
2908 895 3011 950 Ubi
3040 908 3124 953 est
3152 898 3404 955 Christus
3441 899 3724 968 ipsorum?

2148 981 2252 1037 Ubi
2298 992 2382 1038 est
2454 1000 2585 1039 crux
2647 986 3064 1055 ipsorum?Ubi
3104 1000 3194 1044 est
3258 1006 3384 1061 spes
3441 989 3725 1059 ipsorum?

2152 1070 2253 1127 Ubi
2314 1073 2448 1129 ﬁdes
2498 1075 2983 1131 Christianorum?
3047 1076 3127 1133 Ne
3180 1080 3450 1149 ejusmodi
3514 1078 3722 1145 jactare

2150 1165 2418 1233 audeant,
2449 1175 2594 1221 tuam
2623 1169 2679 1221 in
2706 1184 2807 1223 nos
2832 1169 2948 1223 cito
2979 1169 3411 1224 misericordiam
3443 1169 3720 1224 videbunt.

2151 1256 2495 1312 Prwveniant
2524 1278 2617 1315 nos
2642 1262 2913 1315 celerrime
2933 1262 3297 1315 miserationes
3329 1271 3451 1326 tuaz,
3487 1261 3723 1324 Domine,

2151 1354 2404 1423 quoniam
2458 1368 2712 1421 pauperes
2779 1353 2909 1421 facti
2961 1368 3143 1405 sumus
3194 1350 3412 1417 valde’,
3470 1349 3727 1419 quoniam

2160 1445 2434 1498 bumiliati
2470 1460 2659 1499 sumus
2701 1444 2877 1510 valde,
2909 1445 3168 1515 quoniam
3201 1443 3357 1512 pauci
3385 1442 3511 1496 facti
3539 1455 3729 1495 sumus

2153 1535 2325 1589 valde.
2362 1534 2517 1601 Quod
2548 1542 2823 1604 superest,
2877 1536 3038 1589 intret
3091 1536 3146 1589 in
3187 1542 3539 1604 conspectum
3577 1542 3729 1585 tuum

2151 1629 2386 1697 gemitus
2416 1630 2761 1690 vinctorum;
2793 1627 3011 1682 nectent
3047 1635 3101 1681 te
3140 1624 3514 1679 innocentium
3554 1620 3733 1675 infau-

2156 1720 2393 1771 tulorum
2415 1717 2506 1787 qui
2536 1717 2875 1788 jngulantur,
2920 1720 3209 1787 lacrymae;
3252 1724 3484 1768 matrum
3511 1723 3582 1775 te,
3613 1725 3734 1779 qua:

469 1805 682 1873 ἀνόμων
722 1805 1114 1875 ὀνειδιζόμεθα,
1169 1808 1251 1859 ὅτι
1310 1806 1369 1870 ἐξ
1408 1806 1672 1877 Ἑλλήνων
1722 1803 2055 1857 καταπονού-

2172 1809 2351 1863 Liberis
2388 1809 2679 1874 orbantur,
2722 1809 2979 1877 planctus
3006 1808 3275 1863 exorabit.
3332 1804 3456 1858 Haec
3492 1803 3735 1857 dicentes

473 1897 638 1967 μεθα·
676 1898 734 1949 ού
774 1898 1075 1968 μαχόμεθα,
1132 1898 1265 1951 ἀλλά
1314 1897 1804 1968 ἐξομολογούμεθα.
1855 1896 2057 1949 Κλαέοη

474 2007 594 2058 μεν,
615 1990 695 2042 ὅτι
720 1990 811 2042 καὶ
834 1993 881 2042 oi.
912 1991 1087 2043 λοιποὶ
1113 1990 1529 2044 κινδυνεύουσιν.
1554 1990 1613 2043 Ei
1632 1992 1739 2061 γὰρ
1763 1990 1855 2043 καὶ
1883 1990 2057 2059 ἀμαρ-

472 2081 650 2145 τωλοὶ,
697 2082 809 2135 ἀλλ’
856 2084 1006 2152 ὅμως
1052 2083 1368 2153 Χριστιανοὶ
1421 2084 1793 2152 τυγχάνομεν·
1853 2083 1903 2133 εί
1963 2077 2059 2132 καῖ⁵

473 2171 736 2234 ταπεινοὶ,
774 2170 885 2223 ἀλλ’
919 2172 1067 2240 ὅμως
1116 2172 1218 2239 τῆς
1270 2170 1505 2232 πίστεώς
1552 2188 1644 2223 σου
1692 2170 1847 2232 λαός·
1883 2170 1929 2220 εί
1966 2168 2059 2220 καὶ

475 2257 682 2321 ἀνάξιοι
734 2258 1155 2328 φιλανθρωπίας,
1202 2258 1315 2311 ἀλλ’
1343 2259 1491 2328 ὅμως
1524 2258 1770 2330 πρόϐατα
1811 2259 1909 2328 τῆς
1960 2258 2060 2327 σῆς

489 2348 811 2418 Ἐκκλησίας
838 2349 1003 2418 ἐσμὲν
1035 2351 1089 2401 ὲν
1120 2351 1199 2403 ένὶ
1242 2350 1705 2421 συνηθροισμένοι.
1735 2349 1949 2420 Ταύτην
1979 2366 2061 2401 σοι

485 2440 575 2508 τὴν
603 2439 809 2491 ἱκεσίαν
842 2441 889 2491 οἱ
922 2441 1126 2509 πτωχοὶ
1158 2441 1297 2512 ὑπὲρ
1337 2442 1573 2511 πλήθους
1620 2440 1748 2493 λαοῦ
1784 2440 2062 2510 αἰχμαλω-

483 2531 624 2594 σίας,
675 2533 732 2583 ὲν
780 2534 845 2600 τῇ
896 2532 961 2600 σῇ
1023 2533 1306 2604 τριημέρῳ
1371 2533 1662 2585 ἀναστάσει
1715 2533 2062 2603 προσάγομεν

486 2622 648 2689 ἱερεῖς
675 2622 767 2674 κοιλ⁸
796 2621 933 2687 λαοὶ,
970 2624 1239 2676 νεανίσκοι
1288 2623 1382 2676 καὶ
1434 2622 1711 2695 παρθένοι,
1761 2622 2063 2695 πρεσϐῦται

488 2712 625 2781 μετά
657 2713 956 2784 νεωτέρων,
993 2716 1162 2785 νήπια
1213 2714 1349 2784 μετά
1405 2716 1676 2785 μητέρων,
1720 2716 1871 2767 πᾶσα
1920 2714 2064 2783 ψυχὴ

487 2802 592 2854 τῶν
624 2804 983 2858 πιστευόντων
1016 2808 1095 2869 είς
1125 2805 1215 2858 σέ-
1258 2805 1351 2869 οὓς
1405 2806 1678 2876 λύτρωσαι
1718 2807 1923 2868 πάντας
1965 2806 2067 2858 πά-

492 2912 589 2963 σης
616 2896 709 2966 τῆς
741 2898 1092 2969 ἐπικειμένης
1125 2898 1374 2967 ἀπειλῆς,
1401 2898 1495 2950 καὶ
1525 2898 1623 2968 τῆς
1658 2898 1756 2968 σῆς
1792 2896 2068 2967 βασιλείας

488 2982 671 3048 ἀξίους
724 2985 964 3055 ποίησον,
1000 2986 1180 3057 χάριτι
1230 2987 1324 3039 καὶ
1371 2986 1748 3057 φιλανθρωπίᾳ
1784 2986 1877 3037 τοῦ
1915 3002 2069 3055 μονο-

491 3075 679 3143 γενοῦς
734 3093 827 3128 σου
874 3077 1003 3128 Υίοῦ
1044 3079 1136 3131 καὶ
1185 3078 1453 3131 Δεσπότου
1496 3077 1625 3130 Θεοῦ
1680 3079 1774 3130 καὶ
1819 3077 2068 3146 Σωτῆρος

2158 1901 2433 1970 supplices
2465 1916 2775 1970 precamur,
2806 1916 2912 1955 non
2945 1914 3267 1970 pugnamus,
3310 1896 3570 1960 Domine;
3613 1908 3736 1962 pre-

2160 2006 2372 2055 camur,
2406 2006 2519 2046 non
2547 2001 2725 2045 tecum
2757 1991 2968 2060 judicio
2997 1989 3406 2045 contendimus.
3438 1986 3735 2039 Precamur

2160 2081 2417 2149 quoniam
2467 2095 2497 2132 a
2543 2080 2792 2134 scelestis
2832 2080 2922 2132 illa
2963 2078 3120 2133 nobis
3147 2076 3568 2147 exprobrantur,
3594 2085 3731 2141 quo-

2162 2175 2305 2227 niam
2358 2188 2387 2225 a
2438 2173 2734 2242 gentilibus
2790 2171 3198 2240 opprimimur;
3266 2184 3373 2222 non
3438 2177 3740 2235 pugnamus

2162 2274 2376 2328 tecum,
2409 2264 2503 2319 sed
2546 2264 2909 2328 confitemur;
2954 2264 3255 2332 ploramus,
3306 2262 3561 2329 quoniam
3598 2256 3742 2325 peri-

2165 2356 2432 2408 clitantur
2493 2364 2547 2408 et
2615 2354 2835 2420 reliqui.
2900 2353 3163 2418 Quamvis
3226 2352 3369 2405 enim
3425 2356 3742 2418 peccatores

2164 2443 2357 2507 simus,
2391 2443 2696 2497 Christiani
2736 2450 2917 2496 tamen
2966 2456 3196 2496 sumus:
3229 2441 3333 2494 etsi
3379 2438 3600 2491 humilis
3634 2452 3741 2505 po—

2166 2534 2346 2603 pulus,
2386 2534 2547 2588 tidem
2599 2542 2782 2589 tamen
2833 2533 3187 2603 proﬁtemur;
3239 2532 3363 2586 licet
3409 2529 3743 2583 humanitate

2170 2634 2263 2678 tua
2290 2626 2465 2679 simus
2508 2626 2737 2695 indigni,
2787 2625 3148 2679 nihilominus
3188 2639 3318 2677 oves
3356 2621 3609 2675 Ecclesiae
3641 2629 3744 2672 tua:

2168 2733 2381 2780 sumus,
2404 2718 2456 2771 in
2480 2734 2648 2771 unum
2676 2717 2911 2772 collecti.
2940 2715 3052 2770 llas
3077 2715 3173 2769 tibi
3196 2729 3385 2785 preces
3412 2727 3511 2783 pro
3532 2710 3745 2780 captivo

2169 2810 2370 2878 populo
2414 2809 2467 2862 in
2522 2810 2625 2863 hac
2665 2808 2920 2861 triduana
2955 2815 3044 2861 tua
3072 2805 3475 2862 resurrectione
3511 2802 3608 2856 tibi
3644 2815 3744 2854 nos

2171 2899 2363 2966 inopes
2411 2896 2713 2960 oﬂ'erimus,
2751 2896 3068 2951 sacerdotes
3105 2910 3229 2948 cum
3267 2893 3444 2963 plebe,
3490 2891 3745 2960 juvenes,

2172 2985 2433 3053 virgines,
2480 3000 2641 3039 senes
2693 2998 2819 3037 cum
2869 2983 3076 3052 pueris,
3122 2980 3361 3035 infantes
3401 2994 3525 3033 cum
3560 2978 3749 3030 matri-

2176 3074 2278 3129 bus
2312 3092 2325 3128 :
2376 3074 2620 3128 omnium
2660 3074 2714 3127 in
2745 3085 2799 3127 te
2825 3072 3167 3126 credentium
3192 3071 3423 3124 animae:
3454 3084 3591 3139 quos
3626 3068 3749 3137 qui-

493 3169 646 3237 ἡμῶν
685 3169 858 3239 Ἰησοῦ
894 3171 1150 3240 Χριστοῦ,
1184 3172 1279 3223 σὺν
1312 3170 1389 3241 τῷ
1414 3169 1659 3240 παναγίῳ
1688 3171 1779 3222 καὶ
1822 3169 2065 3238 ζωοποιῷ

2172 3163 2296 3218 dem
2329 3179 2522 3218 omnes
2574 3164 2642 3217 ab
2694 3162 3109 3215 imminentibus
3156 3160 3413 3230 periculis
3458 3159 3629 3227 eripe,
3686 3172 3749 3211 ac

492 3259 655 3312 αὐτοῦ
694 3260 994 3331 Πνεύματι·
1041 3260 1135 3315 νῦν
1189 3263 1283 3316 καὶ
1328 3262 1414 3315 ἀεὶ
1472 3262 1563 3313 καὶ
1604 3261 1683 3322 εἰς
1721 3260 1843 3322 τοὺς
1873 3258 2070 3321 αἰῶνας

494 3351 600 3405 τῶν
631 3352 858 3407 αἰώνων.
904 3354 1095 3424 Ἀμήν.

1249 3742 1324 3795 A'.

505 3855 617 3909 Τοῦ
646 3854 715 3907 ἐν
741 3853 930 3919 ἁγίοις
972 3853 1197 3921 Πατρός
1238 3853 1405 3921 ἡμῶν
1446 3853 1795 3921 Ἐπιφίινίου
1833 3853 2074 3905 ἐπισκό-

570 3941 690 3999 {tog
731 3926 977 3999 Κύπροιέ
1014 3927 1120 3999 -εὶς
1176 3922 1292 3999 τὴν
1340 3922 1649 3990 ἀνάληψιν
1696 3922 1801 3976 τοῦ
1854 3922 2074 3989 Κιιριόυ

572 3992 737 4060 ἡμῶν
780 3992 980 4058 Ἰησοῦ
1008 3993 1281 4060 Χριστοῦ.

1018 4101 1321 4171 Εὐλογητὸς
1350 4103 1378 4154 ό
1409 4102 1559 4163 Θεός.

576 4190 787 4260 Κόσμος
819 4188 1065 4259 σώματος
1092 4192 1125 4260 ή
1156 4192 1465 4243 ὲπιτεθεῖσα
1488 4190 1565 4259 τῷ
1591 4190 1802 4259 σώματι
1832 4188 2038 4258 κεφαλή
2056 4206 2069 4219 ο

505 4283 705 4352 κόσμος
741 4282 797 4335 δὲ
836 4281 943 4334 τῶν
994 4280 1194 4352 ἑορτῶν
1240 4282 1273 4351 ἡ
1324 4282 1564 4352 σήμερον
1603 4282 1783 4351 ἑορτή.
1827 4280 1891 4331 Τί
1936 4280 2077 4348 γάρ;

504 4372 657 4443 φησί.
734 4370 972 4440 Χριστοῦ
1042 4369 1310 4439 ἀνάληψιν
1384 4369 1519 4439 μετά
1583 4368 1781 4439 σαρκὸς
1832 4368 2083 4438 ἑορτάζο-

2174 3264 2268 3309 ιυο
2315 3270 2483 3324 regno
2541 3255 2738 3323 dignos
2830 3252 3007 3317 eliice,
3064 3253 3237 3321 gratia
3302 3260 3357 3305 et
3420 3248 3752 3318 benignitate

2174 3346 2435 3415 unigeniti
2510 3345 2587 3399 tui
2633 3343 2753 3397 Filii
2821 3358 2884 3397 ac
2937 3342 3147 3396 Domini
3194 3339 3287 3395 Dei
3353 3348 3407 3395 et
3450 3339 3751 3393 Salvatorfs

2173 3439 2345 3491 nostri
2389 3435 2517 3491 Jesu
2568 3434 2793 3499 Christi,
2846 3448 2971 3487 cum
3011 3432 3360 3487 sanctissimo
3417 3437 3470 3485 et
3533 3430 3749 3484 viviﬁco

2173 3530 2347 3600 ipsius
2368 3528 2597 3599 Spiritu,
2641 3542 2785 3581 nunc
2812 3533 2865 3581 et
2890 3540 3105 3595 semper
3134 3532 3188 3580 et
3228 3524 3283 3579 in
3309 3523 3505 3579 saecula
3527 3523 3752 3577 saeculo-

2176 3638 2318 3677 rum.
2341 3623 2536 3675 Amen.

2918 3750 3012 3806 IV.

2180 3848 2366 3903 Sancti
2428 3844 2718 3914 Epiphania:
2764 3844 2994 3914 episcopi
3046 3841 3375 3914 Constantia:
3436 3838 3757 3914 Cypr_i,_ude

2249 3908 2657 3970 Domini'nostri
2685 3908 2814 3967 Iesu
2843 3908 3040 3967 Cirriin
3061 3912 3415 3979 assumptione
3442 3908 3754 3978 oratio(69).

2709 4089 3034 4146 Benedictus
3077 4089 3238 4142 Deus.

2256 4186 2519 4255 Corporis
2559 4189 2944 4239 ornamentum
2984 4188 3067 4233 est
3091 4185 3257 4246 caput
3292 4174 3507 4243 corpori
3539 4173 3761 4242 imposi-

2184 4291 2326 4345 tum;
2383 4286 2437 4330 at
2492 4277 2752 4331 festorum
2802 4273 2973 4327 decus
3021 4278 3104 4323 est
3158 4268 3356 4321 festum
3415 4265 3757 4318 hodiernum.

2182 4371 2537 4426 Celebramus
2582 4368 2727 4421 enim
2767 4363 2974 4419 Christi
3034 4358 3250 4413 Domini
3300 4355 3597 4411 secundum
3643 4370 3765 4406 car-

509 4483 627 4535 μεν,
659 4464 732 4528 ὡς
769 4464 874 4517 τῶν
906 4462 1249 4516 Δεσποτικῶν
1306 4462 1509 4533 ἑορτῶν
1551 4460 1904 4529 δεικνυμένην
1946 4459 2065 4529 πῆήι

2191 4480 2311 4519 nem
2359 4477 2681 4526 ascensum;
2738 4458 2883 4529 quod
2935 4470 3066 4511 sane
3118 4452 3313 4506 festum
3357 4449 3760 4501 Dominieorum

508 4574 686 4627 ρωμα.
734 4555 1000 4624 Καθάπερ
1049 4553 1159 4624 γάρ
1207 4553 1416 4622 κεφαλὴ
1476 4551 1899 4621 φαιδρόμορφος,
1944 4549 2085 4604 οὕτω

508 4649 657 4717 καὶὴ
692 4648 927 4717 σήμερον
972 4645 1132 4717 ἑορτὴ
1164 4645 1263 4714 τῆς
1306 4644 1493 4713 θεῖκῆς
1524 4642 1743 4713 χάριτος
1777 4642 2084 4709 ἀπαυγάζει

506 4740 567 4792 τὺ
592 4739 786 4802 κάλλος
805 4756 818 4768 ·
851 4738 965 4791 ἀλλ’
1010 4740 1059 4790 οί
1097 4736 1281 4790 πολλοὶ⁵
1313 4735 1633 4805 ἀγνοοῦντες
1660 4735 1721 4786 τὸ
1750 4735 1951 4803 ταύτης
1988 4733 2085 4804 μέ-

509 4835 687 4902 γεθος,
718 4828 878 4903 ἦττον
916 4831 1084 4901 αὐτὴν
1115 4828 1414 4899 νομίζουσι.
1464 4828 1575 4879 Καὶ
1605 4828 1653 4879 εί
1694 4824 1947 4895 βούλεσθε
1983 4842 2088 4894 μα-

512 4924 644 4985 θεῖν,
689 4922 1024 4986 ἀνεξικάκως
1080 4920 1386 4973 συντείνατέ
1448 4935 1536 4988 μοι
1588 4916 1679 4969 τὸν
1728 4916 1874 4969 νοῦν.
1922 4915 2090 4969 Μόνον

515 5032 602 5085 μοι
632 5014 697 5066 δι’
726 5013 899 5083 εὐχῶν
934 5014 1324 5083 συνεργήσατε,
1357 5007 1687 5081 παρακαλῶ’
1724 5009 1819 5060 καλ⁹
1857 5007 1955 5071 τὰς
1993 5025 2089 5078 μο-

512 5105 787 5167 λιϐδώδεις
817 5108 989 5175 αὔρας
1018 5104 1436 5157 καταστείλατε’
1478 5103 1571 5154 καὶ
1614 5101 1679 5155 τὰ
1732 5099 1952 5171 κύματα
1996 5101 2095 5170 τῆς

515 5197 783 5267 φλυαρίας
838 5195 1198 5265 γαληνιάσατε
1222 5212 1236 5226 ο
1296 5196 1390 5247 καὶ
1446 5191 1809 5263 σχολάζουσάν
1861 5208 1948 5263 μοι
2000 5191 2096 5262 τὴν

511 5288 685 5343 ἁκοῆιν
718 5286 1054 5356 παράσχητε.
1091 5285 1247 5338 Κατά
1274 5285 1383 5355 γὰρ
1416 5285 1503 5338 τὸν
1551 5285 1713 5353 σοφὸν
1758 5283 2095 5354 Σολομῶντα,

517 5380 664 5450 λόγοι
693 5379 871 5449 σοφῶν
908 5380 966 5431 ὲν
998 5377 1296 5433 ἀναπαύσει
1336 5375 1642 5430 ἀκούονται.
1689 5375 1888 5447 Πρώτη
1918 5376 2098 5429 τοίνυν

617 5534 792 5590 'Psal.
822 5549 977 5598 cxm,
1011 5533 1099 5587 12.
1137 5534 1158 5564 ⁸
1180 5531 1323 5587 l’sal.
1358 5546 1582 5599 uxvtu,
1610 5528 1663 5586 8.

597 5688 707 5757 (68)
738 5689 863 5745 Cor.
902 5704 1109 5761 προκατ
1123 5733 1140 5751 ,

2190 4557 2435 4611 omnium
2478 4554 2937 4622 complementum
2990 4547 3230 4601 exhibet.
3288 4542 3356 4598 Ut
3405 4542 3550 4595 enim
3603 4548 3760 4609 caput

2190 4652 2360 4699 totam
2417 4642 2667 4712 corporis
2728 4639 3178 4695 constitutionem
3235 4640 3506 4691 exornat:
3545 4632 3617 4685 ita
3671 4631 3767 4683 Ιιο⁴

2191 4734 2379 4789 dierna
2424 4733 2743 4787 solemnitas
2792 4729 2990 4784 divina:
3052 4728 3239 4798 gratia:
3284 4721 3763 4794 puichritudinem,

2193 4824 2349 4894 quasi
2386 4822 2743 4891 eololilionem
2780 4821 2856 4874 illi
2884 4821 3192 4888 imponens,
3243 4813 3471 4866 mirifice
3509 4811 3765 4864 illustrat.

2196 4913 2396 4969 Verum
2427 4913 2583 4967 multi
2615 4910 3041 4981 magnitudinem
3079 4907 3223 4960 illius
3246 4905 3579 4973 ignorantes,
3626 4900 3767 4953 haud

2194 5008 2267 5061 ita
2295 5005 2474 5075 magni
2504 5002 2636 5059 illud
2663 5002 2869 5057 faciunt
2895 5000 3043 5072 [cum
3074 4999 3189 5068 ipsa
3218 5005 3398 5049 tamen
3432 4998 3509 5048 rei
3538 5004 3758 5056 natura,

2194 5099 2409 5153 czeteris
2463 5096 2721 5151 omnibus
2756 5092 3165 5149 eelebritalibus
3199 5090 3469 5144 illustrius
3492 5103 3613 5142 esse
3638 5100 3769 5139 con-

2193 5189 2397 5262 vincat]
2430 5232 2443 5255 ,
2487 5187 2943 5259 quemadmodum
2976 5183 3029 5238 id
3054 5200 3118 5238 ex
3144 5182 3409 5236 orationis
3442 5195 3573 5233 mea:
3596 5176 3761 5239 serie.

2197 5286 2243 5339 si
2278 5282 2438 5338 modo
2464 5297 2682 5352 mquum
2720 5281 2827 5335 huc
2858 5280 3099 5332 animum
3129 5275 3443 5337 attuleritis,
3487 5268 3771 5340 perspicue

2196 5388 2532 5445 cognoscere
2575 5371 2781 5428 licebit.
2832 5369 2982 5425 Veiis
3036 5367 3264 5438 proinde
3310 5379 3456 5419 aurae
3495 5359 3768 5429 topularis

2282 5679 2387 5754 (69)
2420 5680 2706 5735 Theodoro
2738 5676 2961 5733 Peltano
2992 5671 3305 5738 interprete.
