3978 6220
369 336 462 392 ιει
1295 333 1576 389 HOMILIA
1611 335 1679 389 ιν
1713 334 1782 390 ΙΝ
1871 337 1956 391 AS

2061 337 2412 399 MPTIONEM
2449 345 2747 404 CHRISTI.
3545 360 3656 418 682

369 463 696 521 novumque,
754 449 828 524 et]
881 449 1210 520 stupendum
1272 450 1589 522 agitatorem
1648 459 1926 523 spectate;
1993 470 2187 528 nempe
2261 469 2527 520 creaturae
2604 465 2878 535 opiﬁcem,
2959 469 3195 527 humana
3247 483 3440 531 natura
3491 479 3647 548 quasi

368 545 618 600 vehiculo
655 555 896 602 utentem
927 566 938 602 :
967 548 1058 617 qui
1096 563 1204 603 non
1237 562 1463 604 currum
1496 550 1862 620 incomposite
1895 550 1952 605 in
1992 560 2138 608 terra
2173 564 2329 626 regat
2379 577 2393 612 :
2453 560 2551 616 sed
2606 563 2701 632 qui
2752 580 2896 621 novo
2940 582 3094 624 more
3161 572 3453 642 modoque,
3509 545 3648 629 icur-

366 653 488 731 sum
521 652 618 707 per
670 640 842 696 cmlos
907 647 1105 705 tentet,
1167 641 1563 712 ccelestemqne
1607 651 1806 697 metam
1858 659 2022 715 quam
2063 647 2301 716 primum
2364 664 2638 721 occupare
2697 655 2944 726 festinet,
3000 674 3067 715 ae
3123 640 3644 731 preter-currentem

366 729 540 784 Belial
571 740 825 800 potenter
854 734 1100 788 excutiat
1165 745 1216 790 et
1247 743 1480 790 evertat.

451 829 587 882 Ἀλλ’
623 830 894 885 Ἰουδαίων
933 832 1118 896 παῖδες
1157 835 1206 886 oi
1249 832 1508 903 βάσκανοι
1553 833 1655 903 τῆς
1698 833 1958 906 ἀληθείας

2131 833 2202 886 At
2227 848 2357 889 vero
2383 833 2553 890 Judaei
2590 835 2791 891 invidia
2817 839 3077 895 obcaecati
3103 843 3385 900 veritatem
3418 850 3645 906 audien-

368 923 716 989 ἀκούσαντες,
753 925 836 978 ὅτι
878 926 906 979 6
957 925 1191 995 Χριστὸς
1234 924 1510 996 ἀνελήφθη
1553 927 1635 988 εἰς
1667 927 1952 997 οὐρανοὺς,

367 1015 695 1086 ἀμαυρῶσαι
758 1016 1072 1087 βουλόμενοι
1129 1016 1191 1069 τὸ
1257 1017 1562 1088 παράδοξον
1615 1018 1801 1090 θαῦμα
1861 1017 1956 1072 τοῦ

379 1106 558 1159 Ἡλίου
609 1108 708 1178 τῆς
743 1107 1109 1177 δικαιοσύνης,
1168 1108 1259 1161 τὸν
1321 1109 1506 1164 Ἠλίαν
1562 1111 1957 1181 παρεισάγουσι

367 1196 648 1267 λέγοντες·
702 1200 766 1252 Τί
821 1199 1032 1271 μεγάλα
1087 1200 1425 1272 κομπάζετε,
1483 1202 1824 1273 Χριστιανοὶ,
1875 1203 1958 1255 ὅτι

367 1290 640 1362 ἀνελήφθη
671 1292 699 1344 6
722 1293 976 1363 Χριστὸς,
1009 1293 1084 1356 ὼς
1110 1293 1329 1362 λέγετε;
1361 1293 1470 1346 Καὶ
1493 1293 1600 1365 γὰρ
1625 1291 1834 1358 Ἠλίας,
1867 1293 1960 1348 ἄν·

368 1384 584 1454 θρώπος
613 1382 707 1450 ὢν,
741 1383 842 1454 τῆς
877 1385 1068 1455 ὁμοίας
1101 1385 1259 1455 δόξης
1295 1385 1544 1450 ἀξιωθεὶς
1572 1384 1844 1456 ἀνελήφθη
1879 1387 1960 1450 είς

367 1474 648 1545 οὐρανούς.
693 1475 836 1545 Πρὸς
891 1475 985 1539 οὓς
1035 1476 1173 1546 μετά
1221 1475 1536 1548 παρρησίας
1589 1475 1955 1547 φθεγξόμεθα·

332 1563 342 1574 “
369 1567 469 1620 Διά
497 1567 570 1630 τί,
601 1560 646 1619 ὦ
689 1567 950 1632 Ἰουδαῖοι,
972 1569 1071 1631 τὰς
1095 1568 1309 1638 βίϐλους
1328 1568 1404 1632 ὡς
1421 1568 1614 1636 τυφλοὶ
1647 1569 1955 1636 σκυλεύετε,

367 1655 462 1708 καὶ
482 1654 550 1707 τὰ
574 1655 936 1726 γεγραμμένα
965 1658 1021 1710 ὲν
1055 1657 1248 1721 αὐταῖς
1279 1657 1417 1728 μετά
1444 1657 1729 1730 ἀκριϐείας
1755 1660 1815 1713 ού
1843 1660 1959 1730 βλέ-

368 1765 497 1802 πετε
518 1765 532 1812 ;
554 1748 654 1802 Διά
677 1748 730 1800 τί
758 1748 1183 1816 ἀναγινώσκετε,
1209 1751 1304 1804 καὶ
1329 1751 1428 1804 οὐκ
1453 1751 1842 1819 ἐπιγινώσκετε
1862 1770 1874 1818 ;
1893 1753 1958 1808 Τί

367 1840 476 1911 γάρ
513 1857 676 1909 φησιν
712 1842 745 1911 ή
777 1840 896 1894 Θεία
925 1842 1155 1912 Γραφή;
1200 1843 1309 1894 Καὶ
1352 1843 1628 1916 ἀνελήφθη
1673 1845 1856 1908 Ἠλίας
1900 1847 1956 1898 ὲν

371 1930 683 2002 συσσεισμῷ
710 1935 785 1995 ὡς
819 1934 899 1996 είς
921 1933 1011 1986 τὸν
1036 1934 1266 2004 οὐρανόν
1286 1951 1299 1964 ·
1328 1935 1388 1987 τὸ
1415 1936 1492 2001 δὲ,
1521 1938 1601 2001 ὡς
1625 1940 1710 2002 είς
1737 1937 1842 1994 τὸν
1860 1940 1960 1992 οὐ-

367 2021 575 2090 ρανὸν,
607 2022 906 2093 ἀμφίϐολον
951 2023 1064 2094 ἔχει
1120 2024 1218 2094 τὴν
1255 2025 1482 2080 ἔννοιαν·
1516 2027 1577 2080 τὸ
1602 2027 1680 2092 δὲ,
1720 2031 1807 2092 εις
1844 2029 1953 2083 τὸν

368 2113 651 2181 οίφανὸν,
679 2115 882 2184 τρανὴν
917 2115 1154 2168 δείκνυσι
1174 2115 1271 2186 τὴν
1303 2117 1578 2188 ἀλήθειαν.
1601 2120 1723 2176 Ὅτι
1754 2121 1810 2174 δὲ
1835 2119 1960 2176 οὔτε

2062 930 2144 978 tes
2190 924 2647 992 quemadmodum
2700 925 2952 982 Christus
3001 928 3057 982 in
3099 931 3267 987 coelos
3325 945 3646 1007 assumptus

2060 1016 2132 1073 sit
2159 1016 2430 1087 stupendo
2461 1015 2540 1070 illi
2589 1017 3020 1088 admirandoque
3048 1019 3189 1076 Solis
3212 1022 3438 1090 justitiae
3467 1029 3645 1082 mira-

2061 1108 2186 1162 culo
2218 1108 2473 1163 tenebras
2507 1106 2788 1164 oﬂundere
2813 1109 3072 1174 nitentes,
3102 1110 3232 1166 Eliae
3268 1116 3425 1171 nobis
3454 1133 3644 1172 exem-

2060 1202 2211 1272 plum
2270 1202 2553 1271 objiciunt.
2613 1201 2755 1267 Quid
2816 1219 2945 1268 vos,
3001 1203 3286 1274 inquiunt,
3321 1206 3640 1276 Christiani,

2061 1295 2396 1363 gloriamini,
2437 1294 2581 1363 quod
2617 1294 2872 1351 Christus
2918 1306 3235 1366 assumptus
3268 1298 3386 1354 sit?
3422 1301 3556 1356 Nam
3591 1311 3646 1358 et

2060 1389 2230 1455 Elias,
2266 1405 2391 1444 cum
2425 1390 2590 1444 homo
2627 1398 2795 1454 esset,
2825 1407 3011 1462 parem
3045 1404 3373 1450 consecutus
3405 1407 3491 1452 est
3522 1399 3642 1468 glo-

2058 1482 2222 1544 riam,
2251 1491 2306 1536 et
2337 1483 2454 1552 ipse
2483 1497 2700 1551 quoque
2754 1483 2810 1536 in
2859 1484 3058 1538 ctrlum
3100 1495 3353 1556 receptus
3381 1496 3482 1543 est.
3513 1488 3647 1554 Qui-

2059 1575 2163 1630 bus
2186 1589 2287 1628 nos
2312 1573 2581 1641 ejusmodi
2622 1573 2872 1629 oratione
2905 1576 3168 1631 audacter
3201 1578 3415 1632 obviam
3452 1579 3595 1634 imus
3624 1599 3638 1634 :

2058 1663 2190 1729 Cur,
2227 1667 2353 1720 eieci
2385 1663 2579 1728 Judaei,
2625 1679 2814 1722 sacros
2853 1667 3024 1724 libros
3072 1669 3412 1738 praedamini,
3439 1681 3493 1726 et
3523 1689 3646 1742 quae

2058 1758 2114 1812 in
2151 1759 2258 1814 illis
2287 1766 2514 1813 exarata
2553 1764 2704 1821 sunt,
2736 1768 2995 1814 accurate
3027 1777 3136 1814 non
3174 1764 3509 1832 expenditis?
3533 1763 3644 1819 Cur

2058 1850 2240 1920 legitis
2283 1858 2364 1905 et‘
2389 1867 2500 1905 non
2549 1850 2887 1921 intelligitis?
2930 1853 3160 1920 Ecquid,
3201 1869 3411 1922 quaeso,
3459 1855 3641 1910 divina

2061 1941 2346 2013 Scriptura
2394 1944 2464 1999 de
2517 1943 2633 1998 Elia
2672 1944 2952 2014 prodidit?
2995 1944 3244 2014 nunquid
3297 1954 3642 2017 assumptum

2059 2051 2183 2092 esse
2216 2037 2269 2090 in
2301 2037 2502 2106 cmlnm
2535 2036 2559 2089 *ί
2590 2050 2934 2106 nequaquam
2961 2036 3223 2104 ;prodidit
3253 2046 3467 2103 autem,
3521 2054 3641 2093 eum

2062 2126 2207 2182 aeris
2245 2125 2384 2179 facta
2418 2133 2564 2180 esset
2593 2125 2911 2186 commotio,
2943 2133 3282 2194 assumptum
3328 2141 3450 2181 esse
3484 2127 3640 2195 quasi

381 2202 585 2266 Ἠλίας,
609 2201 732 2255 οὔτε
761 2202 949 2274 ἕτερός
987 2223 1068 2267 τις
1104 2206 1272 2276 ἀνέϐη
1306 2209 1394 2271 εὶς
1431 2208 1538 2261 τὸν
1583 2209 1868 2276 οὐρανὸν,
1904 2210 1952 2262 εἰ

2061 2218 2113 2272 in
2147 2218 2346 2272 malum
2378 2220 2416 2269 ⁸.
2446 2217 2611 2286 Atqui
2638 2217 2804 2271 verba
2851 2216 2979 2280 ista,
3010 2217 3166 2285 quasi
3195 2218 3246 2269 in
3276 2217 3478 2281 mlum,
3521 2233 3640 2270 am-

373 2294 447 2364 μὴ
490 2295 648 2364 μόνος
688 2297 715 2347 6
744 2297 808 2358 ὲκ
833 2296 927 2348 τοῦ
959 2297 1187 2366 ούρανοῦ
1224 2299 1472 2361 καταϐὰς
1495 2300 1522 2350 6
1551 2299 1842 2372 μονογενής
1860 2300 1955 2354 τοῦ

369 2385 502 2438 Θεοῦ
537 2385 684 2448 Υἱὸς,
725 2386 887 2450 αὐτὸς
931 2389 1059 2458 περὶ
1103 2389 1298 2444 ἑαυτοῦ
1341 2391 1549 2456 πάντας
1594 2391 1956 2463 πληροφορῶν

369 2475 532 2543 λέγει·
563 2477 770 2544 Οὐδεὶς
803 2479 1168 2547 ἀναϐέϐηκεν
1187 2483 1274 2546 εὶς
1298 2482 1402 2535 τὸν
1429 2484 1711 2551 οὐρανὸν,
1739 2487 1790 2536 ει
1810 2483 1893 2553 μὴ
1925 2487 1957 2538 ό

371 2569 439 2621 ἐκ
469 2569 574 2622 τοῦ
609 2571 869 2636 οὐρανοῦ
899 2573 1180 2638 καταϐὰς,
1220 2575 1253 2626 ὁ
1299 2574 1430 2640 Υἱὸς
1468 2574 1574 2628 τοῦ
1617 2573 1955 2642 ἀνθρώπου,

374 2663 405 2712 0'
434 2658 517 2712 ὢν·
541 2661 610 2712 ἐν
632 2661 712 2726 τῷ
743 2663 976 2730 οὐρανῷ
996 2680 1007 2692 ·
1040 2666 1067 2717 ὁ
1107 2666 1312 2736 ποιμὴν
1339 2667 1366 2718 6
1397 2665 1581 2729 καλὸς,
1615 2668 1642 2719 6
1667 2667 1736 2720 τὰ
1771 2669 1956 2738 ἐνενή-

373 2769 537 2806 κοντα
578 2754 732 2806 ἐννέα
778 2755 888 2830 τῶν
923 2757 1168 2826 ἀγγέλων
1219 2756 1469 2827 πρόϐατα
1508 2758 1826 2812 καταλιπὼν
1869 2759 1960 2812 ἐπὶ

373 2843 441 2897 τά
480 2845 707 2916 οὐράνια
733 2845 858 2917 ὅρη,
898 2848 992 2900 καὶ
1020 2849 1081 2901 τὸ
1109 2849 1524 2920 πεπλανημένον
1563 2850 1834 2922 πρόϐατον
1865 2851 1958 2902 εὑο

376 2935 580 3008 ρηκὼς,
614 2939 708 2992 καὶ
739 2937 910 3009 ὤμοις
953 2939 1364 3012 φιλανθρωπίας
1397 2940 1702 3011 βαστάζων,
1746 2941 1840 2994 καὶ
1881 2942 1958 3004 εἰς

374 3028 465 3083 τὸν
507 3030 760 3099 οὐράνιον
792 3031 989 3102 λιμένα
1022 3031 1352 3100 ἀνενεγκὼν,
1392 3031 1470 3102 τῷ
1524 3032 1638 3102 ἰδίῳ
1674 3030 1960 3104 Γεννήτορι

374 3121 702 3193 δωροφορῶν
740 3123 1066 3196 φθέγγεται·
1104 3117 1299 3193 Εὗρον,
1343 3125 1546 3196 Πάτερ,
1581 3126 1643 3176 τὸ
1687 3124 1959 3194 πρόϐατον

375 3211 437 3264 τὸ
487 3212 857 3285 πλανώμενον,
907 3215 1044 3286 ὅπερ
1079 3216 1108 3267 6
1153 3214 1407 3270 ἀπατεὼν
1449 3215 1572 3285 ὄφις
1615 3215 1960 3285 δολοτρόποις

376 3310 744 3381 τεχνάσμασιν
787 3310 1058 3383 ήπάτησε,
1111 3311 1206 3364 καὶ
1243 3311 1442 3376 κακίας
1493 3311 1644 3374 ὁδοὺς
1692 3309 1958 3377 ὑπέδειξε,

378 3399 538 3470 πηλῷ
567 3401 625 3454 δὲ
657 3400 756 3472 τῆς
785 3395 1078 3464 πολυθεῒας
1110 3399 1208 3473 τήν
1238 3401 1586 3472 καθαρότητα
1610 3400 1707 3470 τῆς
1729 3399 1961 3468 θεογνω-

378 3489 499 3554 σίας
527 3491 775 3563 ὲμόλυνε.

2059 2304 2275 2374 biguam
2335 2304 2790 2374 signiﬁcationem
2826 2305 3146 2372 continent;
3193 2306 3306 2360 haec
3346 2314 3550 2370 autem,
3584 2308 3640 2359 in

2057 2397 2266 2461 caelum,
2299 2398 2586 2452 veritatem
2617 2397 2996 2467 planissimam
3024 2406 3322 2466 exponunt.
3355 2397 3510 2463 Quod
3541 2414 3637 2450 au-

2060 2501 2166 2545 tem
2194 2505 2372 2560 neque
2400 2490 2566 2554 Elias,
2591 2506 2770 2560 neque
2796 2491 2945 2545 ullus
2976 2491 3115 2545 alius
3142 2491 3194 2543 in
3228 2489 3414 2543 caelum
3449 2506 3644 2545 ascen-

2058 2583 2220 2646 derit,
2282 2583 2376 2636 sed
2427 2583 2473 2637 is
2531 2589 2766 2647 tantum,
2798 2583 2890 2651 qui
2946 2581 3013 2636 de
3065 2584 3203 2634 coelo
3255 2581 3635 2643 descenderat,

2060 2691 2250 2744 nempe
2285 2677 2600 2745 unigenitus
2643 2674 2738 2728 Dei
2767 2673 2938 2728 Filius
2965 2714 2978 2737 ,
3013 2673 3117 2726 hoc
3164 2673 3281 2742 ipse
3323 2672 3391 2726 de
3454 2673 3641 2741 seipso

2061 2763 2366 2832 perspicuis
2395 2765 2575 2818 verbis
2607 2771 2864 2816 testatum
2893 2761 3021 2815 facit
3050 2779 3063 2814 :
3098 2760 3292 2824 Nemo,
3329 2762 3422 2824 ait,
3452 2778 3640 2815 ascen-

2059 2853 2137 2908 dit
2174 2853 2227 2906 in
2267 2856 2476 2918 caelum,
2503 2853 2608 2906 nisi
2634 2852 2722 2922 qui
2752 2852 3019 2906 descendit
3046 2851 3108 2906 de
3141 2852 3289 2916 caelo,
3328 2851 3503 2904 Filius
3543 2852 3639 2907 Iw-

2061 2943 2240 3005 minis,
2274 2944 2362 3012 qui
2391 2952 2467 2996 est
2499 2943 2552 2996 in
2584 2943 2710 2996 coelo
2742 2944 2783 2995 ³.
2815 2941 3082 2994 Nimirum
3109 2949 3297 3011 pastor
3324 2941 3414 2995 ille
3438 2941 3642 3010 bonus,

2062 3035 2155 3104 qui
2192 3035 2492 3105 nonaginta
2523 3051 2718 3089 novem
2749 3035 2945 3089 ovibus
2974 3033 3016 3100 ³,
3048 3034 3150 3087 hoc
3179 3041 3283 3097 est,
3315 3033 3545 3100 angelis,
3582 3033 3636 3087 in

2063 3123 2342 3180 montibus
2401 3124 2726 3179 cmlcstibus
2786 3123 3015 3188 relictis,
3067 3123 3435 3178 errabundam
3485 3137 3639 3177 ovem

2063 3214 2338 3285 quaesivit,
2388 3216 2775 3286 inventamque
2841 3224 3006 3286 atque
3051 3198 3298 3269 humeris
3347 3215 3642 3270 clementer

2065 3307 2398 3377 impositam,
2461 3309 2528 3363 ad
2581 3309 2857 3364 caelestem
2905 3317 3122 3378 portum
3174 3307 3419 3370 adduxit,
3470 3306 3638 3360 addu-

2064 3406 2209 3454 ctam
2241 3405 2424 3452 autem
2452 3397 2662 3454 caelesti
2700 3399 2841 3453 Patri
2873 3398 3119 3452 muneris
3150 3398 3272 3451 loco
3301 3397 3522 3463 obtulit,
3557 3397 3638 3450 di-

2065 3505 2236 3546 cens:
2270 3489 2454 3556 Pater,
2491 3489 2676 3546 inveni
2715 3489 3082 3545 errabundam
3114 3504 3290 3555 ovem,
3321 3505 3484 3560 quam
3521 3503 3641 3545 ser-

377 3601 510 3656 pens
543 3587 918 3659 impostorquc
946 3586 1198 3641 diabolus
1229 3587 1423 3642 callide
1472 3586 1956 3657 fraudulentcrque
2003 3585 2435 3645 circumventam
2493 3585 2548 3639 in
2604 3600 2847 3640 errorem
2902 3592 3262 3656 pet-traxerat,
3313 3599 3640 3655 omnemque

377 3679 519 3733 viam
550 3678 914 3748 improbitatis
947 3680 1260 3744 edocuerat,
1291 3693 1354 3732 ac
1387 3678 1586 3733 divina:
1624 3679 1958 3749 cognitionis
1998 3676 2290 3747 puritatem
2342 3673 2668 3730 idololatriae
2699 3689 2852 3730 emno
2894 3674 3037 3731 finde
3086 3677 3571 3730 contaminaverat.

446 3771 789 3842 Θεασάμενος
835 3768 928 3825 οὖν
978 3771 1109 3824 αὐτὸ
1163 3771 1222 3823 ὲν
1275 3769 1353 3840 τῷ
1402 3769 1649 3841 βορϐόρῳ
1697 3771 1792 3824 τοῦ
1846 3771 1958 3840 βίου

2133 3766 2270 3824 Cum
2305 3767 2489 3836 itaque
2519 3767 2780 3834 improbae
2812 3770 2934 3821 vitae
2977 3767 3092 3822 luto
3123 3783 3350 3837 prorsus
3390 3766 3640 3823 obrutam

377 3864 722 3934 πνιγόμενον,
790 3866 856 3934 τῇ
920 3864 1020 3934 τῆς
1079 3861 1330 3931 θεότητός
1395 3879 1497 3932 μου
1545 3862 1696 3932 δεξιᾷ
1750 3861 1960 3931 ταχέως

379 3954 701 4024 ἀνήρπασα·
756 3954 848 4008 καὶ
892 3957 1005 4016 τοῖς
1036 3953 1144 4006 τῶν
1191 3952 1494 4022 οἰκτιρμῶν
1544 3942 1871 4021 σπλάγχνοις
1904 3953 1961 4004 ὲν

381 4045 492 4104 τοῖς
530 4041 623 4099 τοῦ
665 4042 931 4112 Ἰορδάνου
963 4041 1228 4111 ῥεύμασιν
1257 4039 1566 4104 ἀπέπλυνα,
1602 4041 1695 4092 καὶ
1727 4038 1962 4109 μυρίσας

379 4135 447 4204 τῇ
483 4133 680 4204 εὐωδίᾳ
723 4132 816 4186 τοῦ
845 4131 999 4199 ἁγίου
1044 4149 1146 4202 μου
1184 4131 1525 4201 Πνεύματος,
1561 4131 1648 4184 διὰ
1687 4129 1787 4200 τῆς
1826 4131 1962 4183 ἀνα·

382 4225 624 4287 στάσεως
675 4223 770 4277 νῦν
812 4222 1186 4295 παραγέγονα,
1232 4221 1381 4286 ἄξιον
1420 4221 1518 4290 τῆς
1560 4221 1662 4291 σῆς
1713 4220 1964 4289 θεότητος

382 4315 767 4388 προσκομίζων
803 4332 886 4368 σοι
917 4313 1110 4380 ξένιον,
1141 4313 1201 4366 τὸ
1226 4312 1442 4381 λογικὸν
1471 4313 1761 4383 πρόϐατον.
1796 4311 1965 4382 Σήμε-

384 4413 534 4484 ρον,ό
563 4410 806 4472 διάϐολος
841 4410 941 4481 τήν
975 4408 1186 4462 οἰκείαν
1209 4403 1379 4478 ἧτταν
1415 4405 1684 4476 ὀδύρεται,
1725 4403 1865 4474 ὀρῶν
1903 4402 1963 4460 τὸ

383 4503 650 4574 ἡμέτερον
681 4502 842 4572 σῶμα
863 4503 942 4564 είς
968 4501 1026 4552 οὐ
1037 4492 1586 4569 ρανοὺς’ἀναγόμενον
1606 4513 1618 4526 ·
1659 4497 1898 4567 σήμερον
1929 4496 1960 4568 ἡ

384 4595 626 4666 ἁμαρτία
659 4595 746 4647 διὰ
784 4594 883 4664 τῆς
921 4591 1239 4664 ἀναλήψεως
1265 4589 1361 4644 τοῦ
1389 4589 1628 4661 Χριστοῦ
1672 4588 1848 4660 Ἰησοῦ
1887 4589 1962 4652 ὼς

384 4687 589 4749 καπνὸς
623 4685 969 4740 διαλέλυται·
1019 4687 1258 4757 σήμερον
1295 4686 1324 4738 6
1359 4683 1604 4746 διάϐολος
1645 4682 1833 4755 θρηνεῖ
1873 4681 1962 4734 λέ-

382 4795 515 4846 γων,
548 4778 613 4830 Τί
651 4778 884 4850 ποιήσω,
918 4777 946 4828 6
974 4775 1190 4839 ἄθλιος;
1229 4773 1448 4840 Πάντας
1481 4773 1606 4838 τοὺς
1649 4772 1743 4826 ἀπ’
1767 4771 1964 4835 αἰῶνος

387 4870 460 4932 ως
493 4867 644 4939 ἱέραξ
672 4867 939 4939 ὁξυπετὴς
970 4867 1221 4938 ἁρπάξας
1263 4868 1393 4939 παρ’
1451 4865 1608 4937 ἐμοῦ,
1656 4863 1863 4938 ἔρημόν
1891 4882 1961 4930 με

381 4959 705 5031 κατέστησε,
764 4960 859 5013 καὶ
917 4958 1252 5030 πανταχόθεν
1301 4975 1368 5030 με
1411 4957 1831 5026 πτεροκοπήσας
1879 4955 1961 5018 είς

379 5053 482 5122 γῆν
518 5051 873 5123 κατέῤῥαξεν.
922 5051 1199 5121 Ἠπάτησέ
1239 5067 1306 5121 με
1359 5052 1387 5103 6
1433 5049 1531 5118 τῆς
1578 5047 1793 5118 Μαρίας
1825 5046 1957 5110 υἱός.

2058 3858 2345 3922 vidissem,
2373 3858 2677 3912 divinitatis
2710 3874 2843 3914 meae
2883 3858 3103 3913 dextera
3139 3867 3412 3929 porrecta,
3453 3861 3634 3915 celeri-

2061 3959 2142 4006 ter
2161 3963 2278 4006 ealn
2295 3948 2467 4010 erexi,
2491 3950 3143 4019 commiserationumque
3158 3965 3402 4005 mearum
3426 3950 3641 4005 viscera

2061 4039 2168 4094 late
2201 4038 2534 4102 ditl‘undcns,
2565 4041 2619 4094 in
2651 4039 2908 4094 Jordanis
2936 4039 3160 4094 ﬂumine
3183 4040 3330 4095 ablui
3360 4058 3374 4094 :
3400 4041 3641 4095 ablutam

2063 4130 2283 4182 tandem
2326 4130 2668 4185 suaveolenti
2700 4129 2937 4200 Spiritus
2983 4130 3158 4185 sancti
3204 4140 3483 4200 unguento
3520 4146 3641 4199 per-

2066 4221 2218 4276 unxi.
2253 4222 2318 4275 Et
2345 4238 2491 4277 nunc
2531 4238 2628 4291 per
2670 4223 3128 4278 resurrectionem
3163 4222 3228 4276 ad
3263 4230 3317 4276 te
3345 4223 3491 4285 veni,
3527 4237 3651 4277 mu-

2061 4313 2354 4372 nusculum
2387 4313 2675 4369 divinitate
2715 4325 2804 4369 tua
2837 4314 2978 4370 haud
3013 4313 3297 4382 indignum
3330 4313 3640 4377 oblaturus,

2061 4420 2218 4460 ovem
2247 4404 2501 4460 videlicet
2550 4413 2732 4461 mente
2765 4415 2822 4460 et
2873 4406 3087 4460 ratione
3129 4405 3436 4474 praeditam.
3472 4403 3642 4460 Hodie

2061 4499 2313 4554 diabolus
2336 4514 2536 4567 corpus
2567 4507 2819 4555 nostrum
2846 4499 2899 4552 in
2929 4499 3128 4553 coelum
3162 4497 3504 4554 sublevatum
3533 4511 3647 4550 cer-

2061 4604 2220 4653 nens,
2254 4587 2619 4648 calamitatem
2657 4603 2814 4646 suam
2848 4588 3132 4658 deplorat;
3169 4587 3330 4641 hodie
3359 4595 3642 4656 peccatum

2062 4690 2290 4751 propter
2317 4679 2507 4740 Jesum
2537 4688 2903 4750 assumptum,
2936 4679 3102 4734 veluti
3137 4679 3318 4733 ἠιιιιιιε
3349 4678 3593 4748 diSparet
3620 4697 3634 4742 ;

2062 4770 2225 4827 hodie
2244 4771 2496 4830 diabolus
2515 4772 2707 4842 lugens
2757 4772 3087 4840 ploransque
3111 4768 3380 4838 ejusmodi
3407 4770 3641 4828 iueniam

2061 4861 2212 4918 edit:
2247 4859 2389 4926 Quid
2425 4861 2648 4926 faciam,
2692 4860 2922 4919 infelix?
2955 4859 3179 4922 Omnes,
3211 4873 3352 4929 quos
3378 4873 3406 4911 a
3439 4860 3640 4913 saeculo

2061 4953 2278 5008 vinctos
2307 4951 2639 5018 detinebam,
2668 4952 2824 5025 lapsu
2857 4951 3262 5016 incitatissimo,
3295 4951 3470 5005 instar
3497 4952 3642 5004 acci-

2065 5044 2248 5114 pitris,
2281 5045 2563 5109 advolans,
2593 5044 2726 5102 mihi
2759 5042 3086 5113 intercepit;
3121 5057 3315 5110 meque
3337 5041 3637 5108 desertum,

383 5145 496 5199 Οὐκ
525 5144 688 5215 ᾔδειν,
714 5145 798 5197 ὅτι
822 5141 951 5204 Θεὸς
970 5145 1025 5194 ὲν
1050 5141 1374 5212 ἀνθρωπίνῳ
1398 5139 1698 5210 κρύπτεται
1723 5137 1954 5209 σώματι.

2063 5134 2320 5207 omnique
2363 5149 2432 5193 ex
2469 5141 2623 5204 parte
2653 5134 2754 5192 alis
2791 5141 3012 5190 exutum
3045 5131 3102 5185 in
3135 5138 3337 5186 terram
3378 5129 3640 5185 deturba—

385 5236 652 5289 Ἔϐλεπον
682 5234 843 5292 αὑτὸν
871 5233 1028 5304 σῶμα
1063 5232 1398 5304 ἀνθρώπινον
1423 5232 1826 5303 περικείμενον,
1864 5229 1958 5283 καὶ

384 5319 666 5397 ἄνθρωπον
714 5322 876 5380 αὑτὸν
939 5321 1164 5392 νομίσας
1213 5321 1390 5391 ψιλὸν,
1439 5322 1556 5375 κατ’
1615 5319 1782 5373 αὐτοῦ
1829 5319 1957 5380 τοὺς

395 5416 681 5479 Ἰουδαίους
704 5414 958 5483 ὲκίνησα·
983 5413 1076 5466 καὶ
1111 5412 1254 5483 ἅπερ
1287 5411 1353 5464 δι’
1394 5409 1588 5464 ἑαυτοῦ
1616 5410 1690 5481 μὴ
1713 5409 1955 5479 ἐτόλμων

384 5503 802 5575 διαπράξασθαι,
837 5501 1009 5562 ταῦτα
1048 5501 1136 5556 διὰ
1175 5499 1446 5557 Ἰουδαίων
1490 5501 1788 5577 ὲνήργησα.
1832 5501 1954 5556 Μυ-

460 5654 562 5711 ειν
593 5653 724 5727 Reg.
759 5671 818 5722 ιι,
858 5655 939 5711 il.

1020 5653 1214 5711 'Joan.
1242 5671 1326 5724 ιιι,
1361 5654 1444 5708 l3.
1524 5651 1700 5708 'Luc.
1740 5668 1828 5720 xv,
1865 5655 1896 5708 4
1930 5669 2051 5724 sqq.

2063 5227 2160 5284 vit.
2213 5225 2436 5296 Decepit
2474 5241 2562 5282 me
2594 5225 2776 5283 Mariae
2822 5224 2989 5281 titius.
3023 5222 3342 5294 ignorabam
3385 5221 3641 5292 equidem

2062 5318 2230 5375 Deum
2265 5319 2321 5376 in
2371 5319 2611 5376 humano
2645 5333 2876 5388 corpore
2922 5316 3166 5374 abditum
3206 5316 3395 5374 latere.
3434 5314 3641 5370 Cerne-

2062 5409 2186 5466 bam
2217 5409 2370 5466 illum
2416 5409 2635 5469 mortali
2659 5423 2895 5480 corpore
2924 5407 3174 5465 indutum
3201 5424 3219 5474 ;
3253 5411 3512 5473 ratusque
3539 5401 3641 5457 ho-

2062 5501 2265 5560 minem
2305 5508 2522 5564 tantum
2565 5517 2690 5560 esse
2743 5508 2800 5558 et
2845 5498 2996 5562 aliud
3042 5498 3201 5566 nihil,
3230 5495 3450 5552 ludatis
3485 5489 3638 5564 Hegio
