3978 6220
313 401 414 458 (.85

1595 375 1797 433 DUBIA
1835 375 1978 436 AUT
2016 379 2289 438 SPURIA.

3463 370 3570 428 £8".

311 519 453 574 tiose
467 517 739 590 adversus
768 515 916 570 illum
941 510 1243 578 concitavi;
1266 519 1320 568 et
1335 524 1457 583 quae
1475 524 1572 581 per
1613 510 1882 580 meipsum

2006 506 2113 571 >ίας
2165 504 2532 575 συκοφαντίας
2582 502 2844 574 ἐφεῦρον·
2895 500 3004 553 πᾶν
3047 491 3186 562 εἶδος
3237 495 3448 568 ῦὸρεως
3494 497 3577 561 εἰς

312 617 526 661 tentare
554 623 662 662 non
713 603 1001 667 audebam,
1033 616 1098 656 ea
1140 616 1237 671 per
1281 600 1404 656 illos
1437 598 1648 655 confeci
1682 617 1696 654 :
1728 599 1890 653 innu-

1991 599 2152 652 αὐτὸν
2209 597 2510 668 ἐπενόησα’
2568 594 2800 664 καλάμῳ
2833 592 2925 644 καὶ
2969 590 3193 659 σπόγγῳ
3244 588 3406 642 αὑτὸν
3449 587 3576 640 ἐπό-

314 713 497 754 meras
554 695 859 751 calumnias
904 702 959 748 et
988 693 1376 764 sycophantias
1424 690 1700 753 adinveni,
1729 703 1892 744 omne

2006 706 2148 744 ιισα·
2194 688 2457 752 ἀκάνθαις
2506 687 2604 760 τὴν
2659 685 2904 756 κεφαλὴν
2963 681 3127 736 αὑτοῦ
3185 683 3569 750 ἐστεφάνωσα-

318 787 780 842 contumeliarum
815 799 988 854 genus
1011 791 1204 838 contra
1236 781 1385 835 illum
1413 779 1743 850 excogitavi;
1771 792 1894 833 ace-

315 889 428 931 tum
460 892 555 949 per
585 874 906 930 arundinem
954 883 1008 930 et
1030 872 1314 944 spongiam
1345 871 1420 925 illi
1451 871 1752 942 propinavi,
1781 869 1890 940 Spi-

313 969 398 1022 nis
435 974 597 1036 caput
627 965 775 1021 illius
819 964 1123 1030 coronavi;
1163 963 1336 1033 alapis
1367 962 1617 1017 eumdem
1653 963 1894 1016 dehone-

313 1057 476 1120 Stavi,
511 1057 682 1112 clavis
711 1056 866 1110 cruci
907 1054 1080 1121 ailixi;
1115 1053 1278 1108 morti
1310 1052 1544 1122 denique
1566 1052 1798 1121 subjeci,
1839 1058 1895 1106 et

315 1156 579 1217 tanquam
611 1148 839 1202 victoria
871 1147 1099 1218 potitus,
1145 1160 1251 1199 una
1285 1160 1408 1199 cum
1453 1143 1656 1199 Judaeis
1697 1144 1893 1198 festum

315 1237 460 1291 diem
494 1238 719 1308 agebam
751 1256 763 1290 :
789 1245 844 1289 at
868 1251 998 1290 vero
1025 1235 1214 1290 videns
1241 1235 1390 1289 illum
1417 1236 1576 1290 tertia
1599 1235 1706 1298 die,
1735 1241 1898 1304 prout

321 1330 675 1398 prmdixerat,
712 1345 741 1382 a
780 1330 1012 1385 mortuis
1038 1329 1426 1395 resurrexissc,
1459 1337 1702 1398 repente,
1734 1326 1898 1382 veluti

317 1431 478 1474 acuta
511 1419 738 1490 cuspide
771 1421 1010 1490 undique
1038 1421 1318 1491 trajectus,
1347 1420 1400 1474 in
1432 1428 1632 1475 terram
1657 1420 1894 1486 concidi,

320 1529 517 1567 rursus
551 1527 704 1583 aeque
765 1527 888 1567 eum
937 1521 1103 1582 atque
1152 1520 1277 1567 ante
1317 1513 1602 1568 comedere
1635 1522 1688 1568 et
1715 1513 1901 1569 bibere

319 1620 573 1672 cernens,
608 1605 769 1659 aliam
795 1605 976 1661 denuo
1009 1621 1233 1662 crucem
1264 1606 1344 1659 illi
1387 1605 1751 1660 destinabant.
1783 1604 1901 1660 Cae-

319 1711 495 1756 terum
525 1702 652 1755 dum
687 1702 803 1756 haec
832 1701 1094 1757 adversus
1127 1701 1278 1756 illum
1303 1699 1714 1763 comminiscor,
1745 1698 1902 1755 video

319 1793 471 1846 illum
526 1807 637 1846 non
679 1793 887 1863 absque
937 1792 1146 1862 ingenti
1191 1791 1363 1861 gloria
1410 1797 1464 1846 et
1527 1790 1812 1860 majestate
1844 1790 1900 1844 in

1995 779 2332 851 ῥαπίσμασιν
2358 779 2521 832 αὑτὸν
2571 777 2848 848 ἡτίμωσα,
2891 772 3110 845 σταυρῷ
3135 771 3222 825 διὰ
3243 771 3389 842 ἥλων
3419 786 3583 842 προσ-

1996 872 2182 943 ήλωσα
2205 889 2218 902 ·
2255 871 2469 940 θανάτῳ
2507 869 2659 931 τέλος
2693 863 3000 930 ὑποϐαλὼν,
3031 864 3106 927 ὼς
3139 863 3391 932 νικήσας,
3440 860 3582 930 μετά

2007 962 2274 1017 Ἰουδαίων
2325 959 2602 1034 ἐὸρταζον.
2657 959 3004 1028 Θεασάμενος
3055 954 3111 1007 δὲ
3163 954 3323 1007 αὐτὸν
3375 953 3456 1005 ὅτι
3514 954 3578 1022 τῇ

1995 1056 2155 1128 τρίτῃ
2191 1055 2378 1126 ἡμέρᾳ
2405 1055 2737 1125 ἐγήγερται,
2771 1049 2956 1113 καθὼς
2999 1050 3282 1118 προεῖπον,
3325 1045 3400 1108 ὡς
3428 1044 3582 1113 ξίφος

1997 1149 2139 1203 κατά
2158 1147 2386 1219 καρδίας
2404 1145 2616 1216 ἀθρόως
2638 1143 2932 1213 δεξάμενος
2955 1139 3282 1194 κατέπεσον
3310 1136 3587 1205 θεασάμε-

1998 1259 2087 1305 νος
2109 1241 2166 1294 δέ
2196 1239 2357 1294 αὑτὸν
2389 1239 2470 1291 ὅτι
2503 1235 2671 1289 ἐσθίει
2700 1234 2795 1288 καὶ
2821 1233 2988 1298 πίνει,
3019 1231 3184 1284 πάλιν
3209 1229 3398 1300 ἕτερον
3417 1244 3583 1279 σταυ-

2002 1333 2095 1406 ρὸν
2155 1329 2576 1392 κατεσκεύαζον.
2637 1326 2777 1380 Ἀλλ’
2839 1326 2914 1388 ὼς
2974 1323 3147 1378 ταῦτα
3206 1318 3586 1390 ἐνεθυμούμην

2001 1423 2138 1495 πρὸς
2195 1420 2403 1485 ἐαυτὸν,
2452 1417 2561 1490 ὁρῶ
2607 1417 2768 1469 αὐτὸν
2827 1413 2965 1486 μετά
3013 1412 3172 1482 δόξης
3231 1412 3311 1473 εἰς
3355 1409 3585 1480 οὐρανὸν

2001 1512 2384 1582 ἀνερχόμενον,
2413 1507 2534 1561 ὅθεν
2575 1503 2684 1574 ἐγὼ
2715 1504 2832 1574 μετ’
2877 1501 3140 1572 αἰσχύνης
3183 1498 3460 1564 ἐξέπεσον.
3491 1495 3584 1549 Διὸ

2003 1605 2096 1660 καὶ
2126 1601 2432 1673 Ψαλμῳδὸς
2463 1603 2528 1654 ἐκ
2562 1595 2772 1650 πολλῶν
2818 1595 2926 1648 τῶν
2955 1593 3164 1666 χρόνων
3199 1590 3330 1644 ἐϐόα
3373 1589 3547 1657 λέγων
3567 1604 3582 1620 ⁸

2001 1693 2208 1750 Πάντα
2245 1692 2316 1746 τὰ
2358 1690 2528 1757 ἔθνη,
2578 1685 2915 1757 κροτήσατε
2957 1683 3158 1753 χεῖρας
3181 1699 3194 1713 ο
3240 1679 3590 1744 ἀλαλάξατε

2003 1787 2084 1854 τῷ
2122 1785 2243 1851 Θεῷ
2281 1786 2350 1838 ἐν
2385 1781 2556 1854 φωνῇ
2597 1777 3037 1852 ἀγαλλιάσεως,
3073 1775 3161 1828 ὅτι
3202 1774 3418 1842 Κύριος
3449 1772 3588 1840 ὕψι-

318 1884 538 1949 coelum,
571 1885 717 1940 unde
749 1862 851 1954 ego
897 1899 1020 1939 cum
1060 1897 1260 1954 magno
1291 1883 1493 1952 probro
1548 1891 1601 1937 et
1629 1882 1898 1938 dedecore

2006 1895 2168 1945 στος,
2211 1875 2516 1942 βασιλεὺς
2555 1871 2829 1942 φοϐερὸς,
2863 1867 3052 1938 μέγας
3081 1865 3180 1919 ἐπὶ
3222 1862 3432 1919 πᾶσαν
3473 1863 3591 1954 τὴν

316 1975 650 2040 excideram,
709 1976 1017 2030 subvolare.
1064 1974 1184 2041 Quo
1225 1973 1510 2044 psalmista
1563 1972 1731 2028 David
1773 1987 1898 2042 spe-

325 2070 484 2137 ctans
517 2065 841 2134 jamdudum
867 2067 940 2119 ita
972 2065 1284 2120 clamabat:
1318 2064 1512 2121 Omnes
1534 2072 1730 2135 gentes,
1753 2063 1903 2132 plau-

323 2155 432 2208 dite
465 2156 710 2210 manibus
749 2158 788 2209 '.
821 2156 1105 2211 Exsultate
1129 2155 1238 2210 Deo
1281 2157 1337 2210 in
1361 2171 1478 2210 voce
1492 2154 1897 2220 exsultationis,

317 2249 567 2314 quoniam
597 2247 740 2302 Deus
769 2247 1028 2311 excelsus,
1061 2247 1313 2302 terribilis
1341 2255 1389 2301 et
1445 2262 1537 2300 rex
1565 2262 1787 2317 magnus
1810 2261 1902 2300 su-

319 2351 410 2405 per
445 2357 649 2394 onmem
681 2349 896 2394 terram.
933 2338 998 2396 Et
1044 2338 1234 2409 paucis
1269 2337 1573 2405 interjectis
1605 2357 1618 2391 :
1654 2335 1901 2392 Ascendit

2001 1970 2153 2042 τῆν’
2211 1967 2306 2021 καὶ
2352 1964 2544 2018 πάλινο
2614 1961 2813 2028 Ἀνέϐη
2858 1963 2890 2014 ό
2935 1959 3082 2024 Θεὸς
3129 1957 3200 2010 ἐν
3241 1953 3586 2024 ἀλαλαγμῷ,

2005 2063 2222 2130 Κύριος
2267 2059 2338 2112 ἐν
2385 2053 2556 2126 φωνῇ
2603 2053 2956 2121 σάλπιγγος.
3003 2049 3154 2104 Θέλω
3201 2048 3364 2101 αὐτὸν
3418 2063 3590 2099 κατα-

2006 2153 2215 2219 διιῖιξαι,
2271 2147 2368 2204 καὶ
2423 2148 2500 2212 ὡς
2551 2144 2801 2217 μόλιϐδος
2853 2143 3004 2197 κάτω
3075 2141 3346 2212 φέρομαι·
3408 2137 3592 2209 βούλο-

2012 2261 2107 2315 μαι
2166 2239 2330 2295 αὑτὸν
2393 2237 2702 2310 κρατῆσαι,
2771 2232 2864 2287 καὶ
2933 2231 3182 2303 ἀοράτως
3231 2226 3592 2298 ἐξαγκωνίζο-

2012 2353 2130 2406 μαι.

321 2428 465 2484 Deus
497 2432 552 2483 in
579 2431 793 2501 jubilo;
828 2429 1084 2484 Dominus
1116 2430 1169 2484 in
1206 2445 1326 2485 voce
1355 2429 1495 2483 tubae
1517 2429 1558 2481 ¹.
1611 2427 1749 2483 Volo
1789 2444 1931 2498 pone
1970 2427 2125 2483 illum
2193 2425 2445 2496 insequi;
2506 2431 2561 2479 et
2616 2436 2746 2478 ecce
2795 2419 2958 2475 veluti
3006 2418 3285 2490 plumbum
3334 2418 3589 2473 deorsum

319 2519 599 2576 detrahor.
637 2521 774 2576 Volo
805 2521 958 2574 illum
989 2521 1258 2584 detinere,
1291 2527 1345 2575 et
1377 2535 1505 2576 ecce
1544 2520 1618 2584 vi,
1645 2535 1770 2590 quae
1797 2520 1900 2574 sub
1932 2531 2210 2590 aspectum
2237 2533 2348 2573 non
2389 2517 2557 2583 cadit,
2593 2514 2916 2586 praepedior.

395 2613 537 2679 Quid
571 2611 765 2667 faciam
800 2612 1000 2667 miser?
1029 2610 1106 2664 Ex
1138 2611 1286 2670 omni
1321 2612 1442 2666 loco
1471 2619 1525 2666 et
1564 2613 1787 2681 regione
1816 2626 1903 2665 me

322 2707 514 2776 abigit.
564 2704 608 2758 E
654 2705 792 2760 ccelo
828 2713 1090 2774 tanquam
1137 2703 1372 2774 lapidem
1417 2703 1673 2774 exiguum
1736 2701 1904 2757 funda

323 2806 563 2852 rotatum
612 2811 736 2850 cum
787 2796 993 2865 impetu
1041 2795 1242 2864 dejecit
1281 2794 1338 2848 in
1379 2800 1603 2848 terram.
1651 2792 1730 2848 Eo
1773 2808 1902 2850 vero

320 2892 570 2962 dejectus
625 2891 682 2945 in
737 2890 900 2960 aquis
954 2889 1362 2944 occultarelme
1399 2887 1579 2953 volui;
1623 2893 1680 2940 at
1713 2885 1805 2941 ille
1845 2886 1900 2940 in

320 2981 582 3040 Iordanis
637 2981 864 3037 ﬂumine
941 2981 1225 3036 inventum
1295 2978 1898 3049 comprehensumque,

325 3082 592 3146 tanquam
638 3080 839 3127 tetrum
886 3070 1206 3133 draconem,
1247 3069 1488 3140 indignis
1519 3068 1693 3124 modis
1721 3067 1905 3138 ﬂagris

2078 2611 2144 2664 Τί
2189 2613 2400 2682 ποιήσω
2444 2611 2472 2662 ὁ
2515 2608 2717 2673 τάλας;
2761 2605 3105 2676 Πανταχόθεν
3135 2623 3202 2676 με
3239 2604 3585 2677 περιήλασεν.

2019 2703 2110 2768 Ἐξ
2134 2702 2378 2774 οὐρανῶν
2412 2719 2478 2772 με
2503 2701 2579 2764 ὼς
2606 2699 2752 2753 λίθον
2785 2698 3123 2771 βραχύτατον
3156 2701 3236 2762 είς
3267 2699 3372 2769 γῆν
3404 2701 3594 2768 ἐσφεν-

2005 2796 2194 2865 δόνησε
2233 2794 2403 2848 κάτω.
2436 2793 2624 2846 Πεσὼν
2649 2793 2706 2845 δέ
2734 2793 2794 2846 ἐν
2821 2794 2886 2862 τῇ
2915 2793 3009 2862 γῇ,
3040 2791 3096 2844 ἐν
3125 2793 3237 2854 τοῖς
3269 2790 3422 2844 ὕδασι
3457 2808 3592 2862 κρυ-

2007 2887 2166 2956 ϐῆναι
2192 2885 2466 2956 ἠθέλησα“
2503 2884 2597 2938 καὶ
2625 2881 2802 2956 εὑρών
2840 2900 2906 2952 με
2937 2884 2994 2935 ἐν
3022 2884 3134 2944 τοῖς
3177 2881 3271 2934 τοῦ
3327 2883 3592 2954 Ἰορδάνου

2010 2977 2246 3048 ῥείθροις
2280 2977 2672 3048 κρυπτόμενον,
2707 2975 2783 3038 ὡς
2816 2975 3106 3046 δράκοντα,
3149 2975 3427 3046 κρατήσας
3460 2976 3595 3047 ἐμά-

2015 3067 2181 3134 στιξε.
2215 3069 2366 3122 Θέλω
2399 3069 2504 3123 κᾶν
2536 3069 2634 3140 τῆς
2678 3068 2781 3138 γῆς
2809 3067 3098 3138 κρατῆσαι,
3136 3067 3230 3119 καὶ
3279 3067 3479 3131 πάντες
3518 3068 3594 3132 ὡς

322 3167 589 3222 concidit.
631 3163 838 3218 Studeo
863 3178 1082 3220 rursum
1115 3162 1200 3216 vel
1232 3163 1288 3216 in
1324 3161 1486 3216 terris
1507 3159 1764 3233 angulum
1795 3160 1898 3214 ali-

2006 3160 2330 3230 δεσποτικῆς
2390 3159 2562 3231 νομῆς
2606 3157 2869 3226 φύλακες,
2910 3157 3010 3229 τὴν
3059 3158 3180 3211 κατ’
3229 3157 3365 3229 ἐμοῦ
3412 3159 3595 3231 φωνὴν

321 3273 484 3331 quem
517 3256 873 3321 obtinere,et
909 3269 1102 3309 omnes
1137 3268 1267 3310 mox
1295 3253 1464 3308 veluti
1495 3251 1764 3307 Dominici
1799 3267 1896 3322 pa-

324 3346 445 3402 scui
485 3344 776 3409 custodes,
815 3343 1048 3399 sublatis
1092 3342 1322 3397 vocibus
1365 3354 1557 3396 contra
1598 3357 1686 3397 me
1720 3342 1902 3397 insur-

323 3444 459 3506 gunt
497 3436 777 3505 altumque
835 3434 1250 3490 vociferantur:
1283 3433 1502 3489 Domini
1542 3445 1619 3490 est
1677 3445 1817 3490 terra
1849 3444 1899 3490 et

322 3528 591 3598 plenitudo
625 3529 763 3598 ejus,
806 3527 948 3581 orbis
981 3538 1247 3582 terrarum
1275 3537 1325 3582 et
1360 3527 1608 3590 universi,
1629 3529 1718 3598 qui
1753 3529 1904 3582 habi-

325 3628 439 3674 tant
472 3621 525 3673 in
562 3635 621 3673 eo
645 3619 684 3674 ⁸.
719 3618 860 3673 Sane
881 3628 1080 3672 terram
1113 3618 1330 3673 Domini
1369 3635 1512 3684 esse,
1550 3621 1772 3692 grandis
1814 3621 1904 3676 ille

324 3718 488 3766 terrae
517 3720 702 3767 motus
723 3709 985 3766 ostendit.
1017 3709 1188 3767 Terra
1216 3712 1418 3766 etenim
1460 3711 1553 3767 Dei
1584 3721 1638 3768 et
1681 3712 1900 3770 Domini

2008 3254 2199 3326 βοῶσι·
2237 3254 2348 3309 Τοῦ
2367 3255 2588 3322 Κυρίου
2609 3255 2646 3322 ἡ
2665 3253 2742 3323 τῆ
2777 3253 2958 3307 καὶτὸ
2993 3252 3285 3323 πλήρωμα
3307 3254 3522 3324 αὐτῆς,
3548 3255 3586 3323 ή

2004 3345 2325 3416 οἰκουμένη
2365 3345 2464 3399 καὶ
2511 3345 2735 3411 πάντες
2777 3348 2830 3399 οί
2877 3345 3297 3413 κατοικοῦντες
3311 3347 3382 3400 ἐν
3419 3346 3594 3415 αὐτῇ.

2011 3431 2247 3505 Ἔδειξεν
2265 3439 2293 3490 ὁ
2317 3438 2557 3510 σεισμὸς,
2576 3439 2657 3492 ὅτι
2677 3437 2770 3491 τοῦ
2800 3438 3004 3510 Κυρίου
3033 3439 3065 3508 ἡ
3087 3437 3182 3507 γῆ.
3217 3437 3284 3490 Ἥ
3308 3437 3416 3510 γὰρ
3444 3439 3514 3510 γῆ
3535 3439 3596 3492 τὸ

2002 3527 2097 3582 τοῦ
2122 3529 2324 3600 Κυρίου
2357 3530 2526 3600 ὄνομα
2575 3529 2648 3600 μὴ
2707 3527 2950 3598 φέρουσα
2995 3529 3360 3601 ἀκαρτερήττρ
3403 3531 3594 3602 τρόμῳ

2004 3620 2318 3693 ἐϐράσσετο,
2351 3619 2438 3674 διὰ
2456 3620 2554 3692 τὴν
2569 3619 2790 3687 ἀταξίαν
2808 3619 2914 3674 τῶν
2932 3619 3098 3691 αὐτῆς
3115 3621 3318 3676 τέκνων
3338 3622 3595 3695 μαστιζο-

2007 3713 2168 3786 μένη,
2189 3713 2438 3786 καθάπερ
2457 3713 2632 3784 στόμα
2654 3712 2793 3766 κατά
2813 3711 2920 3765 τῶν
2941 3714 3218 3784 στοιχείων
3232 3714 3487 3779 ἅνοίξασα
3505 3719 3596 3786 ρή-

324 3802 408 3857 sui
432 3809 788 3870 conspectum
817 3800 1008 3862 verita.
1039 3815 1253 3857 necnon
1291 3803 1361 3857 ob
1388 3803 1622 3857 ﬁliorum
1675 3818 1902 3859 suorum

2006 3803 2704 3882 γματα,τῆςκρυπτομένης
2741 3803 2931 3873 ὀδύνης
2958 3802 3085 3856 ἐϐόα
3111 3805 3170 3858 τὸ
3212 3805 3440 3876 μέγεθος
3460 3821 3473 3836 ⁸
3501 3807 3596 3861 καὶ

324 3895 735 3967 perversitatem
769 3893 1080 3949 immaniter
1100 3909 1262 3960 caesa,
1282 3893 1504 3950 Christo
1537 3897 1796 3966 patiente,
1820 3896 1904 3950 in-

322 3987 472 4059 genti
509 3994 745 4040 tremore
772 4000 1040 4040 concussa
1069 3993 1184 4053 est;
1226 3985 1416 4041 eadem
1465 4002 1685 4042 rursum
1722 3987 1904 4043 hiatus

323 4079 729 4148 scissurasque,
764 4078 931 4134 veluti
955 4093 1018 4134 os
1053 4078 1318 4134 adversus
1339 4079 1608 4135 elementa
1631 4081 1901 4150 aperiens,

325 4169 531 4225 occulti
570 4169 780 4225 doloris
830 4169 1283 4241 magnitudinem,
1321 4186 1432 4226 non
1463 4171 1584 4227 sine
1615 4173 1767 4242 gravi
1811 4189 1906 4227 ru-
1956 4242 1960 4244 Π

321 4261 458 4333 gitu,
499 4268 804 4318 contestata
851 4269 958 4326 est,
1002 4268 1166 4332 atque
1209 4269 1268 4317 ut
1315 4264 1700 4333 peccatoribus
1755 4265 1908 4334 igno-

321 4361 597 4418 sceretur,
645 4354 794 4408 velut
840 4360 1015 4407 mater
1058 4368 1159 4423 pro
1204 4353 1332 4408 ﬁliis
1373 4355 1720 4425 supplicavit.
1773 4356 1906 4421 Quis

2005 3894 2293 3964 φείσασθαι
2324 3894 2433 3949 τῶν
2447 3894 2869 3966 ἡμαρτηκότων,
2899 3894 2975 3957 ὡς
3000 3895 3142 3966 μήτ-η
3153 3913 3183 3967 ρ
3213 3894 3352 3966 ὑπὲρ
3367 3895 3592 3959 τέκνων,

2009 3987 2235 4039 ἱκέτευε.
2269 3986 2366 4051 Τίς
2389 3986 2650 4054 λαλήσει
2678 3986 2785 4052 τὰς
2809 3986 3175 4053 δυναστείας
3199 3988 3307 4042 τοῦ
3335 3989 3594 4057 Κυρίου;

2004 4078 2310 4144 ἀκουστὰς
2333 4076 2572 4144 ποιήσει
2599 4077 2802 4144 πάσας
2834 4079 2941 4145 τὰς
2961 4079 3453 4146 αὶνέσειςαὺτοῦ;
3484 4080 3594 4135 Τοῦ

2005 4170 2228 4236 Κυρίου
2248 4169 2285 4234 ἡ
2301 4166 2374 4236 γῆ
2397 4167 2492 4220 καί
2514 4167 2580 4220 τὸ
2601 4167 2890 4237 πλήρωμα
2911 4168 3122 4236 αὐτῆς.
3143 4170 3255 4241 Τὴν
3283 4169 3390 4240 γὰρ
3418 4170 3595 4240 σάρκα

2004 4259 2188 4334 τὴν-ἐκ
2212 4260 2315 4329 γῆς
2348 4257 2677 4312 πλασθείσαν
2696 4259 2904 4329 ἥνωσεν
2939 4262 2996 4314 ἐν
3011 4260 3159 4331 αύτῷ
3179 4264 3207 4314 ό
3230 4263 3485 4334 Χριστὸς,
3502 4264 3596 4316 καὶ

2005 4325 2347 4402 ἐκάθισεν-ἐν
2379 4351 2648 4421 οὐρανοῖς.
2699 4325 2958 4423 Ἔρχεται
2998 4351 3026 4404 ὁ
3062 4325 3307 4416 διάῦολος
3339 4353 3426 4406 διὰ
3457 4325 3592 4425 πορ-

323 4448 561 4517 loquitur
607 4446 874 4513 potentias
932 4444 1203 4501 Domini?
1258 4448 1472 4501 auditas
1522 4447 1680 4517 faciet
1726 4464 1902 4503 omnes

2007 4440 2158 4504 νείας
2187 4439 2434 4510 μολύνειν
2466 4441 2806 4513 βουλόμενος.
2855 4443 2994 4496 Ἀλλ’
3019 4443 3094 4506 ὡς
3121 4443 3293 4513 φύλαξ
3317 4446 3591 4516 ἄγρυπνον

324 4541 506 4597 laudes
587 4541 701 4609 ejus
742 4539 823 4593 ‘?
881 4538 1097 4594 Domini
1159 4549 1235 4594 est
1309 4548 1452 4595 terra
1519 4552 1568 4596 et
1625 4541 1897 4612 plenitudo

2011 4531 2152 4603 ἔχων
2182 4533 2274 4587 τὸν
2305 4534 2405 4604 τῆς
2441 4533 2618 4606 ψυχῆς
2649 4534 2946 4606 ὀφθαλμὸν,
3003 4536 3076 4608 μὴ
3122 4539 3484 4610 συγχωρήσῃς
3516 4537 3594 4609 τῷ

322 4634 459 4704 ejus.
503 4631 762 4687 Christus
809 4645 1046 4701 namque
1084 4647 1308 4687 carnem
1343 4648 1373 4687 e
1424 4640 1568 4687 terra
1617 4633 1902 4688 formatam

2014 4623 2184 4696 λῃστῇ
2236 4624 2325 4678 τὸν
2368 4625 2471 4696 τῆς
2514 4627 2752 4690 διανοίας
2807 4625 3095 4699 διαρρῆξαι
3148 4628 3455 4700 ὀφθαλμὸν,
3511 4633 3596 4685 ἵνα

329 4725 435 4782 sibi
472 4723 694 4790 ascivit,
719 4722 1059 4793 ascitamque
1089 4723 1142 4778 in
1174 4724 1329 4779 caelis
1360 4725 1667 4781 constituit.
1691 4725 1902 4795 Arrepit

2015 4713 2233 4786 θαρρῶν
2291 4716 2428 4788 πρὸς
2481 4719 2644 4773 αὑτὸν
2696 4719 2884 4790 εἴπῃςο
2933 4720 3266 4774 Δεσποτικοῦ
3318 4724 3594 4794 κτήματος

330 4814 565 4873 subinde
597 4814 878 4880 diabolus,
936 4829 1034 4884 per
1089 4812 1504 4870 fornicationem
1551 4831 1670 4870 eam
1718 4826 1902 4870 conta-

2009 4808 2277 4880 προδότης
2309 4811 2370 4863 οὐ
2399 4810 2642 4882 γίνομαι,
2676 4811 2911 4867 διάϐολε.
2937 4812 3044 4865 Τοῦ
3070 4813 3279 4885 Κυρίου
3304 4814 3412 4885 γὰρ
3444 4817 3476 4886 ἡ
3520 4816 3592 4886 γῆ

332 4905 548 4960 minare
602 4902 958 4959 contendens.
993 4902 1063 4956 At
1095 4913 1174 4966 tu,
1215 4910 1477 4973 tanquam
1514 4901 1656 4958 ﬁdus
1698 4910 1902 4969 custOs,

2011 4898 2106 4949 καὶ
2139 4900 2171 4968 ή
2217 4899 2513 4970 Ἐκκλησία
2535 4900 2628 4955 τοῦ
2651 4899 2891 4972 Χριστοῦ
2927 4902 2959 4972 ἡ
2985 4901 3216 4956 πάντοτε
3252 4903 3356 4956 ὑπὸ
3385 4904 3480 4956 τοῦ
3501 4905 3593 4956 ού-

331 4997 531 5050 animaa
577 4995 796 5050 oculum
853 4995 1071 5063 vigilem
1144 5010 1361 5066 semper
1420 5002 1902 5066 experrectumque

2015 4993 2202 5061 ρανίου
2245 4992 2453 5066 ὄμϐρου
2493 4996 2908 5066 γεωργουμένη,
2950 4996 3044 5048 καὶ
3076 4995 3330 5060 ἀειθαλὲς
3381 5013 3593 5066 καρπο-

329 5087 556 5153 habens,
592 5086 860 5142 latronem
901 5087 1053 5142 illum
1093 5089 1292 5143 mentis
1326 5096 1432 5142 tuae
1463 5089 1668 5142 lumina
1703 5087 1902 5141 violare

2013 5083 2254 5154 φοροῦσα
2283 5086 2504 5158 Χριστῷ
2524 5088 2819 5158 τριάκοντα
2875 5087 2994 5160 [καὶ
3025 5087 3310 5160 ἐξήκοντα]
3352 5089 3444 5142 καὶ
3469 5087 3598 5140 ἐκαο

327 5193 438 5233 non
472 5178 647 5246 sinas,
695 5188 758 5232 ut
813 5179 970 5248 plena
1021 5176 1242 5233 tandem
1271 5178 1500 5233 victoria
1535 5178 1776 5248 potitus,
1813 5191 1910 5229 au-

327 5269 519 5326 dacter
548 5269 617 5324 ad
656 5269 808 5324 illum
840 5269 1022 5324 dicere
1049 5283 1260 5339 queas:
1304 5267 1644 5322 Dominicam
1689 5281 1906 5337 posses-

329 5363 562 5429 sionem,
605 5378 640 5417 o
673 5361 913 5428 diabole,
945 5377 1052 5416 non
1084 5360 1343 5432 prodidi;
1381 5359 1593 5415 Domini
1638 5360 1780 5416 enim
1825 5368 1908 5418 est

327 5465 475 5513 terra
534 5463 593 5513 et
627 5454 876 5511 Ecclesia
904 5453 1131 5517 Christi,
1165 5469 1288 5524 quae
1315 5453 1519 5522 ubique
1545 5454 1752 5510 caelesti
1784 5455 1906 5526 plu-

328 5551 412 5604 via
468 5550 690 5606 exculta
732 5547 1086 5619 irrigataque,
1121 5545 1337 5601 fructus
1375 5546 1559 5602 varios
1616 5558 1905 5620 perpetuo-

325 5655 434 5714 que
472 5641 714 5697 virentes
758 5637 838 5694 illi
884 5636 1085 5704 fundit,
1112 5651 1309 5706 nempe
1341 5635 1700 5704 tricesimum,
1741 5654 1900 5696 sexa-

401 5796 417 5828 ¹
439 5794 586 5853 Psal.
615 5812 760 5863 mi,
784 5795 840 5864 2,
873 5796 926 5852 ὅ.
1010 5797 1030 5829 ²
1052 5793 1184 5852 ibid.
1214 5793 1265 5850 6.
1345 5793 1523 5853 'Psal.
1555 5811 1714 5865 χχιιι,
1747 5798 1799 5854 1.

2007 5173 2123 5229 τόν.
2177 5175 2442 5246 Ἐξῆλθε,
2471 5181 2656 5250 φησὶν,
2697 5181 2730 5233 ὁ
2760 5180 3028 5248 σπείρων
3055 5179 3164 5234 τοῦ
3190 5179 3433 5249 σπεῖραι
3454 5195 3467 5207 ⁸
3495 5179 3595 5232 καὶ

2010 5269 2076 5323 τὸ
2099 5271 2216 5341 μὲν
2241 5274 2464 5328 ἔπεσεν
2495 5275 2593 5329 ἐπὶ
2619 5275 2733 5344 τὴν
2761 5275 2926 5342 ὁδὸν,
2973 5276 3069 5348 τὴν
3099 5276 3315 5347 ἀπάτην
3347 5276 3444 5348 τὴν
3477 5275 3594 5329 Ἐλ-

2009 5361 2258 5436 ληνικήν.
2302 5366 2412 5422 Καὶ
2446 5362 2637 5437 ἦλθον
2682 5367 2752 5421 τὰ
2783 5368 3055 5433 πετεινὰ,
3091 5369 3139 5422 oi
3176 5366 3447 5433 ὀξύπεινοι
3484 5368 3596 5422 τῶν

2007 5454 2276 5528 δαιμόνων
2313 5457 2586 5530 ἅρπαγες,
2645 5459 2744 5512 καί
2791 5458 3133 5530 κατέφαγον
3182 5461 3352 5514 αὐτό.
3411 5461 3595 5514 Ἀλλο

2006 5549 2231 5605 ἔπεσεν
2274 5551 2374 5606 ἐπὶ
2420 5551 2492 5605 τὰ
2541 5551 2833 5621 πετρώδη,
2883 5553 2982 5624 τὴν
3030 5552 3437 5624 σκληρότροπον
3481 5549 3595 5605 τῶν

2019 5641 2292 5699 Ἰουδαίων
2351 5644 2496 5716 φημὶ
2554 5645 2892 5716 προαίρεσιν,
2958 5646 3053 5700 καὶ
3108 5644 3310 5708 εὐθέως
3352 5642 3596 5700 ἀνέτειλε

1882 5807 1904 5833 ⁵
1925 5799 2073 5860 Psal.
2099 5814 2189 5872 cv,
2212 5801 2266 5855 2.
