3978 6220
348 349 453 404 ιεδ

1057 301 1338 401 uorum
1372 343 1413 399 v
1454 343 1519 399 IN
1579 340 1852 399 LAUDES
1894 338 2187 395 sanam:
2225 338 2469 396 uisum;
2514 340 2863 396 DEIPARAS.

3512 340 3623 400 466

349 464 681 539 προπετείας
725 463 891 532 φυτὸν
938 462 1077 536 [καὶ]
1118 463 1479 535 παρανομίας.
1528 458 1779 523 Τοιοῦτος
1811 460 1920 531 γὰρ

2053 456 2288 514 :esimum
2350 466 2403 513 et
2436 461 2794 515 centesimum
2836 458 2969 530 ('73).
3006 457 3217 531 [Exiit,
3248 458 3425 530 inquit
3448 467 3486 527 ι,
3527 461 3622 532 qui

362 554 629 609 Ἰουδαίων
673 556 701 606 ό
730 554 953 623 τρόπος.
1003 554 1089 607 Ἐν
1135 553 1242 625 γὰρ
1280 556 1346 624 τῇ
1388 553 1581 624 ἐρήμῳ
1615 547 1932 623 νομοθετού-

352 659 503 714 μενοι
528 641 765 711 ἔφασκον
801 642 937 715 πρὺς
982 643 1257 714 Μωῡσῆν·
1306 641 1512 695 Πάντα
1544 641 1662 695 ὅσα
1696 637 1865 695 εἶπεν
1900 643 1933 694 ό

351 734 517 799 Θεὸς,
546 737 918 803 ποιησόμεθα
947 734 1044 787 καί
1104 734 1503 803 ἀκουσόμεθα.
1534 734 1643 786 Kal.
1679 734 1729 785 οί
1760 730 1933 808 τριῦτα

349 825 833 896 ἐπαγγελλόμενοι,
882 825 1079 897 μόσχον
1128 827 1345 898 ἄψυχον
1390 824 1780 897 προσεκύνουν,
1843 825 1934 878 καὶ

349 916 437 970 τὸν
474 917 665 989 νεκρὸν
686 916 780 970 τοῦ
815 917 1015 982 ζῶντος
1036 918 1170 971 Θεοῦ
1210 920 1543 990 προετίμων.
1582 921 1761 973 Ἄλλο
1800 918 1936 971 ἐπε-

351 1025 464 1064 σεν
505 1009 605 1063 ἐπὶ
656 1010 763 1076 τὰς
816 1011 1117 1077 ἀκάνθας,
1188 1011 1286 1075 τὰς
1344 1012 1783 1085 τραχυκέντρους
1842 1012 1937 1065 καὶ

354 1100 924 1171 βλασφημογλώσσους
958 1100 1221 1171 αἱρέσεις,
1264 1100 1467 1166 αἵτινες
1514 1103 1605 1155 τὸν
1653 1102 1752 1172 τῆς
1778 1102 1934 1154 εὐσε-

353 1192 505 1254 ϐείας
550 1191 749 1261 σπόρον
792 1191 913 1245 καθ’
961 1191 1178 1263 ἡμέραν
1226 1194 1639 1263 συμπνίγουσιν.
1694 1194 1938 1263 Ἕτερον

352 1282 574 1335 ἔπεσεν
602 1282 697 1334 ἐπὶ
731 1282 847 1348 τὴν
875 1280 994 1350 γῆν
1024 1283 1138 1350 τὴν
1175 1283 1400 1350 καλὴν,
1453 1284 1551 1355 τὴν
1612 1284 1937 1355 Ἐκκλησίαν

353 1372 445 1427 τοῦ
510 1373 786 1444 Χριστοῦ.
841 1374 939 1445 τὴν
992 1372 1265 1445 εὔφορον,
1328 1373 1425 1444 τὴν
1481 1376 1937 1448 καρποφοροῦσαν

353 1465 645 1537 τριάκοντα
682 1464 775 1518 καὶ
808 1463 1069 1534 ἑξήκοντα
1124 1465 1220 1517 καὶ
1276 1464 1488 1519 ἑκατόν.
1522 1465 1825 1535 Τριάκοντα
1847 1464 1938 1517 τὸν

351 1558 452 1628 τῆς
482 1555 831 1627 σωφροσύνης
866 1555 1029 1624 ζυγόν
1048 1574 1059 1585 -
1106 1556 1368 1626 ἐξήκοντα
1395 1556 1496 1626 τῆς
1523 1556 1935 1627 ἀγγελομόρφου

355 1649 685 1719 παρθενίας·
735 1649 929 1702 ἑκατὸν
971 1649 1068 1719 τῆς
1120 1649 1266 1713 Θείας
1330 1648 1698 1720 δικαιοσύνης,
1748 1651 1843 1703 καὶ
1872 1652 1936 1703 ὰ-

354 1741 561 1809 γνείας,
597 1742 689 1795 καὶ
722 1742 819 1812 τῆς
848 1740 954 1793 τῶν
990 1740 1283 1812 μαρτύρων
1312 1740 1698 1814 ἀνδραγαθίας.

2035 547 2256 603 seminat
2313 550 2619 622 seminare]
2704 548 2772 602 Et
2809 550 2956 603 aliud
3006 550 3213 621 quidem
3240 552 3427 605 cecidit
3471 567 3620 606 secus

2036 641 2198 704 viam,
2246 640 2351 695 hoc
2397 650 2482 695 est
2524 642 2897 695 Graecanicam
2946 640 3213 697 fraudem.
3262 642 3331 696 Et
3373 653 3623 698 venerunt

2036 734 2321 799 volucres;
2353 734 2613 787 nimirum
2659 735 2891 791 famelici
2924 736 3234 791 daemonum
3263 746 3543 807 raptores;
3569 746 3619 791 et

2037 825 2374 880 comederunt
2413 825 2571 881 illud.
2612 826 2779 879 Aliud
2834 830 3020 882 cecidit
3062 830 3115 883 in
3168 838 3368 899 petras,
3424 846 3621 899 nempe

2038 918 2233 972 duram
2279 932 2344 972 ac
2398 925 2779 972 contumacem
2812 918 3126 974 Iudaeorum
3173 922 3528 975 voluntatem.
3558 921 3622 973 Et

2041 1011 2228 1067 statim
2254 1012 2579 1067 temeritatis
2605 1010 2756 1065 calor
2774 1011 3066 1080 impietatis
3091 1014 3315 1081 stirpem
3343 1013 3620 1082 produxit.

2040 1101 2323 1172 Ejusmodi
2353 1104 2554 1172 quippe
2590 1108 2721 1157 sunt
2754 1100 2969 1155 Judaici
3006 1116 3226 1157 mores:
3258 1117 3384 1155 nam
3414 1117 3537 1156 cum
3568 1102 3623 1154 in

2040 1194 2258 1250 deserto
2302 1195 2387 1249 lex
2422 1195 2531 1248 illis
2565 1193 2818 1257 ferretur,
2870 1193 3128 1247 dicebant
3164 1191 3336 1262 Moysi
3366 1212 3378 1246 :
3430 1192 3627 1247 Omnia

2039 1301 2360 1355 quaecunque
2404 1284 2544 1339 Deus
2582 1283 2738 1349 dixit,
2775 1285 3030 1354 faciemus
3106 1292 3155 1337 et
3204 1284 3474 1337 audiemus
3495 1282 3625 1337 ’.Et

2041 1384 2226 1432 tamen
2277 1376 2356 1430 illi
2401 1377 2525 1447 ipsi,
2557 1377 2649 1446 qui
2682 1377 2784 1431 ista
2827 1376 3227 1446 promiserant,
3266 1375 3623 1428 inanimatuzu

2040 1469 2272 1523 vitulum
2308 1468 2612 1523 adorabunt
2636 1506 2651 1531 ,
2686 1483 2749 1522 ac
2790 1469 2915 1522 vivo
2963 1466 3075 1521 Deo
3118 1473 3394 1521 mortuum
3430 1466 3627 1535 praefe-

2040 1561 2254 1614 rebant.
2300 1559 2463 1613 Aliud
2507 1558 2691 1612 cecidit
2728 1560 2784 1611 in
2810 1559 3012 1626 spinas,
3051 1558 3154 1611 hoc
3226 1566 3309 1613 est
3352 1557 3628 1611 aculeatas

2042 1659 2097 1705 et
2139 1652 2567 1706 contumeliosas
2613 1650 2667 1704 in
2715 1651 2883 1706 Deum
2934 1651 3209 1705 haereses:
3256 1665 3375 1720 qua:
3406 1649 3627 1718 pietatis

2044 1751 2347 1798 sementem
2380 1743 2627 1812 quotidie
2667 1742 2985 1814 praefocant.
3019 1741 3180 1795 Aliud
3214 1742 3401 1794 cecidit
3438 1742 3489 1793 in
3523 1750 3627 1793 ter—

355 1850 472 1887 ram
496 1834 851 1899 bonam;ltoc
871 1840 954 1888 est
987 1833 1285 1889 Ecclesiam
1354 1833 1584 1897 (lbristl,
1658 1833 1912 1897 fertilem,
1931 1841 1987 1888 et
2037 1835 2298 1899 tricenos,
2356 1850 2658 1905 sexagenos
2708 1850 2771 1889 ac
2817 1843 3076 1889 centenos
3141 1832 3351 1887 fructus
3397 1832 3630 1886 redden-

356 1923 750 1990 tem.Quorum
784 1924 977 1977 triceni
1027 1924 1093 1978 ad
1129 1924 1387 1993 pudicum
1442 1925 1754 1993 nuptiarum
1782 1924 1973 1995 jugum
2011 1928 2330 1997 pertinent;
2404 1927 2680 1997 sexageni,
2723 1927 2958 1981 similem
3022 1926 3339 1996 angelorum
3395 1922 3627 1993 virgini-

355 2024 523 2071 tatem
553 2016 876 2077 contineut;
910 2016 1125 2070 centeni
1161 2014 1395 2084 denique
1416 2015 1481 2069 ad
1516 2015 1752 2070 divinam
1774 2016 2064 2085 justitiam,
2108 2016 2439 2089 [castitatem
2494 2024 2548 2072 et
2604 2016 2822 2088 egregia
2857 2023 3158 2088 martyrum
3229 2014 3501 2086 facinora]
3536 2030 3625 2070 rc-

356 2114 631 2169 feruntur.

427 2226 490 2278 0i
530 2217 639 2295 ῖγὰρ
670 2224 769 2295 τῆς
816 2224 1097 2287 εὐσεϐείας
1139 2225 1380 2296 κήρυκες
1414 2224 1511 2295 τὴν
1558 2225 1643 2277 ἐπ’
1697 2224 1941 2295 ἐσχάτων

2114 2219 2286 2275 Porro
2317 2226 2501 2274 autem
2526 2232 2668 2273 vera:
2707 2217 2930 2287 pietatis
2954 2232 3255 2300 prtecones,
3292 2226 3630 2286 postremum

356 2315 449 2369 τοῦ
493 2314 694 2385 Κυρίου
742 2313 956 2368 ἕλευσιν
995 2316 1161 2369 πᾶσιν
1206 2314 1684 2385 εὐαγγελιζόμενοι
1721 2314 1940 2381 ἔλεγον·

2053 2309 2267 2363 Domini
2320 2309 2614 2363 adventum
2669 2308 2927 2362 omnibus
2991 2309 3169 2378 palam
3220 2309 3628 2375 denuntiantes,

361 2405 562 2470 Οὕτως
607 2404 955 2468 ἐλεύσεται,
1001 2405 1074 2457 ὃν
1109 2406 1337 2473 τρόπον
1380 2405 1713 2458 ἐθεάσασθε
1758 2403 1944 2458 αὐτὸν

2053 2400 2194 2454 inter
2219 2406 2415 2453 caetera
2439 2397 2726 2452 dicebant:
2755 2397 3213 2464 Quemadmodum
3246 2399 3452 2453 vidistis
3476 2400 3631 2454 illum

358 2496 951 2564 ἁναλαμϐανόμενον.
1009 2496 1291 2568 Ὠφθησαν
1339 2497 1447 2567 γὰρ
1497 2496 1590 2549 δύο
1642 2495 1836 2566 ἄνδρες
1889 2496 1944 2546 ὲν

2053 2498 2254 2544 euntem
2295 2490 2351 2541 in
2380 2488 2599 2551 coetum,
2630 2489 2704 2540 ita
2742 2487 2968 2542 veniet’.
3008 2486 3117 2542 Visi
3158 2496 3286 2542 sunt
3328 2488 3471 2543 enim
3523 2488 3634 2543 duo

358 2590 547 2659 ἐσθῆτι
581 2589 771 2659 λευκῇ.
810 2587 931 2651 Δύο,
960 2588 1049 2641 ἵνα
1089 2587 1349 2659 πιστευθῇ
1374 2590 1407 2659 ἡ
1432 2587 1657 2659 ἀλήθεια
1678 2604 1689 2616 '
1730 2588 1942 2656 ἄνδρες,

2053 2582 2155 2635 viri
2204 2580 2259 2633 in
2302 2579 2442 2633 stola
2484 2578 2715 2632 candida
2754 2599 2765 2633 :
2824 2579 2933 2633 duo
2985 2579 3229 2649 quidem,
3265 2595 3374 2649 quo
3419 2581 3633 2635 veritati

360 2681 447 2733 ἶνα
471 2680 551 2741 είς
576 2677 799 2747 ἀνδρίαν
833 2678 958 2739 τοὺς
1004 2676 1250 2745 μαθητὰς
1291 2676 1619 2747 στηρίξωσι·
1661 2675 1947 2745 λευχειμο⁶

360 2767 599 2832 νοῦντες,
652 2767 739 2820 ἵνα
787 2766 1290 2836 καταλαμπρύνωσι
1338 2764 1437 2828 τὰς
1478 2765 1588 2819 τῶν
1639 2764 1949 2817 ἀκουόντων

360 2860 616 2921 διανοίας.
656 2858 724 2910 Τί
773 2852 865 2911 οὖν
907 2858 957 2909 οἱ
1000 2856 1259 2925 ὀφθέντες
1316 2857 1649 2926 ὲκήρυττον;
1706 2855 1948 2923 Ἄνδρες

374 2951 748 3020 Ἰσραηλῖται,
788 2952 847 3004 τι
883 2950 1179 3017 ἑστήκατε
1206 2950 1548 3014 ,βλέποντες
1577 2950 1664 3014 είς
1703 2948 1812 3001 τὸν
1850 2950 1950 3001 οὺ-

353 3044 578 3113 ρανόν;
606 3042 658 3095 τί
682 3045 761 3105 είς
787 3043 879 3096 τὸν
909 3043 1137 3113 οὐρανὸν
1166 3040 1437 3104 ἀτενίζετε
1460 3058 1474 3106 ;
1502 3040 1717 3094 Μᾶλλον
1743 3039 1832 3092 τὸν
1861 3041 1949 3092 οὐ·

365 3136 526 3209 ρανοῦ
555 3135 786 3207 ποιητὴν
821 3134 1174 3205 Θεωροῦντες,
1210 3132 1468 3198 δοξάσατε
1501 3132 1594 3186 τοῦ
1628 3133 1938 3204 ἀναλαμϐα-

363 3227 589 3297 νομένου
621 3227 683 3279 τὸ
718 3225 970 3297 μέγεθος,
1024 3225 1119 3279 καὶ
1170 3225 1267 3297 τὴν
1324 3226 1731 3294 συγκαταϐασιν
1782 3225 1948 3278 αὐτοῦ

363 3319 461 3389 τῆς
486 3318 890 3388 φιλανθρωπίας
919 3317 1259 3388 θαυμάσατε,
1292 3318 1374 3371 ὃτι
1400 3318 1491 3371 τὸν
1525 3318 1715 3388 γήινον
1744 3316 1951 3381 ὲνώσας

368 3408 542 3478 ἑαυτῷ
574 3408 879 3479 ἄνθρωπον,
907 3407 1329 3478 οὐρανοπολίτην
1374 3407 1633 3473 ἀνέδειξε,
1677 3408 1770 3462 καὶ
1799 3411 1952 3480 οἰκή-

366 3517 499 3570 τορα
525 3499 753 3572 οὐρανοῦ
782 3499 1111 3570 κατέστησε·
1155 3499 1344 3569 βαϐαίί
1383 3501 1472 3553 τὸν
1518 3500 1668 3554 κάτω
1704 3500 1951 3571 κείμενον

369 3565 470 3643 ποῦ
510 3565 776 3661 ἀνήγαγε.
814 3590 875 3642 Τί
910 3565 1207 3657 ἑστήκατε
1230 3588 1570 3655 ,ϐλέποντες
1602 3592 1689 3654 είς
1716 3565 1822 3643 τὸικ·
1852 3592 1953 3644 οὐ·
1981 3565 2023 3622 (ἶ

362 3683 582 3750 ρανόν;
634 3682 832 3746 Οὕτως
872 3681 1205 3735 ἐλεύσεται.
1244 3681 1419 3735 Οὕτω.
1461 3683 1614 3747 Πῶς;
1663 3682 1736 3735 Τὸ
1793 3683 1951 3752 σῶμα

366 3773 429 3825 τὸ
457 3773 721 3843 ἡμέτερον
761 3773 1165 3845 περικείμενος,
1201 3771 1302 3842 τὴν
1352 3771 1655 3842 τρωθεῖσαν
1683 3775 1749 3842 τῇ
1780 3772 1948 3844 λόγχῃ

368 3862 606 3932 πλευρὰν
634 3863 1067 3935 προϐαλλόμενος
1087 3879 1100 3892 ·
1136 3862 1223 3916 ἵνα
1253 3861 1491 3931 ὅψωνται
1525 3864 1571 3914 οἱ
1607 3861 1849 3914 Ἰουδαῖοι
1872 3863 1953 3925 είς

366 3952 427 4007 ὃν
471 3952 864 4021 ἐξεκέντησαν·
920 3955 1080 4023 ἡμεῖς
1129 3952 1186 4005 δὲ
1244 3951 1565 4022 ἀξιωθῶμεν
1614 3951 1842 4020 ὄψεσθαι
1889 3953 1950 4006 τὸ

370 4040 661 4112 πρόσωπον
684 4043 846 4095 αὐτοῦ
886 4043 1023 4113 μετὰ
1052 4043 1380 4114 παρρησίας,
1418 4045 1513 4096 καὶ
1534 4044 1642 4095 τῶν
1675 4043 1949 4114 ἐπηγγελ-

373 4134 550 4203 μένων
577 4134 794 4201 ἀγαθῶν
828 4135 1200 4204 ὲπιτύχωμεψ
1237 4135 1420 4204 χάριτι
1450 4135 1543 4186 καὶ
1567 4134 1951 4207 φιλανθρωπίᾳ

2052 2673 2208 2728 [idem
2264 2672 2500 2737 faciant;
2557 2672 2661 2724 viri
2699 2679 2917 2734 autem,
2972 2687 3081 2741 quo
3136 2672 3204 2723 ad
3257 2671 3413 2726 virile
3463 2672 3634 2728 animi

2050 2765 2220 2819 robur
2246 2764 2551 2834 discipulos
2603 2763 2960 2827 conﬁrment;
3010 2762 3064 2815 in
3097 2771 3250 2816 veste
3285 2771 3464 2817 autem
3506 2778 3634 2817 can-

2051 2855 2178 2909 dida
2201 2895 2216 2921 ,
2250 2869 2360 2924 quo
2404 2853 2720 2907 auditorum
2755 2858 2988 2915 mentes,
3026 2862 3081 2906 et
3117 2853 3484 2911 conscientias
3512 2853 3636 2907 illu-

2052 2953 2247 3000 streut.
2297 2944 2506 3014 Ecquid
2561 2944 2731 3014 igitur
2772 2943 2881 2996 viri
2939 2943 3016 2996 illi
3089 2943 3181 3012 qui
3230 2943 3634 3009 cernebantur,

2051 3036 2460 3107 praedicabant?
2501 3034 2615 3090 Viri
2648 3034 2898 3099 Galitazi,
2939 3035 3063 3105 quid
3112 3037 3634 3105 statisaspicientes

2053 3129 2107 3182 in
2138 3129 2367 3184 cretum?
2411 3127 2553 3194 Quid
2606 3129 2808 3185 cmlum
2859 3127 3035 3181 oculis
3064 3127 3257 3182 deﬁxis
3307 3128 3637 3182 intuemini?

2053 3217 2189 3271 Eum
2236 3218 2453 3288 potius,
2501 3217 2593 3287 qui
2630 3218 2831 3271 cmlum
2863 3216 3143 3283 condidit,
3192 3218 3389 3273 mentis
3441 3226 3637 3272 vestrae

2054 3309 2358 3363 luminibus
2385 3316 2738 3379 usurpantes,
2756 3308 2980 3379 hymnis
3016 3316 3069 3363 et
3092 3309 3345 3364 laudibus
3368 3309 3635 3380 assumpti

2054 3401 2489 3471 magnitudinem
2529 3402 2808 3461 extollite,
2855 3416 2919 3455 ac
2959 3400 3282 3471 stupendam
3327 3403 3473 3458 illius
3520 3403 3633 3457 cle-

2057 3493 2313 3549 mentiam
2352 3494 2630 3563 animique
2681 3492 3071 3559 demissioncm
3124 3495 3326 3549 summi
3385 3495 3636 3549 miraculi

2058 3584 2180 3638 loco
2211 3584 2395 3639 ducite
2422 3603 2434 3639 :
2464 3584 2904 3654 quandoquidem
2933 3584 2980 3639 is
3005 3584 3095 3638 ille
3126 3587 3337 3655 est,qui
3362 3586 3638 3642 hominem

2058 3684 2335 3732 terrenum
2376 3678 2478 3732 sibi
2530 3679 2906 3742 consociavit,
2953 3680 3446 3751 consociatumque
3494 3681 3639 3736 inter

2059 3767 2181 3820 caeli
2205 3767 2355 3823 cives
2379 3768 2654 3837 ascripsit,
2674 3769 3050 3839 coelorumque
3076 3771 3309 3825 incolam
3334 3773 3636 3827 constituit.

2058 3855 2250 3926 Papae!
2279 3873 2388 3927 quo
2411 3859 2559 3911 humi
2591 3859 2865 3929 jacenlcm
2894 3860 3116 3914 evexit?
3149 3860 3290 3927 Quid
3316 3864 3473 3917 statis
3496 3865 3639 3932 aspi-

2058 3948 2249 4001 cientes
2277 3949 2331 4000 in
2375 3949 2609 4004 caelum?
2654 3948 2757 4001 llic
2807 3948 2989 4013 Jesus,
3018 3952 3109 4021 qui
3141 3964 3444 4020 assumptus
3492 3963 3569 4007 est
3607 3972 3640 4009 α

2059 4039 2200 4092 vobis
2230 4041 2283 4092 in
2310 4040 2518 4103 caelum,
2549 4042 2624 4093 sic
2660 4042 2846 4094 veniet.
2882 4039 2991 4096 Sic.
3032 4042 3357 4106 Quomodo?
3399 4046 3640 4114 Corpore

2060 4136 2250 4183 nostro
2286 4130 2520 4184 vestitus
2569 4132 2749 4184 veniet
2781 4130 3081 4202 [clavorum
3139 4134 3378 4202 vestigiis
3417 4135 3640 4203 pulchre

368 4221 463 4276 τοῦ
487 4223 690 4293 Κυρίου
714 4222 869 4294 ἡμῶν
908 4221 1082 4293 Ἰησοῦ
1112 4221 1347 4292 Χριστοῦ
1368 4236 1382 4252 °
1418 4220 1535 4291 μεθ’
1570 4215 1631 4273 οὗ
1669 4220 1746 4291 τῷ
1779 4222 1944 4301 Πατρ]

2066 4219 2424 4292 insignitus];
2479 4221 2628 4276 latus
2652 4222 2840 4277 lancea
2869 4223 2985 4276 dira
3022 4222 3357 4292 perforatum
3387 4226 3642 4280 omnibus

373 4315 465 4366 καὶ
497 4313 637 4384 ἁγίῳ
666 4312 945 4383 Πνεύματι
973 4312 1120 4377 δόξα,
1152 4313 1374 4382 κράτος,
1412 4312 1569 4382 τιμὴ,
1602 4311 1695 4365 νῦν
1726 4311 1819 4365 καλ⁸
1847 4312 1955 4376 ἀεὶ,

374 4405 465 4458 καὶ
483 4406 563 4468 είς
587 4405 712 4468 τοὺς
735 4406 935 4469 αίῶνας
967 4405 1074 4459 τῶν
1100 4403 1329 4456 αἰώνων.
1375 4401 1564 4474 Ἀμήν.

2065 4318 2389 4367 ostensurus
2424 4329 2436 4365 :
2474 4328 2584 4382 quo
2624 4313 2880 4367 nimirum
2914 4311 3085 4367 Judaei
3127 4313 3367 4379 videant,
3391 4316 3446 4369 in
3479 4330 3641 4384 quem

2065 4404 2195 4457 olim
2235 4402 2618 4470 conﬁxeruut;
2662 4420 2763 4460 nos
2795 4411 2976 4458 autem
3009 4406 3156 4476 digni
3193 4406 3513 4471 habeantur,
3547 4405 3639 4475 qui

374 4496 583 4549 vultum
642 4498 788 4554 illius
861 4512 988 4551 cum
1050 4494 1248 4549 ﬁducia
1310 4494 1754 4564 conspiciamus,
1810 4495 2322 4565 promissorumque
2386 4495 2652 4551 bonorum
2710 4497 3007 4567 participes
3057 4496 3394 4561 efﬁciamur,
3441 4500 3640 4570 gratia,

373 4595 428 4641 et
456 4588 741 4643 clementia
769 4588 983 4643 Domini
1015 4587 1186 4642 nostri
1218 4586 1347 4641 Jesu
1382 4586 1589 4644 Christi
1624 4604 1638 4642 :
1683 4601 1809 4641 cum
1891 4603 2000 4657 quo
2033 4587 2208 4653 Patri,
2251 4594 2303 4642 et
2340 4585 2569 4659 Spiritui
2619 4600 2810 4645 sancto
2852 4588 2924 4644 sit
2977 4588 3184 4660 gloria,
3227 4589 3517 4661 imperium
3586 4599 3643 4646 et

375 4677 571 4746 honor,
602 4696 751 4737 nunc
784 4689 838 4736 ct
877 4697 1096 4753 semper
1142 4690 1196 4736 et
1233 4682 1289 4735 in
1356 4681 1557 4736 saecula
1607 4681 1957 4736 saeculorum.
1995 4681 2190 4736 Amen.

1118 4815 1202 4866 E'.

380 4928 495 4984 Τοῦ
533 4929 603 4983 ἐν
631 4928 821 4997 ἁγίοις
856 4925 1088 4994 Πατρός
1126 4924 1292 4994 ἡμῶν
1332 4926 1678 4997 Ἐξιιφανὶου
1711 4926 1956 4997 ἐπισκό-

446 5015 563 5053 που
593 4994 824 5062 πόλεως
863 4997 1316 5065 Κωνσταντίας,
1353 4994 1463 5062 τῆς
1490 4996 1954 5065 Κυπριωνήσου,

446 5069 734 5139 ἐγκώμιος
770 5070 858 5133 εὶς
894 5065 1009 5134 τὴν
1037 5065 1216 5135 ἁγίαν
1241 5064 1356 5132 τὴν
1390 5068 1700 5121 Θεοτόκον.

448 5180 560 5244 Τὰς
587 5179 973 5250 ἐκλαμπούσας
1003 5178 1371 5249 μαρμαρυγὰς
1398 5178 1496 5248 τῆς
1517 5178 1780 5233 Θεοτόκου
1811 5181 1958 5235 ἀκτῖ-

2829 4814 2884 4869 V.

2063 4921 2249 4996 Sancti
2280 4923 2458 4979 Patris
2501 4927 2671 4980 nostri
2701 4926 2987 4996 Epiphanii
3032 4928 3261 4996 episcopi
3310 4925 3641 4983 Constantia:

2130 4994 2387 5136 figpg’fe
2417 4996 2665 5051 laudibus
2728 4994 2929 5052 sanctw
2982 4994 3178 5053 Maria:
3207 4994 3481 5067 VDeipara’,
3515 5015 3640 5054 ora-

2159 5082 2206 5117 t0
2334 5082 2375 5136 ).

2159 5082 2206 5117 ιο
2239 5082 2375 5136 κιο).

2129 5178 2295 5233 Miser
2323 5194 2424 5250 ego
2463 5191 2607 5245 sum,
2641 5181 2731 5250 qui
2775 5181 3096 5254 eﬁ'ulgentes
3145 5184 3464 5254 Splendores
3514 5182 3640 5239 Del-

377 5285 477 5332 νας
527 5267 764 5340 φοϐερὰς
818 5267 911 5320 καὶ
945 5266 1361 5337 ἀκαταλήπτους
1408 5267 1697 5339 δυνάμεις,
1727 5270 1944 5341 οὐρανοί

2059 5285 2205 5341 parae
2225 5270 2431 5337 radios,
2456 5273 2728 5329 terribiles
2753 5282 2807 5329 et
2829 5275 3309 5347 incomprehensas
3332 5276 3640 5342 facultates,

380 5361 473 5416 καὶ
499 5362 601 5432 γῆς
640 5359 965 5430 οἰκουμένης
1003 5359 1299 5429 μυστήριον
1323 5397 1339 5419 ,
1388 5357 1607 5429 θαῦμα,
1648 5359 1944 5435 ίλαστήριοη

2059 5363 2185 5418 eteli
2213 5371 2267 5419 et
2300 5371 2464 5419 terra;
2490 5365 2814 5423 inhabitatae
2849 5368 3193 5440 mysterium,
3228 5363 3639 5424 admirandum-

434 5514 660 5570 ‘Matth.
685 5531 804 5582 xm,
830 5516 864 5570 ὅ
890 5529 1010 5585 sqq.
1086 5514 1107 5544 ³
1130 5510 1302 5569 Exod.
1329 5528 1479 5580 xxiv,
1514 5513 1563 5566 7.
1638 5514 1659 5546 ³
1680 5515 1800 5569 Act.
1830 5531 1868 5579 ι,
1904 5516 1962 5570 11
1996 5532 2115 5589 sqq.

453 5673 567 5746 (75)
606 5672 737 5746 Quae
790 5680 1096 5743 sequuntur
1146 5673 1305 5729 uncis
1342 5671 1587 5739 inclusa,
1642 5673 1694 5728 in
1740 5671 1951 5730 Pcltani

453 5676 567 5746 (75)
606 5676 737 5741 Quae
790 5680 1096 5743 sequuntur
1146 5676 1305 5729 uncis
1342 5676 1587 5739 inclusa,
1642 5676 1694 5728 in
1740 5676 1951 5730 Pcltani
2130 5676 2244 5749 (74)
2276 5676 2491 5738 Joanne
2520 5678 2651 5739 Pico
2677 5681 2996 5751 interprete.

382 5745 622 5802 editione
647 5744 893 5800 deerant.
