3978 6220
345 391 455 454 487

1626 367 1829 431 DUBIA
1867 372 2011 431 AUT
2052 366 2325 426 SPURIA.

3502 364 3616 420 433

348 524 459 582 que
480 500 917 581 prepitiatorium
946 499 1126 559 verbis
1157 496 1419 568 consequi
1448 497 1676 554 tentavi.
1708 496 1920 553 Gestie-
1950 542 1959 561 ι

2065 495 2242 567 κράσας
2294 496 2325 547 ό
2366 492 2534 556 τάλας
2586 489 2726 560 ἐγὼ,
2768 490 2847 553 είς
2898 486 3295 558 ἀκριϐεστέραν
3339 482 3548 537 ἔννοιαν
3579 481 3615 537 ό

347 573 441 656 bat
466 573 684 669 quidem
717 594 992 650 interioris
1014 592 1180 645 animi
1209 589 1469 661 cogitatio
1497 589 1560 643 ad
1588 586 1923 643 exactiorem

2065 587 2125 659 ἧς
2157 585 2383 658 καρδίας
2430 601 2532 657 μου
2561 582 2709 637 ἔνδον
2758 582 3058 651 σκιρτήσας
3090 577 3347 648 λογισμὸς
3390 573 3616 647 βαθείας

350 692 780 763 intelligentiam,
814 701 935 757 quae
965 684 1273 754 exprimere
1306 682 1612 738 conabatur
1639 678 1928 752 profundat

350 784 625 839 memoriae
673 787 727 833 et
792 777 1079 833 altissimae
1129 774 1524 846 speculationis
1575 772 1924 828 miraculum.

353 870 756 933 Verumtamen,
793 868 1124 932 charissimi,
1156 875 1210 922 et
1238 867 1403 921 timor
1433 865 1638 921 multus
1666 871 1721 919 et
1748 862 1930 934 gravis

350 962 620 1018 continuit
657 978 764 1019 me.
797 961 932 1017 Nam
978 960 1243 1016 memoria
1293 955 1770 1026 contemplationis
1804 955 1932 1008 hor-

348 1053 531 1110 rendae
574 1052 859 1122 exagitans
913 1049 1328 1106 tremebundam
1366 1048 1605 1101 animam
1642 1059 1842 1106 meam.
1876 1051 1932 1099 et

349 1161 445 1202 cor
493 1144 897 1199 exhorrescens
950 1158 1058 1197 non
1106 1140 1453 1196 mediocriter
1508 1136 1718 1201 aﬂlixit,
1750 1135 1847 1192 sed
1881 1141 1937 1191 et

350 1239 589 1310 graviter
613 1238 850 1291 vexavit.
877 1234 1133 1291 Conculit
1164 1233 1308 1287 enim
1344 1238 1579 1286 mentem
1603 1244 1781 1284 meam
1814 1243 1932 1282 ma-

348 1331 507 1385 ximae
540 1326 1020 1397 contemplationis
1078 1340 1143 1379 ac
1173 1324 1318 1379 velut
1348 1318 1793 1391 incomprehensi
1822 1334 1937 1389 my-

351 1422 504 1477 sterii
555 1419 836 1483 memoria,
878 1432 1074 1487 nempe
1117 1431 1240 1486 qua:
1292 1413 1424 1469 illud
1482 1410 1666 1481 eloqui
1712 1410 1938 1465 minime

351 1513 544 1584 possit.
577 1510 711 1577 Quis
757 1509 903 1565 enim
950 1506 1264 1577 hujusmodi
1295 1504 1556 1576 mysterio
1583 1501 1940 1572 exprimendo

353 1615 518 1674 queat
551 1585 846 1659 sullicere?
877 1599 1050 1666 Quale
1086 1614 1215 1655 vero
1253 1613 1316 1654 os
1343 1596 1723 1668 pronuntiare,
1753 1607 1941 1664 quaeve

352 1697 544 1767 lingua
570 1693 846 1765 proferet?
879 1693 1236 1764 Nequaquam
1266 1698 1450 1761 potest
1471 1687 1657 1743 dicere
1688 1685 1838 1757 quod
1869 1687 1943 1740 la-

358 1793 454 1842 tet.
487 1783 607 1839 Jam
641 1798 767 1840 vero
802 1783 1039 1847 audebo,
1063 1780 1241 1835 dicam
1267 1780 1334 1836 de
1368 1778 1485 1834 sola
1513 1777 1769 1848 Deipara,
1800 1788 1939 1845 qua-

2033 678 2250 750 μνήμης
2270 718 2286 741 ,
2311 676 2407 731 καὶ
2435 674 2775 746 ὐψηλοτάτης
2800 671 3035 743 θεωρίας
3061 669 3400 741 πειρώμενος
3427 666 3620 736 φέρειν

2028 766 2093 820 τὸ
2137 766 2351 839 θαῦμα,
2382 764 2585 836 τρόμος
2628 763 2722 816 καὶ
2745 761 2911 831 φόϐος
2948 760 3116 823 πολὺς
3166 758 3261 812 καὶ
3292 756 3461 820 δεινὸς
3489 772 3621 808 συν-

2032 858 2156 929 έσχε
2205 875 2307 929 με,
2362 850 2408 910 ὧ
2454 854 2750 927 ἀγαπητοί.
2787 853 2853 907 Ἡ
2879 852 2989 924 γὰρ
3030 852 3217 922 μνήμη
3249 849 3350 920 τῆς
3382 845 3621 917 φρικτῆς

2034 947 2297 1019 θεωρίας,
2324 945 2584 1018 ἔντρομον
2617 944 2716 1016 τὴν
2746 942 2922 1013 ψυχήν
2954 957 3053 1012 μου
3074 981 3089 1006 ,
3119 938 3214 993 καὶ
3243 936 3488 1009 φρικώδη
3518 936 3620 1005 τὴν

2035 1039 2263 1110 καρδίαν
2300 1037 2573 1107 ἐνέγκασα
2602 1036 2662 1089 οὐ
2707 1033 2942 1105 μετρίως
2970 1029 3333 1102 ἐτιμώρησεν,
3363 1027 3496 1082 ἀλλὰ
3524 1026 3624 1080 δυ-

2036 1128 2214 1191 νατῶς
2267 1127 2612 1182 ἐϐασάνισεν.
2660 1122 3013 1193 Ἐπιπλήττει
3057 1120 3166 1190 γάρ
3214 1135 3315 1189 μου
3348 1117 3439 1171 τὸν
3469 1115 3623 1183 νοῦν,

2036 1219 2137 1288 τῆς
2170 1216 2432 1289 μεγίστης
2483 1213 2714 1286 θεωρίας
2755 1214 2789 1285 ὴ
2835 1213 3059 1283 μνήμη,
3103 1211 3180 1272 ὡς
3233 1208 3625 1279 άκαταλήπτου

2042 1308 2345 1379 μυστηρίου
2366 1346 2381 1372 ,
2410 1307 2473 1358 τὸ
2510 1305 2690 1375 λέγειν
2721 1304 2824 1358 οὐκ
2855 1302 3136 1372 ἰσχύουσα.
3167 1298 3264 1363 Τίς
3291 1298 3400 1369 γὰρ
3438 1296 3626 1361 ἱκανὸς

2037 1399 2249 1453 τοιοῦτο
2298 1397 2506 1470 φράσαι
2571 1396 2909 1467 μυστήριον;
2962 1395 3113 1447 ποῖον
3168 1390 3227 1444 δέ
3288 1387 3626 1458 φθέγξασθαι

2041 1491 2236 1562 στόμα,
2259 1490 2293 1562 ἢ
2324 1489 2454 1543 ποία
2480 1488 2699 1557 γλῶσσα
2727 1485 2948 1558 λαλήσει
2972 1503 2987 1552 ;
3007 1481 3289 1553 ·Λέληθεν,
3320 1482 3494 1534 εἰπεῖν
3523 1480 3629 1532 οὐκ

2044 1583 2240 1653 ίσχύει.
2273 1580 2388 1634 Νῦν
2435 1580 2493 1634 δὲ
2526 1579 2786 1649 τολμήσω
2840 1576 2970 1647 περὶ
3016 1575 3113 1647 τῆς
3158 1575 3328 1646 μόνης
3360 1571 3628 1626 Θεοτόκου

2041 1672 2163 1728 καθ’
2193 1672 2221 1726 ὃ
2254 1670 2659 1741 καταλαμϐάνω
2682 1685 2697 1701 ο
2737 1668 2832 1722 καὶ
2860 1666 3020 1721 πάλιν
3050 1665 3341 1737 φοϐοῦμαι.
3376 1665 3490 1717 Οὐκ
3518 1662 3630 1733 ἔχω

2041 1763 2289 1833 γλῶτταν
2317 1762 2485 1827 ἀξίως
2531 1762 2705 1815 εἰπεῖν
2733 1759 2803 1814 τὰ
2831 1758 2952 1813 λίαν
2993 1757 3223 1829 μεγάλα.
3279 1755 3631 1826 Ἰσχνόφιιηος

357 1889 514 1932 tenus
561 1890 861 1946 assequar;
893 1874 1075 1930 denuo
1124 1880 1311 1927 tamen
1366 1884 1584 1936 vereor,
1619 1876 1803 1940 utpote
1848 1866 1941 1938 qui

2065 1854 2153 1926 γὰρ
2208 1855 2304 1909 καὶ⁹
2353 1851 2798 1925 βραδύγλωσσος,
2845 1850 2938 1903 καὶ
2973 1848 3075 1902 οὐκ
3122 1848 3342 1912 εὐλαλος
3375 1848 3630 1917 ὑπάρχω,

356 1967 543 2038 lingua
578 1982 684 2021 non
712 1967 813 2025 sim
848 1966 1109 2037 praeditus
1143 1965 1336 2021 idonea
1368 1963 1435 2018 ad
1468 1977 1534 2018 ea
1566 1961 1799 2018 dicenda
1821 1974 1945 2031 qua

358 2068 487 2115 sunt
534 2059 687 2114 valde
735 2073 969 2130 magna;
1003 2074 1124 2113 sum
1155 2056 1301 2113 enim
1331 2055 1462 2112 exili
1493 2069 1626 2111 voce
1685 2053 1951 2126 tardaque

358 2151 567 2220 lingua,
597 2159 652 2205 et
683 2150 908 2205 minime
934 2150 1198 2211 disertus,
1233 2155 1293 2201 ut
1322 2149 1405 2203 sic
1428 2147 1594 2202 verba
1618 2144 1799 2200 facere
1821 2159 1946 2214 pos-

360 2241 463 2294 sim
497 2239 565 2293 de
590 2237 911 2309 percelebri,
967 2245 1182 2301 saneta,
1217 2234 1448 2303 innupta
1479 2240 1534 2289 et
1580 2233 1803 2302 deipara
1834 2230 1948 2286 Ha-

358 2331 443 2384 ria
470 2339 644 2384 matre
670 2329 911 2394 Domini,
945 2327 1015 2383 de
1067 2342 1173 2398 qua
1221 2327 1411 2381 leviter
1444 2325 1594 2395 loqui
1641 2339 1753 2379 non
1790 2322 1951 2378 debet

364 2422 601 2476 humuua
634 2422 839 2491 lingua.
866 2418 1193 2475 Pertenuem
1220 2419 1368 2476 enim
1400 2417 1566 2472 habet
1591 2430 1775 2472 vocem
1802 2414 1951 2469 illius

363 2512 547 2566 habita
586 2513 817 2579 ratione,
852 2520 910 2566 et
957 2511 1246 2567 imminuta
1296 2518 1381 2567 est
1427 2510 1635 2579 lingua,
1682 2522 1805 2579 quae
1851 2520 1952 2577 pro

364 2604 630 2673 dignitate
658 2602 968 2657 facultatem
1002 2601 1219 2657 dicendi
1258 2617 1367 2657 non
1410 2601 1626 2656 habeat.
1655 2598 1754 2654 Illa
1776 2596 1951 2668 siqui-

365 2694 489 2748 dem
538 2695 614 2748 vel
665 2694 929 2748 caelorum
962 2694 1195 2748 virtutes
1242 2692 1297 2747 in
1344 2701 1623 2761 stuporem
1656 2688 1949 2745 convertit.

366 2785 783 2856 Obstupuerunt
827 2800 1019 2841 omnes
1063 2785 1263 2855 angeli,
1294 2782 1634 2853 archangeli,
1676 2781 1955 2853 principa-

367 2887 480 2944 tus,
513 2885 836 2949 potestates,
870 2878 1076 2943 throni,
1112 2876 1541 2939 dominationes,
1572 2874 1857 2930 cherubim
1889 2887 1955 2928 ac

352 2971 642 3042 ‘seraphim
692 2980 745 3026 et
771 2971 1089 3041 angelorum
1126 2970 1416 3025 universus
1450 2968 1747 3030 exercitus,
1792 2965 1958 3018 timo-

367 3080 431 3120 re
478 3071 825 3134 tremoreque
849 3061 1001 3133 gravi
1028 3061 1257 3128 detenti,
1289 3060 1419 3131 quia
1454 3058 1752 3115 cernebant
1778 3055 1955 3118 illum,

368 3153 464 3226 qui
496 3152 708 3207 habitat
740 3152 799 3207 in
842 3150 1021 3213 caelis,
1053 3164 1151 3220 per
1195 3164 1316 3205 eam
1366 3146 1574 3204 versari
1610 3147 1667 3202 in
1704 3152 1872 3211 terra,
1905 3147 1960 3197 et

2050 1948 2115 2001 ἵν’
2142 1945 2318 2010 οὕτως
2358 1946 2539 2009 εἴπω,
2586 1941 2845 2014 περὶτῆς
2896 1939 3287 2011 μεγαλωνύμου
3337 1940 3431 1992 καὶ
3475 1937 3634 2002 ὁσίας

2049 2040 2142 2095 κα)⁸
2179 2037 2562 2111 άπειρογάμου
2593 2037 2690 2089 καὶ
2725 2034 2978 2088 θεοτόκου
3009 2032 3223 2103 Μαρίας
3246 2072 3262 2096 ,
3308 2029 3511 2103 μητρὸς
3535 2028 3635 2083 τοῦ

2050 2131 2256 2204 Κυρίου
2284 2147 2298 2163 ο
2346 2129 2476 2200 περὶ
2525 2120 2594 2198 ἦς
2625 2126 2728 2179 οὐκ
2779 2123 3037 2196 εὐμαρῶς
3087 2120 3388 2193 ἀνθρώπων
3419 2118 3639 2188 γλῶττα

2051 2224 2295 2294 λαλήσει.
2338 2220 2680 2292 Ἰσχνοφωνεῖ
2716 2215 2825 2287 γὰρ
2886 2215 3022 2287 πρὸς
3082 2212 3317 2283 ταύτην,
3370 2213 3462 2265 καὶ
3511 2213 3644 2265 ὐπο-

2054 2314 2329 2369 στέλλεται
2371 2313 2405 2383 ή
2454 2309 2677 2378 γλῶσσα
2699 2348 2714 2373 ,
2750 2308 2852 2360 οὐκ
2900 2305 3064 2370 ἀξίως
3098 2304 3296 2376 ἔχουσα
3333 2303 3395 2357 τὸ
3433 2303 3636 2372 λέγειν.

2053 2406 2203 2476 Δῦτη
2228 2403 2338 2476 γὰρ
2367 2403 2463 2457 καὶ
2491 2401 2589 2464 τὰς
2625 2399 2734 2453 τῶν
2773 2396 3021 2469 οὐρανῶν
3046 2396 3299 2466 δυνάμεις
3356 2395 3594 2461 ἐξένισεν
3620 2410 3638 2429 ο

2055 2496 2351 2566 ἐξέστησαν
2380 2492 2583 2554 πάντες
2605 2487 2851 2558 ἄγγελοι,
2884 2486 3238 2559 άρχάγγελοι,
3265 2485 3432 2556 ἀρχαὶ
3449 2525 3462 2547 ,
3488 2483 3643 2548 ἐξου-

2058 2589 2170 2641 σίαι
2190 2627 2204 2648 ,
2234 2585 2445 2657 θρόνοι,
2471 2581 2789 2654 κυριότητες
2808 2619 2823 2645 ,
2855 2577 2924 2633 τὰ
2953 2576 3249 2648 χερουὸεὶμ
3296 2579 3393 2630 καὶ
3448 2576 3516 2628 τά
3546 2592 3642 2628 σε-

2060 2679 2270 2752 ραφεὶμ
2321 2678 2417 2731 καὶ
2447 2677 2598 2729 πᾶσα
2626 2670 2857 2745 στρατιὰ
2890 2669 3139 2739 ἀγγέλων
3185 2668 3337 2738 φόϐῳ
3387 2668 3482 2722 καὶ
3515 2669 3644 2741 τρό-

2061 2786 2147 2843 μῳ
2176 2766 2337 2839 δεινῷ
2364 2765 2736 2836 συσχεθέντες.
2777 2759 3121 2831 Ἐθεώρησαν
3161 2759 3270 2831 γὰρ
3306 2760 3398 2813 ἐπὶ
3434 2761 3536 2830 γῆς
3581 2754 3646 2812 ἐν

2058 2863 2196 2932 αὐτῇ
2245 2860 2335 2914 τὸν
2382 2857 2440 2911 ἐν
2476 2857 2730 2927 οὐρανοῖς
2753 2895 2769 2921 ,
2817 2855 2913 2908 καὶ
2940 2853 3216 2924 ἔφριττον.
3247 2851 3517 2907 Ἔὸλεπον
3541 2851 3648 2924 τὴν

2057 2950 2335 3025 Παρθένον
2355 2987 2370 3014 ,
2393 2947 2623 3017 οὐρανὸν
2679 2946 2774 3001 καὶ
2825 2944 3013 3016 θρόνον
3031 2985 3046 3011 ,
3095 2944 3192 2997 καὶ
3221 2944 3525 3013 συνείχοντο
3550 2942 3649 3012 φό-

2061 3044 2162 3115 ϐῳ,
2195 3040 2499 3113 θεωροῦσαι
2543 3040 2634 3093 τὸν
2674 3038 2911 3110 ἄναρχον
2950 3035 3063 3090 ἀπὸ
3099 3035 3292 3107 θρόνου
3323 3035 3650 3107 χερουὸιωῦ

2061 3134 2140 3197 είς
2175 3133 2393 3204 μήτραν
2430 3128 2769 3201 παρθενικὴν
2798 3126 3124 3182 καθίσαντα.

370 3217 850 3300 ἐκιιοιτεεοεθαηι.
902 3217 1235 3309 Spectabant
1288 3232 1577 3311 virginem,
1629 3237 1835 3292 coelum
1907 3241 1964 3289 et
2013 3227 2295 3290 thronum,
2336 3230 2392 3279 et
2439 3220 2839 3284 formidabant,
2887 3219 3017 3277 dum
3070 3217 3458 3291 conspicerent
3521 3232 3650 3274 eum

371 3336 465 3408 qui
500 3334 769 3405 principio
797 3340 971 3396 caret,
1000 3332 1423 3389 descendentem
1461 3347 1492 3385 a
1522 3331 1721 3387 throno
1761 3326 2079 3389 cherubico,
2105 3319 2160 3374 in
2199 3324 2356 3372 utero
2385 3315 2636 3386 virgineo
2676 3315 2891 3371 sedere.

444 3424 490 3480 Ο
515 3425 673 3479 beata
700 3422 877 3488 radix,
904 3438 1027 3493 quae
1057 3422 1198 3477 hanc
1225 3409 1503 3491 produxit.
1535 3420 1612 3477 De
1658 3420 1762 3477 hac
1794 3418 1964 3476 Isaias
1988 3417 2031 3476 (Ξ

375 3513 644 3585 propheta
678 3526 829 3566 more
874 3510 1190 3566 hirundinis
1223 3510 1639 3566 submurmurat
1665 3511 1821 3580 ignea
1854 3510 1961 3565 lin-

376 3620 483 3675 gua
525 3602 839 3658 exclamans
869 3621 882 3656 :
922 3601 1186 3672 Exsurget
1218 3602 1367 3673 virga
1404 3601 1468 3657 de
1508 3602 1688 3659 radice
1714 3601 1887 3667 Iesse,
1912 3610 1964 3657 et

379 3693 478 3762 ﬂos
502 3692 566 3746 de
594 3692 772 3746 radice
791 3690 1064 3757 ascendet,
1094 3700 1143 3747 et
1167 3692 1449 3763 requiescet
1473 3709 1630 3764 super
1649 3710 1767 3749 eum
1790 3692 1965 3768 Spiri-

383 3791 467 3837 tus
489 3780 693 3836 timoris
717 3779 816 3835 Dei
858 3781 897 3833 ¹.

452 3958 533 4014 De
564 3957 750 4014 radice
782 3956 938 4014 Jesse
969 3952 1122 4014 ortus
1151 3966 1236 4016 est
1264 3976 1363 4016 rex
1401 3958 1589 4028 David,
1625 3969 1680 4019 et
1718 3961 1787 4017 de
1821 3963 1969 4018 tribu

384 4051 531 4123 regis
564 4049 780 4107 Davidis
808 4057 997 4106 sancta
1027 4048 1217 4121 Virgo,
1252 4059 1462 4118 sancta,
1483 4051 1727 4123 inquam,
1758 4061 1812 4109 ct
1841 4067 1969 4108 san-

386 4149 598 4198 ctorum
628 4141 866 4197 virorum
898 4141 1027 4205 lilia,
1050 4141 1210 4211 cujus
1233 4152 1486 4211 parentes
1517 4143 1736 4198 fuerunt
1761 4141 1970 4198 Joacim

386 4241 441 4290 et
471 4233 664 4299 Anna;
698 4233 792 4304 qui
824 4232 1044 4303 quidem
1102 4234 1157 4287 in
1209 4234 1319 4287 vita
1349 4249 1446 4289 sua
1480 4233 1589 4289 Deo
1624 4235 1970 4304 placuerunt,

388 4333 553 4397 atque
602 4326 766 4380 etiam
812 4325 1049 4379 fructum
1096 4323 1366 4393 ejusmodi
1414 4325 1972 4394 germinarunt,san-

389 4426 536 4472 ctam
567 4416 836 4486 virginem
865 4412 1116 4481 Mariam,
1147 4415 1407 4483 templum
1436 4415 1602 4471 simul
1643 4424 1699 4472 et
1742 4425 1974 4471 matrem

392 4508 508 4562 Dei.
539 4506 750 4562 Joacim
778 4519 965 4576 porro,
993 4502 1149 4558 Anna
1182 4512 1231 4560 et
1265 4503 1453 4574 Maria,
1484 4506 1535 4561 hi
1581 4515 1693 4562 tres
1724 4505 1978 4563 Trinitati

393 4598 575 4670 palam
626 4596 958 4654 sacriﬁcium
1007 4597 1184 4652 laudis
1232 4596 1554 4654 offerebant.
1586 4596 1796 4655 Joacim
1831 4598 1977 4653 enim

397 4692 796 4760 interpretatur
837 4691 1161 4758 pra-paratio
1194 4688 1427 4755 Domini,
1457 4706 1525 4747 eo
1573 4689 1720 4760 quod
1768 4705 1834 4745 ex
1886 4689 1981 4745 illo

2136 3409 2201 3461 ’Ὠ
2235 3405 2482 3479 μακαρία
2515 3404 2674 3478 pitu“
2717 3404 2882 3460 πόθεν
2907 3404 3113 3476 ταύτην
3141 3403 3473 3476 ἐϐλάστησε;
3512 3402 3653 3475 Περὶ

2061 3500 2313 3570 ταύτηςό
2353 3501 2642 3572 προφήτης
2683 3499 2912 3561 Ἡσαΐας
2944 3498 3020 3562 ὡς
3048 3496 3270 3569 χελιδὼν
3309 3496 3554 3561 κελαδεῖ,
3581 3499 3650 3567 τῇ

2065 3594 2278 3665 πυρίνῳ
2325 3591 2547 3664 γλώττῃ
2594 3590 2733 3661 βοῶν
2762 3607 2775 3620 ο
2829 3590 3266 3657 Ἀναστήσεται
3309 3588 3533 3657 ράὄδυς
3581 3588 3654 3641 ἐκ

2064 3685 2177 3756 τῆς
2192 3682 2364 3754 ῥίζης
2404 3682 2647 3749 Ἰεσσαὶ,
2675 3684 2775 3738 καὶ
2799 3683 2988 3748 ἄνθος
3007 3684 3078 3737 ἐκ
3106 3682 3219 3752 τῆς
3244 3681 3405 3751 ῥίζης
3432 3679 3659 3746 ἀναϐή-

2066 3792 2238 3832 σεται
2258 3816 2273 3841 ,
2305 3775 2406 3830 καὶ
2433 3776 2852 3832 ἀναπαύσεται
2896 3775 2992 3829 ἐπ’
3021 3773 3219 3844 αὐτὴν
3261 3773 3504 3843 Πνεῦμα
3545 3772 3656 3842 ςτό-

2070 3870 2178 3923 ὅου
2214 3867 2384 3923 Θεοῦ.

2154 3961 2249 4013 Ἐκ
2282 3959 2381 4030 τῆς
2436 3959 2593 4030 ῥίζης
2620 3956 2679 4012 δέ
2719 3956 2917 4013 Ἰεσσαὶ
2952 3957 3119 4012 Δαϐὶδ
3158 3958 3187 4010 ὁ
3230 3954 3513 4027 βασιλεὺς,
3558 3952 3660 4008 καὶ

2071 4054 2139 4107 ἐκ
2162 4052 2264 4123 τῆς
2293 4052 2464 4122 φυλῆς
2500 4051 2662 4105 Δαϐὶδ
2688 4050 2785 4105 τοῦ
2813 4050 3080 4122 βασιλέως
3113 4052 3153 4121 ή
3197 4048 3331 4119 ἁγία
3361 4046 3654 4120 Παρθένος,

2072 4147 2108 4219 ή
2132 4144 2253 4199 ὁσία
2289 4142 2398 4197 τῶν
2448 4143 2612 4197 ὁσίων
2662 4142 2872 4215 ἀνδρῶν
2922 4142 3204 4213 θυγάτηρ,
3254 4136 3324 4212 ἧς
3371 4141 3422 4195 oi
3478 4139 3659 4207 γονεῖς

2086 4237 2347 4307 Ἰωακεὶμ
2376 4235 2472 4289 καὶ
2509 4236 2678 4289 Ἄννα
2701 4274 2718 4301 ,
2750 4235 2946 4298 οἵτινες
2976 4234 3038 4287 ἐν
3088 4235 3155 4304 τῇ
3201 4231 3314 4303 ζωῇ
3363 4229 3542 4285 αὐτῶν
3578 4228 3661 4299 τῷ

2074 4325 2197 4400 Θεῷ
2224 4327 2600 4399 εὐηρέστησαν
2620 4364 2636 4391 ,
2670 4325 2720 4380 οἳ
2755 4326 2850 4380 καὶ
2878 4325 3088 4396 καρπὸν
3115 4321 3357 4377 τοιοῦτον
3391 4320 3657 4389 ἐὸλάστη·

2078 4439 2178 4477 σαν
2197 4461 2212 4488 ,
2248 4420 2347 4491 τὴν
2392 4419 2554 4488 ἁγίαν
2586 4419 2863 4491 Παρθένον
2891 4418 3143 4489 Μαρίαν,
3194 4416 3322 4471 ναδν
3352 4413 3487 4468 Θεοῦ
3520 4412 3657 4485 ὁμοῦ

2077 4513 2173 4567 καὶ
2230 4510 2477 4585 μητέρα’
2526 4510 2784 4581 ἰωακεὶμ
2830 4510 2888 4563 δέ
2947 4509 3041 4564 καὶ⁸
3087 4510 3259 4563 Ἀννα
3307 4506 3405 4560 καὶ
3450 4503 3657 4575 Μαρία,

2079 4609 2128 4661 οἱ
2154 4611 2306 4679 τρεῖς
2329 4608 2397 4678 τῇ
2448 4605 2640 4678 Τριάδι
2682 4603 2870 4674 σαφῶς
2907 4600 3347 4674 ἐλειτούργησαν.
3407 4598 3661 4666 Ἰωακεὶμ

2081 4698 2192 4772 γὰρ
2222 4697 2587 4771 ἑρμηνεύεται
2623 4696 2937 4766 ἑτοιμασια
2962 4694 3186 4763 Κυρίου
3208 4710 3222 4725 ο
3265 4692 3326 4756 ἐξ
3357 4687 3523 4745 αὐτοῦ
3554 4687 3662 4759 γὰρ

397 4787 762 4851 praeparatum
813 4781 885 4832 sit
934 4780 1196 4850 templum
1246 4780 1502 4849 Domini,
1553 4797 1750 4853 nempe
1790 4780 1956 4853 Virgo

2085 4786 2389 4858 ήτοιμάσθη
2425 4785 2551 4848 ναὸς
2581 4784 2787 4855 Κυρίου
2817 4785 2850 4852 ή
2884 4782 3178 4853 Παρθένος.
3213 4781 3382 4834 Ἀννα
3412 4780 3469 4833 δὲ
3503 4778 3662 4831 πάλιν
3720 4810 3727 4813 ι

399 4871 557 4926 Anna
600 4884 828 4945 rursum
884 4870 1140 4927 similiter
1188 4874 1367 4945 gratia
1413 4872 1826 4944 interpretatur,
1856 4887 1988 4943 pro-

403 4944 783 5034 pterea"quod
811 4961 1023 5018 Joacim
1073 4971 1130 5020 et
1160 4944 1318 5021 Anna
1366 4965 1598 5036 gratiam
1634 4972 1985 5036 acceperunt,

407 5062 467 5108 ut
499 5052 882 5113 accedentibus
908 5057 1166 5126 precibus
1211 5058 1374 5112 talem
1423 5055 1662 5112 fructum
1708 5056 1987 5126 germina-

410 5153 550 5209 rent,
599 5153 842 5201 sanctam
867 5145 1147 5218 Virginem
1203 5147 1403 5218 adepti.
1454 5147 1662 5203 Joacim
1714 5146 1986 5218 siquidem

412 5236 736 5308 precabatur
781 5238 836 5291 in
889 5246 1095 5302 monte,
1122 5245 1177 5293 et
1204 5240 1362 5293 Anna
1392 5239 1447 5294 in
1474 5237 1633 5293 horto
1674 5252 1798 5293 suo.
1831 5236 1988 5290 Anna

414 5343 545 5384 vero
585 5327 805 5405 gravida
840 5327 1055 5394 eilecta,
1085 5329 1287 5386 caelum
1327 5337 1381 5383 et
1414 5328 1673 5383 thronum
1725 5326 1988 5382 cherubi-

416 5437 539 5477 cum
568 5421 811 5503 peperit,
834 5430 1080 5480 sanctam
1124 5423 1367 5495 puellam
1399 5419 1650 5475 Mariam.
1702 5418 1797 5473 Illa
1844 5419 1989 5474 enim

416 5517 723 5587 reperietur
754 5531 879 5572 esse
917 5515 1145 5583 ccelum,
1178 5515 1440 5587 templum
1492 5522 1547 5570 et
1579 5514 1835 5578 thronus,
1866 5512 1993 5582 quia

315 5668 328 5680 _
416 5608 639 5666 Mariam
672 5609 1023 5681 interpretari
1051 5609 1292 5669 solemus
1314 5608 1606 5675 dominam,
1641 5612 1804 5680 atque
1829 5604 1993 5662 etiam

495 5785 641 5843 ‘lsa.
670 5804 746 5853 xl,
784 5788 834 5852 Ι,
865 5787 920 5847 2.

2085 4876 2286 4947 ὁμοίως
2315 4874 2489 4944 χάρις
2517 4874 2880 4946 ἑρμηνεύεται
2902 4889 2914 4902 ·
2954 4873 3114 4943 χάριν
3147 4871 3255 4942 γὰρ
3283 4869 3474 4923 ἔλαϐεν
3513 4869 3665 4922 Ἰωα-

2088 4965 2220 5035 κεὶμ
2249 4965 2346 5019 καὶ
2375 4965 2564 5029 Ἀννα,
2597 4961 2684 5019 ἵνα
2704 4965 2945 5017 τοιοῦτον
2972 4962 3317 5032 βλαστήσωσι
3343 4958 3553 5031 καρπὸν
3576 4957 3665 5011 διὰ

2090 5056 2426 5128 προσευχῆς,
2459 5056 2558 5129 τὴν
2605 5057 2765 5126 ἁγίαν
2798 5055 3073 5126 Παρθένον
3106 5054 3462 5125 κτησάμενοι.
3516 5052 3667 5107 Ἰωα-

2092 5148 2224 5220 κεὶμ
2252 5148 2361 5221 γάρ
2394 5150 2452 5204 ἐν
2481 5149 2560 5221 τῷ
2585 5150 2699 5224 δρει
2744 5149 3085 5223 προσηύχετο
3108 5188 3123 5214 ,
3162 5147 3257 5202 καὶ
3293 5148 3461 5200 Ἀννα
3505 5147 3565 5199 ἐν
3589 5141 3668 5213 τῷ

2094 5241 2408 5315 παραδείσῳ
2437 5243 2625 5315 αὐτῆς.
2677 5244 3079 5315 Κυοφορήσασα
3121 5241 3185 5295 δὲ.
3211 5241 3379 5295 ’Ἄννα
3401 5279 3416 5305 ,
3444 5234 3671 5309 οὐρανὸν

2094 5333 2189 5389 καὶ
2219 5332 2405 5405 θρόνον
2444 5334 2761 5406 χερουϐικδν
2795 5332 2981 5399 ἔτεκε,
3019 5332 3120 5404 τὴν
3163 5330 3326 5400 άγίαν
3352 5328 3523 5403 κόρην
3547 5328 3671 5383 Μαι

2098 5425 2239 5498 ρίαν.
2267 5425 2414 5496 Αὕτη
2442 5426 2551 5499 γὰρ
2578 5425 2807 5500 οὐρανὸς
2833 5426 2926 5479 καὶ
2950 5424 3076 5489 ναὸς
3102 5424 3196 5478 καὶ
3219 5423 3408 5496 θρόνος
3432 5423 3678 5492 εὑρίσκει-

2094 5535 2208 5574 ται.
2259 5517 2325 5572 Ἠ
2356 5519 2464 5590 γὰρ
2512 5519 2703 5592 Μαρία
2746 5518 3112 5590 ἑρμηνεύεται
3156 5516 3369 5585 κυρία,
3400 5512 3537 5567 ἀλλὰ
3580 5510 3677 5565 καὶ

2096 5610 2290 5678 ἐλπίς.
2335 5610 2543 5686 Κύριον
2572 5609 2681 5683 γὰρ
2735 5609 2890 5665 ἔτεκε
2913 5651 2929 5680 ,
2963 5609 3061 5682 τὴν
3101 5608 3291 5665 ἐλπίδα
3329 5604 3422 5661 τοῦ
3475 5601 3679 5666 παντὸς
