3978 6220
415 305 518 363 48’)

1131 313 1415 368 liOMILlA
1455 313 1520 370 ν.
1562 316 1629 370 ΙΝ
1665 317 1938 374 LAUDES
1977 321 2271 380 SANCTA’J
2327 329 2564 386 MAlil/E
2608 334 2949 394 DEIPAIH‘J.

3557 355 3662 414 490

421 427 631 497 κόσμου
668 416 936 496 Χριστόν.
1008 429 1394 500 Ἐρμηνεύεται
1457 436 1616 488 πάλιν
1671 439 1730 489 τὸ
1786 441 1979 510 Μαρία

2097 459 2257 508 spem.
2289 444 2502 516 Peperit
2547 452 2691 505 enim
2741 453 3049 522 Dominum,
3085 464 3174 528 qui
3223 473 3306 518 est
3335 481 3460 532 spes
3492 474 3660 530 totius

419 518 660 586 σμύρνα
697 519 1044 585 θιιλάσσηςο
1084 522 1327 592 σμύρναν
1357 525 1412 578 δὲ
1443 529 1584 598 ἐρεῖ,
1635 530 1664 580 6
1698 531 1787 582 καὶ
1828 533 1989 601 φημὶ,

421 611 553 680 περὶ
591 609 917 674 ἀθανασίας,
950 612 1031 664 ὅτι
1062 613 1262 682 ἤμελλε
1295 615 1384 666 τὸν
1411 617 1674 671 ἀθάνατον
1721 624 1993 692 μαργαρί-

421 718 520 772 την
548 701 754 754 τίκτειν
785 703 841 754 ὲν
874 705 940 772 τῇ
968 702 1240 775 θαλάσση,
1275 707 1548 761 τουτέστιν
1585 711 1643 762 ὲν
1675 711 1750 780 τῷ
1783 713 1990 783 κόσμῳ.

421 792 706 846 Θάλασσαν
735 792 792 846 δὲ
826 795 942 864 ἐρεῖ
969 794 1060 848 τὸν
1099 795 1313 848 ἅπαντα
1353 799 1589 868 κόσμον,
1624 795 1668 869 ᾧ
1700 805 1732 873 ἠ
1783 804 1993 874 Παρθέ-

419 903 508 947 νος
552 885 796 957 γαλήνην
847 886 1155 958 ἐδωρήσατο
1180 929 1193 952 ,
1226 889 1319 942 τὸν
1365 890 1554 963 λιμένα
1588 897 1817 950 τεκοῦσα
1862 901 1994 970 Χρι-

422 977 564 1035 στόν.
601 982 903 1053 Τοιγαροῦν
959 983 1120 1038 πάλιν
1173 985 1273 1054 τῆς
1327 986 1528 1058 σεμνῆς
1581 990 1748 1061 κόρης
1778 993 1994 1062 Μαρίας

420 1071 782 1142 ἑρμηνεύεται
821 1073 883 1125 τὸ
914 1074 1181 1145 μακάριον
1214 1075 1385 1146 ὄνομα
1405 1118 1419 1138 .
1449 1081 1807 1150 φωτιζομένη
1830 1125 1844 1148 ,
1873 1085 1993 1154 ἥτις

419 1162 692 1232 ἐφωτίσθη
718 1163 868 1231 παρὰ
896 1164 987 1217 τοῦ
1019 1162 1148 1218 Υἰοῦ
1175 1165 1268 1219 τοῦ
1299 1167 1433 1220 Θεοῦ
1453 1208 1467 1232 ,
1500 1171 1593 1222 καὶ
1613 1171 1841 1240 ἐφώτισε
1866 1176 1990 1237 τοὺς

419 1253 816 1319 πιστεύσαντας
877 1257 956 1320 εἰς
1008 1256 1076 1308 τά
1128 1257 1340 1329 πέρατα
1367 1260 1466 1329 τῆς
1517 1263 1621 1332 γῆς
1672 1267 1737 1334 τῇ
1777 1265 1986 1336 Τριάδι.

419 1345 646 1414 Τριάδος
677 1344 784 1417 γὰρ
832 1345 1016 1418 νύμφη
1051 1348 1281 1419 ὑπάρχει
1309 1350 1340 1420 ἡ
1373 1349 1506 1418 ἁγία
1547 1352 1806 1418 Θεοτὸκος
1854 1359 1987 1429 κόρη

419 1432 634 1506 Μαρία,
683 1434 745 1488 τὸ
799 1436 1145 1509 πανάρρητον
1177 1437 1280 1508 τῆς
1323 1442 1630 1512 οἰκονομίας
1662 1447 1942 1515 κειμήλιον
1972 1467 1983 1478 ·

421 1527 557 1597 πρὸς
602 1527 669 1596 ἧν
702 1529 730 1580 6
766 1527 1004 1600 Γαϐριήλ
1030 1546 1044 1560 ·
1078 1529 1276 1597 Χαῖρε,
1317 1537 1750 1603 κεχαριτωμένη
1775 1577 1787 1600 ,
1814 1542 1845 1591 ὀ
1884 1544 1992 1594 Κύ-

409 1634 543 1684 ριος
586 1622 736 1686 μετὰ
767 1618 905 1672 σοῦ.
960 1621 1296 1694 ’Υπέμνησεν
1333 1627 1360 1676 6
1389 1625 1427 1675 Γ
1430 1625 1660 1697 αϐριὴλ,
1695 1629 1788 1680 καὶ
1813 1631 1840 1681 ὁ
1879 1631 1988 1682 Πα-

417 1710 522 1779 τὴρ
567 1707 858 1776 οὐρανόθεν
893 1711 1188 1782 ἀρραϐῶνα
1235 1715 1297 1766 τὸ
1338 1715 1559 1786 Πνεῦμα
1601 1719 1660 1770 τὸ
1699 1718 1850 1786 ἆγιον
1878 1721 1986 1773 ἁπ-

2096 535 2305 598 mundi,
2344 553 2537 608 nempe
2559 541 2858 598 Christum.
2891 546 3125 604 Rursum
3162 568 3357 610 nomen
3390 557 3521 615 illud
3548 561 3651 617 Ma-

2095 623 2172 674 ria
2201 623 2590 694 interpretatur
2619 634 2830 701 myrrha
2861 640 3040 692 maris.
3094 641 3363 713 Myrrham
3397 665 3526 719 vero
3561 651 3661 706 ali-

2093 713 2218 780 quis
2255 716 2400 770 dicet
2438 719 2623 788 (quod
2653 740 2751 792 ego
2785 728 2945 782 etiam
2979 732 3104 802 aio)
3132 735 3197 789 de
3230 713 3659 804 immortalitate.

2092 819 2158 856 eo
2214 806 2356 873 quod
2406 811 2645 876 paritura
2698 826 2842 870 esset
2895 835 3158 887 gemmam
3201 829 3556 886 immortalem
3602 835 3657 890 in

2094 896 2250 958 mari,
2287 897 2386 951 hoc
2423 909 2506 954 est
2538 901 2589 954 in
2621 906 2844 960 mundo.
2871 907 3017 964 Mare
3052 923 3230 968 autem
3265 917 3406 973 dicet
3439 924 3657 977 univer-

2094 1001 2213 1040 sum
2261 990 2541 1053 mundum,
2569 995 2655 1047 cui
2695 995 2852 1066 Virgo
2892 1005 3231 1060 serenitatem
3267 1019 3319 1063 et
3349 1015 3658 1083 tranquilli-
3743 1031 3762 1049 κ

2092 1085 2252 1133 tatem
2282 1084 2533 1148 contulit,
2557 1087 2683 1140 dum
2709 1101 2921 1158 portum
2960 1099 3164 1163 peperit
3185 1098 3485 1160 Christum.
3511 1106 3656 1161 Rur-

2090 1183 2211 1222 sum
2247 1171 2428 1242 itaque
2456 1177 2728 1244 praeclarae
2753 1182 2945 1249 puella:
2975 1183 3157 1240 Maria:
3197 1189 3415 1245 beatum
3457 1211 3656 1252 nomen

2091 1259 2486 1330 interpretatur
2517 1267 2811 1334 illustrata,
2844 1281 3030 1341 utpote
3058 1292 3179 1344 quae
3223 1278 3490 1338 illustrata
3529 1288 3599 1340 sit
3629 1303 3657 1340 a

2091 1347 2229 1404 Filio
2256 1349 2371 1416 Dei,
2400 1365 2454 1408 et
2492 1367 2720 1414 cunctos
2766 1363 3048 1420 credentes
3086 1382 3258 1437 usque
3287 1371 3354 1424 ad
3396 1377 3658 1431 terminos

2088 1449 2247 1498 terras
2296 1444 2549 1502 Trinitati
2595 1451 2998 1509 illuminaverit.
3043 1455 3242 1514 Sancta
3289 1464 3431 1517 enim
3481 1469 3656 1534 puella

2089 1537 2254 1609 Virgo
2284 1540 2452 1596 Maria
2483 1552 2566 1600 est
2594 1561 2794 1616 sponsa
2818 1548 3116 1618 Trinitatis,
3148 1563 3200 1609 et
3218 1556 3518 1614 thesaurus
3545 1561 3658 1615 dis-

2090 1632 2427 1697 pensationis
2495 1636 2652 1704 plane
2717 1653 2971 1706 arcanus,
3023 1645 3112 1696 cui
3165 1644 3381 1702 Gabriel
3434 1649 3653 1719 inquit:

2090 1721 2214 1783 Ave,
2249 1725 2427 1791 gratia
2457 1725 2632 1792 plena,
2676 1727 2934 1784 Dominus
2961 1737 3184 1788 tecum'.
3224 1735 3516 1806 Subjunxit
3551 1741 3656 1795 Ga-

418 1799 675 1866 ἔστειλεν,
715 1803 1012 1873 ὼρμήσατο
1044 1805 1142 1876 τὴν
1180 1806 1454 1876 Παρθένον
1503 1811 1582 1871 είς
1607 1810 1696 1862 τὸν
1731 1815 1979 1884 μονογενῆ

2093 1811 2231 1865 briel
2259 1850 2274 1878 ,
2331 1825 2384 1867 et
2415 1813 2578 1870 Pater
2629 1820 2771 1874 misit
2819 1823 3179 1880 arrhabonem
3215 1827 3282 1882 de
3311 1795 3450 1883 c'aalo
3487 1831 3657 1900 Spiri-

418 1893 546 1946 Υίὸν
569 1935 583 1958 ,
619 1892 868 1965 οὐράνιον
900 1892 1154 1964 νύμφην,
1190 1897 1256 1967 ἦν
1307 1899 1334 1950 6
1383 1900 1572 1971 Πατὴρ
1617 1903 1926 1972 ὴγᾶπησεν,
1960 1908 1987 1958 6

418 1985 546 2047 Υἱὸς
578 1982 817 2054 ὲνῴκησε
844 2023 858 2046 ,
887 1985 948 2059 τὸ
993 1986 1145 2053 ἅγιον
1186 1987 1409 2058 Πνεῦμα
1447 1990 1801 2062 ἐπεπόθησεν.
1838 1995 1985 2065 Αὕτη

417 2076 526 2146 γὰρ
559 2075 742 2146 νύμφη
777 2077 870 2128 καὶ⁸
921 2077 1132 2140 παστὰς
1155 2119 1168 2134 .
1212 2079 1307 2131 καὶ
1344 2081 1409 2132 ὲκ
1454 2081 1653 2150 ταύτης
1699 2086 1726 2136 6
1759 2087 1986 2154 νυμφίος

419 2165 849 2236 ἐκπορευόμενος
865 2165 1098 2236 Χριστὸς
1119 2206 1133 2229 ,
1155 2166 1215 2218 τὸ
1242 2167 1564 2238 παρθενικὸν
1594 2171 1710 2224 ἕνδυ
1721 2190 1814 2242 μα,
1845 2175 1984 2227 κατὰ

417 2254 515 2324 τὴν
560 2252 652 2307 τοῦ
705 2255 981 2325 προφήτου
1027 2255 1188 2308 Δαϐὶδ
1226 2257 1517 2327 μελῳδίαψ
1564 2261 1658 2312 Ἐν
1712 2261 1790 2325 τῷ
1835 2265 1986 2330 ἡλίῳ

416 2344 582 2398 ἔθετο
609 2343 676 2398 τὸ
701 2343 992 2416 σκήνωμα
1035 2346 1214 2400 αὐτοῦ
1233 2387 1248 2409 ,
1284 2347 1379 2398 καὶ
1413 2347 1595 2412 αὐτὸς
1621 2350 1699 2414 ὠς
1728 2352 1985 2419 νυμφίος

413 2430 880 2497 ἐκπορευόμενος
911 2433 976 2485 ἐκ
1007 2433 1242 2486 παστοῦ
1271 2433 1476 2489 αὐτοῦ.
1514 2430 1584 2487 Ὦ
1617 2434 1847 2505 νυμφίου
1883 2433 1982 2488 πό·

413 2517 502 2581 θος
535 2520 792 2588 άγνείαςί
832 2520 930 2590 τὴν
982 2521 1119 2574 ἰδίαν
1166 2522 1388 2593 δούλην,
1442 2521 1692 2590 νύμφην,
1731 2523 1818 2574 καὶ
1875 2539 1978 2590 μη-

410 2609 543 2680 τέρα
596 2612 832 2683 ὁρμᾶται
868 2611 895 2664 6
947 2609 1218 2682 Γαϐριήλ’
1252 2612 1506 2682 πρόξενος
1545 2615 1643 2681 τῆς
1702 2612 1976 2683 Παρθένου

411 2702 628 2770 ἐγένετο
652 2745 665 2766 ,
697 2703 926 2774 ούρανοῦ
970 2705 1064 2757 καὶ
1113 2707 1215 2774 γῆς
1268 2705 1552 2759 συνάπτων
1591 2705 1652 2756 τὸ
1688 2703 1936 2774 θυμίαμα
1964 2723 1975 2734 ·

410 2793 494 2871 ἢν,
517 2794 791 2864 προφῆται
827 2795 1010 2864 σαφῶς
1044 2795 1384 2866 ὑπέγραψαν,
1410 2795 1502 2848 τοῦ
1532 2795 1709 2865 γάμου
1756 2795 1851 2866 τὴν
1880 2795 1976 2849 τά·

413 2884 491 2949 ξιν
530 2887 864 2957 κηρύξαντες
887 2927 901 2949 ,
937 2887 1052 2950 πῶς
1085 2887 1116 2956 ἡ
1149 2888 1416 2957 Παρθένος
1441 2889 1683 2958 οὐράνιος
1727 2878 1975 2959 εὗρίσκε-

408 2996 496 3032 ται
541 2979 722 3050 νύμφη
769 2977 902 3050 όμοῦ
951 2998 1010 3033 τε
1062 2981 1154 3034 καλ⁴
1203 2983 1416 3052 μήτηρ.
1452 2983 1483 3050 ἡ
1524 2981 1589 3033 τά
1642 2979 1745 3051 πρὸ
1800 2981 1978 3050 γάμου

407 3071 554 3142 δῶρα
571 3073 807 3126 λαϐοῦσα
833 3072 893 3126 τὸ
921 3073 1073 3140 ἆγιον
1100 3073 1344 3143 Πνεῦμα,
1376 3076 1574 3144 προῖκα
1611 3073 1666 3126 δὲ
1694 3074 1783 3126 τὸν
1813 3073 1974 3144 οὐρα-

408 3163 498 3216 νὸν
534 3161 667 3235 όμοῦ
697 3181 754 3217 τε
785 3165 878 3217 καὶ¹
906 3164 1248 3234 παράδεισον.

491 3440 700 3512 Ἐζήτει
732 3435 823 3494 οῦν
857 3441 982 3493 ἰδεῖν
1003 3442 1035 3510 ἡ
1058 3439 1330 3510 Παρθένος
1358 3439 1416 3491 ὃν
1444 3437 1647 3494 ἒπόθει.
1681 3439 1775 3490 καὶ
1804 3435 1972 3503 ἕλε-[ε’

410 3533 514 3588 Ποῦ
547 3537 574 3588 6
615 3534 846 3603 νυμφίος
882 3525 942 3587 οῦ
975 3533 1035 3585 τὸ
1079 3531 1269 3594 κάλλος
1322 3531 1498 3593 ποθῶ;
1527 3530 1632 3583 ποῦ
1678 3530 1738 3583 τὸ
1784 3528 1978 3591 κάλλος

407 3626 498 3679 τοῦ
548 3626 696 3697 ἡλίου
742 3624 1158 3696 λαμπρότερον;
1195 3623 1297 3676 ποῦ
1333 3623 1432 3691 τῆς
1467 3625 1644 3691 πάσης
1675 3621 1976 3692 εὐμορφίας

405 3721 436 3787 ἡ
474 3715 831 3786 ἀνεκλάλητος
885 3715 1048 3780 δόξας
1095 3716 1198 3769 ποῦ
1237 3715 1298 3768 τὸ
1344 3713 1604 3769 ἄσϐεστον
1635 3713 1778 3782 φῶς,
1818 3713 1845 3764 ὃ
1877 3729 1973 3764 πο·-

405 3808 572 3864 θοῦσα
601 3811 748 3880 ζητῶ
774 3827 788 3874 ;
830 3808 930 3863 ποῦ
961 3811 988 3862 ό
1011 3809 1159 3878 ἥλιος
1189 3808 1244 3871 ὂς
1287 3809 1480 3861 ἀκτῖνα
1511 3807 1692 3876 ζητεῖ;
1728 3805 1829 3858 ποῦ
1867 3803 1974 3857 τῶν

403 3900 697 3970 χερουϐεὶμ
744 3903 776 3969 ὴ
827 3899 1061 3969 meam;
1115 3899 1218 3952 ποῦ
1264 3898 1371 3952 τῶν
1422 3898 1691 3967 σεραφεὶμ
1720 3895 1781 3949 τὸ
1822 3896 1974 3949 ἀκοί-

411 4007 576 4058 μητον
615 3989 768 4057 ὄμμα
808 3987 1072 4058 Χριστός;
1114 3985 1218 4041 ποῦ
1245 3986 1356 4040 τῶν
1385 3987 1629 4054 ἀγγέλων
1658 3988 1693 4056 ἠ
1738 3984 1976 4055 προσκύ-

406 4096 588 4148 νησις,
621 4079 685 4149 ἣν
719 4079 746 4130 ό
779 4078 1017 4148 Γαϐριὴλ
1058 4081 1327 4148 ὲμήνυσε;
1355 4077 1458 4132 ποῦ
1489 4081 1518 4131 6
1551 4079 1711 4146 μόνος
1751 4076 1845 4130 τοῦ
1884 4077 1978 4148 μό-

405 4188 495 4223 νου
531 4170 821 4241 μονογενὴς
855 4169 985 4232 Υἱὸς
1014 4167 1105 4221 τοῦ
1135 4169 1346 4240 Πατρὸς
1370 4209 1384 4231 ,
1433 4169 1492 4221 ὃν
1519 4171 1552 4238 ἡ
1579 4168 1852 4238 Παρθένος
1880 4181 1977 4220 πο-

404 4260 594 4319 θοῦσα.
625 4260 720 4313 καὶ
748 4257 977 4328 φιλοῦσα
1009 4259 1143 4330 ὁμοῦ
1170 4276 1227 4311 τε
1255 4259 1347 4310 καὶ
1376 4257 1611 4327 ζητοῦσα
1634 4256 1971 4320 ἀσπάζεταις

405 4351 540 4420 προς
564 4352 628 4420 ἣν
653 4351 680 4402 6
718 4349 960 4420 Γαϐριὴλ
984 4366 997 4378 ·
1033 4349 1238 4415 Χαῖρε,
1286 4342 1744 4416 κεχαριτωμένη.
1794 4347 1857 4398 Ἦ
1886 4347 1978 4416 χά-

2095 1911 2206 1956 tum
2241 1913 2518 1971 sanetum;
2548 1914 2867 1978 praeparavit
2904 1912 3176 1982 Virginem
3210 1920 3658 1988 unigenitoFilio,

2092 1994 2300 2047 caelesti
2324 2009 2545 2064 sponso,
2578 2014 2738 2066 quam
2768 1999 2926 2056 Pater
2956 2003 3164 2070 dilexit,
3189 2005 3359 2063 Filius
3384 2011 3655 2063 inhabita-

2093 2085 2187 2142 vit.
2220 2084 2457 2154 Spiritus
2484 2099 2706 2146 sanctus
2729 2095 3047 2162 percnpivit.
3081 2097 3196 2165 Ipsa
3218 2108 3301 2154 est
3323 2101 3466 2154 enim
3490 2117 3655 2169 spon-

2093 2190 2150 2228 sa
2180 2186 2231 2229 et
2261 2178 2554 2240 thalamus,
2591 2192 2642 2233 et
2665 2196 2729 2235 ex
2755 2197 2817 2236 ea
2845 2199 3080 2253 Sponsus
3111 2190 3355 2255 procedit
3377 2190 3648 2251 Christus,

2091 2263 2392 2332 virgineum
2434 2266 3001 2338 indumentum,juxta
3029 2289 3248 2328 suavem
3283 2277 3502 2333 Davidis
3525 2294 3652 2348 pro-

2086 2355 2264 2421 phetat
2288 2358 2592 2413 cantionem
2613 2359 2704 2412 :ln
2729 2362 2835 2413 sole
2853 2365 3026 2423 posuit
3049 2364 3444 2420 tabernaculum
3475 2386 3649 2424 smmt.

2084 2444 2133 2490 et
2163 2436 2268 2501 ipse
2298 2445 2545 2505 tanquam
2587 2451 2807 2504 sponsus
2832 2439 3112 2502 procedens
3142 2440 3203 2490 de
3235 2438 3468 2491 thalamo
3503 2445 3644 2492 suo".

2085 2526 2131 2581 0
2171 2527 2358 2596 sponsi
2395 2526 2725 2581 desiderium
2778 2542 3004 2580 summm
3043 2527 3330 2595 puritatis!
3378 2533 3650 2596 pr0pria°n

2087 2620 2358 2682 ancillam,
2401 2634 2653 2687 sponsam
2688 2627 2740 2671 et
2773 2626 2994 2671 matrem
3047 2618 3148 2671 sibi
3198 2618 3496 2686 despondet
3548 2618 3653 2671 Ga-

2087 2711 2220 2766 ltricl
2264 2709 2490 2765 effectus
2540 2710 2861 2762 conciliator
2912 2707 3171 2777 Virginis,
3225 2710 3348 2763 cmli
3397 2718 3451 2764 et
3495 2719 3652 2764 terra:

2085 2805 2367 2858 incensum
2424 2812 2586 2870 atque
2633 2800 2998 2854 sufﬁmentum
3028 2815 3135 2853 una
3176 2803 3459 2869 copulans,
3488 2818 3648 2870 quam

2084 2892 2302 2960 quidem
2346 2889 2618 2958 Virginem
2667 2889 2944 2958 prophetae
3017 2891 3164 2943 clare
3223 2890 3648 2959 descripserunt,

2085 2981 2211 3036 dum
2252 2981 2610 3050 praedicarunt
2638 2981 2828 3034 seriem
2859 2981 3168 3048 nuptiarum
3211 2980 3486 3044 nimirum,
3515 2995 3652 3049 quo-

2084 3073 2248 3128 modo
2277 3072 2441 3144 Virgo
2472 3073 2743 3127 invenitur
2771 3085 2893 3126 esse
2917 3072 3156 3126 caelestis
3193 3086 3391 3140 sponsa
3437 3078 3490 3125 et
3529 3085 3650 3124 ma-

2033 3159 2048 3177 ⁴
2083 3177 2183 3230 ter,
2209 3181 2349 3234 qum,
2375 3164 2639 3218 donorum
2661 3164 3108 3232 antenuptialium
3127 3163 3367 3225 nomine,
3389 3161 3648 3231 Spiritum

2081 3269 2329 3314 sanctum
2360 3258 2590 3326 accepit,
2623 3258 2766 3313 dotis
2795 3272 2921 3312 vero
2953 3258 3152 3328 gratia,
3175 3257 3373 3312 cmlum
3398 3271 3504 3310 una
3525 3272 3646 3312 cum

2085 3348 2360 3418 paradiso.

2150 3439 2435 3504 Quaerebat
2463 3438 2632 3510 igitur
2666 3438 2828 3509 Virgo
2873 3439 3188 3508 conspicere
3216 3453 3375 3508 quem
3430 3438 3647 3492 deside-

2077 3531 2256 3594 rabat,
2289 3531 2544 3600 inquiens
2583 3549 2595 3583 :
2632 3529 2734 3584 Ubi
2765 3538 2850 3583 est
2895 3545 3129 3600 sponsus
3170 3529 3328 3597 cujus
3352 3527 3650 3596 pulchritu-

2077 3621 2258 3677 dinem
2289 3623 2525 3692 exopto?
2553 3622 2640 3677 ubi
2667 3629 2750 3677 est
2778 3619 3124 3691 pulchritudo
3147 3619 3265 3674 sole
3291 3618 3652 3700 splendidior?

2079 3717 2168 3769 ubi
2199 3717 2368 3770 totius
2401 3715 2587 3770 forma:
2613 3717 2779 3786 gloria
2811 3713 3132 3768 inell‘abilis?
3165 3713 3257 3767 ubi
3296 3713 3476 3766 lumen
3505 3715 3649 3782 quod

2077 3808 2352 3878 exstingui
2381 3809 2589 3877 nequit,
2624 3806 2770 3876 quod
2818 3821 2914 3874 ego
2964 3820 3178 3859 summo
3220 3820 3341 3858 cum
3381 3804 3651 3858 desiderio

2076 3897 2337 3966 requiro?
2370 3897 2462 3952 ubi
2495 3898 2575 3952 sol
2607 3897 2698 3967 qui
2734 3897 2944 3950 radium
2980 3894 3254 3965 exquirit?
3285 3895 3373 3949 ubi
3408 3896 3649 3964 ipsorum

2077 3988 2360 4042 cherubim
2411 3988 2659 4041 cithara?
2703 3987 2794 4041 ubi
2841 3987 3029 4041 oculus
3063 3987 3337 4055 seraphim
3370 3986 3648 4056 nunquam

2077 4075 2354 4132 dormiens
2383 4076 2669 4130 Christus?
2710 4075 2803 4128 ubi
2851 4075 3167 4143 angelorum
3218 4076 3462 4128 atloratio
3489 4092 3649 4143 quam

2077 4165 2293 4221 Gabriel
2336 4167 2628 4221 indicavit?
2653 4167 2741 4220 ubi
2776 4167 2924 4221 solus
2950 4181 3012 4219 ac
3041 4165 3211 4220 solius
3239 4165 3418 4219 Patris
3461 4169 3646 4237 unige-

2077 4259 2226 4314 nitus
2252 4255 2619 4328 Filius,qnem
2639 4259 2803 4327 Virgo
2837 4265 3104 4327 exoptans
3135 4258 3395 4319 redamat,
3429 4263 3650 4327 perqui-

2078 4365 2204 4404 rens
2237 4350 2472 4404 salutat?
2526 4349 2625 4403 Cui
2673 4349 2888 4403 Gabriel
2928 4351 3006 4402 ait
3036 4369 3048 4404 :
3077 4349 3201 4411 Ave,
3236 4349 3436 4412 Maria,
3473 4353 3649 4419 gratia

405 4459 488 4512 ρις
512 4445 544 4512 ὴ
579 4440 887 4512 ἀπέραντος
915 4441 1012 4510 τῆς
1041 4439 1200 4506 ἁγίας
1223 4438 1522 4510 Παρθένου.
1560 4437 1755 4506 Χαῖρε,
1797 4456 1974 4506 κεχα-

2085 4439 2256 4504 plena,
2287 4436 2474 4494 Gratia
2517 4450 2718 4494 sanctae
2766 4437 3005 4510 Virginis
3051 4449 3134 4494 est
3182 4441 3470 4495 immensa.
3522 4442 3647 4504 Ave,

397 4531 685 4602 ριτωμένη
705 4574 719 4596 ,
755 4530 964 4584 πολλῶν
998 4529 1205 4601 ἀρετῶν
1243 4530 1766 4601 κατακεκοσμημένη
1792 4571 1807 4596 ,
1838 4529 1976 4601 λαμ-

403 4620 787 4693 παδηφοροῦσα
824 4619 1067 4691 Παρθένε
1131 4619 1191 4672 τὸ
1228 4621 1489 4674 ἄσϐεστον
1521 4619 1613 4673 τοῦ
1648 4620 1797 4691 ἡλίου
1835 4619 1974 4693 λαμ-

355 4743 360 4749 ·
401 4715 663 4788 πρότερον
714 4713 847 4782 φῶς.
883 4713 1057 4782 Χαῖρε
1079 4755 1092 4777 ,
1142 4717 1578 4782 κεχαριτωμένη
1601 4755 1614 4774 ,
1649 4711 1742 4767 τοῦ
1781 4714 1971 4783 νοητοῦ

402 4807 698 4878 ἀγκίστρου
730 4804 790 4858 τδ
822 4804 1012 4874 δέλεαρ
1034 4822 1047 4835 ο
1086 4805 1144 4856 ὲν
1193 4805 1274 4857 σοὶ
1309 4803 1416 4875 γὰρ
1463 4805 1754 4874 ἄγκιστρον
1795 4806 1828 4876 ἡ
1858 4807 1972 4858 θεό-

399 4911 517 4967 της.
550 4897 723 4963 Χαῖρε
744 4937 758 4955 ,
782 4895 1214 4965 κεχαριτωμένη
1235 4934 1249 4956 ,
1281 4895 1314 4965 ἠ
1361 4893 1522 4965 νοερὰ
1558 4894 1656 4964 τῆς
1705 4894 1860 4964 δόξης
1889 4912 1973 4948 κι-

402 4986 574 5052 ϐωτός
593 5004 608 5018 ·
649 4986 842 5055 Χαῖρε,
871 4986 1328 5054 κεχαριτωμένη,
1353 4987 1386 5054 ἡ
1442 4984 1676 5055 στάμνος
1705 4985 1738 5055 ἡ
1770 4987 1966 5056 χρυσῆ,

399 5077 461 5131 τὸ
490 5079 737 5149 οὐράνιον
764 5076 959 5147 ἔχουσα
991 5075 1182 5146 μάννα.
1217 5075 1411 5142 Χαῖρε,
1444 5075 1902 5145 κεχαριτωμένη,
1935 5077 1968 5146 ἡ

399 5170 497 5240 τὴν
547 5169 802 5236 γλυκεῖαν
867 5165 965 5237 τῆς
1009 5167 1232 5220 ἁεννάου
1281 5166 1462 5237 πηγῆς
1523 5166 1649 5230 τοὺς
1702 5163 1970 5236 διψῶντας

399 5263 745 5334 ὲμπλὴσασα.

467 5351 663 5420 Χαῖρε,
696 5348 1132 5419 κεχαριτωμένη
1149 5387 1164 5412 ,
1191 5348 1353 5420 νοερὰ
1385 5349 1625 5403 θάλασσα
1645 5389 1659 5411 ,
1688 5349 1782 5401 τὸν
1804 5347 1968 5420 οὐρά-

398 5459 508 5496 νιον
548 5443 744 5513 ἔχουσα
785 5439 1127 5512 μαργαρίτην
1176 5440 1408 5510 Χριστόν
1436 5457 1449 5470 ·
1478 5439 1686 5507 Χαῖρε,
1739 5457 1970 5509 κεχαρι-

399 5536 660 5605 τωμένη,
689 5537 719 5584 6
761 5533 1012 5605 λαμπρὸς
1063 5531 1324 5606 οὐρανὸς,
1361 5531 1394 5601 ἡ
1442 5529 1533 5583 τὸν
1583 5528 1863 5602 ἀχώρητον
1910 5533 1966 5584 ἐν

470 5689 489 5719 ³
513 5685 642 5744 Luc.
679 5703 716 5753 ι,
747 5687 837 5740 28.
930 5688 950 5717 ²
974 5684 1117 5740 Psal.
1147 5699 1299 5737 xvm.
1331 5682 1382 5735 6.

718 5788 990 5847 PnnOL.
1023 5784 1141 5843 Gn.
1177 5780 1400 5841 XLIII.

2080 4532 2256 4600 gratia
2300 4532 2456 4600 plena
2487 4547 2505 4585 :
2541 4535 2723 4587 multis
2752 4531 3046 4586 virtutibus
3088 4541 3348 4586 exornata
3374 4531 3560 4601 Virgo,
3593 4533 3649 4586 in

2080 4621 2329 4690 lampade
2379 4632 2603 4692 gestans
2661 4623 2835 4677 lucem
2897 4622 3396 4691 inexstinguihilem
3447 4666 3460 4688 ,
3535 4626 3649 4678 sole

2079 4712 2522 4782 Splendidiorem.
2566 4716 2684 4775 Ave,
2727 4715 2898 4783 gratia
2927 4715 3099 4782 plena,
3142 4713 3287 4767 hami
3332 4730 3455 4768 esca
3487 4717 3652 4784 spiri-

2077 4804 2229 4868 talis;
2253 4804 2518 4872 siquidem
2544 4804 2598 4856 in
2624 4811 2676 4858 te
2699 4804 2890 4859 hamus
2909 4804 3285 4860 estdivinitas.
3317 4806 3439 4866 Ave,
3471 4809 3648 4874 gratia

2074 4893 2228 4960 plena
2266 4893 2453 4962 gloria:
2492 4893 2776 4963 spiritalis.
2807 4893 2933 4958 Ave,
2975 4895 3153 4963 gratia
3198 4895 3375 4962 plena,
3419 4910 3540 4963 qua:
3586 4911 3645 4948 es

2077 5001 2215 5039 urna
2265 5000 2430 5039 aurea
2481 4984 2768 5040 continens
2813 5000 3011 5038 manna
3044 4985 3284 5040 cmlcste.
3315 4980 3440 5046 Ατε,
3469 4988 3645 5055 gratia

2075 5076 2249 5144 plena,
2281 5092 2402 5147 qua)
2447 5077 2696 5134 sitientes
2743 5077 2997 5143 perennis
3044 5076 3212 5132 fontis
3245 5077 3528 5134 dulcedine
3555 5093 3645 5134 sa-

2076 5169 2202 5222 tias.

2147 5350 2270 5414 Ave,
2318 5351 2495 5420 gratia
2532 5353 2708 5420 plena,
2765 5368 2913 5408 mare
2952 5353 3215 5422 spiritale,
3257 5353 3461 5407 habens
3497 5365 3648 5419 gem-

2075 5454 2218 5492 mam
2249 5441 2524 5496 caelestem
2555 5434 2870 5509 Christum;
2900 5443 3024 5505 Ave,
3056 5445 3232 5514 gratia
3256 5444 3431 5511 plena.
3459 5441 3642 5507 splen-

2073 5529 2260 5586 didum
2324 5533 2557 5602 coelum,
2615 5551 2735 5606 qua:
2787 5535 2843 5590 in
2911 5535 3067 5589 oculis
3127 5532 3641 5601 incomprehensum

3285 5774 3358 5834 16
