3978 6220
395 383 491 438 491

1660 367 1865 422 DUBIA
1905 365 2046 421 AUT
2090 365 2361 422 SPUIlM.

3547 377 3656 434 €99

394 497 643 554 contines
681 495 871 550 Deum.
898 504 1020 560 Ave,
1049 494 1222 566 gratia
1249 497 1428 562 plena,
1454 507 1573 563 qua:
1612 491 1961 546 cheruhicum

2072 496 2321 564 οὐρανοῖς
2358 493 2555 564 ἔχουσα
2581 496 2730 550 Θεόν.
2757 495 2956 566 Χαῖρε.
2991 492 3461 564 κεχαριτωμένη,
3489 494 3523 564 ἡ
3560 496 3658 548 τὸν

397 591 652 644 thronum
706 588 1008 643 divinitatis
1060 586 1270 655 fulgore
1314 600 1564 654 superas.
1619 583 1744 648 Ave,
1789 585 1967 652 gratia

393 686 568 750 plena,
613 696 733 752 quae
777 681 901 736 coeli
948 679 1215 734 circulum
1267 677 1453 741 habes,
1480 685 1533 731 et
1565 675 1734 731 Deum
1768 676 1969 729 incom-

395 775 722 843 prehensum
761 772 816 825 in
839 778 891 826 te
928 785 1056 824 vero
1099 769 1578 838 comprehensum.
1631 782 1733 823 nec
1781 774 1966 820 arcta-

394 875 510 918 tum
556 863 824 918 contines.
875 861 1002 920 Ave.
1045 863 1223 931 gratia
1257 863 1433 929 plena,
1480 861 1653 916 nubes
1703 860 1968 914 columnae

394 953 612 1018 similis,
665 967 786 1026 qua:
841 952 1012 1006 Deum
1060 952 1246 1016 habes,
1292 952 1384 1020 qui
1438 951 1697 1020 populum
1745 949 1970 1003 deduxit

396 1062 489 1115 per
516 1045 813 1101 desertum.
847 1043 987 1110 Quid
1015 1042 1226 1097 dicam?
1252 1051 1304 1096 et
1341 1043 1471 1111 quid
1501 1042 1828 1112 proloquar?
1859 1056 1968 1110 quo

391 1143 553 1206 pacto
609 1137 818 1199 beatam
882 1133 1189 1204 praedicabo
1244 1134 1431 1204 gloriae
1495 1133 1774 1188 radicem?
1841 1133 1969 1186 Solo

391 1228 538 1282 enim
592 1227 702 1281 Deo
748 1237 994 1295 excepto,
1046 1225 1258 1279 cunctis
1305 1225 1554 1294 superior
1583 1224 1832 1290 exsistit;
1868 1239 1967 1278 na-

394 1327 518 1372 tura
577 1316 866 1371 formosior
923 1326 1006 1371 est
1062 1315 1197 1386 ipsis
1247 1315 1552 1378 cherubim,
1602 1315 1872 1384 seraphim
1915 1324 1969 1369 et

393 1406 543 1460 omni
569 1406 811 1460 exercitu
853 1405 1098 1475 angelico
1139 1423 1150 1458 :
1193 1407 1280 1458 cui
1324 1403 1678 1474 praedicanda:
1727 1404 1966 1460 cmlestis

395 1513 459 1554 ac
495 1507 709 1552 terrena
739 1498 923 1568 lingua
948 1497 1170 1552 minime
1204 1495 1422 1559 sufficit,
1454 1497 1564 1550 imo
1594 1511 1725 1551 vero
1749 1511 1848 1549 nec
1869 1511 1968 1549 au-

393 1589 658 1658 gelorum.
704 1587 915 1644 Etenim
962 1587 1065 1659 ipsi
1114 1586 1331 1658 quidem
1385 1586 1671 1657 hymnum,
1726 1585 1965 1649 laudem,

395 1681 656 1735 honorem
699 1680 1082 1750 protulerunt:
1115 1693 1223 1732 non
1267 1686 1446 1732 tamen
1479 1693 1544 1733 eo
1579 1676 1739 1732 modo
1786 1677 1966 1746 eloqui

395 1787 494 1841 pro
537 1770 799 1840 dignitate
842 1777 1152 1839 potuerunt.
1193 1767 1542 1823 Ltetabantur
1592 1783 1721 1822 vero
1768 1768 1964 1837 angeli,

2070 584 2389 654 χερουϐικὸν
2445 586 2633 654 θρόνον
2705 586 2804 656 τῆς
2874 585 3123 655 Θεότητος
3183 585 3654 656 ἐξαστράπτουσα.

2068 673 2268 742 Χαζοε,
2302 675 2742 743 κεχαριτωμένη
2763 715 2777 737 ,
2807 674 3004 727 κύκλον
3034 672 3233 744 ἔχουσα
3273 673 3524 744 οὐρανοῦ,
3555 676 3657 724 καὶ

2067 767 2200 820 Θεὸν
2235 766 2517 838 ἀχώρητον
2544 806 2560 831 ,
2597 769 2653 820 ὲν
2686 769 2768 819 σοί
2811 765 2866 818 δὲ
2894 765 3139 836 χωρητὸν
3162 804 3176 829 ,
3214 764 3308 817 καὶ
3351 763 3657 833 ἀστενοχώ-

2071 876 2252 929 ρητον.
2284 859 2481 926 Xal'ps,
2513 856 2953 928 κεχαριτωμένη
2976 894 2990 919 ,
3016 854 3325 924 στυλοειδὴς
3350 853 3546 924 νεφέλη
3573 893 3589 916 ,
3617 853 3654 922 ἡ

2067 951 2158 1002 τὸν
2195 949 2326 1002 Θεὸν
2361 949 2594 1020 ἔχουσα,
2635 950 2726 1002 τὸν
2756 951 2812 1002 ὲν
2844 950 2910 1018 τῇ
2961 947 3150 1018 ἐρήμῳ
3198 946 3290 998 τὸν
3330 945 3458 997 λαὸν
3514 943 3656 996 καθ-

2067 1044 2427 1114 οδηγήσαντα.
2447 1041 2513 1094 Τί
2537 1041 2710 1103 εῐπω;
2743 1040 2834 1092 καὶ
2863 1039 2917 1090 τί
2949 1037 3200 1108 λαλήσω;
3225 1037 3341 1098 πῶς
3360 1034 3656 1105 μακαρίσω

2068 1133 2163 1203 τὴν
2189 1132 2466 1204 όλόῤῥιζον
2513 1131 2701 1196 δόξαν;
2750 1131 2831 1183 ὅτι
2871 1129 3039 1200 χωρὶς
3067 1124 3201 1179 Θεοῦ
3236 1125 3397 1196 μόνου
3430 1125 3653 1178 πάντων

2068 1223 2315 1295 ἀνωτέρα
2361 1224 2614 1294 ὑπάρχει.
2647 1221 3002 1292 Καλλιωτέρα
3046 1219 3156 1290 γὰρ
3205 1218 3314 1270 τῶν
3355 1215 3654 1289 χεῳυὸεὶμ

2068 1317 2162 1369 καὶ
2191 1316 2482 1386 σεραφεὶμ,
2517 1315 2611 1367 καὶ
2647 1313 2826 1384 πάσης
2861 1313 3120 1384 στρατιᾶς
3155 1311 3395 1379 πέφυκεν
3427 1310 3652 1379 ἀγγελι-

2068 1408 2171 1477 κῆς
2190 1424 2202 1436 ·
2230 1407 2364 1476 πρὸς
2390 1408 2454 1476 ἢν
2501 1404 2729 1477 οὐρανοῦ
2773 1405 2867 1458 καὶ
2891 1404 2998 1474 γῆς
3025 1403 3124 1456 οὐκ
3154 1401 3448 1474 ἐπαρκέσει
3475 1401 3653 1470 γλῶτ-

2067 1514 2174 1560 τα,
2219 1497 2362 1567 τάχα
2399 1496 2455 1549 δὲ
2498 1494 2621 1549 οὐτε
2669 1494 2938 1564 ἀγγέλων.
2967 1493 3079 1546 Καὶ
3128 1493 3234 1564 γὰρ
3280 1493 3433 1545 αὐτοὶ
3480 1491 3652 1562 ὕμνον

2069 1588 2163 1641 καὶ
2207 1583 2354 1641 αἶνον
2399 1587 2493 1640 καὶ
2527 1587 2690 1657 τιμὴν
2739 1585 2834 1640 καὶ
2878 1583 3034 1649 δόξαν
3065 1584 3444 1654 προσήνεγκαν
3469 1598 3482 1610 ·
3533 1583 3651 1636 ἀλλ’

2066 1679 2191 1733 οὐτε
2247 1679 2388 1734 οὕτω
2433 1681 2554 1732 κατ’
2587 1678 2744 1745 ἀξίαν
2793 1678 2966 1730 εἰπεῖν
3017 1674 3262 1746 ἴσχυσαν.
3299 1674 3560 1746 Ἐχαιρον
3593 1675 3653 1728 δὲ

2069 1773 2311 1842 ἄγγελοι,
2343 1773 2419 1835 ὡς
2447 1771 2603 1826 αὐτοὶ
2639 1770 2798 1841 μόνον
2825 1769 2916 1822 τὸν
2945 1767 3076 1821 Θεὸν
3112 1767 3323 1837 ἔχοντες
3342 1807 3356 1828 ,
3387 1765 3525 1837 πρὸς
3552 1765 3653 1829 οὓς

393 1871 653 1932 tanquam
710 1860 814 1930 ipsi
863 1860 1128 1914 duntaxat
1169 1858 1335 1914 Deum
1389 1859 1649 1913 haberent
1699 1877 1712 1913 :
1761 1858 1961 1930 quibus

2065 1867 2097 1936 ή
2125 1863 2363 1933 παναγία
2388 1862 2663 1932 Παρθένος
2692 1860 2942 1930 ἀνωτέρα
2978 1858 3189 1927 πέφυκε
3211 1899 3225 1923 ,
3257 1858 3348 1911 τὸν
3395 1858 3528 1911 Θεὸν
3556 1857 3652 1910 τὸν

393 1953 740 2008 sanctissima
774 1949 937 2023 Virgo
967 1952 1215 2021 superior
1241 1949 1402 2013 facta.
1439 1949 1603 2004 Deum
1633 1949 1966 2005 habitantem

393 2046 449 2099 in
481 2043 635 2100 cmlis
668 2044 912 2113 concepit
947 2043 1002 2097 in
1027 2050 1191 2104 terra.
1230 2050 1290 2096 ut
1319 2041 1424 2096 hac
1446 2043 1656 2097 ratione
1689 2042 1964 2097 exercitus

394 2137 710 2206 angelorum
757 2134 1000 2188 traheret
1033 2133 1088 2187 in
1123 2141 1347 2198 terram,
1389 2142 1443 2187 et
1481 2143 1795 2188 versaretur
1839 2148 1963 2187 cum

394 2225 732 2280 hominibus.
770 2223 892 2294 Ipsa
931 2225 1075 2280 enim
1101 2232 1184 2279 est
1219 2223 1340 2278 cmli
1378 2229 1434 2277 et
1462 2232 1621 2278 terra:
1655 2223 1961 2288 mediatrix,

395 2330 516 2385 qua:
542 2315 803 2370 unionem
854 2314 1176 2368 naturaliter
1217 2315 1445 2383 peregit.
1495 2312 1538 2368 Ο
1587 2313 1742 2368 beata
1773 2312 1962 2384 Virgo,

394 2404 647 2462 columba
697 2417 831 2472 pura
877 2410 930 2457 et
975 2417 1174 2472 sponsa
1221 2402 1461 2456 emlestis
1502 2400 1692 2464 Maria,
1741 2402 1962 2466 caelum,

397 2493 654 2563 templum
697 2500 750 2546 et
785 2491 1014 2546 thronus
1058 2492 1384 2554 divinitatis,
1421 2505 1543 2560 quae.
1581 2500 1962 2547 coruscantem

397 2586 450 2638 in
483 2583 622 2638 caelo
664 2589 718 2638 et
755 2583 808 2636 in
839 2591 984 2637 terra
1023 2583 1191 2638 solem
1225 2582 1394 2637 habes
1435 2582 1743 2649 Christum;
1792 2585 1965 2638 nubes

401 2673 599 2737 lucida,
629 2689 751 2744 quae
797 2673 980 2744 fulgur
1033 2673 1101 2729 de
1142 2673 1283 2728 cmlo
1312 2673 1712 2728 lucidissimum
1742 2675 1807 2728 ad
1842 2675 1966 2728 illu-

395 2766 708 2819 minandum
771 2765 1032 2819 mundum
1083 2763 1357 2820 deduxisti
1421 2764 1720 2820 Christum.
1783 2765 1966 2821 Nubes

393 2857 656 2918 caelestis,
687 2872 808 2926 quae
844 2858 1143 2911 tonitruum
1187 2856 1425 2926 Spiritus
1462 2857 1638 2912 sancti
1671 2857 1726 2911 in
1762 2873 1820 2912 se
1847 2858 1965 2927 ipsa

391 2945 732 3002 reconditum
762 2945 987 3000 deduxit
1019 2947 1073 3001 in
1107 2947 1390 3011 mundum,
1421 2957 1474 3002 et
1513 2946 1743 3004 imbrem
1788 2948 1966 3018 Spiri-

395 3045 484 3092 tus
528 3038 702 3093 sancti
749 3039 804 3092 in
851 3039 1163 3094 universam
1199 3049 1399 3093 terram
1443 3039 1509 3094 ad
1553 3039 1962 3109 producendum

392 3130 516 3186 fidei
540 3129 776 3187 fructum
807 3146 932 3185 cum
959 3131 1161 3200 impetu
1193 3130 1432 3186 demisit.
1794 3133 1801 3140 ’

2069 1959 2127 2010 ὲν
2155 1955 2368 2027 οὐρανῷ
2399 1954 2491 2008 ἐπὶ
2516 1954 2616 2024 γῆς
2643 1953 2892 2023 κυήσασα
2911 1991 2926 2017 ,
2959 1951 3025 2003 ἵν’
3055 1949 3227 2013 οὕτως
3257 1951 3457 2024 ἑλκύσῃ
3487 1969 3652 2022 στρα-

2065 2045 2188 2108 τιὰς
2229 2040 2483 2113 ἀγγέλων
2505 2043 2598 2096 ἐπὶ
2640 2043 2745 2112 γῆς
2799 2042 2935 2112 μετὰ
2964 2041 3286 2112 ἀνθρώπων.
3340 2040 3488 2113 Αὕτη
3537 2043 3653 2111 γὰρ

2065 2135 2296 2208 οὐρανοῦ
2340 2135 2436 2189 καὶ
2490 2133 2596 2204 γῆς
2651 2134 2879 2204 μεσίτης
2914 2131 3157 2202 πέφυκεν
3214 2132 3439 2204 ἑνότητα
3490 2136 3651 2203 ποιή-

2068 2243 2227 2280 σασα.
2264 2221 2334 2277 Ὦ
2392 2224 2638 2296 μακαρία
2690 2224 2972 2296 Παρθένε,
3023 2225 3162 2296 ἁγνὴ
3214 2224 3550 2295 περιστερὰ,
3614 2226 3648 2293 ή

2064 2316 2311 2386 οὐράνιος
2338 2313 2522 2385 νύμφη
2553 2312 2763 2384 Μαρία,
2797 2312 3025 2386 οὐρανὸς
3055 2313 3150 2368 καὶ
3178 2313 3302 2377 ναὸς
3331 2314 3425 2366 καὶ
3457 2315 3650 2384 θρόνος

2064 2406 2162 2475 τῆς
2193 2402 2477 2474 θεότητος·
2509 2405 2542 2472 ή
2589 2403 2681 2455 τὸν
2718 2401 3156 2472 ἑξαστράπτοντα
3189 2404 3246 2456 ὲν
3293 2401 3508 2472 οὐρανῷ
3551 2403 3651 2455 καὶ

2067 2494 2161 2547 ἐπὶ
2206 2495 2310 2566 γῆς
2362 2494 2512 2565 ἥλιον
2541 2493 2740 2564 ἔχουσα
2770 2493 3006 2564 Χριστόν
3027 2511 3040 2524 ·
3077 2495 3111 2565 ὴ
3141 2496 3376 2566 φωτεινὴ
3425 2493 3648 2564 νεφέλη,

2067 2586 2367 2656 πάμφωτον
2421 2583 2708 2656 ἀστραπὴν
2745 2583 2803 2650 ἐξ
2849 2584 3079 2655 οὐρανοῦ
3124 2584 3200 2656 τῷ
3251 2585 3442 2654 κόσμῳ
3481 2602 3648 2639 κατα-

2065 2676 2326 2747 λάμψασα
2350 2676 2616 2747 Χριστόν
2653 2677 2687 2746 ή
2741 2675 2992 2746 οὐράνιος
3024 2675 3252 2746 νεφέλη,
3285 2679 3318 2747 ή
3365 2677 3466 2747 τὴν
3492 2677 3647 2748 βρονο
3739 2733 3748 2741 ,

2063 2767 2161 2839 τὴν
2203 2766 2294 2821 τοῦ
2326 2767 2483 2836 ἁγίου
2512 2766 2828 2837 Πνεύματος
2857 2766 2914 2817 ὲν
2952 2767 3118 2837 ἑαυτῇ
3158 2768 3541 2838 κρυπτομένην
3565 2767 3649 2838 τῷ

2065 2859 2254 2930 κόσμῳ
2283 2858 2720 2923 καταϐιϐάσασα,
2750 2859 2784 2928 ή
2821 2857 2916 2909 τὸν
2941 2855 3142 2928 ὄμϐρον
3177 2857 3272 2911 τοῦ
3299 2859 3453 2926 ἁγίου
3485 2858 3646 2912 Πνεύ-

2068 2968 2237 3021 ματος
2267 2952 2333 3022 τῇ
2365 2950 2514 3023 πάσῃ
2541 2952 2610 3020 γῇ
2644 2949 2780 3021 πρὸς
2833 2949 3212 3020 καρποφορίαν
3262 2949 3499 3014 πίστεως
3544 2967 3643 3004 κα-

2064 3041 2366 3114 ταράξασα.

461 3223 589 3287 Ave,
636 3223 812 3292 gratia
847 3224 1022 3294 plena,
1060 3230 1215 3293 porta
1249 3223 1538 3289 caelorum,
1583 3223 1652 3278 de
1701 3239 1805 3295 qua
1838 3239 1961 3296 pro-

2138 3217 2330 3287 Χαῖρε.
2363 3221 2830 3288 κεχαριτωμένη,
2858 3220 3054 3292 ήπύλη
3084 3219 3190 3273 τῶν
3220 3219 3483 3291 οὐρανῶν,
3515 3219 3646 3290 περὶ

391 3315 556 3386 pheta
583 3316 912 3370 vociferatus
934 3324 1040 3377 est,
1069 3316 1156 3370 his
1181 3316 1363 3372 verbis
1388 3316 1405 3345 ί
1434 3334 1448 3370 :
1477 3315 1610 3370 Ecce
1637 3327 1790 3386 porta
1810 3319 1962 3371 clau-

393 3421 476 3466 sa,
516 3413 566 3458 et
615 3405 794 3458 nullus
845 3405 1171 3474 ingredietur
1215 3422 1307 3475 per
1344 3423 1484 3470 eam,
1521 3423 1612 3462 nec
1650 3409 1961 3479 egredietur,

390 3506 741 3569 praterquam
772 3499 1023 3553 Dominus
1046 3498 1187 3552 Deus
1209 3498 1388 3560 solus;
1410 3509 1458 3552 et
1479 3501 1577 3554 erit
1603 3511 1756 3570 porta
1778 3504 1963 3555 clausa

391 3590 536 3653 duci,
569 3589 697 3659 quia
710 3587 820 3640 dux
853 3588 964 3657 ipse
993 3587 1284 3652 vocabitur,
1315 3599 1365 3642 et
1393 3591 1447 3643 in
1479 3589 1653 3658 ipsum
1678 3592 1961 3658 sperabunt

393 3696 571 3735 omnes
605 3689 797 3751 gentes.

461 3848 537 3904 De
566 3849 668 3904 hac
701 3859 856 3920 porta
885 3852 1050 3908 etiam
1091 3854 1145 3908 in
1178 3854 1418 3912 Canticis
1448 3855 1708 3926 propheta
1758 3858 1812 3912 in
1842 3859 1956 3914 dis-

393 3954 557 3995 cursu
589 3942 854 3998 orationis
891 3944 1052 4013 plane
1092 3953 1148 4001 et
1189 3956 1374 4016 aperte
1416 3949 1759 4020 proloquitur
1793 3952 1960 4006 incla-

391 4046 549 4088 mans
577 4052 592 4088 :
637 4032 838 4090 Hortus
870 4037 1146 4094 conclusus
1200 4056 1352 4094 soror
1374 4058 1511 4107 mea,
1538 4057 1749 4110 sponsa,
1775 4044 1958 4098 hortus

388 4122 688 4188 conclusus,
744 4124 860 4192 fons
911 4127 1150 4196 signatus
1191 4129 1234 4182 '.
1283 4128 1482 4185 Mansit
1544 4131 1597 4184 in
1652 4132 1959 4203 virginitate

390 4219 580 4266 sancta
620 4220 672 4266 et
713 4215 971 4282 praeclara
1021 4216 1198 4284 puella
1248 4217 1438 4284 Maria,
1489 4234 1610 4289 quae
1654 4231 1739 4278 est
1785 4223 1957 4277 nubes

391 4305 592 4371 lucida,
619 4305 826 4360 habens
865 4307 1008 4361 intus
1041 4306 1210 4362 Deum
1242 4307 1477 4364 Verbum
1517 4330 1529 4366 :
1569 4311 1636 4365 ad
1668 4327 1830 4382 quam
1861 4328 1958 4368 vo-

389 4395 702 4450 calissimus
740 4393 908 4451 Isaias
960 4414 975 4450 :
1031 4395 1163 4451 Ecce
1202 4398 1361 4453 nubes
1411 4401 1560 4465 levis,
1604 4413 1653 4455 et
1700 4405 1863 4457 veniet
1901 4404 1954 4458 in

393 4483 686 4554 Egyptum
719 4484 772 4538 'z
813 4501 971 4541 mons
996 4487 1308 4544 nullatenus
1348 4491 1593 4558 incisus,
1623 4504 1952 4566 praeruptam

388 4575 597 4630 habens
647 4584 852 4646 petram
908 4576 1226 4648 Christum;
1276 4581 1344 4637 de
1375 4599 1482 4652 qua
1518 4585 1956 4654 sapientissimus

387 4665 577 4721 Daniel
611 4667 686 4722 ait
722 4683 736 4720 :
769 4669 1046 4724 Abscissus
1083 4681 1160 4725 est
1204 4673 1339 4742 lapis
1369 4674 1433 4728 de
1467 4686 1641 4729 mante
1691 4678 1805 4732 sine
1845 4697 1959 4734 ma-

388 4757 542 4812 nibus
561 4756 599 4818 δ,
636 4757 740 4813 hoc
784 4766 869 4814 est
892 4759 1096 4830 absque
1130 4762 1251 4816 viro
1280 4763 1507 4820 solidam
1558 4775 1764 4836 petram
1798 4768 1958 4825 Chri-

389 4858 533 4904 stum
567 4847 727 4920 Virgo
763 4852 992 4920 peperit,
1024 4852 1141 4922 ipsa
1170 4855 1430 4924 templum
1477 4857 1703 4912 minime
1734 4873 1956 4932 compo-

389 4939 756 5008 situm,=-quaa
805 4939 1040 5010 lapidem
1099 4943 1376 4997 caelestem
1438 4944 1600 5000 habet
1647 4948 1951 5017 Christum,

386 5028 506 5098 ipsa
545 5030 719 5085 nubes
761 5031 1206 5096 tonitruiformis,
1253 5050 1374 5104 quae
1409 5033 1591 5107 fulgur
1629 5039 1862 5095 interius
1897 5042 1952 5095 in

387 5127 543 5175 utero
589 5129 792 5191 gestat;
849 5125 1198 5194 sermonique
1247 5141 1368 5180 meo
1425 5135 1718 5183 attestatur
1768 5130 1952 5186 divina

388 5209 690 5280 Scriptura,
723 5211 852 5264 dum
880 5211 956 5265 ait
996 5229 1010 5265 :
1055 5211 1240 5265 Venter
1278 5223 1396 5267 tuus
1445 5231 1660 5270 acervus
1699 5216 1954 5284 frumenti

382 5302 612 5357 vallatus
637 5303 690 5356 in
715 5301 841 5356 liliis
876 5303 919 5356 ⁸.
950 5302 1070 5372 l’psa
1090 5313 1173 5357 est
1193 5319 1321 5374 ager
1349 5307 1569 5361 minime
1605 5307 1806 5373 cultus,
1833 5323 1954 5377 quae

384 5391 620 5450 Verbum
656 5395 803 5449 velut
823 5407 1053 5464 granum
1098 5394 1354 5452 frumenti
1393 5398 1413 5428 ⁸
1438 5398 1764 5467 suscipiens,
1790 5401 1952 5454 etiam

383 5487 718 5559 manipulum
745 5489 1087 5560 germinavit.
1137 5488 1259 5560 Ipsa
1313 5491 1564 5546 clibanus
1603 5493 1948 5547 intellectua-

381 5579 472 5648 lis,
517 5595 638 5650 quee
686 5580 865 5651 ignem
916 5589 971 5636 et
1013 5581 1134 5696 vita:
1163 5597 1358 5652 panem
1400 5583 1656 5640 habebat.
1707 5583 1824 5655 Ipsa
1865 5595 1949 5642 est

2063 3307 2132 3382 ἧς
2181 3313 2210 3363 ό
2269 3313 2555 3383 προφήτης
2613 3313 2854 3382 κέκραγε
2914 3313 3125 3381 λέγων·
3183 3312 3335 3366 Ἰδοὺ
3385 3314 3424 3380 ἠ
3477 3313 3646 3380 πύλη

2064 3403 2460 3473 κεκλεισμένη
2484 3446 2498 3469 ,
2523 3405 2620 3458 καὶ
2651 3404 2849 3470 οὐδεὶς
2885 3405 3298 3459 εισελεὺσεται
3320 3403 3394 3458 δι’
3427 3402 3644 3471 αὐτῆς,

2065 3495 2203 3549 οὐδὲ
2243 3495 2658 3560 ἐξελεύσεται,
2689 3499 2738 3551 εί
2774 3497 2860 3566 μὴ
2903 3497 3118 3565 Κύριος
3155 3499 3188 3550 ό
3224 3496 3369 3563 Θεὸς
3411 3498 3601 3565 μόνος
3625 3513 3642 3529 ·

2063 3587 2164 3640 καὶ
2196 3587 2368 3642 ἔσται
2421 3589 2460 3656 η
2511 3589 2674 3656 πύλη
2730 3591 3130 3660 κεκλεισμένη
3181 3587 3260 3655 τῷ
3305 3589 3643 3658 ἡγουμένῳ.

2063 3676 2212 3728 διότι
2268 3678 2600 3746 ἡγούμενος
2631 3679 2814 3744 αὐτὸς
2844 3679 3235 3747 κληθήσεται,
3281 3679 3381 3734 καί
3417 3682 3504 3746 είς
3535 3682 3644 3734 αὐ-

2063 3764 2168 3817 τὸν
2198 3761 2476 3819 ἐλπιοῦσι
2515 3766 2713 3822 πάντα
2741 3766 2814 3820 τὰ
2841 3769 3006 3836 ἔθνη.

2132 3856 2266 3926 Περὶ
2293 3856 2496 3926 ταύτης
2534 3858 2632 3927 τῆς
2681 3858 2855 3930 πύλης
2887 3861 2978 3913 καὶ
3029 3863 3087 3914 ὲν
3120 3864 3230 3925 τοῖς
3278 3862 3521 3934 ’ᾼσμασι
3570 3866 3640 3934 τῇ

2062 3946 2202 4013 λέξει
2231 3950 2259 4000 ό
2297 3949 2579 4019 προφήτης
2630 3950 2841 4019 τρανῶς
2893 3952 2988 4004 καὶ
3042 3953 3228 4020 σαφῶς
3281 3953 3640 4021 καταλέγεται

2061 4038 2364 4110 κεκραγώςο
2383 4038 2587 4107 Κῆπος
2604 4043 3050 4111 κεκλεισμένας,
3073 4044 3306 4112 ἀδελφή
3327 4063 3466 4114 μου,
3499 4047 3641 4114 νύμ-

2059 4149 2143 4199 φη
2171 4147 2183 4159 ·
2223 4131 2418 4200 κῆπος
2466 4133 2924 4204 κεκλεισμένος,
2956 4136 3118 4205 πηγὴ
3165 4136 3635 4206 ἐσφραγισμένη.

2064 4225 2316 4294 Ἔμεινεν
2345 4225 2402 4276 ὲν
2439 4226 2504 4294 τῇ
2565 4224 2834 4296 παρθενίᾳ
2875 4227 2908 4297 ἡ
2962 4227 3089 4295 ἀγία
3129 4228 3222 4281 καὶ
3275 4228 3448 4298 σεμνὴ
3498 4229 3635 4298 κόρη

2059 4315 2249 4384 Μαρία
2269 4354 2283 4379 ,
2317 4317 2349 4384 ἡ
2383 4316 2616 4388 φωτεινὴ
2646 4316 2841 4387 νεφέλη
2863 4357 2877 4381 ,
2912 4319 2944 4388 ὴ
2983 4318 3128 4370 ἔνδον
3159 4317 3356 4388 ἔχουσα
3384 4314 3478 4370 τὸν
3505 4318 3638 4371 Θεὸν

2058 4403 2229 4470 Δόγον
2259 4417 2272 4430 ·
2305 4402 2440 4473 πρὸς
2477 4403 2543 4473 ἢν
2577 4407 2606 4458 ό
2636 4405 3015 4474 μεγαλόφωνος
3058 4405 3283 4470 ’Ῑίσαῖας
3303 4423 3316 4436 °
3375 4407 3516 4460 Ἰδοὺ
3543 4424 3637 4460 νε-

2059 4492 2213 4559 φέλη
2237 4491 2431 4560 κούφη
2454 4531 2467 4556 ,
2491 4493 2588 4546 καὶ
2619 4492 2751 4561 ἣξει
2785 4495 2871 4559 εὶς
2895 4493 3229 4562 Αἴγυπτον·
3270 4495 3331 4548 τὸ
3362 4495 3636 4565 ἁλατόμη-

2055 4599 2147 4636 τον
2181 4584 2330 4654 ὅρος,
2368 4585 2399 4654 ή
2432 4585 2530 4654 τὴν
2577 4585 2885 4655 ἀκρότομον
2915 4584 3110 4654 ἔχουσα
3146 4585 3349 4656 πέτραν
3377 4587 3632 4657 Χριστὸν,

2060 4675 2189 4746 περὶ
2226 4670 2293 4748 ἦς
2335 4677 2363 4728 ό
2405 4674 2712 4744 σοφώτατος
2741 4677 2938 4749 Δανιὴλ
2967 4677 3146 4746 λέγει·
3191 4678 3513 4750 Ἀπετμήθη
3541 4681 3635 4734 λί-

2059 4769 2162 4832 θος
2186 4767 2254 4832 ἐξ
2282 4767 2457 4837 ὅρους
2494 4768 2642 4823 ἄνευ
2671 4769 2918 4838 χειρῶνο
2953 4771 3252 4836 τουτέστιν,
3285 4772 3411 4826 ἄνευ
3442 4772 3634 4845 ἀνδρὸς

2057 4861 2154 4932 τὴν
2186 4863 2410 4934 στερεὰν
2459 4864 2665 4936 πέτραν
2696 4865 2930 4937 Χριστὸν
2961 4868 3144 4923 ἔτεκεν
3173 4869 3205 4938 ή
3253 4867 3531 4939 Παρθένος
3551 4909 3565 4933 ,
3601 4870 3632 4921 ό

2056 4951 2346 5018 ἀσύνθετος
2376 4955 2534 5019 ναὸς,
2583 4958 2616 5028 ἠ
2655 4957 2746 5010 τὸν
2789 4958 3039 5029 οὐράνιον
3089 4958 3284 5029 ἔχουσα
3315 4960 3459 5014 λίθον
3499 4959 3633 5033 Χριο

2062 5045 2182 5096 στὸν
2204 5083 2218 5107 ,
2263 5046 2296 5114 ή
2329 5045 2667 5118 βροντοειδής
2697 5050 2890 5121 νεφέλη
2909 5091 2924 5113 ,
2952 5051 2986 5120 ἡ
3035 5053 3135 5120 τὴν
3173 5052 3456 5124 ἀστραπὴν
3485 5052 3632 5105 ἔνδον

2057 5133 2410 5203 κοιλιοφόρως
2447 5137 2767 5206 βαστάσασα
2791 5156 2805 5170 °
2838 5141 2930 5193 καὶ
2957 5144 3227 5213 μαρτυρεί
3267 5160 3354 5213 μοι
3381 5142 3457 5212 τῷ
3488 5142 3632 5213 λόγῳ

2057 5225 2089 5292 ή
2120 5223 2236 5277 θεία
2267 5226 2454 5299 Γραφὴ
2485 5228 2717 5296 λέγουσα
2736 5269 2750 5293 ,
2784 5232 2991 5286 Κοίλιά
3018 5250 3134 5286 σου
3163 5236 3424 5303 θημωνίιι
3453 5236 3631 5290 σίτου

2057 5317 2436 5388 πεφραγμένη
2461 5320 2530 5372 ἐν
2579 5322 2802 5390 κρίνοις
2827 5338 2840 5350 ·
2882 5324 2915 5393 ή
2962 5323 3312 5395 ἀγεώργητος
3363 5325 3552 5397 χώρα,
3592 5327 3629 5396 ή

2054 5407 2146 5460 τὸν
2175 5409 2347 5477 Λόγον
2376 5410 2450 5474 ὡς
2474 5411 2669 5466 κόκκον
2697 5413 2844 5467 σίτου
2863 5414 3127 5488 δεξαμένη
3152 5457 3166 5480 ,
3209 5418 3302 5469 καὶ
3326 5419 3384 5471 τὸ
3407 5418 3630 5490 δράγμα

2057 5495 2401 5568 βλαστήσασα
2425 5542 2438 5564 ,
2469 5501 2502 5570 ή
2541 5502 2700 5572 νοερὰ
2735 5502 2986 5568 κλίϐανος
3010 5546 3023 5568 ,
3060 5506 3092 5575 ή
3144 5506 3203 5559 τὸ
3238 5506 3346 5577 πῦρ
3393 5511 3487 5560 καὶ
3537 5509 3628 5562 τὸν

2051 5588 2213 5658 ἄρτον
2243 5590 2341 5661 τῆς
2370 5592 2514 5660 ζωῆς
2547 5593 2741 5662 ἔχουσα
2762 5609 2775 5622 ·
2807 5595 2839 5664 ἡ
2871 5595 2990 5648 ὁσία
3016 5598 3195 5668 μήτηρ
3223 5598 3314 5650 τοῦ
3355 5599 3626 5668 Σωτῆρος,

469 5731 486 5765 ⁸
511 5729 700 5789 Ezech.
730 5749 874 5803 thv,
904 5739 940 5792 2
965 5753 1086 5808 sqq.
1163 5741 1182 5771 ²
1206 5739 1361 5796 Cant.
1397 5757 1468 5808 tv,
1499 5739 1584 5795 12.
1662 5742 1682 5774 ³
1706 5741 1807 5798 lsa.
1836 5759 1950 5809 ιιι,

2104 5745 2278 5799 ‘Dan.
2311 5761 2368 5812 ll,
2395 5748 2482 5801 45.
2562 5749 2582 5779 ’³
2603 5734 2759 5804 Cant.
2786 5751 2962 5817 “1,2.
3042 5754 3061 5783 “
3083 5751 3239 5808 .loun.
3269 5768 3366 5819 xu,
3406 5752 3474 5806 Ἡ
3501 5768 3629 5824 sqq.

1944 6048 1976 6063 ν
