3978 6220
435 329 543 388 495

1148 327 1436 386 uomLIA
1474 329 1541 384 v.
1585 325 1652 381 IN
1706 325 1984 384 LAUDES
2025 326 2322 386 SANCTE
2366 331 2607 387 suum
2646 323 2991 392 DEIPARIE.

3604 342 3713 402 49l-

435 449 472 518 ἡ
519 446 614 502 τὸν
661 445 833 517 Λόγον
884 443 980 500 τοῦ
1018 445 1232 516 Πατρὸς
1285 446 1350 498 ἐκ
1405 445 1498 498 σοῦ
1555 443 1908 516 σαρκωθέντα
1951 459 2033 495 τε-

2139 452 2321 499 5ancta
2353 455 2525 500 mater
2561 445 2882 514 Salvatoris,
2910 463 3030 518 quae
3063 445 3299 504 Verbum
3335 446 3512 508 Patris
3545 468 3611 510 ex
3649 467 3712 510 se

437 541 630 603 κοῦσα,
662 539 798 610 πρὸς
826 538 892 610 ἢν
935 537 1163 599 Ἡσαΐας
1183 555 1196 569 ·
1241 536 1386 590 Ἰδοὺ
1427 537 1465 604 ἡ
1497 535 1794 603 παρθένος
1833 535 1902 588 ἐν
1931 551 2027 602 γα-

436 632 573 700 στρὶ
589 631 732 696 ἔξει,
751 631 848 683 καὶ
868 627 1098 693 τέξεται
1119 627 1272 691 υἱὸν,
1289 631 1380 681 an?
1402 614 1739 683 καλέσουσι
1757 628 1820 680 τὸ
1839 628 2028 694 ὄνομα

437 721 659 784 αὐτοῦ,
700 715 1098 790 Ἐμμανουήλ.
1135 714 1206 771 Ὦ
1233 717 1515 788 Παρθένος
1549 718 1682 787 ἁγία
1703 759 1717 783 ,
1750 719 1881 787 ἁγία
1932 720 2030 790 μή·

440 832 544 886 τηρ
601 800 840 884 Κυρίου·
886 812 1135 884 μακαρία
1179 811 1366 883 νύμφη
1398 799 1626 884 Τριάδος
1683 798 2026 883 ἀχωρίστου-

413 895 688 977 ’μακαρία
724 905 787 956 σὺ
819 906 874 956 ὲν
900 903 1164 973 γυναιξὶν,
1196 907 1228 975 ἡ
1264 903 1500 957 τεκοῦσα
1531 904 1625 956 ἐπὶ
1654 904 1761 975 γῆς
1794 905 1868 967 ὡς
1902 903 2030 974 βρέ-

440 1014 540 1065 φος
568 996 656 1048 τὸν
685 997 901 1050 πάντων
950 996 1174 1066 κτίστην
1224 996 1392 1049 Θεόνο
1429 997 1677 1067 μακαρία
1731 999 1794 1050 σὺ
1832 999 1890 1049 ὲν
1939 1013 2030 1063 γυ-

439 1088 615 1153 ναιξὶν
635 1131 650 1150 ,
685 1091 718 1160 ή
747 1090 882 1159 μόνη
915 1090 1007 1141 ἐπὶ
1036 1089 1140 1160 γῆς
1171 1091 1424 1160 κυήσασα
1452 1089 1544 1143 τὸν
1577 1089 1826 1159 οὐράνιον
1855 1088 1986 1140 Θεόν
2011 1103 2024 1116 °

444 1177 693 1250 μακαρία
730 1180 792 1231 σὺ
847 1180 905 1231 ὲν
945 1179 1192 1246 γυναιξὶν
1218 1218 1233 1242 ,
1276 1173 1345 1250 ἦς
1394 1179 1648 1249 μασθοὺς-
1690 1177 1951 1248 ἐθήλασεν
2000 1178 2030 1229 ό

439 1260 655 1340 τρέφων
703 1269 770 1322 τὰ.
823 1268 1144 1338 σύμπαντα·
1181 1270 1429 1342 μακαρία
1459 1273 1524 1324 σὺ
1571 1273 1628 1324 ὲν
1681 1271 2028 1344 γυναιξ“ιν,ή

442 1359 536 1414 νῦν
582 1361 891 1430 γεννήσασα
927 1361 1019 1415 τὸν
1049 1362 1179 1414 ποτὲ
1210 1361 1492 1416 πλάσαντα
1523 1362 1679 1434 πηλῷ
1722 1363 1812 1415 τὸν
1855 1363 2030 1434 Ἀδὰμ

441 1439 501 1503 ἓν
547 1449 624 1521 τῷ
671 1449 1025 1521 παραδείσῳ,
1074 1451 1306 1504 Θεοτόκε
1364 1451 1493 1519 ἁγία
1541 1452 1775 1522 παρθένε
1817 1453 2027 1523 Μαρία.

442 1531 703 1606 Θεοτόκος
731 1543 839 1613 γὰρ
865 1543 1129 1614 ὑπάρχεις
1147 1585 1161 1608 ,
1265 1544 1357 1597 τὸν
1387 1544 1557 1612 Λόγον
1590 1547 1656 1598 ὲκ
1683 1543 1777 1597 σοῦ
1812 1562 2030 1616 σαρκω-

445 1621 604 1688 θέντα
644 1635 900 1687 τεκοῦσαι
930 1635 1194 1700 Θεοτόκος
1225 1635 1550 1708 ὑπάρχειςή
1582 1637 1674 1690 τὸν
1705 1626 1836 1690 Θεὸν
1858 1638 2030 1705 Λόγον

2130 535 2475 591 incarnatmn
2510 541 2742 610 peperit.
2778 540 2858 596 Ad
2893 556 3057 611 quam
3107 541 3282 598 Isaias
3323 561 3336 598 :
3404 541 3536 598 Ecce
3567 546 3715 616 virgo

2131 631 2187 682 in
2223 640 2371 684 utero
2403 632 2632 694 habebit,
2669 644 2715 687 et
2739 635 2905 701 pariet
2932 634 3124 704 ﬁlium,
3158 635 3208 688 et
3244 635 3501 689 vocabunt
3526 653 3714 692 nomen

2129 719 2243 788 ejus
2276 723 2596 774 Emmanuel
2627 723 2667 774 ⁸.
2701 721 2746 776 Ο
2774 708 2946 795 Virgo
2991 739 3146 794 pura,
3186 735 3375 781 sancta
3413 734 3588 782 mater
3609 720 3716 783 D0-

2132 813 2286 876 mini,
2321 813 2482 866 beata
2517 829 2717 882 sponsa
2761 814 3047 872 Trinitatis
3089 817 3408 883 individuae,
3454 818 3614 873 beata
3654 827 3714 874 tu

2130 906 2273 958 inter
2311 906 2591 970 mulieres,
2639 913 2760 974 quae
2815 906 2984 961 Deum
3037 917 3092 963 et
3147 908 3421 964 hominem
3467 911 3714 965 omnium

2131 1006 2435 1051 creatorem
2486 998 2631 1053 velut
2663 997 2924 1052 infantem
2957 999 3013 1052 in
3045 997 3191 1053 terra
3221 1000 3484 1070 peperisti
3512 1020 3524 1055 :
3555 1002 3714 1056 beata

2132 1094 2189 1139 tu
2223 1084 2365 1140 inter
2391 1087 2674 1151 mulieres,
2697 1103 2820 1157 qua:
2849 1087 2966 1141 sola
2989 1087 3042 1141 in
3072 1097 3215 1141 terra
3240 1088 3408 1145 Deum
3435 1091 3714 1146 cwlestem

2130 1175 2428 1246 concepisti
2463 1197 2477 1233 :
2510 1166 2667 1232 beata
2710 1179 2767 1232 tu
2821 1180 2964 1232 inter
3012 1179 3289 1242 mulieres,
3341 1182 3502 1250 cujus
3543 1182 3715 1238 ubera

2133 1266 2283 1323 suxit
2341 1270 2388 1327 is
2423 1260 2544 1341 lqui
2595 1274 2693 1326 alit
2748 1274 3027 1328 universa.
3098 1262 3299 1326 Sancta
3349 1274 3516 1329 Maria
3562 1277 3717 1346 virgo

2134 1359 2400 1430 Deipara,
2449 1363 2609 1418 beata
2655 1375 2710 1418 tu
2749 1365 2892 1420 inter
2933 1366 3212 1427 mulieres.
3247 1382 3370 1436 quae
3418 1382 3568 1420 nunc
3619 1381 3710 1435 ges

2133 1454 2304 1507 nuisti
2344 1470 2493 1521 eum,
2546 1457 2640 1525 qui
2681 1451 2812 1512 olim
2847 1445 2902 1511 in
2935 1459 3190 1527 paradiso
3237 1458 3493 1512 formavit
3542 1459 3715 1512 Adam

2133 1559 2164 1598 e
2220 1545 2358 1599 luto.
2408 1533 2490 1600 Tu
2539 1549 2683 1602 enim
2719 1563 2776 1602 es
2821 1547 3073 1618 Deipara,
3121 1562 3243 1619 quae
3280 1547 3518 1604 Verbum
3561 1565 3625 1602 ex
3667 1544 3720 1602 te

2136 1636 2484 1690 incarnatum
2525 1627 2783 1708 peperisti
2823 1639 3089 1710 :Dcipara
3121 1641 3366 1704 exsistis,
3395 1656 3517 1710 quae
3548 1639 3719 1694 Deum

442 1719 501 1779 ὲν
551 1729 729 1798 μορςεῇ
761 1727 948 1780 δούλου
989 1729 1275 1799 κυήσασα⁹
1311 1728 1570 1793 Θεοτόκος
1601 1731 1899 1802 ὑπάρχεις,
1946 1717 2028 1782 ὅτι

2139 1728 2373 1784 Verbum
2398 1731 2452 1784 in
2487 1730 2660 1785 forma
2691 1732 2835 1786 servi
2862 1732 3192 1802 concepisti;
3219 1733 3449 1804 Deipara
3469 1733 3717 1797 exsistis,

443 1821 575 1873 Θεὸν
603 1821 776 1889 Λόγον
811 1820 1078 1892 δεξαμένη
1134 1814 1488 1893 σαρκωθέντα
1518 1821 1735 1885 ἔτεκες·
1769 1821 2030 1884 Θεοτόκος

444 1912 711 1983 ὑπάρχεις
738 1914 769 1982 ή
810 1913 947 1982 μόνη
975 1912 1069 1966 τοῦ
1101 1914 1265 1984 μόνου
1302 1914 1566 1984 μονογενῆ
1619 1914 1739 1967 Υἰὸν
1766 1913 1858 1968 τοῦ
1891 1913 2027 1966 Θεοῦ

443 2006 782 2074 γεννήσασα·
823 2005 884 2057 οὐ
933 2005 1268 2076 πρόσκαιρον
1324 2005 1455 2058 Θεὸν
1515 2007 1823 2076 γεννήσασα
1849 2046 1862 2069 ,
1913 2006 2027 2058 ἀλλ’

443 2095 658 2150 αἰώνιον
691 2097 781 2149 τὸν
815 2086 920 2167 πρὸ
950 2095 1044 2148 σοῦ
1080 2097 1175 2149 καὶ
1205 2097 1423 2150 πάντων
1463 2083 1595 2151 Θεὸν
1615 2139 1629 2163 ,
1684 2100 1748 2150 ἐκ
1776 2097 1870 2152 σοῦ
1906 2115 2031 2168 σαρ-

444 2189 690 2242 κωθέντα
713 2204 726 2219 ·
757 2190 820 2242 τὸ
843 2189 1070 2244 ἄσπιλον
1098 2189 1393 2260 πρόϐατον,
1423 2191 1457 2260 ὴ
1483 2189 1573 2242 τὸν
1602 2189 1772 2260 ἀμνὸν
1793 2187 2028 2242 τεκοῦσα

441 2282 677 2353 Χριστόν
706 2299 719 2314 ·
758 2283 792 2342 ἠ
840 2281 1072 2353 δάμαλις
1123 2284 1156 2352 ἠ
1204 2282 1647 2352 ἀπειρόζυγος,ή
1689 2282 1778 2335 τὸν
1829 2281 2029 2352 μόσχον

442 2377 751 2446 γεννήσασα
774 2391 787 2405 ο
814 2376 846 2445 ἡ
881 2375 1043 2446 νοερὰ
1071 2375 1168 2447 τῆς
1198 2374 1435 2439 πίστεως
1462 2371 1731 2447 τράπεζα,
1766 2377 1800 2446 ή
1836 2375 1924 2430 τὸν
1941 2376 2030 2447 ἆρ-

442 2485 534 2521 τον
567 2469 666 2539 τῆς
695 2468 840 2539 ζωῆς
861 2466 940 2538 τῷ
966 2467 1156 2539 κόσμῳ
1188 2459 1567 2540 χορηγήσασα.

514 2557 578 2609 Τί
618 2557 788 2623 elata);
851 2558 942 2610 καὶ
994 2557 1046 2610 τί
1097 2557 1317 2628 λαλήσω
1372 2558 1470 2629 τὴν
1511 2557 1789 2629 όλόρῤιζον
1837 2544 2028 2625 δόξαν;

444 2633 580 2715 Περὶ
610 2643 811 2716 ταύτης
840 2645 938 2715 τῆς
962 2645 1112 2709 ὁσίας
1137 2647 1305 2716 κόρης
1333 2646 1433 2716 τῆς
1463 2647 1739 2712 άείπαιδος
1773 2650 1866 2702 καὶ
1898 2666 2032 2720 παρ-

445 2734 622 2801 θένου,
675 2735 763 2789 διὰ
813 2736 906 2790 τοῦ
957 2739 1235 2808 προφήτου
1283 2737 1533 2806 λέγοντος
1584 2742 1612 2793 ὁ
1656 2740 1785 2804 Θεός
1832 2755 2028 2813 φησιν·

455 2825 558 2881 Ἐκ
591 2828 708 2881 σοῦ
747 2845 848 2897 μοι
894 2827 1281 2892 ἐξελεύσεται
1331 2829 1686 2898 ἡγούμενος,
1728 2831 1834 2885 τοῦ
1880 2832 2030 2884 εἶναι

443 2919 530 2984 είς
558 2918 819 2987 ἄρχοντα
847 2920 917 2973 ἐν
943 2919 1022 2985 τῷ
1062 2921 1301 2986 Ἰσραήλ
1319 2938 1332 2950 ⁸
1361 2920 1460 2974 καὶ
1489 2921 1689 2985 ἔξοδοι
1715 2923 1902 2977 αὐτοῦ
1930 2924 2030 2977 ἀπ’

443 3009 639 3078 ἀρχῆς
673 3009 742 3074 ἐξ
792 3010 1029 3080 rumpebar
1070 3011 1304 3078 αἰῶνος.
1350 3013 1452 3067 Διὰ
1488 3012 1662 3066 τοῦτο
1709 3014 1886 3068 δώσει
1926 3015 2034 3068 αὺ-

2137 1822 2266 1890 quia
2306 1819 2475 1876 Deum
2507 1819 2746 1876 Verbum
2791 1823 3100 1892 suscipiens
3152 1823 3500 1876 incarnatum
3549 1837 3716 1892 pepe-

2131 1916 2287 1981 risti;
2328 1914 2557 1984 Deipara
2587 1915 2832 1978 exsistis,
2868 1931 2989 1985 quae
3009 1917 3125 1970 sola
3164 1916 3336 1972 solius
3384 1913 3479 1970 Dei
3521 1915 3716 1984 unigea

2132 2006 2308 2061 nitum
2361 2004 2556 2061 Filium
2603 2007 2836 2077 genuisti
2871 2023 2886 2073 ;
2921 2023 3030 2062 non
3095 2016 3504 2076 temporaneum
3546 2006 3717 2060 Deum

2131 2099 2369 2170 genuisti
2404 2114 2466 2154 ex
2529 2107 2583 2154 te
2619 2099 2984 2163 incarnatum,
3015 2099 3110 2156 sed
3139 2107 3423 2162 aeternum,
3451 2095 3545 2167 qui
3595 2105 3720 2151 ante

2133 2200 2183 2246 te
2218 2198 2340 2254 est,
2378 2198 2433 2245 et
2465 2197 2590 2244 ante
2619 2190 2825 2244 omnia.
2865 2187 2995 2245 Ovis
3031 2189 3404 2253 immaculata,
3459 2203 3583 2259 quae
3623 2203 3721 2258 pe-

2132 2282 2274 2352 perit
2309 2297 2510 2352 agnum
2549 2280 2865 2348 Christum;
2916 2281 3154 2350 juvenca
3206 2295 3489 2351 nunquam
3520 2279 3714 2350 jugum

2132 2384 2380 2443 experta,
2428 2388 2550 2444 quae
2608 2372 2840 2427 vitulum
2876 2373 3098 2443 genuit;
3139 2371 3263 2427 tidei
3315 2386 3505 2426 mensa
3558 2369 3720 2425 intelé

2132 2465 2403 2528 lectualis,
2442 2480 2562 2534 qua:
2597 2478 2794 2534 panem
2828 2463 2954 2518 vitae
2989 2462 3195 2518 mundo
3223 2462 3610 2532 suppeditavit.

2207 2558 2347 2623 Quid
2376 2557 2576 2623 dicam,
2617 2562 2672 2610 et
2701 2554 2899 2624 quibus
2951 2554 3136 2610 verbis
3173 2555 3458 2624 explicabo
3489 2543 3725 2625 gloriam'

2132 2651 2398 2706 radicitus
2426 2648 2748 2703 fundatam?
2775 2647 2853 2702 De
2885 2648 2988 2703 hac
3025 2655 3216 2704 sancta
3246 2648 3450 2718 puella,
3481 2663 3719 2719 semper,

2136 2740 2382 2811 inquam,
2422 2739 2603 2809 puella
2633 2746 2686 2792 et
2715 2739 2946 2810 virgine,
2973 2737 3115 2794 Deus
3145 2754 3240 2808 per
3263 2739 3581 2810 prophetam
3609 2742 3718 2795 ait:

2136 2831 2222 2886 Ea:
2254 2842 2302 2887 te
2325 2832 2455 2885 mihi
2480 2831 2642 2885 exibit
2669 2831 2798 2893 dum,
2825 2832 2916 2901 qui
2942 2834 3012 2885 sit
3036 2829 3340 2885 dominator
3365 2833 3419 2884 in
3449 2830 3643 2898 Israel,
3669 2832 3722 2886 et

2132 2940 2371 2994 egressus
2394 2923 2506 2992 ejus
2543 2911 2606 2977 ab
2633 2924 2785 2976 initio
2817 2941 2849 2977 a
2877 2923 3059 2978 diebus
3076 2925 3427 2989 aeternitatis;
3451 2934 3724 2992 propterea

2135 3017 2284 3071 dabit
2313 3034 2405 3086 eqs,
2451 3033 2612 3086 usque
2652 3017 2720 3069 ad
2757 3011 2957 3084 tempus
2989 3017 3286 3085 parientis;
3315 3018 3511 3086 pariet,
3545 3026 3594 3071 et
3639 3033 3725 3071 re-

447 3101 589 3167 τοὺς
610 3100 721 3167 ἕως
750 3103 958 3170 καιροῦ
989 3105 1336 3185 τικτούσης,
1379 3105 1630 3170 τέξεται,
1675 3105 1774 3159 καὶ
1819 3097 1873 3160 οἱ
1914 3106 2034 3159 ἐπί-

2139 3093 2268 3180 liqui
2298 3110 2534 3181 ﬁliorum
2560 3111 2672 3180 ejus
2703 3117 3066 3163 convertentur
3090 3107 3159 3161 ad
3179 3109 3322 3178 ﬁlios
3348 3107 3547 3174 Israel;
3578 3118 3712 3162 asta-

445 3196 644 3248 .Iomoc
691 3194 812 3247 τῶν
856 3193 1136 3263 ἀδελφῶν
1179 3195 1368 3252 αὑτοῦ
1411 3197 1888 3266 ἐπιστρέφουσιν
1935 3198 2035 3251 ἐπὶ

447 3284 589 3350 τοὺς
617 3285 790 3351 υἱοὺς
825 3285 1099 3354 Ἰσραήλ·
1151 3287 1249 3340 καὶ
1302 3286 1616 3354 στήσεται,
1654 3288 1752 3342 καί
1805 3288 2036 3356 ὄψεται,

449 3377 546 3429 καὶ
585 3376 867 3445 ποίμνιον
903 3378 1089 3432 αὐτοῦ
1120 3379 1190 3433 ἐν
1233 3367 1406 3450 ίσχύϊ
1422 3382 1659 3449 Κύριος.
1697 3377 1768 3434 Ὦ
1796 3372 2039 3453 Παρθένε

448 3471 599 3540 ἁγία,
634 3473 812 3541 φωτὸς
848 3475 1066 3528 αἰωνίου
1117 3476 1437 3546 ὑπάρχουσα
1477 3477 1681 3548 μήτηρ·
1729 3477 1907 3545 φωτὸς
1943 3474 2036 3529 τοῦ

449 3565 784 3636 φωτίσαντος
815 3568 874 3620 ὲν
906 3567 1154 3638 οὐρανοῖς
1184 3568 1282 3632 τὰς
1325 3569 1434 3630 τῶν
1473 3569 1719 3638 ἀγγέλων
1755 3569 2036 3640 στρατιάς·

450 3659 629 3727 φωτὸς
655 3658 748 3713 τοῦ
778 3661 1112 3730 φωτίσαντος
1141 3661 1249 3715 τῶν
1287 3663 1560 3734 σεραφεὶμ
1588 3662 1649 3715 τὸ
1675 3662 2039 3734 ἀνεκλάλητον

449 3741 606 3822 ὄμμα
624 3769 638 3782 ⁵
674 3752 851 3820 φωτὸς
874 3752 969 3806 τοῦ
998 3753 1333 3823 φωτίσαντος
1362 3753 1642 3826 λαμπραῖς
1666 3753 1915 3825 λαμπάσι
1948 3755 2040 3806 τὸν

452 3845 632 3914 ήλιον⁸
669 3846 849 3914 φωτὸς
879 3845 973 3898 τοῦ
1008 3847 1345 3915 φωτίσαντος
1374 3847 1444 3900 τὰ
1473 3847 1685 3919 πέρατα
1719 3847 1820 3917 τῆς
1859 3848 2038 3900 οἰκου-

457 3939 624 4008 μένης
645 3941 710 4008 τῇ
743 3938 936 4009 Τριάδι
960 3955 973 3969 ·
1007 3928 1183 4007 φωτὸς
1212 3938 1304 3992 τοῦ
1335 3939 1579 4002 εἰπόντος
1599 3956 1611 3968 ·
1658 3925 1805 4008 Ἐγώ
1830 3940 1947 4008 είμι
1973 3939 2038 3991 τὸ

455 4027 582 4096 ερῶς
617 4029 724 4081 τοῦ
756 4030 989 4098 κόσμου
1014 4047 1028 4061 ·
1064 4030 1241 4099 φωτὸς
1267 4031 1359 4083 τοῦ
1383 4031 1695 4102 εἰρηκότος·
1736 4029 1883 4099 Ἐγὼ
1913 4029 2041 4097 φῶς

453 4121 540 4185 είς
582 4118 690 4174 τὸν
739 4121 973 4189 κόσμον
1004 4119 1307 4187 ἐλήλυθα·
1345 4121 1520 4189 φωτὸς
1566 4121 1659 4172 τοῦ
1708 4118 2041 4189 ἀναληφθέν-

453 4217 546 4273 τος
576 4212 671 4264 καὶ
701 4211 1034 4280 φωτίσαντος
1065 4212 1122 4263 ὲν
1143 4211 1390 4280 οὐρανοῖς
1419 4211 1512 4264 καὶ
1545 4210 1636 4262 ἐπὶ
1671 4210 1772 4279 γῆς
1799 4209 1869 4262 τὰ
1900 4208 2040 4279 σύμ·-

456 4311 652 4356 παντα.
685 4297 754 4355 Ὦ
798 4301 1037 4372 παναγία
1084 4301 1348 4372 Παρθένε,
1391 4303 1424 4373 ή
1478 4301 1738 4374 στρατιὰς
1793 4299 2042 4369 ἀγγέλων

457 4393 737 4461 ξενίσασαι
785 4394 946 4448 Ξένον
995 4393 1105 4466 γὰρ
1148 4393 1334 4464 θαῦμα
1378 4395 1437 4447 ὲν
1480 4394 1749 4464 οὐρανοῖς,
1805 4391 1940 4462 γυνὴ
1981 4391 2043 4444 τὸ

456 4484 570 4552 φῶς
595 4487 652 4538 ἐν
693 4483 964 4553 ἀγκάλαις
1004 4483 1321 4553 βαστάσασα
1341 4500 1354 4513 '
1387 4483 1537 4550 ξένον
1573 4481 1756 4551 θαῦμα
1789 4483 1845 4534 ἐν
1875 4481 2041 4552 οὑρα-
2074 4469 2120 4526 D

455 4579 584 4643 νοῖς,
621 4577 936 4650 χερουϐικὸς
968 4577 1155 4648 θρόνος
1187 4576 1372 4647 ἕτερος
1398 4596 1410 4608 ·
1447 4576 1595 4643 ξένον
1619 4576 1804 4646 θαῦμα
1841 4577 1898 4629 ὲν
1943 4576 2037 4627 οὑ-

459 4672 658 4740 ρανοῖς,
690 4670 948 4738 γυναικὸς
974 4670 1108 4736 υίὸς,
1141 4671 1312 4740 αὐτῆς
1343 4670 1436 4723 καὶ
1461 4668 1569 4722 τῶν
1602 4667 1812 4722 αἰώνων
1858 4668 2038 4740 πατὴρ

458 4761 718 4832 ὑπάρχων
737 4779 749 4792 ο
777 4761 924 4826 ξένον
953 4761 1137 4833 θαῦμα
1167 4763 1226 4815 ἐν
1256 4763 1529 4832 οὐρανοῖς,
1565 4761 1840 4832 Παρθένου
1876 4759 2039 4814 θάλα-

462 4871 599 4923 μος,
645 4854 773 4907 Tib.)
829 4853 1000 4920 Θεοῦ,
1041 4854 1172 4906 Θεὸν
1224 4854 1456 4923 νυμφίον
1515 4851 1713 4922 ἔχουσα
1772 4852 2036 4923 Χριστόν·

460 4946 608 5011 ξένον
653 4945 834 5016 θαῦμα
873 4947 929 4998 ὲν
978 4947 1248 5017 οὐρανοῖς,
1273 4947 1331 4998 τὸ
1368 4945 1565 5016 βρέφος
1596 4944 1697 5013 τῆς
1737 4943 2036 5013 Παρθένου,

458 5040 732 5110 Δεσπότης
755 5039 863 5091 τῶν
897 5039 1142 5106 ἀγγέλων
1176 5040 1442 5106 πέφυκεν.
1495 5033 1567 5089 Ὦ
1616 5037 1858 5104 παναγία
1893 5037 2042 5106 Παρ-

460 5132 600 5196 θὲνε,
629 5132 811 5204 μήτηρ
837 5129 930 5182 τοῦ
962 5131 1232 5200 Σωτῆρος,
1270 5131 1303 5200 ἡ
1340 5131 1430 5183 τὸν
1475 5130 1704 5200 ἄναρχον
1733 5129 2041 5198 γεννήσασα

458 5224 649 5292 Λόγον,
677 5222 769 5276 τὸν
802 5220 894 5274 τοῦ
920 5222 1129 5292 Πατρὸς
1155 5221 1440 5292 σύνθρονον
1470 5223 1616 5284 Υἱον,
1644 5220 1734 5274 τὸν
1756 5219 2040 5290 όμοοὺσιον

457 5312 552 5367 τοῦ
581 5313 791 5384 [ἰατρὸς
831 5312 927 5364 καὶ
971 5310 1064 5364 τοῦ
1112 5311 1268 5379 ἁγίου
1301 5311 1640 5382 Πνεύματος,
1673 5311 1765 5364 τὸν
1803 5309 2042 5380 προαιὼ-

469 5422 568 5458 νιον
606 5405 701 5456 σὺν
746 5403 923 5473 Πατρὶ
977 5402 1071 5455 καὶ
1114 5401 1194 5470 τῷ
1247 5402 1386 5473 ἁγίῳ
1424 5401 1723 5470 Πνεύματι,
1775 5402 1866 5454 τὸν
1915 5402 2041 5462 τοὺς

459 5497 718 5569 οὐρανοὺς
773 5495 1198 5567 καμαρώσαντα,
1243 5494 1334 5546 τὸν
1397 5494 1496 5564 τὴν
1554 5493 1659 5563 γῆν
1719 5494 2038 5564 ὲδράσανταε

462 5588 654 5657 Χαῖρε,
708 5587 947 5656 παναγία
999 5587 1264 5658 Παρθένε,
1308 5587 1342 5656 ή
1390 5584 1452 5638 τὸ
1507 5585 1618 5655 πῦρ
1649 5585 1748 5655 τής
1791 5585 2042 5656 θεότητος

2142 3202 2215 3253 bit
2250 3213 2298 3254 et
2337 3200 2551 3262 videbit,
2592 3209 2641 3253 et
2677 3209 2854 3267 pascet
2885 3198 3017 3252 ovile
3065 3215 3216 3252 suum
3252 3200 3308 3251 in
3352 3201 3584 3268 potentia
3607 3199 3725 3254 Do-

2142 3293 2375 3346 miuus'.
2421 3290 2465 3344 0
2497 3291 2650 3362 virgo
2681 3298 2870 3344 sancta
2908 3287 3045 3342 lucis
3076 3296 3290 3343 aeternae
3328 3296 3523 3352 mater,
3559 3288 3722 3354 lucis,

2141 3384 2387 3452 inquam,
2425 3397 2544 3452 quae.
2567 3382 2620 3436 in
2654 3367 2811 3436 curiis
2842 3380 3112 3434 illuminat
3145 3381 3332 3450 c0pias
3362 3382 3679 3452 angelorum
3706 3399 3721 3436 :

2141 3477 2300 3540 lucis,
2341 3492 2461 3545 quze
2503 3475 2774 3528 illuminat
2809 3473 3051 3543 ipsorum
3103 3473 3378 3541 seraphim
3416 3473 3727 3544 incompre-

2141 3571 2373 3625 hensum
2405 3567 2622 3621 oculum
2649 3585 2662 3634 ;
2700 3567 2862 3630 lucis,
2896 3582 3016 3638 qua:
3049 3566 3323 3620 illuminat
3353 3567 3524 3621 solem
3553 3567 3725 3637 splen‘

2139 3662 2284 3718 didis
2311 3661 2559 3727 facibus;
2599 3659 2760 3722 lucis,
2803 3675 2927 3730 quae
2975 3659 3110 3714 ﬁnes
3157 3666 3316 3713 terrae
3355 3657 3624 3711 illuminat
3658 3653 3726 3712 ad

2139 3755 2468 3811 credendum
2515 3751 2809 3817 Trinitati;
2846 3752 3004 3815 lucis,
3047 3765 3169 3821 quae
3210 3749 3384 3804 dixit:
3460 3747 3568 3819 Ego
3609 3759 3727 3802 sum

2139 3847 2235 3901 tua:
2265 3846 2508 3900 mundi’:
2544 3845 2703 3910 lucis,
2741 3859 2862 3914 quae
2895 3844 3064 3900 dixit:
3107 3843 3219 3914 Ego
3259 3843 3352 3897 lux
3384 3843 3439 3896 in
3473 3841 3726 3896 mundum

2139 3937 2332 3992 veni":
2397 3935 2570 4000 lucis,
2624 3949 2746 4004 quae
2795 3942 3078 4003 assumpta
3129 3943 3249 3998 est,
3303 3943 3357 3990 et
3401 3933 3728 3989 illuminavit

2139 4038 2356 4091 cuncta,
2386 4042 2508 4097 qua
2541 4035 2669 4082 sunt.
2703 4026 2757 4079 in
2788 4026 2946 4080 caelis
2976 4033 3029 4080 et.
3060 4026 3115 4079 in
3144 4033 3312 4080 terra.
3335 4025 3380 4080 Ο
3402 4024 3566 4096 Virgo
3597 4042 3726 4080 sane

2140 4121 2408 4183 ctissima,
2438 4109 2558 4188 qua:
2581 4118 2858 4172 exercitus
2888 4117 3205 4187 angelorum
3239 4119 3292 4170 in
3326 4127 3601 4185 stuporem
3629 4119 3714 4170 de-

2141 4208 2383 4264 duxisti!
2413 4205 2752 4276 Stupendum
2792 4205 2936 4260 enim
2965 4212 3048 4259 est
3088 4204 3410 4258 miraculum
3445 4206 3498 4258 in
3533 4207 3713 4261 caelis.

2143 4299 2334 4355 mulier
2363 4299 2563 4352 amicta
2591 4297 2770 4362 sole”;
2813 4297 3139 4366 stupenduin
3172 4296 3498 4349 miraculum
3540 4297 3593 4350 in
3620 4312 3730 4349 ('0‘.-

2146 4393 2235 4457 Iis,
2265 4391 2462 4444 mulier
2491 4395 2712 4460 gestans
2746 4390 2922 4443 lucem
2958 4387 3012 4440 in
3040 4386 3225 4452 ulnis;
3262 4388 3589 4455 stupendum
3625 4391 3728 4440 mi.

2147 4483 2392 4538 raculum
2434 4482 2487 4535 in
2527 4481 2701 4545 cmlis,
2749 4481 2885 4535 alter
2911 4479 3142 4534 thronus
3185 4479 3555 4542 cherubicus;
3609 4485 3734 4532 sti:—

2145 4576 2381 4647 pendum
2418 4572 2743 4628 miraculum
2794 4572 2848 4625 in
2876 4571 3066 4634 cmlis,
3113 4569 3358 4624 mulieris
3405 4568 3584 4630 ﬁlius,
3638 4570 3727 4637 qui

2145 4676 2198 4723 et.
2229 4667 2423 4736 ipsius,
2451 4673 2506 4720 et
2540 4664 2864 4718 saeculorum
2895 4670 2979 4717 est
3014 4671 3167 4731 pater
3195 4678 3209 4726 ;
3261 4661 3587 4729 stupendum
3630 4661 3730 4714 mi-

2146 4760 2392 4814 raculum
2417 4759 2470 4811 in
2505 4757 2680 4820 caelis,
2714 4755 2988 4810 thalamus
3011 4753 3271 4824 Virginis,
3298 4753 3507 4807 habens
3530 4751 3725 4805 Filium

2148 4851 2262 4914 Dei,
2293 4850 2458 4904 Deum
2490 4863 2753 4918 sponsum
2785 4846 3099 4911 Christum;
3135 4843 3467 4914 stupendum
3499 4843 3730 4896 miracu-

2147 4943 2257 4995 lum
2295 4942 2346 4994 in
2386 4941 2559 5000 ccelis,
2604 4937 2867 4991 Dominus
2899 4936 3240 5005 angelorum,
3273 4933 3454 4988 infans
3488 4931 3729 5002 Virginis

2146 5035 2371 5089 eﬂ'cclus
2395 5039 2500 5086 est.
2541 5029 2586 5083 Ο
2626 5028 2976 5084 sanctissima
3006 5025 3170 5095 Virgo
3203 5034 3374 5080 mater
3406 5025 3726 5086 Salvatoris,

2147 5137 2268 5192 qua:
2288 5119 2522 5191 genuisti
2547 5118 2816 5188 principio
2843 5131 3039 5171 carens
3060 5115 3323 5181 Verbum,
3351 5113 3549 5170 Filium
3579 5116 3730 5170 scili—

2149 5223 2235 5270 cet
2266 5212 2515 5268 eumdem
2565 5226 2688 5266 cum
2735 5210 2898 5265 Patre
2943 5210 3232 5264 habentem
3271 5209 3556 5275 thronum,
3607 5223 3732 5262 con-

2144 5288 2562 5361 subs’tantialem
2610 5302 2757 5357 Patri
2813 5310 2867 5356 et
2909 5301 3137 5372 Spiritui
3191 5309 3422 5366 sancto,
3477 5301 3728 5370 quicum

2143 5397 2303 5451 Patre
2335 5403 2389 5450 et
2421 5393 2628 5463 Spiritu
2661 5401 2855 5447 sancto
2885 5399 2969 5446 est
3001 5401 3127 5447 ante
3156 5391 3378 5454 saecula,
3407 5390 3500 5460 qui
3531 5403 3730 5443 concaa

2144 5489 2374 5544 meravit
2398 5487 2590 5548 cmlos,
2609 5493 2664 5540 et
2693 5494 2893 5540 terram
2918 5483 3182 5540 condidit.
3226 5483 3360 5545 Ave,
3380 5479 3730 5534 sanctissima

2145 5581 2332 5652 Virgo,
2370 5594 2491 5650 quae
2523 5578 2672 5633 velut
2699 5577 2872 5632 rubus
2915 5572 3300 5631 intellectualis
3343 5559 3731 5641 absque-coms

2909 5666 2950 5706 ο

536 5769 682 5828 ‘lsa.
709 5772 913 5840 '11,“.
988 5775 1008 5805 '
1032 5772 1192 5830 ﬂich.
1235 5789 1287 5844 ν,
1314 5771 1452 5841 2-4;
1481 5771 1672 5828 Matth.
1712 5786 1775 5837 ιι,
1806 5771 1859 5827 6.
1940 5767 2142 5830 'Joan.
2174 5766 2435 5862 “11,12.-
2501 5762 2729 5848 .‘Joan.
2767 5777 2866 5833 xu,
2895 5758 2984 5816 46.
3028 5759 3050 5792 ⁸
3087 5755 3257 5828 Apoc.
3285 5770 3388 5830 xu,-
3413 5757 3470 5816 1.
