3978 6220
305 364 410 421 49$

1589 344 1794 401 DUIZIA
1833 346 1972 403 AUT
2017 345 2288 403 SPURIA.

3467 349 3578 409 ιθο

305 484 558 538 tmstione
595 480 897 536 divinitatis
947 479 1122 548 ignem
1150 486 1322 531 tenes.
1380 473 1641 529 Clibanus
1672 472 1881 527 intelle-

1989 469 2288 537 itcp).éxtm;,
2315 469 2391 531 ὡς
2425 467 2587 540 νοερὰ
2620 468 2799 540 βάτος,
2840 467 3226 541 κατέχουσα,ἡ
3267 470 3429 543 νοερὰ
3458 474 3582 527 κλί-

305 574 523 638 ctualis,
552 573 643 643 qui
675 573 850 643 ignem
876 580 929 626 et
958 583 1151 640 panem
1179 569 1303 622 vita:
1327 565 1567 621 calidum
1598 565 1803 619 mundo
1825 565 1879 618 iu

303 681 457 721 esum
493 666 694 729 attulit,
734 663 800 717 de
838 677 945 731 quo
976 659 1227 714 Salvator
1258 658 1445 713 mundi
1479 657 1731 712 Christus
1765 658 1835 711 ait
1867 676 1878 709 :

305 756 560 826 Accipite,
603 754 873 816 comedite,
922 752 1019 805 hoc
1058 760 1137 805 est
1169 764 1355 818 corpus
1384 765 1577 812 meum,
1624 749 1761 818 quod
1790 766 1884 818 pro

305 854 445 905 vobis
482 845 749 915 frangitur
780 844 836 896 in
873 843 1238 896 remissionem
1274 841 1669 907 peccatorum'.
1709 840 1886 894 LOCII-

306 940 419 1008 ples
439 946 543 999 est,
558 934 893 997 cbarissimi,
909 934 1203 987 virtutibus
1225 934 1385 1003 plena
1412 946 1599 986 mensa
1618 933 1884 1002 virginea,

301 1028 523 1097 optimis
549 1026 969 1097 quibuscnnque
1008 1024 1146 1079 cibis
1172 1024 1479 1085 abundans.
1503 1024 1707 1094 quibus
1740 1033 1883 1078 terra

300 1119 534 1182 fruatur,
586 1117 783 1187 largita
815 1127 896 1172 est
931 1124 1119 1170 sancta
1158 1113 1323 1185 Virgo
1357 1122 1412 1169 et
1455 1123 1628 1169 mater
1655 1113 1883 1180 Christi,

298 1225 417 1280 quae
451 1208 790 1278 splendidam
840 1208 1119 1261 lucernam
1166 1205 1501 1261 relucentem
1557 1206 1611 1260 in
1662 1206 1803 1261 ccelo
1832 1214 1887 1262 et

298 1309 442 1356 terra
467 1300 746 1355 Christum
778 1301 1033 1369 geStavIt,
1064 1300 1129 1353 ad
1175 1312 1337 1368 quam
1389 1298 1648 1368 propheta
1679 1297 1888 1354 Zacha-

299 1394 446 1447 rias:
503 1390 637 1445 Ecce
705 1389 1080 1444 candelabrum
1130 1406 1347 1446 aureum
1398 1399 1447 1445 et
1494 1391 1675 1455 facula
1733 1408 1889 1461 super

299 1482 524 1549 ipsum”.
550 1479 856 1546 Quinetiam
876 1479 1042 1534 David
1066 1482 1341 1535 canticum
1368 1481 1469 1535 hoc
1494 1481 1886 1537 suavissimum

299 1549 619 1622 iuclaufatv
656 1568 897 1621 Lucerna
942 1568 1159 1636 pedibus
1211 1570 1339 1624 meis
1388 1571 1598 1624 verbum
1645 1579 1792 1625 tuum
1839 1581 1889 1625 et

304 1660 477 1715 lumen
507 1660 710 1715 semitis
742 1661 872 1714 meis
887 1662 927 1718 ³.

371 1830 419 1889 0
444 1832 830 1889 candelabrum
861 1833 1188 1906 virgineum,
1227 1835 1371 1905 quod
1404 1834 1701 1891 illustravit
1730 1842 1884 1891 tene-
1916 1821 1959 1874 Β

302 1926 416 1982 bris
445 1925 740 1981 involutos.
776 1928 819 1979 0
855 1927 1241 1982 candelabrum
1272 1928 1578 1998 virgineum
1615 1927 1885 1998 repellens

305 2018 561 2074 tenebras
604 2026 658 2074 et
694 2018 870 2075 lucem
925 2019 1211 2090 splendere
1256 2018 1483 2075 iaciens.
1536 2017 1581 2074 0
1632 2020 1885 2075 candela-

305 2112 461 2166 brum
490 2110 818 2181 virgineum,
840 2110 985 2180 quod
1017 2113 1196 2181 ignem
1228 2118 1283 2164 et
1321 2110 1499 2165 oleum
1525 2110 1886 2181 inseparabile

305 2198 371 2253 ad
395 2199 810 2253 illuminaudum
838 2199 1041 2253 intulit.
1071 2196 1118 2253 Ο
1142 2199 1530 2253 candelabrum
1558 2201 1882 2268 virgineum,

304 2290 448 2361 quod
473 2290 542 2344 ab
563 2290 832 2345 altissimo
856 2290 1054 2345 throno
1079 2289 1290 2359 accepit
1314 2297 1395 2345 ter
1418 2289 1658 2344 lucidum
1682 2291 1884 2361 ignem,

311 2368 507 2445 unum.
538 2382 1060 2452 inexstinguibilem,
1091 2381 1637 2446 consubstantialem,
1661 2384 1797 2437 etaxl
1824 2384 1885 2436 il-

306 2474 643 2531 lustrandam
710 2481 912 2528 terram
971 2473 1332 2544 resplenduit.
1397 2474 1441 2530 0
1500 2476 1885 2530 candelabrum

303 2566 641 2637 virgineum,
692 2565 759 2620 de
802 2580 910 2636 quo
958 2581 1053 2636 per
1102 2565 1426 2636 Pr0phetam
1478 2565 1620 2621 Deus
1669 2567 1883 2636 inquit:

309 2654 451 2711 Illuc
470 2656 758 2726 producam
785 2672 948 2710 cornu
966 2656 1157 2723 David,
1183 2658 1367 2723 paravi
1393 2658 1660 2713 lucernam
1675 2656 1887 2713 Christo

306 2764 421 2802 meo
434 2747 477 2802 ⁸.
510 2746 733 2802 Corona‘
750 2747 898 2819 regia
923 2748 1380 2818 pretiosissimum
1405 2749 1612 2805 habens
1629 2751 1887 2820 lapidem,

308 2847 365 2894 et
394 2838 623 2909 gemmis
655 2838 885 2893 similem
916 2839 1228 2905 Christum;
1278 2855 1517 2911 purpura
1567 2842 1736 2913 regia,
1768 2857 1889 2914 quae

307 2931 433 2986 caeli
477 2938 746 3001 terrmque
798 2945 978 3001 regem
1034 2931 1231 2999 induit,
1285 2934 1593 2989 universale
1643 2937 1889 3006 corporis

308 3022 686 3077 indumentum
746 3037 1042 3092 purpuram
1090 3023 1373 3089 referens,
1438 3026 1889 3081 constantissima

1989 561 2170 625 ϐανος,
2205 562 2238 632 ὴ
2274 561 2335 613 τὸ
2369 560 2478 633 πῦρ
2508 562 2601 615 καὶ
2642 560 2732 614 τὸν
2766 562 2928 633 ἄρτον
2966 561 3065 633 τῆς
3101 562 3247 633 ζωῆς
3270 562 3470 636 θερμὸν
3497 563 3580 637 τῷ
3692 628 3697 630 τ

1986 652 2175 723 κόσμῳ
2235 652 2372 723 πρὸς
2430 651 2635 723 βρῶσιν
2691 653 2994 721 ὲνέγκασα’
3050 654 3184 726 περὶ
3235 649 3295 709 οῦ
3350 655 3497 724 λέγει
3550 657 3583 710 ὁ

1987 745 2178 816 Σωτὴρ
2237 744 2332 797 τοῦ
2393 744 2601 815 κόσμου
2665 745 2940 815 Χριστόςο
3003 744 3265 809 Λάϐετε,
3320 747 3577 815 φάγετε·

1986 837 2165 909 τοῦτό
2192 853 2309 906 μου
2342 836 2474 891 ἐστὶ
2504 835 2570 890 τὸ
2603 834 2876 904 σῶμα,τὸ
2899 833 3050 905 ὑπὲρ
3083 835 3250 905 ὑμῶν
3271 837 3582 908 κλώμενον

1986 933 2073 995 εἰς
2103 928 2323 998 ἄφεσιν
2367 926 2690 997 ἁμαρτιῶν.
2746 925 2979 980 Πλουσία
3020 927 3121 997 τῆς
3174 928 3507 1000 παρθενικῆς
3543 930 3580 1000 ἡ

1988 1018 2292 1089 πανάρετος
2328 1016 2597 1090 τράπεζα,
2645 1011 2689 1070 ὧ
2736 1017 3034 1090 ἀγαπητοὶ,
3076 1019 3346 1075 παντοίων
3397 1019 3582 1073 καλῶν

1989 1111 2294 1182 βρωμάτων
2336 1111 2472 1182 πρὸς
2511 1110 2807 1165 ἀπόλαυσιν
2835 1115 2901 1183 τῇ
2939 1113 3229 1184 οἰκουμένῃ
3268 1113 3583 1184 ἐδωρήσατο

1988 1203 2020 1274 ή
2052 1203 2175 1257 όσία
2212 1201 2486 1273 Παρθένος
2515 1202 2610 1256 καὶ
2654 1204 2837 1274 μήτηρ
2862 1203 2956 1257 τοῦ
2987 1205 3244 1276 Χριστοῦ,
3280 1206 3312 1276 ή
3341 1204 3432 1259 τὸν
3463 1222 3580 1275 φω-

1987 1295 2162 1348 τεινὸν
2205 1294 2398 1365 λύχνον
2439 1294 2533 1349 τὸν
2586 1294 2939 1366 ὲκλάμποντα
2982 1298 3040 1349 ἐν
3085 1296 3300 1368 οὐρανῷ
3345 1297 3440 1350 καὶ
3487 1297 3582 1349 ἐπὶ

1987 1387 2091 1457 γῆς
2122 1387 2443 1457 βαστάσασα
2472 1387 2736 1459 Χριστόν·
2778 1387 2913 1458 πρὸς
2961 1388 3026 1459 ἢν
3066 1390 3095 1442 ό
3139 1390 3427 1461 προφήτης
3476 1391 3582 1443 Ζα-

1988 1479 2217 1551 χαρίας·
2266 1480 2413 1534 Ἰδοὺ
2463 1480 2690 1551 λυχνία
2736 1479 2935 1549 χρυσῆ
2985 1481 3084 1535 καὶ
3124 1483 3189 1535 τὸ
3235 1482 3582 1551 λαμπάδιον

1988 1569 2190 1624 ἐπάνω
2220 1569 2429 1638 αὐτῆς.
2462 1570 2765 1642 Τοιγαροῦν
2803 1572 2896 1624 καὶ
2927 1573 2955 1625 ὁ
2984 1571 3151 1624 Δαὸὶδ
3184 1572 3246 1624 τὺ
3285 1571 3582 1643 μελῳδικὸν

1991 1655 2143 1732 ᾆσμα
2187 1661 2343 1715 τοῦτο
2394 1659 2528 1733 βοᾷ·
2559 1663 2798 1732 Λύχνος
2828 1661 2953 1729 τοῖς
2978 1664 3128 1717 ποσί
3162 1682 3282 1734 μου
3325 1666 3359 1717 ὁ
3396 1666 3582 1735 λόγος

1989 1765 2129 1816 σου,
2160 1752 2258 1805 καὶ
2281 1751 2407 1821 φῶς
2431 1751 2557 1818 τοῖς
2585 1753 2805 1822 τρίϐοις
2830 1771 2969 1822 μου.

2057 1838 2128 1895 Ὦ
2160 1843 2351 1914 λυχνία
2392 1841 2717 1916 παρθενικὴ,
2766 1845 2800 1915 ἡ
2862 1844 2920 1898 τὸ
2973 1844 3164 1909 σκότος
3200 1845 3581 1901 ἀπελαύνουσα

1988 1937 2081 1990 καὶ
2107 1936 2169 1989 τὸ
2206 1935 2321 2005 φῶς
2364 1934 2805 2004 καταυγόιζουσα.
2841 1931 2911 1989 Ὦ
2947 1936 3138 2007 λυχνία
3186 1937 3513 2010 παρθενικὴ,
3542 1942 3578 2010 ἡ

1986 2032 2047 2082 τδ
2072 2027 2184 2100 πῦρ
2217 2030 2311 2083 καὶ
2342 2028 2404 2081 τὸ
2442 2027 2618 2082 ἔλαιον
2658 2027 2958 2099 ἀχώριστον
2995 2028 3134 2100 πρὸς
3163 2028 3442 2099 φωτισμὸν
3486 2029 3579 2082 ἔνο

1989 2122 2218 2189 ἐγκασα.
2272 2116 2343 2175 Ὠ
2402 2119 2591 2192 λυχνία
2640 2119 2960 2192 παρθενικὴ,
3020 2120 3292 2190 τρίφωτον
3352 2120 3409 2173 ἓν
3463 2121 3581 2192 πῦρ

1988 2211 2269 2272 ἄσϐεστον,
2295 2210 2577 2280 ὁμοούσιον
2608 2210 2700 2279 ἀφ’
2726 2210 3061 2280 ὑψηλοτάτου
3090 2209 3280 2282 θρόνου
3312 2210 3578 2277 λαϐοῦσα,

1989 2301 2081 2354 καὶ
2119 2302 2256 2373 πρὸς
2292 2301 2571 2370 φωτισμὸν
2606 2303 2704 2372 τῆς
2749 2301 3074 2374 οἰκουμένης
3118 2301 3465 2374 ἐκλάμψασα.
3506 2300 3582 2358 Ὦ

1988 2390 2177 2461 λυχνία
2210 2391 2534 2462 παρθενικὴ,
2566 2392 2697 2462 περὶ
2732 2386 2801 2463 ἧς
2847 2392 2935 2445 διὰ
2978 2392 3072 2446 τοῦ
3105 2393 3391 2465 Προφήτου
3429 2394 3582 2464 λέγει

1987 2485 2015 2536 ό
2042 2483 2203 2546 Θεός·
2247 2483 2411 2537 Ἐκεῖ
2443 2482 2784 2548 ἐξανατελῶ
2833 2484 3012 2553 κέρας
3060 2483 3141 2550 τῷ
3188 2485 3386 2552 Δαϐὶδ,
3416 2486 3581 2554 ἡτοί-

1984 2588 2152 2644 μασα
2191 2576 2424 2643 λύχνον
2464 2576 2545 2641 τῷ
2585 2575 2814 2644 Χριστῷ
2855 2595 2995 2645 μου.
3042 2578 3100 2631 '0
3135 2578 3412 2649 βασιλικὸς
3451 2581 3577 2634 στέ-

1990 2683 2177 2734 φανος,
2230 2665 2321 2719 τὸν
2371 2665 2793 2739 μαργαριτοειδῆ
2839 2667 3132 2739 πολύτιμον
3179 2669 3378 2740 ἔχουσα
3430 2671 3580 2725 λίθον

1989 2758 2223 2828 Χριστόν
2243 2776 2257 2789 ο
2288 2761 2321 2828 ἡ
2356 2759 2605 2830 βασιλικὴ
2640 2760 2918 2832 πορφύρα,
2947 2762 3040 2814 τὸν
3083 2762 3315 2832 οὐρανοῦ
3347 2762 3441 2815 καὶ
3473 2763 3579 2833 γῆς

1989 2848 2253 2903 ὲνδύσασα
2287 2850 2505 2919 βασιλέα
2532 2853 2591 2905 τὸ
2621 2836 2997 2924 θ’ῐκουμενικδν
3023 2854 3117 2908 τοῦ
3163 2854 3413 2925 σώματος
3446 2873 3580 2926 πορν

1990 2946 2272 3017 φυροειδὲς
2323 2945 2554 3017 ἔνδυμαο
2605 2949 2637 3017 ἡ
2686 2945 3015 3021 ἁκηλέδωτος
3060 2945 3169 2997 τῶν
3235 2946 3581 3017 Χριστιανῶν

1990 3039 2174 3103 πίστις
2194 3054 2207 3068 ·
2239 3040 2271 3109 ἡ
2309 3040 2691 3105 ἀκατάληπτος
2736 3038 2935 3108 βίϐλος,
2969 3039 3002 3108 ή
3031 3037 3120 3091 τὸν
3160 3037 3333 3107 Λόγον
3362 3037 3453 3090 καὶ
3485 3038 3580 3091 τὸν

304 3114 741 3170 Christianorum
798 3114 967 3179 fides;
998 3114 1147 3170 .liber
1197 3116 1707 3187 incomprehensus,
1762 3135 1884 3188 quae

1992 3130 2123 3183 Υίὸν
2177 3129 2272 3183 τοῦ
2331 3131 2541 3199 Πατρὸς
2592 3129 2669 3200 τῷ
2728 3129 2916 3198 κόσμῳ
2972 3127 3462 3198 παραναγνώσασα.
3510 3127 3579 3180 Ἥ

308 3204 549 3262 Verbum
591 3216 644 3261 et
674 3205 867 3259 Filium
917 3204 1096 3261 Patris
1140 3207 1344 3262 mundo
1400 3209 1684 3278 legendum
1734 3211 1889 3264 exhi-

308 3292 499 3351 buisti.
532 3294 700 3349 Beata
727 3295 869 3348 inter
901 3296 1176 3359 mulieres.
1214 3313 1335 3367 quae
1362 3296 1600 3353 Verbum
1629 3315 1691 3354 ex
1730 3310 1781 3355 te
1814 3302 1888 3354 ir.-

309 3388 591 3434 earnatum
624 3379 1171 3450 pe'peristi,Verbum,
1198 3385 1439 3453 inquam,
1471 3386 1644 3441 Patris
1667 3387 1884 3448 Filium,

318 3468 547 3523 Verbum
596 3477 720 3522 ante
762 3469 958 3523 saecula
1017 3470 1207 3536 Deum,
1240 3472 1475 3529 Verbum
1514 3477 1667 3532 initio
1694 3494 1887 3536 carens

311 3569 365 3613 et
386 3567 671 3623 aeternum,
705 3558 942 3615 Verbum
988 3578 1113 3617 eum
1148 3562 1306 3619 Patre
1341 3575 1395 3621 et
1440 3567 1646 3639 Spiritu
1697 3582 1888 3629 sancto

312 3651 547 3713 unitum,
582 3650 820 3706 Verbum
853 3653 1101 3708 eumdem
1139 3669 1262 3709 eum
1294 3654 1454 3713 Patre
1498 3660 1703 3715 habens
1739 3661 1889 3717 thro-

315 3756 464 3807 num,
508 3738 743 3800 Verbum
776 3741 972 3821 sedens
1020 3758 1183 3814 super
1212 3745 1513 3814 cherubim,
1562 3760 1616 3804 et
1649 3749 1885 3807 Verbum

314 3829 461 3901 quod
491 3830 797 3901 gloritieant
832 3833 1089 3888 animalia
1116 3834 1526 3905 quadruplicem
1561 3839 1752 3896 faciem
1793 3842 1888 3896 ha-

318 3922 518 3989 bentia,
542 3920 785 3978 Verbum
807 3925 951 3994 quod
977 3929 1177 3982 creavit
1205 3929 1448 3999 angelos,
1481 3929 1716 3987 Verbum
1742 3936 1883 4004 quod

320 4014 446 4069 fecit
472 4020 531 4069 ut
580 4014 923 4087 principatus
966 4024 1021 4073 et
1063 4026 1361 4089 potestates
1414 4032 1617 4088 essent,
1650 4023 1885 4081 Verbum

314 4105 458 4175 quod
503 4106 744 4162 extendit
790 4108 961 4165 caelos
1002 4117 1056 4164 et
1107 4119 1305 4167 terram
1343 4102 1607 4181 condidit,
1648 4115 1884 4172 Verbum

314 4212 499 4252 verum
540 4196 708 4253 Deum
754 4200 932 4270 ipsum
966 4200 1245 4258 Christum
1278 4202 1568 4261 Dominum
1614 4215 1883 4274 nostrum,

309 4303 497 4360 quem,
511 4292 855 4346 sanctissima
872 4291 1060 4363 Virgo,
1077 4296 1355 4363 peperisti,
1373 4304 1428 4351 et
1442 4299 1621 4354 denuo
1636 4307 1757 4369 post
1771 4316 1888 4371 par-

312 4390 424 4435 tum
446 4382 622 4451 virgo,
641 4397 761 4451 quze
775 4399 1042 4452 genunam
1059 4385 1384 4453 produxisti,
1398 4402 1657 4443 coronam
1684 4391 1884 4459 regiam

1994 3221 2241 3292 μακαρία
2283 3221 2340 3273 ὲν
2383 3219 2709 3292 γυναιξὶν,ή
2762 3220 2851 3274 τὸν
2900 3220 3071 3286 Λόγον
3110 3221 3173 3272 ὲκ
3222 3218 3316 3271 σοῦ
3363 3235 3581 3290 σαρκω-

1991 3310 2151 3365 θέντα
2183 3311 2437 3377 τεκοῦσα,
2477 3313 2648 3380 Λόγον
2694 3311 2786 3364 τὸν
2830 3308 2921 3364 τοῦ
2964 3310 3175 3382 Πατρός
3218 3310 3367 3372 Υἱὸν.
3403 3311 3579 3380 Λόγον

1988 3400 2080 3453 τὸν
2124 3402 2446 3472 προαιώνιον
2490 3401 2654 3465 Θεὸν,
2712 3402 2883 3471 Λόγον
2932 3403 3198 3472 ἄναρχον,
3240 3402 3335 3455 καὶ
3381 3401 3576 3466 ἀΐδιον,

1991 3494 2162 3560 Λόγον
2196 3493 2288 3546 τὸν
2320 3494 2415 3546 σὺν
2469 3495 2643 3565 lla-cpt
2697 3494 2791 3547 καὶ
2836 3494 2976 3564 ἁγίῳ
3023 3494 3300 3564 Πνεύματι
3335 3511 3578 3565 προσκυο

1990 3586 2265 3654 νούμενον,
2300 3585 2472 3652 Λόγον
2520 3584 2613 3637 τὸν
2664 3585 2948 3656 σύνθρονον
2989 3585 3082 3638 τοῦ
3136 3585 3365 3659 Πατρός.
3404 3586 3576 3655 Λόγον

1989 3676 2079 3728 τὸν
2133 3676 2224 3727 ἐπὶ
2270 3675 2378 3727 τῶν
2442 3676 2736 3746 χερουϐεὶμ
2796 3676 3123 3747 καθήμενον,
3163 3678 3356 3745 Λόγον,
3403 3679 3462 3732 ὃν
3503 3680 3576 3733 τὰ

1987 3767 2339 3838 τετράμορφα
2373 3766 2487 3831 ζῶα
2514 3766 2869 3835 δοξολογοῦσι,
2901 3769 3070 3839 Λργον
3116 3771 3207 3824 τὸν
3252 3772 3377 3836 τοὺς
3405 3773 3573 3841 ἀγγέ-

1989 3858 2112 3922 λους
2151 3860 2430 3921 κτίσαντα,
2467 3860 2636 3928 Λόγον
2670 3861 2760 3915 τὸν
2816 3862 2989 3932 ἀρχὰς
3020 3863 3111 3916 καὶ
3155 3863 3398 3930 ἐξουσίας
3431 3862 3572 3918 εἶναι

1991 3952 2114 4021 ποιή
2128 3968 2310 4011 σαντα,
2346 3952 2517 4021 Λόγον
2547 3951 2637 4006 τὸν
2666 3954 2927 4023 οὐρανοὺς
2967 3955 3303 4017 ἐκτείναντα,
3341 3958 3432 4009 καὶ
3468 3957 3570 4025 τὴν

1988 4044 2090 4110 γῆν
2147 4043 2470 4113 ἐδράσαντα,
2515 4044 2686 4112 Λόγον
2735 4045 2827 4098 τὸν
2871 4045 3122 4118 ἀληθινὸν
3174 4048 3305 4103 Θεὸν
3364 4050 3571 4120 Ἰησοῦν

1987 4133 2219 4202 Χριστὸν
2251 4133 2343 4186 τὸν
2372 4132 2575 4205 Κύριον
2599 4136 2774 4206 ἡμῶν,
2808 4136 2866 4189 ὃν
2898 4137 3102 4201 ἔτεκες,
3136 4141 3377 4208 παναγία
3416 4144 3569 4213 Παρ-

1990 4223 2130 4286 θένε,
2168 4226 2261 4277 καὶ⁹
2298 4224 2436 4294 μετὰ
2467 4226 2628 4278 τόκον
2658 4227 2820 4280 πάλιν
2853 4227 3138 4298 παρθένος,
3162 4230 3202 4299 ¹ἡ
3234 4229 3324 4282 τὸν
3358 4247 3570 4300 μαργα-

1991 4315 2143 4385 ρίτην
2169 4316 2422 4379 τεκοῦσα,
2452 4318 2546 4369 καὶ
2573 4317 2665 4371 τὸν
2692 4316 2969 4385 βασιλικὸν
3008 4322 3270 4388 στέφανον
3302 4320 3564 4384 πλέξασα.

1988 4400 2059 4457 Ὦ
2094 4408 2336 4476 μακαρία
2370 4407 2635 4477 Παρθένε,
2668 4410 2700 4479 ἠ
2734 4409 2831 4480 τὴν
2863 4411 3110 4481 οὐράνιον
3147 4411 3304 4477 δόξαν
3339 4409 3574 4481 βλαστήο

311 4473 584 4544 plexuisti.
631 4472 676 4529 0
726 4476 883 4530 beata
920 4474 1105 4546 Virgo,
1155 4492 1279 4547 quae
1328 4478 1555 4549 gloriam
1606 4482 1882 4536 cmlestem

1991 4472 2152 4553 σασα.
2179 4497 2211 4566 ἠ
2381 4472 2590 4550 πολλῶν
2633 4472 2808 4553 ἀνθῶν
2851 4472 2944 4553 τοῦ
2992 4472 3314 4573 παραδείσου
3339 4472 3436 4555 τὸν
3475 4472 3565 4555 κό-

311 4564 563 4633 portasti,
614 4573 667 4618 et
711 4579 776 4619 ex
826 4566 1013 4622 multis
1069 4566 1295 4626 ﬂoribus
1342 4572 1578 4641 paradisi
1618 4575 1880 4627 mundum

312 4655 479 4710 odore
506 4652 652 4710 bono
676 4655 917 4725 replesti.
945 4655 1105 4729 Virgo
1131 4666 1216 4715 est
1245 4661 1415 4715 lilium
1449 4662 1880 4728 immaculatum,

312 4759 433 4814 quae
483 4758 665 4800 rosam
733 4747 1239 4807 immarcescibilem
1298 4753 1507 4823 genuit,
1564 4754 1881 4824 Christum;

310 4836 441 4892 vitis
472 4836 717 4892 veritatis
753 4836 1109 4908 fertilissima,
1140 4851 1194 4898 et
1227 4846 1370 4915 quod
1405 4844 1475 4900 ad
1516 4847 1880 4919 virginitatem

314 4927 534 4984 minime
566 4928 931 4999 vindemiata;
989 4949 1109 5005 qua:
1142 4936 1269 4992 licet
1310 4954 1417 4994 non
1456 4938 1620 5007 fossa,
1653 4957 1879 4998 uvarum

314 5028 490 5074 tamen
516 5017 886 5078 feracissima:
917 5039 1111 5096 nempe
1138 5042 1258 5097 quae
1286 5037 1553 5085 maturam
1579 5047 1737 5086 uvam
1762 5048 1885 5103 ger-

310 5108 540 5164 minavit
572 5109 871 5169 Christum.
910 5116 1295 5186 Quamobrem,
1323 5122 1669 5178 sanctissima
1702 5123 1881 5193 Virgo,

1991 4603 2126 4656 σμον
2178 4588 2374 4660 εὐωδίᾳ
2433 4589 2782 4662 πληρώσασα.
2832 4594 3032 4663 Κρεῖον
3073 4593 3298 4649 ἄσπιλον
3333 4595 3567 4666 ὑπάρχει

1991 4677 2025 4747 ἡ
2053 4678 2343 4751 Παρθένος,
2371 4680 2433 4734 τὸ
2458 4683 2767 4754 ἀμάραντον
2796 4686 2947 4755 ῥόδον
2977 4687 3283 4757 γεννήσασα
3311 4686 3564 4757 Χριστὸν,

1991 4768 2024 4838 ή
2054 4768 2296 4837 ἄμπελος
2324 4772 2422 4843 τῆς
2450 4773 2723 4843 ἀληθείας,
2753 4776 2785 4845 ἡ
2815 4774 3114 4847 πολύφορος
3144 4777 3236 4829 καὶ
3264 4776 3571 4847 ἀτρύγητος

1989 4862 2055 4930 τῇ
2089 4860 2374 4933 παρθενίᾳ,
2402 4865 2433 4934 ὴ
2466 4864 2538 4935 μὴ
2587 4870 2872 4935 σκαφεῖσα,
2918 4869 3011 4920 καὶ
3063 4867 3561 4939 βοτρυοφορήσασα,

1990 4952 2022 5006 ἡ
2060 4952 2148 5003 τὸν
2194 4952 2455 5025 πέπειρον
2498 4954 2692 5027 βότρυν
2746 4956 3090 5028 βλαστήσασα
3140 4959 3394 5029 Χριστόν.
3441 4958 3563 5023 Πῶς

1988 5036 2080 5093 οῦν
2126 5039 2485 5113 ὲόλάστησας,
2546 5051 2730 5101 πεῖσον
2783 5050 2947 5119 ἡμᾶς,
2999 5050 3242 5118 παναγία
3286 5049 3563 5121 Παρθένεο

1991 5133 2109 5196 πῶς
2138 5135 2319 5205 μήτηρ
2342 5136 2475 5189 Θεοῦ
2509 5138 2696 5211 ὤφθης
2731 5142 2823 5194 ὲπὶ
2851 5141 2975 5211 γῆς,
3020 5143 3189 5210 Λόγον
3241 5141 3565 5213 προαιώνιον

310 5200 400 5257 {ac
446 5200 606 5257 nobis
652 5202 834 5267 ﬁdem,
887 5220 994 5275 qua
1040 5209 1252 5265 ratione
1302 5213 1714 5281 germinaveris,
1754 5230 1878 5283 quo

1989 5200 2377 5295 Baganévn.-"H
2406 5200 2874 5302 κοιλιοφορῆσασα
2888 5200 3157 5304 παρθένος
3201 5200 3311 5302 ὲγῶ
3354 5232 3565 5301 ἄφθαρ-

310 5297 472 5361 pacto
511 5294 816 5365 suscipiens
850 5294 1109 5365 Verbum,
1165 5302 1310 5370 quod
1353 5310 1439 5358 est
1486 5312 1612 5361 ante
1656 5308 1875 5372 stecula,

313 5386 487 5435 mater
510 5379 603 5436 Dei
634 5382 751 5438 visa
784 5384 863 5439 sis
892 5400 1056 5456 super
1085 5397 1308 5443 terram.
1354 5390 1466 5461 Ego
1508 5394 1660 5465 virgo
1693 5395 1877 5450 incure

313 5485 491 5545 rupta.
521 5491 645 5546 qua:
672 5477 727 5532 in
773 5487 923 5536 utero
963 5485 1190 5552 gestavi,
1218 5485 1407 5541 effecta
1453 5504 1572 5544 sum
1613 5494 1871 5561 templum
1909 5498 1979 5551 im

311 5570 571 5637 expertis.

1982 5330 2093 5378 τος,
2141 5315 2265 5379 ναὸς
2308 5320 2606 5388 ἀμόλυντος
2670 5323 2869 5392 γέγονα
2933 5323 3028 5377 τοῦ
3084 5325 3460 5396 ὲνοικήσαντος
3498 5325 3564 5377 ἓν

1984 5405 2106 5475 ἐμοὶ
2146 5408 2320 5478 Λόγου
2350 5411 2483 5465 Θεοῦ
2518 5415 2913 5487 ἀπειρογάμου.

1986 5503 2247 5571 pollutum
2280 5508 2577 5565 habitantis
2623 5510 2677 5565 in
2728 5528 2813 5568 me
2863 5511 3024 5569 Verbi
3086 5512 3180 5569 Dei
3246 5511 3559 5583 nuptiarum

381 5660 604 5763 ᾜΫιξιέί
629 5682 776 5734 In"
807 5671 876 5724 26
911 5663 1187 5738 38:33":-
1218 5676 1555 5747 “Viei'm;
1598 5679 1731 5736 LUC-
1764 5698 1900 5752 XXII,
1942 5686 2118 5744 57-20.
2197 5691 2216 5721 ’
2264 5689 2427 5747 Zacb.
2465 5708 2538 5758 tv,
2565 5692 2618 5747 2.
2698 5694 2886 5752 Ῥειιι.
2914 5710 3078 5752 cxvm
3101 5737 3116 5763 ,
3148 5693 3270 5751 105.
3366 5691 3555 5751 ‘l‘sai.

318 5744 497 5796 cxxxt,
526 5733 613 5788 17.
