3978 6220
459 391 569 448 I97

1170 396 1452 455 [IOMILIA
1494 398 1560 454 V.
1604 398 1668 454 IN
1723 396 2000 456 LAUDES
2041 397 2341 455 SANCT/E
2376 401 2621 458 ΜΑιιιΑς
2660 400 3011 458 DEIPARAZ.
3622 405 3717 462 498

531 509 638 566 ἰ’δν
679 511 1026 585 Ἐμμανουὴλ
1065 514 1126 568 ὲν
1155 515 1417 588 ἀφθάρτῳ
1450 516 1627 589 κοιλίᾳ
1661 516 1926 588 φέρουσα,
1964 516 2043 579 εἰς

2215 513 2620 572 Emmanuelem
2667 518 2874 589 gestavi
2920 517 2975 573 in
3036 526 3193 577 utero
3250 518 3613 590 incorrupto,
3667 518 3718 573 iu

462 603 706 676 γαστέρα
754 604 1053 676 ἁμόλυντον
1078 644 1094 671 ,
1146 608 1556 681 ἀφομοιουμένη
1617 608 1792 679 θρόνῳ
1857 624 2050 680 χερον-

464 696 633 769 6ικῷο
687 697 769 762 εἰς
800 699 866 768 ἢν
907 700 936 751 6
972 699 1142 769 Λόγος
1178 700 1272 754 τοῦ
1300 700 1513 772 Πατρὸς
1563 700 1697 772 σὰρξ
1743 700 1977 769 ἐγένετο,
2023 701 2051 753 6

465 790 699 862 ἄναρχος
746 790 840 844 καὶ
878 790 1104 865 ἀόρατος
1128 809 1139 821 ·
1176 792 1367 863 ὁρατὸς
1416 793 1795 865 οἰκονομικῶς,
1828 796 1858 848 6
1895 796 2050 847 ἐναν-

472 882 765 952 θρωπήσας
806 881 969 945 Θεός’
1008 886 1201 955 πεῖραν
1245 885 1345 936 οὐκ
1392 886 1662 952 ἑγνωκυίοι
1703 884 1916 955 ἀνδρὸς,
1961 885 2052 939 τὸν

468 972 795 1043 προαιώνιον
838 975 971 1029 Θεὸν
1011 975 1216 1047 Ἰησοῦν
1258 977 1490 1047 Χριστὸν
1526 976 1733 1031 ἔτεκον.
1778 977 2054 1050 Παρθένος

468 1063 577 1134 γὰρ
624 1064 717 1118 καὶ
753 1064 849 1118 νῦν
880 1066 1109 1137 ὑπάρχω
1158 1067 1297 1139 μετὰ
1340 1068 1433 1121 τὸν
1463 1068 1641 1131 τόκον,
1691 1067 2053 1139 καθαρωτέρα

469 1150 562 1206 τοῦ
597 1151 807 1226 πρώην.
851 1156 1089 1221 Ἀπόνως
1118 1156 1321 1225 ἔτεκον,
1349 1160 1455 1232 οὐχ
1476 1159 1553 1223 ὡς
1584 1161 1734 1214 πᾶσα
1764 1161 1899 1231 γυνή
1918 1176 1933 1191 ·
1967 1161 2054 1214 ἁν-

468 1243 628 1314 όμοια
654 1245 762 1318 γὰρ
791 1246 921 1317 ἐμοῦ
953 1249 1219 1305 κάκείνων
1251 1249 1322 1304 τὰ
1361 1251 1563 1322 μεταξὺ
1603 1253 1920 1323 πράγματα.
1941 1252 2054 1306 Οὐκ

470 1333 610 1405 ἔγνω
642 1336 801 1406 φύσις
837 1338 1137 1411 ἀνθρώπων
1169 1342 1259 1395 τὸν
1286 1343 1442 1396 τόκον
1477 1360 1604 1413 μου,
1637 1344 1685 1397 εί
1720 1343 1794 1415 μὴ
1838 1344 1996 1414 μόνος
2026 1345 2054 1397 ὁ

471 1427 528 1479 ἑν
574 1427 699 1499 ἐμοὶ
743 1430 969 1503 οἰκήσας
1021 1432 1173 1498 Θεός.
1219 1430 1291 1488 Ὦ
1343 1430 1627 1507 Παρθένε,
1682 1433 1906 1505 φρικτὸν
1953 1434 2054 1504 τῆς

481 1516 808 1588 Ἐκκλησίας
859 1523 1159 1595 κειμήλιον,
1206 1524 1267 1578 τὸ
1325 1524 1469 1592 μέγα
1514 1525 1676 1596 τυχὸν
1732 1526 2050 1598 μυστήριον,

470 1605 621 1678 ἱερέα
644 1607 797 1663 καλεῖ
826 1609 922 1681 τὴν
954 1611 1220 1683 παρθένον
1258 1612 1393 1683 όμοῦ
1431 1630 1490 1666 τε
1519 1614 1611 1667 καὶ
1645 1613 2052 1685 θυσιαστήριον·

468 1699 588 1768 ἥτις
636 1701 1115 1774 τραπεζοφοροῦσα
1156 1705 1246 1758 τὸν
1300 1705 1548 1777 οὐράνιον
1598 1706 1763 1777 ἄρτον
1816 1706 2053 1778 Χριστὸν

470 1788 666 1844 ἔδωκεν
696 1791 849 1862 ἡμῶν
873 1794 953 1858 είς
994 1794 1185 1863 ἄφεσιν
1235 1796 1537 1867 ἁμαρτιῶν.
1573 1799 1636 1850 Ὢ
1665 1798 1878 1869 γαστὴρ
1912 1799 2051 1869 ἀμό-

468 1880 651 1946 λυντος
693 1883 918 1955 οὐρανὸν
966 1885 1160 1941 κύκλον
1209 1885 1425 1958 ἔχουσα,
1463 1888 1554 1941 καὶ
1585 1887 1715 1941 Θεὸν
1744 1887 2046 1961 ἀχώρητον,
2081 1871 2126 1928 Β

469 1974 527 2027 ὲν
570 1974 652 2026 σοὶ
685 1973 742 2028 δὲ
780 1976 1027 2048 χωρητὸν
1084 1976 1418 2048 βαστάσασα.
1456 1980 1520 2032 Ὢ
1567 1979 1778 2052 γαστὴρ
1817 1980 2046 2051 οὐρανοῦ

469 2065 802 2137 πλατυτέρα,
840 2067 973 2120 Θεὸν
1005 2067 1097 2121 τὸν
1137 2070 1196 2122 ὲν
1234 2069 1317 2122 σοὶ
1363 2069 1437 2140 μὴ
1480 2071 1949 2142 στενοχωρήσασα.
1988 2072 2050 2124 Ὢ

468 2156 677 2227 ⁸(ασειτὴρ
736 2157 1073 2222 έπτάκυκλος
1127 2158 1388 2230 οὐρανὸς,
1434 2161 1528 2213 καὶ
1574 2160 1902 2233 μειζοτέρως
1949 2163 2046 2214 αὐ-

467 2244 575 2299 τῶν
621 2246 982 2317 τυγχάνουσα.
1024 2248 1087 2301 Ὢ
1134 2246 1345 2318 γαστὴρ
1398 2248 1537 2301 ἑπτὰ
1574 2249 1815 2321 οὐρανῶν
1855 2249 2052 2322 ὑψηλο-

468 2335 603 2407 τέρα
656 2338 749 2389 καὶ
791 2337 1119 2409 πλατυτέρα.
1163 2340 1226 2390 Ὢ
1261 2341 1474 2411 γαστὴρ
1528 2342 1556 2393 6
1602 2340 1784 2409 ὄγδοος
1824 2342 2052 2413 οὐρανὸς

471 2426 863 2496 στερεωμάτων
901 2428 1146 2500 ἀνωτέρα
1197 2431 1263 2483 Ὠ
1298 2430 1511 2502 γαστὴρ
1547 2432 1867 2502 έπτοιςρώτου
1898 2432 2052 2504 χάρι-

468 2536 560 2582 τος
598 2517 658 2572 τὸ
686 2519 947 2574 ἄσϐεστον
979 2520 1177 2592 ἔχουσα
1210 2522 1343 2591 φῶς.
1386 2523 1451 2576 Τί
1491 2522 1663 2590 εἴπω,
1693 2523 1725 2594 ἢ
1756 2523 1807 2577 τί
1835 2523 2052 2596 λαλήσω

471 2610 728 2682 περὶτῆς
761 2614 964 2683 σεμνῆς
1009 2612 1099 2666 καὶ
1140 2614 1300 2682 ἁγίας
1339 2614 1648 2685 Παρθένου;
1686 2616 1743 2669 '0
1780 2614 1939 2678 πόθος
1967 2616 2053 2669 έλ-

470 2719 556 2757 κει
582 2719 650 2773 με
682 2702 860 2772 λέγειν
892 2704 1146 2776 περὶτῆς
1170 2705 1451 2771 Θεοτόκου,
1487 2707 1580 2761 καὶ
1621 2707 1786 2775 φόϐος
1834 2707 2052 2780 κατέχει

475 2812 544 2865 με
566 2794 659 2848 τοῦ
692 2798 923 2867 σιωπᾷν,
953 2796 1053 2850 οὐκ
1093 2796 1260 2861 ἀξίως
1287 2797 1423 2869 ἔχων
1456 2797 1551 2851 τοῦ
1590 2798 1788 2868 λέγειν.
1832 2801 1890 2853 '0
1929 2800 2053 2865 νοῦς

472 2887 844 2958 προκαλεῖται,
884 2890 978 2942 καὶ
1011 2891 1039 2942 6
1072 2888 1235 2958 φόϐος
1271 2888 1600 2943 ἀπωθεῖται·
1647 2891 1706 2954 ὃς
1759 2891 1859 2962 μὲν
1906 2891 2053 2945 ἕλκει

472 2996 565 3050 με,
594 2979 734 3044 ὃςδὲ
767 2980 1014 3034 ἀνθέλκει
1059 2996 1145 3050 με.
1196 2981 1412 3053 Ἐπειδὴ
1461 2978 1554 3036 οὖν
1601 2984 1893 3057 συνέχομαι
1947 2985 2055 3038 τῶν

472 3071 815 3143 ἀμφοτέρων,
841 3072 1106 3142 συμφέρει
1158 3089 1246 3142 μοι
1295 3071 1521 3144 λαλῆσαι
1568 3076 1824 3147 περὶτῆς
1860 3074 2056 3147 μεγαλ-

472 3163 690 3235 ωνύμου
720 3166 812 3218 καὶ
837 3165 989 3228 ὁσίας
1018 3166 1314 3238 Παρθένου.
1347 3168 1505 3236 Λέγω
1530 3168 1638 3241 γὰρ
1662 3170 1863 3241 ταύτην
1894 3172 2056 3242 οὐρα-

473 3255 563 3309 νὸν
592 3255 688 3309 καὶ
713 3255 900 3328 θρόνον
934 3257 1068 3329 ὁμοῦ
1105 3275 1164 3312 τε
1204 3260 1295 3313 καὶ
1333 3260 1592 3331 σταυρόνο
1624 3260 1723 3325 τὰς
1754 3261 1862 3334 γὰρ
1895 3263 2056 3332 ἁγίας

473 3346 717 3416 ἀγκάλας
740 3347 1045 3414 ἐκτείνασα,
1063 3349 1154 3403 τὸν
1174 3351 1455 3421 Δεσπότην
1487 3351 1787 3409 ἐϐάστασεν
1812 3356 1838 3409 ό
1869 3353 2059 3426 θρόνος

475 3440 810 3512 χερουϐικὸς,
852 3443 1216 3515 σταυροειδὴς,
1251 3446 1521 3518 οὐράνιος,
1565 3450 1693 3521 περὶ
1729 3444 1795 3520 ἦς
1836 3451 1925 3504 διὰ
1952 3450 2058 3505 τῶν

473 3531 706 3603 Γραφῶν
748 3534 806 3586 έν
844 3534 1091 3606 οὐρανοῖς
1119 3538 1482 3610 παρακύπτω,
1511 3541 1606 3594 καὶ
1639 3540 1819 3610 βλέπω
1856 3542 2061 3612 ταύτην

480 3623 584 3676 ὑπὸ
622 3625 869 3694 ἀγγέλων
910 3629 1410 3701 προσκυνουμένην.
1451 3630 1614 3687 Ὅθεν
1656 3632 1869 3704 πρῶτον
1897 3636 1925 3686 6
1952 3635 2059 3689 Γα-

478 3714 636 3787 ϐριὴλ
678 3716 779 3787 τὴν
820 3718 1092 3789 Παρθένον
1138 3720 1466 3784 ἀσπάζεται·
1502 3721 1696 3791 Xai'ps,
1752 3741 2059 3793 κεχαριτω-

477 3804 651 3875 μένη,
694 3809 729 3860 ὁ
775 3805 996 3877 Κύριος
1023 3811 1176 3879 μετὰ
1206 3813 1353 3865 σοῦ·
1389 3812 1574 3881 χηῆρε,
1598 3816 2058 3885 κεχαριτωμένη,

477 3896 507 3948 ό
551 3895 804 3967 λαμπρὸς
844 3899 1103 3970 οὐρανός’
1148 3902 1335 3970 χαῖρε,
1393 3903 1848 3973 κεχαριτωμένη,
1890 3907 1923 3975 ἡ
1970 3906 2062 3960 τὸν

480 3983 923 4055 ὲξαστράπτοντα
989 3991 1048 4059 ἐξ
1128 3992 1356 4063 οὐρανοῦ
1424 3993 1701 4065 λαμπραῖς
1784 3995 2064 4066 λαμπάσιν

478 4076 675 4130 ἀκτῖνα
699 4075 896 4146 ἔχουσα
926 4079 1077 4149 ἣλιον
1102 4081 1192 4135 τὸν
1217 4082 1471 4154 Χριστόν.
1517 4085 1795 4156 Σεραφεὶμ
1843 4087 2066 4155 γέγονεν

482 4168 516 4237 ἠ
564 4167 858 4238 Παρθένος,
888 4172 923 4242 ἡ
982 4170 1354 4243 πολυώνυμος,
1386 4174 1480 4228 καὶ
1510 4175 1911 4246 πολυόμματος,
1965 4178 2065 4247 τῆς

480 4260 867 4332 ἀκαταλήπτου
891 4260 1052 4325 θέας·
1090 4263 1266 4334 σκέπη
1313 4280 1398 4328 τις
1429 4265 1610 4336 νοερὰ,
1649 4266 1716 4319 δι’
1760 4268 2067 4338 οίκουμενι-

478 4349 579 4404 κοῦ
605 4351 856 4423 σώματος
875 4353 1182 4426 εὑρεθεῖσα,
1208 4354 1278 4408 τὰ
1304 4357 1599 4428 χερουϐεὶμ
1641 4358 2061 4430 ὑπερϐαίνουσα.

493 4445 706 4500 Ἐκεῖνα
736 4445 834 4516 μὲν
862 4447 973 4519 γὰρ
1017 4447 1449 4519 ἀποστρέφονται
1488 4449 1563 4519 μὴ
1591 4449 1867 4521 δυνάμενα
1893 4451 2067 4504 ἀτενί-

2154 612 2341 662 ventre
2385 607 2691 678 impolluto,
2724 609 2921 665 similis
2947 610 3134 666 ellccta
3159 610 3357 664 throno
3386 610 3680 666 cherubico
3706 629 3721 667 :

2153 697 2208 752 in
2249 713 2355 767 qua
2387 713 2517 753 caro
2565 698 2767 754 factum
2799 710 2883 757 est
2930 700 3167 757 Verbum
3207 701 3404 765 Patris,
3437 702 3531 772 qui
3578 700 3724 756 Deus

2152 800 2236 847 est
2286 791 2444 845 initio
2502 806 2714 857 carens,
2760 806 2814 848 et
2860 794 2986 849 licet
3022 794 3312 850 invisibilis
3341 833 3357 858 ,
3410 793 3725 865 spectabilis

2154 890 2336 938 tamen
2388 897 2484 953 per
2517 883 2982 953 dispensationem
3016 895 3309 955 assumpta:
3338 886 3519 941 carnis
3547 885 3726 940 factus

2154 983 2256 1029 est.
2303 973 2421 1030 Non
2470 982 2715 1041 experta,
2764 990 2867 1029 nec
2916 991 3251 1046 cognoscens
3292 976 3494 1044 virum,
3543 982 3727 1046 peperi

2154 1067 2346 1133 Deum,
2378 1068 2469 1138 qui
2500 1075 2584 1122 est
2610 1078 2735 1123 ante
2784 1067 3005 1133 saecula,
3046 1068 3224 1139 ipstun
3254 1067 3557 1126 Christum.
3591 1065 3725 1121 Natu

2153 1159 2316 1212 etiam
2350 1173 2493 1213 nunc
2522 1174 2642 1214 sum
2677 1158 2830 1229 virgo
2860 1165 2985 1228 post
3016 1166 3265 1228 partum,
3298 1161 3486 1229 purior
3520 1158 3610 1231 (si
3642 1157 3729 1213 di-

2154 1265 2280 1307 cere
2310 1251 2456 1323 licet)
2489 1266 2651 1322 quam
2679 1260 2871 1318 antea;
2906 1250 3026 1306 sine
3065 1250 3249 1306 labore
3288 1251 3492 1321 peperi,
3524 1266 3634 1306 non
3671 1257 3730 1304 ut

2154 1358 2345 1399 omnes
2374 1345 2664 1410 mulieres;
2695 1344 2993 1400 dissimiles
3027 1342 3173 1398 enim
3210 1340 3430 1397 fuerunt
3465 1357 3553 1397 res
3599 1356 3732 1397 mete

2156 1450 2221 1489 ac
2252 1434 2465 1490 illarum
2500 1436 2644 1489 inter
2674 1435 3017 1506 pariendum.
3053 1434 3169 1488 Non
3206 1433 3357 1489 novit
3391 1442 3586 1487 natura
3632 1431 3733 1485 hu—

2155 1541 2313 1580 mana
2344 1536 2560 1596 partum
2593 1542 2794 1593 meum,
2827 1534 3058 1597 excepto
3092 1526 3209 1582 solo
3240 1525 3370 1590 Deo,
3410 1527 3503 1595 qui
3559 1524 3613 1579 in
3646 1540 3733 1580 me

2156 1614 2437 1669 habitavit.
2468 1612 2512 1669 Ο
2537 1613 2832 1686 Virginem,
2865 1617 3193 1686 stupendum
3225 1616 3486 1672 Ecclesia:
3510 1616 3737 1670 thesau-

2156 1720 2297 1769 rum,
2324 1705 2417 1775 qui
2453 1704 2677 1776 adeptus
2723 1713 2806 1761 est
2855 1692 3045 1776 ingens
3082 1707 3427 1778 mysterium,
3453 1704 3731 1778 Virginem

2158 1798 2395 1867 appellat
2436 1798 2583 1852 velut
2640 1798 2980 1852 sacerdotem
3032 1799 3256 1868 pariter,
3293 1806 3346 1851 et
3376 1799 3583 1862 altare;
3613 1812 3734 1865 qua:

2156 1888 2374 1958 quidem
2411 1904 2655 1943 mensam
2700 1890 2901 1954 ferens,
2934 1888 3082 1944 dedit
3123 1890 3284 1945 nobis
3329 1892 3607 1946 cmlestem
3640 1905 3733 1959 pa-

2157 1995 2281 2035 nem
2311 1979 2592 2035 Christum
2627 1981 2681 2035 in
2715 1982 3092 2038 remissionem
3126 1991 3497 2053 peccatorum.
3541 1980 3585 2035 0
3614 1987 3734 2035 ute-

2158 2086 2276 2125 rum
2314 2071 2681 2142 impollutum,
2711 2072 3000 2127 habentem
3036 2073 3299 2127 circulum
3327 2072 3615 2136 cmlorum,
3641 2072 3734 2140 qui

2158 2161 2327 2218 Deum
2351 2162 2889 2232 incomprehensum,
2924 2163 2979 2216 in
3022 2170 3075 2218 te
3108 2179 3237 2218 vero
3275 2162 3733 2232 comprehensum

2158 2254 2408 2324 portasti.
2445 2252 2490 2309 0
2520 2263 2733 2308 uterum
2785 2254 2924 2308 cmlo
2974 2254 3315 2324 ampliorem,
3348 2254 3443 2324 qui
3474 2253 3642 2307 Deum
3682 2254 3735 2306 in

2160 2353 2210 2398 te
2240 2359 2348 2398 non
2381 2345 2696 2400 coarctasti.
2730 2342 2774 2399 0
2807 2352 3044 2409 uterum,
3070 2345 3165 2415 qui
3207 2345 3407 2399 coelum
3437 2360 3496 2403 es
3530 2353 3734 2414 septem

2158 2439 2380 2495 circulis
2409 2446 2689 2503 constans,
2721 2449 2773 2495 ct
2806 2439 3060 2509 capacior
3109 2438 3217 2493 illis
3264 2437 3505 2493 exsistis.
3534 2435 3579 2490 0
3620 2446 3739 2492 ute-

2159 2546 2280 2586 rum
2328 2537 2536 2602 septem
2574 2531 2729 2584 cwlis
2765 2530 3141 2586 sublimiorem
3182 2537 3344 2600 atque
3385 2528 3656 2583 latiorem.
3694 2526 3738 2582 0

2160 2630 2398 2687 uterum,
2427 2622 2522 2692 qui
2549 2636 2609 2678 es
2637 2632 2890 2676 octavum
2927 2622 3151 2685 cmlum,
3182 2629 3389 2691 septem
3424 2620 3738 2675 ﬁrmamen-

2160 2714 2230 2769 tis
2264 2713 2571 2769 celsiorem.
2617 2710 2662 2769 0
2692 2723 2903 2769 uterum
2952 2714 3243 2768 habentem
3272 2711 3740 2783 [inexstinguibilc

2161 2804 2345 2859 lumen
2397 2805 2599 2875 septies
2653 2805 2889 2860 lucentis
2946 2805 3156 2874 gratiae.
3194 2803 3336 2870 Quid
3392 2802 3593 2868 dicam,
3646 2810 3740 2856 aut

2160 2895 2292 2965 qttid
2327 2896 2519 2967 loquar
2563 2896 2631 2951 de
2677 2896 2939 2966 praeclara
2970 2903 3024 2950 et
3058 2905 3249 2952 sancta
3285 2895 3543 2965 Virgine?
3591 2893 3742 2951 Desi-

2162 2988 2377 3042 derium
2412 3004 2497 3043 me
2526 2988 2716 3051 trahit,
2767 2996 2825 3041 ut
2859 2987 2926 3043 de
2962 2987 3191 3058 Deipara
3220 2988 3384 3045 verba
3417 2989 3645 3052 famam;
3689 2997 3742 3041 et

2164 3077 2398 3136 formido
2426 3096 2511 3136 me
2542 3081 2739 3136 retinet
2770 3081 2824 3134 in
2855 3080 3094 3150 silentio,
3137 3088 3197 3136 ut
3226 3082 3319 3151 qui
3367 3097 3477 3136 non
3511 3080 3740 3134 habeam

2165 3171 2476 3227 facultatem
2508 3173 2727 3229 dicendi
2764 3188 2862 3246 pro
2886 3175 3172 3246 dignitate.
3202 3173 3434 3228 Animus
3465 3174 3738 3235 hortatur,

2161 3270 2214 3318 et
2246 3270 2423 3319 metus
2447 3261 2687 3321 deterret
2721 3285 2734 3321 :
2769 3267 2859 3322 illc
2892 3267 3112 3336 quidem
3147 3265 3317 3319 trahit
3349 3280 3457 3328 me,
3480 3265 3588 3320 iste
3615 3278 3740 3319 vero

2161 3371 2246 3411 me
2276 3355 2565 3411 abstrahit.
2596 3355 2732 3412 Cum
2766 3373 2896 3428 ergo
2943 3358 3011 3413 ab
3056 3365 3291 3426 utroque
3321 3355 3610 3419 distinear,
3645 3371 3744 3409 ex-

2160 3447 2308 3516 pedit
2338 3447 2469 3501 mihi
2504 3456 2563 3502 ut
2603 3463 2911 3504 sermonem
2948 3448 3180 3503 habeam
3232 3446 3299 3501 de
3355 3445 3653 3517 pcrcclebri
3691 3457 3746 3502 et

2161 3548 2352 3594 sancta
2386 3535 2628 3611 Virgine.
2663 3539 2795 3596 Dico
2822 3542 2966 3596 enim
2996 3540 3142 3595 illam
3174 3555 3295 3595 esse
3332 3539 3553 3602 coelum,
3594 3539 3746 3594 thro-

2162 3646 2293 3685 num
2321 3631 2486 3688 simul
2524 3640 2577 3687 et
2611 3647 2827 3687 crucem
2856 3632 3188 3688 :extendens
3222 3632 3366 3687 enim
3401 3640 3621 3686 sanctas
3665 3632 3746 3683 ul-

2161 3736 2263 3776 nas
2294 3720 2581 3774 Dominum
2618 3722 2854 3790 portavit
2903 3721 3137 3775 thronus
3183 3718 3536 3780 cherubicus,
3569 3717 3745 3772 cruci-

2164 3810 2354 3867 l‘ormis
2401 3819 2458 3867 et
2496 3811 2762 3877 cmlestis,
2794 3811 2861 3877 de
2891 3825 2996 3881 qua
3026 3826 3121 3881 per
3147 3809 3459 3880 Scripturas
3489 3808 3543 3860 in
3576 3808 3744 3862 cmles

2164 3902 2444 3967 ineumbo,
2494 3909 2549 3957 et
2592 3900 2872 3971 conspicio
2924 3902 3072 3955 illam
3130 3899 3199 3954 ab
3247 3899 3454 3969 angelis
3502 3897 3741 3950 adorari.

2165 3992 2305 4048 llinc
2331 3992 2547 4048 Gabriel
2581 3994 2636 4047 in
2667 3993 2861 4062 primis
2891 3994 3092 4049 salutat
3117 3990 3393 4060 Virginem
3427 3990 3590 4054 :Ave,
3620 4006 3744 4059 gra-

2168 4086 2241 4138 tia
2287 4084 2462 4151 plena,
2495 4099 2615 4153 qua:
2662 4099 2722 4139 es
2773 4082 3114 4152 splendidum
3151 4083 3370 4136 cmlum.
3403 4083 3525 4145 Are,
3568 4082 3747 4150 gratia

2167 4175 2342 4243 plena,
2374 4188 2499 4242 qua:
2527 4173 2695 4229 habes
2728 4172 2941 4227 radium
2987 4171 3055 4227 de
3104 4171 3243 4226 cmlo
3291 4171 3485 4225 lucidis
3530 4168 3748 4224 facibus

2168 4273 2572 4330 coruscantem,
2595 4270 2783 4333 utpote
2810 4263 2983 4319 solem
3013 4259 3487 4333 Christum.Virgo
3509 4262 3747 4333 plurium

2169 4357 2450 4411 nominum
2483 4365 2536 4411 et
2566 4356 2858 4411 multocula
2886 4353 3077 4410 cll‘ecta
3123 4362 3209 4410 est
3240 4355 3511 4424 seraphim
3541 4355 3747 4409 incom—

2170 4447 2453 4516 prehensaa
2508 4446 2769 4512 visionis;
2826 4460 2946 4515 qua:
2988 4446 3205 4500 inventa
3254 4452 3333 4500 est
3388 4445 3745 4500 velamentum

485 4553 573 4591 σαι
599 4539 736 4610 πρὸς
759 4540 944 4610 νοητὸν
982 4539 1093 4611 πῦρ
1118 4539 1219 4611 τῆς
1248 4540 1519 4610 θεότητος.
1551 4541 1699 4612 Αὕτη
1750 4541 1806 4595 δὲ
1847 4544 2057 4615 τρανοίς

2170 4538 2442 4610 quoddam
2480 4538 2842 4593 iutellectuale
2870 4537 3121 4607 corporis
3163 4536 3509 4601 universalis,
3557 4535 3748 4592 cheru-

477 4631 722 4701 ’ὄμμασιν
749 4633 1129 4700 ἐνατενίςουσα
1170 4633 1232 4687 τὸ
1278 4634 1659 4706 ἀκατάληπτον
1703 4635 1796 4689 καὶ
1828 4635 2057 4707 ἀκοίμη-

482 4742 573 4778 τον
604 4724 761 4795 6μμα
787 4726 1044 4797 Χριστοῦ,
1085 4725 1324 4780 ποθοῦσα
1368 4726 1460 4780 καὶ
1504 4726 1734 4796 φιλοῦσα
1764 4725 2059 4796 ἠσπάζετο,

483 4820 742 4891 Στρατιαὶ⁵
765 4819 1012 4889 ἀγγέλων
1038 4819 1325 4874 ὑποπόδιον
1353 4818 1462 4872 τῶν
1491 4818 1666 4871 ποδῶν
1692 4818 1786 4872 τοῦ
1811 4819 2062 4890 Σωτῆρος

485 4912 936 4983 προσπίπτοντες,
959 4912 1081 4966 οὔτε
1113 4913 1261 4979 ἰδεῖν,
1291 4911 1414 4967 οὔτε
1456 4911 1804 4986 προσψαῦσαι
1852 4912 2064 4983 ἰσχύου-

487 5020 599 5056 σιν·
640 5004 778 5075 αὓτη
809 5004 866 5058 δὲ
898 5006 1049 5076 χείλη
1094 5005 1298 5076 χείλεσι
1334 5005 1678 5060 συνάπτουσα
1717 5003 1808 5058 τὸν
1850 5004 2062 5058 ἀκατά-

486 5094 688 5165 ληπτον
719 5096 1010 5166 ἠσπάζετο.
1046 5092 1116 5149 Ὦ
1155 5096 1417 5169 Παρθένε,
1440 5096 1826 5167 ἀκαταλήπτου
1864 5113 2065 5167 μυστη-

489 5182 605 5255 ρίου
657 5183 897 5254 φέρουσα
938 5183 1151 5276 θοιῦμέιιζ
1183 5185 1509 5257 τριπόθητον
1558 5185 1739 5242 πίστιν
1773 5189 1840 5257 τῇ
1893 5188 2064 5240 οἰκου-

489 5272 628 5347 μένῃ
657 5272 958 5345 κηρύξισα.

570 5536 840 5609 ’Δγτέλων
863 5539 1113 5612 ἁνωτέρα
1134 5541 1358 5609 γέγονεν
1392 5544 1425 5613 ἡ
1457 5542 1749 5614 Παρθένος,
1780 5546 2067 5620 μειζοτέρα

478 5629 599 5682 -τῶν
622 5632 913 5703 χερουσεὶμ
933 5634 1027 5687 καὶ
1052 5633 1158 5686 τῶν
1182 5650 1238 5685 σε
1248 5634 1471 5705 ραφεὶμ,
1488 5636 1795 5706 ἀρέσκουσα
1823 5637 1900 5707 τῷ
1925 5639 2071 5708 βασι-

497 5717 579 5775 λεῐ
614 5722 852 5794 Χριστῷ,
898 5725 972 5788 ὼς
1019 5725 1142 5790 ἀξία
1176 5726 1334 5797 δούλη
1403 5727 1495 5780 καὶ
1545 5730 1726 5800 μήτηρ
1779 5731 2068 5801 τιμηθείσα

496 5817 647 5889 παρὰ
675 5817 814 5891 Θεῷ.
856 5817 1013 5889 Ἀγία
1057 5822 1240 5893 μήτηρ
1280 5820 1565 5893 ἀμόλυντε,
1616 5824 1647 5894 ἡ
1693 5823 1782 5878 τὸν
1827 5825 1930 5898 πρὸ
1975 5827 2068 5880 σοῦ

2169 4633 2278 4688 bim
2329 4630 2742 4687 transcenderis.
2772 4628 2865 4684 llla
2909 4628 3054 4684 enim
3107 4636 3448 4694 avertuntur,
3478 4642 3601 4681 cum
3650 4642 3748 4681 ne-

2170 4735 2373 4796 queant
2419 4723 2719 4794 spiritalem
2762 4722 2941 4793 ignem
2972 4720 3275 4776 divinitatis
3306 4719 3424 4777 lixis
3453 4720 3627 4775 oculis
3657 4721 3745 4775 in-

2171 4817 2309 4872 tueri
2342 4836 2354 4870 :
2385 4817 2497 4870 haec
2522 4826 2701 4870 autem
2732 4814 2935 4883 apertis
2959 4813 3136 4868 oculis
3165 4812 3267 4867 lixe
3294 4811 3514 4868 intuens
3546 4812 3750 4867 incon-

2170 4907 2587 4979 prehensibilem
2634 4913 2688 4960 et
2732 4904 2909 4962 somni
2956 4915 3230 4975 expertem
3264 4904 3484 4958 oculum
3515 4902 3743 4984 Christi,

2171 5016 2295 5056 cum
2326 4999 2599 5055 desiderio
2624 5006 2679 5053 et
2708 4997 2899 5052 osculo
2933 4995 3226 5051 salutabat.
3256 4994 3543 5050 Exercitus
3583 5010 3744 5065 ange-

2171 5093 2350 5147 lorum
2394 5090 2526 5162 (qui
2559 5096 2689 5145 sunt
2720 5088 3019 5145 scabellqu
3051 5086 3247 5158 pedum
3278 5084 3522 5158 Christi)
3568 5087 3745 5157 proci-

2172 5186 2362 5238 deutes
2411 5199 2511 5237 nec
2556 5182 2740 5237 videre
2784 5190 3035 5252 possunt,
3093 5194 3193 5234 nec
3242 5179 3600 5248 contingere:
3632 5177 3745 5233 haec

2175 5291 2303 5331 vero
2331 5276 2480 5329 labra
2518 5275 2687 5330 labris
2717 5275 3077 5346 conjungeus,
3116 5273 3628 5343 incomprehensum
3660 5286 3747 5325 sa-

2174 5370 2399 5425 lutahat.
2423 5367 2467 5425 Ο
2499 5367 2662 5439 Virgo
2693 5367 3128 5439 incomprehensi
3162 5366 3407 5439 mysterii
3438 5362 3616 5419 ferens
3647 5365 3745 5417 mi~

2176 5463 2447 5525 raculum,
2469 5477 2589 5531 quae
2622 5461 2777 5515 [idem
2804 5468 2884 5515 ter
2913 5468 3152 5529 optatam
3179 5457 3297 5512 orbi
3326 5452 3654 5526 prmdicasti.

2246 5554 2410 5625 Virgo
2442 5553 2729 5611 sublimior
2756 5552 2961 5622 angelis
2996 5550 3137 5605 facta
3164 5555 3268 5612 est,
3303 5546 3556 5615 superior
3610 5544 3743 5613 ipsis

2176 5642 2459 5698 cherubim
2499 5649 2552 5697 et
2580 5639 2875 5710 seraphim,
2906 5643 3129 5708 placens
3162 5634 3383 5690 Christo
3415 5633 3547 5705 regi,
3576 5648 3604 5686 a
3641 5631 3745 5685 Deo

2177 5736 2231 5789 in
2272 5735 2477 5788 honore
2508 5732 2710 5792 habita.
2744 5739 3001 5797 tanquatn
3060 5726 3254 5778 ancilla
3282 5724 3440 5793 digna
3472 5732 3525 5778 et
3550 5733 3741 5778 mater.

2178 5828 2377 5883 Sancta
2421 5833 2594 5881 mater
2631 5820 3001 5883 immaculata,
3029 5832 3148 5887 qua:
3175 5815 3408 5887 genuisti
3441 5816 3742 5879 Christum,
