3978 6220
272 415 382 481 ιεο

1522 397 1727 457 DUBIA
1762 402 1904 460 AUT
1948 401 2225 459 SPURIA.

3431 411 3540 470 300

269 531 366 603 qui
389 537 475 587 est
506 536 633 588 ante
663 539 735 596 te,
761 536 816 587 et
841 529 979 586 dixit
1011 548 1024 584 :
1052 526 1218 584 Prius
1250 545 1410 601 quam
1452 528 1726 586 Abraham
1754 529 1834 600 ᾗσι

1949 532 2260 602 γεννήσασα
2316 529 2554 605 Χριστὸν
2609 529 2704 597 τδν
2758 528 3013 585 εἰπόνταο
3072 527 3225 598 Πρὶν
3281 527 3538 597 Ἀϐραὰμ

268 630 372 690 ret,
401 637 496 692 ego
523 620 851 689 sum‘.Quae
894 619 1169 677 stabulum
1224 620 1399 693 gloria
1452 621 1754 689 cxornasti,
1795 627 1851 677 et

266 729 509 787 praesepe
527 715 835 770 illustrasti.
854 711 1022 786 Virgo
1035 714 1331 786 siquidem,
1359 714 1619 784 spelunca
1642 726 1696 769 et
1713 728 1851 785 prs:-

268 819 420 879 sepe,
452 806 577 859 creti
608 805 875 859 circulum
907 820 1016 876 pne
1060 820 1121 861 se
1167 804 1405 860 ferentes
1435 804 1605 859 Deum
1638 805 1849 859 incom-

266 897 598 968 prehensum
632 896 922 966 gestabant
954 915 967 950 :
1003 904 1193 965 utpote
1239 906 1349 950 tres
1380 893 1631 948 Trinitati
1662 902 1850 964 aperte

264 987 667 1054 ministrantes,
694 989 916 1059 quando
946 985 1112 1061 Virgo
1164 986 1218 1041 in
1274 986 1535 1056 spelunca
1584 988 1722 1041 citra
1770 987 1850 1040 la-

266 1078 458 1134 borem
504 1094 816 1149 praegnans,
849 1079 976 1133 caeli
1027 1087 1080 1135 et
1123 1090 1280 1135 terra:
1336 1078 1626 1134 Dominum
1675 1079 1847 1150 depo-

265 1170 376 1235 suit
424 1170 480 1224 in
528 1171 795 1241 praesepio
830 1189 844 1225 :
875 1179 1005 1226 tunc
1044 1171 1208 1226 etiam
1256 1173 1479 1227 ordines
1527 1172 1846 1243 angelorum

265 1263 702 1319 circumstabant
748 1261 1028 1333 Virginem
1082 1278 1206 1317 cum
1254 1264 1495 1319 clamore
1546 1264 1843 1319 dicentes:

266 1352 455 1409 Gloria
490 1356 545 1408 in
576 1355 854 1409 altissimis
891 1354 1017 1420 Deo,
1044 1365 1094 1410 et
1141 1358 1195 1410 in
1232 1367 1375 1411 terra
1412 1372 1520 1425 pax
1546 1356 1845 1411 hominibus

260 1445 412 1501 bona:
457 1449 742 1502 voluntatis
761 1448 804 1501 ⁸.
838 1447 1182 1519 Quapropter
1225 1450 1390 1504 etiam
1430 1459 1701 1519 pastores,
1749 1450 1842 1519 qui

258 1539 380 1592 ruri
409 1539 825 1610 pernoctabant,
863 1538 1177 1609 hujusmodi
1206 1540 1656 1612 gloriﬁcationem
1686 1556 1847 1611 ange-

258 1627 441 1683 lorum
476 1629 771 1691 audierunt
797 1631 865 1686 de
892 1629 1197 1696 Salvatore,
1232 1641 1285 1688 et
1316 1633 1481 1688 celeri
1517 1649 1681 1689 cursu
1717 1649 1846 1704 pro-

259 1725 541 1795 perantes,
582 1720 759 1777 lucem
804 1721 1206 1789 adoraverunt;
1253 1732 1569 1793 spectantes
1605 1724 1844 1777 miracu-

258 1804 371 1861 lum
403 1807 647 1864 insolens
668 1847 683 1871 ,
711 1810 969 1864 ancillam
1005 1810 1216 1865 Domini
1247 1820 1301 1865 et
1329 1812 1595 1884 virginem
1620 1813 1840 1868 interra

256 1904 595 1962 versantem,
627 1899 869 1955 evasisse
903 1915 1161 1970 sponsam
1200 1903 1497 1959 cmlestem.
1533 1900 1653 1972 ipsa
1689 1903 1836 1958 enim

255 1994 311 2041 et
347 2001 573 2057 sponsa,
604 1999 659 2045 et
703 1992 998 2059 thalamus,
1033 2002 1089 2048 et
1123 1992 1217 2049 Dei
1265 2002 1440 2048 mater
1487 1994 1601 2049 visa
1650 2001 1735 2050 est
1782 1994 1838 2049 in

255 2080 500 2145 Stabula,
533 2083 756 2151 quando
792 2085 1000 2154 peperit
1028 2085 1289 2140 infantem
1316 2085 1600 2140 Christum
1637 2104 1650 2140 :
1680 2086 1839 2155 juxta

257 2172 644 2253 propheticam
679 2160 835 2228 Isaia:
880 2191 1089 2238 vocem.
1122 2191 1357 2246 nempe:
1400 2176 1543 2230 Puer
1571 2186 1731 2230 natus
1759 2186 1839 2231 est

256 2262 429 2327 nobis,
460 2273 509 2317 et
531 2265 677 2332 [ilius
707 2264 866 2322 datus
898 2276 976 2321 est
1006 2268 1155 2321 nobis
1187 2283 1206 2321 :
1234 2269 1387 2335 cujus
1431 2269 1709 2337 imperium
1743 2285 1838 2323 su-

256 2369 348 2425 per
375 2353 649 2408 humerum
671 2356 874 2426 ejus,et
906 2369 1127 2412 vocatur
1159 2376 1345 2413 nomen
1369 2361 1483 2429 ejus
1515 2362 1699 2431 magni
1719 2378 1841 2417 con-

257 2444 369 2507 silii
419 2445 670 2515 Angelus,
703 2446 844 2502 Deus
893 2448 1070 2518 fortis,
1118 2460 1379 2519 potestate
1424 2451 1648 2520 pollens,
1686 2452 1841 2507 Prin-

256 2552 373 2605 ceps
414 2538 584 2606 pacis,
620 2537 785 2594 Pater
821 2540 991 2609 futuri
1037 2543 1275 2597 sarculi'.
1310 2544 1447 2597 Tum
1497 2553 1619 2613 post
1666 2545 1781 2600 haec
1820 2566 1832 2601 :

253 2626 445 2699 Magia
472 2630 721 2701 partibus
743 2630 1005 2698 Orientis,
1034 2648 1064 2687 a
1089 2634 1245 2688 stella
1270 2635 1553 2703 splendida
1580 2637 1836 2692 illustrati

256 2729 312 2777 et
336 2720 579 2786 deducti,
614 2732 834 2794 peracta
867 2724 1080 2781 itineris
1106 2726 1175 2779 ab
1208 2724 1431 2783 Oriente
1469 2728 1833 2798 longitudine,

257 2823 524 2871 venerunt
567 2814 881 2872 Bethlehem
930 2818 996 2871 ad
1035 2820 1371 2873 adorandum
1405 2830 1642 2889 partum.
1681 2820 1838 2880 Unde

251 2927 375 2968 cum
408 2913 472 2967 ad
508 2907 785 2968 civitatem
813 2907 1115 2964 Jerusalem
1148 2913 1547 2979 pervenissent,
1572 2915 1834 2969 occultari

250 3002 421 3074 cmpit
463 3003 657 3070 stella;
690 2999 771 3057 illi
809 3015 938 3053 vero
974 3000 1298 3079 perturbati,
1334 3017 1398 3055 co
1432 3003 1580 3071 quod
1611 3004 1707 3058 viae
1734 3003 1836 3059 du-

249 3110 368 3150 cem
390 3094 777 3165 perdidissent,
805 3094 1132 3148 necessitate
1161 3104 1391 3165 cogente
1420 3096 1835 3167 interrogabant

1951 620 2230 691 γενέσθαι
2278 620 2393 692 ἐγώ
2436 623 2583 692 εἰμι’
2629 624 2664 694 ἠ
2715 621 2774 676 τδ
2819 621 3080 693 σπήλαιον
3120 617 3414 685 δοξάσασα,
3446 620 3540 672 καὶ

1951 711 2051 782 τὴν
2077 711 2283 781 φάτνην
2310 711 2673 783 μεγαλύνασα.
2707 712 2985 786 Παρθένος
3010 710 3118 783 γὰρ
3150 710 3246 765 καὶ
3276 708 3542 780 σπήλαιον

1950 804 2047 858 καὶ
2075 805 2271 876 φάτνη,
2301 804 2532 877 ούρανοῦ
2571 804 2769 859 κύκλον
2802 804 3036 875 ἔχοντες,
3080 802 3213 857 Θεὸν
3255 800 3546 874 ἀχώρητον

1949 898 2161 969 ἔφερον,
2193 901 2240 952 oi
2275 901 2422 970 τρεῖς
2467 901 2534 970 τῇ
2576 898 2763 970 Τριάδι
2807 896 2994 967 σαφῶς
3027 896 3538 968 λειτουργήσαντες,

1948 990 2036 1043 ὅτε
2067 991 2098 1059 ἡ
2125 990 2397 1060 Παρθένος
2432 990 2648 1054 ἀπόνως
2690 988 2778 1043 τὸν
2814 987 3045 1061 ούρανοῦ
3081 988 3174 1041 καὶ
3198 989 3302 1058 γῆς
3334 987 3538 1041 Δεσπό-

1947 1097 2046 1149 την
2089 1082 2147 1134 ἐν
2189 1083 2268 1154 τῷ
2313 1084 2562 1155 σπηλαίῳ
2608 1086 2879 1155 κυήσασα,
2931 1082 2988 1134 ἐν
3030 1084 3098 1153 τῇ
3141 1081 3316 1158 φάτνῃ
3360 1078 3536 1145 ἔθετο,

1947 1178 2068 1232 τότε
2116 1178 2208 1230 καὶ
2252 1176 2434 1239 τάξεις
2488 1174 2737 1244 ἀγγέλων
2776 1174 2874 1246 τὴν
2899 1174 3177 1246 Παρθένον
3217 1174 3536 1227 ἐκύκλωσαν

1949 1270 2177 1342 βοῶντες
2201 1272 2294 1323 καὶ
2319 1270 2602 1339 λέγοντεςο
2649 1268 2804 1333 Δόξα
2835 1268 2906 1322 ἐν
2932 1269 3216 1339 ὑψίστοις
3251 1266 3393 1335 Θεῷ,
3435 1268 3536 1322 καὶ

1945 1363 2044 1416 ἐπὶ
2083 1361 2197 1431 γῆς
2224 1361 2451 1430 εἰρήνη,
2479 1361 2548 1415 ἐν
2583 1358 2909 1428 ἀνθρώποις
2945 1358 3209 1414 εὐδοκία.
3240 1359 3404 1414 Ὅθεν
3438 1360 3538 1415 καὶ

1947 1451 2204 1523 ποιμένες
2239 1449 2637 1522 ἀγραυλοῦντες
2669 1450 2768 1523 τὴν
2802 1448 3059 1520 τοιαύτην
3087 1448 3395 1518 δοξολογίαν
3426 1448 3537 1502 τῶν

1945 1522 2193 1613 ἀγγέλων
2240 1543 2477 1614 ήκουσάν
2518 1560 2582 1596 τε
2636 1522 2766 1615 περὶ
2819 1539 2914 1595 τοῦ
2963 1541 3217 1613 Σωτῆρος
3241 1584 3258 1609 ,
3309 1542 3404 1596 καὶ
3454 1541 3536 1613 τῷ

1944 1635 2130 1706 δρόμῳ
2188 1634 2501 1705 βαδίσαντες
2528 1675 2542 1701 ,
2595 1633 2656 1687 τὸ
2710 1634 2825 1702 φῶς
2882 1633 3296 1704 προσεκύνησαν
3319 1674 3335 1699 ,
3382 1632 3535 1700 ξένον

1946 1724 2130 1797 θαῦμα
2156 1724 2504 1796 θεασάμενοι,
2525 1724 2625 1798 τὴν
2648 1724 2841 1796 δούλην
2883 1723 2976 1778 τοῦ
3004 1725 3277 1777 Δεσπότου
3305 1724 3396 1777 καὶ
3433 1723 3536 1794 τὴν

1946 1816 2187 1886 ἐπίγειον
2219 1816 2509 1889 παρθένον,
2545 1817 2798 1889 οὐράνιον
2844 1816 3081 1888 νύμφην.
3112 1816 3261 1889 Αὕτη
3294 1815 3403 1886 γὰρ
3434 1819 3533 1871 καὶ

1942 1907 2150 1981 νύμφη,
2193 1910 2285 1963 καὶ
2330 1909 2564 1974 παστὰς,
2603 1909 2699 1963 καὶ
2748 1908 2883 1963 Θεοῦ
2927 1910 3110 1981 μήτηρ
3154 1908 3310 1980 ὤφθη
3348 1910 3406 1963 ἐν
3452 1908 3532 1982 τῷ

1941 1998 2211 2070 σπηλαίῳ,
2256 2000 2345 2052 ὅτε
2393 1999 2452 2053 τὸ
2495 1999 2693 2071 βρέφος
2742 1999 2897 2054 ἔτεκε
2929 2000 3185 2072 Χριστὸν,
3243 2000 3386 2056 κατά
3431 2000 3533 2074 τὴν

1940 2090 2282 2163 προφητικὴν
2319 2092 2539 2145 Ἡσαΐου
2588 2092 2804 2162 φωνήν·
2852 2092 2934 2146 ὅτι
2960 2092 3208 2146 Παιδίον
3232 2091 3527 2162 ἐγεννήθη

1937 2180 2109 2250 ἡμῖν·
2147 2182 2278 2247 υίὸς
2311 2180 2409 2234 καὶ
2441 2180 2619 2247 ἐδόθη
2650 2180 2815 2249 ἡμῖν,
2858 2175 2932 2237 οὗ
2976 2181 3014 2249 η
3060 2179 3219 2250 ἀρχὴ
3270 2180 3370 2234 ἐπὶ
3419 2180 3529 2234 τοῦ

1939 2271 2101 2341 ὤμου
2123 2271 2333 2337 αὐτοῦ,
2367 2272 2465 2327 καὶ
2507 2275 2775 2327 καλεῖται
2808 2271 2875 2327 τὸ
2908 2271 3099 2342 ὄνομα
3135 2272 3323 2327 αὐτοῦ
3343 2270 3529 2342 μεγά-

1938 2366 2059 2433 λης
2099 2362 2340 2431 ,ϐουλῆς
2380 2365 2690 2433 Ἄγγελος,
2729 2362 2874 2430 Θεὸς
2918 2363 3191 2433 ίσχιφός,
3245 2363 3530 2428 ἐξουσια-

1939 2453 2115 2523 στὴς,
2145 2456 2382 2526 Ἄρχων
2401 2456 2665 2525 εἰρήνης,
2693 2456 2896 2525 Πατὴρ
2915 2457 3021 2512 τοῦ
3040 2456 3376 2527 μέλλοντος
3390 2456 3530 2510 αἰῶ-

1938 2557 2064 2607 νος.
2111 2538 2245 2597 Εἶτά
2289 2560 2422 2615 φησι
2463 2545 2602 2614 μετά
2640 2544 2847 2599 ταῦτα’
2876 2546 3057 2616 Μάγοι
3098 2545 3207 2600 ἀπὸ
3253 2546 3527 2601 ἀνατολῶν

1940 2632 2045 2686 ὑπὸ
2065 2632 2298 2703 ἀστέρος
2330 2636 2592 2705 φωτεινοῦ
2632 2635 3133 2708 καταλαμπόμενοι,
3165 2637 3259 2691 καὶ
3298 2637 3526 2709 ὁδηγούς

1941 2740 2111 2794 μενοι.
2148 2725 2210 2778 τὸ
2250 2726 2420 2797 μῆκος
2462 2727 2564 2797 τῆς
2601 2727 2661 2793 ἐξ
2704 2728 2969 2799 ἀνατολῆς
3019 2729 3138 2783 ὀδοῦ
3186 2728 3523 2799 βαδίσαντες,

1936 2814 2134 2885 ἥκασιν
2177 2817 2258 2880 είς
2290 2816 2660 2889 προσκύνησιν
2693 2818 2786 2871 τοῦ
2831 2819 3114 2890 τεχθέντος
3155 2821 3216 2873 ἐν
3254 2818 3524 2892 Βηθλεέμ.

1939 2905 2103 2960 Ὅθεν
2153 2906 2246 2961 καὶ
2298 2908 2399 2979 τὴν
2456 2909 2609 2963 πόλιν
2678 2909 3035 2982 Ἰερουσαλὴμ
3092 2910 3522 2978 καταλαϐόντες,

1936 2997 2238 3069 κρύπτεται
2288 2999 2384 3053 ἀπ’
2424 2999 2604 3055 αὐτῶν
2641 3002 2669 3054 6
2712 3002 2917 3074 ἀστήρο
2946 3004 2995 3055 οἱ
3034 3001 3091 3055 δὲ
3130 3001 3523 3075 θορυϐηθέντες

1934 3088 2026 3143 τὸν
2058 3089 2251 3160 ὁδηγὸν
2283 3089 2667 3170 ἀπολέσαντες,
2699 3093 2946 3165 ἀνάγκης
2978 3095 3044 3165 τῇ
3075 3093 3165 3164 βίᾳ
3194 3093 3319 3157 τοὺς
3356 3095 3414 3146 ἐν
3450 3094 3517 3164 τῇ

249 3188 463 3243 incolas
493 3188 752 3253 civitatis,
779 3191 837 3243 et
864 3184 1292 3240 sciscitabantur
1318 3187 1385 3241 ab
1411 3188 1516 3253 eis,
1549 3188 1642 3243 ubi
1670 3198 1833 3246 natus

1938 3180 2091 3234 πόλει
2134 3180 2465 3252 ἐρωτῶντες,
2513 3183 2874 3237 ἐπυνθάνοντο
2929 3184 3059 3256 παρ’
3094 3185 3302 3238 αὐτῶνο
3338 3181 3449 3236 Ποῦ
3491 3184 3523 3235 6

249 3290 394 3333 esset
426 3277 696 3332 Christus.
730 3275 891 3343 Quod
923 3275 1145 3344 quidem
1172 3276 1497 3332 miraculum
1523 3278 1831 3335 inauditum

250 3381 443 3421 omnes
474 3367 884 3422 existimabant.
924 3366 999 3421 De
1049 3382 1160 3437 quo
1209 3383 1335 3421 cum
1392 3370 1639 3427 audisset
1665 3371 1834 3429 Hero-

250 3459 370 3522 des,
406 3459 736 3514 turbabatur
785 3459 1160 3523 vehementer,
1194 3468 1248 3514 et
1280 3463 1489 3517 vocatis
1528 3463 1834 3528 sacerdoti-

250 3550 375 3615 bus,
411 3552 836 3619 percontabatur
880 3564 999 3612 eos.
1031 3549 1123 3604 ubi
1146 3549 1399 3607 Christus
1448 3557 1831 3612 nasceretur‘.

248 3638 332 3703 illi
381 3650 561 3697 autem
609 3643 885 3710 dixerunt,
915 3652 968 3698 et
1011 3657 1119 3697 non
1168 3655 1542 3716 negaverunt;
1593 3648 1831 3706 confessi

249 3745 406 3798 sunt,
437 3743 491 3789 et
527 3751 637 3789 non
668 3743 799 3791 sunt
828 3734 1062 3791 mentiti.
1101 3733 1247 3791 Solis
1282 3735 1468 3793 radios
1496 3738 1833 3805 abscondere

247 3840 357 3884 non
390 3832 664 3894 poterant,
697 3840 884 3880 vocem
915 3824 1130 3880 scilicet
1153 3840 1251 3895 per
1279 3827 1603 3897 prophetam
1625 3827 1694 3883 de
1718 3828 1833 3885 Sal-

250 3923 442 3972 vatore
490 3918 637 3972 clare
683 3917 1132 3988 pronuntiatam;
1191 3926 1391 3972 testato
1440 3918 1739 3977 dixerunt:
1770 3920 1829 3977 In

246 4006 561 4071 Bethlehem
617 4009 770 4064 nasci
818 4009 1121 4087 Christum.
1159 4006 1313 4064 Hunc
1344 4011 1489 4065 enim
1518 4013 1572 4066 in
1607 4012 1827 4069 modum

244 4117 344 4183 per
370 4103 687 4174 prophetam
712 4103 939 4156 clamat:
964 4100 1031 4154 Et
1057 4110 1134 4165 tu,
1159 4100 1474 4169 Bethle/tem,
1500 4120 1829 4177 nequaquam

244 4213 302 4261 es
329 4197 549 4259 minima
570 4196 623 4250 in
645 4196 970 4266 principibus
996 4194 1029 4248 ¹Ι
1036 4195 1142 4249 uda
1160 4212 1177 4258 ,°
1198 4211 1262 4249 ea:
1291 4205 1341 4250 te
1366 4198 1504 4250 enim
1533 4198 1670 4252 σείει
1692 4199 1824 4264 dux,

244 4288 334 4356 qui
360 4289 434 4341 ’sit
459 4286 760 4341 dominator
792 4287 846 4340 in
874 4284 1047 4344 Israel
1068 4286 1110 4337 '.
1145 4283 1190 4340 Ο
1218 4285 1489 4342 infidelem
1527 4286 1781 4347 lsraelem
1808 4289 1823 4343 l

247 4379 535 4441 confessus
568 4387 653 4432 est
680 4378 815 4447 legis
853 4377 1128 4439 ellectum,
1159 4384 1215 4430 et
1260 4376 1627 4447 legislatorem
1660 4379 1829 4435 dene-

246 4471 430 4546 gavit;
469 4466 746 4525 testiﬁcati
777 4474 906 4522 sunt
930 4467 1055 4537 ipsi,
1082 4466 1174 4521 ubi
1204 4478 1525 4525 nasceretur
1544 4468 1821 4535 Christus,

244 4572 301 4625 et
335 4563 388 4615 hi
425 4576 619 4616 rursus
648 4559 927 4615 Christum
964 4569 1151 4613 natum
1179 4559 1543 4631 abnegarunt.

315 4652 454 4719 Quid
488 4652 653 4722 igitur
681 4651 862 4721 magi?
890 4666 1121 4722 quorum
1153 4651 1235 4715 vis
1273 4651 1440 4705 animi
1473 4650 1695 4723 propria
1723 4651 1826 4705 im-

245 4754 451 4802 mutata
495 4751 634 4807 erat,
672 4759 905 4813 qumum
950 4759 1045 4797 cor
1090 4744 1382 4798 admodum
1420 4745 1744 4799 turbahatur
1774 4755 1829 4799 et

244 4837 694 4905 exstinguehatur
739 4852 850 4907 prae
902 4835 1120 4901 dolore;
1171 4851 1405 4907 quorum
1455 4837 1692 4908 suspiria
1732 4837 1828 4894 ilu-

244 4936 432 4983 ctnum
481 4925 842 4981 violentorum
894 4928 1072 4981 instar
1122 4941 1315 4983 navem
1366 4927 1821 4999 submergebant;

244 5033 476 5091 quorum
513 5018 680 5083 oculi,
705 5018 963 5090 lacrymis
991 5032 1236 5089 gemmas
1263 5033 1375 5088 prae
1408 5033 1467 5074 se
1496 5017 1821 5085 ferentibus,

244 5121 445 5167 terram
497 5092 837 5179 irrigabant;
887 5125 1125 5179 quorum
1181 5109 1403 5168 amictio
1462 5111 1823 5167 intolerabilis

243 5211 382 5267 erat,
430 5202 714 5257 ductorem
765 5201 835 5256 ab
865 5199 1089 5257 Oriente
1120 5203 1483 5272 requirentes,
1517 5220 1677 5274 quem
1714 5223 1821 5261 nun

243 5294 541 5359 habebant,
581 5293 847 5349 habentes
902 5296 1289 5364 quarritabant,
1322 5295 1416 5350 ubi
1450 5305 1597 5354 esset
1639 5314 1824 5370 mago-

240 5403 365 5445 rum
395 5387 505 5442 dux
531 5388 708 5443 stella.
736 5388 807 5441 At
842 5402 972 5443 vero
1016 5390 1292 5459 perpende
1326 5390 1632 5457 veritatem,
1684 5407 1824 5463 quo-

241 5494 369 5543 nam
406 5487 566 5551 pacto
595 5480 904 5536 occultatur
926 5479 1008 5537 eis
1044 5481 1222 5547 stella,
1259 5490 1314 5536 et
1344 5483 1555 5539 intuere
1584 5484 1825 5549 miracu—

244 5574 380 5634 lum,
408 5581 462 5628 et
491 5572 611 5647 ejus
640 5571 1119 5644 signiﬁcationem.
1158 5572 1271 5629 liae
1296 5575 1363 5630 de
1393 5590 1559 5631 causa
1590 5576 1821 5633 aliscon~

243 5661 394 5723 ditur
419 5663 500 5718 eis
535 5663 713 5728 stella,
747 5670 805 5717 ut
843 5663 973 5718 dum
1009 5671 1469 5737 percontarentur
1509 5667 1819 5724 incredulos

318 5816 515 5876 ‘Joan.
546 5832 664 5875 νηί.
693 5817 783 5875 58.
859 5822 879 5850 ³
904 5817 1037 5878 Luc.
1069 5835 1127 5879 ιι.
1159 5820 1244 5874 Η.
1324 5820 1343 5853 ³
1368 5820 1470 5879 lea.
1505 5838 1577 5881 Ix.
1616 5825 1671 5879 6.

1743 5824 1974 5880 ‘blatth.
2008 5842 2063 5882 ll.
2106 5825 2126 5878 i
2180 5839 2298 5895 sqq.

1936 3272 2173 3344 Χριστὸς
2201 3275 2494 3342 γεννᾶταις
2527 3273 2675 3339 ξένον
2704 3275 2761 3328 δὲ
2786 3275 2968 3347 θαῦμα
3012 3279 3175 3331 πᾶσιν
3216 3276 3516 3348 ἐνομίζετο.

1932 3365 2068 3437 Περὶ
2092 3361 2153 3421 οὗ
2193 3365 2439 3437 Ἡρώδης
2470 3366 2728 3431 ἀκούσας,
2767 3368 3091 3441 ἐταράττετο
3125 3366 3266 3433 λίαν,
3298 3368 3391 3421 καὶ
3420 3383 3521 3421 κα-

1930 3455 2095 3519 λέσας
2131 3456 2258 3521 τοὺς
2306 3458 2491 3529 ἱερεῖς,
2539 3458 2870 3512 ἐπυνθάνετο
2912 3461 3044 3531 παρ’
3090 3459 3289 3524 αὐτῶν,
3342 3458 3444 3512 ποῦ
3487 3459 3521 3514 6

1930 3548 2166 3618 Χριστὸς
2203 3552 2480 3618 γεννᾶται.
2522 3551 2585 3603 Oi
2627 3550 2684 3602 δὲ
2734 3545 2887 3604 εἷπον
2919 3551 3013 3604 καὶ
3040 3552 3141 3605 οὐκ
3175 3552 3517 3627 ήρνήσαντον

1930 3641 2287 3713 ὡμολόγησαν
2336 3642 2428 3696 καὶ
2481 3641 2582 3695 ούκ
2625 3642 2936 3711 ἐψεύσαντο.
2983 3643 3095 3707 “re;
3140 3643 3364 3706 ἀκτῖνας
3421 3639 3516 3695 τοῦ

1931 3733 2083 3805 ἡλίου
2110 3733 2375 3806 κρύπτειν
2408 3737 2508 3788 οὐκ
2538 3733 2818 3804 ἠδύναντο,
2850 3733 2947 3805 τὴν
2973 3735 3100 3806 περὶ
3135 3733 3229 3786 τοῦ
3263 3732 3515 3804 Σωτῆρος

1930 3824 2114 3897 φωνὴν
2141 3822 2229 3877 διὰ
2255 3825 2349 3877 τοῦ
2380 3825 2659 3896 προφήτου
2709 3821 3144 3893 σαφηνιζομένην
3197 3820 3511 3891 ἐμαρτύρη-

1930 3933 2031 3969 σαν
2058 3916 2307 3987 λέγοντες
2323 3936 2335 3948 ·
2357 3917 2446 3970 Ἐν
2472 3910 2718 3988 Βηθλεέμ
2745 3918 2997 3985 γεννᾶται
3024 3916 3053 3967 6
3074 3914 3325 3985 Χριστός.
3358 3912 3513 3967 Οὕτω

1928 4008 2037 4080 γὰρ
2061 4008 2160 4080 βοᾷ
2195 4008 2283 4062 διὰ
2306 4007 2401 4062 τοῦ
2440 4010 2721 4080 προφήτου
2742 4026 2756 4040 ·
2792 4009 2899 4063 Kal
2940 4006 3045 4072 σὺ,
3086 4004 3375 4073 Βηθλεὲμ,
3408 4004 3513 4057 οὑ·-

1928 4100 2128 4171 δαμῶς
2154 4097 2215 4156 εἷ
2241 4102 2533 4171 ἐλαχίστη
2588 4101 2660 4154 ἐν
2703 4099 2829 4165 τοῖς
2866 4099 3160 4169 ἡγεμόσιν
3182 4095 3405 4152 Ἰούδα*
3441 4093 3512 4147 ἐκ

1927 4195 2045 4250 σοῦ
2067 4195 2179 4265 γὰρ
2204 4194 2587 4260 ἐξελεύσεται
2617 4193 2723 4247 τοῦ
2754 4188 2905 4246 εἶναι
2930 4193 3023 4257 εις
3050 4190 3311 4260 ἄρχοντα
3333 4188 3403 4241 ἐν
3433 4183 3515 4251 τῷ

1941 4285 2199 4355 Ἰσραήλ.
2239 4287 2304 4339 Ὠ
2343 4286 2438 4339 τοῦ
2497 4284 2845 4348 ἀπειθοῦντος
2891 4281 3138 4355 Ἰσραήλί
3181 4266 3510 4351 Ὣμολόῖγησε

1927 4380 1989 4434 τὸ
2016 4381 2249 4450 πρᾶγμα
2278 4377 2371 4432 τοῦ
2403 4378 2590 4449 νόμου,
2622 4377 2717 4431 καὶ
2742 4375 2831 4430 τὸν
2860 4374 3159 4447 νομοθέτην
3197 4373 3507 4444 ἠρνήσατο·

1928 4471 2082 4526 αὐτοὶ⁹
2103 4470 2491 4543 ἐμαρτύρησαν
2524 4467 2625 4523 ποῦ
2653 4470 2681 4522 ὁ
2714 4467 2947 4540 Χριστὸς
2977 4467 3251 4536 γεννᾶται,
3284 4462 3377 4516 καὶ
3415 4461 3513 4515 αὐ-

1858 4544 1904 4600 Ῑ)
1931 4565 2018 4618 τολ⁵
2055 4563 2214 4617 πάλιν
2239 4564 2546 4634 ἠρνήσαντο
2574 4560 2665 4614 τὸν
2688 4558 3016 4631 γεννηθέντα
3046 4557 3299 4627 Χριστόν.

2007 4653 2073 4708 Τί
2097 4649 2191 4707 οὖν
2212 4654 2261 4706 οἱ
2292 4654 2492 4725 μάγοι;
2522 4646 2597 4706 ὧν
2627 4652 2689 4706 τὺ
2721 4652 2919 4705 οἰκεῖον
2945 4648 3040 4703 τοῦ
3068 4648 3188 4712 νοὸς
3218 4645 3507 4717 ἠλλοιώθη,

1933 4741 2008 4805 ὧν
2034 4751 2066 4820 ἡ
2097 4749 2291 4820 καρδία
2317 4749 2638 4820 ἐταράττετο
2660 4746 2803 4810 λίαν,
2830 4744 2929 4799 καὶ
2949 4742 3234 4796 ἐσϐέννυτο
3257 4741 3314 4793 ὲν
3340 4739 3508 4809 λύπῃ,

1935 4832 2010 4893 ὧν
2038 4841 2088 4893 οἱ
2112 4844 2404 4909 ο-τεναγμοὙ⁵
2425 4845 2500 4901 ὡς
2530 4836 2790 4908 κυμάτων
2821 4835 2910 4906 βία
2934 4834 3031 4905 τὴν
3056 4832 3187 4886 ναῦν
3207 4829 3506 4894 ἐπόντιζον.

1931 4924 2007 4985 ὧν
2053 4931 2103 4984 οἱ
2148 4930 2416 4999 ὀφθαλμοὶ
2469 4925 2947 4999 μαργαριτοειδέσι
2995 4924 3223 4993 δάκρυσι
3264 4921 3363 4993 τὴν
3406 4920 3511 4990 γῆν

1931 5025 2313 5097 κατέρῤαινον,
2351 5017 2426 5077 ὧν
2469 5023 2743 5094 ἀφόρητος
2786 5022 2821 5091 ἡ
2868 5018 3067 5088 θλίψις,
3104 5017 3193 5071 τὸν
3234 5014 3505 5069 ἀνατολῶν

1931 5116 2221 5189 ζητοῦντες
2243 5114 2454 5186 ὁδηγὸν,
2481 5115 2540 5168 ὃν
2562 5115 2661 5168 οὐκ
2691 5109 2858 5183 εἶχον,
2889 5110 3104 5180 ἔχοντες
3125 5108 3369 5177 ἐζήτουν·
3396 5101 3505 5157 Ποῦ

1930 5208 1960 5259 6
1986 5206 2162 5276 ἀστὴρ
2189 5205 2217 5257 6
2249 5203 2357 5257 τῶν
2395 5205 2585 5275 μάγων
2610 5201 2836 5272 ὁδηγός;
2868 5197 3005 5253 Καθ’
3047 5194 3159 5250 οἷον
3207 5196 3265 5248 δὲ
3307 5193 3510 5265 τρόπον

1931 5298 2230 5370 κρύπτεται
2258 5296 2351 5350 ἀπ’
2386 5296 2564 5350 αὐτῶν
2592 5297 2621 5349 6
2654 5293 2849 5364 ἀστὴρ,
2887 5291 3079 5345 σκόπει
3106 5287 3204 5360 τὴν
3226 5285 3504 5357 ἀλήθειαν,

1934 5392 2029 5446 καὶ
2059 5391 2225 5463 βλέπε
2259 5390 2321 5443 τὸ
2351 5388 2557 5460 θαῦμα,
2589 5387 2684 5442 καὶ
2716 5385 2815 5457 τὴν
2852 5385 3102 5455 μήνυσιν.
3133 5381 3358 5433 Ἕνεκεν
3384 5374 3506 5429 τού-

1927 5501 2022 5543 του
2054 5483 2357 5554 κρύπτεται
2381 5485 2475 5536 ἀπ*
2509 5480 2690 5536 αὐτῶν
2725 5481 2753 5533 ὁ
2789 5478 2985 5549 ἀστὴρ,
3024 5476 3111 5528 ἵνα
3140 5472 3346 5526 τούτων
3369 5470 3512 5540 ἐρω-

1927 5575 2143 5629 τώντων
2182 5575 2332 5645 παρά
2357 5574 2465 5628 τῶν
2496 5574 2742 5627 ἀπίστων
2776 5570 2986 5640 ἱερέων,
3015 5566 3246 5639 φανερὸν
3274 5562 3505 5633 γένηται

1929 5668 2064 5722 πᾶσι
2101 5667 2161 5720 τὸ
2204 5664 2435 5737 ούρανοῦ
2476 5664 2570 5717 καὶ
2597 5665 2698 5734 γῆς
2736 5662 3054 5734 μυστήριον.
3093 5656 3253 5713 Ὅθεν
3283 5652 3422 5728 μετὰ
3442 5650 3505 5711 τὸ

2384 5824 2403 5852 ⁵
2427 5821 2588 5875 Mich.
2626 5837 2679 5883 ν,
2706 5821 2766 5883 ε,
