3978 6220
423 372 526 431 501

1425 368 1706 426 IIOMILIA
1733 367 1818 422 Vl.
1846 366 1911 423 IN
1941 365 2164 424 FESTO
2192 366 2594 425 PALMARUM.

3566 369 3673 423 502

419 488 629 560 γνῶναι
674 488 897 554 πάντας,
934 487 1261 559 φανεροῦται
1302 489 1465 543 πάλιν
1514 493 1706 559 μάγοις
1738 487 1765 539 6
1801 484 1996 555 ἀστὴρ.

2106 486 2441 549 sacerdotes,
2467 484 2816 540 manifestum
2842 484 3162 541 redderetur
3187 485 3445 541 omnibus
3472 485 3597 539 οωιὶ
3622 496 3673 538 et

421 579 531 642 ἓως
565 570 625 631 οὗ
660 578 827 630 ἐλθὼν
870 579 998 650 ἔστη
1032 581 1336 655 ὲπάνωκτοῦ
1380 582 1608 651 βρέφους
1649 582 1703 633 ἐν
1748 578 1825 649 τῷ
1855 596 1996 647 σπη-

420 666 637 738 λαίῳ,ἢ
675 668 873 738 μᾶλλον
915 670 972 722 ἐν
1015 670 1093 741 τῷ
1121 670 1353 742 οὐρανῷ.
1384 673 1556 725 Ὅπου
1590 670 1697 742 γὰρ
1738 670 1993 743 Χριστὸς,

421 760 542 812 ἐκεῖ
570 761 597 813 6
638 760 885 830 οὐρανός⁹
925 761 986 814 τὸ
1016 762 1124 833 γὰρ
1164 763 1426 833 σπήλαιον
1454 763 1680 833 οὐρανὸς
1712 761 1869 833 ὤφθη
1904 762 1996 814 ἐπὶ

420 850 548 920 γῆς.
585 852 647 903 Οἱ
670 850 727 903 δὲ
757 851 955 915 ἰδόντες
987 853 1079 905 τὸν
1113 854 1336 923 ἀστέρα,
1373 855 1572 924 μᾶλλον
1602 854 1659 908 δὲ
1692 854 1783 907 τὸν
1812 854 1995 925 Σωτῑγ

424 958 511 1013 ρα,
543 942 821 1013 ἐχάρησαν
853 943 1027 1013 χαρὰν
1057 945 1316 1016 μεγάλην,
1350 945 1399 998 οἶ
1425 946 1515 999 καὶ
1536 945 1806 1015 κύψαντες
1831 963 1998 1017 προσ-

422 1031 718 1102 εκύνησαν,
761 1034 855 1087 καὶ
892 1034 1211 1098 ἐκϐαλόντες
1253 1035 1322 1088 τά
1359 1036 1525 1106 δῶρα,
1562 1036 1761 1106 χρυσὸν
1792 1036 1885 1088 καὶ⁹
1917 1034 1997 1087 λί-

423 1120 586 1173 ϐανον
617 1123 710 1175 καὶ
742 1122 1007 1194 σμύρναν.
1045 1126 1258 1195 Χρυσὸν
1292 1127 1387 1197 μὲν
1420 1126 1495 1189 ὡς
1523 1126 1748 1196 βασιλεῖ’
1784 1126 1997 1178 λίϐανον

419 1211 477 1263 δὲ
499 1212 573 1275 ὡς
600 1212 733 1283 Θεῷ·
771 1213 865 1265 καὶ
892 1214 1135 1285 σμύρναν
1157 1215 1231 1278 ὼς
1254 1215 1452 1286 θνητῷ·
1486 1216 1683 1286 μᾶλλον
1712 1216 1767 1268 δὲ
1797 1216 1882 1268 ἵνα
1905 1214 1997 1267 καὶ¹

420 1301 512 1354 τὸν
542 1305 909 1374 ἐνταφιασμὸν
943 1306 1224 1375 μηνύσωσι
1264 1306 1357 1360 τοῦ
1389 1307 1607 1361 πάντων
1646 1307 1864 1361 κτίστου
1903 1308 1999 1360 καὶ

418 1391 753 1463 δημιουργοῦ
800 1396 1057 1467 Χριστοῦ,
1104 1396 1162 1449 ὃν
1214 1396 1394 1449 ἔτεκεν
1442 1399 1474 1467 ἡ
1517 1397 1767 1468 οὐράνιος
1811 1396 1995 1468 νύμφη

419 1481 631 1550 Μαρία,
667 1485 694 1535 6
730 1484 958 1553 οὐρανὸς
989 1485 1080 1538 καὶ
1112 1486 1237 1547 ναὸς
1265 1486 1356 1537 καὶ
1389 1484 1576 1557 θρόνος
1599 1487 1699 1555 τῆς
1725 1486 1995 1557 θεότητος,

418 1572 481 1625 τὸ
514 1574 875 1646 ἀνεκλάλητον
904 1577 996 1630 τοῦ
1038 1578 1364 1649 παραδείσου
1402 1578 1703 1649 κειμήλιον.
1744 1579 1997 1648 ’Ἄγγελοι

418 1664 516 1734 τὴν
550 1664 693 1719 Εὔαν
718 1668 1044 1737 ἐμέμφοντο,
1077 1672 1191 1722 νυνὶ
1219 1671 1273 1723 δὲ
1302 1675 1398 1743 τὴν
1422 1672 1640 1743 Μαρίαν
1664 1674 1996 1739 δοξάζουσιν·

420 1756 453 1824 ἡ
489 1756 546 1807 τὸ
576 1757 801 1821 ἀσθενὲς
831 1759 939 1811 τῶν
974 1762 1246 1827 γυναικῶν
1285 1763 1486 1832 κυρίως
1516 1763 1805 1829 δοξάσασα,
1834 1768 1865 1836 ὴ
1898 1766 1993 1837 τὴν

420 1848 691 1903 πεσοῦσαν
724 1850 867 1905 Εὔαν
896 1853 1267 1925 ἀναστήσασα,
1303 1856 1394 1908 καὶ
1424 1856 1513 1910 τὸν
1540 1856 1875 1927 ἐκϐληθέντα
1902 1859 1994 1912 τοῦ
2031 1847 2072 1902 Β

420 1942 750 2012 παραδείσου
796 1945 965 2016 Ἀδὰμ
994 1948 1071 2009 είς
1115 1948 1379 2018 οὐρανοὺς
1420 1949 1806 2016 ἀποστείλασα,
1843 1953 1875 2023 ἠ
1910 1954 1998 2006 τὸν

418 2031 736 2088 κλεισθέντα
771 2037 1096 2106 παράδεισον
1124 2039 1403 2104 ἀνοίξασα,
1432 2041 1523 2094 καὶ¹
1553 2040 1639 2095 διὰ
1667 2043 1861 2114 λῃστοῦ
1892 2046 1999 2098 πά-

417 2121 499 2173 λιν
529 2122 619 2175 τὸν
657 2124 827 2194 Ἀδὰμ
858 2128 1336 2194 καταφυτεύσασα.
1375 2129 1473 2183 Διά
1500 2130 1592 2183 σοῦ
1619 2132 1727 2203 γάρ
1755 2134 1814 2187 τὸ
1840 2137 1999 2205 μεσό-

417 2230 595 2281 τοιχον
634 2214 728 2266 τοῦ
769 2217 1024 2285 φραγμοῦ
1061 2219 1157 2289 τὴν
1190 2220 1390 2291 ἔχθραν
1426 2225 1741 2288 κατέλυσεν,
1788 2220 1833 2280 ὧ
1870 2228 2001 2295 ἁγία

419 2302 685 2373 Παρθένε·
725 2304 815 2357 διὰ
847 2304 939 2357 σοῦ
977 2309 1008 2377 ἡ
1042 2309 1293 2379 οὐράνιος
1320 2313 1508 2383 εἰρήνη
1540 2313 1618 2385 τῷ
1653 2315 1841 2386 κόσμῳ
1870 2316 2002 2369 ἐδω-

420 2395 581 2465 ρήθη,
618 2394 706 2448 διὰ
747 2396 838 2449 σοῦ
877 2397 946 2450 τὰ
980 2400 1188 2471 πέρατα
1220 2401 1321 2471 τῆς
1350 2404 1675 2477 οἰκουμένης
1703 2407 1998 2477 ἐφωτίσθη,

418 2487 503 2540 διὰ
533 2487 625 2540 σοῦ
649 2488 924 2560 ἄνθρωποι
945 2492 1164 2561 ἄγγελοι
1188 2496 1466 2563 γεγόνασι,
1490 2497 1578 2550 διὰ
1602 2499 1695 2552 σοῦ
1723 2499 1885 2569 φίλοι,
1906 2502 2001 2553 καὶ

417 2580 613 2645 δοῦλοι,
645 2582 739 2634 καὶ
764 2583 931 2637 τέκνα
961 2584 1094 2637 Θεοῦ
1126 2585 1403 2658 ἄνθρωποι
1432 2589 1760 2661 ἐκλήθησαν,
1789 2592 1883 2646 κα)⁵
1912 2593 1999 2647 διά

420 2671 515 2724 σοῦ
544 2670 816 2726 σύνδουλοι
846 2674 1091 2743 ἀγγέλων
1114 2678 1208 2730 καὶ
1231 2679 1507 2749 συνόμιλοι
1533 2680 1809 2753 ἀνθρωττοι
1837 2683 2000 2753 ἠξιώ-

418 2763 592 2835 θησαν
627 2765 910 2833 γενέσθαιο
933 2769 1021 2847 διά
1071 2769 1163 2822 σοῦ
1194 2772 1396 2839 γνῶσις
1425 2773 1693 2844 οὐράνιος,
1734 2777 1827 2828 καὶ
1857 2776 2003 2841 δοξο-

417 2856 574 2924 λογία
619 2858 727 2910 ἀπὸ
769 2858 872 2928 γῆς
922 2862 1001 2923 είς
1047 2862 1308 2932 οὐρανοὺς
1355 2864 1754 2935 ἀναπέμπεται·
1787 2867 1873 2921 διὰ
1907 2869 2001 2922 σοῦ

419 2946 732 3015 παρρησίαν
776 2946 1050 3018 ἄνθρωποι
1084 2953 1140 3003 ἐν
1180 2953 1391 3024 οὐρανῷ
1445 2956 1579 3026 πρὸς
1618 2956 1709 3011 τὸν
1738 2958 2001 3028 ’Ὕψιστον

420 3034 623 3106 ἔχουσι’
655 3036 745 3090 διὰ
781 3038 873 3091 σοῦ
902 3042 1131 3112 σταυρὸς
1159 3042 1401 3115 math
1431 3047 1569 3101 κατὰ
1595 3049 1774 3120 πάσης
1805 3052 1903 3123 τῆς
1923 3053 2001 3106 οί-

418 3129 708 3199 κουμένης,
740 3131 796 3182 ἐν
825 3123 869 3197 ᾧ
901 3130 963 3183 τὸ
993 3131 1189 3201 βρέφος
1242 3152 1335 3188 σου
1392 3137 1663 3208 ἐκρέματο
1709 3140 1942 3212 Χριστὸς
1971 3145 1999 3196 6

419 3216 550 3280 Θεὸς
580 3219 755 3289 ἡμῶν·
794 3220 881 3273 διὰ
912 3220 1004 3274 σοῦ
1032 3222 1259 3288 θάνατος
1285 3228 1556 3291 πατεῖται,
1586 3230 1680 3282 καὶ
1710 3229 1844 3302 ᾷδης
1870 3249 1999 3286 σκυ-

418 3305 653 3359 λεύεται·
684 3308 773 3363 διά
806 3310 900 3363 σοῦ
931 3313 998 3364 τά
1048 3313 1240 3367 εἴδωλα
1286 3315 1630 3381 πεπτώκασι,
1674 3323 1767 3373 καὶ
1800 3322 2001 3390 γνῶσις

418 3397 666 3467 οὐράνιος
702 3401 1016 3472 ἐγήγερται·
1049 3403 1138 3459 διὰ
1172 3405 1264 3458 σοῦ
1294 3406 1386 3459 τὸν
1435 3410 1700 3481 μονογενῆ
1747 3412 1877 3467 Υίὸν
1906 3415 2001 3468 τοῦ

418 3488 550 3541 Θεοῦ
586 3490 926 3562 ἐγνώκαμεν,
968 3494 1025 3547 ὃν
1060 3495 1262 3561 ἔτεκες,
1318 3502 1561 3569 παναγία
1598 3504 1862 3574 Παρθένε,
1912 3508 2003 3561 τὸν

418 3579 621 3649 Κύριον
649 3582 807 3652 ἡμῶν
840 3585 1047 3655 Ἰησοῦν
1080 3587 1335 3658 Χριστὸν,
1367 3583 1409 3657 ᾧ
1437 3593 1636 3657 πάντες
1659 3594 1878 3664 ἄγγελοι
1909 3599 2002 3651 καὶ

418 3668 695 3739 ἄνθρωποι
736 3675 1170 3743 προσκυνοῦντες
1200 3678 1458 3749 λέγομεν,
1494 3682 1846 3755 ἀναρχον.τὸν
1883 3689 1997 3741 Πα-

418 3757 571 3829 τέρα,
610 3761 841 3834 ἄναρχον
866 3766 955 3818 τὸν
990 3767 1138 3836 Υίὸν,
1171 3768 1405 3842 ἄναρχον
1446 3773 1506 3825 τὸ
1554 3774 1705 3843 ἀγιον
1754 3777 1997 3847 Πνεῦμα,

420 3850 627 3920 Τριάδα
661 3854 966 3926 ἀχώριστον
992 3861 1085 3913 καὶ
1110 3863 1391 3932 ὁμοούσιον
1421 3864 1735 3933 δοξάζοντες
1774 3871 1853 3933 εἰς
1878 3872 2004 3934 τοὺς

421 3940 623 4007 αἰῶνας
649 3945 758 3998 τῶν
784 3947 1013 4004 αἰώνων.
1063 3952 1255 4025 Ἀμήν.

1168 4168 1258 4235 ς’.

506 4279 601 4333 Ἐκ
629 4280 817 4357 λόγου
849 4280 1026 4357 ποιοῦ
1044 4282 1169 4357 ’τοῦ
1195 4283 1266 4357 ἐν
1296 4284 1485 4353 ἁγίοις
1505 4287 1733 4353 Πατρός
1766 4289 1933 4357 ἡμῶν

652 4353 1001 4420 Ἐπιερανίου
1029 4353 1390 4417 ἐπισκόπου,
1419 4357 1553 4423 περὶ
1583 4353 1797 4413 Βαΐωνέ

505 4444 561 4496 '0
589 4443 679 4496 ὑπ’
711 4443 960 4511 ἀγγέλων
991 4445 1265 4515 ἀσιγήτως
1293 4447 1714 4518 ἀνυμνούμενος,
1740 4452 1833 4502 καὶ
1857 4449 2002 4514 δοξο-

2104 586 2261 631 terrze
2317 580 2650 647 mysterium.
2732 578 3075 649 Quapropter
3133 580 3223 634 ubi
3298 585 3677 649 cognoverunt

2101 682 2311 729 omnes,
2338 683 2557 724 rursum
2582 677 2805 738 apparet
2844 670 3001 723 stella
3024 671 3214 739 magis,
3238 670 3412 723 donec
3433 669 3676 723 venisset

2101 773 2265 827 supra
2298 756 2561 811 infantem
2594 758 2649 811 in
2684 759 2921 825 stabulo,
2965 760 3049 813 vel
3081 760 3263 829 potius
3292 760 3346 813 in
3390 760 3529 813 cmlo
3560 759 3676 827 (ubi

2101 851 2248 904 enim
2283 848 2559 911 Christus,
2592 849 2667 902 ibi
2706 857 2760 904 et
2809 851 3070 918 cmlum);
3116 866 3242 904 nam
3294 851 3571 906 stabulum
3604 850 3677 904 vi-

2102 957 2222 996 sum
2260 949 2496 997 estesse
2521 943 2720 997 cwlum
2758 942 2814 995 in
2853 951 3015 997 terra.
3052 944 3130 997 llli
3174 959 3304 999 vero
3341 959 3465 998 cum
3509 943 3677 997 vidise

2100 1043 2224 1090 sent
2262 1035 2501 1093 stellam.
2551 1035 2661 1089 imo
2700 1035 2881 1104 potius
2928 1034 3292 1101 Salvatorem,
3330 1037 3502 1107 gavisi
3551 1045 3679 1090 sunt

2101 1127 2300 1197 gaudio
2333 1142 2529 1196 magno
2565 1145 2576 1181 :
2608 1136 2661 1182 et
2693 1129 3048 1183 ineurvantes
3079 1145 3138 1183 se
3169 1129 3555 1192 adoraverunt,
3583 1129 3678 1182 ob-

2102 1223 2454 1291 tulernntque
2488 1220 2652 1287 dona,
2699 1236 2917 1288 aurum,
2947 1222 3096 1287 thus,
3142 1229 3196 1277 et
3224 1220 3500 1292 myrrham
3534 1240 3547 1275 :
3582 1236 3680 1274 au-

2104 1329 2224 1367 rum
2255 1314 2475 1383 quidem
2516 1314 2666 1369 velut
2712 1316 2846 1385 regi,
2879 1316 3005 1371 thus
3037 1323 3216 1371 autem
3252 1323 3510 1384 tanquam
3543 1314 3674 1376 Deo,

2102 1414 2155 1459 et
2195 1404 2470 1475 myrrham
2518 1413 2779 1475 tanquam
2824 1408 3076 1473 mortali;
3109 1408 3193 1463 vel
3220 1408 3401 1477 potius
3445 1415 3503 1461 ut
3538 1407 3680 1473 indi-

2103 1504 2292 1550 carent
2352 1498 2691 1568 sepulturam
2739 1500 3008 1555 creatoris
3051 1508 3106 1554 et
3163 1499 3378 1570 opificis
3434 1501 3679 1553 omnium

2105 1590 2331 1655 Christi,
2366 1606 2526 1661 quem
2559 1592 2769 1661 peperit
2812 1606 3013 1661 sponsa
3054 1591 3295 1647 cmlestis
3336 1590 3526 1654 Maria,
3563 1605 3684 1660 qum

2102 1690 2187 1739 est
2205 1683 2426 1747 coelum,
2453 1684 2737 1753 templum,
2765 1694 2816 1739 et
2844 1684 3077 1739 thronus
3094 1682 3418 1746 divinitatis,
3447 1682 3682 1752 inexpli-

2105 1775 2282 1830 cabile
2326 1774 2567 1844 paradisi
2627 1775 2851 1829 monile.
2896 1774 3089 1845 Angeli
3126 1774 3461 1829 accusabant
3491 1772 3684 1837 Evam,

2105 1882 2251 1921 nunc
2295 1881 2422 1921 vero
2450 1865 2675 1919 Mariam
2720 1866 2893 1936 gloria
2934 1872 3366 1935 prosequuntur,
3403 1880 3526 1934 qua:
3563 1880 3685 1917 mu-

2107 1956 2301 2011 lierum
2340 1955 2713 2009 infirmitatem
2760 1970 2886 2009 vere
2937 1954 3232 2024 gloriosam
3263 1954 3521 2017 reddidit,
3564 1968 3687 2022 quae

2106 2047 2312 2117 lapsam
2352 2048 2519 2100 Evam
2554 2047 2748 2111 erexit,
2780 2054 2834 2101 et
2868 2045 3136 2101 Adamum
3170 2062 3201 2101 e
3240 2044 3498 2116 paradiso
3535 2044 3685 2113 deje-

2103 2145 2250 2192 ctum
2275 2136 2331 2190 in
2368 2137 2536 2192 coelos
2562 2137 2747 2203 misit;
2776 2151 2898 2207 quae
2924 2137 3236 2207 paradisum
3269 2138 3517 2191 clausum
3551 2150 3684 2204 ape-

2103 2231 2236 2297 ruit,
2260 2237 2313 2284 et
2338 2244 2435 2299 per
2461 2230 2731 2283 latronem
2765 2245 2987 2283 rursum
3030 2229 3299 2283 Adamum
3341 2227 3683 2297 complanta-

2102 2324 2198 2376 vit.
2234 2321 2337 2377 Per
2370 2330 2423 2375 te
2470 2322 2637 2386 enim,
2683 2336 2716 2374 ο
2751 2328 2942 2375 sancta
2981 2319 3168 2389 Virgo,
3206 2321 3419 2375 medius
3464 2319 3685 2373 obstru-

2103 2413 2306 2467 ctionis
2337 2412 2518 2481 paries
2550 2411 2875 2465 inimicitias
2898 2410 3182 2477 dissolvit;
3216 2425 3313 2480 per
3348 2416 3400 2463 te
3426 2424 3528 2478 pax
3568 2422 3685 2463 ca:-

2102 2503 2257 2557 lestis
2290 2503 2494 2557 donata
2524 2510 2609 2558 est
2636 2502 2861 2567 mundo,
2884 2518 2982 2572 per
3020 2510 3071 2556 te
3098 2501 3349 2555 homines
3396 2499 3528 2554 facti
3559 2510 3688 2556 sunt

2104 2594 2303 2663 angeli,
2341 2610 2435 2664 per
2468 2602 2521 2650 te
2556 2594 2808 2651 homines
2844 2592 3097 2664 appellati
3131 2600 3261 2648 sunt
3291 2592 3479 2659 amici,
3514 2593 3683 2655 servi,

2102 2690 2157 2738 et
2190 2682 2284 2736 lilii
2315 2682 2432 2748 Dei,
2467 2698 2563 2753 per
2614 2690 2666 2738 te
2706 2682 2961 2739 homines
3014 2688 3335 2737 meruerunt
3381 2696 3506 2737 esse
3554 2695 3689 2736 con-

2104 2776 2249 2831 servi
2298 2775 2641 2845 angelorum,
2678 2785 2733 2829 et
2784 2790 2909 2831 cum
2940 2775 3021 2830 eis
3066 2773 3412 2829 familiariter
3454 2788 3685 2829 conver-

2106 2868 2241 2932 sari,
2273 2884 2369 2938 per
2398 2877 2449 2923 te
2478 2869 2671 2923 notitia
2696 2870 2940 2925 cmlestis
2975 2884 3005 2923 a
3033 2876 3180 2923 terra
3210 2868 3605 2922 transmittitur
3629 2868 3684 2921 in

2103 2960 2307 3027 cmlos;
2358 2976 2454 3030 per
2498 2969 2548 3015 te
2594 2960 2844 3016 homines
2892 2960 3145 3014 fiduciam
3186 2959 3389 3013 habent
3437 2960 3492 3013 in
3544 2959 3686 3014 caelo

2103 3066 2229 3122 erga
2262 3051 2636 3119 Altissimum;
2682 3067 2781 3123 per
2810 3059 2863 3108 te
2901 3067 3036 3107 crux
3067 3050 3406 3122 resplenduit
3436 3067 3533 3121 per
3564 3050 3688 3105 uni-

2104 3158 2320 3198 versam
2350 3151 2577 3209 terram,
2606 3144 2661 3197 in
2688 3160 2794 3214 qua
2825 3144 3042 3214 quidem
3067 3158 3229 3199 cruce
3262 3143 3517 3215 pependit
3541 3143 3684 3197 filius

2110 3242 2238 3289 tuus
2280 3235 2532 3291 Christus
2578 3236 2719 3292 Deus
2764 3244 2985 3303 noster;
3021 3252 3117 3307 per
3141 3248 3191 3292 te
3222 3252 3370 3292 mors
3398 3237 3685 3291 conculca-

2078 3336 2213 3409 .tur,
2250 3336 2303 3383 et
2335 3328 2602 3397 spoliatur
2627 3327 2910 3395 infernus;
2954 3344 3049 3397 per
3084 3336 3138 3383 te
3168 3328 3486 3383 ceciderunt
3515 3327 3681 3390 idola,

2104 3431 2156 3476 et
2189 3422 2422 3477 excitata
2452 3428 2537 3476 est
2570 3421 2763 3475 notitia
2801 3420 3073 3487 cmleslis;
3104 3435 3198 3490 per
3232 3427 3283 3474 te
3326 3418 3683 3489 cognovimus

2104 3514 2446 3583 unigenitum
2494 3511 2692 3566 Filium
2738 3512 2853 3576 Dei,
2902 3528 3088 3582 quem,
3118 3512 3469 3565 sanctissima
3498 3510 3679 3581 Virgo,

2104 3603 2382 3673 peperisti,
2402 3600 2692 3656 Dominum
2722 3608 2969 3655 nostrum
2993 3598 3178 3655 Jesum
3197 3600 3496 3664 Christum,
3523 3613 3682 3667 quem

2104 3709 2294 3748 omnes
2335 3693 2512 3763 angeli
2559 3702 2723 3762 atque
2768 3691 3018 3746 homines
3080 3691 3398 3754 adorantes,
3450 3688 3683 3743 dicimus

2106 3784 2378 3854 principio
2399 3791 2675 3838 carentem
2703 3782 2942 3847 Patrem,
2970 3790 3246 3837 carentem
3289 3781 3561 3851 principio
3594 3778 3684 3833 Fi-

2106 3877 2258 3941 lium,
2314 3886 2366 3929 et
2427 3875 2697 3944 principio
2748 3884 3020 3931 carentem
3079 3872 3344 3943 Spiritum
3408 3881 3682 3936 sanctum,

2104 3969 2429 4024 Trinitatem
2470 3969 2807 4025 individuam
2849 3978 2905 4025 et
2948 3969 3476 4033 consubstantialem
3518 3969 3687 4038 glori-

2106 4060 2331 4111 ficantes
2358 4057 2412 4111 in
2444 4058 2641 4111 saecula
2668 4058 3019 4112 saeculorum.
3049 4057 3261 4113 Amen-

2842 4171 2929 4225 Vl.

2104 4282 2287 4337 Sancti
2330 4280 2610 4351 Epipltanii
2648 4283 2703 4335 in
2738 4282 2871 4351 festo
2908 4280 3223 4426 quqjqarum
3251 4281 3509 4336 orationis
3541 4279 3685 4352 frag-

2696 4366 2925 4408 mentum
2995 4370 3011 4405 ι
3086 4396 3099 4407 .
3598 4370 3605 4371 ⁷

2696 4366 2925 4408 mentum
2964 4366 3099 4408 (10).
3598 4370 3605 4371 ί

2181 4443 2284 4509 Qui
2309 4445 2377 4500 ab
2405 4446 2612 4515 angelis
2642 4444 2859 4501 assidue
2885 4443 3213 4515 pradieatnr
3257 4451 3309 4500 et
3340 4443 3577 4508 canitur,
3608 4442 3688 4496 in-

423 4534 767 4603 λογούμενος,
794 4534 945 4586 κάτω
974 4533 1049 4597 ὡς
1079 4534 1364 4604 ἄνθρωπος
1389 4539 1678 4604 γονυπετεῖ
1712 4537 1789 4607 τῷ
1829 4539 2000 4607 Πατρὶ

2114 4535 2212 4601 fra,
2245 4546 2505 4606 tanquam
2547 4537 2730 4601 homo,
2773 4535 2921 4590 Patri
2966 4551 3142 4607 genua
3186 4535 3373 4600 flectit,
3405 4544 3459 4591 et
3499 4550 3689 4603 preca-

424 4628 517 4680 καὶ
545 4626 781 4697 εὔχεται·
817 4626 913 4679 καὶ⁵
941 4626 1053 4680 ἀνω
1091 4627 1254 4691 αὐτὸς
1295 4628 1400 4680 ὑπὸ
1445 4629 1625 4700 πάσης
1671 4630 1873 4701 ὁρατῆς
1912 4630 2006 4684 καὶ

425 4718 658 4790 ἀοράτου
690 4718 920 4781 κτίσεως
944 4718 1108 4788 εὐχὰς
1134 4718 1226 4772 καὶ
1253 4718 1600 4788 γονυκλισίας
1629 4719 2002 4791 προσδέχεται.

426 4810 591 4864 Κάτω
627 4812 787 4881 πεινᾷ
814 4810 889 4873 ὡς
916 4810 1221 4882 ἄνθρωπος,
1254 4811 1461 4865 ἄνωθεν
1492 4811 1548 4864 δὲ
1578 4812 1607 4863 ὁ
1641 4812 1799 4875 αὐτὸς
1837 4811 2006 4865 ἐλθὼν

425 4900 588 4972 ἄρτος
610 4902 859 4971 οὐράνιος
884 4901 1011 4973 διψᾷ
1041 4903 1419 4973 οίκονομικῶςο
1460 4902 1577 4956 ἀλλ’
1616 4903 1777 4966 αὐτός
1805 4906 2006 4975 ἐστινὴ

426 4994 579 5065 πηγὴ
619 4994 715 5060 τῆς
757 4994 902 5065 ζωῆς
942 4995 1279 5067 θεοπρεπῶς.
1326 4995 1492 5051 Κάτω
1530 4998 1699 5068 κοπιᾷ
1736 4996 1878 5051 κατὰ
1909 4997 2007 5069 τὴν

428 5085 749 5157 πρόσληψιν·
798 5085 912 5138 ἀλλ’
946 5086 1107 5150 αὐτός
1152 5089 1299 5140 ἐστιν
1340 5090 1373 5158 ἠ
1418 5088 1527 5143 τῶν
1560 5086 1874 5143 κοπιώντων
1916 5091 2008 5142 καὶ

427 5177 874 5247 πεφορτισμένων
906 5178 1232 5241 ἀνάπαυσις.
1279 5178 1451 5242 Αὐτὸς
1483 5175 1636 5244 οὗτός
1675 5182 1822 5234 ἐστιν
1851 5180 1879 5232 6
1912 5182 2007 5252 σή-

429 5284 595 5339 μερον
630 5268 723 5321 ἐπὶ
755 5268 846 5321 τὸν
885 5267 1111 5322 Θάνατον
1142 5269 1401 5333 ἑκουσίως
1430 5271 1743 5341 ἐρχόμενος,
1779 5273 1866 5327 ἵνα
1893 5273 2005 5341 (75)

426 5359 521 5413 τοῦ
558 5359 691 5413 ἰδίου
722 5358 953 5414 θανάτου
989 5361 1327 5430 καταργήσει
1367 5360 1460 5415 τόν
1495 5362 1557 5415 τὸ
1586 5364 1785 5435 κράτος
1816 5365 2007 5436 ἔχοντα

418 5449 511 5504 τοῦ
554 5448 807 5515 θανάτου,
840 5450 933 5503 καὶ
956 5449 1255 5503 ἀθανασίαν
1279 5450 1635 5522 χαριζόμενος
1659 5456 1772 5518 τοῖς
1798 5456 1889 5509 ὑπ’
1913 5457 2008 5510 αύ-

426 5539 522 5594 τοῦ
549 5539 795 5611 θνήξασι,
833 5539 902 5595 δι’
933 5540 1234 5605 ἀθανασίας
1267 5541 1460 5601 ἐλπίδα
1487 5544 1872 5601 δελεασθεῖσιν.
1908 5550 2007 5603 Διά

428 5629 586 5686 τοῦτο
625 5631 977 5702 παρεγένετο,
1028 5633 1090 5687 οὐ
1138 5633 1399 5705 σκῆπτρα
1434 5636 1529 5691 καὶ
1570 5636 1875 5708 σάλπιγγας
1913 5641 2009 5694 ἐπι-

504 5784 612 5857 (75)
646 5784 805 5843 Deest
831 5787 935 5843 διά.

2112 4638 2237 4693 tur;
2295 4645 2460 4698 supra
2504 4630 2573 4682 ab
2615 4630 2763 4683 omni
2811 4628 3154 4697 aspcctabili,
3203 4637 3254 4682 et
3308 4625 3687 4696 inaspectabili

2109 4731 2362 4775 creatura
2399 4735 2609 4789 preces,
2637 4728 2691 4774 et
2716 4718 3123 4789 genuflexiones
3153 4720 3354 4787 accipit
3381 4737 3395 4772 :
3424 4718 3564 4772 infra
3589 4733 3687 4772 au-

2111 4818 2215 4863 tem
2260 4809 2496 4864 hominis
2537 4809 2712 4863 instar
2744 4808 2940 4863 esurit.
2986 4806 3127 4861 Idem
3176 4805 3419 4860 cmlestis
3468 4821 3535 4859 ex
3576 4805 3688 4859 alto

2109 4899 2268 4968 panis
2304 4901 2527 4954 veniens
2573 4914 2640 4954 ex
2679 4898 3087 4968 dispensatione
3121 4897 3271 4951 sitim
3316 4896 3532 4962 tolerat,
3562 4910 3687 4949 cum

2110 4990 2226 5059 ipse
2258 4993 2329 5045 sit
2360 4992 2484 5044 vita:
2517 4990 2641 5044 fons
2673 4988 2781 5045 Deo
2814 4990 3051 5060 dignus;
3094 4988 3237 5041 infra
3272 4988 3574 5043 secundum
3600 5002 3689 5042 as-

2110 5088 2383 5150 sumptam
2418 5090 2667 5134 naturam
2711 5079 3077 5149 laborat,cum
3110 5079 3179 5132 sit
3212 5078 3579 5133 laborantium
3635 5086 3689 5135 et

2111 5182 2462 5227 oneratorum
2494 5171 2731 5242 requies.
2778 5170 2878 5225 Hic
2914 5171 3033 5239 ipse
3063 5178 3168 5234 est,
3197 5172 3290 5240 qui
3338 5170 3406 5223 ad
3454 5177 3686 5224 mortem

2108 5267 2269 5321 hodie
2292 5277 2484 5336 sponte
2509 5280 2608 5320 sua
2639 5274 2913 5335 pr0perat,
2943 5265 3022 5319 uti
3053 5274 3225 5319 morte
3247 5279 3345 5321 sua
3373 5264 3565 5322 mortis
3588 5263 3691 5316 im-

2110 5361 2322 5432 perium
2365 5360 2656 5416 habentem
2698 5367 3005 5429 expungat;
3038 5365 3093 5412 et
3126 5358 3193 5412 iis
3215 5358 3306 5427 qui
3344 5356 3489 5411 illius
3521 5370 3684 5422 opera

2111 5452 2312 5507 mortui
2348 5459 2526 5515 erant,
2566 5461 2617 5507 et
2655 5450 3084 5505 immortalitatis
3116 5464 3213 5519 spe
3250 5448 3396 5502 velut
3429 5444 3685 5498 illecebra

2110 5544 2275 5615 capti,
2318 5543 2781 5599 immortalitatem
2806 5543 3031 5598 tribuat.
3074 5541 3371 5612 Propterea
3396 5536 3544 5591 venit
3572 5535 3685 5598 ille,

2110 5653 2218 5693 non
2250 5645 2489 5707 sceptra,
2538 5651 2647 5693 non
2677 5636 2841 5691 tubas
2880 5633 3195 5705 praeferens,
3244 5631 3339 5688 sed
3386 5637 3685 5685 extremam

2186 5794 2297 5865 (76)
2334 5793 2591 5866 Dionysio
2620 5791 2841 5849 Petavio
2873 5791 3197 5858 interprete.
