3978 6220
321 345 428 399 505

1622 334 1829 392 DUBIA
1865 337 2008 395 AUT
2051 338 2324 396 SPURIA.

3477 340 3589 398 50-6

326 462 564 533 inopiam
589 472 906 532 ostentans;
939 477 1048 518 non
1076 462 1308 534 gladios,
1334 479 1441 520 non
1465 480 1640 531 arma,
1670 480 1781 521 non
1810 465 1909 521 ha-

2025 469 2295 539 ιγόμενος,
2330 466 2467 521 ἀλλά
2509 464 2778 538 πτωχείαν
2816 462 3050 535 ἐσχάτην
3080 458 3502 531 ἐνδεικνύμενοςο
3520 459 3590 514 οὐ

325 563 461 620 stas,
494 557 587 613 sed
610 572 879 612 summam
910 572 1017 627 prae
1043 573 1102 612 se
1126 557 1492 613 humilitatem
1519 558 1760 626 habens;
1792 574 1903 614 non

326 656 593 716 armatos,
622 664 731 703 non
760 650 979 719 clypeos
1010 649 1278 706 obductos
1312 666 1468 715 auro,
1502 667 1679 722 neque
1724 659 1901 718 scuta,

327 738 560 809 galeam,
583 750 675 793 aut
717 739 965 805 loricam,
1023 740 1117 796 sed
1152 743 1625 797 mansuetudinem
1663 743 1905 814 singula-

327 847 466 895 rem,
503 833 873 887 innocentiam
922 849 1215 898 summam,
1253 834 1680 890 moderationem
1720 835 1906 889 infini-

326 931 460 987 tam,
488 922 748 979 Dominus
776 925 1031 980 Christus
1078 924 1225 981 Deus
1260 927 1315 980 in
1358 928 1511 981 Sion.
1547 927 1615 980 Et
1644 936 1909 981 commota

323 1027 401 1074 est
422 1058 436 1080 ,
471 1015 666 1086 inquit,
713 1019 963 1071 universa
995 1020 1205 1083 civitas,
1256 1017 1474 1073 dicens:
1506 1019 1638 1086 Quis
1674 1029 1750 1073 est
1781 1019 1863 1072 hic
1884 1022 1909 1074 .’

328 1107 521 1164 Turba:
562 1097 742 1163 autem
769 1110 1014 1164 dicebant
1041 1128 1061 1165 :
1096 1109 1199 1166 Hic
1230 1121 1307 1167 est
1349 1112 1591 1167 Christus
1623 1113 1769 1182 ﬁlius
1798 1112 1910 1166 Da-

326 1200 411 1254 vid
444 1202 483 1254 ί.
518 1202 585 1256 Et
618 1202 901 1273 ingressus
930 1203 987 1258 in
1026 1205 1310 1275 templum,
1342 1206 1432 1276 qui
1462 1221 1588 1261 vere
1615 1206 1731 1275 ipse
1764 1215 1903 1261 tem-

327 1291 479 1359 plum
507 1299 645 1355 erat,
670 1307 845 1363 eoque
877 1295 1167 1359 sacratior,
1190 1295 1339 1364 ipsos
1367 1310 1588 1365 quoque
1617 1296 1685 1352 de
1701 1298 1908 1367 templo

327 1382 593 1450 nefarios,
628 1401 693 1440 ac
737 1385 1024 1447 scelestos.
1056 1395 1110 1442 et
1154 1386 1398 1458 perditos
1430 1387 1744 1444 sacerdotes
1778 1389 1912 1444 edu-

2011 560 2139 632 ξίφη
2182 560 2277 615 καί
2316 559 2455 614 ὅπλα
2487 562 2581 614 καὶ
2608 560 2832 632 δόρατα,
2873 557 3008 612 ἀλλὰ
3044 554 3371 609 ταπείνωσιν
3407 553 3592 627 άκραν

2013 653 2329 726 φερόμενοςο
2376 653 2476 724 ούχ
2515 652 2868 722 ὁπλοφόρους,
2899 650 2999 703 οὐκ
3028 646 3265 709 ἀσπίδας
3289 642 3592 717 χρυσοκολ-

2011 743 2206 814 λήτους
2252 740 2344 796 καὶ
2393 742 2620 815 θυρεοὺς
2659 741 2755 795 καὶ
2803 738 3005 811 κράνος
3040 738 3136 792 καί⁷
3175 735 3419 807 θώρακα,
3450 732 3592 788 ἀλλά

2015 836 2297 907 πραότητα
2325 834 2521 906 ἄκραν,
2558 835 2655 888 καί.
2681 831 2917 887 ἀκακίαν
2948 831 3205 901 ἄμετρον,
3247 828 3342 881 καὶ
3376 823 3595 898 μετριό-

2013 945 2153 1000 τητα
2182 929 2280 999 τὴν
2312 927 2451 997 ὑπὲρ
2494 925 2746 997 μέτρον,ό
2781 923 2985 995 Κύριος
3022 919 3276 992 Χριστὸς,
3302 919 3331 971 6
3361 917 3497 981 Θεὸς
3531 918 3594 970 ἐν

2015 1019 2169 1072 Σιών.
2203 1018 2311 1072 Καί
2337 1018 2609 1087 ἐσείσθη,
2645 1017 2798 1087 φησί,
2830 1014 2999 1070 πᾶσα
3032 1013 3071 1080 ἠ
3104 1012 3279 1077 πόλις
3301 1009 3595 1079 λέγουσα,

2021 1112 2117 1177 Τίς
2145 1112 2316 1164 ἐστιν
2350 1106 2560 1176 οὗτος;
2598 1111 2660 1162 Ol
2690 1106 2758 1161 δὲ
2789 1106 2960 1176 ὄχλοι
2982 1106 3216 1174 ἔλεγον,
3244 1098 3434 1168 Οὗτός
3461 1101 3599 1154 ἐστι

2016 1204 2271 1273 Χριστός
2300 1205 2333 1257 ό
2361 1202 2493 1268 υίὸς
2521 1188 2714 1255 Δαϐίδ.
2755 1200 2866 1253 Καὶ
2896 1196 3150 1253 εἰσελθὼν
3181 1196 3262 1259 είς
3286 1193 3345 1248 τὸ
3370 1192 3515 1264 ἱερὸν
3566 1193 3599 1244 6

2016 1295 2186 1359 ὅντως
2214 1296 2341 1359 ναὸς
2386 1294 2482 1347 καὶ
2514 1293 2647 1357 Θεὸς
2673 1296 2702 1347 6
2746 1291 3035 1365 ἱερώτερος
3064 1289 3159 1344 καί⁵
3191 1286 3283 1343 τοῦ
3319 1285 3489 1357 ἱεροῦ,
3513 1282 3604 1350 ἐξ-

2018 1389 2215 1459 ήνεγκε
2240 1386 2336 1441 καὶ
2364 1386 2491 1449 τοὺς
2526 1385 2756 1455 μιαροὺς
2790 1385 2953 1457 ίερεῖς
2976 1382 3102 1446 τοὺς
3132 1377 3480 1451 παρανόμους
3505 1374 3605 1430 καὶ

329 1477 427 1530 xit.
473 1477 542 1529 At
576 1477 730 1545 pueri
777 1477 1173 1541 sacratissime,
1209 1492 1273 1532 ac
1300 1477 1665 1547 divinissime,
1700 1487 1912 1535 stantes

2025 1479 2408 1550 κακοτρόπους.
2440 1478 2504 1531 Ol
2540 1467 2597 1530 δέ
2631 1475 2820 1538 παῖδες
2844 1470 3188 1545 ἱεροπρεπῶς
3220 1470 3255 1541 ἦ
3281 1464 3603 1540 θεοπρεπῶς

330 1570 387 1622 in
431 1568 656 1639 templo,
712 1568 1195 1627 vociferabantur:
1235 1569 1491 1626 Hosanna
1544 1569 1655 1626 Deo
1698 1571 1910 1642 templi,

2025 1575 2078 1626 ἐν
2106 1571 2184 1641 τῷ
2214 1569 2345 1645 ἱερῷ
2369 1568 2463 1623 τοῦ
2494 1567 2629 1623 Θεοῦ
2669 1565 2923 1629 ἑστῶτες,
2985 1562 3214 1617 Ὡσαννὰ
3242 1559 3321 1632 τῷ
3358 1558 3476 1629 Θεῷ
3504 1556 3604 1613 τοῦ

329 1657 551 1715 Christo
600 1658 769 1715 Jesu:
817 1660 1076 1716 "osanna
1121 1662 1234 1731 ﬁlio
1269 1662 1462 1727 David,
1497 1663 1591 1734 qui
1636 1677 1826 1734 pacem
1859 1664 1915 1717 in

2025 1664 2169 1736 ἱεροῦ
2215 1661 2436 1735 Χριστῷ
2474 1660 2555 1732 τῷ
2609 1658 2786 1730 Ἰησοῦ
2833 1654 3156 1728 ἀνέκραξαν·
3210 1652 3474 1710 Ὡσαννὰ
3520 1650 3608 1717 τῷ

331 1752 474 1806 coelo
527 1751 776 1824 largitur,
816 1760 872 1807 et
922 1752 978 1807 in
1024 1754 1258 1810 excelsis
1297 1755 1546 1825 gloriam.
1596 1751 1642 1808 Ο
1698 1754 1913 1809 beatam

2025 1755 2130 1822 υἱῷ
2163 1755 2361 1823 Δαϐίδ,
2384 1753 2711 1824 δωρουμένῳ
2732 1752 2956 1823 εἰρήνην
2985 1752 3041 1802 ἐν
3063 1746 3296 1819 οὐρανῷ,
3323 1747 3417 1800 καὶ
3442 1745 3607 1812 δόξαν

329 1843 701 1898 Ecclesiarum
728 1845 1224 1914 exspectationem!
1267 1860 1301 1899 ο
1326 1846 1540 1900 beatam
1569 1843 1915 1899 Christiano-

2025 1853 2075 1904 ἐν
2100 1848 2363 1920 ὑψίστοις.
2382 1846 2666 1918 Μακάριαι
2691 1844 2800 1899 τῶν
2827 1840 3163 1913 Ἐκκλησιῶν
3183 1842 3238 1893 αἰ
3256 1837 3603 1911 προσδοκίαιί

328 1948 451 1989 rum
493 1949 664 2004 spem,
714 1934 807 2004 qui
843 1935 1081 2006 principi
1125 1936 1277 2006 pacis
1312 1951 1374 1991 ac
1414 1934 1745 1991 moderatori
1794 1949 1914 1992 cre-

329 2026 488 2088 dunt,
525 2034 580 2081 et
610 2026 762 2097 pacis
797 2040 928 2098 opes
963 2029 1277 2098 possident!
1314 2029 1564 2084 homines
1594 2029 1910 2100 angelorum

328 2115 635 2186 municipes
656 2115 784 2171 iacti
817 2124 981 2171 sunt:
1007 2132 1261 2187 suprema
1284 2133 1407 2172 cum
1441 2118 1641 2172 infimis
1662 2117 1915 2173 Christus

330 2207 561 2262 invicem
595 2208 949 2277 permiscuit;
993 2224 1118 2262 cum
1164 2208 1504 2278 incorporeis
1543 2208 1719 2263 luteos
1741 2223 1911 2277 copu-

248 2358 252 2362 ,
332 2298 484 2352 lavit.
519 2298 764 2355 Gaudete
792 2299 847 2353 in
875 2300 1097 2355 Christo
1119 2340 1133 2365 ,
1164 2300 1429 2370 gaudete;
1463 2300 1643 2355 dicam
1673 2301 1867 2355 iterum
1898 2318 1911 2354 :

332 2384 598 2441 Gaudete.
627 2385 817 2442 Gaude
857 2388 1172 2453 admodum,
1204 2387 1316 2441 ﬁlia
1345 2387 1499 2455 Sion,
1535 2403 1677 2444 nova
1722 2388 1916 2445 Hieru-

332 2478 528 2542 salem,
556 2476 648 2533 Dei
678 2478 924 2534 Ecclesia
949 2495 963 2545 ;
996 2480 1208 2535 intuere
1235 2496 1436 2535 arcana
1477 2481 1736 2537 solemnis
1755 2481 1916 2537 istius

334 2570 638 2642 mysteria;
688 2586 855 2643 supra
888 2573 1069 2627 omnia
1117 2588 1240 2644 quae
1283 2573 1537 2628 videntur
1571 2588 1823 2640 excurre,
1859 2584 1916 2629 ut

335 2676 458 2733 qua
487 2664 729 2719 externis
758 2680 822 2719 ac
847 2663 1200 2720 sensibilibus
1224 2667 1395 2736 signis
1436 2667 1912 2727 adminiStrantur.

336 2755 641 2812 sublimiori
692 2757 930 2827 quodam
985 2772 1151 2813 sensu
1203 2758 1672 2830 intclligentiaque
1721 2773 1916 2829 cogno-

337 2862 460 2904 8085
469 2890 482 2903 .

404 2940 579 3012 Cujus
606 2941 683 2997 rei
709 2956 876 2999 causa
902 2943 1156 2999 videlicet
1181 2940 1359 3009 Jesns,
1389 2941 1481 3013 qui
1501 2957 1784 3013 nunquam
1806 2941 1915 2997 nisi

335 3033 570 3105 pedibus
600 3032 703 3089 iter
730 3033 912 3090 facere
940 3040 1327 3099 consueverat,
1356 3033 1462 3088 hoc
1489 3033 1759 3088 duntaxat
1783 3040 1918 3088 tem-

335 3140 472 3199 pore
510 3133 664 3197 tergo
704 3127 932 3197 pecudis
960 3126 1182 3191 insedit,
1214 3125 1467 3181 sublatus
1498 3125 1635 3195 ipse,
1670 3133 1724 3180 et
1759 3139 1914 3180 suam

338 3219 447 3275 sibi
477 3218 532 3272 in
564 3233 785 3272 crucem
812 3218 1173 3274 sublationem
1199 3216 1550 3287 signiﬁcans?
1568 3216 1701 3284 Quae
1726 3218 1797 3272 sit
1825 3217 1921 3271 ad-
1949 3209 1991 3265 C

340 3325 499 3366 versa
549 3309 721 3363 villa?
762 3308 1032 3365 Nimirum
1084 3311 1302 3363 animus
1363 3309 1569 3365 mundo
1612 3310 1927 3366 contrarius

342 3409 509 3473 atque
536 3402 844 3473 oppositus,
871 3417 1035 3472 quem
1067 3401 1233 3456 homo
1249 3416 1279 3455 e
1302 3402 1525 3471 regione
1546 3401 1789 3471 paradisi
1813 3401 1924 3455 col-

341 3493 559 3549 locatus
587 3493 843 3550 obtinuit.
878 3493 961 3548 Ad
988 3508 1151 3563 quem
1178 3493 1404 3563 insuper
1429 3492 1568 3547 duos
1591 3509 1658 3548 ex
1680 3493 1923 3564 discipu-

340 3586 412 3642 lis
440 3585 558 3642 suis
599 3583 863 3640 Dominus
894 3586 1110 3656 allegat,
1145 3585 1250 3639 hoc
1275 3592 1365 3643 est
1412 3593 1706 3655 utrumque
1733 3583 1925 3641 Testa-

339 3683 614 3741 mentum,
628 3673 799 3732 Vetus
820 3691 885 3733 ac
896 3674 1127 3732 Novum.
1144 3676 1276 3743 Quae
1290 3677 1362 3732 sit
1375 3677 1501 3733 item
1517 3678 1668 3732 asina
1688 3676 1925 3747 ?Nempe

342 3779 503 3825 vetus
536 3778 592 3824 et
630 3768 875 3824 adultera
907 3765 1225 3840 Synagoga;
1262 3783 1383 3838 quae
1411 3770 1753 3841 gravissimis
1791 3785 1922 3826 one-

344 3861 502 3917 ribus
528 3876 791 3933 oppressa
823 3863 995 3918 vitam
1022 3862 1293 3929 trahebat,
1320 3863 1480 3932 cujus
1510 3870 1661 3935 tergo
1684 3864 1925 3934 aliquau-

344 3950 439 4007 diu
477 3951 736 4009 Christus
784 3951 1009 4009 insedit.
1043 3951 1179 4020 Quis
1214 3953 1285 4007 sit
1330 3959 1590 4022 prazterea
1620 3954 1840 4025 pullus?
1876 3953 1924 4008 Is

344 4044 494 4102 enim
533 4059 634 4115 ego
671 4059 815 4112 sum,
845 4045 1034 4115 iunior
1066 4053 1120 4101 et
1170 4044 1325 4101 rudis
1366 4046 1609 4116 gentium
1667 4047 1922 4117 populus,

344 4140 434 4196 cui
469 4137 654 4194 nullus
682 4136 963 4192 hominum
1007 4135 1229 4203 insedit,
1261 4139 1367 4193 hoc
1395 4147 1502 4204 est,
1527 4153 1639 4193 non
1676 4138 1785 4202 lex,
1814 4154 1924 4193 non

344 4231 531 4296 timor,
559 4244 670 4286 non
692 4229 939 4301 angelus.
967 4241 1079 4283 non
1106 4228 1392 4298 propheta,
1423 4245 1533 4284 non
1557 4228 1794 4301 Moyses,
1815 4244 1925 4285 non

346 4322 654 4395 Scriptura,
673 4323 765 4378 sed
785 4322 930 4378 Deus
946 4321 1061 4392 ipse
1083 4318 1348 4384 Verbum,
1368 4321 1514 4391 quod
1543 4338 1668 4377 cum
1686 4322 1925 4376 homini-

344 4415 450 4471 bus
479 4414 641 4471 nobis
673 4415 729 4467 in
758 4413 947 4469 eodem
979 4414 1208 4483 praescpi
1252 4411 1586 4468 Bethlehemi
1611 4411 1810 4482 jaeuit,
1847 4413 1925 4467 uti

346 4521 451 4561 nos
481 4506 552 4561 ab
580 4505 819 4578 rationis
842 4512 1068 4575 experte
1090 4510 1280 4560 nostra
1302 4504 1622 4574 stupiditate
1648 4503 1922 4571 liberaret,

348 4610 415 4650 ac
438 4595 697 4664 deinceps
722 4594 1032 4649 divinarum
1062 4608 1240 4649 rerum
1270 4593 1476 4664 peritos
1496 4592 1753 4649 ediceret.
1787 4591 1925 4649 Tum

349 4701 473 4757 quae
500 4687 572 4742 sit
599 4686 733 4756 pulli
778 4687 1017 4743 solutio?
1041 4686 1216 4754 Quam
1253 4701 1362 4742 non
1393 4685 1620 4742 dubium
1653 4693 1739 4741 est
1778 4687 1925 4741 illam

349 4791 474 4832 esse
505 4777 573 4830 ab
597 4775 871 4831 idolorum
905 4777 1056 4831 cultu
1090 4775 1493 4841 liberationem,
1520 4782 1576 4830 et
1601 4775 1928 4831 immolatitii

349 4869 565 4923 cruoris
597 4869 819 4923 modum
865 4883 930 4925 ac
968 4868 1166 4933 linem;
1201 4884 1362 4939 quem
1402 4868 1668 4940 proﬂuvio
1703 4867 1929 4939 sangui-

349 4960 439 5015 nis
472 4959 774 5017 laborantis
815 4960 1030 5016 feminae
1074 4961 1245 5016 tactio
1279 4968 1658 5032 repraesentat.
1684 4961 1767 5016 Ad
1814 4962 1929 5017 haec

209 5062 249 5084 ο·
349 5049 576 5120 quinam
615 5050 695 5104 illi
726 5051 858 5114 sint,
887 5052 981 5122 qui
1027 5051 1099 5106 ob
1126 5051 1259 5122 pulli
1311 5050 1641 5106 solutionem
1674 5051 1749 5104 ita
1798 5054 1931 5105 sul;-

350 5151 761 5199 murmurantes
790 5144 1118 5214 obstrepunt
1144 5162 1156 5196 :
1194 5142 1307 5198 Cur
1334 5143 1539 5198 solvitis
1563 5145 1767 5213 pullum
1805 5144 1931 5198 alli-

351 5241 533 5308 gatum
554 5234 615 5287 '2
648 5232 788 5287 Sunt
820 5240 1001 5287 autem
1043 5230 1213 5287 Judaei
1267 5247 1331 5286 ac
1374 5232 1671 5288 daemones.
1699 5231 1832 5299 Quae
1860 5233 1932 5287 sit

354 5331 581 5397 insuper
618 5326 1067 5383 vestimentorum
1117 5340 1146 5379 a
1184 5325 1369 5395 pueris
1422 5323 1565 5379 facta
1596 5325 1933 5380 constratio?

361 5420 495 5488 Qua:
511 5417 770 5476 nimirum
801 5417 1002 5474 veteris
1035 5418 1274 5472 hominis
1308 5418 1690 5486 spoliatiouem
1723 5425 1776 5472 et
1815 5416 1921 5471 ile-

348 5514 476 5566 dam
500 5509 800 5583 Synagogaa
833 5508 1187 5564 nudationem
1231 5523 1295 5562 ac
1324 5508 1716 5563 desolationem
1756 5508 1927 5578 signi-

350 5603 504 5663 ﬁcat.
538 5603 641 5671 Qui
667 5604 777 5658 sint
809 5613 916 5659 tam
941 5602 1048 5657 alte
1072 5601 1139 5656 de
1165 5599 1274 5655 Deo
1298 5600 1581 5670 loquentes
1609 5599 1759 5668 pueri
1784 5599 1807 5651 ἱ)
1829 5599 1927 5664 Qui

353 5694 573 5764 quidem
608 5694 821 5752 fidelem
854 5694 1114 5751 Ecclesiae
1164 5695 1443 5765 populum,
1475 5692 1578 5747 hoc
1613 5700 1697 5749 est
1724 5693 1929 5750 Christi

426 5812 443 5842 ³
466 5808 657 5865 Matth.
687 5827 803 5876 ut,
838 5813 903 5867 10
935 5830 1054 5883 sqq.
1131 5815 1150 5843 '
1174 5811 1303 5866 Luc.
1336 5830 1447 5877 xix,
1478 5811 1567 5867 δι.

2018 1941 2303 2013 Μακάριαι
2323 1939 2431 1993 τῶν
2450 1936 2793 2010 Χριστιανῶν
2822 1936 2877 1991 αἱ
2899 1933 3114 1997 ἐλπίδες
3135 1935 3148 1987 l
3182 1930 3274 2002 Τῷ
3293 1930 3608 2003 εἰρηνάρχῳ

2021 2033 2391 2095 πιστεύοντες,
2438 2032 2473 2102 ἦ
2507 2029 2606 2102 τὴν
2635 2029 2859 2100 εἰρήνην
2892 2024 3293 2095 πλουτήσαντες
3326 2020 3607 2092 ἄνθρωποι

2020 2126 2266 2195 ἀγγέλων
2295 2141 2360 2177 συ
2369 2123 2624 2194 μπολῖται
2649 2119 2927 2189 γεγόνασι·
2951 2116 3022 2170 τὰ
3040 2115 3151 2169 ἄνω
3172 2114 3267 2168 καὶ
3291 2114 3443 2167 κάτω
3467 2114 3606 2165 ἁνα-

2024 2219 2119 2289 μὶξ
2151 2216 2387 2291 Χριστος
2428 2213 2714 2285 πεποίηκε·
2743 2212 2856 2274 τοῖς
2887 2207 3203 2280 ἀσωμάτοις
3228 2206 3355 2268 τοὺς
3384 2203 3607 2274 χοῖκοὺς

2020 2312 2219 2381 ήνωσε.
2264 2308 2499 2379 Χαίρετε
2560 2308 2617 2359 ἐν
2664 2300 2904 2375 Χριστῷ’
2950 2299 3113 2354 πάλιν
3167 2296 3298 2370 ἐρῶ,
3349 2295 3604 2367 Χαίρετε.

2022 2382 2192 2473 Χαῖρε
2233 2400 2458 2472 σφόδρα,
2490 2397 2729 2468 θύγατερ
2758 2394 2919 2461 Σιὼν,
2952 2395 2988 2464 ή
3021 2392 3117 2446 νέα
3163 2388 3540 2462 Ἰερουσαλὴμ,
3571 2386 3609 2455 ή

2019 2496 2116 2553 τοῦ
2159 2495 2294 2549 Θεοῦ
2345 2490 2662 2562 Ἐκκλησίαο
2709 2488 2985 2558 σκόπησον
3028 2485 3097 2538 τά
3139 2483 3236 2554 τῆς
3276 2480 3469 2552 ἐορτῆς
3508 2494 3606 2531 σου

2026 2585 2429 2659 μυστικώτεραο
2464 2582 2643 2657 δράμε
2679 2576 2787 2633 τῶν
2813 2578 3106 2650 ὁρωμένων
3132 2573 3480 2645 ὑψηλότερον,
3517 2570 3609 2625 ἶνα

2023 2677 2165 2750 γνῷς
2197 2675 2556 2746 ἁναγωγικῶς
2582 2674 2675 2728 καὶ
2702 2671 2770 2728 τὰ
2802 2667 3075 2741 αἰσθητῶς
3097 2665 3417 2737 τελούμενα.

2094 2963 2251 3026 Τίνος
2297 2961 2457 3033 χάριν
2501 2962 2529 3014 6
2574 2959 2749 3029 πάντη
2799 2957 3102 3028 πεζοπόρος
3152 2956 3359 3026 Ἰησοῦς
3389 2956 3485 3010 νῦν
3511 2956 3605 3010 καὶ

2027 3057 2186 3127 μόνον
2217 3054 2310 3107 ἐπὶ
2338 3051 2478 3118 ζώου
2509 3051 2783 3117 ἐκάθισεν,
2826 3050 2987 3114 αὐτὸς
3017 3049 3343 3121 ὑψούμενος,
3382 3050 3476 3102 καλ⁵
3504 3048 3605 3120 τὴν

2025 3149 2082 3199 ἐν
2120 3145 2336 3218 σταυρῷ
2379 3143 2588 3214 ῦψωσιν
2630 3141 2810 3213 ἐαυτῷ
2839 3140 3239 3212 αἰνιττόμενοςς
3278 3139 3374 3203 Τίς
3398 3142 3433 3212 ή
3471 3158 3605 3193 κατ-

2027 3239 2207 3293 έναντι
2248 3237 2445 3308 κώμη;
2484 3236 2708 3299 Πάντως
2755 3236 2789 3305 ή
2829 3232 3106 3296 ἀντίθετος
3148 3232 3243 3287 καὶ
3275 3231 3492 3286 ἐναντία
3529 3230 3609 3302 τῷ

2026 3329 2214 3398 κόσμῳ
2240 3326 2455 3398 γνώμη,
2488 3325 2558 3396 ἢν
2593 3326 2860 3395 ἐκτήσατο
2895 3325 2924 3375 6
2972 3322 3259 3375 κατέναντι
3299 3321 3391 3375 τοῦ
3433 3339 3609 3393 παρα-

2024 3420 2201 3473 δείσου
2245 3416 2567 3484 ἐξοικισθείς
2610 3413 2916 3487 ἄνθρωπος,
2960 3413 3098 3484 πρὸς
3134 3413 3194 3466 ὃν
3226 3413 3543 3467 ἀπέστειλεν
3578 3415 3608 3467 6

2026 3510 2259 3582 Χριστὸς
2285 3509 2378 3563 δύο
2400 3508 2508 3562 τῶν
2536 3502 2817 3580 μαθητῶν,
2852 3500 2965 3559 οἷον
2995 3504 3270 3577 Διαθήκην
3296 3505 3462 3559 αὐτοῦ
3493 3506 3608 3559 Πα-

2027 3599 2183 3656 λαιὰν
2207 3601 2301 3655 καὶ
2323 3598 2599 3662 Νέαν,τάς
2618 3597 2711 3651 δύο
2726 3596 3023 3668 Διαθήκας.
3052 3595 3146 3658 Τίς
3173 3599 3206 3666 ἡ
3230 3596 3379 3658 ὅνοςς
3414 3593 3479 3648 Ἢ
3503 3613 3608 3648 πα-

2026 3693 2156 3747 λαιὰ
2192 3693 2412 3757 πάντως
2464 3691 2561 3746 καί
2597 3689 2847 3764 μοιχαλὶς
2869 3686 3189 3758 Συναγωγή,
3214 3688 3247 3757 ή
3271 3688 3351 3751 εἰς
3374 3686 3442 3739 τά
3464 3686 3607 3757 βάρη

2024 3787 2116 3840 τὸν
2147 3785 2257 3856 βίον
2284 3783 2655 3858 βεϐαρημένη,
2690 3783 2772 3851 ἐφ’
2865 3779 3100 3853 Χριστὸς
3123 3778 3287 3850 μέχρι
3318 3795 3419 3832 που
3443 3778 3607 3831 κεκάσ

2026 3868 2166 3928 θικε.
2192 3874 2288 3937 Τίς
2318 3874 2347 3926 6
2379 3872 2589 3938 πῶλος;
2637 3870 2778 3941 Ἐγὼ
2805 3873 2835 3924 6
2857 3870 2977 3933 νέος
3004 3869 3097 3923 καὶ
3124 3867 3471 3940 ἀγύμναστος
3499 3868 3610 3922 τῶν

2028 3966 2197 4020 ἐθνῶν
2241 3965 2388 4030 λαὸς,
2411 3962 2499 4032 ἐφ’
2517 3963 2576 4017 ὃν
2602 3963 2777 4026 οὐδεὶς
2800 3960 3102 4034 ἀνθρώπων
3132 3961 3405 4014 ἐκάθισεν⁸
3428 3962 3489 4013 ού
3522 3958 3607 4014 νόέ

2033 4072 2152 4125 μσς,
2178 4053 2240 4107 ού
2267 4052 2452 4123 φόϐος,
2474 4052 2576 4106 οὐκ
2595 4050 2842 4121 ἄγγελος,
2867 4052 2929 4105 οὐ
2953 4051 3261 4122 προφήτης,
3289 4050 3350 4103 ού
3379 4049 3608 4120 Μωσῆς,

2027 4145 2089 4198 οὐ
2121 4145 2334 4216 Γραφή·
2368 4143 2483 4197 ἀλλ’
2512 4143 2675 4206 αὐτὸς
2708 4143 2737 4195 6
2768 4141 2902 4205 Θεὸς
2933 4142 3104 4210 Λόγος
3135 4143 3163 4195 6
3190 4144 3324 4212 ἡμῖν
3346 4143 3460 4204 τοῖς
3486 4141 3612 4194 ἁλός

2027 4253 2144 4304 γοις
2187 4234 2601 4305 συμφατνιάσας
2639 4235 2696 4288 ἐν
2724 4233 2993 4304 Βηθλεέμ,
3024 4234 3175 4298 ὅπως
3206 4233 3309 4305 τῆς
3333 4234 3610 4305 ἡμετέρας

2028 4330 2252 4399 ἀλογίας
2279 4327 2643 4402 ἐλευθερώσῃ,
2669 4327 2950 4396 θεολόγους
2982 4326 3208 4397 ὕστερον
3236 4327 3615 4397 καταστήσας,

2028 4421 2201 4485 Τίςδὲ
2231 4423 2264 4492 ἡ
2296 4420 2449 4484 λύσις
2482 4419 2578 4474 τοῦ
2611 4418 2828 4483 πώλους
2857 4420 3083 4483 Πάντως
3110 4420 3145 4488 ἡ
3189 4418 3301 4472 ἀπὸ
3329 4416 3431 4487 τῆς
3454 4417 3606 4471 εἰδω-

2030 4513 2345 4584 λολατρείας
2377 4511 2676 4584 ἐλευθερία,
2709 4512 2804 4565 καὶ
2834 4514 2867 4584 ή
2898 4511 3007 4565 τῶν
3032 4508 3326 4564 είδωλικῶν
3364 4509 3608 4579 αἱμάτων

2032 4604 2349 4668 κατάλυσις,
2380 4606 2447 4676 ἣν
2474 4604 2715 4675 ἐσήμανε
2758 4605 2851 4657 καί
2891 4605 2925 4673 ἠ
2961 4602 3060 4673 τῆς
3083 4601 3486 4674 αίμορῤοούσ-ης
3513 4617 3614 4669 γυ-

2032 4695 2220 4757 ναικὸς
2245 4691 2466 4763 ψαῦσις.
2497 4693 2654 4756 Τίνες
2688 4693 2738 4746 οἱ
2762 4693 2854 4746 ἐπὶ
2873 4695 2938 4764 τῇ
2960 4692 3113 4744 λύσει
3142 4692 3236 4744 τοῦ
3268 4690 3448 4744 πώλου
3476 4706 3614 4756 γογο

2030 4785 2316 4853 γύσαντες,
2362 4785 2630 4853 λέγοντες·
2688 4788 2750 4839 Τί
2790 4786 2967 4839 λύετε
2999 4785 3107 4839 τὸν
3130 4783 3339 4839 πῶλον
3373 4781 3607 4852 δεδεμέ-

2031 4894 2177 4942 ror;
2205 4879 2269 4930 0i
2309 4877 2548 4931 Ἰουδαῖοι
2578 4876 2675 4949 [οἱ]
2712 4878 2806 4932 καὶ
2832 4877 3106 4949 δαίμονες.
3138 4878 3236 4942 Τίς
3271 4880 3305 4949 ή
3339 4877 3446 4931 τῶν
3479 4879 3606 4947 ίμα-

2033 4969 2163 5021 τίων
2192 4967 2298 5021 τῶν
2318 4967 2524 5023 παίδων
2546 4968 2926 5040 ὑπόστρωσιςς
2954 4968 3005 5020 τί
3031 4968 3126 5022 τοῦ
3152 4967 3381 5021 παλαιοῦ
3404 4966 3611 5038 magis.

2034 5078 2140 5114 που
2169 5059 2415 5124 ἐκδυσις;
2459 5060 2526 5114 Ἡ
2560 5060 2662 5131 τῆς
2693 5061 3021 5131 Συναγωγῆς
3050 5063 3296 5131 ᾶσχημος
3336 5060 3616 5131 γύμνωσις

2032 5150 2169 5221 όμοῦ
2214 5151 2310 5203 καὶ
2356 5151 2654 5221 ἐρήμωσις.
2697 5150 2831 5203 Τίνα
2886 5150 2953 5203 τά
3002 5149 3356 5218 θεολογοῦντα
3407 5149 3614 5219 νήπια;

2035 5237 2286 5310 Σύμϐολα
2322 5239 2542 5304 πάντως
2582 5238 2677 5294 τοῦ
2716 5239 2908 5293 πιστοῦ
2956 5238 3088 5293 λαοῦ
3140 5241 3240 5311 τῆς
3289 5237 3618 5307 Ἐκκλησίας

2035 5331 2270 5401 Χριστοῦ
2317 5330 2536 5400 ἔγγονα.
2583 5332 2738 5397 Τίνες
2783 5335 2839 5386 αἱ
2873 5333 3078 5385 τούτων
3122 5332 3388 5403 μητέρες
3423 5331 3487 5383 Αἰ
3517 5327 3616 5383 τοῦ

2006 5422 2413 5493 -βαπτίσματος
2446 5423 2823 5497 κολυμὸἦθραι
2862 5427 2918 5479 ai
2962 5424 3089 5486 τοὺς
3134 5423 3360 5484 πιστοὺς
3390 5421 3621 5487 ἀναγεν-

2038 5514 2228 5572 νῶσαι.
2260 5515 2415 5579 Τίνες
2444 5517 2501 5570 αἱ
2523 5515 2633 5569 τῶν
2667 5517 2918 5587 μητέρων
2956 5513 3117 5585 μαζοί
3137 5531 3152 5579 ;
3190 5514 3255 5567 Ai
3292 5512 3385 5567 δύο
3413 5510 3617 5581 Διαθῆ-

2036 5624 2131 5661 και
2155 5610 2213 5661 αἱ
2239 5608 2399 5680 ήμῶν
2418 5607 2729 5663 διδάσκαλοι
2759 5608 3089 5678 ἀμφότεραι,
3124 5606 3438 5672 ποτίζουσαι
3463 5603 3618 5675 ἡμᾶς

2038 5700 2096 5753 τὺ
2124 5700 2261 5769 γάλα
2290 5700 2350 5754 τὸ
2378 5699 2752 5772 πνευματικὸν
2782 5700 2876 5753 καὶ
2902 5699 3173 5770 οὐράνιον.
