3978 6220
387 374 496 433 ωδ
978 359 1261 421 IIOMILIA
1285 366 1396 423 VII.
1445 375 1512 431 IN
1557 377 1882 434 SANCTAM
1925 380 2207 438 CHRISTI
2250 381 2908 441 IiESURﬂECTIONEM.
3555 386 3660 441 501‘-

388 497 654 562 snbolcm,
685 496 1104 553 adumbrarunt.
1148 497 1280 566 Qua:
1311 500 1421 555 sint
1473 499 1692 554 illorum
1741 503 1984 558 matres?
2011 501 2130 558 Non
2168 503 2288 558 aliae
2339 505 2618 574 videlicet,
2691 520 2856 574 quam
2906 504 3164 574 baptismi
3204 502 3403 570 fontes,
3455 503 3660 574 quibus

391 593 576 648 ﬁdeles
610 593 804 647 iterato
853 593 1169 663 gignuntur.
1203 594 1464 661 Quaenam
1492 611 1684 666 porro
1719 599 1828 652 sint
1859 605 2094 652 matrum
2123 599 2337 654 ubera?
2389 599 2619 670 Nempe.
2661 599 3010 656 Testamenta
3039 599 3170 664 duo,
3234 614 3375 669 quos
3432 598 3660 652 totidem

328 713 334 718 ·
390 691 680 760 magistros
703 690 999 744 habemus:
1032 706 1156 760 quae
1184 692 1267 745 lac
1297 693 1456 747 nobis
1487 694 1734 762 spiritale
1756 709 1820 747 ac
1843 696 2064 750 eteleste
2094 696 2407 767 propinant.

457 782 554 845 Τίς
586 784 621 854 ἡ
657 784 721 835 ὲκ
753 781 846 834 τοῦ
875 783 1036 854 ὅρους
1056 783 1165 836 τῶν
1201 785 1426 837 Ἐλαιῶν
1456 786 1694 856 Χριστοῦ
1730 787 1971 839 κατάϐα-

2145 787 2284 854 Quid
2321 789 2426 844 sibi
2475 788 2604 843 velit
2651 787 2854 844 Christi
2897 805 2962 845 ex
3015 787 3211 846 Oliveti
3263 789 3401 844 colle
3433 787 3664 843 descen-

382 891 494 936 τις,
531 872 647 926 ἀλλ’
689 873 722 944 ἢ
776 874 993 936 πάντως
1038 876 1070 944 ἡ
1105 876 1167 927 ἐκ
1207 875 1302 928 τοῦ
1348 876 1576 947 οὐρανοῦ
1616 877 1750 930 Θεοῦ
1800 878 1974 946 Λόγου

2087 894 2216 942 sus,
2262 879 2356 949 qui
2412 878 2549 932 nihil
2606 877 2755 932 aliud
2813 888 2936 944 est,
2994 895 3156 948 quam
3197 878 3366 933 divini
3419 879 3486 935 de
3523 879 3666 935 cmlo

383 979 411 1010 π
435 965 526 1034 ρὸς
565 965 713 1034 ἡμᾶς
743 966 1181 1033 συγκατάϐασις;
1217 967 1373 1031 Τίνες
1408 969 1514 1021 τῶν
1550 969 1744 1022 ἐλαιῶν
1771 973 1816 1022 οἱ
1849 971 1979 1024 κλά-

2087 970 2243 1026 Verbi
2294 986 2415 1027 sese
2468 971 2536 1025 ad
2576 986 2678 1026 nos
2708 970 3174 1026 accommodantis
3208 972 3470 1040 illapsus?
3521 970 3666 1036 Quid

377 1061 397 1106 ι]
420 1072 468 1107 οι
497 1071 511 1120 ;
533 1058 589 1108 αἱ
613 1056 721 1108 τῶν
742 1057 1050 1128 ὲλεημόνων
1069 1058 1260 1128 ψυχαί.
1298 1060 1392 1123 Τίς
1425 1062 1459 1130 ἡ
1484 1061 1628 1124 ὁδὸς,
1661 1063 1720 1115 ὲν
1792 1063 1979 1127 καλῶς

2087 1062 2186 1116 sibi
2217 1062 2384 1117 velint
2441 1061 2675 1132 oleagini
2713 1061 2896 1116 rami?
2950 1061 3002 1115 bi
3057 1069 3185 1116 sunt
3225 1062 3665 1117 misericordium

392 1148 866 1218 ὑποστρωννύουσι
897 1149 999 1212 τὰς
1032 1148 1142 1203 τῶν
1174 1151 1384 1221 ἀρετῶν
1427 1150 1674 1222 πράξεις,
1707 1154 1979 1207 ἀπεκδυό-

396 1257 546 1312 μενοι
588 1241 681 1294 τὸν
728 1240 953 1295 παλαιὸν
997 1241 1319 1313 ᾶνθρωπονς
1365 1243 1430 1296 Τί
1463 1245 1572 1297 τῶν
1623 1246 1881 1314 φοινίκων
1909 1247 1980 1300 τὰ

396 1334 561 1404 ﬂata;
605 1337 659 1387 αἱ
693 1335 931 1408 καθαραὶ
961 1338 1070 1391 τῶν
1092 1338 1316 1392 δικαίων
1343 1339 1581 1411 καρδίαι,
1613 1343 1668 1394 αἱ
1709 1341 1784 1404 ὡς
1813 1342 1982 1409 φοίνι-

394 1443 488 1490 κες
527 1425 803 1487 ἀνθοῦσαι,
847 1428 943 1480 καὶ
983 1428 1058 1490 ὡς
1103 1430 1159 1481 αἱ
1199 1429 1380 1500 κέδροι
1420 1431 1516 1484 τοῦ
1562 1430 1796 1484 Λιϐάνου
1843 1430 1982 1501 πλη-

396 1515 704 1586 θυνόμεναι,
736 1521 791 1571 αἱ
820 1520 1226 1591 πεφυτευμέναι
1258 1523 1314 1574 ἐν
1342 1521 1420 1592 τῷ
1460 1522 1594 1592 οἴκῳ
1623 1523 1850 1592 Κυρίου,
1887 1523 1982 1575 καὶ

394 1608 732 1674 ὲξανθοῦσαι,
771 1613 827 1663 at
877 1611 988 1665 ᾶνω
1027 1611 1203 1682 ὀρθῶς
1232 1613 1369 1683 πρὸς
1407 1613 1498 1667 τὸν
1544 1614 1717 1686 ἀληθῆ
1760 1615 1980 1684 φοίνικα

396 1701 710 1771 βλέπουσαι,
740 1702 960 1766 πάντως
1003 1703 1263 1774 δηλοῦσαι
1292 1705 1385 1758 καὶ
1430 1704 1529 1777 τὴν
1559 1706 1716 1778 νίκην
1759 1707 1853 1760 τοῦ
1881 1725 1975 1760 τυο

387 1792 588 1857 ράννου
623 1793 715 1845 καὶ
747 1793 842 1846 τοῦ
881 1793 1031 1865 ᾅδου,
1058 1794 1211 1849 αὐτοὶ
1241 1795 1694 1868 ἐλευθερωθέντες
1718 1799 1818 1868 τῆς
1847 1799 1983 1852 ὲκεί-

393 1899 502 1935 νων
518 1885 834 1954 τυραννίδος
851 1888 916 1956 τῇ
940 1886 1034 1939 τοῦ
1057 1887 1293 1958 Χριστοῦ
1312 1888 1532 1959 νικητοῦ
1557 1889 1806 1962 δυνάμει.
1825 1891 1983 1954 Τίνες

395 1975 444 2026 οἱ
473 1975 805 2044 προάγοντες
829 1993 843 2042 ;
874 1977 1153 2048 Προφῆται
1185 1980 1234 2030 οἱ
1260 1979 1474 2032 δίκαιοι,
1496 1981 1655 2044 Τίνες
1681 1983 1728 2034 oi
1755 1983 1977 2036 ἀκολου-

397 2063 614 2126 θοῦντες
636 2082 651 2129 ;
689 2066 994 2132 ἀπόστολοι,
1027 2068 1122 2120 καὶ
1145 2070 1303 2138 ἡμεῖς
1325 2071 1374 2122 οἱ
1400 2071 1458 2137 ἐξ
1484 2070 1654 2124 ἐθνῶν
1689 2072 1825 2142 μετὰ
1855 2073 1980 2126 τού-

2080 1154 2300 1208 τηιίηιεε.
2351 1153 2483 1219 Quae
2510 1154 2596 1206 via
2643 1155 2715 1209 sit
2745 1153 2799 1210 in
2843 1167 2951 1222 qua
2987 1152 3260 1222 prolectas
3295 1167 3325 1206 a
3365 1153 3664 1210 virtutibus

2080 1243 2329 1298 actiones
2381 1243 2650 1313 praeclare
2685 1249 3083 1308 consternunt,
3115 1249 3170 1295 et
3200 1251 3438 1296 veterem
3485 1243 3666 1296 homi-

2081 1353 2202 1392 nem
2227 1336 2470 1391 exuunt?
2497 1334 2638 1401 Quid
2680 1335 2754 1388 illi
2797 1335 3104 1403 palmarum
3141 1335 3279 1389 rami
3314 1335 3463 1390 sint!
3491 1335 3666 1388 Nimi-

2080 1444 2202 1482 rum
2233 1429 2448 1482 sincera
2479 1427 2759 1496 justorum
2787 1425 2954 1481 corda
2977 1468 2991 1492 ,
3025 1441 3147 1496 quae
3177 1426 3482 1496 palmarum
3515 1443 3670 1482 more

2081 1519 2398 1582 florescunt,
2432 1527 2489 1598 et
2521 1525 2578 1573 ut
2607 1517 2756 1575 cedri
2790 1518 2984 1573 Libani
3020 1518 3477 1588 multiplicantur,
3511 1519 3669 1588 plan-

2083 1620 2209 1667 tata:
2257 1612 2310 1665 in
2363 1612 2530 1666 domo
2576 1610 2832 1677 Domini,
2883 1625 2947 1666 ac
2997 1610 3408 1681 germinantes;
3439 1627 3671 1680 quaeque

2082 1717 2304 1759 sursum
2339 1709 2536 1759 erectae
2569 1718 2750 1758 veram
2791 1703 2858 1756 ad
2913 1703 3150 1773 palmam
3187 1703 3509 1772 respiciunt.
3553 1702 3671 1757 Ea:-

2082 1795 2204 1851 dem
2235 1810 2399 1865 porro
2434 1803 2767 1866 reportatam
2798 1795 2864 1850 de
2901 1803 3137 1867 tyranno
3168 1804 3222 1850 et
3261 1795 3453 1852 inferis
3496 1797 3672 1850 victo-

2083 1887 2220 1941 riam
2275 1886 2627 1957 significant:
2662 1901 2771 1957 qua
2824 1887 2880 1941 in
2936 1887 3240 1942 libertatem
3290 1890 3487 1942 asserti
3520 1897 3669 1951 sunt,

2082 1989 2137 2034 et
2167 1979 2392 2033 victoris
2423 1978 2626 2034 Christi
2663 1980 2905 2049 potentia
2937 1981 3153 2034 illorum
3212 1979 3501 2049 tyrannide
3545 1995 3670 2049 per-

2085 2068 2281 2123 functi.
2335 2068 2568 2134 Quiuam
2605 2068 2826 2123 demum
2879 2070 2990 2123 sint
3023 2070 3139 2132 illi,
3200 2071 3288 2139 qui
3323 2071 3674 2140 praecedunt?

394 2172 502 2208 των
532 2159 943 2222 πιστεύσαντες.
982 2161 1044 2212 Ἦ
1073 2159 1130 2212 δὲ
1162 2160 1335 2224 πόλις,
1369 2163 1401 2232 ἡ
1436 2162 1548 2215 ἄνω
1588 2163 1981 2235 ’ῐερουσαλήμο

2091 2159 2237 2215 Sunt
2283 2159 2320 2214 ii
2372 2175 2502 2214 vero
2543 2160 2818 2230 pmphttae
2863 2176 3076 2226 eratres,
3125 2176 3190 2216 ac
3237 2161 3393 2229 justi.
3437 2161 3672 2228 Quinam

395 2248 456 2300 τὸ
491 2248 548 2301 δὲ
579 2249 741 2318 ἱερὸν,
771 2252 802 2320 ἡ
841 2251 1084 2319 βασιλεία
1115 2253 1223 2305 τῶν
1265 2252 1530 2324 οὐρανῶν,
1563 2253 1621 2320 ἐξ
1647 2249 1715 2325 ἦς
1743 2256 1980 2326 Χριστὸς

408 2339 693 2402 Ἰουδαίους
714 2341 788 2403 ὡς
818 2342 1066 2406 ἀναξίους
1091 2342 1378 2412 ἐξήγαγεν.
1405 2344 1560 2398 Οὕτω
1579 2347 1647 2398 sit
1667 2347 1766 2416 τῆς
1791 2347 1983 2417 ἑορτῆς

398 2446 492 2484 σου
519 2431 706 2500 νόησον
727 2448 739 2462 ·
766 2432 908 2487 οὕτω
936 2434 998 2486 τὸ
1036 2434 1128 2488 τοῦ
1165 2437 1436 2490 Δεσπότου
1481 2439 1782 2508 μυστήριον
1813 2438 1988 2506 φύλα-

400 2523 506 2588 ξον.
538 2523 762 2587 Πάντως
794 2525 850 2577 δὲ
889 2526 984 2578 καὶ
1023 2525 1091 2578 τὰ
1120 2527 1221 2597 τῆς
1267 2529 1461 2599 ἑορτῆς
1496 2545 1590 2581 σου
1621 2533 1638 2550 ‘
1661 2533 1676 2548 ‘
1697 2531 1712 2548 '
1745 2530 1982 2600 Συνδρά-

403 2630 592 2683 μωμεν
647 2614 783 2684 μετὰ
836 2616 1085 2684 ἀγγέλων
1129 2616 1464 2689 χορεύοντες,
1509 2618 1647 2688 μετὰ
1691 2618 1785 2671 τοῦ
1824 2619 1982 2690 ὄχλου

402 2705 736 2776 κροτούντων
763 2705 899 2776 (77),
935 2708 1074 2778 μετὰ
1100 2707 1194 2760 τοῦ
1224 2707 1404 2761 πώλου
1454 2709 1802 2781 σκιρτῶντες,
1846 2710 1983 2781 μετὰ

405 2796 655 2867 μητέρων
689 2797 1074 2868 θαυμάζοντες,
1109 2803 1226 2871 μετ’
1257 2801 1568 2855 ἀποστόλων
1602 2802 1980 2873 κηρύττοντες,

402 2889 494 2942 καὶ
541 2890 760 2962 Χριστῷ
806 2891 1166 2955 ὐπαντοῦντες
1209 2893 1308 2964 τὴν
1371 2894 1723 2965 Ἰερουσαλὴμ
1773 2895 1985 2949 ἐπιϐαί-

401 2997 562 3046 νοντι,
591 2980 884 3045 αἰνοῦντες,
908 2982 1278 3050 εὐλογοῦντες,
1319 2985 1548 3038 Ὡσαννὰ
1568 2985 1838 3053 λέγοντες.
1869 2989 1984 3040 Εὐ-

401 3072 734 3141 λογημένος
762 3075 793 3126 ό
825 3072 1038 3139 ἐλθὼν,
1077 3077 1170 3126 καὶ
1216 3075 1374 3128 πάλιν
1422 3077 1713 3146 ἐρχόμενος
1752 3078 1820 3130 ἐν
1851 3079 1984 3130 ὀνό-

397 3180 536 3232 ματι
568 3165 789 3234 Κπφίου
826 3167 1007 3235 κρῖναι
1037 3165 1126 3219 τὸν
1154 3168 1356 3238 κόσμον
1384 3168 1570 3222 αὐτοῦ.
1604 3169 1762 3238 Αὐτῷ
1795 3171 1827 3240 ἡ
1857 3168 1983 3234 δόξα

402 3255 480 3325 τῷ
505 3253 614 3324 (78)
665 3256 860 3328 Πατρὶ,
909 3259 1001 3310 καὶ
1047 3257 1122 3315 τῶ
1153 3259 1432 3330 Πνεῦματι
1460 3261 1538 3324 εἰς
1586 3262 1712 3324 τοὺς
1758 3262 1979 3324 αἰῶνας.

415 3347 608 3418 Ἀμήν.

2086 2250 2522 2321 subsequentes?
2544 2251 2789 2321 Apostoli
2823 2251 3116 2316 nimirum;
3145 2253 3389 2322 adeoque
3419 2269 3518 2308 nos
3545 2253 3672 2322 ipsi,

2085 2343 2180 2412 qui
2212 2357 2338 2396 cum
2371 2342 2481 2397 illis
2525 2356 2555 2396 e
2597 2341 2882 2411 gentilium
2911 2357 3142 2396 numero
3171 2342 3525 2412 credidimus.
3554 2342 3672 2398 Jam

2086 2435 2281 2490 civitas
2337 2435 2456 2504 ipsa
2512 2433 2756 2490 cmlestis
2813 2443 2899 2488 est
2960 2432 3344 2500 Hierusalem;
3386 2435 3672 2504 templum,

2086 2527 2310 2582 caeleste
2357 2541 2586 2596 regnum
2614 2567 2629 2591 ,
2681 2541 2712 2580 a
2767 2541 2878 2596 quo
2916 2525 3173 2582 Christus
3228 2523 3488 2590 Judaeos,
3529 2525 3675 2580 velut

2087 2621 2379 2692 indignos,
2423 2621 2836 2676 exterminavit.
2886 2619 2968 2673 Ad
3012 2620 3161 2676 hunc
3193 2622 3414 2674 modum
3474 2618 3673 2674 festum

2089 2713 2226 2768 illud
2254 2719 2409 2767 tuum
2444 2713 2864 2781 contemplator.
2909 2711 2986 2765 Ita
3013 2711 3357 2766 Dominicum
3387 2711 3521 2766 illud
3561 2728 3674 2788 my.

2088 2806 2317 2862 sterium
2353 2815 2593 2862 servato.
2633 2807 2868 2861 Prorsus
2901 2806 3045 2862 enim
3105 2813 3160 2860 et
3207 2821 3330 2874 qua:
3375 2805 3442 2858 ad
3478 2802 3676 2858 festum

2096 2898 2228 2952 illud
2267 2906 2420 2952 tuum
2458 2939 2506 2954 ..
2535 2939 2549 2952 .
2577 2939 2590 2952 .
2628 2899 3000 2952 Accurramus
3039 2912 3164 2950 cum
3221 2897 3426 2966 angelis
3479 2896 3676 2949 choros

2066 2989 2353 3059 ducentes
2377 3029 2393 3053 ,
2431 3005 2554 3043 cum
2583 2989 2744 3043 turba
2785 2989 3106 3058 plaudentes
3134 3027 3146 3048 ,
3184 3001 3309 3040 cum
3361 2986 3511 3055 pullo
3543 2987 3677 3046 sub-

2086 3081 2367 3143 silicntcs,
2400 3096 2526 3134 cum
2559 3079 2825 3134 matribus
2870 3078 3207 3132 admirantes
3229 3116 3242 3140 ,
3293 3091 3418 3130 cum
3455 3087 3676 3144 aposw-

2088 3171 2154 3226 lis
2191 3173 2550 3241 praedicantes
2570 3211 2586 3236 ,
2615 3171 2828 3225 obviam
2863 3169 3088 3224 Christo
3118 3168 3478 3238 procedentes
3498 3206 3512 3230 ,
3550 3165 3678 3220 dum

2086 3262 2133 3316 is
2160 3260 2591 3332 Ilierosolymam
2621 3260 2958 3330 ingreditur;
2996 3258 3317 3320 laudantes,
3354 3256 3678 3310 bencdiccn~

2090 3363 2213 3419 tes,
2252 3353 2509 3408 Iloszmua
2563 3353 2842 3408 dicentes:
2898 3351 3214 3405 Benedictus
3263 3350 3352 3419 qui
3401 3349 3576 3410 venit,
3629 3351 3676 3397 et

403 3419 810 3495 itcrnm'vcniet
841 3441 895 3495 in
926 3443 1133 3497 nomine
1163 3442 1396 3509 Domini,
1428 3445 1679 3515 judicare
1719 3443 1986 3500 mundum
2025 3459 2210 3500 suum.
2247 3443 2350 3514 Ipsi
2383 3445 2555 3515 gloria
2607 3459 2733 3499 cum
2760 3442 2960 3508 Patre,
3026 3451 3080 3498 et
3148 3441 3353 3511 Spiritu
3392 3449 3580 3494 sancto
3628 3435 3680 3487 in

406 3531 624 3584 saecula.
654 3533 849 3587 Arnen.

1987 3720 2094 3774 VII.

655 3846 838 3900 Sancti
875 3843 1154 3913 Epiphanii
1195 3845 1420 3914 episcopi
1461 3843 1788 3898 Constantia:
1825 3841 1988 3914 Cypri
2019 3841 2190 3894 oratio
2225 3840 2278 3892 in
2312 3846 2554 3891 sanctam
2589 3833 2788 3888 Christi
2822 3834 3257 3886 resurrectionem
3288 3829 3422 3901 (79).

479 3967 635 4022 Nunc
658 3975 993 4020 mortuorum
1020 3967 1200 4020 luctus
1227 3965 1516 4029 exsulavit,
1547 3973 1600 4018 et
1625 3964 1982 4020 resurrectio-
2010 3969 2050 4026 C
2086 3959 2418 4032 perfidorum
2472 3972 2672 4020 ausus;
2734 3953 3142 4024 suspenderunt
3171 3966 3294 4005 eum
3317 3988 3331 4010 ,
3368 3949 3459 4017 qui
3507 3955 3673 4002 totam

411 4060 497 4116 uis
545 4059 728 4111 lumen
773 4056 1012 4120 all'ulsit,
1049 4059 1106 4109 in
1134 4071 1242 4124 quo
1277 4071 1489 4108 summa
1538 4054 1629 4109 Dei
1668 4058 1721 4107 in
1758 4071 1858 4109 nos
1892 4055 1988 4109 de-

411 4156 754 4204 monstratur
783 4147 1044 4200 cbaritas.
1083 4144 1218 4198 Nam
1264 4155 1495 4199 mortem
1545 4161 1704 4213 quam
1760 4146 1993 4199 debebat

411 4243 608 4305 homo,
641 4253 758 4295 eam
787 4237 1027 4293 moriens
1049 4237 1328 4292 destruxit
1346 4237 1624 4300 Christus,
1657 4236 1992 4305 redemptio-

410 4334 495 4390 nis
548 4331 782 4402 pretium
816 4329 954 4384 dans
989 4344 1088 4398 pro
1126 4327 1338 4387 anima.
1390 4344 1454 4382 ac
1495 4342 1699 4396 corpus
1733 4343 1830 4397 pro
1867 4342 1991 4381 cor-

409 4439 576 4494 pore,
636 4431 923 4491 totumque
983 4419 1256 4473 hominem
1310 4435 1411 4489 pro
1464 4419 1717 4479 homine,
1779 4434 1843 4472 ac
1895 4433 1992 4488 pro

410 4523 584 4569 morte
615 4521 867 4566 mortem.
908 4511 970 4564 Et
990 4511 1114 4580 quis
1151 4525 1392 4580 unquam
1417 4509 1601 4577 justus
1625 4519 1876 4563 mortuus
1909 4518 1993 4562 est.

409 4622 506 4675 pro
529 4604 771 4674 injuste?
800 4601 935 4669 Quis
967 4609 1115 4671 pater
1166 4617 1265 4670 pro
1293 4603 1441 4656 lilio?
1476 4612 1529 4656 et
1557 4604 1683 4670 quis
1713 4618 1810 4668 pro
1842 4611 1991 4669 patre

410 4699 551 4752 Illius
580 4695 738 4748 morti
767 4710 825 4748 se
856 4693 1051 4747 obtulit
1074 4692 1096 4745 ?
1116 4691 1260 4762 quod
1289 4693 1510 4762 quidem
1544 4708 1642 4762 pro
1670 4691 1833 4745 nobis
1863 4691 1991 4743 fecit

413 4785 850 4840 Dominusznon
901 4782 1060 4835 modo
1099 4797 1196 4836 sua
1253 4797 1354 4836 uos
1414 4798 1581 4835 manu
1636 4780 1883 4835 formans
1937 4781 1990 4834 iu

408 4875 602 4940 Adam,
652 4871 748 4926 sed
779 4871 1025 4926 etiamin
1057 4886 1156 4926 sua
1208 4887 1309 4926 nos
1352 4871 1612 4940 passione
1661 4887 1992 4940 regenerans

411 4981 505 5036 per
545 4963 816 5034 spiritum.
853 4962 1166 5032 Impiusque
1194 4961 1508 5017 Iudaeorum
1557 4963 1790 5032 populus
1828 4978 1989 5016 suum

411 5056 585 5126 ipsius
630 5052 900 5108 interfecit
948 5053 1350 5108 benefactorem
1378 5093 1392 5117 ,
1440 5070 1539 5123 pro
1573 5054 1732 5108 bonis
1768 5055 1814 5107 ei
1848 5055 1991 5107 mala

411 5147 737 5218 rependens,
771 5127 837 5200 ac
865 5160 964 5213 pro
991 5144 1188 5213 gaudio
1225 5145 1653 5206 tribulationem,
1683 5154 1733 5199 et
1759 5160 1856 5214 pro
1878 5145 1991 5200 vita

412 5247 660 5294 mortem.
693 5233 795 5300 Qui
823 5236 969 5291 enim
1002 5235 1220 5288 illorum
1255 5237 1604 5290 resnscitavit
1639 5246 1908 5299 ruortuos,
1937 5242 1990 5290 et

2094 4049 2380 4119 suspendit
2433 4056 2665 4110 terram;
2698 4046 2842 4114 ligno
2875 4044 3161 4098 alﬁxerunt
3214 4043 3388 4105 illum,
3423 4044 3514 4112 qui
3545 4044 3678 4096 solio

2093 4142 2241 4199 davit
2272 4139 2570 4204 mundum;
2597 4145 2651 4190 et
2674 4135 2848 4189 mensi
2880 4143 3008 4188 sunt
3035 4151 3160 4189 eum
3189 4135 3282 4203 qui
3313 4136 3533 4188 metitur
3565 4149 3678 4188 cu:-

2095 4231 2176 4284 los
2200 4270 2215 4294 ,
2250 4231 2600 4300 ligaruntque
2632 4226 2783 4280 illum
2810 4225 2905 4295 qui
2941 4225 3102 4280 solvit
3145 4232 3460 4294 peccatores
3482 4267 3496 4291 ,
3536 4234 3589 4279 et
3621 4226 3676 4279 iu

2095 4321 2187 4376 siti
2221 4327 2483 4391 potaruut
2511 4326 2668 4373 aceto
2691 4317 2867 4382 illum,
2889 4317 2983 4386 qui
3016 4331 3112 4385 pro
3133 4323 3262 4385 potu
3286 4316 3488 4384 praebet
3507 4316 3675 4382 justi--

2093 4411 2246 4474 tiam,
2283 4418 2336 4464 et
2368 4409 2421 4462 in
2454 4422 2638 4464 escam
2678 4405 2946 4460 dederunt
2978 4403 3050 4459 fel
3081 4403 3130 4458 ei
3153 4443 3167 4468 ,
3209 4402 3303 4472 qui
3340 4402 3486 4456 fovet
3512 4401 3680 4472 justi-

2094 4503 2246 4563 tiam,
2279 4499 2837 4566 contaminaruntque
2869 4511 3066 4550 manus
3112 4509 3177 4547 ac
3211 4495 3376 4564 pedes
3402 4493 3544 4562 ejus,
3581 4494 3676 4564 qui

2094 4611 2290 4650 manus
2321 4595 2563 4664 ipsorum
2592 4590 2842 4652 sanavit,
2870 4594 3170 4657 coegerunt
3199 4587 3390 4641 oculos
3418 4584 3680 4640 claudere

2095 4689 2244 4740 illum
2267 4727 2282 4750 ,
2310 4686 2403 4754 qui
2447 4687 2622 4738 visum
2658 4681 2794 4750 ipsis
2824 4680 3073 4750 aperuit,
3126 4679 3568 4747 sepelieruntque
3610 4677 3676 4731 il-

2095 4782 2227 4841 lum,
2261 4779 2356 4850 qui
2383 4785 2627 4830 mortuos
2658 4775 2722 4828 ad
2754 4775 2918 4828 vitam
2948 4769 3243 4828 revocavit.
3276 4771 3320 4825 0
3355 4774 3678 4843 mysterium

2095 4887 2294 4925 novum
2325 4878 2379 4925 et
2411 4867 2735 4922 miraculum
2767 4865 3131 4935 stupendum!
3165 4865 3445 4935 judicatus
3469 4876 3551 4921 est
3579 4867 3674 4934 ju-

2092 4963 2196 5017 dex
2236 4971 2290 5016 et
2350 4961 2579 5031 ligatus,
2632 4959 2724 5029 qui
2775 4960 2938 5014 solvit
2970 4960 3217 5021 vinctos,
3255 4958 3594 5027 adactusque
3619 4960 3674 5013 iu

2092 5067 2310 5106 crucem
2336 5061 2452 5114 cst,
2487 5052 2578 5120 qui
2611 5051 2842 5104 lirmavit
2875 5057 3110 5112 terram,
3142 5057 3195 5104 et
3228 5064 3528 5120 suspensus
3567 5061 3672 5115 εει,

2093 5142 2184 5212 qui
2221 5143 2534 5197 universum
2561 5141 2847 5212 suspendit
2885 5141 3170 5196 mundum.
3200 5140 3545 5198 Mcnsuratus
3566 5151 3673 5204 est,

2093 5235 2183 5304 qui
2217 5236 2440 5288 metitur
2489 5235 2691 5299 caalos,
2745 5242 3047 5304 pastusque
3081 5241 3165 5288 est
3201 5234 3356 5299 felle,
3387 5235 3477 5304 qui
3526 5236 3669 5303 pavit
3725 5270 3731 5276 -

411 5329 624 5383 curavit
648 5327 862 5389 turbas,
888 5326 1324 5396 illuminavitque
1351 5343 1549 5392 caecos,
1596 5328 1739 5382 hunc
1766 5308 1982 5384 occide-
2017 5339 2056 5393 ι)
2087 5329 2280 5395 vitam;
2311 5335 2558 5382 mortuus
2605 5335 2692 5382 est
2738 5327 2831 5397 qui
2865 5335 3062 5381 cuncta
3117 5327 3377 5397 produxit
3409 5326 3552 5384 viva,
3586 5341 3665 5379 sc-

412 5418 538 5474 ruut
571 5418 971 5489 suspendentes
1014 5419 1066 5470 in
1097 5419 1260 5488 ligno.
1295 5418 1485 5474 Videte
1519 5435 1684 5484 nunc,
1710 5421 1978 5486 homines,

415 5513 608 5575 videte,
635 5513 879 5582 inquam,
910 5519 1120 5566 cuncta:
1159 5520 1367 5580 gentes,
1402 5527 1574 5568 novos
1599 5512 1981 5584 inauditosque

481 5689 590 5756 (77)
622 5686 677 5738 θ’.
703 5686 1036 5757 κροτοῦντες.

480 5757 589 5830 (78)
623 5755 779 5812 DccSt
809 5755 924 5812 σύν.

2089 5422 2381 5492 pultusque
2415 5429 2500 5475 εει
2537 5421 2631 5490 qui
2673 5419 2902 5475 mortuis
2949 5418 3115 5472 vitam
3149 5417 3402 5472 reddidit.
3442 5413 3674 5467 Domino

2089 5529 2320 5580 namque
2375 5527 2642 5582 suspenso
2698 5513 2750 5566 in
2802 5512 2969 5583 ligno,
3023 5515 3371 5564 monumenta
3418 5504 3674 5573 disrupta

2092 5757 2106 5810 1
2162 5687 2271 5809 (7‘0)
2306 5687 2548 5745 Gcrardo
2577 5687 2768 5744 V'ossm
2794 5688 3115 5754 interprete;
3141 5682 3325 5736 Graeca
3363 5698 3468 5737 non
3493 5688 3669 5738 exsta-

2113 5773 2196 5810 lall
2229 5799 2241 5810 .

2113 5773 2241 5810 ιηιιι.
