3978 6220
293 376 398 434 507
1548 366 1757 424 DUBlA
1794 364 1937 422 aur
1973 362 2252 420 SPURIA.
3453 370 3568 430 sos

293 502 459 559 sunt,
491 493 740 550 infernus
779 500 997 564 apertus
1027 501 1140 558 est,
1187 500 1242 547 et
1273 502 1696 548 resurrexerunt
1727 506 1873 546 mor-
1903 499 1952 554 Α
1982 506 2102 546 sum
2147 490 2402 546 Christus
2432 487 2542 544 vita
2574 495 2777 544 vestra.
2812 487 2933 554 Quo
2957 489 3145 544 audito
3176 488 3425 547 infernus
3465 505 3563 547 so-

297 587 420 651 tui,
469 585 887 658 eiingeruntque
935 585 1165 649 animae,
1223 591 1278 639 et
1335 592 1706 654 apparuerunt
1791 586 1866 642 ibi
1975 583 2122 637 intus
2164 589 2267 647 est,
2302 589 2583 650 portaeque
2611 579 2732 650 ejus
2777 595 2933 634 aerea:
2963 582 3234 643 contritae,
3281 590 3336 636 et
3376 590 3566 638 vectes

298 678 459 732 multi
488 694 554 733 ex
592 679 660 732 iis
705 679 798 747 qui
828 683 1186 732 surrexerunt
1232 677 1285 730 in
1335 675 1674 730 lherusalem
1695 714 1710 738 ,
1743 674 1872 729 dum
1977 673 2140 729 ferrei
2173 673 2441 728 confracti
2474 678 2626 734 sunt,
2655 669 3076 740 eﬂ'ugeruntque
3101 680 3416 726 sanctorum
3443 673 3568 726 ani-

299 769 405 824 boc
435 768 642 824 Christi
675 768 1004 838 adimpletur
1053 767 1395 839 mysterium.
1427 769 1488 821 ln
1524 782 1688 820 cruce
1728 766 1874 821 enim
1978 784 2100 830 mae,
2128 773 2420 836 sequentes
2469 765 2701 836 vestigia
2749 765 2978 820 Christi.
3033 765 3297 834 Tuncque
3339 767 3567 837 impleta

299 859 558 916 exaltavit
587 874 830 926 carnem,
860 867 919 913 ut
951 860 1124 914 clavis
1153 858 1370 914 conﬁxa
1403 867 1689 930 appareret
1724 872 1876 922 caro,
1980 868 2066 914 est
2109 859 2390 929 Scriptura
2419 876 2431 912 :
2461 857 2545 912 lbi
2574 859 2932 930 contriverunt
2969 868 3152 926 portas
3192 875 3359 913 creas
3396 869 3447 913 et
3484 876 3572 913 ee-

299 963 355 1010 et
383 955 486 1009 sub
524 954 752 1023 pedibus
783 954 969 1009 carnis
1015 969 1164 1009 mors
1202 953 1449 1022 subjecta
1498 961 1602 1008 est.
1635 952 1789 1006 Tunc
1824 953 1879 1005 in
1983 964 2087 1007 etes
2127 953 2324 1021 ferreos
2361 953 2727 1022 conp-egerunt
2752 918 2828 1025 ’ί
2825 951 3096 1006 Clamavit
3123 960 3307 1008 autem
3344 960 3398 1007 et
3418 962 3572 1010 terra
3619 935 3664 1012 ἶσ-

300 1045 718 1100 admirationem
749 1046 891 1115 rapti
919 1054 1049 1101 sunt
1082 1045 1257 1114 angeli
1282 1085 1298 1110 ,
1327 1047 1671 1115 virtutesque
1693 1046 1883 1100 obstu-
1983 1047 2176 1103 dicens
2203 1065 2216 1099 :
2250 1046 2497 1109 Domine,
2524 1046 2698 1100 libera
2723 1061 2854 1100 mea
2873 1046 3050 1105 malis.
3077 1046 3226 1116 eripe
3249 1061 3336 1102 me
3364 1046 3432 1101 ab
3460 1047 3570 1110 ira,

300 1145 538 1206 puerunt
567 1138 823 1192 cmlestes
851 1152 1018 1206 super
1053 1137 1309 1206 passione
1336 1137 1561 1191 Christi.
1589 1136 1884 1192 Perterrita

299 1235 465 1296 atque
495 1231 724 1282 attonita
757 1229 858 1282 fuit
891 1238 1143 1284 creatura
1166 1271 1180 1296 ,
1209 1230 1400 1286 dicens
1428 1250 1441 1285 :
1473 1229 1612 1296 Quid
1633 1231 1748 1300 jam
1779 1230 1883 1286 sibi
1989 1230 2229 1284 humana
2290 1243 2521 1296 corpora
2570 1228 2812 1296 suscepi,
2867 1229 2978 1282 imo
3027 1237 3082 1281 et
3134 1235 3286 1282 tuum
3341 1241 3572 1296 corpus,

301 1332 502 1371 novum
535 1318 681 1372 istud
717 1318 834 1372 vult
869 1320 1223 1390 mysterium?
1990 1337 2024 1376 o
2058 1321 2307 1383 Domine,
2348 1319 2556 1388 recepit
2584 1327 2765 1374 autem
2801 1327 2954 1373 tuum
2982 1318 3274 1372 Adamum.
3317 1315 3577 1372 Surrexit

375 1407 550 1462 Judex
580 1410 860 1478 judicatur
890 1419 944 1465 et
991 1419 1155 1474 tacet,
1189 1411 1282 1480 qui
1317 1411 1606 1467 invisibilis
1638 1421 1722 1467 est
1754 1428 1890 1467 con-
1991 1429 2122 1484 ergo
2156 1411 2422 1468 Dominus
2456 1413 2601 1464 intra
2639 1409 2904 1475 triduum,
2951 1410 3159 1464 docens
3205 1424 3306 1464 nos
3353 1409 3409 1463 in
3449 1408 3578 1462 uni-

305 1500 557 1568 spicitur,
607 1508 660 1554 et
709 1516 820 1554 non
874 1501 1252 1567 confunditur,
1323 1502 1893 1574 incomprehensibilis
1992 1511 2106 1559 tate
2152 1503 2380 1557 adorare
2429 1499 2774 1555 Trinitatem.
2833 1500 3058 1555 Cuncta:
3112 1507 3294 1554 autem
3355 1499 3580 1553 Christo

307 1593 739 1660 apprehenditur
762 1600 816 1647 et
847 1607 956 1646 non
1013 1593 1350 1664 indignatur,
1387 1595 1478 1662 qui
1522 1596 1637 1663 ipse
1667 1595 1896 1649 immen-
1996 1595 2218 1650 salvatae
2267 1599 2397 1648 sunt
2435 1599 2644 1662 gentes.
2695 1591 2850 1646 Unus
2900 1589 3339 1659 cnimjudicatus
3369 1600 3472 1654 est,
3521 1598 3582 1642 et

307 1700 404 1738 sus
425 1692 508 1737 est
545 1699 816 1740 mensura!
847 1685 1161 1755 subjicitur,
1187 1693 1241 1740 et
1276 1701 1386 1740 non
1430 1686 1661 1748 resistit,
1697 1685 1898 1757 impas-
1997 1687 2195 1744 inﬁniti
2231 1685 2421 1740 salvati
2442 1700 2655 1748 sumus,
2693 1684 2954 1754 quoniam
2991 1698 3090 1754 pro
3107 1682 3362 1736 omnibus
3391 1681 3581 1736 Domi-

308 1774 485 1828 sibilis
529 1775 755 1842 patitur,
792 1782 846 1829 et
880 1791 986 1828 non
1025 1776 1316 1842 retribuit,
1370 1776 1694 1830 immortalis
1726 1777 1895 1829 mori-
2001 1796 2104 1835 nus
2136 1787 2386 1834 mortuus
2409 1785 2510 1832 est.
2549 1777 2628 1831 Ad
2656 1775 2912 1831 eumdem
2942 1775 3101 1845 plane
3130 1774 3372 1837 modum,
3403 1781 3580 1828 totum

309 1873 416 1923 tur,
454 1874 508 1920 et
548 1865 766 1930 tolerat,
792 1866 884 1935 qui
933 1867 986 1918 in
1027 1867 1184 1922 caelis
1219 1867 1431 1922 habitat
1461 1869 1758 1937 sepultum
1785 1874 1895 1920 tra-
1927 1853 1971 1908 Β
2001 1873 2226 1926 indutus
2267 1870 2565 1934 hominem,
2618 1867 2961 1922 altitudinem
2997 1867 3240 1936 pervasit
3287 1865 3582 1928 cmlorum,

305 1955 477 2021 ditur,
504 1964 557 2010 ct
596 1959 852 2012 sustinet.
891 1957 959 2010 Et
991 1973 1253 2028 quorsum
1283 1977 1483 2015 novum
1543 1961 1688 2017 istud
1723 1978 1895 2030 genus
2001 1962 2365 2031 ascenditque
2393 1961 2445 2014 in
2475 1959 2820 2014 altitudinem
2855 1957 3045 2028 gloriae
3068 1957 3224 2028 regni
3249 1957 3443 2026 ipsius,
3477 1955 3584 2010 do—

308 2049 593 2117 mysterii,
654 2049 761 2106 nisi
824 2053 1049 2107 omnino
1104 2062 1324 2123 propter
1377 2053 1694 2109 hominem?
1748 2052 1896 2110 Mors
2000 2070 2129 2110 num
2165 2053 2314 2108 Patri
2374 2053 2640 2116 referens,
2691 2066 2802 2104 non
2843 2064 3059 2114 aurum,
3113 2064 3223 2103 non
3270 2055 3586 2119 argentum,

311 2153 443 2191 vero
473 2140 707 2194 alienata
731 2183 744 2206 ,
781 2143 885 2197 sub
916 2144 1146 2212 pedibus
1173 2145 1374 2199 Christi
1411 2154 1680 2214 prostrata
1728 2145 1894 2213 jacet,
2001 2163 2180 2218 neque
2221 2147 2454 2216 lapidem
2484 2145 2810 2214 pretiosum,
2842 2141 2936 2198 sed
2969 2141 3269 2204 hominem,
3325 2155 3486 2210 quem
3514 2137 3592 2191 ad

311 2231 682 2302 snhactusque
715 2243 799 2289 est
836 2236 1085 2304 captivus
1108 2237 1159 2289 in
1189 2236 1520 2304 triumphum
1545 2236 1813 2301 infernus,
1845 2244 1900 2291 et
2003 2241 2294 2310 imaginem
2325 2239 2411 2293 sui
2454 2237 2631 2292 finxit.
2665 2235 2823 2290 Hunc
2867 2249 2997 2290 vero
3035 2232 3193 2286 Pater
3235 2233 3483 2288 exaltans
3516 2233 3590 2288 ad

313 2323 583 2376 universae
615 2325 760 2379 illius
790 2327 1044 2395 potentia!
1073 2329 1682 2391 abscesserunt,statitn
1714 2330 1899 2383 audita
2003 2335 2282 2390 dexteram
2312 2347 2466 2388 suam
2498 2332 2554 2386 in
2588 2329 2810 2385 sublimi
2841 2327 3040 2382 throno
3066 2326 3375 2387 εοιιοεδνὶι.
3411 2325 3589 2380 donec

315 2425 448 2464 voce
478 2411 705 2479 Christi,
739 2417 1198 2484 quemadmodum
1235 2415 1519 2487 Scriptura
1557 2420 1633 2472 ait
1663 2440 1675 2472 ;
1711 2417 1899 2472 Vocem
2003 2433 2279 2495 ponantur
2308 2422 2516 2476 inimici
2543 2420 2718 2491 ipsius
2744 2419 2848 2474 sub
2871 2417 3099 2487 pedibus
3137 2416 3280 2486 ejus.
3309 2415 3590 2470 Vcnlurus

316 2502 591 2556 verborum
621 2505 736 2572 ejus
772 2507 999 2561 audistis
1021 2509 1059 2561 ι.
1095 2509 1210 2562 Non
1237 2511 1381 2564 enim
1409 2513 1621 2582 aspexit
1650 2513 1899 2573 infernus
2002 2523 2088 2570 est
2118 2515 2263 2568 enim
2289 2512 2461 2568 Judex
2493 2513 2742 2566 vivorum
2787 2517 2843 2564 et
2888 2516 3257 2572 mortuorum,
3303 2507 3467 2576 cujus
3501 2524 3590 2562 rc—

318 2594 516 2650 faciem
544 2595 779 2661 Domini,
815 2598 911 2653 sed
954 2613 1139 2653 vocem
1177 2600 1350 2670 ipsius
1371 2601 1635 2656 duntaxat
1663 2606 1898 2674 audivit,
2001 2606 2092 2677 gni
2135 2619 2244 2659 non
2287 2605 2392 2659 erit
2436 2603 2582 2660 linis.
2631 2600 2901 2668 Quoniam
2947 2598 3121 2669 gloria
3170 2607 3254 2653 est
3316 2597 3490 2663 Patri,
3532 2607 3596 2654 et

317 2687 554 2744 dicentis
590 2709 603 2744 :
638 2687 996 2761 Egredimini,
1045 2708 1079 2746 ο
1117 2695 1336 2760 animas,
1377 2695 1432 2749 in
1474 2697 1665 2751 umbra
1706 2705 1898 2757 mortis
2003 2697 2164 2762 Filio,
2194 2707 2249 2754 et
2279 2695 2511 2768 Spiritui
2535 2703 2750 2759 sancto,
2775 2707 2924 2748 nunc
2951 2700 3004 2747 et
3045 2706 3286 2762 semper,
3326 2700 3381 2747 ct
3409 2691 3466 2746 in
3493 2708 3593 2749 sa:-

317 2779 554 2836 vinculis
600 2783 953 2848 constrictis,
1016 2785 1183 2840 vitam
1224 2787 1381 2844 vobis
1447 2793 1753 2858 annuntio,
1799 2808 1901 2864 ego
2003 2794 2128 2849 cula
2161 2795 2508 2849 saeculorum.
2543 2792 2738 2846 Amen.

1987 1139 2141 1193 solve
2171 1154 2258 1194 me
2281 1153 2310 1191 a
2345 1137 2749 1201 maledictione,
2789 1152 2890 1206 pro
2921 1137 3121 1206 quibus
3155 1138 3480 1208 sanguinem
3512 1145 3576 1192 et

397 2937 414 2968 ¹
441 2939 594 2993 Dent.
629 2953 702 3006 Iv,
734 2941 821 2996 l2.
897 2946 916 2974 ²
942 2942 1088 2999 Psal.
1121 2960 1230 3011 cvt,
1264 2945 1350 3002 16.

328 3034 3575 3081 W

587 3067 840 3080 ..ἡ

1401 3205 1539 3257 ΤΟΥ
1578 3205 1672 3258 ΕΝ
1747 3203 1972 3256 ΑΓΙΟΙΣ
2003 3202 2277 3256 ΠΑΤΡΟΣ
2315 3203 2513 3256 ΗΜΩΝ

1053 3370 1908 3486 ΕΠΙΦΑΝΙΟΥ
1962 3370 2892 3486 ΕΠΙΣΚΟΠΟΥ

909 3591 1362 3676 ΠΟΛΕΩΣ
1436 3592 1930 3676 ΚΩΝΣΤΛΒ

2032 3592 2202 3677 ΙΛΣ
2277 3593 2494 3678 ΤΗΣ
2571 3595 3034 3681 ΚΥΠΡΟΥ

1381 3781 1568 3834 ΠΕΡΙ
1602 3779 1741 3832 ΤΩΝ
1766 3779 2097 3832 ΑΡῙΘΜΩΝ
2128 3781 2185 3833 Μ
2199 3781 2286 3834 ΥΣ
2294 3782 2578 3837 ΊΙΙΡΙΩΝ.

1932 3907 1992 3929 α

1532 3980 1806 4055 ’δΑΝυΤι
1843 3999 2096 4058 PATRIS
2135 4000 2388 4057 Nosrm

647 4177 1282 4271 EPIPHANII
1367 4175 1915 4268 EPISCOPI
1995 4175 2792 4268 CONSTANTIAE
2880 4177 3232 4270 CYPRI

1133 4365 1606 4430 TRACTATUS
1649 4367 1753 4426 DE
1797 4366 2304 4429 NUMERORUM
2349 4369 2802 4434 MYSTERIIS.

1003 4627 1075 4682 De
1127 4626 1251 4696 ﬁde.
1947 4631 1991 4689 C

411 4729 461 4784 Ι.
478 4727 639 4782 Fides
660 4732 745 4780 cst
764 4721 1022 4794 quiddam
1044 4724 1186 4790 quod
1204 4717 1370 4772 Deum
1386 4721 1614 4787 spectat;
1635 4715 1726 4784 qui
1745 4730 1921 4785 neque

335 4817 690 4881 contrectari,
716 4830 893 4885 neque
921 4808 1335 4881 comprehendi,
1371 4823 1548 4877 neque
1579 4808 1920 4877 contempla-

338 4915 488 4967 tione
535 4909 773 4981 percipi,
809 4923 986 4978 imque
1018 4905 1237 4961 curiosa
1267 4900 1726 4972 pervestigatione
1757 4901 1916 4972 capi,

341 5021 519 5075 neque
560 5003 837 5072 explorari
899 5009 1110 5072 potest;
1165 4997 1260 5054 sed
1316 4996 1533 5052 silentio
1578 4995 1779 5050 colitur
1808 5038 1822 5061 ,
1870 5003 1926 5050 et

343 5104 525 5150 mente
556 5095 834 5148 aduratur.
869 5093 1004 5148 Fixa
1032 5093 1190 5147 sedes
1234 5091 1467 5154 animat;
1507 5089 1922 5144 fundamentum

343 5190 502 5253 vitae,
531 5187 654 5240 viva
686 5187 858 5250 radix,
883 5201 1068 5239 ramus
1110 5185 1488 5254 incorruptus,
1541 5182 1925 5236 immortalita-

345 5284 414 5339 tis
456 5283 666 5336 fructus
693 5321 706 5344 ,
748 5279 1132 5349 speraudarum
1163 5293 1336 5330 rerum
1373 5276 1674 5329 substantia
1702 5317 1716 5341 ,
1769 5290 1929 5344 argu-

345 5387 578 5432 mentum
604 5392 705 5430 nou
735 5372 1099 5444 apparentia»:
1136 5373 1189 5438 ¹;
1223 5380 1539 5426 sanctorum
1575 5368 1819 5425 omnium
1845 5365 1930 5438 ju-

345 5470 628 5537 stilicatio.

2584 4630 2727 4699 Περὶ
2760 4632 3040 4696 πίστεως.

2094 4729 2171 4782 Α⁰.
2215 4725 2404 4788 Iliaci;
2429 4723 2565 4780 ἐστί.
2598 4725 2789 4787 Πίστις
2812 4723 2869 4776 δὲ
2896 4725 2930 4794 ἡ
2961 4723 3038 4785 εἰς
3059 4719 3190 4773 Θεὸν
3216 4721 3446 4791 πρᾶγμα
3465 4719 3577 4791 ὰψη
3598 4755 3619 4767 .

2024 4820 2294 4890 λάφητον,
2335 4818 2739 4888 ἀκατάληπτον,
2789 4815 3130 4885 ἀθεώρητον,
3182 4811 3609 4881 ἀπολυπραγμό-

2026 4930 2204 4983 νητον,
2245 4911 2625 4982 ἁκαστορητὴς
2661 4909 2795 4979 (80),
2842 4909 3020 4977 σιωπῇ
3052 4905 3379 4975 τιμώμενον,
3416 4903 3508 4956 καὶ
3539 4900 3611 4968 νῷ

2027 5003 2520 5077 προσκυνούμενον,
2567 5003 2700 5074 ἕδρα
2737 5000 2936 5071 ψυχῆς,
2985 4997 3233 5068 θεμέλιον
3285 4995 3450 5065 ζωῆς,
3489 4993 3607 5065 ῥίζα

2033 5097 2204 5162 ζῶσα,
2235 5096 2427 5158 κλάδος
2455 5095 2790 5165 ἀμάραντος,
2828 5092 3042 5163 καρπὸς
3090 5086 3412 5150 ἀθανασίας,
3445 5085 3612 5138 ἐλπι-

2035 5183 2288 5254 ζομένων
2299 5184 2656 5253 πραγμάτιον
2669 5183 3002 5247 ὑπόστασις
3012 5223 3025 5246 ,
3042 5180 3293 5249 ἔλεγχος
3303 5178 3374 5232 οὐ
3383 5174 3608 5241 ,ϐλεπο-

2027 5280 2246 5348 μένων,
2278 5277 2495 5332 πάντων
2521 5275 2630 5330 τῶν
2665 5274 2836 5345 ἁγίων
2865 5273 3168 5337 δικαίωσις.

422 5625 626 5684 ‘licbr.
657 5642 734 5692 xt,
772 5625 819 5680 Ι,
880 5695 896 5710 ἰ

437 5781 552 5854 (80)
591 5783 718 5840 For.
787 5782 1170 5855 ἀνιστόρητον,
1230 5781 1310 5836 vel
1371 5776 1720 5842 ἀνείκαστον,
1774 5772 2032 5843 ipsum.

3598 5299 3638 5330 μ·

3619 935 3634 962 \
