3978 6220
476 336 580 396 5H

1745 341 1954 401 DUBIA
1994 339 2135 397 AUT
2180 336 2456 395 SPURIA.
2542 323 2549 330 ’

3664 348 3761 405 Si?

478 461 692 531 leonis,
741 462 935 517 fortior
978 461 1177 519 bestiis
1225 463 1482 521 omnibus
1508 507 1522 531 ,
1577 466 1752 535 gallus
1794 467 2046 522 ouambu-

2162 467 2334 530 λείαις
2370 467 2631 539 ἔμψυχος,
2674 467 2874 541 τράγος
2909 469 3214 542 ἡγούμενος
3267 469 3562 525 αἰπολίου.
3610 469 3759 544 Τίκῖς

476 555 602 612 lane
656 556 797 610 inter
847 556 1080 612 feminas
1149 556 1477 613 animosus:
1526 557 1714 613 hircus
1769 574 2058 628 caprarum

477 646 628 719 gregi
659 648 888 718 praeiens
912 649 952 700 ¹.
981 645 1118 702 Tres
1161 647 1438 717 sapientes
1484 648 1719 713 feminze,
1756 648 2056 717 Thecuitis,

481 736 812 802 Sunamitis,
848 739 1058 807 Ahigail
1091 756 1105 793 :
1138 754 1265 793 nam
1299 740 1413 794 hree
1436 742 1557 795 viro
1587 757 1687 797 suo
1714 742 1920 810 Nabal,
1952 746 2057 799 alia

476 828 734 883 Absalom
780 829 1014 883 artificio
1060 846 1182 894 suo,
1230 832 1402 901 prima
1428 833 1661 904 denique
1699 835 1806 890 filio
1854 851 1955 891 suo
1991 835 2058 890 ad

477 918 797 988 prophetam
830 919 1127 980 accedens,
1168 936 1268 975 nec
1296 919 1614 990 desperans,
1645 923 1871 977 salutem
1901 930 2047 975 attu-

477 1010 560 1063 lit.
608 1008 746 1067 Tres
791 1010 1049 1065 mulieres
1110 1012 1465 1081 prophetissa:
1529 1028 1592 1066 ac
1640 1013 2054 1084 tympanistriae,

475 1101 685 1169 Maria,
743 1102 995 1168 Debora,
1048 1103 1257 1161 Judith.
1312 1105 1447 1163 Tres
1514 1106 1768 1161 mulieres
1817 1114 2053 1171 sanetae;

479 1198 640 1262 Sara,
684 1198 968 1262 Rebecca,
1018 1197 1138 1253 Lia.
1194 1199 1329 1255 Tres
1377 1198 1580 1254 laudati
1629 1214 1814 1269 reges,
1862 1197 2055 1267 David,

479 1288 769 1358 Ezechias,
806 1288 1009 1345 Josias.
1045 1289 1181 1346 Tres
1220 1306 1400 1345 rerum
1443 1291 1686 1356 ordines,
1731 1289 2054 1356 emlestium,

474 1380 847 1446 terrestrium,
878 1379 1240 1435 infernorum.
1271 1380 1405 1436 Tres
1431 1380 1695 1445 virtutes,
1718 1380 1871 1447 tidcs,
1906 1395 2054 1451 spes,

478 1470 746 1527 eharitas.
801 1470 933 1525 Tria
979 1472 1124 1542 dona
1164 1472 1426 1526 divinitus
1473 1470 1715 1541 profecta
1765 1480 1914 1538 sunt,
1964 1486 2057 1526 re-

478 1576 667 1631 gnum.
696 1561 1094 1624 sacerdotium,
1127 1563 1430 1635 prophetia.
1458 1563 1587 1617 Tria
1623 1570 1886 1635 tempora,
1918 1577 2055 1631 prte-

477 1652 737 1718 sentium,
782 1654 1179 1723 perfecturum,
1226 1654 1559 1710 futurorum.
1604 1654 1741 1710 Tres
1778 1653 2051 1724 justorum

474 1745 879 1813 possessiones,
918 1744 1232 1813 paradisus,
1281 1745 1573 1799 Abrahami
1612 1745 1788 1806 sinus,
1822 1759 2050 1814 regnum

472 1835 763 1889 (scelerum.
824 1834 954 1888 Tria
1022 1848 1374 1905 peccatorum
1427 1837 1741 1907 supplicia:
1789 1837 2049 1901 tenebrae,

468 1925 694 1989 vermis,
727 1925 1011 1981 Cebenna.
1041 1926 1179 1982 Tres
1209 1927 1394 1982 mundi
1427 1927 1831 2005 renovationes,
1855 1928 2048 1996 prima,

469 2033 593 2086 quae
624 2017 817 2074 Νοειηί
858 2019 1203 2089 temporibus
1226 2020 1444 2079 aecidit.
1473 2021 1642 2073 altera
1672 2018 1912 2086 Christi,
1938 2027 2052 2072 ter-

468 2112 545 2164 tia
575 2111 629 2164 in
661 2112 766 2167 fine
796 2112 1009 2167 numdi.
1052 2112 1158 2167 Ter
1185 2112 1407 2166 concisa
1449 2111 1606 2166 bovis
1634 2108 1899 2174 membra,
1927 2125 2050 2164 eum

469 2203 634 2272 lignis
668 2202 815 2259 Elias
844 2218 1142 2271 aspergens
1178 2217 1401 2272 aquam,
1433 2202 1612 2273 ignem
1643 2219 1672 2258 e
1710 2202 1851 2257 cazlo
1883 2201 2051 2254 devo-

470 2296 635 2349 cavit.
655 2296 763 2350 Ter
801 2294 871 2349 de
901 2294 991 2348 die
1028 2293 1213 2347 Daniel
1247 2308 1407 2347 orare
1433 2300 1811 2346 consueverat.
1851 2291 2053 2347 Tribus

470 2387 757 2443 mensibus
782 2387 837 2440 iu
872 2386 1036 2440 domo
1068 2385 1349 2440 Zacharite
1375 2384 1543 2456 Virgo
1576 2386 1895 2456 permansit.
1926 2385 2052 2439 Tria

466 2488 602 2534 sunt
628 2492 660 2531 a
693 2478 862 2547 Magis
896 2478 1074 2532 oblata
1105 2478 1325 2532 Christo
1362 2493 1621 2532 munera:
1653 2492 1870 2538 aurum,
1903 2478 2049 2542 thus,

469 2566 713 2637 myrrha.
752 2565 882 2625 Tria
921 2567 1175 2637 baptismi
1221 2582 1443 2637 genera,
1480 2567 1671 2635 legale.
1718 2566 1945 2621 Joannis
2002 2577 2055 2623 ct

469 2656 709 2713 Domini.
753 2656 889 2715 Tres
926 2657 1184 2727 baptismi
1228 2658 1646 2713 invocationes:
1681 2656 1881 2716 Patris.
1933 2657 2053 2713 Filii

467 2755 524 2803 et
565 2746 806 2818 Spiritus
840 2748 1043 2803 sancti.
1097 2746 1237 2803 Tres
1274 2746 1671 2809 immersiones,
1722 2762 1785 2801 ac
1829 2747 2050 2802 totidem

467 2841 812 2897 emersiones
863 2841 1146 2911 baptismi.
1186 2840 1323 2896 Tres
1361 2840 1572 2895 Domini
1608 2828 1674 2895 de
1709 2839 1929 2895 diabolo
1973 2841 2055 2894 vi-

469 2934 663 2988 ctoriae
690 2951 704 2987 :
733 2949 859 2989 eum
888 2934 1059 2988 edere
1097 2934 1293 2998 noluit,
1326 2933 1446 2988 licet
1487 2934 1741 3000 esuriret,
1773 2948 1896 2987 cum
1935 2949 2055 2988 sec-

472 3027 667 3082 lestum
700 3027 853 3080 illum
897 3042 1005 3087 non
1041 3026 1311 3089 adoravit,
1340 3041 1464 3081 eum
1510 3027 1749 3097 scipsum
1795 3042 1904 3081 non
1943 3025 2054 3080 de—

2163 558 2325 626 σοφαὶ
2362 561 2641 628 γυναῖκες,
2678 562 2711 630 ἠ
2742 560 3054 632 Θεκουῆτις,
3096 563 3129 634 ἠ
3170 564 3544 634 Σουναμῖτις,
3569 564 3604 633 ἡ
3627 562 3763 618 Ἀει-

2160 650 2323 717 γαίαο
2354 650 2388 721 ἠ
2423 649 2521 718 μὲν
2552 650 2659 722 γὰρ
2684 650 2774 704 τὸν
2802 650 2970 721 ἄνδρα
2998 653 3091 705 τὸν
3119 653 3347 718 Ναϐαλ,
3380 655 3417 725 ἡ
3448 651 3510 705 δὲ
3540 652 3767 706 ’Δϐεσαιι

2159 739 2265 794 λὼν
2287 741 2374 796 διὰ
2395 743 2612 814 τέχνης,
2635 745 2669 816 ἡ
2692 742 2749 796 δὲ
2772 743 2862 797 τὸν
2878 745 2993 799 υἱὸν
3011 745 3105 798 τοῦ
3131 730 3435 818 προφήτου
3464 742 3582 815 (86)
3600 761 3763 816 προσ-

2158 834 2467 905 δραμοῦσα,
2527 837 2621 890 καὶ
2693 837 2766 908 μὴ
2823 837 3163 906 ἀπογνοῦσα,
3229 837 3537 890 διέσωσεν.
3611 837 3762 907 Τρεῖς

2159 930 2415 994 γυναῖκες
2448 927 2778 1000 προφήτιδες
2810 925 3257 1001 τυμπανήστριαι
3281 947 3296 960 ’
3336 928 3608 1000 Μαριὰμ,
3640 929 3763 981 Δεδ-

2160 1018 2317 1089 6όρα,
2369 1017 2577 1072 Ἰουδίθ.
2616 1019 2778 1090 Τρεῖς
2826 1020 2979 1089 ἆγιαι
3025 1021 3333 1088 γυναῖκες·
3391 1018 3613 1088 Σάρῤα,
3655 1017 3764 1069 Ῥε-

2159 1109 2355 1174 ϐέκκα,
2406 1109 2559 1163 Λεία.
2616 1110 2777 1182 Τρεῖς
2833 1111 2883 1163 οί
2941 1110 3427 1181 μνημονευόμενοι
3494 1106 3759 1178 βασιλεῖς*

2157 1202 2338 1269 Δαυῒδ,
2371 1202 2640 1268 Ἐζεκίας,
2683 1202 2915 1267 Ἰωσίας.
2945 1204 3108 1274 Τρεῖς
3156 1202 3355 1269 τάξεις
3404 1199 3523 1253 τῶν
3563 1200 3758 1252 ὄντων·

2157 1293 2513 1365 ἐπουρανίων,
2562 1292 2840 1362 ἐπιγείων,
2891 1291 3285 1363 καταχθονίων.
3343 1290 3521 1361 Τρεῖς
3554 1289 3759 1359 ἀρεταὶ,

2158 1385 2359 1450 πίστις,
2387 1384 2563 1450 ἐλπὶς,
2593 1383 2802 1454 ἀγάπη.
2839 1383 2979 1454 Τρία
3005 1381 3154 1452 δῶρα
3198 1380 3366 1452 παρὰ
3407 1378 3577 1439 Θεοῦ,
3615 1378 3759 1448 βασι-

2155 1478 2294 1541 λεία,
2321 1475 2608 1550 ἱερωσύνη,
2633 1475 2958 1548 προφητεία.
2983 1462 3144 1545 Τρεῖς
3168 1473 3390 1544 χρόνοι,
3424 1469 3755 1533 ἐνεστώτων,

2158 1566 2624 1641 παρεληλυθότων,
2692 1566 3008 1639 μελλόντων.
3058 1565 3198 1636 Τρία
3245 1562 3369 1617 τῶν
3422 1562 3654 1616 δικαίων
3694 1562 3758 1614 τὰ

2156 1663 2431 1731 κτήματα,
2490 1659 2839 1730 παράδεισος,
2901 1656 3155 1728 Ἀϐραὰμ
3207 1656 3452 1717 κόλπος,
3516 1653 3758 1725 οὐρανῶν

2158 1752 2423 1822 βασιλεία.
2454 1753 2616 1823 Τρεῖς
2639 1751 2745 1804 τῶν
2766 1748 3104 1821 ἁμαρτωλῶν
3126 1751 3180 1802 αἱ
3211 1746 3516 1819 τιμωρίαι,
3552 1745 3753 1807 σκότος,

2157 1844 2394 1913 σκώληξ,
2438 1844 2655 1897 Γέεννα.
2692 1844 2851 1913 Τρεῖς
2904 1840 3230 1904 ἁνανεώσεις
3285 1839 3391 1893 τοῦ
3445 1837 3755 1907 κόσμου-ἠ

2156 1937 2248 1989 ἐπὶ
2281 1935 2373 1989 τοῦ
2405 1935 2553 2001 Νῶε,
2595 1936 2627 2005 ἡ
2665 1936 2756 1987 ἐπὶ
2797 1933 2893 1987 τοῦ
2942 1933 3171 2003 Κυρίου,
3201 1934 3234 2001 ή
3286 1931 3389 1983 ἐπὶ
3431 1930 3540 2001 τῆς
3574 1944 3753 1981 συντε-

2155 2026 2322 2088 λείας.
2362 2023 2556 2094 Τρίτον
2586 2024 2772 2087 Ἤλίας
2807 2025 2877 2076 τὰ
2920 2022 3055 2094 μέλη
3095 2020 3188 2073 τοῦ
3224 2020 3357 2091 βοὸς
3393 2020 3499 2073 καὶ
3524 2017 3597 2071 τὰ
3630 2016 3753 2084 ξύλα

2156 2116 2507 2186 καταρῤἁνας
2551 2114 2613 2167 τὸ
2654 2111 2713 2179 ἐξ
2743 2113 2988 2184 οὐρανῶν
3026 2111 3168 2164 κατὰ
3212 2111 3432 2178 στύγας
3467 2108 3585 2179 (87)
3629 2107 3748 2177 πῦρ.

2155 2208 2349 2278 Τρίτον
2387 2207 2483 2277 τῆς
2513 2206 2725 2278 ἡμέρας
2770 2204 2967 2277 ηὓχετο
2998 2202 3219 2273 Δανιὴλ.
3252 2203 3431 2271 Τρεῖς
3470 2204 3649 2272 μῆνας
3679 2199 3750 2260 είς

2153 2297 2245 2350 τὸν
2282 2292 2429 2350 οἷκον
2460 2295 2732 2365 Ζαχαρίου
2770 2293 3069 2364 πεποίηκεν
3102 2294 3135 2363 ἡ
3164 2291 3482 2362 Παρθένος.
3518 2289 3659 2360 Τρία
3684 2288 3748 2341 τὰ

2157 2386 2586 2459 προσενεχθέντα
2623 2384 2772 2457 δῶρα
2798 2385 2874 2455 τῷ
2917 2385 3107 2455 Κυρίῳ
3156 2382 3311 2453 παρὰ
3355 2381 3474 2435 τῶν
3524 2380 3743 2451 μάγων⁹

2156 2479 2376 2552 χρυσὸς,
2410 2478 2647 2541 λίϐανος,
2689 2476 2923 2548 σμύρνα.
2953 2475 3093 2547 Τρία
3139 2473 3535 2544 βαπτίσματα,
3566 2470 3628 2523 τὸ
3667 2485 3746 2521 νο-

2159 2570 2340 2639 μικὸν,
2398 2568 2458 2623 τὸ
2508 2566 2774 2631 Ἰωάννου,
2826 2565 2886 2619 τὸ
2927 2565 3020 2623 τοῦ
3067 2564 3295 2636 Κυρίου.
3336 2563 3513 2634 Τρεῖς
3564 2557 3744 2614 αἰτοῦ

2158 2661 2534 2732 βαπτίσματος
2581 2658 2917 2729 ἐπικλήσεις,
2951 2659 3030 2720 εἰς
3063 2656 3286 2726 Πατέρα
3339 2655 3442 2709 καὶ
3496 2652 3627 2707 Υἰδν
3659 2650 3742 2703 καὶ

2156 2752 2310 2822 ἆγιον
2357 2750 2600 2822 Πνεῦμα.
2648 2750 2809 2821 Τρεῖς
2854 2751 2910 2802 αἱ
2952 2747 3295 2811 καταδύσεις,
3333 2747 3437 2800 καὶ
3489 2747 3644 2816 τρεῖς
3691 2742 3741 2795 αἱ

2156 2844 2441 2907 ἀνα-δύσεις
2478 2841 2571 2896 τοῦ
2617 2841 3008 2911 βαπτίσματος.
3039 2839 3202 2911 Τρεῖς
3231 2840 3287 2891 αί
3322 2838 3477 2892 κατὰ
3508 2836 3603 2890 τοῦ
3633 2836 3742 2889 δια-

2155 2936 2309 2990 ϐόλου
2332 2939 2479 2989 νῖκαι
2511 2935 2604 2988 τοῦ
2632 2934 2839 3006 Κυρίου
2861 2951 2874 2964 ·
2906 2932 2967 2986 τὸ
3006 2932 3079 3004 μὴ
3119 2932 3312 3000 φαγεῖν
3353 2928 3504 3001 μετὰ
3537 2927 3598 2980 τὸ
3632 2941 3741 2977 πει·

2155 3027 2337 3090 νάσαι,
2369 3027 2431 3079 τὸ
2464 3025 2537 3097 μὴ
2577 3024 2949 3096 προσκυνῆσαι
2979 3023 3069 3076 τὸν
3104 3021 3321 3095 μιαρὸν,
3351 3022 3419 3074 τὸ
3463 3020 3543 3090 μὴ
3585 3032 3741 3070 κατα·

469 3119 642 3175 misit.
681 3119 817 3174 Tres
848 3126 976 3189 post
1003 3121 1333 3188 baptismum
1369 3119 1573 3175 Christi
1605 3120 1885 3174 consecuti
1923 3127 2046 3175 sunt

2155 3117 2372 3175 ϐάλλειν
2394 3116 2604 3170 ἑαυτόν.
2636 3117 2796 3190 Τρεῖς
2818 3115 3021 3187 ἡμέραι
3047 3111 3186 3185 μετὰ
3213 3113 3274 3165 τὸ
3301 3104 3618 3183 βάπτισμα,
3653 3106 3737 3160 καὶ

468 3210 610 3273 dies,
644 3216 941 3278 antequam
967 3211 1238 3277 optimum
1266 3209 1321 3263 in
1349 3209 1534 3263 viuum
1558 3223 1696 3276 aqua
1725 3215 2045 3263 verteretur.

539 3316 680 3375 Tres
724 3319 794 3373 ab
835 3320 1122 3389 unigenito
1169 3320 1263 3373 Dei
1327 3318 1468 3374 Filio
1508 3318 1750 3388 Virginis
1800 3318 2050 3387 increpa--

465 3410 648 3464 tiones
696 3409 954 3479 profecta:
989 3428 1002 3464 :
1052 3410 1194 3474 Quid
1242 3419 1379 3470 erat,
1415 3410 1552 3479 quod
1594 3426 1673 3464 me
1714 3408 2049 3479 quercbatis?

470 3498 662 3553 Nonne
710 3499 912 3553 sciebas
960 3501 1014 3553 in
1057 3501 1150 3563 iis,
1197 3516 1313 3569 qua:
1349 3499 1417 3554 ad
1446 3500 1662 3555 Patrem
1701 3517 1870 3554 meum
1921 3500 2046 3553 atti-

469 3599 615 3647 nent.
654 3606 766 3644 esse
809 3606 893 3644 me
936 3591 1248 3658 oportere'?
1285 3590 1463 3646 Tum:
1500 3591 1640 3656 Quid
1677 3591 1804 3644 mihi
1841 3600 1887 3644 ct
1928 3590 2045 3653 tibi,

469 3681 662 3735 mulier
684 3681 741 3734 '?
777 3680 1020 3750 Denique
1053 3699 1067 3735 :
1096 3682 1202 3747 Qui
1230 3691 1352 3735 sunt
1371 3682 1563 3749 fratres
1592 3683 1691 3736 mei
1716 3682 1774 3736 "?
1797 3682 1934 3737 Tres
1963 3682 2046 3736 di-

468 3772 689 3841 seipuli,
717 3772 916 3836 quibus
944 3772 1064 3842 plus
1098 3774 1310 3828 emteris
1338 3774 1577 3828 conlisus
1615 3780 1699 3828 est
1737 3773 1990 3828 Christus
2026 3790 2039 3827 :

469 3863 688 3929 Petrus,
724 3864 985 3928 Jacohus,
1034 3864 1296 3919 Joannes.
1337 3864 1540 3922 Tribus
1577 3865 1739 3920 annis
1782 3865 2043 3921 Dominus

466 3957 715 4028 prodigia
762 3956 952 4013 edidit.
982 3956 1189 4013 Tribus
1219 3958 1382 4012 annis
1416 3957 1653 4013 fructum
1694 3973 1947 4027 quaerens
1976 3957 2041 4012 ad

467 4049 629 4103 ficum
660 4048 927 4105 Dominus
960 4050 1129 4114 venit,
1157 4066 1334 4119 neque
1360 4051 1582 4119 reperit.
1617 4049 1820 4107 Tribus
1847 4050 2045 4121 impre-

462 4150 623 4196 catus
668 4150 753 4198 est
780 4142 1083 4198 Dominus:
1128 4143 1249 4197 lirui
1285 4164 1301 4197 :
1333 4142 1454 4198 Non
1482 4146 1707 4211 amplius
1750 4161 1814 4199 ex
1849 4155 1899 4200 te
1927 4145 2042 4214 [ru-

462 4246 578 4289 ctus
603 4234 820 4301 prodeat
853 4236 909 4288 in
936 4236 1260 4302 (eternum’;
1305 4235 1605 4307 Synagogie
1640 4256 1654 4293 :
1688 4236 1851 4305 Lapis
1885 4252 2042 4306 super

466 4327 693 4396 lapidem
724 4345 826 4380 non
873 4328 1178 4393 manebit';
1212 4328 1398 4383 ludat:
1446 4329 1535 4383 Va:
1562 4330 1766 4384 homini
1808 4330 1909 4393 illi,
1949 4347 2041 4399 per

464 4434 616 4486 quem
653 4415 830 4471 Filius
878 4417 1104 4473 hominis
1152 4419 1391 4475 tradetur
1440 4422 1510 4476 ad
1563 4419 1973 4489 cruciﬁgendum
1993 4421 2035 4474 ⁷.

2156 3213 2277 3266 τότε
2305 3211 2367 3264 τὸ
2398 3210 2544 3282 ’ύδωρ
2570 3205 2710 3273 οἶνος
2739 3208 3034 3280 ἐξαίρετος.

2226 3325 2386 3395 Τρεῖς
2405 3325 2460 3378 αί
2485 3322 2628 3376 κατὰ
2651 3321 2751 3391 τῆς
2768 3319 3043 3390 Παρθένου
3064 3317 3155 3372 τοῦ
3188 3315 3537 3387 Μονογενοῦς
3564 3314 3733 3366 ὲπιτι-

2158 3417 2349 3487 μήσεις
2369 3432 2383 3445 ·
2415 3415 2482 3469 Τί
2508 3414 2600 3469 ὅτι
2628 3410 2877 3480 ἐζῆτεῖτέ
2901 3427 3013 3481 ps;
3052 3411 3163 3463 οὐκ
3195 3407 3362 3478 ᾔδεις
3401 3407 3493 3461 ὅτι
3514 3406 3587 3459 ὲν
3618 3401 3735 3467 τοῖς

2153 3508 2260 3562 τοῦ
2300 3508 2529 3573 Πατρός
2569 3524 2687 3576 μου
2736 3504 2924 3575 δεῖμε
2968 3500 3152 3568 εἶναι;
3186 3500 3250 3557 Τί
3301 3501 3429 3568 ἐμοὶ
3463 3499 3564 3553 καί
3618 3494 3730 3559 σοί,

2153 3601 2327 3670 γύναι
2340 3616 2358 3664 ;
2388 3597 2540 3651 οὔπω
2586 3598 2710 3668 ἥκει
2744 3600 2777 3666 ἡ
2814 3595 2931 3668 ῶρα
2985 3611 3118 3666 μου·
3155 3593 3239 3658 τίς
3285 3594 3437 3647 ἐστιν
3467 3594 3501 3663 ἠ
3556 3591 3730 3661 μήτηρ

2155 3708 2276 3762 μου,
2311 3691 2405 3745 καῖ
2436 3690 2595 3755 τινες
2615 3691 2669 3742 οἱ
2705 3687 2959 3757 ἀδελφοί
2979 3702 3134 3756 μου;
3171 3683 3333 3757 Τρεῖς
3359 3687 3412 3740 οῖ
3446 3686 3610 3738 πλέον
3626 3680 3727 3735 τῶν

2150 3782 2323 3837 ἄλλων
2341 3776 2701 3853 θαρῤούμενοι
2719 3778 2987 3850 μαθηταί·
3004 3778 3225 3850 Πέτρος,
3258 3776 3535 3842 Ἰάκωϐος,
3563 3774 3725 3829 Ἰωάν-

2149 3891 2267 3946 νης.
2303 3871 2442 3942 Τρία
2490 3871 2583 3941 ἔτη
2617 3870 2728 3923 τῶν
2771 3867 3107 3923 δεσποτικῶν
3155 3868 3399 3939 σημείων
3448 3871 3477 3921 ὁ
3521 3866 3719 3938 χρόνος.

2150 3965 2289 4037 Τρία
2311 3964 2405 4036 ἔτη
2438 3960 2615 4034 ζητῶν
2632 3960 2844 4032 καρπὸν
2870 3964 2949 4025 είς
2972 3961 3070 4032 τὴν
3098 3961 3268 4032 συκῆν
3287 3961 3316 4013 ὁ
3342 3961 3551 4031 Κύριος
3574 3953 3721 4029 ἦλθε,

2149 4056 2244 4111 καὶ
2294 4055 2393 4125 οὐχ
2437 4045 2625 4125 ηὗρεν.
2675 4051 2865 4123 Τρισὶν
2910 4053 2938 4106 ὁ
2981 4050 3183 4121 Κύριος
3224 4051 3611 4122 κατηράσατο³
3659 4047 3719 4114 τῇ

2150 4148 2310 4217 συκῇ·
2330 4142 2550 4213 Μηκέτι
2567 4143 2637 4196 ἐκ
2656 4141 2773 4197 σοῦ
2794 4141 3020 4212 καρπὸς
3032 4140 3272 4211 γένηται
3283 4144 3370 4209 είς
3392 4142 3502 4195 τὸν
3519 4137 3716 4194 αιῶνα·

2145 4238 2212 4307 τῇ
2253 4236 2583 4303 Συναγωγῇ·
2614 4233 2791 4297 Λιθος
2844 4231 2941 4285 ἐπὶ
2966 4232 3139 4285 λίϐον
3167 4233 3238 4285 οὐ
3280 4230 3365 4300 μὴ
3401 4230 3567 4299 μένει
3594 4242 3608 4257 ⁸
3646 4223 3719 4292 τῷ

2147 4328 2312 4396 Ἰούδᾳ
2344 4344 2357 4356 '
2392 4326 2535 4379 Οἰοιιὶ
2569 4325 2648 4389 τῷ
2695 4310 2982 4389 omnem
3027 4323 3253 4389 ἐκείνῳ,
3299 4322 3372 4375 δι’
3404 4316 3476 4376 οὗ
3508 4326 3541 4372 ό
3592 4316 3716 4378 Υἱὸς

2146 4416 2250 4469 τοῦ
2289 4414 2603 4481 ἀνθρώπου
2636 4413 3025 4480 παραδίδοται
3066 4415 3153 4478 εὶς
3186 4412 3252 4465 τὸ
3285 4406 3709 4479 σταιερωθῆνιιι.

463 4506 667 4564 Tribus
711 4507 903 4565 diebus
960 4525 1024 4564 ac
1075 4512 1254 4566 tribus
1328 4514 1579 4567 noctibus
1623 4509 1792 4567 Jonas
1839 4510 1893 4564 in
1934 4511 2038 4565 ecti

2153 4509 2305 4579 Τρεῖς
2338 4505 2571 4576 ἡμέρας,
2609 4506 2702 4559 καὶ
2735 4508 2884 4576 τρεῖς
2915 4504 3118 4567 νύκτας
3150 4505 3335 4567 Ἰωνᾶς
3366 4505 3447 4566 εἰς
3477 4501 3576 4571 τὴν
3606 4512 3710 4551 κοι-

459 4610 657 4656 ventre
713 4604 1038 4672 permansit.
1078 4603 1267 4659 Trium
1322 4606 1540 4661 dierum
1587 4603 1767 4673 spatio
1813 4602 2037 4658 deﬁnita

460 4702 549 4749 est
578 4694 842 4763 adversus
869 4694 1140 4754 Ninivitas
1171 4699 1394 4752 decreta
1428 4696 1723 4753 sententia.
1759 4694 2036 4750 Triduana

461 4784 765 4845 Salvatoris
796 4804 948 4845 mors
993 4790 1114 4845 fuit.
1163 4790 1419 4857 Ejusdem
1451 4795 1507 4843 et
1543 4787 1792 4841 triduana
1821 4802 1849 4839 a
1886 4803 2036 4841 mor-

458 4878 573 4933 tuis
603 4886 913 4949 praepotens
951 4881 1308 4935 resurrectio.
1347 4878 1477 4933 Post
1518 4885 1631 4933 tres
1674 4876 1793 4932 dies
1831 4876 2034 4933 Paulus

455 4970 636 5027 oculis
665 4980 863 5042 captus
891 4971 1069 5028 visum
1101 4972 1468 5041 recuperavit.
1499 4968 1607 5023 Ter
1648 4969 1720 5022 ob
1746 4969 2029 5024 stimulum

455 5064 644 5117 carnis
683 5062 974 5116 Dominum
1016 5062 1252 5133 rogavit,
1298 5070 1357 5115 ut
1399 5060 1707 5116 discederet
1750 5075 1779 5114 a
1815 5076 1894 5116 se.
1924 5060 2030 5115 Ter

456 5151 804 5223 naufragium
850 5151 1001 5206 fecit.
1044 5148 1284 5205 Tertium
1317 5151 1371 5204 in
1415 5150 1614 5205 coelum
1657 5157 1744 5206 est
1785 5157 2027 5205 evectus.

455 5244 588 5298 Tria
619 5242 811 5296 farina:
840 5251 956 5299 sata
990 5243 1185 5297 umlier
1228 5242 1342 5308 illa,
1382 5258 1504 5312 qua:
1542 5257 1712 5312 regno
1766 5243 2028 5305 emlortun

457 5335 817 5401 assimilatur,
852 5335 1153 5405 accipiens,
1201 5345 1256 5389 et
1302 5336 1354 5391 in
1398 5336 1653 5407 exiguum
1705 5334 2027 5390 fermentum

527 5490 543 5523 '
581 5488 741 5546 Prov.
773 5506 954 5551 XUWI,
1002 5489 1091 5545 9.9.
1177 5492 1197 5522 ’
1222 5489 1353 5545 Luc.
1379 5507 1438 5557 ιι,
1484 5489 1565 5546 49.
1671 5487 1861 5545 ’Juan.
1900 5505 1957 5556 ιι,
1988 5489 2037 5543 ί.

467 5561 487 5592 ’
514 5559 702 5618 Matth.
745 5577 902 5626 xxvr,
948 5560 1039 5616 εί.

527 5710 639 5782 (86)
662 5701 791 5769 Cur:
814 5714 891 5786 τῷ
925 5717 1194 5788 προφήτῃ.

2141 4599 2261 4652 λίαν
2291 4597 2385 4651 τοῦ
2420 4599 2618 4669 κήτους
2670 4597 2957 4667 πεποίηκε.
3000 4597 3311 4668 Τριήμερον
3356 4596 3390 4666 ἡ
3432 4590 3572 4647 κατὰ
3617 4587 3708 4640 Νι-

2138 4689 2365 4744 νευῖτῶν
2388 4687 2660 4759 ἀποφορὰ.
2687 4687 2999 4759 Τριήμερος
3024 4685 3118 4740 τοῦ
3142 4686 3395 4757 Σωτῆρος
3417 4688 3444 4739 ὁ
3467 4682 3704 4738 θάνατος.

2137 4784 2261 4854 τριή
2273 4799 2435 4854 μερο;
2465 4782 2611 4853 καὶὴ
2647 4781 2755 4834 ἀπὸ
2782 4779 2893 4833 τῶν
2926 4780 3136 4852 νεκρῶν
3165 4781 3283 4833 κατ’
3314 4776 3561 4845 ἐξουσίαν
3586 4768 3704 4824 ἀνά-

2139 4892 2327 4937 στασις
2349 4874 2440 4928 τοῦ
2470 4873 2695 4946 Κυρίου.
2733 4875 2833 4929 Διὰ
2868 4875 3033 4946 τριῶν
3070 4876 3098 4927 ὁ
3124 4872 3334 4936 Παῦλος
3362 4869 3581 4943 ἡμερῶν
3626 4865 3705 4917 ἀνι

2137 4964 2332 5034 έὸλεψε
2355 4965 2633 5036 πηρωθείς
2655 4982 2669 4995 -
2697 4965 2817 5036 τρὶς
2836 4964 2927 5018 τὸν
2949 4963 3155 5036 Κύριον
3184 4980 3252 5016 πε
3262 4963 3315 5032 pi.
3339 4959 3433 5014 τοῦ
3456 4957 3702 5012 σκόλοπος

2137 5056 2561 5127 παρεκέλευσεν,
2610 5057 2697 5110 ἵνα
2755 5057 2966 5127 ἀποστῇ
3018 5057 3112 5109 ἀπ’
3142 5054 3345 5109 αὐτοῦ·
3393 5052 3511 5123 τρῖς
3556 5051 3697 5101 ἐναυσ

2137 5149 2373 5218 ἀγησεν·
2417 5148 2495 5211 εἷς
2538 5148 2720 5221 τρίτον
2758 5148 2987 5220 οὐρανὸν
3008 5147 3335 5217 ἀναϐέϐηκε.
3387 5144 3525 5215 Τρία
3573 5138 3695 5191 σάτα

2136 5239 2367 5309 ἀλεύρου
2407 5242 2501 5295 καὶ
2524 5244 2558 5311 ἠ
2590 5244 2654 5311 τῇ
2690 5241 2936 5311 βασιλείᾳ.
2968 5240 3077 5292 τῶν
3116 5237 3361 5308 οὐρανῶν
3384 5230 3692 5306 ὁμοιωθεῖσα

2136 5333 2272 5403 γυνὴ
2322 5332 2582 5397 λαϐοῦσα,
2632 5334 2726 5386 καὶ
2773 5334 2852 5395 είς
2894 5332 3095 5404 μικρὰν
3135 5330 3316 5399 ζύμην
3365 5326 3689 5399 ἐγκρύψασα,

2148 5486 2375 5544 ‘Matth.
2404 5505 2497 5551 xu,
2533 5489 2621 5543 48.
2700 5488 2720 5520 ⁸
2746 5487 2909 5542 Marc.
2938 5503 3009 5553 .\‘l,
3048 5487 3131 5541 Η.
3209 5483 3434 5539 ‘Matth.
3463 5494 3602 5543 χχιιι,
3634 5468 3681 5524 9n-

2202 5711 2315 5781 (87)
2350 5709 2615 5780 Corrupto
2645 5725 2767 5765 vox.
