3978 6220
270 362 372 418 515

1163 355 1586 413 TRACTATUS
1624 357 1712 411 DE
1753 357 2201 415 NUMERORUM
2256 359 2652 416 MYSTERIlS.

3441 371 3545 428 ιςιι

280 478 396 534 ὅλον
423 475 484 528 τδ
555 471 800 546 φύραμα,
843 471 986 526 κατά
1017 473 1078 525 τὸ
1129 475 1531 546 γεγραμμένον,
1567 474 1868 546 ἐζύμωσεν.

1980 476 2339 542 abscondens,
2374 486 2565 545 totam,
2595 488 2655 534 ut
2687 480 2954 550 scriptum
2987 491 3071 539 est
3099 484 3138 549 ⁸,
3167 498 3403 540 massam
3439 483 3550 544 ice-

286 675 406 728 Ὅτι
448 671 546 726 καὶ
593 672 626 724 ό
671 668 918 738 ἀριθμὸς
966 669 1047 734 ὡς
1095 667 1286 738 διπλῆ
1330 671 1492 737 τριὰς
1543 668 1642 738 ἐπὶ
1682 666 1863 737 μεγά-

353 747 477 797 λων
514 737 893 809 πραγμάτων,
935 739 1004 791 ἑν
1042 737 1115 807 τῇ
1174 741 1301 807 θείᾳ
1358 737 1571 808 Γραφῇ
1614 753 1862 806 παρατε-

354 828 620 866 τηοληται.

354 815 620 880 τήρηται.

353 903 428 960 Δ’.
481 904 568 955 Ἐν
603 901 663 966 ἐξ
695 901 929 972 ἡμέραις
961 902 988 953 6
1011 899 1143 964 Θεὸς
1167 899 1260 954 τὸν
1289 900 1495 970 κόσμον
1529 902 1865 955 κατεσκεύα-

287 1016 396 1052 σεν.
433 997 641 1066 Ἔκτην
667 996 878 1067 ἡμέραν
905 994 1104 1048 ἔπλασε
1134 995 1226 1047 τὸν
1269 994 1456 1064 Ἀδάμ.
1487 995 1692 1066 ’Ἑκτην
1716 994 1864 1065 ὤραν

287 1077 644 1160 γυμνωθέντα
677 1086 826 1156 παρά
856 1087 954 1156 τῆς
987 1086 1266 1156 ἁμαρτίας
1312 1084 1480 1155 δήλης
1516 1084 1626 1152 (88)
1664 1084 1866 1155 ἐζήτη-

284 1199 395 1235 σεν.
455 1181 657 1232 Ἕκτον
711 1177 866 1248 ὤφθη
914 1177 993 1248 τῷ
1045 1177 1325 1248 Ἀϐραάμ·
1382 1176 1526 1243 ἅπαξ
1577 1179 1656 1239 είς
1711 1176 1866 1246 Χαρ-

285 1272 384 1344 ρὰν
429 1274 446 1294 ⁶
480 1273 497 1292 ‘
533 1274 551 1292 ⁶
599 1270 782 1340 τρίτον
843 1269 964 1322 καθ’
1018 1268 1252 1332 ὕπνους⁹
1303 1267 1564 1341 τέταρτον
1621 1269 1714 1320 ἐπὶ
1767 1269 1867 1338 τῆς

283 1361 610 1433 προσθήκης
637 1359 730 1413 τοῦ
776 1362 1108 1431 γράμματος
1156 1360 1250 1413 τοῦ
1283 1360 1544 1431 ὀνόματος
1565 1374 1581 1388 ·
1617 1359 1867 1431 πέμπτον

283 1457 373 1509 ἐπὶ
424 1454 533 1522 τῆς
577 1451 825 1524 Μαμϐρῆ
865 1452 1235 1522 μεσημϐρίας,
1268 1451 1433 1522 ἕκτην
1471 1451 1653 1523 ὥραν·
1709 1451 1868 1504 ἕκτον

281 1547 373 1600 ἐπὶ
398 1547 506 1616 τῆς
540 1545 730 1607 θυσίας
771 1545 868 1598 τοῦ
904 1543 1227 1615 μονογενοῦς
1259 1545 1318 1596 ἐν
1346 1543 1423 1614 τῷ
1451 1543 1588 1615 ὄρει.
1637 1542 1736 1608 Ἓξ
1773 1542 1866 1614 ἔτη

278 1635 561 1690 δουλεύειν
622 1637 891 1708 Ἑϐραίοις
951 1636 1340 1708 παρήγγειλεν.
1382 1637 1564 1706 Ἕκτῳ
1610 1635 1742 1706 μηνὶ
1781 1634 1869 1698 τὸν

279 1725 528 1798 Γαϐριὴλ
593 1727 730 1798 πρὸς
780 1728 878 1798 τὴν
939 1727 1220 1798 Παρθένον
1271 1727 1609 1783 ἀπέστειλεν.
1665 1728 1762 1790 Εἰς
1812 1725 1871 1790 ἐξ

283 1816 511 1887 ὑδρείας
559 1817 620 1870 τὸ
660 1816 803 1890 ὕδωρ
836 1813 978 1872 οἶνον
1034 1818 1324 1889 πεποίηκε.
1379 1818 1588 1888 ’Έκτην
1616 1817 1763 1888 ὥραν
1800 1819 1865 1888 τῇ
1900 1848 1942 1906 Β

281 1908 641 1979 Σαμαρείτιδι
669 1907 822 1979 παρά
867 1908 929 1961 τδ
960 1907 1140 1980 φρέαρ
1169 1909 1433 1980 ὡμίλησε.
1486 1908 1601 1980 Πρὸ
1636 1907 1695 1974 ἐξ
1729 1909 1867 1979 ήμε-

283 1999 390 2071 ρῶν
421 1998 525 2053 τοῦ
564 2001 756 2070 Πάσχα
788 1999 880 2052 τὸν
915 2000 1164 2069 Λάζαρον
1197 2000 1437 2071 ἤγειρεν.
1474 1999 1682 2071 Ἕκτην
1721 1999 1868 2070 ὥραν

278 2089 356 2160 τῷ
412 2090 592 2161 λῃστῇ
664 2089 1067 2161 σταυρούμενος
1121 2088 1404 2159 ἐφιλιώθη.
1456 2088 1654 2143 Ἕκτον
1709 2089 1868 2160 ὤφθη

282 2180 424 2249 μετὰ
449 2180 521 2232 τὸ
553 2179 662 2232 ἀπὸ
693 2179 901 2250 νεκρῶν
945 2179 1272 2250 ἐγερθῆναι·
1326 2182 1451 2244 ταῖς
1492 2180 1760 2250 γυναιξὶν,
1793 2179 1871 2252 τῷ

279 2272 551 2344 Κλεώπᾳ,
585 2275 699 2336 τοῖς
748 2273 1018 2344 μαθηταῖς
1060 2273 1230 2344 χωρὶς
1267 2272 1360 2326 τοῦ
1393 2274 1587 2345 Θωμᾶ,
1618 2277 1731 2338 τοῖς
1769 2293 1872 2346 μα-

277 2362 480 2434 θηταῖς
515 2361 653 2432 μετά
686 2361 780 2415 τοῦ
818 2361 1011 2432 Θωμᾶ,
1051 2364 1244 2432 Πέτρῳ
1291 2365 1386 2417 καὶ
1443 2365 1661 2435 Ἰωάννῃ
1705 2364 1766 2418 τὸ
1793 2365 1873 2417 δί-

281 2472 446 2508 κτυον
500 2453 713 2506 ἐλοῦσιν
767 2454 900 2525 (89),
955 2457 1020 2524 τῇ
1059 2454 1350 2526 τελευταίᾳ
1390 2457 1491 2526 τῆς
1529 2455 1870 2526 ἀναλήψεως.

282 2546 514 2609 Ἕκτον,
551 2545 626 2609 ὡς
654 2544 802 2614 λέγει
839 2544 1071 2609 Παῦλος,
1100 2545 1272 2617 ἐφάνη
1314 2549 1427 2610 τοῖς
1461 2545 1744 2617 ἀδελφοῖς·
1795 2547 1874 2618 τῷ

282 2638 481 2707 Κηφᾷ,
515 2637 631 2699 τοῖς
657 2635 808 2699 δέκα,
855 2638 967 2698 τοῖς
1012 2637 1407 2701 πεντακοσίοις,
1456 2637 1542 2706 ἐφ’
1578 2637 1724 2704 ama
1767 2639 1874 2690 Ἰα-

281 2727 478 2798 κώϐῳ,
513 2729 626 2791 τοῖς
663 2725 983 2789 ἀποστόλοις
1023 2728 1211 2789 πᾶσιν,
1243 2726 1393 2797 αὐτῷ
1422 2728 1534 2797 (90)
1569 2727 1646 2798 τῷ
1676 2726 1874 2798 Παύλῳ

279 2818 620 2872 τελευταῖον.
655 2816 752 2882 Ἓξ
787 2816 891 2886 (ἐνὶ
913 2817 1110 2888 αὐτῶν)
1130 2818 1342 2888 μεγάλα
1377 2819 1652 2889 μυστήρια
1682 2818 1875 2888 ἐποίη-

280 2927 376 2963 σεν
425 2913 458 2964 ὁ
517 2909 722 2979 Κύριος
795 2909 951 2980 ἡμῶν
1007 2910 1213 2980 Ἰησοῦς
1268 2910 1537 2979 Χριστὸς,
1595 2910 1671 2972 ὡς
1729 2908 1876 2976 λέγει

281 3001 535 3064 Παῦλος·
580 2999 904 3072 Ἐπληρώθη
950 3001 1007 3054 ἐν
1053 3001 1237 3071 σαρκὶ,
1287 3000 1576 3070 ἐδικαιώθη
1612 3002 1669 3053 ἐν
1714 3000 1876 3052 πνεύ-

283 3111 444 3165 ματι,
464 3092 622 3164 ὤφθη
641 3091 915 3161 ἀγγέλοις,
933 3092 1207 3164 ἐκηρύχθη
1239 3095 1294 3146 ἐν
1323 3093 1555 3156 ἔθνεσιν,
1580 3091 1875 3162 ἐπιστεύθη

1963 577 2141 622 menta
2153 569 2244 622 vit.

1965 675 2118 742 Quod
2169 675 2472 759 duplicatus
2529 681 2669 761 idem
2729 686 2995 761 ternarias
3029 686 3082 738 in
3132 687 3299 742 sacris
3333 685 3549 743 Litteris

2321 754 2566 802 maximis
2606 754 2659 804 in
2689 754 2840 807 rebus
2877 754 3196 812 observetur.

2039 896 2127 950 IV.
2163 895 2267 951 Sex
2307 896 2502 952 diebus
2539 899 2806 954 mundum
2850 901 2992 958 Deus
3027 904 3338 959 fabricavit.
3387 905 3551 961 Sexta

1966 986 2055 1040 die
2080 986 2334 1041 formavit
2364 988 2556 1040 Adam.
2591 986 2756 1044 Sexta
2794 993 2927 1046 hora
2963 994 3228 1048 nudatum
3263 1010 3290 1048 a
3329 1007 3552 1063 peccato

1968 1078 2075 1132 sub
2125 1093 2413 1148 vesperam
2475 1081 2748 1148 qumsivit.
2806 1081 2993 1138 Sexies
3049 1085 3355 1140 Abrahamo
3400 1089 3552 1142 visus

1967 1177 2051 1223 est
2085 1187 2098 1222 :
2134 1169 2368 1238 primum
2428 1169 2481 1223 in
2535 1171 2781 1224 Charran
2807 1212 2819 1224 .
2848 1212 2860 1225 .
2883 1211 2898 1226 .
2922 1214 2934 1226 .
2991 1175 3152 1228 tertio
3204 1175 3259 1228 in
3309 1178 3550 1242 somnis;

1969 1267 2168 1330 quarto
2197 1276 2322 1314 cum
2357 1261 2594 1314 litteram
2624 1262 2690 1316 ad
2725 1262 2845 1332 ejus
2875 1279 3076 1318 nomen
3099 1266 3334 1334 adjecit:
3363 1267 3555 1336 quinto

1970 1351 2036 1404 ad
2066 1365 2329 1420 quercum
2375 1348 2616 1405 Mainbre
2667 1353 2772 1406 sub
2817 1353 3124 1421 meridiem,
3180 1355 3317 1408 hora
3366 1369 3552 1422 sexta;

1970 1448 2247 1510 postremo
2293 1440 2348 1493 in
2400 1441 2550 1494 unici
2601 1439 2694 1494 ﬁlii
2743 1441 3059 1508 sacriﬁcio,
3103 1446 3158 1498 in
3196 1452 3402 1499 urente.
3450 1445 3557 1499 Sex

1972 1532 2134 1587 annis
2165 1531 2426 1587 Hebra‘os
2463 1535 2675 1589 servire
2701 1535 2894 1590 voluit.
2921 1534 3088 1591 Sexto
3114 1553 3299 1593 mense
3329 1538 3560 1592 Gabrie-

1971 1625 2076 1679 lem
2111 1624 2262 1679 misit
2296 1623 2362 1679 ad
2396 1623 2699 1695 Virginem.
2737 1626 2845 1680 Sex
2880 1627 2934 1681 in
2969 1628 3176 1699 hydriis
3201 1643 3396 1698 aquam
3436 1645 3560 1683 ver-

1971 1717 2037 1770 tit
2079 1716 2134 1770 in
2171 1717 2380 1770 vinum.
2418 1714 2582 1771 Sexta
2622 1718 2754 1771 hora
2790 1734 2913 1774 cum
2951 1719 3294 1773 Samaritana
3338 1719 3405 1773 ad
3454 1736 3557 1790 pu-

1971 1813 2120 1860 teum
2167 1806 2474 1860 collocutus
2505 1815 2610 1861 est.
2655 1807 2794 1861 Ante
2828 1822 2926 1861 sex
2961 1807 3082 1862 dies
3124 1807 3350 1862 Pascha:
3389 1807 3561 1863 Laza-

1970 1915 2093 1953 rum
2127 1901 2406 1954 excitavit.
2447 1899 2591 1954 llora
2621 1909 2776 1955 sexta
2813 1900 2868 1954 in
2897 1915 3060 1955 cruce
3094 1900 3320 1955 sullixus
3359 1901 3559 1955 latroni

1972 1989 2302 2042 conciliatus
2330 1995 2435 2043 est.
2480 1986 2693 2051 Sexies,
2731 1997 3017 2059 postquam
3050 2004 3079 2041 a
3112 1991 3344 2043 mortuis
3370 2005 3559 2043 resur-

1969 2080 2130 2144 rexit,
2167 2080 2465 2134 videndum
2497 2096 2554 2133 se
2583 2081 2848 2148 prabuit;
2881 2080 3206 2134 mulieribus
3230 2121 3244 2144 ,
3283 2080 3566 2151 Cleophre.

1972 2171 2266 2241 discipulis
2289 2172 2515 2226 absente
2534 2170 2741 2226 Thema
2764 2189 2777 2236 ;
2815 2173 3007 2227 iisdem
3029 2171 3236 2226 Thema
3261 2183 3523 2242 praesente
3547 2190 3561 2239 ;

1971 2265 2132 2321 Petro
2167 2273 2221 2320 et
2245 2263 2442 2319 Joanni
2473 2281 2598 2319 cum
2643 2276 2757 2320 rete
2788 2266 3065 2335 cepissent
3101 2284 3114 2320 :
3153 2275 3429 2334 postremo
3466 2265 3562 2319 dc-

1972 2359 2268 2428 niquedie,
2299 2373 2408 2428 quo
2443 2359 2496 2411 in
2537 2359 2734 2412 coelum
2771 2366 3092 2428 assumptus
3115 2366 3218 2412 est.
3259 2356 3472 2420 Sexics,
3503 2361 3568 2409 ut

1975 2450 2049 2502 ait
2090 2448 2330 2513 Paulus,
2373 2447 2643 2502 fratribus
2683 2447 2974 2517 apparuit;
3017 2448 3247 2518 Cephm,
3286 2447 3471 2502 decem
3497 2462 3565 2501 ex

1977 2541 2108 2607 illis,
2148 2541 2484 2612 quingentis,
2520 2539 2690 2595 semel
2725 2539 2964 2600 Jacobo;
2999 2541 3264 2610 apostolis
3286 2539 3561 2602 omnibus,

1975 2633 2086 2706 ipsi
2147 2635 2382 2703 denique
2433 2632 2623 2686 Paulo.
2690 2631 2796 2687 Sex
2845 2647 2875 2684 a
2920 2631 3154 2686 Domino
3205 2639 3395 2686 nostro
3435 2631 3564 2687 Jrsu

1975 2727 2194 2782 Christo
2230 2727 2472 2795 ingentia
2514 2732 2643 2779 sunt
2668 2724 2909 2794 perfecta
2942 2725 3225 2794 mysteria,
3262 2733 3318 2778 ut
3359 2723 3564 2778 Paulus

1975 2824 2212 2873 testatur
2235 2819 2255 2849 ³
2290 2835 2303 2871 :
2333 2817 2590 2886 lmpletus
2625 2825 2707 2872 est
2755 2817 2808 2870 in
2856 2831 3055 2880 carne;
3103 2816 3442 2885 jnstiticatus
3481 2826 3567 2870 est

1978 2909 2031 2963 in
2079 2909 2314 2979 spiritu;
2367 2910 2514 2964 visus
2564 2919 2647 2963 est
2696 2909 2942 2978 angelis;
2998 2909 3328 2979 praedicatus
3375 2916 3460 2962 est
3510 2907 3565 2961 in

1978 3001 2264 3070 gentibus;
2317 2997 2562 3054 creditus
2604 3009 2689 3054 est
2736 3001 2788 3053 in
2833 3000 3078 3066 mundo;
3128 3008 3446 3068 assumptus
3484 3010 3567 3052 est

1978 3107 2102 3145 cum
2136 3093 2330 3162 gloria.
2376 3093 2480 3147 Sex
2521 3093 2720 3148 litteris
2753 3108 2947 3162 magna
2975 3093 3190 3146 nomina
3213 3092 3564 3158 scribuntur;

281 3187 342 3238 ἐν
376 3185 598 3254 κόσμῳ,
632 3181 909 3254 ἀνελήφθη
953 3184 1010 3236 ἐν
1042 3182 1189 3254 δόξῃ.
1230 3185 1307 3235 Δι’
1338 3182 1398 3248 ἒξ
1435 3185 1779 3254 γραμμάτων
1804 3182 1873 3235 τὰ

1980 3183 2208 3248 Adonai,
2243 3181 2507 3248 Sabaoth,
2541 3183 2768 3254 Ἰησοῦς,
2788 3185 3011 3253 Κύριος,
3036 3183 3294 3237 Dominus
3319 3199 3337 3237 :
3363 3183 3563 3254 ἱατρός,

288 3277 512 3349 μεγάλα
559 3275 801 3347 ὀνόματα
849 3274 1150 3345 γράφεται·
1199 3275 1422 3338 ἀδωναῒ,
1473 3274 1713 3338 σαϐαὼῦ,
1770 3276 1874 3347 Ἰη-

281 3369 444 3435 σοῦς,
480 3368 704 3441 Κύριος,
744 3368 946 3439 ἰατρὸς,
983 3367 1206 3436 ἀγαθὸς,
1246 3367 1466 3437 νεφέλη,
1503 3367 1752 3441 Μαριάμ.

553 3479 684 3533 Ὅτι
712 3479 808 3532 καὶ
844 3481 878 3532 ὀ
905 3477 1055 3532 ἑπτὰ
1083 3478 1311 3543 τέλειος
1348 3478 1612 3546 ἀριθμός.

357 3588 444 3642 E'.
495 3587 732 3660 Ἑϐδόμη
776 3587 960 3659 ἡμέρᾳ
1003 3587 1346 3642 κατέπαυσεν
1386 3587 1494 3641 ἀπὸ
1525 3585 1740 3642 πάντων
1769 3590 1876 3643 τῶν

282 3679 474 3750 ἔργων
503 3679 664 3732 αὐτοῦ
703 3683 730 3734 6
766 3679 916 3744 Θεός.
980 3679 1153 3734 Ἐπτά
1196 3680 1555 3749 ἐκδικούμενα
1599 3681 1876 3752 παρέλυσε

278 3771 382 3824 τὸν
445 3771 858 3845 Κάῖνιάνελὼν.
923 3772 1095 3826 Ἐπτά
1148 3772 1257 3844 γὰρ
1291 3772 1565 3844 ἁμαρτίας
1605 3773 1633 3824 6
1682 3773 1877 3844 μιαρὸς

281 3861 696 3933 ἐργασάμενος,
752 3863 967 3933 φθόνον,
1004 3863 1172 3928 δόλον,
1212 3865 1370 3933 φόνον
1413 3865 1664 3933 ἀδελφοῦ,
1703 3866 1878 3934 φόνων

279 3954 619 4018 διδάσκαλος
668 3956 906 4025 πρῶτος,
948 3955 1118 4026 μῦσος
1153 3957 1264 4026 (91)
1302 3957 1438 4027 (τοῦ)
1474 3957 1616 4010 οὕτω
1657 3957 1756 4028 βίῳ
1788 3973 1880 4024 γε-

281 4047 547 4116 νόμενος,
593 4048 770 4113 γονεῖς
829 4046 1113 4118 λυπήσας,
1167 4047 1432 4117 ἐψεύσατο
1482 4047 1632 4100 Θεόν.
1708 4044 1881 4098 Ἑπτά

283 4137 397 4193 καὶ
455 4137 749 4209 τιμωρίαις
807 4138 1084 4191 ὑπέπεσε·
1147 4138 1279 4208 ᾦκει
1337 4138 1726 4210 κατηραμένην
1783 4137 1882 4208 τὴν

279 4227 441 4298 γῆν,
495 4225 819 4298 εἰργάζετο,
873 4226 1092 4299 ἀφορῶν
1151 4228 1403 4292 ἔστενεν,
1460 4227 1724 4298 ἕτρεμεν,
1785 4227 1880 4281 ἀπ’

279 4320 477 4390 ὅψεως
510 4313 600 4390 ἦν,
632 4317 842 4388 ἠγωνία
876 4318 966 4371 τὸν
1002 4319 1286 4390 παριόντα,
1325 4320 1546 4389 σημεῖον
1578 4313 1690 4388 εἶχε
1717 4318 1883 4390 δημο-

284 4407 480 4465 σιεῦον
511 4408 695 4462 αὐτόν.
730 4409 998 4480 ’Ἕϐδομος
1045 4408 1235 4480 Ἑνὼχ,
1287 4408 1425 4480 μετὰ
1465 4409 1556 4463 τὸν
1599 4410 1789 4481 Ἀδὰμ,
1823 4409 1880 4474 ὃς

280 4501 634 4572 εὐηρέστησε
677 4499 757 4572 τῷ
805 4501 946 4572 Θεῷ,
984 4502 1078 4555 καὶ
1125 4502 1202 4565 ὼς
1253 4505 1398 4566 σῖτος
1445 4501 1722 4566 ζιζανίων,
1771 4502 1881 4554 τῶν

283 4591 514 4646 ἀσεϐῶν
547 4592 843 4664 ἐχωρίσθη.
909 4591 1081 4646 Ἑπτὰ
1119 4591 1180 4645 τὸ
1223 4590 1461 4664 πρῶτον,
1494 4592 1586 4644 καὶ
1629 4590 1768 4644 ἑπτά

280 4682 551 4754 δεύτερον
593 4683 687 4755 ἐτη
732 4684 860 4754 περὶ
903 4683 1106 4754 Ῥαχὴλ
1162 4681 1356 4736 Ἰακὼϐ
1393 4680 1469 4753 τῷ
1505 4681 1691 4735 Λάϐαν
1736 4679 1884 4734 €606-

281 4776 508 4829 λευσεν.
556 4775 726 4828 Ἐπτά
763 4775 1051 4847 προϐάτων
1095 4775 1301 4844 ἀμνούς
1345 4773 1596 4846 Ἀϐραὰμ
1626 4772 1705 4845 τῷ
1746 4773 1886 4826 Ἀϐι-

287 4865 472 4940 μέλεχ
525 4866 819 4936 ἐχαρίσατο
863 4866 962 4936 τῆς
1007 4864 1099 4917 τοῦ
1135 4865 1369 4936 φρέατος
1401 4863 1717 4942 δεσποτείας
1751 4879 1885 4934 μαρ-

281 4959 509 5028 τύριον.
581 4957 752 5010 Ἐπτά
812 4957 930 5027 βόες
984 4957 1130 5008 στίλε
1188 4955 1350 5028 λιμοῦ
1403 4955 1545 5026 (92),
1604 4956 1698 5009 καὶ
1743 4955 1881 5008 ἐπτά

286 5052 532 5122 στάχυες
561 5049 786 5112 πίνακες
816 5048 1072 5119 εὐθηνίαν
1105 5048 1424 5120 διέγραψαν,
1454 5049 1548 5101 τοῦ
1587 5048 1787 5119 Φαραὼ
1822 5048 1884 5102 τὸ

284 5141 573 5196 ἐνύπνιον.
621 5138 790 5192 Ἐπτά
815 5139 1120 5208 σάλπιγγας
1154 5140 1305 5210 ἱερὰς
1337 5139 1636 5194 ἐϐάστασεν
1678 5140 1884 5213 Ἰησοῦς

279 5235 321 5288 ὀ
358 5233 454 5286 τοῦ
504 5232 684 5304 Ναυῆ,
734 5232 972 5302 ὁπηνίκα
1013 5234 1113 5304 τῆς
1173 5233 1380 5304 Ἱεριχῶ
1431 5233 1499 5287 τὰ
1547 5233 1699 5304 τείχη
1745 5250 1883 5288 κατ-

283 5325 553 5396 ήνεγκεν.
603 5323 845 5394 Ἑϐδόμῳ
878 5323 990 5376 ἔτει
1022 5323 1120 5392 τῆς
1158 5323 1402 5389 δουλείας
1443 5325 1726 5396 Ἐϐραίους
1757 5327 1886 5383 ἀπο-

375 5483 578 5538 ‘lCor.
605 5499 660 5548 ν,
696 5484 749 5538 6.
827 5483 893 5536 ³1
928 5482 1069 5536 Tim.
1115 5498 1196 5546 Ill,
1232 5483 1320 5537 16.

376 5642 489 5779 (88)
518 5642 579 5698 F.
612 5642 809 5714 δείλης.

377 5713 468 5779 (89
523 5712 583 5765 F.
610 5713 809 5766 ἕλκουσι

403 5712 489 5769 89)
523 5712 583 5765 F.
610 5712 871 5769 ἕλκουσιν.

403 5715 489 5779 89)
523 5715 583 5765 F.
610 5715 871 5769 ἕλκουσιν.

375 5715 484 5854 ί90)
516 5783 633 5840 Huc
663 5799 858 5840 revoca
883 5786 1167 5856 sequentia
1193 5787 1270 5840 ἐνί
1293 5785 1491 5842 αὐτῶν.

1820 4565 1956 4643 τὸυ

1976 3275 2211 3330 medicus
2243 3290 2262 3328 :
2295 3276 2520 3346 ἀγαθός,
2557 3277 2724 3332 bonus
2752 3293 2770 3331 :
2798 3277 2996 3347 νεφέλη
3017 3317 3030 3342 ,
3072 3281 3230 3331 nubes
3259 3293 3276 3330 :
3309 3277 3563 3348 Μαριάμ,

1978 3365 2184 3420 Μανία.

2121 3477 2276 3546 Quod
2307 3487 2355 3532 et
2387 3480 2716 3547 septenarius
2754 3480 3012 3549 perfectus
3049 3480 3115 3533 sit
3152 3494 3422 3534 numerus.

2049 3588 2114 3645 V.
2153 3586 2398 3660 Septimo
2430 3589 2518 3644 die
2547 3591 2816 3660 requievit
2857 3590 2998 3646 Deus
3029 3591 3099 3648 ab
3138 3591 3394 3646 omnibus
3428 3605 3560 3660 ope-

1979 3686 2136 3739 ribus
2167 3683 2304 3739 suis.
2341 3682 2559 3754 Septem
2593 3684 2827 3739 ultiones
2849 3685 3081 3740 exsolvit
3105 3685 3171 3749 is,
3205 3685 3298 3755 qui
3321 3684 3553 3740 Cainum

1981 3774 2277 3832 interfecit.
2308 3775 2529 3845 Septem
2569 3777 2714 3830 enim
2759 3783 2981 3846 peccata
3014 3776 3261 3832 nefarius
3287 3777 3376 3832 ille
3409 3793 3566 3833 com-

1981 3866 2238 3933 miserat;
2293 3865 2546 3929 invidia},
2597 3866 2747 3931 doli,
2788 3867 3072 3936 parricidii
3125 3867 3354 3922 fraterni
3397 3888 3410 3923 :
3451 3877 3564 3924 tum

1980 3954 2128 4026 quod
2185 3955 2398 4024 primus
2458 3955 2741 4010 homicidii
2797 3959 3080 4028 magister,
3138 3965 3304 4027 atque
3370 3969 3564 4013 auctor

1982 4047 2308 4102 mortalibus
2353 4048 2598 4102 exstitit:
2646 4049 2963 4116 parentibus
3019 4064 3309 4103 maerorem
3351 4051 3565 4116 attulit;

1983 4137 2095 4192 Deo
2124 4138 2385 4192 mentitus
2428 4146 2534 4193 est.
2577 4137 2699 4192 Ideo
2740 4147 2946 4209 septem
2989 4139 3065 4192 illi
3107 4155 3282 4209 poena:
3319 4148 3449 4194 sunt
3485 4142 3569 4194 in-

1982 4230 2146 4284 ﬂicta:
2183 4248 2197 4284 :
2229 4245 2355 4286 nam
2409 4240 2464 4287 et
2504 4232 2847 4287 maledictam
2893 4243 3091 4287 terram
3133 4232 3396 4300 incoluit;
3451 4241 3566 4287 tum

1983 4321 2229 4375 eamdem
2261 4321 2508 4376 exercuit
2543 4340 2555 4376 :
2593 4321 2813 4376 intuens
2845 4323 3093 4392 lugebat,
3127 4322 3414 4388 tremebat,
3447 4338 3568 4377 sese

1983 4413 2229 4468 omnium
2262 4414 2606 4471 subducebat
2629 4415 2828 4478 oculis,
2854 4430 3185 4485 quocunque
3208 4423 3568 4485 pt-zetereunte

1985 4505 2294 4574 trepidabat
2319 4506 2546 4572 anxius;
2583 4515 2735 4562 certo
2779 4507 3014 4577 denique
3044 4508 3199 4574 signo
3231 4506 3448 4577 publice
3485 4516 3567 4561 est

1986 4593 2228 4666 agnitus.
2266 4594 2545 4665 Septimus
2590 4593 2776 4649 Euoch
2821 4595 2888 4650 ab
2931 4595 3141 4650 Adamo
3176 4594 3378 4664 placuit
3428 4593 3564 4657 Deo,

1987 4702 2052 4742 ac
2093 4687 2239 4743 velut
2277 4687 2526 4741 triticum
2556 4701 2586 4739 a
2621 4687 2852 4742 zizaniis
2877 4695 3163 4758 separatus
3187 4695 3290 4741 est.
3322 4684 3567 4740 Primum

1986 4793 2161 4834 annos
2184 4787 2424 4850 septem;
2460 4778 2589 4834 inde
2624 4788 2831 4850 septem
2865 4781 3004 4834 alios
3046 4779 3117 4835 ob
3159 4778 3449 4834 Rachelem
3478 4776 3568 4833 Ja-

1985 4871 2088 4927 cob
2120 4873 2309 4928 serviit
2339 4871 2549 4926 Lahan.
2603 4872 2820 4942 Septem
2865 4874 3046 4926 ovium
3100 4886 3270 4942 agnos
3317 4871 3566 4926 Abraha-

1988 4980 2108 5020 mus
2141 4964 2500 5020 Abimelecho
2529 4966 2760 5036 largitus
2785 4973 2889 5030 est,
2913 4966 2968 5020 in
3000 4964 3369 5019 testimonium
3398 4963 3565 5033 juris,

1991 5057 2136 5126 quod
2170 5058 2222 5110 in
2254 5065 2476 5126 puteum
2519 5057 2776 5112 habebat.
2833 5059 3050 5128 Septem
3092 5056 3258 5113 boves
3299 5057 3567 5126 strigosaz,

1990 5146 2188 5202 famem
2213 5167 2226 5215 ;
2259 5156 2466 5218 septem
2491 5151 2658 5219 spicae
2691 5150 2884 5220 plenae,
2911 5149 3246 5205 fertilitatem
3272 5151 3327 5204 in
3355 5149 3570 5204 soumio

1994 5239 2088 5294 illo
2129 5238 2436 5296 Pharaonis
2477 5242 2897 5298 adumbrahant.
2940 5241 3157 5314 Septem
3186 5243 3346 5298 tubas
3381 5255 3569 5296 sacras

1990 5329 2152 5388 Jesns
2181 5332 2328 5389 Nave
2360 5334 2507 5392 filius
2530 5335 2672 5402 tulit,
2707 5337 2926 5408 quando
2948 5335 3359 5394 Jerichuutiuos
3381 5346 3569 5385 muros

2057 5644 2166 5713 (9|)
2199 5643 2323 5700 l-ltec
2359 5654 2615 5714 corrupta
2643 5653 2793 5699 sunt.

1983 5783 2020 5856 β
2057 5705 2168 5785 (99.)
2203 5714 2258 5769 F.
2311 5705 2736 5784 λεπταὶΊαμοῦ.
2791 5713 3036 5782 Sequens
3090 5705 3317 5772 πίνακες
3373 5726 3566 5766 corru-

2025 5793 2160 5840 tum.
