3978 6220
351 297 457 356 519
1631 307 1835 356 vuum
1875 309 2017 361 AU'I'
2060 310 2336 364 Spuma.
3514 314 3625 371 5:50

348 415 485 472 bant
507 416 743 489 desuper
770 418 924 473 illum
946 417 1321 479 descendisse.
1353 417 1607 474 dicebant
1640 438 1656 476 :
1691 418 1824 485 Quis
1848 430 1917 474 cst

2035 422 2349 490 ἀγνοοῦντες
2397 424 2622 479 ἄνωθεν·
2657 425 3009 492 κατελθόντα,
3058 426 3262 497 ἔλεγον,
3313 430 3406 496 Τίς
3445 430 3623 486 ἐστιν

349 506 449 561 iste
490 523 581 560 rea:
603 508 1118 579 glorire’?sanctus
1162 524 1292 563 vero
1327 507 1594 580 Spiritus:
1649 511 1917 579 Dominus,

2035 511 2210 581 οὗτος
2260 521 2294 570 ό
2334 517 2639 584 ,βασιλεὺς
2683 519 2793 585 τῆς
2828 518 3016 586 δόξης
3030 537 3049 583 ;
3098 521 3171 574 Τὸ
3211 521 3266 574 δὲ
3307 522 3534 591 Πνεῦμα
3559 524 3624 579 τὸ

351 596 550 670 inquit,
580 603 833 654 virtutum
857 601 964 669 ipse
990 610 1065 654 est
1102 615 1194 655 rex
1218 601 1402 672 gloria:
1421 604 1461 657 ².

834 797 1019 852 Altera
1053 799 1439 866 interpretatio.

414 887 525 943 Nec.
557 888 715 942 aliter
753 895 834 950 tu,
861 889 1168 959 spiritualis
1192 890 1374 954 homo,
1406 902 1529 943 cum
1561 889 1755 950 feceris
1786 894 1923 950 elee-

344 995 655 1052 niosynam,
682 980 908 1036 sinislra
942 989 1034 1035 tua
1069 980 1307 1037 dextera:
1343 996 1482 1051 opus
1511 984 1744 1053 ignoret,
1774 1001 1844 1042 ne
1873 996 1917 1043 te

2035 998 2288 1070 μοσύνην,
2320 998 2394 1069 μὴ
2420 998 2708 1067 ὲπιγνώτω
2732 1001 2764 1070 ἠ
2787 1001 3051 1071 ἀριστερά
3072 1018 3166 1055 σου
3187 1003 3285 1073 τῆς
3310 1002 3491 1069 δεξιᾶς
3521 980 3619 1059 σοῦ
3722 1058 3725 1059 ν

2030 607 2184 674 ἅγιον
2221 608 2392 676 λέγει,
2425 611 2641 677 Κύριος
2676 609 2793 664 τῶν
2821 609 3136 682 δυνάμεων
3171 616 3355 683 αὑτός
3385 616 3564 671 ἐστιν
3586 618 3627 672 δ

2021 699 2325 767 ,βασιλεὺς
2350 699 2459 769 τῆς
2479 701 2684 768 δόξης.

2559 814 2759 884 Ἑτέρα
2792 816 3096 885 ἑρμηνεία.

2095 903 2257 959 Οῦτω
2286 906 2380 960 καὶ
2412 906 2499 972 σὺ,
2527 909 2685 978 νοητὲ
2718 907 2996 979 ἄνθρωπε,
3022 908 3302 974 ποιοῦντος
3335 907 3431 964 σοῦ
3465 911 3622 985 ἐλεη-

341 1073 594 1128 diabolus
633 1088 699 1126 ex
734 1073 896 1129 bonis
943 1073 1202 1145 operibus
1264 1074 1556 1145 investiget
1597 1084 1653 1133 et
1690 1078 1759 1133 ad
1800 1094 1917 1149 pec-

2035 1089 2087 1142 τὸ
2115 1089 2298 1162 ἔργον,
2336 1091 2410 1161 μή
2458 1107 2577 1155 πως
2608 1089 2931 1165 ίχνολογήσῃ
2955 1110 3017 1145 σε
3048 1095 3079 1146 ὁ
3113 1093 3358 1158 διάϐολος
3384 1098 3496 1159 τοῖς
3524 1095 3621 1166 ἔρ-

340 1163 577 1221 candum
610 1165 836 1220 alliciat.

998 1383 1153 1443 CAP.
1202 1387 1264 1442 ΙΙ.

763 1479 952 1533 Altera
980 1481 1146 1535 leonis
1172 1483 1493 1551 proprietas.

409 1564 606 1623 Leaena
651 1580 926 1625 mortuum
977 1579 1033 1626 et
1077 1586 1280 1626 caecum
1311 1573 1423 1627 edit
1451 1575 1716 1637 catulum,
1766 1574 1920 1645 juxta

339 1672 499 1726 quem
532 1658 739 1714 deﬁxos
766 1659 820 1712 in
854 1660 1004 1713 illum
1044 1662 1249 1717 habens
1274 1665 1462 1719 oculos
1495 1664 1676 1719 triduo
1715 1667 1915 1733 cubat;

2025 1199 2144 1250 γοις
2180 1200 2277 1238 σου
2319 1185 2433 1248 τοῖς
2476 1184 2729 1253 ἀγαθοῖς,
2754 1185 2850 1239 καὶ
2893 1185 3120 1260 ἐγκλίνῃ
3166 1204 3227 1241 σε
3271 1189 3366 1241 ἐπὶ
3405 1188 3476 1243 τὰ
3516 1207 3621 1245 πο-

2023 1291 2088 1345 νη
2096 1275 2184 1348 ρά.
3398 1282 3401 1285 ’

2677 1389 2839 1444 ΚΕΦ.
2882 1391 2960 1447 B’.

2362 1480 2619 1549 Δευτέρα
2650 1482 2839 1552 φύσις
2866 1483 2974 1537 τοῦ
3001 1484 3273 1552 λέοντος.

2097 1574 2269 1630 Ὅταν
2298 1576 2521 1647 τέξηται
2551 1578 2642 1631 τὸν
2666 1579 2835 1648 αὐτῆς
2866 1577 3105 1648 σκύμνον
3129 1579 3162 1650 η
3184 1578 3388 1641 λέαινα,
3407 1579 3616 1633 ἄπνουν

2027 1686 2085 1722 τε
2131 1670 2225 1723 καὶ
2259 1670 2460 1739 τυφλὸν
2488 1672 2822 1743 τυγχάνοντα
2852 1670 3218 1742 ἐμϐλέπουσα,
3241 1672 3614 1745 προσκαθέζε-

337 1750 425 1806 his
454 1766 580 1805 vero
610 1754 906 1809 transactis
952 1754 1035 1807 leo
1085 1754 1315 1820 accedit,
1348 1766 1401 1810 ct
1434 1757 1485 1810 in
1528 1759 1771 1812 catulum
1807 1759 1917 1827 spi—

2035 1780 2118 1815 ται
2153 1762 2498 1834 προσέχουσα
2529 1762 2678 1835 αῦτῷ
2702 1765 3027 1835 τριήμερον.
3057 1763 3214 1817 Μετὰ
3256 1764 3311 1818 δὲ
3357 1764 3417 1817 τὸ
3466 1782 3617 1835 συμ-

337 1852 443 1909 rat,
477 1844 569 1913 qui
627 1845 811 1899 statim
861 1854 915 1900 et
967 1847 1032 1900 ad
1092 1848 1258 1901 vitam
1304 1856 1595 1903 revocatur
1641 1857 1694 1903 et
1738 1851 1917 1905 lnmcn

337 1936 623 1989 oculorum
656 1938 871 2007 recipit.
905 1937 1046 1995 Cum
1083 1955 1215 1994 vero
1248 1940 1471 2005 tim-mit,
1509 1941 1770 2010 evigilant
1802 1942 1921 2011 ejus

336 2029 503 2093 oeuli,
542 2029 612 2084 ita
647 2037 706 2083 ut
734 2033 1153 2086 Venatoremab
1201 2041 1408 2101 septem
1447 2033 1645 2087 stadiis
1678 2050 1922 2104 praesen-

337 2123 476 2191 tiat;
508 2123 798 2194 ipsumque
827 2123 983 2194 fugit,
1015 2141 1194 2195 neque
1229 2126 1297 2181 ab
1327 2126 1420 2181 illo
1448 2127 1682 2198 capitur.

929 2417 1330 2490 Interpretatio.

408 2523 499 2579 Sic
532 2536 741 2595 gentes,
775 2543 897 2597 qum
941 2546 1051 2584 non
1095 2534 1410 2599 credebant,
1447 2552 1545 2606 per
1598 2539 1761 2593 trium
1805 2540 1922 2598 die-

333 2632 457 2671 rum
487 2619 824 2687 sepulturam
858 2630 910 2675 ct
949 2621 1161 2678 Domini
1194 2627 1366 2681 nostri
1402 2625 1531 2684 Jcsu
1576 2629 1783 2686 Christi
1834 2648 1917 2688 re-

334 2706 731 2763 surrectionem
780 2722 1140 2780 respexerunt
1193 2722 1248 2769 et
1308 2716 1375 2770 ad
1436 2718 1596 2772 vitam
1654 2733 1922 2778 revocata:

334 2805 486 2851 sunt.
521 2796 662 2853 Ante
687 2799 1017 2870 baptismum
1049 2804 1192 2858 enim
1226 2815 1280 2860 et
1314 2818 1542 2864 mortuae
1571 2817 1625 2865 et
1655 2826 1814 2867 omen:
1837 2814 1918 2868 di-

333 2889 630 2958 cebantur;
660 2906 848 2947 verum
884 2908 916 2947 a
950 2894 1140 2960 letena,
1170 2898 1222 2953 id
1254 2909 1358 2964 est,
1389 2903 1457 2955 ab
1486 2912 1679 2958 sancto
1713 2906 1921 2975 Spiritu

332 2996 431 3051 per
476 2982 717 3038 triduum
754 2986 1054 3057 sepulturae
1084 2989 1536 3048 observabantur.
1567 2993 1706 3050 Cum
1737 3007 1919 3054 autem

333 3075 441 3139 leo,
478 3076 583 3133 hoc
632 3087 719 3133 est
756 3078 1029 3134 viviﬁcunt
1060 3081 1322 3149 Verbum,
1359 3087 1528 3151 venit,
1560 3097 1615 3142 et
1668 3089 1724 3144 in
1769 3090 1919 3161 ipsos

333 3166 597 3237 Spiritum
625 3181 877 3225 sanctum
926 3171 1235 3242 inspiravit,
1266 3175 1333 3228 ad
1371 3177 1536 3233 vitam
1566 3194 1663 3237 eos
1696 3197 1917 3238 revoca-

329 3262 429 3326 vit,
459 3272 514 3317 et
543 3277 737 3319 omnes
767 3264 837 3320 ab
870 3264 1086 3319 inferno
1120 3269 1328 3324 eduxit.

984 3376 1137 3431 CAP.
1186 3379 1269 3433 lli.

1009 3490 1086 3545 De
1115 3509 1234 3547 aro.

404 3580 573 3646 Urus,
604 3581 806 3635 animal
840 3582 1084 3636 ontnium
1126 3584 1444 3652 maximum,
1475 3587 1673 3643 similis
1702 3598 1785 3645 est
1823 3592 1919 3645 bo-

331 3675 405 3740 vi,
430 3673 647 3745 duoque
691 3673 858 3729 habet
902 3688 1107 3729 cornua
1142 3675 1195 3728 in
1229 3675 1447 3731 modum
1487 3694 1674 3744 serrae,
1728 3691 1919 3754 estque

333 3782 445 3837 pra:
476 3765 733 3820 omnibus
779 3764 1112 3821 animalibus
1147 3766 1389 3823 terribile
1421 3780 1644 3840 aspectu
1679 3791 1692 3827 :
1732 3774 1919 3845 itaque

331 3870 591 3927 proceras
626 3855 853 3909 arbores
881 3855 1160 3925 quatiens,
1187 3857 1307 3912 illas
1334 3858 1592 3925 dissecat,
1626 3878 1918 3935 ramosque

330 3948 790 4019 prmscinditmec
813 3955 898 4003 est
926 3948 1096 4002 ullum
1123 3950 1325 4005 animal
1358 3951 1452 4007 illo
1483 3950 1700 4010 fortius.
1731 3955 1918 4013 Pasci-

327 4050 420 4095 tur
459 4057 567 4095 non
604 4040 763 4110 longe
793 4041 861 4095 ab
892 4039 1133 4108 Oceano,
1168 4036 1433 4100 continuo
1475 4061 1608 4102 vero
1648 4054 1710 4103 ut
1757 4050 1916 4115 bibit,

329 4134 495 4188 veluti
530 4134 718 4189 ebrius
752 4134 910 4201 ludit,
940 4136 1312 4207 cornibusque
1347 4147 1605 4209 tanquam
1659 4142 1760 4198 bos
1807 4151 1919 4199 ter-

330 4243 443 4281 ram
475 4228 629 4297 petit.
661 4227 754 4282 Est
783 4237 965 4282 autem
994 4228 1107 4283 illic
1139 4230 1305 4284 arbor
1334 4230 1479 4287 dicta
1512 4242 1692 4299 tanus,
1722 4236 1815 4291 viti
1840 4238 1917 4292 si-

331 4323 473 4377 nzilis
505 4334 558 4377 et
591 4322 713 4375 alba
755 4322 945 4386 ramis,
979 4337 1117 4388 quos
1146 4337 1271 4375 cum
1314 4337 1448 4376 urus
1504 4325 1683 4394 capite
1711 4342 1917 4382 concu-

330 4414 415 4474 tit,
453 4427 624 4466 cornu
655 4410 910 4465 vincitur.
942 4408 1169 4462 Accedit
1209 4409 1391 4479 itaque
1418 4426 1669 4479 venator,
1693 4424 1747 4471 et
1786 4432 1912 4471 cor-

332 4522 403 4559 nu
434 4505 712 4573 alligatum
746 4502 1124 4572 deprehendit,
1163 4502 1424 4571 illumque
1455 4506 1734 4573 opprimit.

2027 1856 2382 1929 πληρωθῆναι
2421 1859 2520 1920 τὰς
2545 1860 2693 1927 τρεῖς
2720 1856 2827 1909 τῶν
2867 1854 3112 1926 ἡμερῶν,
3159 1856 3553 1928 προσπελάζων
3587 1860 3618 1911 ὁ

2023 1948 2201 2019 ἄρρην
2225 1946 2366 2000 λέων
2411 1947 2506 2000 καὶ
2547 1947 2873 2018 έμφυσήσας
2902 1944 3072 2018 αὐτῷ,
3109 1944 3202 2000 καὶ
3234 1947 3395 2012 εὐθὺς
3426 1947 3618 2017 βλέπει

2023 2039 2116 2093 καὶ
2166 2038 2254 2110 ζῇ.
2277 2039 2449 2092 Ὅταν
2480 2035 2574 2093 οὖν
2617 2039 2897 2109 κοιμᾶται,
2928 2039 3294 2110 γρηγοροῦσιν
3345 2039 3510 2092 αὑτοῦ
3564 2042 3620 2094 οἱ

2022 2131 2314 2202 ὀφθαλμοὶ,
2338 2131 2436 2186 καὶ
2459 2131 2568 2185 ἀπὸ
2593 2132 2734 2186 ἑπτὰ
2758 2130 3017 2203 βημάτων
3036 2132 3132 2185 τοῦ
3155 2131 3393 2202 κυνηγοῦ
3420 2149 3618 2202 προαι-

2025 2224 2278 2278 σθάνεται
2333 2226 2428 2280 καὶ
2495 2223 2908 2297 διαδιδράσκει,
2964 2224 3059 2280 τοῦ
3119 2224 3195 2297 μὴ
3250 2228 3618 2297 συνεμπεσεῖν

2022 2317 2195 2389 αὐτῷ.

2663 2431 2995 2502 Ἐρμηνεία.

2093 2547 2251 2604 Οῦτω
2272 2548 2367 2603 καὶ
2388 2548 2456 2603 τὰ
2481 2548 2687 2604 ἄπιστα
2707 2546 2836 2617 ἔθνη
2865 2543 2952 2598 διὰ
2978 2544 3076 2615 τῆς
3102 2543 3403 2616 τριημέρου
3429 2541 3614 2614 ταφῆς

2022 2642 2118 2695 καὶ
2152 2641 2424 2713 ὲγέρσεως
2457 2639 2550 2694 τοῦ
2579 2638 2779 2710 Κυρίου
2820 2637 2982 2710 ἡμῶν
3028 2635 3200 2705 Ἰησοῦ
3240 2636 3479 2708 Χριστοῦ
3516 2637 3615 2688 ἀν⁶

2022 2731 2252 2800 έδλεψαν
2280 2732 2373 2784 καὶ
2406 2729 2873 2800 ἐζωοποιήθησαν.
2902 2728 3016 2798 Πρὸ
3044 2728 3154 2800 γὰρ
3174 2726 3269 2781 τοῦ
3298 2727 3614 2797 βαπτίσμα-

2020 2840 2112 2886 τος
2143 2824 2325 2893 νεκροὶ
2371 2824 2466 2875 καὶ
2508 2821 2703 2889 τυφλοί⁹
2743 2820 3124 2891 ὠνομάζοντο’
3163 2819 3509 2873 διεϐλέποντο
3554 2818 3615 2871 δὲ

2021 2915 2125 2969 ὑπὸ
2156 2916 2255 2987 τῆς
2288 2914 2530 2986 λεαίνης,
2558 2914 2864 2981 τουτέστιν,
2901 2913 3005 2966 ὑπὸ
3045 2912 3138 2966 τοῦ
3174 2912 3328 2981 ἁγίου
3358 2911 3617 2980 Πνεῦμαο

2022 3027 2113 3075 τος
2147 3008 2253 3071 ἕως
2279 3009 2378 3078 τῆς
2405 3005 2708 3078 τριημέρου
2735 3006 3073 3076 ταφῆς.”οτε
3107 3005 3163 3057 δὲ
3189 3001 3351 3077 ἦλθεν
3371 3003 3401 3057 ὁ
3430 3005 3614 3075 ἇρῤην

2021 3102 2179 3166 λέων,
2202 3101 2478 3154 τουτέστιν
2504 3102 2533 3154 ὁ
2559 3099 2668 3165 ζῶν
2691 3099 2884 3167 Λόγος,
2914 3100 3009 3151 καὶ
3040 3098 3373 3169 ἐνεφύσησεν
3408 3099 3489 3161 είς
3514 3099 3615 3151 αὐ-

2020 3194 2148 3257 τοὺς
2187 3193 2251 3246 τὸ
2292 3192 2520 3263 Πνεῦμα
2566 3192 2629 3244 τὸ
2673 3191 2850 3259 ἅγιον,
2895 3190 3260 3262 ὲζωοποίησεν
3292 3192 3489 3255 αὐτοὺς
3517 3193 3617 3245 καὶ

2017 3286 2201 3359 ἀπῆρε
2225 3287 2435 3350 πάντας
2466 3285 2531 3338 ὲκ
2554 3283 2648 3338 τοῦ
2673 3284 2824 3357 ᾅδου.

2674 3394 2834 3448 ΚΕΦ.
2877 3395 2951 3449 Γ’.

2560 3487 2700 3555 Περὶ
2730 3485 2839 3540 τοῦ
2868 3486 3076 3553 οὔρου.

2103 3578 2162 3632 Ὀ
2191 3572 2351 3649 οὖρος
2388 3576 2647 3649 μέγιστόν
2679 3578 2795 3630 ἐστι
2823 3575 2964 3640 ζῶον
2995 3575 3131 3629 πολὺ
3176 3572 3514 3646 ὑπερϐάλλον
3544 3575 3618 3628 τὰ

2017 3671 2202 3739 ἕτερα,
2233 3668 2318 3739 βοῒ
2355 3667 2763 3739 παραπλήσιος,
2793 3667 2888 3721 δύο
2918 3666 3127 3739 κέρατα
3152 3668 3212 3718 ὲν
3232 3664 3409 3736 ἑαυτῷ
3429 3665 3618 3736 πρίονι

2017 3763 2180 3834 ὅμοια
2205 3762 2365 3833 ἔχων,
2395 3761 2666 3832 αὐστηρὸς
2688 3763 2755 3833 τῇ
2781 3759 2983 3832 θεωρίᾳ
3007 3759 3161 3830 παρὰ
3182 3760 3361 3813 πάντα
3379 3758 3448 3811 τὰ
3469 3758 3613 3823 ζῶα.

2018 3857 2160 3911 ὣστε
2192 3856 2262 3910 τὰ
2298 3855 2512 3927 μεγάλα
2557 3854 2752 3925 δένδρα
2793 3852 3220 3924 διακνηθόμενος
3262 3853 3377 3914 τοῖς
3414 3851 3614 3921 κέρασι

2017 3950 2290 4021 διαπρίειν
2334 3949 2432 4002 καὶ
2474 3947 2851 4018 κλωνοκοπᾷν,
2883 3946 2981 3999 καὶ⁵
3019 3944 3171 3998 οὐδὲν
3198 3942 3309 3998 τῶν
3335 3941 3488 4006 ζώων
3519 3940 3616 3993 δύ-

2026 4042 2221 4097 νασθαι
2260 4041 2351 4110 ὑφ’
2375 4040 2554 4111 ἑαυτῷ
2584 4038 2933 4110 ποιήσασθαι.
2965 4036 3211 4107 Νέμεται
3266 4035 3325 4089 δὲ
3374 4034 3403 4086 ὁ
3449 4031 3613 4094 αὐτὸς

2016 4132 2174 4208 οὖρος
2209 4134 2436 4206 πλησίον
2462 4132 2556 4186 τοῦ
2582 4130 2862 4195 Ὠκεανοῦ,
2891 4130 2987 4184 καὶ
3016 4128 3223 4192 εὐθέως
3255 4124 3612 4199 μεθύσκεται,
3684 4146 3690 4150 ·

2017 4233 2113 4285 καὶ
2142 4229 2360 4284 παλαίει
2387 4232 2525 4300 πρὸς
2546 4228 2652 4300 γῆν
2679 4228 2794 4289 τοῖς
2815 4225 3044 4297 κέρασιν
3068 4223 3259 4293 ὥσπερ
3294 4220 3614 4291 βοῦς.Ἔστι

2017 4326 2072 4380 δὲ
2106 4327 2223 4379 ἐκεῖ
2244 4323 2459 4395 δένδρον
2487 4323 2521 4393 ἡ
2550 4318 2929 4390 ὀνομαζομένη
2955 4316 3141 4381 τάνυς,
3172 4315 3449 4386 κλήματος
3477 4312 3619 4383 μόρ-

2019 4432 2192 4485 φωσιν
2222 4414 2422 4485 ἔχουσα
2447 4409 2854 4466 λευκοκλώνουο
2886 4409 2982 4464 καὶ
3019 4407 3354 4480 κνηθόμενος
3389 4405 3418 4457 ὁ
3449 4404 3619 4467 αὐτὸς

1947 4509 1990 4563 D
2017 4508 2176 4582 οὖρος
2202 4506 2299 4578 τὴν
2325 4504 2566 4576 κεφαλὴν
2592 4504 2731 4577 πρὸς
2751 4502 2823 4556 τὰ
2851 4502 2983 4574 ἔρνη
3008 4501 3109 4571 τῆς
3137 4498 3333 4561 τὰνους
3359 4495 3421 4550 τὸ
3444 4495 3620 4566 κέρας

331 4598 495 4655 οιῦτοὗ
538 4599 749 4653 δέδεται
777 4599 869 4653 ὑπ’
921 4599 1113 4669 αὐτῆς.
1168 4598 1626 4671 Παραγενομένου
1668 4608 1961 4678 τοιγαροῦν
2020 4608 2113 4663 τοῦ
2163 4601 2441 4674 κυνηγοῦ,
2486 4600 2582 4656 καὶ
2622 4598 2966 4672 εὑρίσκοντος
3011 4591 3462 4667 ὲμπεπεδημένον
3507 4588 3619 4643 τῶν

330 4691 603 4766 κεράτων,
637 4693 834 4764 κρατεῖ
858 4690 1042 4745 αὐτόν.

924 4806 1327 4878 Interpretatio.

404 4902 487 4958 Tu
525 4903 710 4975 igitur,
742 4916 775 4955 ο
810 4901 1112 4971 spiritualis
1155 4903 1337 4967 homo,
1371 4902 1661 4959 considera
1707 4915 1915 4976 quanto

327 5006 383 5056 te
415 5013 517 5052 uro
545 4994 951 5066 generosiorem
988 4992 1180 5049 fecerit
1220 4992 1383 5049 Deus.
1420 4994 1563 5051 Loco
1589 4998 1736 5052 enim
1774 4998 1911 5054 duo-

328 5105 449 5146 rum
478 5102 769 5151 cornuum,
809 5087 918 5142 duo
966 5086 1064 5142 tibi
1106 5087 1255 5143 dedit
1299 5086 1670 5156 Testamenta,
1705 5089 1915 5145 Novum

327 5182 583 5239 videlicet
611 5186 665 5235 et
693 5177 885 5243 Vetus,
910 5194 1032 5250 qua:
1059 5194 1269 5234 cornua
1298 5189 1427 5236 sunt
1456 5189 1645 5235 contra
1673 5189 1915 5251 potesta-

327 5285 409 5331 tes
442 5272 724 5332 adversas.
758 5277 820 5325 ut
871 5284 940 5325 ne
993 5278 1046 5325 te
1093 5269 1488 5325 circumveniat
1514 5268 1767 5324 diabolus
1793 5312 1807 5336 ,
1844 5269 1921 5323 ait

323 5365 470 5423 enim
500 5362 774 5438 PrOpbeta
804 5381 820 5419 :
850 5360 920 5418 In
951 5371 998 5418 te
1024 5363 1266 5418 inimicos
1299 5370 1509 5417 nostros
1538 5361 1915 5417 uentilabintus

325 5475 493 5518 contu
510 5458 556 5515 ³.

814 5571 998 5627 Altera
1023 5568 1414 5639 interpretatio.

393 5664 650 5721 Oceanus
670 5665 887 5732 copiam
907 5658 1221 5719 divitiarum
1245 5658 1549 5729 significat;
1567 5666 1729 5716 tanus
1750 5673 1903 5726 vero,

399 5818 585 5877 ‘l’sal.
618 5834 777 5881 mu,
819 5819 874 5874 8.
951 5814 1123 5871 'tbid.
1163 5815 1247 5870 10.
1325 5815 1512 5872 Ῥειιι-
1543 5828 1693 5882 mn,
1725 5814 1779 5870 6.

2660 4804 2994 4875 Ἐρμηνεία.

2094 4903 2207 4958 Καὶ
2237 4903 2302 4956 σὺ
2327 4895 2442 4965 οῦν,
2472 4898 2631 4969 νοητὲ
2664 4896 2942 4969 ἄνθρωπε,
2974 4892 3168 4965 νόησον
3199 4892 3280 4945 ὅτι
3307 4891 3468 4963 οὔρου
3490 4908 3620 4960 γεν-

2024 4992 2302 5064 ναιὸτερόν
2331 5007 2392 5043 σε
2424 4989 2682 5059 ἐποίησεν
2719 4987 2748 5039 ὁ
2789 4985 2941 5049 Θεός.
2960 4983 3107 5037 Ἀντί
3138 4982 3195 5037 δὲ
3222 4982 3332 5035 τῶν
3368 4982 3620 5054 κεράτων

2024 5084 2225 5139 δέδωκέ
2258 5100 2341 5135 σοι
2368 5081 2468 5145 τὰς
2500 5080 2594 5134 δύο
2628 5080 2926 5152 Διαθήκας,
2950 5078 3219 5139 τουτέστι,
3249 5073 3495 5130 Παλαιὰν
3520 5074 3618 5128 καὶ

2024 5177 2171 5232 Νέαν
2202 5174 2501 5248 Διαθήκην,
2538 5174 2793 5245 κεράτιον
2827 5175 2906 5236 είς
2926 5170 3027 5235 τὰς
3057 5169 3307 5232 ἐναντίας
3333 5167 3616 5237 δυνάμεις,

2025 5272 2112 5327 ἵνα
2151 5269 2226 5343 μὴ
2256 5269 2601 5343 προσεγγίσῃ
2638 5267 2776 5339 πρὸς
2811 5266 2872 5320 σὲ
2901 5268 2930 5321 ὁ
2959 5263 3217 5336 πονηρός.
3249 5258 3389 5316 Εἷπε
3439 5258 3549 5330 γὰρ
3586 5260 3616 5315 6

2023 5365 2352 5437 Προφήτηςδ
2396 5363 2493 5418 Ἐν
2521 5361 2621 5417 σοι
2657 5360 2801 5428 τοὺς
2825 5358 3081 5430 ἐχθροὺς
3112 5355 3283 5429 ἡμῶν
3311 5352 3613 5425 κερατιοῦ-

2018 5471 2158 5525 μεν.

2548 5567 2744 5637 Ἑτέρα
2772 5566 3077 5636 ἑρμηνεία.

2102 5659 2352 5726 Ὠκεανὸς
2384 5658 2748 5732 ἑρμηνεύεται
2773 5659 2835 5714 τὸ
2858 5658 3087 5730 μέγεθος
3111 5652 3206 5711 τοῦ
3230 5651 3489 5719 πλούτου,
3512 5645 3603 5702 τά·
