3978 6220
273 272 377 343 “sat

1659 301 2094 359 l‘llYSlill.OGU
2109 307 2164 360 S.

3423 285 3528 341 522

281 417 376 470 νυς
403 397 461 452 δὲ
489 398 523 469 ὴ
563 397 723 469 ἡδονὴ
751 397 842 450 τοῦ
881 397 1016 468 βίον.
1035 394 1468 468 Ἐμπλεκὸμενος
1514 396 1541 446 6
1579 395 1862 466 ἄνθρωπος

1980 395 2091 449 vitae
2126 399 2474 468 voluptatem,
2501 416 2606 470 qua
2642 402 2938 474 implicitus
2964 405 3127 460 homo
3158 407 3315 462 fidem
3363 411 3532 478 negli-

287 491 367 551 εἰς
394 485 494 551 τὰς
524 488 718 558 ἡδονὰς
736 489 827 540 τοῦ
862 487 976 556 βίου
1016 488 1206 558 ἀμελεῖ
1251 487 1348 556 τῆς
1397 485 1648 547 πίστεως.
1669 486 1862 554 Ἐπερ-

290 580 524 649 χομένου
555 580 611 632 δὲ
638 579 732 633 τοῦ
764 579 1027 650 κυνηγοῦ,
1057 579 1300 632 τουτέστι
1332 578 1602 643 διαϐόλου,
1634 578 1727 631 καὶ
1773 577 1855 629 εὐ-

268 667 570 737 ᾧίσκοντος
606 671 770 722 αὐτὸν
806 670 1270 740 συμπλεκόμενον,
1303 669 1395 722 καὶ
1432 667 1734 736 ἀμελοῦντα
1763 667 1863 736 τῆς

288 761 540 826 πίστεως,
571 762 960 834 κατακυριεύει
993 761 1179 818 αὑτοῦ.

938 872 1095 924 ΚΕΦ.
1136 873 1208 922 Δ’.

746 960 884 1030 Περὶ
925 961 1030 1015 τοῦ
1055 961 1405 1030 ἐλέφαντος.

360 1074 516 1126 Ἔστι
555 1072 665 1144 γὰρ
707 1075 736 1127 6
781 1074 977 1143 ἐλέφας
1009 1074 1262 1146 μέγιστον
1321 1076 1482 1142 ζῶον,
1537 1079 1868 1151 προϐοσκίδα

285 1163 423 1234 ἔχων
477 1163 573 1217 τοῦ
632 1164 941 1236 διαφθεῖραι
988 1165 1056 1220 τὰ
1119 1167 1463 1239 ἐπερχόμενα
1511 1170 1661 1241 αὐτῷ
1709 1169 1864 1236 ζῶα·

284 1254 484 1323 ὁμοίως
506 1255 602 1306 καὶ
641 1256 740 1325 τὴν
783 1255 984 1326 βρῶσιν
1024 1258 1118 1309 καὶ
1152 1257 1251 1328 τήν
1280 1259 1437 1313 πόσιν
1480 1259 1569 1314 διὰ
1592 1262 1691 1331 τῆς
1730 1279 1866 1331 προ-

285 1344 535 1408 ϐοσκίδος
565 1344 730 1398 αὐτοῦ
762 1345 1125 1415 κυϐερνᾶται·
1158 1349 1219 1400 ού
1260 1349 1368 1421 γὰρ
1413 1349 1525 1420 ἔχει
1561 1353 1831 1423 άρμοσίας
1851 1369 1863 1381 ·

285 1436 378 1490 καὶ
402 1435 585 1505 κύψας
606 1436 852 1507 νέμεται,
879 1437 973 1491 καὶ
997 1438 1058 1490 οὐ
1095 1440 1335 1509 κάμπτει
1365 1441 1586 1509 γόνατα.
1616 1443 1680 1494 'H
1704 1443 1868 1514 θῆλυς

283 1528 339 1581 δὲ
368 1528 527 1596 ζητεῖ
563 1529 794 1600 βοτάνην
845 1529 943 1601 τὴν
980 1531 1279 1602 λεγομένην
1331 1535 1730 1607 μανδραγόραν,
1774 1538 1868 1590 καὶ

288 1619 698 1688 μεταλαμϐάνει
751 1619 810 1686 ἐξ
863 1622 1055 1692 αὐτῆς,
1103 1624 1198 1676 καὶ
1234 1623 1437 1688 εὐθέως
1479 1625 1742 1697 πυροῦται
1776 1627 1867 1680 καὶ

1963 485 2060 554 git.
2091 484 2333 542 Venator
2368 490 2551 559 igitur,
2589 493 2691 547 hoc
2735 503 2820 548 est
2854 495 3128 560 diabolus,
3165 499 3314 553 illum
3351 515 3536 571 aggre-

1965 573 2142 641 ditur,
2189 592 2348 645 quem
2407 581 2774 652 voluptatibus
2828 589 3215 656 mancipatum,
3267 590 3536 660 ﬁdemque

1967 666 2326 734 negligentem
2381 669 2679 736 inveniens,
2715 675 2973 756 in'suam
3020 686 3337 746 potestatem
3391 681 3536 736 redi-

1967 753 2060 821 git.

2598 869 2749 924 CAP.
2807 871 2894 926 IV.

2558 959 2634 1012 De
2663 961 2949 1029 elephanta.

2041 1067 2267 1135 Elephas
2302 1071 2593 1124 maximum
2644 1083 2727 1130 est
2779 1077 2999 1141 animal,
3053 1082 3540 1158 proboscidemquc

1970 1157 2150 1220 habet,
2178 1173 2282 1227 qua
2309 1161 2618 1230 quatipsum
2646 1157 3539 1241 adoriunturanimalia,pcrcutit.

1967 1244 2081 1299 Hac
2108 1249 2290 1302 cibum
2320 1258 2373 1304 et
2411 1261 2596 1320 potum
2651 1254 2754 1308 sibi
2791 1258 3211 1329 subministrat;
3249 1280 3358 1318 non
3392 1267 3542 1321 enim

1968 1337 2134 1393 habet
2185 1355 2497 1411 compages,
2561 1360 2974 1418 propensusque
3042 1353 3308 1419 pascitur,
3366 1369 3541 1426 genua

1969 1431 2112 1486 haud
2153 1432 2466 1488 incurvans.
2506 1433 2727 1490 Femina
2759 1437 2984 1494 herbam
3015 1458 3136 1511 quae
3180 1445 3542 1514 mandragora

1969 1524 2191 1591 dicitur,
2241 1527 2456 1595 quaerit,
2507 1545 2670 1597 quam
2727 1540 2932 1602 gustat,
2976 1535 3208 1589 coeundi
3244 1537 3546 1606 cupiditate

1969 1632 2222 1681 accensa,
2255 1619 2323 1672 ad
2358 1634 2673 1690 maremque
2706 1637 3008 1692 prOpCrans
3055 1625 3199 1677 illam
3232 1627 3332 1694 ipsi
3364 1626 3543 1682 offert.

285 1709 580 1781 πορεύεται
639 1711 776 1782 πρὸς
830 1712 920 1766 τὸν
970 1714 1195 1785 ἄρρενα,
1263 1716 1357 1768 καὶ
1411 1717 1869 1787 παραπεζεύουσα

1980 1708 2086 1763 Mas
2141 1725 2272 1763 vero
2323 1719 2382 1763 ut
2427 1712 2686 1777 comedit,
2730 1714 2881 1768 ardet
2925 1715 3170 1781 libidine,
3225 1725 3279 1770 et
3334 1718 3546 1774 femina:

285 1801 505 1870 κομίζει
547 1801 694 1872 αὐτῷ
740 1802 839 1874 τὴν
879 1802 1130 1876 βοτάνην,
1163 1807 1257 1859 καὶ
1291 1809 1747 1879 μεταλαμϐάνειὸ
1777 1812 1865 1882 ἄῤ-

287 1891 385 1958 ρην
414 1889 473 1953 ἐξ
511 1891 700 1961 αὐτῆς,
729 1892 824 1945 καὶ
864 1892 1068 1957 εὐθέως
1106 1897 1394 1966 πυροῦται,
1420 1899 1514 1950 καὶ
1555 1901 1866 1969 συγγίνεται

284 1980 349 2047 τῇ
406 1977 584 2049 θήλει.
623 1981 1018 2050 Ἐπερχομὲνου
1067 1981 1124 2035 δὲ
1167 1982 1260 2036 τοῦ
1309 1985 1501 2056 καιροῦ
1538 1985 1631 2038 τοῦ
1664 1989 1864 2050 τεκεῖν,

285 2067 551 2121 είσϐαίνει
584 2071 663 2132 εἷς
699 2087 819 2122 τινα
845 2071 1039 2143 λίμνην
1065 2073 1158 2126 τοῦ
1191 2073 1402 2137 ὓδατος,
1440 2075 1500 2128 τὺ
1533 2075 1677 2146 ὕδωρ
1707 2093 1868 2130 κατα-

289 2157 568 2228 μετροῦσα
601 2159 674 2223 ὡς
704 2159 797 2213 τοῦ
825 2161 1120 2233 πλησιάσαι
1154 2167 1266 2227 τοῖς
1296 2168 1540 2234 μαστοῖς,
1578 2165 1670 2218 καὶ
1696 2164 1868 2238 ταύτῃ

286 2250 470 2319 γεννᾷ.
531 2251 633 2302 Ἢν
673 2250 781 2322 γὰρ
813 2252 1032 2322 τέξηται
1072 2253 1164 2305 ἐπὶ
1198 2254 1298 2324 τῆς
1336 2256 1458 2324 γῆς,
1487 2255 1808 2326 ἀδυνατήσει
1841 2258 1868 2307 6

289 2340 535 2412 σκύμνος
568 2341 854 2415 ἐγερθῆναι
892 2345 1134 2416 ἀμοιρῶν
1160 2346 1458 2418 άρμοσιῶν.

915 2457 1246 2528 Ἐρμηνεία.

357 2567 636 2638 Πρόδηλον
659 2568 716 2621 δὲ
744 2569 826 2622 ὃτι
845 2571 874 2622 6
902 2570 1327 2641 πρωτόπλαστος
1367 2573 1536 2644 Ἀδὰμ
1563 2576 1660 2646 οὐχ
1681 2576 1868 2650 ὥσπερ

288 2661 320 2728 ή
360 2659 484 2713 Εὕα
505 2659 600 2713 τοῦ
627 2661 726 2730 τῆς
775 2663 1060 2734 παρακοῆς
1091 2662 1258 2729 ξύλου
1288 2666 1678 2737 προεγεύσατο,
1711 2685 1868 2739 πορι-

289 2749 494 2822 ζομένη
517 2753 612 2805 καὶ
632 2751 710 2823 τῷ
734 2753 932 2825 ἑαυτῆς
957 2755 1194 2829 γαμέτῃ,
1220 2757 1370 2820 ὅστις
1401 2757 1539 2827 μετὰ
1567 2757 1662 2828 τὴν
1684 2759 1870 2828 γεῦσιν

288 2840 496 2906 εὐθέως
525 2842 620 2896 τοῦ
658 2843 1105 2916 παραϐεϐηκέναι
1151 2847 1367 2919 ᾔσθετο.
1403 2849 1467 2901 Τί
1499 2849 1555 2902 δὲ
1578 2849 1868 2922 ὲγέννησε;

287 2931 347 2983 τὸ
379 2932 446 3004 δὴ
480 2933 650 3004 δήπου
705 2937 766 2988 τὸ
819 2938 1172 3011 ἁμαρτάνειν.
1216 2940 1313 3004 Τίς
1340 2940 1447 3012 γὰρ
1477 2942 1511 3011 ή
1547 2942 1646 3012 τῆς
1678 2943 1873 3011 γέννας

288 3019 452 3094 λίμνη
473 3040 488 3087 ;
527 3024 556 3076 6
576 3027 922 3097 παράδεισος.

941 3141 1098 3195 ΚΕΦ.
1141 3143 1215 3196 Ε⁹.

797 3233 937 3300 Περὶ
967 3233 1077 3301 τῆς
1104 3233 1357 3303 ἐλάφου.

365 3345 524 3398 Ἔστι
547 3344 604 3398 δὲ
630 3345 663 3415 ή
690 3344 888 3415 ἔλαφος
913 3347 1196 3420 μόρφωσιν
1225 3345 1422 3417 ἔχουσα
1454 3346 1653 3418 ἀγρίας
1679 3347 1872 3419 δορκά-

289 3435 413 3498 δοςο
447 3434 510 3487 τὸ
547 3435 616 3488 δὲ-
652 3435 820 3508 κέρας
860 3438 1030 3508 αὐτῆς
1061 3432 1341 3510 τρίαρχον,
1395 3437 1537 3491 κατὰ
1575 3437 1675 3501 τὰς
1721 3439 1873 3508 τρεῖς

292 3525 682 3591 ἀνακαινίσεις.
713 3530 788 3599 Ζῇ
817 3528 874 3581 δὲ
918 3528 1012 3600 ἐτη
1061 3531 1420 3602 πεντήκοντα,
1464 3530 1558 3583 καὶ
1594 3529 1871 3601 διατρὲχει

290 3624 368 3688 ὡς
406 3624 569 3687 καλὸς
598 3623 830 3696 δρομεὺς
858 3625 960 3688 τὰς
988 3625 1164 3688 νάπας
1195 3625 1302 3678 τῶν
1328 3625 1490 3690 ὑλῶν,
1522 3626 1615 3680 καὶ
1643 3626 1741 3689 τὰς
1769 3625 1872 3694 φά-

295 3731 507 3784 ραγγας
543 3715 652 3768 τῶν
695 3717 888 3788 ὀρέων,
923 3717 1016 3770 καὶ
1065 3717 1414 3788 ὀσφραίνεται
1443 3717 1542 3782 τὰς
1587 3717 1726 3782 ὀπὰς
1762 3716 1873 3770 τῶν

289 3807 557 3879 ἑρπετῶν,
601 3808 694 3860 καὶ
741 3808 833 3862 τὸν
878 3808 1002 3879 ὅφιν
1043 3809 1258 3880 ὅπηπερ
1303 3809 1643 3880 διατρίϐοντα
1689 3827 1870 3881 παρα-

290 3900 484 3971 χρῆμα
514 3899 830 3968 γιγνώσκει,
858 3899 954 3952 καὶ
980 3899 1184 3962 εὐθέως
1205 3899 1386 3969 τίθησι
1423 3900 1522 3971 τὴν
1552 3903 1672 3972 ῥῖνα
1702 3901 1872 3972 αὐτῆς

292 3991 392 4043 ἐπὶ
423 3991 522 4062 τὴν
551 3990 719 4060 θύραν
751 3991 851 4059 τῆς
880 3991 1039 4060 ὀπῆς,
1073 3992 1166 4044 καὶ
1193 3994 1408 4062 ἀναιρεῖ
1432 3992 1532 4062 τὴν
1561 3991 1750 4062 πνοὴν,
1777 3993 1874 4044 καὶ

293 4085 456 4152 ἐξιὼν
477 4088 507 4140 6
534 4085 656 4156 ὄφις
699 4085 958 4139 εἰσϐαίνει
995 4086 1076 4148 εἰς
1102 4086 1192 4138 τὸν
1231 4085 1479 4156 λάρυγγα
1509 4086 1610 4155 τῆς
1647 4086 1870 4153 ἐλάφου,

293 4182 330 4252 ή
369 4179 424 4232 δὲ
453 4177 742 4232 καταπίνει
765 4176 947 4230 αὐτόν.
978 4175 1078 4229 Διὰ
1103 4175 1262 4228 τοῦτο
1300 4175 1495 4243 ἔλαφος
1528 4175 1872 4246 ὀνομάζεται,

291 4271 383 4324 διὰ
414 4271 474 4322 τὸ
514 4269 652 4322 ἑλεῖν
686 4269 811 4332 τοὺς
851 4267 1002 4336 δφεις
1046 4268 1110 4320 ὲκ
1141 4267 1237 4322 τοῦ
1279 4266 1492 4337 βάθους.
1529 4267 1724 4338 Τρέχει
1766 4267 1876 4340 γὰρ

294 4365 388 4417 ἐπὶ
420 4363 518 4428 τὰς
553 4364 737 4434 πηγὰς
768 4362 878 4416 τῶν
923 4362 1148 4428 ὑδάτων,
1186 4363 1281 4416 καὶ
1311 4363 1377 4433 ἢν
1423 4363 1496 4434 μὴ
1539 4366 1687 4434 τρεῖς
1725 4363 1875 4436 ὥρας

1973 1802 2252 1857 miscetur.
2292 1801 2412 1856 Jam
2460 1819 2584 1858 cum
2636 1805 2804 1859 instat
2835 1807 3076 1875 pariendi
3119 1818 3328 1878 tempus
3366 1811 3542 1865 lacum

1972 1895 2308 1964 ingreditur,
2350 1903 2728 1966 pertentatque
2757 1913 2988 1970 aquam;
3052 1917 3158 1970 qua
3216 1905 3547 1959 mammillas

1974 2002 2147 2055 usque
2203 1988 2545 2057 pertingente
2574 1989 2733 2056 parit.
2773 1969 2839 2042 Si.
2866 1994 3008 2044 enim
3040 1969 3094 2044 in
3134 1998 3333 2045 terram
3360 1993 3549 2050 ederet

1975 2077 2174 2140 fetum,
2225 2078 2365 2131 haud
2429 2078 2627 2132 elevari
2685 2089 2912 2148 posset,
2985 2098 3107 2136 cum
3178 2085 3545 2142 membrorum

1973 2167 2330 2236 compagibus
2361 2175 2562 2219 careat.

2554 2459 2947 2531 Inlerpretatio.

2046 2569 2390 2628 Manifestum
2413 2581 2518 2637 est,
2540 2575 2776 2643 primum
2807 2581 3088 2645 parentem
3119 2576 3407 2643 Adamum,
3436 2593 3548 2634 non

1977 2668 2036 2713 ut
2055 2659 2220 2714 Evam
2243 2660 2623 2718 inobedientiae
2643 2663 2846 2731 lignum
2865 2675 3260 2736 praegustasse;
3297 2667 3385 2722 illa
3403 2669 3548 2726 enim

1976 2752 2125 2807 dedit
2157 2752 2316 2818 viro;
2355 2753 2450 2822 qui
2472 2760 2534 2806 ut
2563 2755 2821 2819 comedit,
2883 2757 3025 2811 ensit
3063 2768 3394 2829 praeceptum
3437 2758 3547 2816 Do~

1978 2841 2113 2895 mini
2160 2850 2565 2912 transgressum
2609 2857 2752 2900 esse.
2797 2844 2934 2911 Quis
2974 2847 3397 2918 igitur-partus?
3424 2866 3547 2921 peo-

1979 2939 2162 2986 catum
2189 2949 2204 2997 ;
2237 2941 2293 2986 et
2324 2932 2479 2988 locus
2518 2933 2612 2988 ubi
2637 2936 2848 3005 peperit
2879 2938 3040 3008 quis?
3065 2941 3372 3009 paradisus,

2634 3149 2785 3205 CAP.
2828 3151 2895 3206 ν.

2607 3238 2684 3293 Dc
2736 3258 2905 3294 cervo.

2044 3349 2252 3406 Cervus
2281 3349 2480 3405 similis
2510 3356 2596 3404 est
2625 3350 2861 3404 silvestri
2894 3364 3106 3420 caprae;
3149 3351 3294 3407 illius
3340 3367 3550 3408 cornua

1971 3443 2149 3500 tribus
2181 3442 2353 3498 ramis
2384 3441 2817 3513 distinguuntur,
2851 3452 2911 3498 ut
2959 3455 3012 3499 et
3045 3443 3240 3514 triplex
3285 3455 3369 3500 est
3418 3447 3539 3516 ejus

1973 3533 2097 3588 vitae
2108 3529 2555 3603 reparatioNivit
2572 3533 2716 3587 enim
2735 3547 2907 3588 annos
2927 3533 3338 3605 quinquaginta,
3360 3551 3552 3590 nemo-

1973 3641 2205 3696 rumque
2235 3624 2426 3688 silvas,
2464 3633 2518 3680 et
2546 3625 2812 3679 montium
2846 3624 3036 3691 valles,
3078 3633 3136 3680 ut
3173 3626 3551 3683 velocissimus

1971 3731 2169 3772 cursor
2210 3723 2470 3772 contento
2518 3715 2691 3787 gradu
2745 3716 3060 3787 perlustrat,
3105 3717 3552 3788 serpentiumque

1974 3821 2236 3862 cavernas
2263 3808 2432 3863 odore
2457 3807 2698 3877 indagat,
2724 3815 2777 3863 et
2802 3807 2976 3863 sicubi
3009 3822 3235 3877 serpens
3258 3808 3549 3872 delitescit,

1974 3912 2004 3951 e
2039 3897 2272 3967 vestigio
2317 3897 2708 3962 subodoratur,
2750 3900 3045 3970 statimque
3081 3913 3240 3955 nares
3280 3900 3347 3954 ad
3386 3901 3549 3956 limen

1975 4000 2222 4041 cavernae
2246 3988 2514 4052 admovet,
2535 3989 2866 4058 halitumque
2889 3991 3086 4054 trahit;
3110 3992 3348 4060 prodens
3379 3992 3547 4062 igitur

1976 4090 2203 4144 serpens
2251 4077 2307 4130 in
2340 4075 2528 4131 fauces
2559 4078 2705 4131 cervi
2748 4093 2871 4134 sese
2923 4079 3141 4148 ingerit,
3191 4082 3282 4136 ille
3329 4083 3549 4138 obvium

1977 4162 2222 4230 devorat,
2255 4182 2363 4237 qua
2408 4165 2476 4221 de
2512 4183 2680 4223 causa
2710 4170 3127 4238 appellationem
3172 4171 3399 4228 sortitus
3445 4183 3548 4238 est,

1977 4257 2227 4312 videlicet
2282 4259 2429 4327 quod
2476 4274 2544 4314 ex
2592 4259 2703 4313 imo
2733 4267 3014 4331 serpentes
3057 4261 3123 4316 ad
3178 4277 3238 4318 se
3289 4264 3546 4319 attrahat.

1978 4343 2275 4416 Postquam
2309 4354 2490 4402 autem
2527 4357 2841 4418 serpentem
2895 4366 2963 4405 ex
3003 4351 3254 4407 cavernis
3287 4354 3452 4424 cepit,
3483 4355 3518 4408 il
3539 4374 3552 4385 ·

295 4412 387 4417 ""
432 4412 516 4428 ’νῗ
561 4412 734 4434 ”“”ΙΙ“”’
781 4412 867 4416 ““’”
929 4412 1148 4428 “’⁷’“⁷”⁷
1189 4412 1279 4416 ’⁷⁷⁷⁷
1316 4412 1366 4433 ’1⁷
1423 4412 1496 4434 Γ“Ί
1552 4412 1685 4434 -ι-’“ν
1730 4412 1869 4436 “Γ“¹

294 4454 558 4526 γεύσηται
586 4453 682 4507 τοῦ
717 4453 930 4518 ὓδατος,
961 4453 1186 4524 τελευτᾷ
1211 4469 1225 4483 ⁶
1253 4455 1302 4506 εἰ
1326 4454 1383 4507 δὲ
1413 4453 1548 4528 εὕρῃ
1579 4453 1744 4527 ὕδωρ,
1772 4455 1869 4510 πά-

1980 4437 2088 4493 lico
2127 4412 2196 4492 ad
2240 4453 2506 4510 aquarum
2556 4412 2732 4496 fontes
2779 4440 3057 4497 decurrit:
3108 4445 3253 4514 quod
3299 4412 3550 4500 si-trium

295 4548 380 4622 λιν
411 4547 476 4618 ζῇ
506 4547 598 4618 ἐτη
633 4548 991 4618 πεντήκοντα.
1017 4546 1116 4598 Διὰ
1136 4545 1294 4600 τοῦτο
1324 4543 1474 4600 εἶπεν
1498 4549 1527 4601 6
1552 4548 1838 4620 προφήτης
1855 4564 1870 4578 ·

301 4641 412 4694 Ὃν
439 4641 663 4707 τρόπον
706 4636 983 4692 ἐπιποθεῖ
1023 4637 1063 4703 ἡ
1112 4636 1340 4705 ἔλαφος
1382 4637 1482 4691 ἐπὶ
1524 4638 1633 4704 τὰς
1678 4640 1875 4710 πηγὰς

297 4729 414 4785 τῶν
447 4730 702 4794 ὑδάτων,
737 4729 925 4794 οὕτως
962 4727 1239 4782 ἐπιποθεῖ
1264 4728 1304 4796 ἡ
1345 4729 1518 4799 ψυχή
1550 4747 1673 4800 μου
1721 4732 1875 4799 πρὸς

297 4821 394 4886 σὲ,
425 4824 458 4875 ό
499 4821 663 4885 Θεός.

925 5041 1261 5109 Ἐρμηνεὲα.

369 5157 474 5213 Καὶ
503 5159 568 5212 σὺ
586 5149 698 5221 οὖν,
728 5154 885 5223 νοητὲ
904 5153 1176 5224 ἄνθρωπε.
1201 5154 1348 5224 τρεῖς
1374 5153 1472 5222 μὲν
1509 5153 1875 5215 ἀνακαινίσεις

298 5247 468 5318 ἔχειςο
495 5245 697 5301 τούτων
718 5245 751 5315 ἡ
781 5245 878 5314 μὲν
902 5242 1014 5296 ἔστι
1039 5242 1100 5295 τὸ
1118 5241 1398 5310 βάπτισμα
1411 5241 1511 5311 τῆς
1539 5241 1873 5311 ἀφθαρσίας,

297 5341 334 5412 ﬂ
361 5339 418 5394 δὲ
447 5339 508 5393 τὸ
532 5340 776 5410 χάρισμα
803 5335 902 5404 τῆς
948 5333 1240 5394 υἱοθεσίας,
1267 5331 1362 5385 καὶ
1388 5332 1423 5401 ἡ
1459 5331 1736 5401 μετάνοια.
1765 5332 1877 5384 Καὶ

298 5423 387 5477 ὅτε
431 5423 595 5497 εὕρῃς
638 5421 728 5475 τὸν
762 5421 887 5491 ὅφιν
918 5421 975 5475 ὲν
1008 5423 1073 5491 τῇ
1120 5418 1318 5490 καρδίᾳ
1358 5435 1450 5471 σου
1477 5418 1744 5489 (τουτέστι
1777 5418 1876 5489 τὴν

300 5515 618 5587 ἁμαρτίαν),
649 5514 905 5585 δρομαῖος
933 5511 1100 5583 χώρει
1133 5510 1227 5564 ἐπὶ
1265 5510 1361 5573 τὰς
1400 5508 1582 5580 πηγάς
1610 5508 1718 5562 τῶν
1746 5509 1874 5564 ὑδά-

374 5676 390 5705 ¹
421 5681 569 5742 Psal.
608 5699 719 5752 xm,
751 5684 805 5739 2.

541 5779 809 5838 ΡΑτιιοι..
849 5777 964 5836 Gn.
1007 5771 1229 5835 XLI".

1980 4528 2239 4584 horarum
2279 4530 2456 4600 spatio
2486 4545 2625 4600 aqua
2658 4547 2716 4588 se
2745 4533 2962 4603 explere
3006 4549 3114 4590 non
3147 4543 3349 4606 potest,
3385 4538 3553 4593 mori-

1977 4625 2106 4687 tur;
2135 4619 2220 4676 sin
2259 4628 2440 4676 autem
2474 4636 2630 4692 aquae
2661 4630 2820 4691 potus
2851 4624 3117 4696 obtingat,
3151 4627 3220 4681 ad
3253 4642 3428 4683 annos
3455 4629 3552 4684 de-

1979 4727 2089 4767 nuo
2117 4712 2515 4784 quinquaginta
2558 4714 2727 4769 vitam
2761 4717 3052 4784 protrahit.
3090 4715 3246 4773 Unde
3286 4719 3550 4789 propheta

1979 4803 2188 4860 David:
2224 4805 2374 4860 Sicut
2413 4807 2677 4863 desiderat
2715 4825 2896 4865 cervus
2934 4812 3003 4864 ad
3048 4812 3216 4880 fontes
3267 4831 3548 4884 aquarum,

1977 4897 2052 4950 sic
2087 4897 2353 4952 desiderat
2381 4900 2562 4953 anima
2593 4917 2708 4954 mea
2737 4901 2807 4954 ad
2833 4910 2900 4969 te,
2926 4901 3066 4957 Deus
3101 4907 3138 4956 ¹.

2503 5064 2505 5067 .
2563 5014 2960 5084 lnlerpretatio.

2047 5125 2128 5179 Tu
2161 5126 2344 5196 igitur.
2378 5127 2683 5196 spiritualis
2710 5131 2894 5193 homo,
2931 5139 3041 5186 tres
3082 5131 3249 5186 habes
3276 5141 3521 5189 restaura
3542 5164 3565 5172 -

1977 5217 2196 5271 tiones:
2231 5217 2565 5288 baptismum
2617 5221 2827 5276 scilicet
2874 5221 3324 5293 ineorruptionis,
3369 5225 3552 5280 ﬁlialis

1977 5306 2283 5377 adoptionis
2331 5309 2582 5380 gratiam,
2613 5317 2776 5382 atque
2805 5313 3199 5382 pcenitentiam.
3245 5314 3302 5369 Si
3333 5315 3551 5386 quando

1978 5406 2308 5470 serpentem,
2345 5399 2398 5455 id
2438 5409 2524 5455 est
2554 5409 2861 5472 peccatum,
2895 5402 3040 5458 intra
3086 5403 3270 5458 cordis
3297 5416 3550 5458 recessus

1978 5490 2428 5561 deprehenderis,
2477 5492 2544 5548 ad
2606 5492 2783 5550 fontes
2834 5510 3121 5566 aquarum,
3176 5496 3280 5548 hoc
3329 5500 3435 5558 est,
3479 5491 3548 5548 ad

3156 5773 3234 5833 '17
