3978 6220
392 313 494 370 5‘33
540 311 542 315 ⁷

390 523 639 578 videlicet
686 520 914 593 gratiam
953 519 1431 592 (quemadmodum
1466 521 1745 590 propheta:
1794 520 1966 575 inter-

390 616 695 684 pretantur)
724 612 897 668 hauri.
930 611 1065 666 Nam
1096 611 1141 667 si
1175 611 1765 683 pmnitentiamegeris,
1790 612 1860 670 ab
1878 627 1964 679 ea,

391 707 585 761 lterum
620 705 793 760 deleto
817 704 1036 774 penitus
1068 711 1315 773 peccato,
1352 701 1720 772 reparaberis.

1037 896 1187 952 CAP.
1230 896 1318 952 Vl.

1024 988 1100 1042 De
1140 988 1342 1058 aquila.

460 1103 654 1174 Aquila
685 1103 970 1159 volucrum
1002 1100 1214 1173 regina,
1245 1118 1276 1157 a
1306 1101 1627 1173 longissima
1654 1099 1767 1156 vita
1800 1098 1968 1156 deno-

388 1193 742 1248 minationem
767 1190 1001 1262 accipit;
1025 1190 1159 1246 vivit
1187 1190 1330 1246 enim
1358 1205 1531 1247 annos
1558 1199 1795 1245 centum.
1824 1187 1963 1244 Cum

390 1298 518 1339 vero
557 1283 828 1346 senescit,
866 1290 1105 1337 rostrum
1138 1283 1187 1337 ei
1235 1282 1573 1347 incurvatur,
1619 1281 1964 1351 caligantque

389 1375 556 1439 oculi,
590 1373 663 1428 ita
694 1378 753 1426 ut
791 1386 890 1427 nec
925 1371 1109 1427 videre
1157 1371 1353 1443 possit,
1383 1386 1484 1428 nec
1525 1369 1705 1424 cibum
1746 1383 1960 1437 capere.

388 1468 557 1538 igitur
591 1465 647 1522 in
693 1466 862 1520 altum
896 1479 1017 1522 sese
1049 1464 1269 1529 attollit,
1318 1472 1372 1520 ct
1421 1464 1475 1518 in
1523 1472 1850 1533 praeruptam
1905 1476 1963 1517 se

391 1554 609 1624 projicit
648 1569 860 1624 rupem,
894 1553 960 1608 ad
995 1568 1160 1624 quam
1193 1562 1433 1610 rostrum
1467 1552 1661 1620 allidit,
1692 1560 1747 1608 et
1780 1567 1839 1607 se
1868 1550 1963 1605 fri-

389 1641 530 1712 gidis
556 1640 1018 1714 immergitaquis,
1050 1641 1421 1712 adversusque
1451 1640 1658 1696 solarcs
1691 1638 1875 1695 radios
1905 1638 1965 1694 se

1675 324 1879 384 DUBIA
1907 324 2048 381 ΛΒΤ
2090 319 2363 383 ΞΡΠΒΙᾹ.

391 432 794 503 Scripturarum
830 429 1192 501 scaturigines
1212 428 1394 485 statim
1428 428 1679 500 confuge,
1714 437 1961 485 sanctam

2071 447 2191 497 των,
2221 430 2387 505 ἤγουν
2414 433 2501 488 ἐπὶ
2531 435 2654 499 τοὺς
2677 436 2936 507 κρουνοὺς
2968 436 3072 491 τῶν
3100 437 3328 508 Γραφῶν
3355 441 3519 509 (κατὰ
3540 442 3645 505 τὰς
3745 479 3757 488 -

3430 376 3433 379 η
3529 324 3710 383 εὸῗό-

2065 523 2467 594 ἑρμηνευούσας
2501 528 2878 600 προφητείας),
2913 530 3008 583 καὶ
3048 530 3137 583 πίε
3169 530 3304 604 ὓδωρ
3334 532 3463 597 ζῶν,
3481 551 3652 588 τουτ-

2068 616 2182 669 ἐστι
2225 616 2287 670 τὸ
2342 617 2495 687 ἅγιον
2543 619 2736 690 δῶρον.
2782 621 3065 677 Κοινωνῶν
3104 622 3211 694 γὰρ
3242 624 3301 675 ὲν
3348 625 3611 696 μετανοίᾳ
3624 626 3689 688 ,ι

2067 705 2346 778 ἁνανεὼσῃ
2371 708 2567 762 σαυτὸν
2593 709 2780 765 λοιπὸν
2809 709 2902 765 διὰ
2930 712 3028 783 τῆς
3053 713 3247 785 αὐτῆς,
3276 714 3371 767 καὶ
3408 714 3655 769 τεθανα-

2065 797 2366 870 τωθήσεται
2389 801 2423 870 ἡ
2452 799 2717 873 ἁμαρτία.

2708 916 2868 970 xm.
2909 918 3003 984 ς’.

2597 1003 2737 1073 Περὶ
2769 1004 2877 1058 τοῦ
2906 1005 3100 1059 ἀετοῦ.

2139 1092 2293 1146 Ἔστι
2326 1091 2435 1166 γὰρ
2463 1094 2491 1146 ὀ
2520 1094 2678 1157 ἀετὸς
2708 1093 2956 1164 βασιλεὺς
2980 1094 3085 1148 τῶν
3105 1096 3326 1168 ὀρνέων.
3361 1097 3543 1164 ’Δετδς
3577 1100 3644 1155 δὲ

2067 1184 2308 1239 καλεῖται
2333 1185 2421 1239 διὰ
2450 1185 2547 1257 τὴν
2581 1186 2869 1240 πολυετίαν
2909 1187 3103 1241 αὑτοῦ·
3137 1184 3289 1253 οὗτος
3321 1190 3418 1259 μὲν
3447 1190 3513 1262 ζῇ
3538 1191 3641 1262 ἐτη

2064 1277 2276 1331 ἑκατόν.
2329 1278 2438 1331 Καὶ
2486 1278 2826 1349 γηράσαντος
2864 1277 3167 1349 γρυποῦται
3214 1281 3244 1332 ὁ
3287 1281 3640 1353 προμυκτὴρ,

2066 1370 2159 1422 καὶ
2186 1368 2628 1439 ἀμϐλυώττουσιν
2664 1370 2713 1421 οἱ
2748 1367 3016 1439 ὀφθαλμοὶ
3046 1367 3229 1434 αὑτοῦ,
3259 1370 3353 1422 τοῦ
3377 1371 3453 1441 μὴ
3477 1370 3642 1442 ὁρᾷν,

2065 1460 2158 1512 καὶ
2189 1460 2288 1512 οὐκ
2322 1458 2493 1529 ἰσχύει
2533 1461 2748 1529 φαγεῖν.
2787 1458 3097 1530 ’ᾼνέρχεται
3130 1459 3185 1512 δὲ
3223 1461 3303 1523 είς
3330 1459 3462 1529 ὕψος
3489 1459 3638 1524 λίαν,

2065 1549 2366 1621 καὶρρίπτει
2394 1549 2583 1602 ἑαυτὸν
2610 1549 2702 1603 ἐπὶ
2727 1548 3036 1621 ἀκροτόμω
3067 1549 3292 1620 πέτρας,
3325 1550 3606 1621 προσκροὺ
3627 1582 3641 1590 -

2066 1658 2161 1705 σας
2190 1624 2328 1713 αὐτῇ
2373 1641 2435 1694 τὸ
2483 1640 2719 1713 ῥάμφος,
2767 1640 2862 1694 καὶ
2907 1639 3121 1694 λούεται
3164 1642 3245 1704 είς
3289 1640 3389 1712 τὴν
3421 1622 3645 1712 culpis

389 1732 636 1802 opponit,
681 1739 923 1802 tuncque
955 1748 1020 1788 ex
1073 1732 1247 1789 oculis
1291 1732 1496 1788 cadunt
1541 1731 1856 1803 lippidines,
1896 1744 1960 1786 ac

2071 1734 2279 1803 λίμνην,
2311 1734 2405 1787 καὶ⁵
2448 1733 2682 1805 κάθηται
2730 1730 2871 1786 κατὰ
2914 1731 2977 1786 τὸ
3021 1731 3244 1804 ἡλιακὸν
3282 1732 3502 1804 θερμόν.
3536 1729 3642 1784 Πί-

390 1825 588 1881 iterum
615 1824 940 1895 iuvenescit.

989 2003 1376 2072 lnlerprelalio.

461 2094 539 2152 Tu
572 2097 756 2170 igitur,
796 2113 830 2151 ο
874 2097 1176 2167 spiritualis
1223 2098 1404 2156 homo,
1447 2108 1572 2149 cum
1615 2093 1960 2149 multitudine

386 2193 734 2258 peccatorum
780 2184 950 2240 fueris
1000 2198 1320 2254 oppressus,
1373 2182 1425 2236 in
1488 2183 1656 2236 altum
1703 2182 1960 2249 ascende,

388 2278 491 2331 hoc
540 2283 626 2331 est
663 2273 720 2329 in
758 2282 907 2329 tuam
955 2272 1130 2342 ipsius
1166 2269 1578 2336 conscientiam,
1618 2279 1780 2340 atque
1815 2277 1867 2324 te
1892 2270 1960 2325 ad

390 2377 598 2435 petram
624 2403 642 2430 ,
690 2365 899 2420 scilicet
949 2361 1017 2417 ad
1087 2360 1244 2416 (idem
1312 2361 1671 2416 orthodoxam
1734 2361 1959 2431 projice,

388 2458 525 2513 delle
574 2460 917 2526 peccatorum
967 2461 1183 2508 tuorum
1218 2451 1642 2517 multitudinem,
1681 2462 1735 2507 et
1764 2467 1958 2523 perpe-

384 2549 495 2605 tuis
522 2555 576 2604 te
606 2547 782 2616 aquis,
814 2543 873 2602 id
906 2553 991 2601 est
1021 2542 1300 2614 lacrymis,
1338 2544 1676 2613 abstergens,
1706 2544 1839 2600 solis
1874 2558 1963 2598 ra-

384 2638 492 2694 diis
517 2637 807 2703 iuealesce,
842 2638 945 2691 hoc
973 2642 1057 2693 est
1096 2634 1153 2691 in
1188 2642 1335 2689 creto
1366 2633 1623 2707 ﬁdelium,
1649 2640 1703 2689 et
1740 2635 1796 2689 in
1829 2650 1960 2690 san-

386 2735 480 2783 (ιο
526 2726 733 2798 Spiritu
773 2725 842 2782 ad
872 2726 1109 2781 calorem
1159 2723 1489 2794 pmniteutize
1518 2737 1768 2794 propera,
1804 2723 1962 2795 lippi-

382 2816 564 2882 tlines,
593 2816 647 2872 ld
672 2827 758 2875 est
811 2824 1034 2888 peccata
1078 2815 1274 2886 abjice,
1316 2814 1502 2871 statim
1536 2815 1683 2871 enim
1726 2829 1960 2871 renovato

383 2911 532 2968 bitur
581 2920 641 2967 ut
695 2910 891 2981 aquilae
926 2909 1186 2980 juventus
1218 2917 1333 2974 tua,
1368 2916 1426 2963 et
1455 2907 1641 2977 justus
1674 2906 1960 2965 vocaberis

387 3005 529 3075 apud
558 3004 748 3061 Deum.

1019 3091 1170 3149 CAP.
1210 3091 1322 3149 Vll.

988 3183 1065 3238 De
1105 3184 1326 3239 vulture.

463 3299 658 3354 Vultur
689 3298 901 3356 cunctis
934 3297 1129 3354 avibus
1161 3296 1411 3352 voracior
1448 3305 1533 3353 est
1558 3315 1573 3364 ;
1603 3296 1963 3369 quadraginta

387 3391 530 3445 enim
564 3388 756 3444 diebus
792 3386 918 3443 cibo
960 3385 1216 3452 abstinet,
1245 3401 1405 3456 quem
1449 3401 1576 3441 cum
1609 3386 1834 3451 invenit,
1867 3394 1966 3442 tot-

390 3478 529 3532 idem
582 3491 641 3531 se
690 3490 758 3530 ex
804 3474 898 3531 illo
941 3474 1097 3530 libris
1143 3472 1458 3545 ingurgitat,
1496 3473 1679 3544 itaque
1727 3474 1962 3545 quadra-

387 3567 661 3639 genariam
694 3564 1078 3623 abstinentiam
1101 3564 1532 3637 quadragenaria
1563 3565 1801 3636 ingluvie
1823 3581 1963 3622 com-

387 3666 599 3729 pensat.

973 3765 1373 3838 Interpretatio.

459 3860 542 3916 Tu
585 3860 771 3932 igitur,
815 3859 1121 3931 spiritualis
1156 3859 1338 3928 homo,
1367 3859 1461 3930 qui
1507 3860 1561 3914 in
1610 3860 1963 3933 quadragesi-

388 3951 513 4007 ωειιὶ
541 3950 751 4023 jejunio
796 3949 1134 4007 Dominicam
1157 3950 1608 4008 resurrectin
1652 3960 1961 4023 exspectas,

387 4043 498 4099 noli
556 4040 733 4099 ventri
781 4038 925 4097 foedo
983 4040 1298 4111 indulgere,
1356 4056 1422 4096 ne
1472 4040 1964 4115 quadragesimalis

387 4135 728 4197 abstinentiae
760 4135 1012 4193 meritum
1040 4135 1258 4205 perdas.

1015 4248 1167 4303 CAP.
1206 4246 1338 4302 VH.

1016 4340 1086 4392 De
1114 4340 1373 4409 pelicum).

454 4434 572 4491 ΡΜ
631 4433 888 4489 oili-tibus
941 4431 1256 4486 volucribus
1316 4431 1594 4500 pelieanus
1654 4430 1823 4501 prolis
1877 4440 1962 4486 est
1992 4453 2036 4507 ι)

388 4539 598 4590 annos,
640 4524 844 4581 femina
901 4522 1029 4578 nido
1066 4521 1312 4587 incubat,
1369 4522 1545 4593 pullos
1596 4536 1727 4577 suos
1777 4529 1962 4576 custo-

385 4616 564 4683 diens,
604 4616 864 4686 ipsosque
913 4613 1062 4672 fovet
1109 4613 1617 4684 eompleetiturque,
1671 4622 1726 4667 et
1778 4612 1961 4669 nimiis

387 4706 595 4762 osculis
625 4706 853 4771 sauciat,
901 4703 1143 4776 perforat
1186 4705 1372 4774 itaque
1421 4704 1635 4758 illorum
1675 4703 1868 4767 latera,
1906 4712 1960 4760 et

387 4801 465 4856 illi
496 4796 825 4855 moriuntur.
860 4796 989 4855 Post
1012 4805 1129 4854 tres
1160 4812 1292 4854 vero
1314 4796 1437 4853 dies
1481 4795 1692 4852 accedit
1717 4812 1834 4852 mas
1869 4812 1959 4868 pe.

387 4894 621 4956 iicanus,
655 4899 710 4946 et
742 4898 987 4947 mortuos
1014 4889 1222 4945 invenit
1251 4889 1445 4960 pullos,
1474 4897 1528 4943 et
1552 4888 1707 4944 valde
1744 4890 1962 4959 angitur

386 4983 683 5052 doloreque
739 4982 1011 5052 impulsus
1055 4981 1336 5053 proprium
1407 4981 1546 5035 latus
1612 4981 1844 5050 percutit
1897 4995 1961 5036 ac

387 5075 643 5142 terebrat,
669 5081 995 5145 emanatque
1034 5074 1277 5147 sanguis,
1319 5088 1478 5144 quem
1518 5087 1683 5143 super
1717 5083 1961 5129 mortuo-

386 5180 506 5221 rum
536 5162 810 5253 pullorum
837 5162 1061 5219 vulnera
1094 5161 1342 5229 instillat,
1383 5163 1474 5233 qui
1520 5163 1598 5219 sic
1642 5163 1766 5218 vita:
1799 5161 1960 5219 resti-

385 5266 636 5313 ιιιιιιιιυν.

982 5543 1010 5599 1
1018 5553 1274 5614 nlerpreta
1283 5546 1375 5603 tio.

459 5634 550 5691 Sic
585 5636 847 5693 Dominus
886 5646 1070 5694 noster
1104 5635 1264 5693 Jesus
1298 5634 1574 5698 Christus,
1622 5630 1780 5699 cujus
1821 5628 1960 5682 latus

389 5722 573 5780 lancea
600 5728 839 5795 aperuit,
859 5727 1226 5795 continuoque
1264 5721 1486 5792 sanguis
1518 5728 1571 5776 et
1600 5732 1741 5789 aqua
1756 5717 1957 5810 ﬁnivit,

2064 1841 2256 1878 πτουσι
2303 1822 2359 1877 δὲ
2386 1823 2602 1888 λεπίδες
2635 1823 2741 1877 ἀπὸ
2774 1823 2883 1876 τῶν
2911 1822 3224 1895 ὀφθαλμῶν,
3264 1824 3357 1877 καὶ
3391 1823 3552 1878 πάλιν
3577 1824 3641 1887 ἐς

2064 1913 2213 1980 νέους
2249 1912 2420 1968 τελεῖν
2447 1913 2692 1985 ἄρχεται.
3156 1914 3165 1924 “

2686 2006 3022 2077 Ἑρμηνεία.

2132 2096 2243 2150 Καὶ
2285 2097 2349 2151 σὺ
2394 2088 2508 2164 οὖν,
2532 2097 2688 2169 νοητὲ
2718 2097 2995 2169 ἄνθρωπε,
3030 2099 3157 2152 ὅταν
3189 2098 3359 2152 πολλὰ
3394 2099 3640 2170 ἁμαρτή-

2065 2201 2184 2257 σῃς,
2214 2185 2404 2241 ἄνελθε
2434 2188 2514 2252 εἰς
2556 2187 2710 2257 ὕψος,
2738 2188 3016 2242 τουτέστιν
3039 2189 3120 2254 εἰς
3146 2189 3207 2244 τὸ
3243 2189 3478 2253 συνειδός
3515 2207 3639 2254 σου,

2063 2279 2159 2333 καὶ
2191 2280 2347 2350 ρίψον
2381 2281 2441 2333 σὲ
2480 2279 2622 2334 κατὰ
2671 2281 2897 2352 πέτραν,
2927 2282 3097 2352 ἤγουν
3118 2282 3198 2346 εἰς
3234 2283 3334 2353 τὴν
3356 2282 3642 2352 ὀρθόδοξον

2063 2370 2264 2437 πίστιν,
2301 2370 2531 2425 κλαῦσον
2575 2371 2636 2424 τὸ
2682 2371 2885 2441 πλῆθος
2915 2372 3020 2426 τῶν
3048 2372 3330 2445 ἁμαρτιῶν
3373 2390 3490 2427 σου.
3543 2372 3640 2427 Ἐν

2061 2462 2127 2532 τῇ
2151 2460 2313 2532 λίμνῃ
2345 2460 2705 2532 καθαρίσθητι
2731 2464 2853 2526 ταῖς
2876 2462 3202 2534 δακρυροαϊς
3249 2481 3364 2518 σου.
3394 2465 3641 2535 Θερμάν-

2062 2546 2185 2617 θητι
2215 2546 2357 2601 κατὰ
2407 2546 2499 2601 τὸν
2539 2547 2711 2619 ἥλιον,
2755 2550 2923 2621 ἧγουν
2961 2548 3107 2604 κατὰ
3146 2551 3249 2623 τὴν
3288 2553 3637 2624 Ἐκκλησίαν,

2062 2639 2156 2691 καὶ⁵
2188 2637 2329 2693 κατὰ
2371 2637 2433 2691 τὸ
2473 2638 2629 2707 ἅγιον
2672 2638 2925 2711 Πνεῦμα,
2964 2640 3198 2697 σπεῦσον
3242 2642 3342 2713 τὴν
3370 2645 3641 2714 ταχίστην

2062 2727 2153 2783 ἐπὶ
2184 2728 2282 2800 τὴν
2312 2727 2524 2801 θέρμην
2557 2732 2657 2800 τῆς
2684 2731 2991 2802 μετανοίας.
3045 2731 3228 2802 Ῥίψον
3259 2733 3369 2787 ἀπὸ
3399 2733 3491 2786 σοῦ
3534 2734 3638 2797 τὰς

2060 2820 2302 2886 λεπίδος,
2327 2821 2425 2886 τὰς
2462 2823 2756 2894 ἁμαρτίας,
2794 2825 2890 2878 καὶ
2916 2825 3079 2880 πάλιν
3102 2824 3636 2897 ἀνακαινισθήσεται,

2059 2912 2135 2977 ὡς
2171 2912 2351 2980 ἀετοῦ,
2381 2917 2413 2984 ἡ
2454 2914 2643 2985 νεότης
2682 2933 2800 2981 σου,
2833 2918 2925 2972 καὶ
2962 2916 3171 2982 δίκαιος
3216 2918 3459 2992 ὀνομάσῃ
3482 2918 3639 2990 παρὰ

2061 3006 2137 3077 τῷ

2717 3102 2874 3159 ΚΕΦ.
2915 3106 2990 3160 Z'.

2579 3190 2719 3261 Περὶ
2758 3191 2864 3247 τοῦ
2891 3193 3102 3262 γυπός.

2147 3300 2205 3356 '0
2240 3299 2352 3371 γὺψ
2381 3299 2567 3374 δρνεόν
2598 3303 2716 3356 ἐστι
2734 3303 2801 3373 τῇ
2826 3302 2963 3374 ἥττῃ
2978 3302 3087 3373 τῆς
3109 3304 3343 3376 γαστρὸς
3366 3304 3435 3359 τὰ
3454 3303 3635 3361 πάντα

2064 3391 2507 3466 ὑπερακοντίζον.
2555 3386 2724 3457 Οὗτος
2764 3393 3038 3448 ἀπαστίαν
3073 3395 3197 3464 ἄγει
3226 3396 3636 3468 τεσσαράκοντα

2062 3481 2172 3538 τῶν
2213 3480 2460 3554 ἡμερῶν,
2503 3482 2570 3554 ἢν
2611 3481 2672 3537 δὲ
2719 3480 2899 3553 λαχὼν
2965 3481 3093 3551 «se;
3158 3480 3277 3555 (sic)
3319 3485 3634 3556 ἐδέσμασιν,

2063 3571 2232 3628 ἐσθίει
2278 3572 2468 3645 λίτρας
2492 3572 2915 3647 τεσσαράκοντα,
2947 3572 3041 3627 καὶ
3072 3573 3378 3646 ἀναπληροῖ
3394 3574 3490 3646 τὴν
3516 3574 3631 3630 τῶν

2060 3664 2467 3740 τεσσαράκοντα
2496 3665 2717 3740 ἡμερῶν
2742 3666 2978 3721 ἀσιτίαν.

2699 3781 3030 3850 Ἐρμηνεία.

2134 3872 2243 3927 Καὶ
2268 3871 2354 3937 σὺ,
2382 3872 2539 3945 νοητὲ
2568 3871 2846 3945 ἄνθρωπε,
2872 3871 2933 3937 ὃς
2955 3871 3227 3926 ἀπαστίαν
3256 3867 3390 3944 ἦγες
3420 3871 3641 3943 ἡμέρας

2061 3964 2488 4036 τεσσαράκοντα,
2522 3963 2831 4036 προκρίνων
2854 3965 2954 4036 τὴν
2971 3963 3064 4018 τοῦ
3091 3963 3296 4035 Κυρίου
3317 3963 3628 4027 ἀνάστασιν,

2067 4054 2141 4126 μὴ
2187 4053 2350 4128 θέλῃς
2382 4053 2798 4127 γαστριμαργίᾳ
2850 4053 3151 4125 σχολάζειν,
3189 4054 3279 4108 ἵνα
3308 4053 3387 4126 μὴ
3426 4053 3637 4109 ἀποϐα-

2064 4148 2161 4221 λῃς
2186 4145 2286 4219 τὴν
2310 4145 2420 4202 τῶν
2458 4145 2868 4218 τεσσαράκοντα
2898 4144 3119 4217 ἡμερῶν
3148 4144 3414 4217 νηστείαν.
3606 4138 3619 4149 “

2708 4259 2866 4313 ΚΕΦ.
2910 4259 2992 4312 Η’.

2513 4347 2653 4418 Περὶ
2683 4348 2794 4417 τῆς
2824 4345 3174 4414 πελεκᾶνος.

2136 4440 2292 4494 Ἔστι
2344 4438 2454 4509 γὰρ
2499 4439 2533 4510 ὴ
2595 4437 2833 4493 πελεκὰν
2882 4437 3195 4508 φιλότεκνον
3244 4437 3432 4509 ὄρνεον
3479 4440 3633 4510 παρὰ

2064 4530 2242 4587 πάντα
2264 4528 2333 4584 τὰ
2364 4528 2545 4600 δρνεα.
2585 4528 2648 4582 Ἦ
2672 4530 2732 4583 δὲ
2766 4528 2957 4600 θήλεια
2989 4527 3277 4593 καθέζεται
3306 4528 3364 4583 ἐν
3386 4530 3454 4600 τῇ
3486 4546 3638 4585 νεοτ-

2062 4622 2160 4693 τιᾷ
2209 4619 2557 4691 φυλάσσουσα
2611 4619 2682 4675 τὰ
2731 4619 2920 4684 τέκνα,
2979 4619 3075 4674 καὶ
3120 4619 3445 4690 περιθάλπει
3492 4620 3633 4673 αὐτὰ

2063 4711 2416 4783 ἀσπαζομένη
2465 4711 2561 4767 καὶ
2612 4708 2979 4781 κολαφίξουσα
3034 4711 3094 4766 ὲν
3151 4709 3436 4781 φιλήματι,
3490 4707 3636 4772 ὀπὰς

2059 4806 2181 4867 ταῖς
2228 4803 2492 4873 πλευραῖς
2542 4802 2962 4873 κατεργάζεται,
3019 4801 3114 4856 καὶ
3160 4800 3470 4854 τελευτῶσι.
3522 4800 3635 4853 Καὶ

2065 4893 2183 4965 μεθ’
2210 4893 2424 4965 ἡμέρας
2464 4894 2633 4962 τρεῖς,
2667 4890 3113 4962 παραγενομένου
3147 4889 3242 4943 τοῦ
3275 4889 3500 4961 ἄρρενος
3533 4904 3633 4941 πε-

2060 4983 2301 5045 λεκᾶνος,
2336 4981 2430 5034 καὶ
2466 4979 2808 5050 εὑρίσκοντος
2840 4980 2981 5034 αὐτὰ
3019 4978 3337 5050 τεθνηκότα,
3371 4976 3632 5046 ὀλοφύρε-

2058 5088 2148 5125 ται
2177 5070 2277 5142 τὴν
2309 5069 2538 5141 καρδίαν
2581 5068 2722 5124 λίαν.
2758 5069 3149 5140 Πεπληγμένος
3194 5068 3251 5122 δὲ
3299 5066 3396 5121 τοῦ
3443 5067 3630 5130 πόνου,

2060 5160 2338 5230 κολαφίζει
2391 5160 2493 5231 τὴν
2526 5159 2659 5214 ἰδίαν
2709 5160 2970 5230 πλευρὰν,
3025 5159 3121 5213 καὶ
3167 5157 3305 5223 ὀπὰς
3350 5158 3486 5227 αὐτῇ
3528 5157 3632 5228 ὲμ-

2061 5255 2221 5317 ποιεῖ,
2257 5252 2350 5306 καὶ
2388 5253 2655 5324 καταρρεῖ
2696 5245 2858 5324 αἷμα,
2894 5251 3201 5317 ἐπιστάζων
3234 5249 3326 5305 ἐπὶ
3356 5249 3463 5312 τὰς’
3490 5247 3631 5319 πλη-

2059 5343 2161 5412 γὰς
2226 5341 2335 5396 τῶν
2386 5342 2724 5413 τεθνηκότων
2786 5341 3052 5408 νεοσσῶν,
3105 5343 3199 5395 καὶ
3271 5339 3442 5402 οὕτως
3498 5336 3635 5403 ζωο-

2063 5433 2370 5488 ποιοῦνται.

2691 5546 3027 5615 Ἕρμηνεία.

2130 5634 2287 5689 Οὕτω
2318 5636 2412 5688 καὶ
2443 5638 2472 5687 ὁ
2503 5634 2709 5706 Κύριος
2733 5634 2889 5705 ἡμῶν
2933 5634 3142 5706 Ἰησοῦς
3172 5632 3426 5706 Χριστὸς,
3460 5630 3628 5701 λόγχη

2059 5725 2157 5795 τὴν
2186 5724 2424 5795 πλευρὰν
2462 5724 2628 5781 αὐτοῦ
2666 5724 2863 5793 hamis,
2898 5725 2992 5781 καὶ
3012 5724 3214 5788 εὐθέως
3246 5712 3466 5787 ἐξῆλθεν
3496 5717 3634 5785 αἷμα
