3978 6220
279 398 387 452 5‘15

1632 400 2136 459 l‘llYSlOLOGUS.

3400 396 3506 449 52b

275 512 366 565 καὶ
395 509 557 580 ὕδωρ.
611 509 933 576 Ὲπὲσταξεν
973 510 1034 562 τὸ
1068 504 1204 580 αἷμα
1233 510 1325 561 ἐπὶ
1360 512 1486 574 τοὺς
1518 511 1842 582 τεθνηκότας

1957 532 2108 585 super
2136 526 2379 572 mortuos
2401 518 2559 584 filios,
2601 517 2703 570 hoc
2728 524 2808 570 est
2840 514 3100 569 Adamum
3126 522 3181 570 et
3220 513 3382 571 Evam
3405 530 3505 571 cae-

273 603 790 669 νεοσσοὺς,τουτέστι
810 602 901 654 τὸν
947 601 1135 671 Ἀδὰμ,
1167 603 1261 655 καὶ
1286 602 1382 673 τὴν
1407 602 1570 667 Εὕαν,
1598 607 1691 658 καὶ
1717 608 1842 669 τοὺς

277 694 497 755 λοιποὺς
516 694 819 763 προφήτας,
857 693 949 746 καὶ
968 692 1061 745 ἐπὶ
1078 692 1285 756 πάντας
1312 695 1436 757 τοὺς
1453 695 1729 760 θανόντας,
1751 699 1843 751 καὶ

275 784 505 850 ἐφώτισε
533 782 631 851 τὴν
655 782 998 852 οἰκουμένην,
1028 782 1123 835 καὶ
1140 782 1503 854 ὲζωοποίησεν
1532 785 1726 850 αὑτοὺς
1753 788 1843 841 διὰ

272 874 372 945 τῆς
415 875 717 945 τριημέρου
776 874 988 943 ταφῆς,
1040 876 1135 928 κα)⁵
1181 875 1451 946 ὲγέρσεως
1500 876 1684 931 αὑτοῦ.
1742 879 1841 932 Διά

269 964 425 1018 τούτο
457 964 685 1036 ὲλάλησε
718 965 806 1018 διὰ
831 965 924 1017 τοῦ
965 963 1244 1038 Προφήτου
1266 985 1279 997 ·
1318 968 1641 1038 Ὠμοιώθην
1665 973 1841 1023 πελε-

271 1056 404 1113 κᾶνι
440 1054 716 1126 ἐρημικῷ.

912 1172 1070 1225 ΚΕΦ.
1111 1171 1188 1224 Θν.

752 1262 890 1328 Περὶ
925 1261 1036 1329 τῆς
1064 1262 1360 1330 πέρδικος.

343 1349 531 1403 Ἔστιν
578 1352 613 1422 ἡ
660 1350 849 1423 πέρδιξ
896 1351 1242 1416 πολύτεκνος.
1294 1352 1839 1422 Νεοττοποιησαμένη

268 1444 320 1496 δὲ
366 1442 660 1513 πορεύεται
705 1445 739 1514 ἡ
789 1443 975 1513 θῆλυς,
1006 1445 1099 1496 καὶ
1127 1444 1294 1514 γεννᾷ
1336 1443 1406 1496 τά
1448 1443 1530 1496 ὼὰ
1561 1443 1682 1496 καθ’
1714 1444 1841 1497 ἐκά-

270 1551 397 1604 στην
418 1550 431 1564 ·
480 1535 580 1587 καὶ
612 1535 710 1587 οὑκ
743 1535 907 1605 ἀρκεῖ
937 1535 1074 1606 αὑτῇ
1106 1535 1207 1601 τῆς
1254 1534 1390 1599 ἰδίας
1430 1536 1664 1605 γαστρὸς
1697 1537 1725 1587 ό
1754 1535 1841 1587 τό-

268 1642 377 1691 κος,
408 1626 548 1679 ἀλλὰ
599 1626 905 1679 κλέπτουσα
954 1626 1023 1678 τὰ
1070 1625 1151 1678 ὼὰ
1189 1624 1297 1678 τῶν
1335 1624 1651 1695 ἀλλοτρίων,
1688 1626 1839 1695 φέρει

267 1718 402 1771 αὑτὰ
430 1718 528 1770 ἐπὶ
558 1718 658 1788 τὴν
684 1718 929 1771 νεοττιὰν
958 1718 1153 1790 αὐτῆς.

896 1828 1223 1898 Ἑρμηνεία.

336 1920 444 1972 Καὶ
481 1918 548 1971 σὺ
582 1914 696 1982 οὖν,
749 1919 906 1989 νοητὲ
957 1918 1230 1989 ἄνθρωπε,
1270 1920 1397 1972 ὅταν
1445 1918 1644 1981 πολλὰς
1686 1920 1837 1991 ἐλεη-

270 2008 510 2080 μοσύνας
536 2009 788 2079 ποιήσῃς,
827 2008 901 2079 μὴ
930 2008 1204 2078 ἀρκέσωσί
1249 2025 1351 2071 σοι,
1381 2009 1514 2063 ἀλλὰ
1539 2010 1712 2080 δράμε
1761 2013 1839 2074 είς

267 2099 454 2168 ἑτέρας
490 2100 730 2166 ἐντολὰς,
760 2098 857 2152 καὶ
888 2096 1156 2167 πλήθλων
1202 2098 1405 2169 σφόδρα
1450 2100 1548 2170 τὴν
1598 2101 1839 2153 νεοττιάν

268 2207 392 2243 σου·
427 2191 699 2255 τουτέστι,
751 2192 971 2258 ἅγνισον
1015 2191 1112 2261 τὴν
1141 2192 1363 2263 καρδίαν
1395 2208 1510 2255 σου,
1549 2194 1641 2247 καὶ
1678 2192 1840 2263 σκλή-

270 2298 423 2352 ρυνον
449 2281 575 2335 λίαν
622 2283 683 2334 σὲ
710 2283 851 2336 κατὰ
883 2283 991 2337 τῶν
1024 2283 1280 2337 ἐναντίων
1305 2284 1601 2354 δυνάμεων.

901 2396 1081 2466 ,ΚΕΦ.
1125 2398 1183 2452 ιο.

738 2485 877 2553 Περὶ
908 2483 1016 2552 τῆς
1054 2486 1365 2555 τρυγόνος.

340 2577 500 2631 Ἔστι
526 2577 562 2647 ἡ
593 2575 809 2648 τρυγὼν
846 2576 1130 2649 φίλανδρον
1158 2577 1345 2649 ὄρνεον
1379 2576 1532 2648 παρὰ.
1563 2576 1739 2631 πάντα
1772 2576 1842 2633 τὰ

267 2670 511 2735 πετεινὰ,
546 2670 642 2723 καὶ
671 2668 991 2740 πορεύονται
1014 2669 1333 2741 ἀμφότεροι,
1366 2669 1534 2740 ἄρῤεν
1563 2668 1656 2723 καὶ
1683 2667 1838 2740 θῆλυ,

269 2765 362 2818 καὶ
404 2760 842 2825 νεοσσοποιοῦσιν
863 2776 878 2792 °
929 2759 1371 2830 ἀποξευχθέντων
1407 2759 1465 2815 δὲ
1510 2759 1712 2823 αὐτῶν,
1742 2778 1839 2830 φυο

269 2852 527 2906 λάσσουσι
578 2851 677 2920 τὴν
738 2849 1073 2921 μονογαμίαν
1155 2849 1261 2913 ἓως
1302 2849 1486 2913 τέλους
1546 2848 1645 2918 τῆς
1694 2848 1841 2918 ζωῆς

268 2944 465 3001 αὑτῶν.

900 3033 1229 3102 Ἐρμηνεία.

337 3130 451 3185 Καὶ
498 3130 563 3182 σὺ
604 3121 717 3190 οὖν,
752 3125 908 3195 νοητὲ
944 3124 1218 3196 ἄνθρωπε,
1262 3124 1390 3177 ὅταν
1435 3122 1680 3194 πλησθῇς
1715 3122 1838 3175 ἀνο-

273 3220 433 3291 μιιῖιν,
474 3219 569 3273 καὶ
594 3218 721 3291 δόξῃ
747 3234 827 3270 σοι
853 3217 1043 3288 καιρὸς
1073 3214 1167 3268 τοῦ
1195 3214 1539 3285 μετανοῆσαι,
1570 3212 1838 3267 άπόϐαλλε

270 3309 330 3365 τὸ
353 3311 704 3382 κακουργεῖν,
734 3308 825 3360 καὶ
875 3307 950 3379 μὴ
985 3306 1287 3378 περιπέσῃς
1325 3306 1403 3368 εἰς
1436 3305 1619 3374 ἕτερον
1648 3303 1839 3374 ῥύπον,

276 3400 551 3455 τουτέστιν
597 3401 676 3462 είς
714 3398 904 3469 ἑτέραν
954 3397 1248 3468 ἁμαρτίαν,
1289 3395 1423 3450 ἀλλὰ
1467 3394 1704 3465 φύλασσε
1745 3392 1842 3465 τὴν

281 3489 617 3560 μονοταμίαν
649 3505 763 3554 σου,
784 3487 1027 3541 τουτέστι
1052 3488 1142 3540 τὸν
1168 3486 1291 3558 ὅρον
1315 3486 1413 3557 τῆς
1440 3484 1695 3554 γυναικός
1726 3500 1840 3548 σου,

274 3582 360 3638 ἵνα
393 3583 559 3654 εὖρῃς
593 3580 759 3651 μονὴν
788 3581 844 3633 ἐν
871 3582 937 3649 τῇ
972 3579 1200 3650 δευτέρᾳ
1232 3577 1525 3647 παρουσίᾳ.

922 3690 1080 3742 ΚΕΦ.
1121 3678 1229 3743 1Α’.

755 3764 895 3848 Περὶ
928 3778 1030 3832 τοῦ
1065 3778 1356 3847 φοίνικος.

342 3872 522 3936 Φοίνιξ
550 3870 645 3923 τοῦ
688 3870 893 3934 ταῶνος
931 3868 1236 3939 ὼραιοτέρα
1284 3867 1534 3937 ὑπάρχει.
1600 3867 1656 3919 Ὀ
1701 3866 1843 3918 ταὼν

271 3965 385 4035 γὰρ
426 3963 633 4033 χρυσίῳ
671 3962 767 4016 καὶ
810 3962 1059 4032 ἀργυρίῳ
1092 3959 1476 4019 καταπετάσας
1502 3958 1599 4020 τὰς
1648 3956 1845 4027 πτέρυ-

274 4069 383 4123 γας
435 4052 732 4120 κέκτηται·
813 4052 848 4121 ἠ
896 4049 951 4102 δὲ
1007 4050 1202 4119 φοῖνιξ.
1254 4046 1506 4101 ὑακίνθου
1560 4046 1653 4100 καὶ
1707 4062 1847 4115 σμα-

276 4141 476 4214 ράγδου
516 4140 608 4194 καὶ
632 4139 793 4193 λίθων
824 4138 1145 4191 πολυτελῶν.
1182 4137 1386 4207 Τιάραν
1412 4137 1520 4206 γὰρ
1561 4136 1713 4205 φέρει
1754 4134 1846 4187 ἐπὶ

272 4233 373 4305 τὴν
422 4231 684 4301 κεφαλὴν,
724 4230 817 4283 καὶ
864 4229 1075 4299 σφύρας
1125 4227 1346 4296 κατέχει
1398 4227 1489 4278 ἐπὶ
1531 4228 1645 4286 τοῖς
1689 4225 1847 4277 ποσὶν

273 4324 467 4394 αὑτῆς.
526 4322 591 4374 Ἦ
648 4320 820 4390 φοῖνιξ
870 4320 970 4389 τῆς
1036 4318 1225 4380 Ἰνδίας
1279 4318 1445 4386 ἐγγὺς
1513 4316 1844 4380 κοιτάζεται,

278 4416 371 4469 καὶ
400 4415 542 4484 ἀμφὶ
568 4412 636 4465 τὰ
678 4411 1005 4465 πεντακόσια
1036 4409 1127 4481 ἔτη
1155 4407 1245 4462 τὸν
1282 4408 1394 4478 βίον
1422 4407 1599 4475 διάγει
1636 4409 1716 4469 είς
1746 4407 1845 4471 τὰς

1942 614 2198 677 terosque
2214 608 2523 677 prephetas,
2542 616 2596 663 et
2617 622 2778 677 super
2794 621 2986 662 omnes
3001 616 3268 673 mortuos,
3287 610 3508 678 sangui-

1944 715 2066 753 nem
2098 715 2255 755 suum
2291 700 2448 763 fudit,
2476 702 2898 768 universumque
2942 699 3204 753 mundum
3232 699 3503 755 illumina-

1941 792 2039 857 vit,
2085 800 2139 846 et
2182 806 2279 861 per
2314 791 2615 845 triduanam
2667 794 2998 861 sepulturam
3052 806 3117 846 ac
3156 790 3509 846 resurrectio—

1943 896 2064 934 nem
2114 894 2267 936 suam
2317 879 2383 933 ad
2422 879 2587 933 vitam
2630 880 2748 933 illos
2786 880 3016 935 reduxit.
3050 879 3385 949 Quapropter
3412 891 3509 947 per

1940 965 2261 1032 Prophetam
2287 968 2465 1022 dixit:
2503 967 2709 1022 Similis
2743 968 2915 1036 factus
2959 985 3073 1021 sum
3108 967 3348 1036 pelicano
3376 966 3509 1022 εοιί-

1943 1060 2139 1113 tudinis
2164 1060 2201 1115 ¹.

2582 1169 2733 1225 CAP.
2771 1168 2861 1222 IX.

2566 1260 2642 1314 De
2673 1260 2899 1329 perdice.

2009 1349 2204 1406 Perdix
2234 1351 2402 1422 prolis
2437 1350 2666 1407 fecunda
2695 1357 2801 1407 est.
2827 1349 3158 1405 Constructo
3188 1348 3332 1404 enim
3355 1346 3526 1422 nldo,‘

1942 1443 2169 1513 singulis
2198 1443 2390 1498 diebus
2418 1458 2519 1498 ova
2557 1442 2718 1513 parit.
2767 1441 2877 1496 Nec
2909 1457 3038 1496 vero
3070 1440 3274 1511 proprii
3304 1444 3512 1496 ventris

1942 1533 2138 1589 sufﬁcit
2194 1533 2371 1601 fetus;
2431 1549 2618 1589 verum
2669 1533 2899 1587 aliarum
2964 1535 3144 1588 avium
3196 1532 3509 1586 discurrens

1942 1621 2239 1677 suffuratur
2273 1638 2393 1685 ova,
2426 1630 2479 1677 et
2506 1622 2573 1676 ad
2600 1623 2787 1677 nidum
2825 1638 2985 1678 suum
3016 1624 3106 1676 illa
3138 1621 3335 1675 defert.

2531 1821 2923 1891 Interpretatio.

2012 1911 2103 1967 Sic
2132 1922 2213 1977 tu,
2248 1913 2548 1982 spiritualis
2592 1914 2773 1975 homo.
2805 1915 2848 1970 si
2908 1915 3106 1968 multas
3141 1912 3335 1967 feceris
3370 1911 3510 1967 cleo-

1941 2017 2217 2073 mosynas,
2272 2017 2373 2057 nec
2423 2003 2521 2058 tibi
2569 2007 2701 2059 satis
2748 2019 2870 2061 esse
2922 2013 3097 2076 putes,
3147 2004 3241 2060 sed
3290 2002 3359 2057 ad
3405 2001 3513 2057 alia

1939 2104 2207 2166 praecepta
2252 2093 2467 2157 festina,
2520 2103 2575 2149 et
2635 2097 2822 2151 nidum
2866 2105 3019 2153 tuum
3064 2097 3279 2153 abunde
3326 2095 3508 2165 imple.

1941 2187 2045 2241 hoc
2091 2190 2197 2252 est,
2242 2200 2339 2240 cor
2380 2193 2535 2241 tuum
2577 2189 2756 2258 expia,
2805 2197 2859 2243 et
2891 2197 2945 2245 te
2987 2189 3249 2245 adversus
3296 2194 3513 2243 contra-

1939 2276 2054 2331 rias
2082 2284 2393 2357 potestates.
2412 2277 2569 2333 valde
2606 2280 2779 2333 muni.

2603 2391 2752 2445 CAP.
2785 2392 2854 2445 Χ.

2568 2482 2645 2538 De
2676 2492 2897 2537 turture.

2012 2572 2157 2629 Inter
2205 2588 2399 2633 omnes
2446 2588 2593 2642 aves,
2646 2575 2895 2646 conjugis
2942 2588 3134 2630 amans
3183 2580 3267 2629 est
3312 2582 3511 2629 turtur.

1944 2663 2058 2722 Mas
2110 2672 2165 2722 et
2220 2665 2423 2722 femina
2469 2684 2575 2722 una
2621 2668 2807 2723 volant
2845 2667 3134 2738 pullosque
3187 2676 3514 2736 procreant;

1942 2754 1991 2809 si
2029 2769 2159 2811 vero
2210 2764 2387 2813 morte
2444 2767 2790 2828 separantur,
2831 2756 2899 2811 ad
2949 2756 3108 2813 linem
3167 2772 3341 2826 usque
3395 2758 3517 2810 vita:

1941 2846 2266 2904 viduitatem
2299 2848 2637 2905 custodiunt.

2538 3023 2929 3094 Interpretatio.

2019 3115 2109 3170 Sic
2139 3124 2216 3179 tu,
2249 3113 2550 3184 spiritualis
2599 3115 2779 3178 homo,
2816 3130 2940 3169 cum
2994 3116 3228 3185 peccatis
3261 3124 3513 3176 onustus.

1949 3214 2162 3277 tempus
2210 3219 2333 3260 esse
2388 3203 2683 3274 pamitendi
2728 3206 3079 3273 judicaveris,
3133 3207 3308 3275 abjice
3352 3223 3516 3276 prava

1942 3312 2127 3367 Opera,
2171 3311 2269 3350 nec
2320 3295 2476 3349 novis
2518 3302 2570 3349 te
2609 3295 2883 3358 sordibus,
2915 3296 2966 3349 id
3004 3302 3087 3349 est
3118 3298 3375 3365 peccatis,
3420 3297 3519 3349 im-

1943 3389 2132 3459 plices,
2162 3387 2256 3442 sed
2286 3386 2448 3441 unico
2478 3386 2735 3458 conjugio
2780 3399 3067 3445 contentus
3098 3397 3236 3453 esto,
3268 3383 3517 3442 videlicet

1945 3482 2086 3534 intra
2114 3475 2316 3548 pr0prii
2348 3474 2451 3529 tori
2484 3475 2684 3530 limites
2716 3484 2769 3532 te
2802 3482 3041 3545 contine,
3080 3489 3138 3534 ut
3175 3479 3230 3534 in
3278 3479 3520 3535 secundo

1943 3571 2175 3625 adventu
2205 3566 2540 3621 mansionem
2581 3566 2847 3623 invenias.

2592 3681 2741 3737 CAP.
2778 3681 2866 3735 ΧρΙ.

2556 3779 2633 3833 De
2660 3778 2907 3848 phoenice.

2013 3866 2239 3923 Phoenix
2265 3872 2380 3925 avis
2404 3887 2612 3942 pavone
2642 3872 2921 3941 pulchrior
2946 3878 3046 3927 est.
3081 3870 3225 3925 Pavo
3245 3870 3389 3925 enim
3424 3882 3521 3922 aue

1945 3972 2064 4012 reas
2092 3969 2481 4030 argenteasque
2504 3963 2666 4018 habet
2686 3963 2802 4018 alas
2826 3980 2840 4027 ;
2876 3961 3098 4032 phmnix
3120 3976 3248 4015 vero
3285 3961 3483 4030 hyaciu
3502 3990 3519 4001 ο

1944 4048 2121 4104 thinas
2142 4057 2195 4104 et
2214 4053 2606 4121 smaragdinas.
2630 4054 3099 4123 pretiosorumque
3119 4052 3355 4121 lapidum
3375 4051 3521 4103 colo-

1946 4138 2098 4193 ribus
2121 4140 2431 4206 distinctas,
2482 4157 2738 4196 coronam
2765 4153 2943 4196 autem
2968 4142 3128 4195 habet
3159 4143 3211 4195 in
3234 4143 3430 4211 capite,
3464 4151 3519 4196 et

1950 4227 2003 4279 in
2032 4228 2260 4296 pedibus
2286 4231 2583 4286 malleolos.
2612 4230 2787 4301 Prope
2821 4232 3028 4285 Indiam
3058 4231 3239 4301 degit;
3275 4233 3405 4286 vivit
3427 4247 3522 4285 au-

1951 4323 2055 4369 tem
2095 4332 2267 4372 annos
2300 4320 2643 4393 quingentos,
2676 4330 2729 4376 et
2774 4322 2831 4377 in
2872 4322 3046 4378 cedris
3091 4322 3280 4376 Libani
3315 4322 3523 4391 absque

1949 4406 2073 4462 cibo
2095 4418 2149 4463 et
2176 4417 2327 4479 potu,
2360 4419 2519 4467 vento
2542 4413 2804 4482 pascitur,
2836 4422 2891 4468 at
2924 4421 3039 4484 post
3077 4414 3402 4483 quingentos
3433 4428 3523 4466 an-

276 4503 500 4572 κέδρους
527 4503 621 4556 τοῦ
650 4502 883 4556 Λιϐάνου
913 4500 1156 4570 ἄϐρωτος
1194 4498 1283 4550 καὶ
1316 4496 1536 4562 ἄποτος,
1586 4496 1842 4566 τρέφεται

1957 4511 2047 4552 nos
2096 4496 2210 4553 alas
2266 4500 2598 4556 aromatibus
2642 4501 2851 4572 implet,
2903 4512 2956 4558 et
3008 4518 3132 4557 cum
3181 4501 3523 4572 Heliopoleos

276 4592 334 4644 δὲ
362 4594 426 4643 ἐκ
454 4591 780 4661 πνεύματος.
818 4590 927 4643 Καὶ
959 4588 1099 4658 μετὰ
1124 4586 1191 4640 τά
1222 4586 1551 4640 πεντακόσια
1596 4586 1689 4656 ἔτη
1715 4587 1844 4639 ἀνα-

282 4681 487 4751 μέστας
548 4683 765 4751 ἐμποιεῖ
816 4678 912 4742 τὰς
962 4677 1240 4746 πτέρυγας
1290 4676 1458 4746 αὑτῆς
1516 4675 1844 4746 ἀρωμάτων,

279 4772 373 4825 καὶ
419 4771 546 4825 ὅταν
581 4771 799 4843 σημάνῃ
830 4771 859 4823 ό
896 4768 1073 4839 ἱερεὺς
1106 4768 1205 4836 τῆς
1250 4764 1659 4828 Ἡλιουπόλεως,
1702 4766 1847 4834 ἐγεί-

281 4877 434 4931 ρεται
467 4862 530 4913 ὲκ
561 4860 653 4913 τοῦ
694 4860 819 4912 ἰδίου
848 4859 1037 4922 τόπου,
1091 4857 1183 4910 καὶ
1242 4855 1531 4927 πορεύεται
1586 4856 1721 4924 πρὸς
1757 4855 1849 4910 τὸν

283 4951 453 5022 ἱερέα,
493 4952 585 5005 καὶ
621 4949 975 5022 είσερχομένη
1027 4952 1107 5014 εἰς
1137 4949 1228 5003 τὸν
1275 4948 1401 5002 ναὸν
1455 4946 1592 5019 μετὰ
1636 4946 1731 5000 τοῦ
1775 4947 1850 5000 ιε-

282 5042 442 5115 ρέως,
499 5044 580 5105 είς
631 5042 692 5096 τὸ
741 5043 893 5109 ἅγιον
938 5041 1354 5111 θυσιαστήριον,
1410 5039 1505 5093 καὶ
1558 5039 1734 5093 πάντα
1779 5038 1849 5092 τὰ

1949 4587 2205 4642 sacerdos
2261 4589 2526 4644 sacrificia
2575 4582 2836 4655 inchoat,
2884 4608 2914 4645 e
2974 4591 3192 4661 proprio
3248 4591 3522 4660 egreditur

1948 4676 2100 4742 nido,
2133 4678 2201 4732 ad
2250 4681 2588 4735 sacerdotem
2630 4681 2823 4751 pergit,
2876 4697 3090 4751 unaque
3129 4682 3386 4750 templum
3440 4681 3522 4734 in-

1949 4769 2195 4840 greditur
2224 4786 2400 4841 usque
2457 4772 2524 4828 ad
2573 4776 2898 4838 sacrarium,
2934 4782 2988 4829 et
3035 4776 3089 4829 in
3131 4774 3366 4829 cinerem
3409 4781 3520 4828 tota

1950 4862 2323 4929 consumitur;
2352 4865 2599 4934 sequenti
2642 4873 2822 4920 autem
2863 4865 2952 4921 die
2984 4865 3084 4921 alis
3132 4866 3335 4939 renatis
3368 4881 3522 4935 repe-

1948 4951 2124 5017 ritur;
2153 4955 2309 5008 tertia
2339 4970 2469 5012 vero
2500 4956 2586 5010 die
2617 4956 2729 5026 jam
2771 4958 2980 5027 integra
3008 4959 3346 5017 sacerdotem
3378 4961 3522 5015 salu-

1950 5050 2049 5108 tat,
2083 5053 2497 5117 restaurataque
2524 5049 2715 5104 iterum
2742 5051 2809 5105 ad
2844 5051 3125 5121 proprium
3148 5050 3327 5106 locum
3359 5053 3520 5107 redit.

287 5136 423 5209 μέλη
462 5136 631 5205 αὑτῆς
670 5133 858 5197 σποδὸς
905 5133 1130 5201 γίνεται.
1168 5133 1249 5203 Τῇ
1316 5131 1375 5184 δὲ
1415 5130 1644 5201 ἐπιούσῃ
1688 5131 1869 5202 ἡμέρᾳ
1902 5135 2145 5205 εὑρίσκει
2194 5137 2365 5208 αὑτὴν
2435 5132 3058 5212 πτερυγουμένηνοῦσαν
3107 5160 3120 5173 ·
3166 5145 3234 5215 τῇ
3265 5144 3423 5214 τρίτῃ
3458 5144 3525 5209 ,δὲ

285 5226 751 5299 ἁναπεπλησμένη
804 5224 1088 5295 πτερύγων
1142 5222 1445 5288 ἀσπάζεται
1506 5221 1595 5274 τὸν
1663 5221 1849 5294 ἱερέα,
1888 5226 1981 5279 καὶ
2022 5228 2479 5300 ἀνακαινιζομένη
2524 5230 2821 5301 ἀπέρχεται
2859 5232 3021 5287 πάλιν
3073 5235 3152 5297 είς
3226 5234 3319 5287 τὸν
3393 5234 3525 5286 ἴδιον

282 5319 468 5376 τόπον.
479 5379 488 5388 ,

910 5432 1231 5499 Ἐρμηνεία.

356 5526 466 5580 Καὶ
504 5525 619 5589 πῶς
667 5522 760 5580 οὖν
806 5527 856 5578 oi.
899 5523 1203 5595 παράνομοι
1255 5520 1494 5573 Ἰουδαῖοι
1540 5520 1849 5589 ἠπίστησαν

287 5613 387 5685 τὴν
420 5617 712 5689 τριήμερον
742 5616 1033 5671 ἀνάστασιν
1086 5611 1180 5666 τοῦ
1227 5610 1432 5679 Κυρίου
1470 5608 1624 5678 ἡμῶν
1677 5610 1849 5680 Ἰησοῦ

360 5773 380 5807 ⁸
409 5770 553 5829 Psal.
590 5788 663 5840 cr,
694 5773 743 5826 7.

2544 5431 2936 5501 Interpretatio.

2024 5519 2136 5576 Cur
2165 5519 2330 5591 igitur
2352 5518 2523 5577 Judzei
2552 5522 2726 5594 iniqui
2759 5524 2970 5581 Domini
3005 5523 3176 5579 nostri
3201 5522 3330 5577 Iesu
3360 5521 3525 5577 Chri-

1956 5610 2026 5665 sti
2052 5610 2358 5667 triduanam
2388 5614 2841 5672 resurrectionem
2865 5629 2974 5669 non
3006 5612 3375 5683 crediderunt,
3396 5624 3526 5668 cum
