  <div class='ocr_page' id='page_1' title='image "/cluster/home/n/w/nwhite01/storage/ocr_20150623/43/mdp.39015013284818/303.png"; bbox 0 0 3978 6220; ppageno 0'>
   <div class='ocr_carea' id='block_1_1' title="bbox 433 376 541 440">
    <p class='ocr_par' dir='ltr' id='par_1_1' title="bbox 433 376 541 440">
     <span class='ocr_line' id='line_1_1' title="bbox 433 376 541 440; baseline 0.009 -11"><span class='ocrx_word' id='word_1_1' title='bbox 433 376 541 440; x_wconf 71' lang='grc'><strong>5⁵27</strong></span> 
     </span>
    </p>
   </div>
   <div class='ocr_carea' id='block_1_2' title="bbox 1727 358 2412 419">
    <p class='ocr_par' dir='ltr' id='par_1_2' title="bbox 1727 358 2412 419">
     <span class='ocr_line' id='line_1_2' title="bbox 1727 358 2412 419; baseline -0.001 -2"><span class='ocrx_word' id='word_1_2' title='bbox 1727 361 1933 419; x_wconf 72' lang='lat' dir='ltr'>DUBIA</span> <span class='ocrx_word' id='word_1_3' title='bbox 1968 361 2104 415; x_wconf 83' lang='lat' dir='ltr'><strong>AUT</strong></span> <span class='ocrx_word' id='word_1_4' title='bbox 2141 358 2412 416; x_wconf 79' lang='lat' dir='ltr'><strong>SPURIA.</strong></span> 
     </span>
    </p>
   </div>
   <div class='ocr_carea' id='block_1_3' title="bbox 3571 360 3686 418">
    <p class='ocr_par' dir='ltr' id='par_1_3' title="bbox 3571 360 3686 418">
     <span class='ocr_line' id='line_1_3' title="bbox 3571 360 3686 418; baseline 0 0"><span class='ocrx_word' id='word_1_5' title='bbox 3571 360 3686 418; x_wconf 67' lang='lat'><strong>528</strong></span> 
     </span>
    </p>
   </div>
   <div class='ocr_carea' id='block_1_4' title="bbox 431 482 1998 568">
    <p class='ocr_par' dir='ltr' id='par_1_4' title="bbox 431 485 1994 568">
     <span class='ocr_line' id='line_1_4' title="bbox 431 485 1994 568; baseline -0.015 -8"><span class='ocrx_word' id='word_1_6' title='bbox 431 507 548 562; x_wconf 81' lang='lat' dir='ltr'><strong>avis</strong></span> <span class='ocrx_word' id='word_1_7' title='bbox 574 504 738 561; x_wconf 87' lang='lat' dir='ltr'><strong>trium</strong></span> <span class='ocrx_word' id='word_1_8' title='bbox 769 502 981 559; x_wconf 78' lang='lat' dir='ltr'><strong>dierum</strong></span> <span class='ocrx_word' id='word_1_9' title='bbox 1013 495 1190 568; x_wconf 87' lang='lat' dir='ltr'><strong>spatio</strong></span> <span class='ocrx_word' id='word_1_10' title='bbox 1213 493 1329 565; x_wconf 84' lang='lat' dir='ltr'><strong>ipsa</strong></span> <span class='ocrx_word' id='word_1_11' title='bbox 1364 505 1424 546; x_wconf 90' lang='lat' dir='ltr'><strong>se</strong></span> <span class='ocrx_word' id='word_1_12' title='bbox 1454 485 1834 548; x_wconf 85' lang='lat' dir='ltr'><strong>suscitet?aut</strong></span> <span class='ocrx_word' id='word_1_13' title='bbox 1857 499 1994 557; x_wconf 84' lang='lat' dir='ltr'><strong>quo-</strong></span> 
     </span>
    </p>
   </div>
   <div class='ocr_carea' id='block_1_5' title="bbox 2115 482 3679 568">
    <p class='ocr_par' dir='ltr' id='par_1_5' title="bbox 2115 482 3679 558">
     <span class='ocr_line' id='line_1_5' title="bbox 2115 482 3679 558; baseline 0.002 -23"><span class='ocrx_word' id='word_1_14' title='bbox 2115 482 2353 554; x_wconf 66' lang='grc' dir='ltr'>Κριστοῦ,</span> <span class='ocrx_word' id='word_1_15' title='bbox 2376 482 2608 555; x_wconf 77' lang='grc' dir='ltr'>ἐπείπερ</span> <span class='ocrx_word' id='word_1_16' title='bbox 2646 483 2706 539; x_wconf 86' lang='grc' dir='ltr'><strong>τδ</strong></span> <span class='ocrx_word' id='word_1_17' title='bbox 2737 483 2921 558; x_wconf 90' lang='grc' dir='ltr'>ὄρνεον</span> <span class='ocrx_word' id='word_1_18' title='bbox 2951 485 3037 539; x_wconf 76' lang='grc' dir='ltr'><strong>διὰ</strong></span> <span class='ocrx_word' id='word_1_19' title='bbox 3061 484 3227 558; x_wconf 81' lang='grc' dir='ltr'>τριῶν</span> <span class='ocrx_word' id='word_1_20' title='bbox 3259 483 3481 556; x_wconf 80' lang='grc' dir='ltr'>ἡμερῶν</span> <span class='ocrx_word' id='word_1_21' title='bbox 3507 483 3679 550; x_wconf 73' lang='grc' dir='ltr'>ἔζωο-</span> 
     </span>
    </p>
   </div>
   <div class='ocr_carea' id='block_1_6' title="bbox 426 580 2024 669">
    <p class='ocr_par' dir='ltr' id='par_1_6' title="bbox 426 580 2024 669">
     <span class='ocr_line' id='line_1_6' title="bbox 426 580 2024 669; baseline -0.014 -17"><span class='ocrx_word' id='word_1_22' title='bbox 426 599 590 654; x_wconf 80' lang='lat' dir='ltr'><strong>inodo</strong></span> <span class='ocrx_word' id='word_1_23' title='bbox 622 598 860 669; x_wconf 88' lang='lat' dir='ltr'><strong>seipsum</strong></span> <span class='ocrx_word' id='word_1_24' title='bbox 893 609 924 648; x_wconf 83' lang='lat' dir='ltr'><strong>a</strong></span> <span class='ocrx_word' id='word_1_25' title='bbox 951 589 1181 646; x_wconf 75' lang='lat' dir='ltr'><strong>mortuis</strong></span> <span class='ocrx_word' id='word_1_26' title='bbox 1212 585 1480 642; x_wconf 85' lang='lat' dir='ltr'><strong>suscitare</strong></span> <span class='ocrx_word' id='word_1_27' title='bbox 1507 598 1614 637; x_wconf 91' lang='lat' dir='ltr'><strong>non</strong></span> <span class='ocrx_word' id='word_1_28' title='bbox 1643 580 1839 650; x_wconf 85' lang='lat' dir='ltr'><strong>potuit,</strong></span> <span class='ocrx_word' id='word_1_29' title='bbox 1869 589 2024 632; x_wconf 76' lang='lat' dir='ltr'><strong>cum-</strong></span> 
     </span>
    </p>
   </div>
   <div class='ocr_carea' id='block_1_7' title="bbox 425 668 1996 753">
    <p class='ocr_par' dir='ltr' id='par_1_7' title="bbox 425 668 1996 753">
     <span class='ocr_line' id='line_1_7' title="bbox 425 668 1996 753; baseline -0.018 -4"><span class='ocrx_word' id='word_1_30' title='bbox 425 696 496 748; x_wconf 83' lang='lat' dir='ltr'><strong>de</strong></span> <span class='ocrx_word' id='word_1_31' title='bbox 542 691 635 744; x_wconf 88' lang='lat' dir='ltr'><strong>illo</strong></span> <span class='ocrx_word' id='word_1_32' title='bbox 677 668 875 744; x_wconf 77' lang='lat' dir='ltr'><strong>dixerit</strong></span> <span class='ocrx_word' id='word_1_33' title='bbox 924 677 1457 753; x_wconf 75' lang='lat' dir='ltr'><strong>Propheta:1ustus</strong></span> <span class='ocrx_word' id='word_1_34' title='bbox 1516 683 1574 729; x_wconf 85' lang='lat' dir='ltr'><strong>ut</strong></span> <span class='ocrx_word' id='word_1_35' title='bbox 1620 671 1829 742; x_wconf 72' lang='lat' dir='ltr'><strong>phwnix</strong></span> <span class='ocrx_word' id='word_1_36' title='bbox 1879 668 1996 738; x_wconf 81' lang='lat' dir='ltr'><strong>ﬂo-</strong></span> 
     </span>
    </p>
   </div>
   <div class='ocr_carea' id='block_1_8' title="bbox 417 775 642 835">
    <p class='ocr_par' dir='ltr' id='par_1_8' title="bbox 417 775 642 835">
     <span class='ocr_line' id='line_1_8' title="bbox 417 775 642 835; baseline 0.009 -10"><span class='ocrx_word' id='word_1_37' title='bbox 417 775 546 830; x_wconf 75' lang='lat' dir='ltr'><strong>rebt&#39;t</strong></span> <span class='ocrx_word' id='word_1_38' title='bbox 583 784 605 812; x_wconf 66' lang='grc' dir='ltr'><strong>λ</strong></span> <span class='ocrx_word' id='word_1_39' title='bbox 622 782 642 835; x_wconf 65' lang='grc'><strong>2</strong></span> 
     </span>
    </p>
   </div>
   <div class='ocr_carea' id='block_1_9' title="bbox 1049 948 1362 1006">
    <p class='ocr_par' dir='ltr' id='par_1_9' title="bbox 1049 948 1362 1006">
     <span class='ocr_line' id='line_1_9' title="bbox 1049 948 1362 1006; baseline -0.013 0"><span class='ocrx_word' id='word_1_40' title='bbox 1049 949 1201 1006; x_wconf 80' lang='lat' dir='ltr'><strong>CAP.</strong></span> <span class='ocrx_word' id='word_1_41' title='bbox 1246 948 1362 1005; x_wconf 80' lang='lat' dir='ltr'>XII.</span> 
     </span>
    </p>
   </div>
   <div class='ocr_carea' id='block_1_10' title="bbox 1034 1041 1372 1110">
    <p class='ocr_par' dir='ltr' id='par_1_10' title="bbox 1034 1041 1372 1110">
     <span class='ocr_line' id='line_1_10' title="bbox 1034 1041 1372 1110; baseline -0.012 -13"><span class='ocrx_word' id='word_1_42' title='bbox 1034 1041 1114 1097; x_wconf 89' lang='lat' dir='ltr'><strong>De</strong></span> <span class='ocrx_word' id='word_1_43' title='bbox 1154 1056 1372 1110; x_wconf 82' lang='lat' dir='ltr'><strong>pavone.</strong></span> 
     </span>
    </p>
   </div>
   <div class='ocr_carea' id='block_1_11' title="bbox 482 1125 1992 1198">
    <p class='ocr_par' dir='ltr' id='par_1_11' title="bbox 482 1125 1992 1198">
     <span class='ocr_line' id='line_1_11' title="bbox 482 1125 1992 1198; baseline -0.009 -5"><span class='ocrx_word' id='word_1_44' title='bbox 482 1138 630 1195; x_wconf 82' lang='lat' dir='ltr'><strong>Pavo</strong></span> <span class='ocrx_word' id='word_1_45' title='bbox 664 1139 808 1193; x_wconf 90' lang='lat' dir='ltr'><strong>inter</strong></span> <span class='ocrx_word' id='word_1_46' title='bbox 830 1149 1022 1192; x_wconf 89' lang='lat' dir='ltr'><strong>omnes</strong></span> <span class='ocrx_word' id='word_1_47' title='bbox 1048 1133 1297 1188; x_wconf 80' lang='lat' dir='ltr'><strong>volucres</strong></span> <span class='ocrx_word' id='word_1_48' title='bbox 1339 1131 1454 1186; x_wconf 89' lang='lat' dir='ltr'><strong>avis</strong></span> <span class='ocrx_word' id='word_1_49' title='bbox 1495 1135 1579 1188; x_wconf 90' lang='lat' dir='ltr'><strong>est</strong></span> <span class='ocrx_word' id='word_1_50' title='bbox 1618 1125 1992 1198; x_wconf 84' lang='lat' dir='ltr'><strong>jactabunda;</strong></span> 
     </span>
    </p>
   </div>
   <div class='ocr_carea' id='block_1_12' title="bbox 414 1221 1994 1301">
    <p class='ocr_par' dir='ltr' id='par_1_12' title="bbox 414 1221 1994 1301">
     <span class='ocr_line' id='line_1_12' title="bbox 414 1221 1994 1301; baseline -0.009 -15"><span class='ocrx_word' id='word_1_51' title='bbox 414 1230 667 1301; x_wconf 65' lang='lat' dir='ltr'><strong>corporis</strong></span> <span class='ocrx_word' id='word_1_52' title='bbox 709 1229 855 1284; x_wconf 88' lang='lat' dir='ltr'><strong>enim</strong></span> <span class='ocrx_word' id='word_1_53' title='bbox 898 1227 1070 1282; x_wconf 78' lang='lat' dir='ltr'><strong>forma</strong></span> <span class='ocrx_word' id='word_1_54' title='bbox 1103 1233 1266 1297; x_wconf 89' lang='lat' dir='ltr'><strong>atque</strong></span> <span class='ocrx_word' id='word_1_55' title='bbox 1307 1227 1407 1281; x_wconf 89' lang='lat' dir='ltr'><strong>alis</strong></span> <span class='ocrx_word' id='word_1_56' title='bbox 1434 1225 1664 1296; x_wconf 83' lang='lat' dir='ltr'><strong>pulcher</strong></span> <span class='ocrx_word' id='word_1_57' title='bbox 1694 1231 1800 1279; x_wconf 88' lang='lat' dir='ltr'><strong>est.</strong></span> <span class='ocrx_word' id='word_1_58' title='bbox 1857 1221 1994 1275; x_wconf 80' lang='lat' dir='ltr'><strong>Cum</strong></span> 
     </span>
    </p>
   </div>
   <div class='ocr_carea' id='block_1_13' title="bbox 377 1312 1992 1388">
    <p class='ocr_par' dir='ltr' id='par_1_13' title="bbox 377 1312 1992 1388">
     <span class='ocr_line' id='line_1_13' title="bbox 377 1312 1992 1388; baseline -0.004 -16"><span class='ocrx_word' id='word_1_59' title='bbox 377 1360 384 1388; x_wconf 56' lang='grc' dir='ltr'>ε</span> <span class='ocrx_word' id='word_1_60' title='bbox 417 1319 679 1383; x_wconf 76' lang='lat' dir='ltr'><strong>ambulat,</strong></span> <span class='ocrx_word' id='word_1_61' title='bbox 709 1332 768 1374; x_wconf 89' lang='lat' dir='ltr'><strong>se</strong></span> <span class='ocrx_word' id='word_1_62' title='bbox 813 1316 932 1388; x_wconf 89' lang='lat' dir='ltr'><strong>ipse</strong></span> <span class='ocrx_word' id='word_1_63' title='bbox 961 1317 1144 1372; x_wconf 68' lang='lat' dir='ltr'><strong>laetitia</strong></span> <span class='ocrx_word' id='word_1_64' title='bbox 1174 1317 1458 1371; x_wconf 77' lang='lat' dir='ltr'><strong>exsultans</strong></span> <span class='ocrx_word' id='word_1_65' title='bbox 1506 1317 1769 1378; x_wconf 87' lang='lat' dir='ltr'><strong>intuetur,</strong></span> <span class='ocrx_word' id='word_1_66' title='bbox 1797 1312 1992 1367; x_wconf 89' lang='lat' dir='ltr'><strong>demit-</strong></span> 
     </span>
    </p>
   </div>
   <div class='ocr_carea' id='block_1_14' title="bbox 355 1381 1992 1481">
    <p class='ocr_par' dir='ltr' id='par_1_14' title="bbox 355 1381 1992 1481">
     <span class='ocr_line' id='line_1_14' title="bbox 355 1381 1992 1481; baseline -0.006 -16"><span class='ocrx_word' id='word_1_67' title='bbox 355 1381 383 1426; x_wconf 50' lang='grc' dir='ltr'><em>λ</em></span> <span class='ocrx_word' id='word_1_68' title='bbox 413 1412 482 1465; x_wconf 84' lang='lat' dir='ltr'><strong>tit</strong></span> <span class='ocrx_word' id='word_1_69' title='bbox 511 1427 638 1468; x_wconf 85' lang='lat' dir='ltr'><strong>vero</strong></span> <span class='ocrx_word' id='word_1_70' title='bbox 667 1381 852 1481; x_wconf 65' lang='lat' dir='ltr'><strong>caput;</strong></span> <span class='ocrx_word' id='word_1_71' title='bbox 899 1416 956 1464; x_wconf 89' lang='lat' dir='ltr'><strong>et</strong></span> <span class='ocrx_word' id='word_1_72' title='bbox 1002 1409 1056 1463; x_wconf 92' lang='lat' dir='ltr'><strong>in</strong></span> <span class='ocrx_word' id='word_1_73' title='bbox 1104 1417 1305 1465; x_wconf 88' lang='lat' dir='ltr'><strong>terram</strong></span> <span class='ocrx_word' id='word_1_74' title='bbox 1345 1407 1537 1462; x_wconf 91' lang='lat' dir='ltr'><strong>oculos</strong></span> <span class='ocrx_word' id='word_1_75' title='bbox 1577 1404 1834 1474; x_wconf 85' lang='lat' dir='ltr'><strong>conjicit;</strong></span> <span class='ocrx_word' id='word_1_76' title='bbox 1869 1418 1992 1474; x_wconf 62' lang='lat' dir='ltr'><strong>cum</strong></span> 
     </span>
    </p>
   </div>
   <div class='ocr_carea' id='block_1_15' title="bbox 415 1495 1993 1572">
    <p class='ocr_par' dir='ltr' id='par_1_15' title="bbox 415 1495 1993 1572">
     <span class='ocr_line' id='line_1_15' title="bbox 415 1495 1993 1572; baseline -0.005 -19"><span class='ocrx_word' id='word_1_77' title='bbox 415 1509 596 1556; x_wconf 78' lang='lat' dir='ltr'><strong>autem</strong></span> <span class='ocrx_word' id='word_1_78' title='bbox 654 1516 785 1557; x_wconf 89' lang='lat' dir='ltr'><strong>suos</strong></span> <span class='ocrx_word' id='word_1_79' title='bbox 822 1500 1094 1572; x_wconf 85' lang='lat' dir='ltr'><strong>conspicit</strong></span> <span class='ocrx_word' id='word_1_80' title='bbox 1141 1498 1306 1569; x_wconf 89' lang='lat' dir='ltr'><strong>pedes</strong></span> <span class='ocrx_word' id='word_1_81' title='bbox 1359 1499 1596 1568; x_wconf 78' lang='lat' dir='ltr'><strong>graviter</strong></span> <span class='ocrx_word' id='word_1_82' title='bbox 1639 1495 1993 1558; x_wconf 79' lang='lat' dir='ltr'><strong>vociferatur,</strong></span> 
     </span>
    </p>
   </div>
   <div class='ocr_carea' id='block_1_16' title="bbox 415 1585 1992 1662">
    <p class='ocr_par' dir='ltr' id='par_1_16' title="bbox 415 1585 1992 1662">
     <span class='ocr_line' id='line_1_16' title="bbox 415 1585 1992 1662; baseline -0.004 -18"><span class='ocrx_word' id='word_1_83' title='bbox 415 1592 623 1648; x_wconf 86' lang='lat' dir='ltr'><strong>scilicet</strong></span> <span class='ocrx_word' id='word_1_84' title='bbox 650 1585 795 1662; x_wconf 60' lang='lat' dir='ltr'><strong>quod</strong></span> <span class='ocrx_word' id='word_1_85' title='bbox 824 1591 904 1647; x_wconf 85' lang='lat' dir='ltr'><strong>illi</strong></span> <span class='ocrx_word' id='word_1_86' title='bbox 947 1591 1159 1647; x_wconf 78' lang='lat' dir='ltr'><strong>caeteris</strong></span> <span class='ocrx_word' id='word_1_87' title='bbox 1198 1589 1445 1660; x_wconf 86' lang='lat' dir='ltr'><strong>corporis</strong></span> <span class='ocrx_word' id='word_1_88' title='bbox 1482 1587 1566 1643; x_wconf 91' lang='lat' dir='ltr'><strong>sui</strong></span> <span class='ocrx_word' id='word_1_89' title='bbox 1604 1587 1849 1658; x_wconf 83' lang='lat' dir='ltr'><strong>partibus</strong></span> <span class='ocrx_word' id='word_1_90' title='bbox 1885 1600 1992 1638; x_wconf 88' lang='lat' dir='ltr'><strong>non</strong></span> 
     </span>
    </p>
   </div>
   <div class='ocr_carea' id='block_1_17' title="bbox 415 1681 802 1752">
    <p class='ocr_par' dir='ltr' id='par_1_17' title="bbox 415 1681 802 1752">
     <span class='ocr_line' id='line_1_17' title="bbox 415 1681 802 1752; baseline 0.005 -18"><span class='ocrx_word' id='word_1_91' title='bbox 415 1681 802 1752; x_wconf 82' lang='lat' dir='ltr'><strong>respondeant.</strong></span> 
     </span>
    </p>
   </div>
   <div class='ocr_carea' id='block_1_18' title="bbox 991 1768 1389 1839">
    <p class='ocr_par' dir='ltr' id='par_1_18' title="bbox 991 1768 1389 1839">
     <span class='ocr_line' id='line_1_18' title="bbox 991 1768 1389 1839; baseline 0.003 -16"><span class='ocrx_word' id='word_1_92' title='bbox 991 1768 1389 1839; x_wconf 82' lang='lat' dir='ltr'><strong>lnterpretatio.</strong></span> 
     </span>
    </p>
   </div>
   <div class='ocr_carea' id='block_1_19' title="bbox 2098 574 3676 649">
    <p class='ocr_par' dir='ltr' id='par_1_19' title="bbox 2098 574 3676 649">
     <span class='ocr_line' id='line_1_19' title="bbox 2098 574 3676 649; baseline 0.001 -21"><span class='ocrx_word' id='word_1_93' title='bbox 2098 574 2320 646; x_wconf 83' lang='grc' dir='ltr'>ποιήθη,</span> <span class='ocrx_word' id='word_1_94' title='bbox 2361 576 2456 630; x_wconf 77' lang='grc' dir='ltr'>καὶ</span> <span class='ocrx_word' id='word_1_95' title='bbox 2508 579 2536 629; x_wconf 93' lang='lat'><strong>6</strong></span> <span class='ocrx_word' id='word_1_96' title='bbox 2587 575 2790 648; x_wconf 84' lang='grc' dir='ltr'>Κύριος</span> <span class='ocrx_word' id='word_1_97' title='bbox 2843 577 3002 648; x_wconf 78' lang='grc' dir='ltr'>ἡμῶν</span> <span class='ocrx_word' id='word_1_98' title='bbox 3054 576 3258 649; x_wconf 80' lang='grc' dir='ltr'>Ἰησοῦς</span> <span class='ocrx_word' id='word_1_99' title='bbox 3311 577 3545 648; x_wconf 82' lang='grc' dir='ltr'>Χριστὸς</span> <span class='ocrx_word' id='word_1_100' title='bbox 3591 579 3676 646; x_wconf 75' lang='grc' dir='ltr'>τῷ</span> 
     </span>
    </p>
   </div>
   <div class='ocr_carea' id='block_1_20' title="bbox 2096 668 3688 742">
    <p class='ocr_par' dir='ltr' id='par_1_20' title="bbox 2096 668 3688 742">
     <span class='ocr_line' id='line_1_20' title="bbox 2096 668 3688 742; baseline 0 -20"><span class='ocrx_word' id='word_1_101' title='bbox 2096 668 2280 739; x_wconf 83' lang='grc' dir='ltr'>τρόπῳ</span> <span class='ocrx_word' id='word_1_102' title='bbox 2317 668 2417 721; x_wconf 83' lang='grc' dir='ltr'>οὐκ</span> <span class='ocrx_word' id='word_1_103' title='bbox 2452 668 2674 722; x_wconf 83' lang='grc' dir='ltr'>ἐδύνατο</span> <span class='ocrx_word' id='word_1_104' title='bbox 2722 671 2933 742; x_wconf 74' lang='grc' dir='ltr'>ἐγεῖραι</span> <span class='ocrx_word' id='word_1_105' title='bbox 2975 670 3136 724; x_wconf 78' lang='grc' dir='ltr'>αὐτὸν</span> <span class='ocrx_word' id='word_1_106' title='bbox 3172 671 3236 722; x_wconf 82' lang='grc' dir='ltr'>ὲκ</span> <span class='ocrx_word' id='word_1_107' title='bbox 3277 668 3520 739; x_wconf 84' lang='grc' dir='ltr'>νεκρῶν;</span> <span class='ocrx_word' id='word_1_108' title='bbox 3576 671 3688 722; x_wconf 74' lang='grc' dir='ltr'><strong>Διὰ</strong></span> 
     </span>
    </p>
   </div>
   <div class='ocr_carea' id='block_1_21' title="bbox 2095 745 3684 834">
    <p class='ocr_par' dir='ltr' id='par_1_21' title="bbox 2095 745 3684 834">
     <span class='ocr_line' id='line_1_21' title="bbox 2095 745 3684 834; baseline 0.001 -22"><span class='ocrx_word' id='word_1_109' title='bbox 2095 758 2256 813; x_wconf 85' lang='grc' dir='ltr'>τοῦτο</span> <span class='ocrx_word' id='word_1_110' title='bbox 2286 760 2467 830; x_wconf 79' lang='grc' dir='ltr'>ἔλεγεν</span> <span class='ocrx_word' id='word_1_111' title='bbox 2509 762 2538 813; x_wconf 97' lang='lat'><strong>6</strong></span> <span class='ocrx_word' id='word_1_112' title='bbox 2565 761 2894 834; x_wconf 73' lang='grc' dir='ltr'>Προφήτηςσ</span> <span class='ocrx_word' id='word_1_113' title='bbox 2936 761 3171 828; x_wconf 80' lang='grc' dir='ltr'><strong>Δίκαιος</strong></span> <span class='ocrx_word' id='word_1_114' title='bbox 3223 761 3304 827; x_wconf 87' lang='grc' dir='ltr'>ὡς</span> <span class='ocrx_word' id='word_1_115' title='bbox 3328 745 3529 829; x_wconf 71' lang='grc' dir='ltr'>φοῖνιξ</span> <span class='ocrx_word' id='word_1_116' title='bbox 3564 759 3684 814; x_wconf 78' lang='lat' dir='ltr'><strong>dr-</strong></span> 
     </span>
    </p>
   </div>
   <div class='ocr_carea' id='block_1_22' title="bbox 2097 849 2288 919">
    <p class='ocr_par' dir='ltr' id='par_1_22' title="bbox 2097 849 2288 919">
     <span class='ocr_line' id='line_1_22' title="bbox 2097 849 2288 919; baseline -0.021 -15"><span class='ocrx_word' id='word_1_117' title='bbox 2097 849 2288 919; x_wconf 76' lang='grc' dir='ltr'>θήσει.</span> 
     </span>
    </p>
   </div>
   <div class='ocr_carea' id='block_1_23' title="bbox 2731 943 3037 999">
    <p class='ocr_par' dir='ltr' id='par_1_23' title="bbox 2731 943 3037 999">
     <span class='ocr_line' id='line_1_23' title="bbox 2731 943 3037 999; baseline 0.007 -3"><span class='ocrx_word' id='word_1_118' title='bbox 2731 943 2892 999; x_wconf 78' lang='grc' dir='ltr'>ΚΕΦ.</span> <span class='ocrx_word' id='word_1_119' title='bbox 2934 944 3037 998; x_wconf 87' lang='lat' dir='ltr'><strong>IB’.</strong></span> 
     </span>
    </p>
   </div>
   <div class='ocr_carea' id='block_1_24' title="bbox 2585 1034 3171 1104">
    <p class='ocr_par' dir='ltr' id='par_1_24' title="bbox 2585 1034 3171 1104">
     <span class='ocr_line' id='line_1_24' title="bbox 2585 1034 3171 1104; baseline 0.002 -15"><span class='ocrx_word' id='word_1_120' title='bbox 2585 1034 2728 1104; x_wconf 73' lang='grc' dir='ltr'>Περὶ</span> <span class='ocrx_word' id='word_1_121' title='bbox 2775 1036 2884 1090; x_wconf 82' lang='grc' dir='ltr'><strong>τοῦ</strong></span> <span class='ocrx_word' id='word_1_122' title='bbox 2924 1035 3171 1102; x_wconf 71' lang='grc' dir='ltr'>ταῶν-ος.</span> 
     </span>
    </p>
   </div>
   <div class='ocr_carea' id='block_1_25' title="bbox 2171 1119 3683 1195">
    <p class='ocr_par' dir='ltr' id='par_1_25' title="bbox 2171 1119 3683 1195">
     <span class='ocr_line' id='line_1_25' title="bbox 2171 1119 3683 1195; baseline 0.001 -23"><span class='ocrx_word' id='word_1_123' title='bbox 2171 1119 2359 1174; x_wconf 82' lang='grc' dir='ltr'><strong>Ἔστιν</strong></span> <span class='ocrx_word' id='word_1_124' title='bbox 2385 1122 2413 1175; x_wconf 88' lang='lat'><strong>6</strong></span> <span class='ocrx_word' id='word_1_125' title='bbox 2440 1120 2583 1187; x_wconf 84' lang='grc' dir='ltr'>ταὼς</span> <span class='ocrx_word' id='word_1_126' title='bbox 2617 1124 2953 1195; x_wconf 85' lang='grc' dir='ltr'>τερπόμενον</span> <span class='ocrx_word' id='word_1_127' title='bbox 2994 1124 3178 1195; x_wconf 87' lang='grc' dir='ltr'>ὄρνεον</span> <span class='ocrx_word' id='word_1_128' title='bbox 3203 1123 3353 1194; x_wconf 85' lang='grc' dir='ltr'><strong>παρά</strong></span> <span class='ocrx_word' id='word_1_129' title='bbox 3393 1125 3570 1178; x_wconf 80' lang='grc' dir='ltr'>πάντα</span> <span class='ocrx_word' id='word_1_130' title='bbox 3604 1121 3683 1176; x_wconf 69' lang='grc' dir='ltr'>τὰ</span> 
     </span>
    </p>
   </div>
   <div class='ocr_carea' id='block_1_26' title="bbox 2095 1211 3760 1288">
    <p class='ocr_par' dir='ltr' id='par_1_26' title="bbox 2095 1211 3760 1288">
     <span class='ocr_line' id='line_1_26' title="bbox 2095 1211 3760 1288; baseline 0.005 -26"><span class='ocrx_word' id='word_1_131' title='bbox 2095 1211 2318 1265; x_wconf 83' lang='grc' dir='ltr'>πετεινά</span> <span class='ocrx_word' id='word_1_132' title='bbox 2336 1228 2349 1242; x_wconf 89' lang='grc'>·</span> <span class='ocrx_word' id='word_1_133' title='bbox 2377 1211 2492 1266; x_wconf 78' lang='grc' dir='ltr'>ἐστι</span> <span class='ocrx_word' id='word_1_134' title='bbox 2522 1213 2577 1266; x_wconf 83' lang='grc' dir='ltr'>δὲ</span> <span class='ocrx_word' id='word_1_135' title='bbox 2607 1216 2962 1287; x_wconf 78' lang='grc' dir='ltr'>μορφόχροος,</span> <span class='ocrx_word' id='word_1_136' title='bbox 2995 1217 3090 1268; x_wconf 76' lang='grc' dir='ltr'>καὶ</span> <span class='ocrx_word' id='word_1_137' title='bbox 3115 1215 3396 1286; x_wconf 78' lang='grc' dir='ltr'><strong>πτερύγων</strong></span> <span class='ocrx_word' id='word_1_138' title='bbox 3428 1217 3678 1288; x_wconf 82' lang='grc' dir='ltr'>ὡραίων.</span> <span class='ocrx_word' id='word_1_139' title='bbox 3757 1233 3760 1235; x_wconf 72' lang='lat'><strong>‘</strong></span> 
     </span>
    </p>
   </div>
   <div class='ocr_carea' id='block_1_27' title="bbox 2095 1301 3681 1379">
    <p class='ocr_par' dir='ltr' id='par_1_27' title="bbox 2095 1301 3681 1379">
     <span class='ocr_line' id='line_1_27' title="bbox 2095 1301 3681 1379; baseline 0.005 -27"><span class='ocrx_word' id='word_1_140' title='bbox 2095 1301 2420 1372; x_wconf 88' lang='grc' dir='ltr'>Περιπατῶν</span> <span class='ocrx_word' id='word_1_141' title='bbox 2452 1303 2559 1375; x_wconf 80' lang='grc' dir='ltr'><strong>γὰρ</strong></span> <span class='ocrx_word' id='word_1_142' title='bbox 2587 1307 2688 1377; x_wconf 83' lang='grc' dir='ltr'>ὁρᾷ</span> <span class='ocrx_word' id='word_1_143' title='bbox 2720 1307 2878 1360; x_wconf 84' lang='grc' dir='ltr'>αὑτὸν</span> <span class='ocrx_word' id='word_1_144' title='bbox 2913 1309 3268 1379; x_wconf 82' lang='grc' dir='ltr'>τερπόμενον,</span> <span class='ocrx_word' id='word_1_145' title='bbox 3304 1309 3681 1378; x_wconf 82' lang='grc' dir='ltr'>ὲγκεκυφυῖαν</span> 
     </span>
    </p>
   </div>
   <div class='ocr_carea' id='block_1_28' title="bbox 2094 1379 3680 1472">
    <p class='ocr_par' dir='ltr' id='par_1_28' title="bbox 2094 1379 3680 1472">
     <span class='ocr_line' id='line_1_28' title="bbox 2094 1379 3680 1472; baseline 0.006 -28"><span class='ocrx_word' id='word_1_146' title='bbox 2094 1392 2152 1445; x_wconf 88' lang='grc' dir='ltr'>δὲ</span> <span class='ocrx_word' id='word_1_147' title='bbox 2181 1392 2320 1462; x_wconf 75' lang='grc' dir='ltr'>ἔχων</span> <span class='ocrx_word' id='word_1_148' title='bbox 2343 1393 2442 1465; x_wconf 86' lang='grc' dir='ltr'>τὴν</span> <span class='ocrx_word' id='word_1_149' title='bbox 2470 1393 2725 1469; x_wconf 77' lang='grc' dir='ltr'>’κεφαλὴν</span> <span class='ocrx_word' id='word_1_150' title='bbox 2765 1379 3078 1455; x_wconf 85' lang='grc' dir='ltr'>ὑποϐλέπει.</span> <span class='ocrx_word' id='word_1_151' title='bbox 3134 1400 3302 1453; x_wconf 88' lang='grc' dir='ltr'>Ὅταν</span> <span class='ocrx_word' id='word_1_152' title='bbox 3340 1400 3396 1453; x_wconf 85' lang='grc' dir='ltr'>δὲ</span> <span class='ocrx_word' id='word_1_153' title='bbox 3428 1400 3512 1472; x_wconf 79' lang='grc' dir='ltr'>ίδῃ</span> <span class='ocrx_word' id='word_1_154' title='bbox 3545 1401 3680 1465; x_wconf 77' lang='grc' dir='ltr'>τοὺς</span> 
     </span>
    </p>
   </div>
   <div class='ocr_carea' id='block_1_29' title="bbox 2094 1483 3680 1562">
    <p class='ocr_par' dir='ltr' id='par_1_29' title="bbox 2094 1483 3680 1562">
     <span class='ocr_line' id='line_1_29' title="bbox 2094 1483 3680 1562; baseline 0.007 -28"><span class='ocrx_word' id='word_1_155' title='bbox 2094 1483 2262 1547; x_wconf 81' lang='grc' dir='ltr'><strong>πόδας</strong></span> <span class='ocrx_word' id='word_1_156' title='bbox 2301 1484 2490 1553; x_wconf 84' lang='grc' dir='ltr'>αὑτοῦ,</span> <span class='ocrx_word' id='word_1_157' title='bbox 2526 1491 2696 1556; x_wconf 83' lang='grc' dir='ltr'>φωνεῖ</span> <span class='ocrx_word' id='word_1_158' title='bbox 2735 1490 2960 1562; x_wconf 85' lang='grc' dir='ltr'><strong>ἀγρίως,</strong></span> <span class='ocrx_word' id='word_1_159' title='bbox 2999 1491 3196 1555; x_wconf 78' lang='grc' dir='ltr'>αὐτοὺς</span> <span class='ocrx_word' id='word_1_160' title='bbox 3225 1491 3493 1561; x_wconf 79' lang='grc' dir='ltr'>ἀνομοίως</span> <span class='ocrx_word' id='word_1_161' title='bbox 3527 1491 3680 1562; x_wconf 80' lang='grc' dir='ltr'>ἔχειν</span> 
     </span>
    </p>
   </div>
   <div class='ocr_carea' id='block_1_30' title="bbox 2095 1576 3424 1654">
    <p class='ocr_par' dir='ltr' id='par_1_30' title="bbox 2095 1576 3424 1654">
     <span class='ocr_line' id='line_1_30' title="bbox 2095 1576 3424 1654; baseline 0.008 -28"><span class='ocrx_word' id='word_1_162' title='bbox 2095 1576 2232 1646; x_wconf 86' lang='grc' dir='ltr'>πρὸς</span> <span class='ocrx_word' id='word_1_163' title='bbox 2259 1576 2320 1630; x_wconf 81' lang='grc' dir='ltr'>τὸ</span> <span class='ocrx_word' id='word_1_164' title='bbox 2355 1576 2539 1632; x_wconf 84' lang='grc' dir='ltr'>λοιπὸν</span> <span class='ocrx_word' id='word_1_165' title='bbox 2579 1581 2744 1652; x_wconf 84' lang='grc' dir='ltr'>μέρος</span> <span class='ocrx_word' id='word_1_166' title='bbox 2771 1581 2866 1634; x_wconf 87' lang='grc' dir='ltr'><strong>τοῦ</strong></span> <span class='ocrx_word' id='word_1_167' title='bbox 2899 1581 3150 1654; x_wconf 85' lang='grc' dir='ltr'>σώματος</span> <span class='ocrx_word' id='word_1_168' title='bbox 3180 1581 3424 1652; x_wconf 82' lang='grc' dir='ltr'>φάσκων.</span> 
     </span>
    </p>
   </div>
   <div class='ocr_carea' id='block_1_31' title="bbox 2721 1754 3058 1825">
    <p class='ocr_par' dir='ltr' id='par_1_31' title="bbox 2721 1754 3058 1825">
     <span class='ocr_line' id='line_1_31' title="bbox 2721 1754 3058 1825; baseline -0.009 -17"><span class='ocrx_word' id='word_1_169' title='bbox 2721 1754 3058 1825; x_wconf 78' lang='grc' dir='ltr'>Ἐρμηνεία.</span> 
     </span>
    </p>
   </div>
   <div class='ocr_carea' id='block_1_32' title="bbox 481 1836 1998 1935">
    <p class='ocr_par' dir='ltr' id='par_1_32' title="bbox 481 1836 1987 1935">
     <span class='ocr_line' id='line_1_32' title="bbox 481 1836 1987 1935; baseline -0.005 -17"><span class='ocrx_word' id='word_1_170' title='bbox 481 1861 562 1918; x_wconf 84' lang='lat' dir='ltr'><strong>Tu</strong></span> <span class='ocrx_word' id='word_1_171' title='bbox 615 1863 801 1935; x_wconf 87' lang='lat' dir='ltr'><strong>igitur,</strong></span> <span class='ocrx_word' id='word_1_172' title='bbox 840 1836 1148 1934; x_wconf 83' lang='lat' dir='ltr'><strong>spiritualis</strong></span> <span class='ocrx_word' id='word_1_173' title='bbox 1189 1862 1374 1926; x_wconf 90' lang='lat' dir='ltr'><strong>homo,</strong></span> <span class='ocrx_word' id='word_1_174' title='bbox 1421 1867 1691 1932; x_wconf 80' lang='lat' dir='ltr'><strong>praecepta</strong></span> <span class='ocrx_word' id='word_1_175' title='bbox 1747 1864 1802 1912; x_wconf 91' lang='lat' dir='ltr'><strong>et</strong></span> <span class='ocrx_word' id='word_1_176' title='bbox 1849 1856 1987 1912; x_wconf 88' lang='lat' dir='ltr'><strong>bona</strong></span> 
     </span>
    </p>
   </div>
   <div class='ocr_carea' id='block_1_33' title="bbox 2115 1836 3680 1935">
    <p class='ocr_par' dir='ltr' id='par_1_33' title="bbox 2163 1838 3680 1915">
     <span class='ocr_line' id='line_1_33' title="bbox 2163 1838 3680 1915; baseline 0.001 -21"><span class='ocrx_word' id='word_1_177' title='bbox 2163 1841 2275 1894; x_wconf 75' lang='grc' dir='ltr'><strong>Καὶ</strong></span> <span class='ocrx_word' id='word_1_178' title='bbox 2329 1843 2394 1893; x_wconf 76' lang='grc' dir='ltr'>σὺ</span> <span class='ocrx_word' id='word_1_179' title='bbox 2449 1838 2565 1908; x_wconf 78' lang='grc' dir='ltr'>οὖν,</span> <span class='ocrx_word' id='word_1_180' title='bbox 2616 1842 2771 1914; x_wconf 81' lang='grc' dir='ltr'>νοητὲ</span> <span class='ocrx_word' id='word_1_181' title='bbox 2824 1844 3097 1914; x_wconf 81' lang='grc' dir='ltr'>ἄνθρωπε,</span> <span class='ocrx_word' id='word_1_182' title='bbox 3129 1843 3274 1915; x_wconf 84' lang='grc' dir='ltr'>ὀρῶν</span> <span class='ocrx_word' id='word_1_183' title='bbox 3307 1842 3404 1907; x_wconf 76' lang='grc' dir='ltr'><strong>τὰς</strong></span> <span class='ocrx_word' id='word_1_184' title='bbox 3454 1844 3680 1908; x_wconf 78' lang='grc' dir='ltr'>ἐντολάς</span> 
     </span>
    </p>
   </div>
   <div class='ocr_carea' id='block_1_34' title="bbox 409 1950 1988 2021">
    <p class='ocr_par' dir='ltr' id='par_1_34' title="bbox 409 1950 1988 2021">
     <span class='ocr_line' id='line_1_34' title="bbox 409 1950 1988 2021; baseline -0.004 -12"><span class='ocrx_word' id='word_1_185' title='bbox 409 1964 502 2009; x_wconf 87' lang='lat' dir='ltr'><strong>tua</strong></span> <span class='ocrx_word' id='word_1_186' title='bbox 536 1955 749 2018; x_wconf 81' lang='lat' dir='ltr'><strong>videns,</strong></span> <span class='ocrx_word' id='word_1_187' title='bbox 775 1954 1050 2010; x_wconf 87' lang='lat' dir='ltr'><strong>delectare</strong></span> <span class='ocrx_word' id='word_1_188' title='bbox 1093 1963 1148 2010; x_wconf 89' lang='lat' dir='ltr'><strong>et</strong></span> <span class='ocrx_word' id='word_1_189' title='bbox 1193 1953 1437 2018; x_wconf 84' lang='lat' dir='ltr'><strong>exsulta;</strong></span> <span class='ocrx_word' id='word_1_190' title='bbox 1471 1967 1592 2008; x_wconf 91' lang='lat' dir='ltr'><strong>cum</strong></span> <span class='ocrx_word' id='word_1_191' title='bbox 1629 1965 1758 2006; x_wconf 91' lang='lat' dir='ltr'><strong>vero</strong></span> <span class='ocrx_word' id='word_1_192' title='bbox 1803 1950 1988 2021; x_wconf 82' lang='lat' dir='ltr'><strong>pedes,</strong></span> 
     </span>
    </p>
   </div>
   <div class='ocr_carea' id='block_1_35' title="bbox 2095 1934 3682 2007">
    <p class='ocr_par' dir='ltr' id='par_1_35' title="bbox 2095 1934 3682 2007">
     <span class='ocr_line' id='line_1_35' title="bbox 2095 1934 3682 2007; baseline 0.004 -24"><span class='ocrx_word' id='word_1_193' title='bbox 2095 1949 2190 1984; x_wconf 89' lang='grc' dir='ltr'><strong>σου</strong></span> <span class='ocrx_word' id='word_1_194' title='bbox 2233 1934 2329 1988; x_wconf 76' lang='grc' dir='ltr'>καὶ</span> <span class='ocrx_word' id='word_1_195' title='bbox 2369 1936 2438 1988; x_wconf 83' lang='grc' dir='ltr'>τὰ</span> <span class='ocrx_word' id='word_1_196' title='bbox 2486 1935 2668 2004; x_wconf 85' lang='grc' dir='ltr'>ἀγαθά</span> <span class='ocrx_word' id='word_1_197' title='bbox 2703 1952 2817 2001; x_wconf 86' lang='grc' dir='ltr'>σου,</span> <span class='ocrx_word' id='word_1_198' title='bbox 2857 1935 3059 2007; x_wconf 83' lang='grc' dir='ltr'>τέρπου</span> <span class='ocrx_word' id='word_1_199' title='bbox 3101 1936 3197 1989; x_wconf 75' lang='grc' dir='ltr'>καὶ</span> <span class='ocrx_word' id='word_1_200' title='bbox 3239 1936 3472 2005; x_wconf 81' lang='grc' dir='ltr'>ἀγάλλου</span> <span class='ocrx_word' id='word_1_201' title='bbox 3495 1955 3508 1968; x_wconf 74' lang='grc' dir='ltr'><strong>ο</strong></span> <span class='ocrx_word' id='word_1_202' title='bbox 3545 1938 3682 1990; x_wconf 84' lang='grc' dir='ltr'>ὅταν</span> 
     </span>
    </p>
   </div>
   <div class='ocr_carea' id='block_1_36' title="bbox 409 2023 1998 2117">
    <p class='ocr_par' dir='ltr' id='par_1_36' title="bbox 409 2039 1992 2117">
     <span class='ocr_line' id='line_1_36' title="bbox 409 2039 1992 2117; baseline -0.005 -18"><span class='ocrx_word' id='word_1_203' title='bbox 409 2047 460 2100; x_wconf 88' lang='lat' dir='ltr'><strong>id</strong></span> <span class='ocrx_word' id='word_1_204' title='bbox 489 2054 572 2102; x_wconf 91' lang='lat' dir='ltr'><strong>est</strong></span> <span class='ocrx_word' id='word_1_205' title='bbox 607 2054 853 2117; x_wconf 87' lang='lat' dir='ltr'><strong>peccata,</strong></span> <span class='ocrx_word' id='word_1_206' title='bbox 894 2045 1195 2116; x_wconf 78' lang='lat' dir='ltr'><strong>aspexeris,</strong></span> <span class='ocrx_word' id='word_1_207' title='bbox 1220 2042 1545 2106; x_wconf 83' lang='lat' dir='ltr'><strong>vociferare,</strong></span> <span class='ocrx_word' id='word_1_208' title='bbox 1571 2049 1625 2096; x_wconf 88' lang='lat' dir='ltr'><strong>et</strong></span> <span class='ocrx_word' id='word_1_209' title='bbox 1669 2055 1851 2095; x_wconf 86' lang='lat' dir='ltr'><strong>coram</strong></span> <span class='ocrx_word' id='word_1_210' title='bbox 1882 2039 1992 2092; x_wconf 82' lang='lat' dir='ltr'><strong>Deo</strong></span> 
     </span>
    </p>
   </div>
   <div class='ocr_carea' id='block_1_37' title="bbox 2115 2023 3680 2117">
    <p class='ocr_par' dir='ltr' id='par_1_37' title="bbox 2115 2024 3680 2099">
     <span class='ocr_line' id='line_1_37' title="bbox 2115 2024 3680 2099; baseline 0.004 -23"><span class='ocrx_word' id='word_1_211' title='bbox 2115 2024 2147 2076; x_wconf 70' lang='grc' dir='ltr'><strong>ἑὲ</strong></span> <span class='ocrx_word' id='word_1_212' title='bbox 2181 2025 2299 2098; x_wconf 78' lang='grc' dir='ltr'>ἴδῃς</span> <span class='ocrx_word' id='word_1_213' title='bbox 2328 2027 2456 2090; x_wconf 84' lang='grc' dir='ltr'>τοὺς</span> <span class='ocrx_word' id='word_1_214' title='bbox 2487 2027 2650 2090; x_wconf 82' lang='grc' dir='ltr'><strong>πόδας</strong></span> <span class='ocrx_word' id='word_1_215' title='bbox 2681 2043 2797 2094; x_wconf 90' lang='grc' dir='ltr'>σου,</span> <span class='ocrx_word' id='word_1_216' title='bbox 2832 2028 2901 2081; x_wconf 80' lang='grc' dir='ltr'><strong>τὰ</strong></span> <span class='ocrx_word' id='word_1_217' title='bbox 2939 2028 3314 2099; x_wconf 84' lang='grc' dir='ltr'>ἁμαρτήματά</span> <span class='ocrx_word' id='word_1_218' title='bbox 3344 2044 3460 2092; x_wconf 89' lang='grc' dir='ltr'>σου,</span> <span class='ocrx_word' id='word_1_219' title='bbox 3492 2027 3680 2097; x_wconf 77' lang='grc' dir='ltr'>φώνη-</span> 
     </span>
    </p>
   </div>
   <div class='ocr_carea' id='block_1_38' title="bbox 408 2129 1988 2206">
    <p class='ocr_par' dir='ltr' id='par_1_38' title="bbox 408 2129 1988 2206">
     <span class='ocr_line' id='line_1_38' title="bbox 408 2129 1988 2206; baseline -0.004 -17"><span class='ocrx_word' id='word_1_220' title='bbox 408 2135 546 2191; x_wconf 83' lang='lat' dir='ltr'><strong>delle</strong></span> <span class='ocrx_word' id='word_1_221' title='bbox 578 2143 740 2206; x_wconf 85' lang='lat' dir='ltr'><strong>atque</strong></span> <span class='ocrx_word' id='word_1_222' title='bbox 770 2135 896 2191; x_wconf 91' lang='lat' dir='ltr'><strong>odio</strong></span> <span class='ocrx_word' id='word_1_223' title='bbox 940 2134 1079 2190; x_wconf 83' lang='lat' dir='ltr'><strong>habe</strong></span> <span class='ocrx_word' id='word_1_224' title='bbox 1104 2141 1409 2202; x_wconf 87' lang='lat' dir='ltr'><strong>peccatum,</strong></span> <span class='ocrx_word' id='word_1_225' title='bbox 1441 2129 1899 2202; x_wconf 83' lang='lat' dir='ltr'><strong>quemadmodum</strong></span> <span class='ocrx_word' id='word_1_226' title='bbox 1937 2138 1988 2183; x_wconf 86' lang='lat' dir='ltr'><strong>et</strong></span> 
     </span>
    </p>
   </div>
   <div class='ocr_carea' id='block_1_39' title="bbox 408 2225 1592 2299">
    <p class='ocr_par' dir='ltr' id='par_1_39' title="bbox 408 2225 1592 2299">
     <span class='ocr_line' id='line_1_39' title="bbox 408 2225 1592 2299; baseline -0.004 -18"><span class='ocrx_word' id='word_1_227' title='bbox 408 2243 548 2299; x_wconf 88' lang='lat' dir='ltr'><strong>pavo</strong></span> <span class='ocrx_word' id='word_1_228' title='bbox 570 2226 755 2298; x_wconf 88' lang='lat' dir='ltr'><strong>pedes,</strong></span> <span class='ocrx_word' id='word_1_229' title='bbox 781 2233 840 2282; x_wconf 92' lang='lat' dir='ltr'><strong>ut</strong></span> <span class='ocrx_word' id='word_1_230' title='bbox 863 2238 1065 2297; x_wconf 83' lang='lat' dir='ltr'><strong>Sponso</strong></span> <span class='ocrx_word' id='word_1_231' title='bbox 1083 2225 1270 2296; x_wconf 86' lang='lat' dir='ltr'><strong>justus</strong></span> <span class='ocrx_word' id='word_1_232' title='bbox 1305 2238 1592 2295; x_wconf 88' lang='lat' dir='ltr'><strong>appareas.</strong></span> 
     </span>
    </p>
   </div>
   <div class='ocr_carea' id='block_1_40' title="bbox 1042 2401 1367 2458">
    <p class='ocr_par' dir='ltr' id='par_1_40' title="bbox 1042 2401 1367 2458">
     <span class='ocr_line' id='line_1_40' title="bbox 1042 2401 1367 2458; baseline 0 0"><span class='ocrx_word' id='word_1_233' title='bbox 1042 2401 1196 2458; x_wconf 84' lang='lat' dir='ltr'><strong>CAP.</strong></span> <span class='ocrx_word' id='word_1_234' title='bbox 1224 2401 1367 2458; x_wconf 83' lang='lat' dir='ltr'>XIII.</span> 
     </span>
    </p>
   </div>
   <div class='ocr_carea' id='block_1_41' title="bbox 1026 2492 1377 2562">
    <p class='ocr_par' dir='ltr' id='par_1_41' title="bbox 1026 2492 1377 2562">
     <span class='ocr_line' id='line_1_41' title="bbox 1026 2492 1377 2562; baseline -0.006 -15"><span class='ocrx_word' id='word_1_235' title='bbox 1026 2492 1103 2549; x_wconf 88' lang='lat' dir='ltr'><strong>De</strong></span> <span class='ocrx_word' id='word_1_236' title='bbox 1123 2503 1377 2562; x_wconf 87' lang='lat' dir='ltr'><strong>serpente.</strong></span> 
     </span>
    </p>
   </div>
   <div class='ocr_carea' id='block_1_42' title="bbox 479 2569 1992 2654">
    <p class='ocr_par' dir='ltr' id='par_1_42' title="bbox 479 2569 1992 2654">
     <span class='ocr_line' id='line_1_42' title="bbox 479 2569 1992 2654; baseline -0.001 -17"><span class='ocrx_word' id='word_1_237' title='bbox 479 2582 570 2638; x_wconf 83' lang='lat' dir='ltr'><strong>Ait</strong></span> <span class='ocrx_word' id='word_1_238' title='bbox 599 2569 854 2640; x_wconf 79' lang='lat' dir='ltr'><strong>Christus</strong></span> <span class='ocrx_word' id='word_1_239' title='bbox 886 2583 941 2639; x_wconf 89' lang='lat' dir='ltr'><strong>in</strong></span> <span class='ocrx_word' id='word_1_240' title='bbox 971 2581 1267 2654; x_wconf 76' lang='lat' dir='ltr'><strong>Evangelia</strong></span> <span class='ocrx_word' id='word_1_241' title='bbox 1293 2601 1306 2636; x_wconf 89' lang='lat'><strong>:</strong></span> <span class='ocrx_word' id='word_1_242' title='bbox 1339 2581 1522 2636; x_wconf 81' lang='lat' dir='ltr'><strong>Estote</strong></span> <span class='ocrx_word' id='word_1_243' title='bbox 1547 2579 1828 2649; x_wconf 80' lang='lat' dir='ltr'><strong>prudentes</strong></span> <span class='ocrx_word' id='word_1_244' title='bbox 1857 2581 1992 2636; x_wconf 78' lang='lat' dir='ltr'><strong>sicut</strong></span> 
     </span>
    </p>
   </div>
   <div class='ocr_carea' id='block_1_43' title="bbox 410 2664 1993 2748">
    <p class='ocr_par' dir='ltr' id='par_1_43' title="bbox 410 2664 1993 2748">
     <span class='ocr_line' id='line_1_43' title="bbox 410 2664 1993 2748; baseline -0.003 -16"><span class='ocrx_word' id='word_1_245' title='bbox 410 2677 689 2748; x_wconf 70' lang='lat' dir='ltr'><strong>s&#39;erpent&#39;es,</strong></span> <span class='ocrx_word' id='word_1_246' title='bbox 721 2685 770 2731; x_wconf 86' lang='lat' dir='ltr'><strong>et</strong></span> <span class='ocrx_word' id='word_1_247' title='bbox 805 2676 1068 2746; x_wconf 81' lang='lat' dir='ltr'><strong>simplices</strong></span> <span class='ocrx_word' id='word_1_248' title='bbox 1109 2678 1246 2731; x_wconf 81' lang='lat' dir='ltr'><strong>sicut</strong></span> <span class='ocrx_word' id='word_1_249' title='bbox 1276 2674 1531 2728; x_wconf 73' lang='lat' dir='ltr'><strong>columba:</strong></span> <span class='ocrx_word' id='word_1_250' title='bbox 1559 2675 1600 2728; x_wconf 80' lang='lat'><strong>&#39;.</strong></span> <span class='ocrx_word' id='word_1_251' title='bbox 1634 2664 1993 2744; x_wconf 71' lang='lat' dir='ltr'><strong>Physiblogns</strong></span> 
     </span>
    </p>
   </div>
   <div class='ocr_carea' id='block_1_44' title="bbox 412 2765 1990 2839">
    <p class='ocr_par' dir='ltr' id='par_1_44' title="bbox 412 2765 1990 2839">
     <span class='ocr_line' id='line_1_44' title="bbox 412 2765 1990 2839; baseline -0.003 -16"><span class='ocrx_word' id='word_1_252' title='bbox 412 2771 468 2824; x_wconf 90' lang='lat' dir='ltr'><strong>in</strong></span> <span class='ocrx_word' id='word_1_253' title='bbox 505 2776 756 2839; x_wconf 77' lang='lat' dir='ltr'><strong>serpente</strong></span> <span class='ocrx_word' id='word_1_254' title='bbox 795 2768 982 2838; x_wconf 83' lang='lat' dir='ltr'><strong>plures</strong></span> <span class='ocrx_word' id='word_1_255' title='bbox 1033 2766 1215 2823; x_wconf 85' lang='lat' dir='ltr'><strong>inesse</strong></span> <span class='ocrx_word' id='word_1_256' title='bbox 1260 2772 1469 2820; x_wconf 84' lang='lat' dir='ltr'><strong>naturae</strong></span> <span class='ocrx_word' id='word_1_257' title='bbox 1501 2765 1864 2836; x_wconf 87' lang='lat' dir='ltr'><strong>pr0prietates</strong></span> <span class='ocrx_word' id='word_1_258' title='bbox 1895 2766 1990 2819; x_wconf 89' lang='lat' dir='ltr'><strong>ait.</strong></span> 
     </span>
    </p>
   </div>
   <div class='ocr_carea' id='block_1_45' title="bbox 786 2965 1626 3038">
    <p class='ocr_par' dir='ltr' id='par_1_45' title="bbox 786 2965 1626 3038">
     <span class='ocr_line' id='line_1_45' title="bbox 786 2965 1626 3038; baseline -0.002 -17"><span class='ocrx_word' id='word_1_259' title='bbox 786 2965 976 3022; x_wconf 88' lang='lat' dir='ltr'><strong>Prima</strong></span> <span class='ocrx_word' id='word_1_260' title='bbox 1008 2966 1262 3035; x_wconf 77' lang='lat' dir='ltr'><strong>serpentis</strong></span> <span class='ocrx_word' id='word_1_261' title='bbox 1300 2965 1626 3038; x_wconf 74' lang='lat' dir='ltr'><strong>proprietas.</strong></span> 
     </span>
    </p>
   </div>
   <div class='ocr_carea' id='block_1_46' title="bbox 480 3055 1992 3131">
    <p class='ocr_par' dir='ltr' id='par_1_46' title="bbox 480 3055 1992 3131">
     <span class='ocr_line' id='line_1_46' title="bbox 480 3055 1992 3131; baseline -0.008 -12"><span class='ocrx_word' id='word_1_262' title='bbox 480 3061 617 3119; x_wconf 87' lang='lat' dir='ltr'><strong>Cum</strong></span> <span class='ocrx_word' id='word_1_263' title='bbox 647 3061 800 3117; x_wconf 89' lang='lat' dir='ltr'><strong>senio</strong></span> <span class='ocrx_word' id='word_1_264' title='bbox 837 3067 1114 3131; x_wconf 79' lang='lat' dir='ltr'><strong>gravatur,</strong></span> <span class='ocrx_word' id='word_1_265' title='bbox 1144 3061 1382 3130; x_wconf 80' lang='lat' dir='ltr'><strong>caligant</strong></span> <span class='ocrx_word' id='word_1_266' title='bbox 1430 3057 1508 3112; x_wconf 87' lang='lat' dir='ltr'><strong>illi</strong></span> <span class='ocrx_word' id='word_1_267' title='bbox 1542 3055 1721 3124; x_wconf 90' lang='lat' dir='ltr'><strong>oculi;</strong></span> <span class='ocrx_word' id='word_1_268' title='bbox 1765 3063 1821 3112; x_wconf 91' lang='lat' dir='ltr'><strong>et</strong></span> <span class='ocrx_word' id='word_1_269' title='bbox 1867 3069 1992 3110; x_wconf 88' lang='lat' dir='ltr'><strong>cum</strong></span> 
     </span>
    </p>
   </div>
   <div class='ocr_carea' id='block_1_47' title="bbox 2092 2117 3682 2190">
    <p class='ocr_par' dir='ltr' id='par_1_47' title="bbox 2092 2117 3682 2190">
     <span class='ocr_line' id='line_1_47' title="bbox 2092 2117 3682 2190; baseline -0.001 -16"><span class='ocrx_word' id='word_1_270' title='bbox 2092 2138 2205 2183; x_wconf 89' lang='grc' dir='ltr'>σον,</span> <span class='ocrx_word' id='word_1_271' title='bbox 2244 2118 2341 2172; x_wconf 78' lang='grc' dir='ltr'>καὶ</span> <span class='ocrx_word' id='word_1_272' title='bbox 2387 2117 2621 2171; x_wconf 88' lang='grc' dir='ltr'>κλαῦσον</span> <span class='ocrx_word' id='word_1_273' title='bbox 2658 2118 2795 2190; x_wconf 83' lang='grc' dir='ltr'>πρὸς</span> <span class='ocrx_word' id='word_1_274' title='bbox 2843 2118 2935 2172; x_wconf 82' lang='grc' dir='ltr'>τὸν</span> <span class='ocrx_word' id='word_1_275' title='bbox 2971 2118 3125 2182; x_wconf 81' lang='grc' dir='ltr'>Θεὸν,</span> <span class='ocrx_word' id='word_1_276' title='bbox 3167 2119 3261 2172; x_wconf 80' lang='grc' dir='ltr'>καὶ</span> <span class='ocrx_word' id='word_1_277' title='bbox 3309 2120 3538 2190; x_wconf 88' lang='grc' dir='ltr'>μίσησον</span> <span class='ocrx_word' id='word_1_278' title='bbox 3574 2121 3682 2190; x_wconf 74' lang='grc' dir='ltr'>τὴν</span> 
     </span>
    </p>
   </div>
   <div class='ocr_carea' id='block_1_48' title="bbox 2091 2211 3681 2286">
    <p class='ocr_par' dir='ltr' id='par_1_48' title="bbox 2091 2211 3681 2286">
     <span class='ocr_line' id='line_1_48' title="bbox 2091 2211 3681 2286; baseline -0.001 -19"><span class='ocrx_word' id='word_1_279' title='bbox 2091 2213 2386 2286; x_wconf 82' lang='grc' dir='ltr'>ἁμαρτίαν,</span> <span class='ocrx_word' id='word_1_280' title='bbox 2411 2211 2599 2285; x_wconf 82' lang='grc' dir='ltr'>ὥσπερ</span> <span class='ocrx_word' id='word_1_281' title='bbox 2627 2214 2655 2266; x_wconf 95' lang='lat'><strong>6</strong></span> <span class='ocrx_word' id='word_1_282' title='bbox 2681 2212 2825 2277; x_wconf 87' lang='grc' dir='ltr'>ταὼς</span> <span class='ocrx_word' id='word_1_283' title='bbox 2853 2214 2979 2277; x_wconf 84' lang='grc' dir='ltr'>τοὺς</span> <span class='ocrx_word' id='word_1_284' title='bbox 3021 2213 3210 2279; x_wconf 83' lang='grc' dir='ltr'><strong>πόδας,</strong></span> <span class='ocrx_word' id='word_1_285' title='bbox 3245 2214 3330 2268; x_wconf 82' lang='grc' dir='ltr'>ἵνα</span> <span class='ocrx_word' id='word_1_286' title='bbox 3358 2215 3564 2279; x_wconf 83' lang='grc' dir='ltr'>δίκαιος</span> <span class='ocrx_word' id='word_1_287' title='bbox 3595 2216 3681 2285; x_wconf 80' lang='grc' dir='ltr'>τῷ</span> 
     </span>
    </p>
   </div>
   <div class='ocr_carea' id='block_1_49' title="bbox 2093 2306 2536 2376">
    <p class='ocr_par' dir='ltr' id='par_1_49' title="bbox 2093 2306 2536 2376">
     <span class='ocr_line' id='line_1_49' title="bbox 2093 2306 2536 2376; baseline 0.007 -19"><span class='ocrx_word' id='word_1_288' title='bbox 2093 2306 2312 2376; x_wconf 84' lang='grc' dir='ltr'>νυμφίῳ</span> <span class='ocrx_word' id='word_1_289' title='bbox 2343 2307 2536 2375; x_wconf 73' lang='grc' dir='ltr'>φανῇς.</span> 
     </span>
    </p>
   </div>
   <div class='ocr_carea' id='block_1_50' title="bbox 2735 2393 3038 2447">
    <p class='ocr_par' dir='ltr' id='par_1_50' title="bbox 2735 2393 3038 2447">
     <span class='ocr_line' id='line_1_50' title="bbox 2735 2393 3038 2447; baseline 0.003 -2"><span class='ocrx_word' id='word_1_290' title='bbox 2735 2393 2894 2446; x_wconf 82' lang='grc' dir='ltr'><strong>ΚΕΦ.</strong></span> <span class='ocrx_word' id='word_1_291' title='bbox 2937 2393 3038 2447; x_wconf 84' lang='lat' dir='ltr'>II&quot;.</span> 
     </span>
    </p>
   </div>
   <div class='ocr_carea' id='block_1_51' title="bbox 2619 2484 3140 2555">
    <p class='ocr_par' dir='ltr' id='par_1_51' title="bbox 2619 2484 3140 2555">
     <span class='ocr_line' id='line_1_51' title="bbox 2619 2484 3140 2555; baseline 0.004 -17"><span class='ocrx_word' id='word_1_292' title='bbox 2619 2484 2762 2553; x_wconf 76' lang='grc' dir='ltr'>Περὶ</span> <span class='ocrx_word' id='word_1_293' title='bbox 2789 2485 2898 2539; x_wconf 81' lang='grc' dir='ltr'><strong>τοῦ</strong></span> <span class='ocrx_word' id='word_1_294' title='bbox 2928 2485 3140 2555; x_wconf 74' lang='grc' dir='ltr'>ὄφεως.</span> 
     </span>
    </p>
   </div>
   <div class='ocr_carea' id='block_1_52' title="bbox 2163 2569 3682 2649">
    <p class='ocr_par' dir='ltr' id='par_1_52' title="bbox 2163 2569 3682 2649">
     <span class='ocr_line' id='line_1_52' title="bbox 2163 2569 3682 2649; baseline 0 -19"><span class='ocrx_word' id='word_1_295' title='bbox 2163 2576 2238 2644; x_wconf 65' lang='grc' dir='ltr'>φο</span> <span class='ocrx_word' id='word_1_296' title='bbox 2285 2576 2522 2648; x_wconf 81' lang='grc' dir='ltr'>Χριστὸς</span> <span class='ocrx_word' id='word_1_297' title='bbox 2569 2569 2724 2630; x_wconf 77' lang='grc' dir='ltr'>εἶπεν</span> <span class='ocrx_word' id='word_1_298' title='bbox 2770 2578 2829 2631; x_wconf 77' lang='grc' dir='ltr'>ἐν</span> <span class='ocrx_word' id='word_1_299' title='bbox 2883 2576 2962 2646; x_wconf 84' lang='grc' dir='ltr'><strong>τῷ</strong></span> <span class='ocrx_word' id='word_1_300' title='bbox 3009 2577 3362 2649; x_wconf 78' lang='grc' dir='ltr'>Εὐαγγελίῳο</span> <span class='ocrx_word' id='word_1_301' title='bbox 3421 2577 3682 2630; x_wconf 79' lang='grc' dir='ltr'><strong>Γίνεσθε</strong></span> 
     </span>
    </p>
   </div>
   <div class='ocr_carea' id='block_1_53' title="bbox 2093 2669 3681 2740">
    <p class='ocr_par' dir='ltr' id='par_1_53' title="bbox 2093 2669 3681 2740">
     <span class='ocr_line' id='line_1_53' title="bbox 2093 2669 3681 2740; baseline -0.003 -17"><span class='ocrx_word' id='word_1_302' title='bbox 2093 2671 2367 2740; x_wconf 75' lang='grc' dir='ltr'>φρόνιμοι</span> <span class='ocrx_word' id='word_1_303' title='bbox 2429 2670 2510 2736; x_wconf 90' lang='grc' dir='ltr'>ὠς</span> <span class='ocrx_word' id='word_1_304' title='bbox 2546 2672 2599 2723; x_wconf 77' lang='lat' dir='ltr'><strong>oi</strong></span> <span class='ocrx_word' id='word_1_305' title='bbox 2632 2669 2818 2738; x_wconf 74' lang='grc' dir='ltr'>ὄφεις,</span> <span class='ocrx_word' id='word_1_306' title='bbox 2864 2669 2960 2723; x_wconf 75' lang='grc' dir='ltr'>καὶ</span> <span class='ocrx_word' id='word_1_307' title='bbox 2996 2670 3261 2738; x_wconf 81' lang='grc' dir='ltr'>ἀκέραιοι</span> <span class='ocrx_word' id='word_1_308' title='bbox 3302 2671 3384 2735; x_wconf 81' lang='grc' dir='ltr'>ὡς</span> <span class='ocrx_word' id='word_1_309' title='bbox 3427 2671 3485 2726; x_wconf 81' lang='grc' dir='ltr'>αι</span> <span class='ocrx_word' id='word_1_310' title='bbox 3517 2683 3681 2737; x_wconf 74' lang='grc' dir='ltr'>περι-</span> 
     </span>
    </p>
   </div>
   <div class='ocr_carea' id='block_1_54' title="bbox 2094 2760 3682 2834">
    <p class='ocr_par' dir='ltr' id='par_1_54' title="bbox 2094 2760 3682 2834">
     <span class='ocr_line' id='line_1_54' title="bbox 2094 2760 3682 2834; baseline 0 -19"><span class='ocrx_word' id='word_1_311' title='bbox 2094 2762 2324 2829; x_wconf 82' lang='grc' dir='ltr'>στεραί.</span> <span class='ocrx_word' id='word_1_312' title='bbox 2375 2760 2436 2814; x_wconf 90' lang='lat'><strong>&#39;0</strong></span> <span class='ocrx_word' id='word_1_313' title='bbox 2474 2760 2788 2830; x_wconf 83' lang='grc' dir='ltr'>φυσιολόγος</span> <span class='ocrx_word' id='word_1_314' title='bbox 2835 2760 2984 2826; x_wconf 79' lang='grc' dir='ltr'>ἔλεξε</span> <span class='ocrx_word' id='word_1_315' title='bbox 3035 2763 3166 2834; x_wconf 74' lang='grc' dir='ltr'>περὶ</span> <span class='ocrx_word' id='word_1_316' title='bbox 3210 2761 3305 2819; x_wconf 79' lang='grc' dir='ltr'><strong>τοῦ</strong></span> <span class='ocrx_word' id='word_1_317' title='bbox 3351 2760 3546 2833; x_wconf 87' lang='grc' dir='ltr'>ὄφεως,</span> <span class='ocrx_word' id='word_1_318' title='bbox 3593 2764 3682 2815; x_wconf 74' lang='grc' dir='ltr'>ὅτι</span> 
     </span>
    </p>
   </div>
   <div class='ocr_carea' id='block_1_55' title="bbox 2097 2851 2970 2923">
    <p class='ocr_par' dir='ltr' id='par_1_55' title="bbox 2097 2851 2970 2923">
     <span class='ocr_line' id='line_1_55' title="bbox 2097 2851 2970 2923; baseline 0.002 -19"><span class='ocrx_word' id='word_1_319' title='bbox 2097 2852 2290 2905; x_wconf 79' lang='grc' dir='ltr'>πολλαὶ</span> <span class='ocrx_word' id='word_1_320' title='bbox 2322 2851 2512 2922; x_wconf 83' lang='grc' dir='ltr'>φύσεις</span> <span class='ocrx_word' id='word_1_321' title='bbox 2544 2853 2680 2907; x_wconf 78' lang='grc' dir='ltr'>εἰσὶν</span> <span class='ocrx_word' id='word_1_322' title='bbox 2711 2853 2770 2906; x_wconf 80' lang='grc' dir='ltr'>ὲν</span> <span class='ocrx_word' id='word_1_323' title='bbox 2799 2851 2970 2923; x_wconf 82' lang='grc' dir='ltr'>αὐτῷ.</span> 
     </span>
    </p>
   </div>
   <div class='ocr_carea' id='block_1_56' title="bbox 2484 2964 3287 3037">
    <p class='ocr_par' dir='ltr' id='par_1_56' title="bbox 2484 2964 3287 3037">
     <span class='ocr_line' id='line_1_56' title="bbox 2484 2964 3287 3037; baseline 0.006 -19"><span class='ocrx_word' id='word_1_324' title='bbox 2484 2964 2682 3034; x_wconf 76' lang='grc' dir='ltr'>Πρώτη</span> <span class='ocrx_word' id='word_1_325' title='bbox 2717 2967 2903 3034; x_wconf 76' lang='grc' dir='ltr'>φύσις</span> <span class='ocrx_word' id='word_1_326' title='bbox 2933 2966 3041 3021; x_wconf 85' lang='grc' dir='ltr'><strong>τοῦ</strong></span> <span class='ocrx_word' id='word_1_327' title='bbox 3075 2966 3287 3037; x_wconf 71' lang='grc' dir='ltr'>ὄφεως.</span> 
     </span>
    </p>
   </div>
   <div class='ocr_carea' id='block_1_57' title="bbox 2168 3055 3681 3130">
    <p class='ocr_par' dir='ltr' id='par_1_57' title="bbox 2168 3055 3681 3130">
     <span class='ocr_line' id='line_1_57' title="bbox 2168 3055 3681 3130; baseline 0.003 -22"><span class='ocrx_word' id='word_1_328' title='bbox 2168 3055 2335 3109; x_wconf 88' lang='grc' dir='ltr'>Ὅταν</span> <span class='ocrx_word' id='word_1_329' title='bbox 2364 3055 2619 3128; x_wconf 83' lang='grc' dir='ltr'>γηράσκῃ</span> <span class='ocrx_word' id='word_1_330' title='bbox 2645 3096 2660 3121; x_wconf 92' lang='grc'><strong>,</strong></span> <span class='ocrx_word' id='word_1_331' title='bbox 2698 3056 3061 3126; x_wconf 83' lang='grc' dir='ltr'>ἀμϐλύνονται</span> <span class='ocrx_word' id='word_1_332' title='bbox 3095 3058 3260 3112; x_wconf 85' lang='grc' dir='ltr'>αὐτοῦ</span> <span class='ocrx_word' id='word_1_333' title='bbox 3300 3061 3348 3112; x_wconf 83' lang='lat' dir='ltr'><strong>oi</strong></span> <span class='ocrx_word' id='word_1_334' title='bbox 3386 3057 3681 3130; x_wconf 71' lang='grc' dir='ltr'>ὀφθαλμοὶ,</span> 
     </span>
    </p>
   </div>
   <div class='ocr_carea' id='block_1_58' title="bbox 412 3145 1998 3232">
    <p class='ocr_par' dir='ltr' id='par_1_58' title="bbox 412 3147 1994 3225">
     <span class='ocr_line' id='line_1_58' title="bbox 412 3147 1994 3225; baseline -0.006 -15"><span class='ocrx_word' id='word_1_335' title='bbox 412 3155 607 3210; x_wconf 90' lang='lat' dir='ltr'><strong>iterum</strong></span> <span class='ocrx_word' id='word_1_336' title='bbox 634 3154 994 3225; x_wconf 85' lang='lat' dir='ltr'><strong>juvenescere</strong></span> <span class='ocrx_word' id='word_1_337' title='bbox 1031 3162 1207 3224; x_wconf 85' lang='lat' dir='ltr'><strong>parat,</strong></span> <span class='ocrx_word' id='word_1_338' title='bbox 1245 3150 1601 3222; x_wconf 75' lang='lat' dir='ltr'><strong>quadraginta</strong></span> <span class='ocrx_word' id='word_1_339' title='bbox 1639 3148 1832 3204; x_wconf 91' lang='lat' dir='ltr'><strong>diebus</strong></span> <span class='ocrx_word' id='word_1_340' title='bbox 1871 3147 1994 3201; x_wconf 89' lang='lat' dir='ltr'><strong>cibo</strong></span> 
     </span>
    </p>
   </div>
   <div class='ocr_carea' id='block_1_59' title="bbox 2115 3145 3682 3232">
    <p class='ocr_par' dir='ltr' id='par_1_59' title="bbox 2115 3145 3682 3232">
     <span class='ocr_line' id='line_1_59' title="bbox 2115 3145 3682 3232; baseline 0.002 -33"><span class='ocrx_word' id='word_1_341' title='bbox 2115 3145 2192 3199; x_wconf 75' lang='grc' dir='ltr'>ιαὶ</span> <span class='ocrx_word' id='word_1_342' title='bbox 2235 3145 2330 3200; x_wconf 82' lang='grc' dir='ltr'><strong>ὲάν</strong></span> <span class='ocrx_word' id='word_1_343' title='bbox 2374 3147 2694 3210; x_wconf 78' lang='grc' dir='ltr'>ἀνανεάζειν</span> <span class='ocrx_word' id='word_1_344' title='bbox 2723 3148 2914 3202; x_wconf 79' lang='grc' dir='ltr'>ἑαυτὸν</span> <span class='ocrx_word' id='word_1_345' title='bbox 2948 3147 3225 3232; x_wconf 68' lang='grc' dir='ltr'>βούληται,</span> <span class='ocrx_word' id='word_1_346' title='bbox 3260 3148 3509 3220; x_wconf 82' lang='grc' dir='ltr'>νηστεύει</span> <span class='ocrx_word' id='word_1_347' title='bbox 3536 3152 3682 3221; x_wconf 82' lang='grc' dir='ltr'>ἠμέ-</span> 
     </span>
    </p>
   </div>
   <div class='ocr_carea' id='block_1_60' title="bbox 413 3242 1995 3320">
    <p class='ocr_par' dir='ltr' id='par_1_60' title="bbox 413 3242 1995 3320">
     <span class='ocr_line' id='line_1_60' title="bbox 413 3242 1995 3320; baseline -0.005 -18"><span class='ocrx_word' id='word_1_348' title='bbox 413 3247 674 3310; x_wconf 85' lang='lat' dir='ltr'><strong>ahstinet,</strong></span> <span class='ocrx_word' id='word_1_349' title='bbox 709 3253 764 3301; x_wconf 91' lang='lat' dir='ltr'><strong>et</strong></span> <span class='ocrx_word' id='word_1_350' title='bbox 816 3245 1034 3301; x_wconf 89' lang='lat' dir='ltr'><strong>tandem</strong></span> <span class='ocrx_word' id='word_1_351' title='bbox 1081 3245 1323 3300; x_wconf 84' lang='lat' dir='ltr'><strong>emollita</strong></span> <span class='ocrx_word' id='word_1_352' title='bbox 1373 3253 1518 3308; x_wconf 89' lang='lat' dir='ltr'><strong>cute,</strong></span> <span class='ocrx_word' id='word_1_353' title='bbox 1560 3242 1754 3313; x_wconf 58' lang='lat' dir='ltr'><strong>quierit</strong></span> <span class='ocrx_word' id='word_1_354' title='bbox 1786 3248 1995 3320; x_wconf 84' lang='lat' dir='ltr'><strong>petram</strong></span> 
     </span>
    </p>
   </div>
   <div class='ocr_carea' id='block_1_61' title="bbox 417 3334 1998 3408">
    <p class='ocr_par' dir='ltr' id='par_1_61' title="bbox 417 3334 1998 3408">
     <span class='ocr_line' id='line_1_61' title="bbox 417 3334 1998 3408; baseline -0.003 -16"><span class='ocrx_word' id='word_1_355' title='bbox 417 3353 513 3408; x_wconf 89' lang='lat' dir='ltr'><strong>per</strong></span> <span class='ocrx_word' id='word_1_356' title='bbox 537 3337 696 3408; x_wconf 85' lang='lat' dir='ltr'><strong>cujus</strong></span> <span class='ocrx_word' id='word_1_357' title='bbox 732 3336 976 3392; x_wconf 84' lang='lat' dir='ltr'><strong>foramen</strong></span> <span class='ocrx_word' id='word_1_358' title='bbox 1007 3351 1203 3408; x_wconf 84' lang='lat' dir='ltr'><strong>magno</strong></span> <span class='ocrx_word' id='word_1_359' title='bbox 1245 3338 1369 3392; x_wconf 90' lang='lat' dir='ltr'><strong>nisu</strong></span> <span class='ocrx_word' id='word_1_360' title='bbox 1398 3334 1733 3389; x_wconf 89' lang='lat' dir='ltr'><strong>contendens</strong></span> <span class='ocrx_word' id='word_1_361' title='bbox 1764 3348 1998 3402; x_wconf 84' lang='lat' dir='ltr'><strong>pronus-</strong></span> 
     </span>
    </p>
   </div>
   <div class='ocr_carea' id='block_1_62' title="bbox 417 3421 1996 3502">
    <p class='ocr_par' dir='ltr' id='par_1_62' title="bbox 417 3421 1996 3502">
     <span class='ocr_line' id='line_1_62' title="bbox 417 3421 1996 3502; baseline -0.006 -16"><span class='ocrx_word' id='word_1_362' title='bbox 417 3445 525 3502; x_wconf 86' lang='lat' dir='ltr'><strong>que</strong></span> <span class='ocrx_word' id='word_1_363' title='bbox 553 3430 790 3486; x_wconf 86' lang='lat' dir='ltr'><strong>transire</strong></span> <span class='ocrx_word' id='word_1_364' title='bbox 821 3430 1039 3493; x_wconf 87' lang='lat' dir='ltr'><strong>nititur,</strong></span> <span class='ocrx_word' id='word_1_365' title='bbox 1072 3436 1364 3495; x_wconf 89' lang='lat' dir='ltr'><strong>cutemque</strong></span> <span class='ocrx_word' id='word_1_366' title='bbox 1412 3424 1584 3491; x_wconf 79' lang='lat' dir='ltr'><strong>exuit,</strong></span> <span class='ocrx_word' id='word_1_367' title='bbox 1613 3438 1720 3494; x_wconf 87' lang='lat' dir='ltr'><strong>qua</strong></span> <span class='ocrx_word' id='word_1_368' title='bbox 1749 3421 1996 3492; x_wconf 87' lang='lat' dir='ltr'><strong>deposita</strong></span> 
     </span>
    </p>
   </div>
   <div class='ocr_carea' id='block_1_63' title="bbox 421 3516 1415 3595">
    <p class='ocr_par' dir='ltr' id='par_1_63' title="bbox 421 3516 1415 3595">
     <span class='ocr_line' id='line_1_63' title="bbox 421 3516 1415 3595; baseline -0.006 -17"><span class='ocrx_word' id='word_1_369' title='bbox 421 3521 639 3595; x_wconf 81' lang='lat' dir='ltr'><strong>gaudet,</strong></span> <span class='ocrx_word' id='word_1_370' title='bbox 671 3528 835 3592; x_wconf 88' lang='lat' dir='ltr'><strong>atque</strong></span> <span class='ocrx_word' id='word_1_371' title='bbox 872 3520 1067 3575; x_wconf 91' lang='lat' dir='ltr'><strong>iterum</strong></span> <span class='ocrx_word' id='word_1_372' title='bbox 1088 3516 1415 3588; x_wconf 87' lang='lat' dir='ltr'><strong>juvenescit.</strong></span> 
     </span>
    </p>
   </div>
   <div class='ocr_carea' id='block_1_64' title="bbox 1009 3695 1404 3767">
    <p class='ocr_par' dir='ltr' id='par_1_64' title="bbox 1009 3695 1404 3767">
     <span class='ocr_line' id='line_1_64' title="bbox 1009 3695 1404 3767; baseline -0.008 -15"><span class='ocrx_word' id='word_1_373' title='bbox 1009 3695 1404 3767; x_wconf 80' lang='lat' dir='ltr'><strong>Interpretatio.</strong></span> 
     </span>
    </p>
   </div>
   <div class='ocr_carea' id='block_1_65' title="bbox 491 3787 1998 3862">
    <p class='ocr_par' dir='ltr' id='par_1_65' title="bbox 491 3787 1998 3862">
     <span class='ocr_line' id='line_1_65' title="bbox 491 3787 1998 3862; baseline -0.006 -15"><span class='ocrx_word' id='word_1_374' title='bbox 491 3790 559 3847; x_wconf 84' lang='lat' dir='ltr'><strong>Et</strong></span> <span class='ocrx_word' id='word_1_375' title='bbox 594 3799 674 3858; x_wconf 91' lang='lat' dir='ltr'><strong>tu,</strong></span> <span class='ocrx_word' id='word_1_376' title='bbox 715 3789 1017 3862; x_wconf 86' lang='lat' dir='ltr'><strong>spiritualis</strong></span> <span class='ocrx_word' id='word_1_377' title='bbox 1059 3789 1245 3857; x_wconf 87' lang='lat' dir='ltr'><strong>homo,</strong></span> <span class='ocrx_word' id='word_1_378' title='bbox 1291 3787 1338 3843; x_wconf 86' lang='lat' dir='ltr'><strong>si</strong></span> <span class='ocrx_word' id='word_1_379' title='bbox 1381 3795 1477 3856; x_wconf 91' lang='lat' dir='ltr'><strong>per</strong></span> <span class='ocrx_word' id='word_1_380' title='bbox 1505 3791 1791 3855; x_wconf 79' lang='lat' dir='ltr'><strong>angustam</strong></span> <span class='ocrx_word' id='word_1_381' title='bbox 1821 3789 1876 3840; x_wconf 91' lang='lat' dir='ltr'><strong>et</strong></span> <span class='ocrx_word' id='word_1_382' title='bbox 1909 3798 1998 3838; x_wconf 88' lang='lat' dir='ltr'><strong>ar-</strong></span> 
     </span>
    </p>
   </div>
   <div class='ocr_carea' id='block_1_66' title="bbox 420 3877 1996 3950">
    <p class='ocr_par' dir='ltr' id='par_1_66' title="bbox 420 3877 1996 3950">
     <span class='ocr_line' id='line_1_66' title="bbox 420 3877 1996 3950; baseline -0.005 -10"><span class='ocrx_word' id='word_1_383' title='bbox 420 3893 568 3940; x_wconf 86' lang='lat' dir='ltr'><strong>ctam</strong></span> <span class='ocrx_word' id='word_1_384' title='bbox 597 3887 739 3940; x_wconf 89' lang='lat' dir='ltr'><strong>viam</strong></span> <span class='ocrx_word' id='word_1_385' title='bbox 763 3893 999 3941; x_wconf 86' lang='lat' dir='ltr'><strong>veterem</strong></span> <span class='ocrx_word' id='word_1_386' title='bbox 1025 3881 1214 3939; x_wconf 90' lang='lat' dir='ltr'><strong>mundi</strong></span> <span class='ocrx_word' id='word_1_387' title='bbox 1241 3888 1572 3937; x_wconf 85' lang='lat' dir='ltr'><strong>senectutem</strong></span> <span class='ocrx_word' id='word_1_388' title='bbox 1594 3881 1864 3950; x_wconf 90' lang='lat' dir='ltr'><strong>deponere</strong></span> <span class='ocrx_word' id='word_1_389' title='bbox 1891 3877 1996 3945; x_wconf 87' lang='lat' dir='ltr'><strong>vis,</strong></span> 
     </span>
    </p>
   </div>
   <div class='ocr_carea' id='block_1_67' title="bbox 423 3971 1998 4049">
    <p class='ocr_par' dir='ltr' id='par_1_67' title="bbox 423 3971 1998 4049">
     <span class='ocr_line' id='line_1_67' title="bbox 423 3971 1998 4049; baseline -0.006 -16"><span class='ocrx_word' id='word_1_390' title='bbox 423 3991 624 4049; x_wconf 89' lang='lat' dir='ltr'><strong>corpus</strong></span> <span class='ocrx_word' id='word_1_391' title='bbox 681 3985 833 4031; x_wconf 87' lang='lat' dir='ltr'><strong>tuum</strong></span> <span class='ocrx_word' id='word_1_392' title='bbox 879 3974 1089 4046; x_wconf 84' lang='lat' dir='ltr'><strong>jejunio</strong></span> <span class='ocrx_word' id='word_1_393' title='bbox 1145 3987 1406 4029; x_wconf 88' lang='lat' dir='ltr'><strong>macera:</strong></span> <span class='ocrx_word' id='word_1_394' title='bbox 1450 3971 1548 4026; x_wconf 83' lang='lat' dir='ltr'><strong>Est</strong></span> <span class='ocrx_word' id='word_1_395' title='bbox 1599 3973 1737 4026; x_wconf 84' lang='lat' dir='ltr'><strong>enim</strong></span> <span class='ocrx_word' id='word_1_396' title='bbox 1769 3979 1998 4041; x_wconf 84' lang='lat' dir='ltr'><strong>angusta</strong></span> 
     </span>
    </p>
   </div>
   <div class='ocr_carea' id='block_1_68' title="bbox 423 4061 1996 4139">
    <p class='ocr_par' dir='ltr' id='par_1_68' title="bbox 423 4061 1996 4139">
     <span class='ocr_line' id='line_1_68' title="bbox 423 4061 1996 4139; baseline -0.005 -16"><span class='ocrx_word' id='word_1_397' title='bbox 423 4077 574 4139; x_wconf 78' lang='lat' dir='ltr'><strong>porta</strong></span> <span class='ocrx_word' id='word_1_398' title='bbox 601 4077 650 4124; x_wconf 85' lang='lat' dir='ltr'><strong>et</strong></span> <span class='ocrx_word' id='word_1_399' title='bbox 684 4078 832 4123; x_wconf 85' lang='lat' dir='ltr'><strong>arcta</strong></span> <span class='ocrx_word' id='word_1_400' title='bbox 860 4067 944 4122; x_wconf 78' lang='lat' dir='ltr'><strong>via</strong></span> <span class='ocrx_word' id='word_1_401' title='bbox 992 4081 1108 4137; x_wconf 76' lang='lat' dir='ltr'><strong>qua:</strong></span> <span class='ocrx_word' id='word_1_402' title='bbox 1137 4064 1283 4120; x_wconf 78' lang='lat' dir='ltr'><strong>ducit</strong></span> <span class='ocrx_word' id='word_1_403' title='bbox 1317 4064 1386 4119; x_wconf 87' lang='lat' dir='ltr'><strong>ad</strong></span> <span class='ocrx_word' id='word_1_404' title='bbox 1430 4079 1646 4134; x_wconf 83' lang='lat' dir='ltr'><strong>regnum</strong></span> <span class='ocrx_word' id='word_1_405' title='bbox 1680 4063 1929 4120; x_wconf 60' lang='lat' dir='ltr'><strong>calorum</strong></span> <span class='ocrx_word' id='word_1_406' title='bbox 1956 4061 1996 4115; x_wconf 87' lang='grc'><strong>³.</strong></span> 
     </span>
    </p>
   </div>
   <div class='ocr_carea' id='block_1_69' title="bbox 1047 4240 1372 4300">
    <p class='ocr_par' dir='ltr' id='par_1_69' title="bbox 1047 4240 1372 4300">
     <span class='ocr_line' id='line_1_69' title="bbox 1047 4240 1372 4300; baseline -0.009 0"><span class='ocrx_word' id='word_1_407' title='bbox 1047 4241 1200 4300; x_wconf 83' lang='lat' dir='ltr'><strong>CAP.</strong></span> <span class='ocrx_word' id='word_1_408' title='bbox 1231 4240 1372 4297; x_wconf 76' lang='lat' dir='ltr'><strong>XIV.</strong></span> 
     </span>
    </p>
   </div>
   <div class='ocr_carea' id='block_1_70' title="bbox 777 4333 1646 4405">
    <p class='ocr_par' dir='ltr' id='par_1_70' title="bbox 777 4333 1646 4405">
     <span class='ocr_line' id='line_1_70' title="bbox 777 4333 1646 4405; baseline -0.002 -13"><span class='ocrx_word' id='word_1_409' title='bbox 777 4334 1021 4392; x_wconf 82' lang='lat' dir='ltr'><strong>Secunda</strong></span> <span class='ocrx_word' id='word_1_410' title='bbox 1044 4335 1300 4405; x_wconf 81' lang='lat' dir='ltr'><strong>serpentis</strong></span> <span class='ocrx_word' id='word_1_411' title='bbox 1328 4333 1646 4402; x_wconf 75' lang='lat' dir='ltr'><strong>proprietas.</strong></span> 
     </span>
    </p>
   </div>
   <div class='ocr_carea' id='block_1_71' title="bbox 491 4402 2021 4498">
    <p class='ocr_par' dir='ltr' id='par_1_71' title="bbox 491 4402 2021 4498">
     <span class='ocr_line' id='line_1_71' title="bbox 491 4402 2021 4498; baseline -0.003 -14"><span class='ocrx_word' id='word_1_412' title='bbox 491 4427 628 4484; x_wconf 86' lang='lat' dir='ltr'><strong>Cum</strong></span> <span class='ocrx_word' id='word_1_413' title='bbox 660 4442 887 4498; x_wconf 88' lang='lat' dir='ltr'><strong>serpens</strong></span> <span class='ocrx_word' id='word_1_414' title='bbox 912 4402 1166 4483; x_wconf 82' lang='lat' dir='ltr'><strong>vestitum</strong></span> <span class='ocrx_word' id='word_1_415' title='bbox 1192 4425 1465 4480; x_wconf 85' lang='lat' dir='ltr'><strong>hominem</strong></span> <span class='ocrx_word' id='word_1_416' title='bbox 1502 4424 1794 4495; x_wconf 90' lang='lat' dir='ltr'><strong>conspicit,</strong></span> <span class='ocrx_word' id='word_1_417' title='bbox 1817 4402 2021 4495; x_wconf 22' lang='lat' dir='ltr'><strong>pavet,-</strong></span> 
     </span>
    </p>
   </div>
   <div class='ocr_carea' id='block_1_72' title="bbox 2099 3230 3680 3314">
    <p class='ocr_par' dir='ltr' id='par_1_72' title="bbox 2099 3230 3680 3314">
     <span class='ocr_line' id='line_1_72' title="bbox 2099 3230 3680 3314; baseline 0.004 -26"><span class='ocrx_word' id='word_1_418' title='bbox 2099 3253 2196 3310; x_wconf 90' lang='grc' dir='ltr'><strong>ρας</strong></span> <span class='ocrx_word' id='word_1_419' title='bbox 2219 3237 2648 3307; x_wconf 83' lang='grc' dir='ltr'>τεσσαράκοντα,</span> <span class='ocrx_word' id='word_1_420' title='bbox 2673 3237 2778 3302; x_wconf 73' lang='grc' dir='ltr'>ἕως</span> <span class='ocrx_word' id='word_1_421' title='bbox 2805 3239 2870 3292; x_wconf 84' lang='grc' dir='ltr'>ἂν</span> <span class='ocrx_word' id='word_1_422' title='bbox 2895 3239 2953 3293; x_wconf 84' lang='grc' dir='ltr'>τὸ</span> <span class='ocrx_word' id='word_1_423' title='bbox 2985 3230 3155 3311; x_wconf 89' lang='grc' dir='ltr'>δέμας</span> <span class='ocrx_word' id='word_1_424' title='bbox 3200 3241 3365 3294; x_wconf 82' lang='grc' dir='ltr'>αὐτοῦ</span> <span class='ocrx_word' id='word_1_425' title='bbox 3403 3241 3680 3314; x_wconf 76' lang='grc' dir='ltr'>χαυνωθῇ,</span> 
     </span>
    </p>
   </div>
   <div class='ocr_carea' id='block_1_73' title="bbox 2099 3327 3683 3406">
    <p class='ocr_par' dir='ltr' id='par_1_73' title="bbox 2099 3327 3683 3406">
     <span class='ocr_line' id='line_1_73' title="bbox 2099 3327 3683 3406; baseline 0.004 -25"><span class='ocrx_word' id='word_1_426' title='bbox 2099 3327 2193 3381; x_wconf 78' lang='grc' dir='ltr'>καὶ</span> <span class='ocrx_word' id='word_1_427' title='bbox 2233 3327 2477 3400; x_wconf 80' lang='grc' dir='ltr'>εὑρίσκει</span> <span class='ocrx_word' id='word_1_428' title='bbox 2513 3328 2740 3400; x_wconf 86' lang='grc' dir='ltr'>πέτραν,</span> <span class='ocrx_word' id='word_1_429' title='bbox 2788 3331 2883 3383; x_wconf 70' lang='grc' dir='ltr'>καὶ</span> <span class='ocrx_word' id='word_1_430' title='bbox 2933 3331 3341 3400; x_wconf 82' lang='grc' dir='ltr'>ραγαδαστεύει,</span> <span class='ocrx_word' id='word_1_431' title='bbox 3394 3334 3683 3406; x_wconf 73' lang='grc' dir='ltr'>προκόψας</span> 
     </span>
    </p>
   </div>
   <div class='ocr_carea' id='block_1_74' title="bbox 2099 3416 3683 3491">
    <p class='ocr_par' dir='ltr' id='par_1_74' title="bbox 2099 3416 3683 3491">
     <span class='ocr_line' id='line_1_74' title="bbox 2099 3416 3683 3491; baseline 0.003 -21"><span class='ocrx_word' id='word_1_432' title='bbox 2099 3417 2158 3470; x_wconf 83' lang='grc' dir='ltr'>δὲ</span> <span class='ocrx_word' id='word_1_433' title='bbox 2194 3416 2282 3470; x_wconf 82' lang='grc' dir='ltr'><strong>διὰ</strong></span> <span class='ocrx_word' id='word_1_434' title='bbox 2315 3419 2416 3489; x_wconf 85' lang='grc' dir='ltr'>τῆς</span> <span class='ocrx_word' id='word_1_435' title='bbox 2470 3418 2613 3489; x_wconf 81' lang='grc' dir='ltr'>ὀπῆς</span> <span class='ocrx_word' id='word_1_436' title='bbox 2640 3419 2861 3472; x_wconf 78' lang='grc' dir='ltr'>ὠθεῖται</span> <span class='ocrx_word' id='word_1_437' title='bbox 2909 3423 3164 3491; x_wconf 84' lang='grc' dir='ltr'>περᾶσαι,</span> <span class='ocrx_word' id='word_1_438' title='bbox 3199 3422 3293 3475; x_wconf 80' lang='grc' dir='ltr'>καὶ</span> <span class='ocrx_word' id='word_1_439' title='bbox 3324 3420 3572 3476; x_wconf 82' lang='grc' dir='ltr'>ἐκϐάλλει</span> <span class='ocrx_word' id='word_1_440' title='bbox 3619 3423 3683 3474; x_wconf 78' lang='grc' dir='ltr'>τὸ</span> 
     </span>
    </p>
   </div>
   <div class='ocr_carea' id='block_1_75' title="bbox 2097 3508 3680 3582">
    <p class='ocr_par' dir='ltr' id='par_1_75' title="bbox 2097 3508 3680 3582">
     <span class='ocr_line' id='line_1_75' title="bbox 2097 3508 3680 3582; baseline -0.007 -7"><span class='ocrx_word' id='word_1_441' title='bbox 2097 3509 2296 3580; x_wconf 83' lang='grc' dir='ltr'>γῆρας,</span> <span class='ocrx_word' id='word_1_442' title='bbox 2322 3509 2417 3564; x_wconf 77' lang='grc' dir='ltr'>καὶ</span> <span class='ocrx_word' id='word_1_443' title='bbox 2447 3508 2738 3568; x_wconf 83' lang='grc' dir='ltr'>ἀποϐαλὼν</span> <span class='ocrx_word' id='word_1_444' title='bbox 2770 3511 2901 3564; x_wconf 81' lang='grc' dir='ltr'>αὐτὸ</span> <span class='ocrx_word' id='word_1_445' title='bbox 2929 3511 3214 3582; x_wconf 81' lang='grc' dir='ltr'>τερπωλὴν</span> <span class='ocrx_word' id='word_1_446' title='bbox 3243 3511 3471 3582; x_wconf 80' lang='grc' dir='ltr'>παρέχει</span> <span class='ocrx_word' id='word_1_447' title='bbox 3499 3512 3680 3565; x_wconf 85' lang='grc' dir='ltr'>νεανί-</span> 
     </span>
    </p>
   </div>
   <div class='ocr_carea' id='block_1_76' title="bbox 2101 3616 2268 3656">
    <p class='ocr_par' dir='ltr' id='par_1_76' title="bbox 2101 3616 2268 3656">
     <span class='ocr_line' id='line_1_76' title="bbox 2101 3616 2268 3656; baseline 0.012 -2"><span class='ocrx_word' id='word_1_448' title='bbox 2101 3616 2268 3656; x_wconf 89' lang='grc' dir='ltr'>σκων.</span> 
     </span>
    </p>
   </div>
   <div class='ocr_carea' id='block_1_77' title="bbox 2723 3692 3201 3764">
    <p class='ocr_par' dir='ltr' id='par_1_77' title="bbox 2723 3692 3201 3764">
     <span class='ocr_line' id='line_1_77' title="bbox 2723 3692 3201 3764; baseline 0.002 -17"><span class='ocrx_word' id='word_1_449' title='bbox 2723 3692 3062 3764; x_wconf 81' lang='grc' dir='ltr'>Ἕρμηνεία.</span> <span class='ocrx_word' id='word_1_450' title='bbox 3190 3745 3201 3756; x_wconf 90' lang='grc'><strong>,</strong></span> 
     </span>
    </p>
   </div>
   <div class='ocr_carea' id='block_1_78' title="bbox 2169 3782 3689 3858">
    <p class='ocr_par' dir='ltr' id='par_1_78' title="bbox 2169 3782 3689 3858">
     <span class='ocr_line' id='line_1_78' title="bbox 2169 3782 3689 3858; baseline 0.004 -21"><span class='ocrx_word' id='word_1_451' title='bbox 2169 3782 2279 3837; x_wconf 59' lang='grc' dir='ltr'><strong>Καὶ⁴</strong></span> <span class='ocrx_word' id='word_1_452' title='bbox 2314 3783 2400 3850; x_wconf 81' lang='grc' dir='ltr'>σὺ,</span> <span class='ocrx_word' id='word_1_453' title='bbox 2431 3783 2590 3855; x_wconf 85' lang='grc' dir='ltr'>νοητὲ</span> <span class='ocrx_word' id='word_1_454' title='bbox 2617 3783 2893 3855; x_wconf 74' lang='grc' dir='ltr'>ἄνθρωπε,</span> <span class='ocrx_word' id='word_1_455' title='bbox 2941 3786 3035 3840; x_wconf 79' lang='grc' dir='ltr'>ἐὰν</span> <span class='ocrx_word' id='word_1_456' title='bbox 3061 3785 3223 3858; x_wconf 84' lang='grc' dir='ltr'>θέλῃς</span> <span class='ocrx_word' id='word_1_457' title='bbox 3257 3785 3320 3839; x_wconf 86' lang='grc' dir='ltr'>τὸ</span> <span class='ocrx_word' id='word_1_458' title='bbox 3349 3785 3514 3840; x_wconf 82' lang='grc' dir='ltr'>πάλαι</span> <span class='ocrx_word' id='word_1_459' title='bbox 3549 3793 3689 3845; x_wconf 72' lang='grc' dir='ltr'>ποτὲ</span> 
     </span>
    </p>
   </div>
   <div class='ocr_carea' id='block_1_79' title="bbox 2097 3874 3683 3950">
    <p class='ocr_par' dir='ltr' id='par_1_79' title="bbox 2097 3874 3683 3950">
     <span class='ocr_line' id='line_1_79' title="bbox 2097 3874 3683 3950; baseline 0 -20"><span class='ocrx_word' id='word_1_460' title='bbox 2097 3874 2277 3946; x_wconf 78' lang='grc' dir='ltr'>γῆρας</span> <span class='ocrx_word' id='word_1_461' title='bbox 2303 3874 2400 3928; x_wconf 87' lang='grc' dir='ltr'><strong>τοῦ</strong></span> <span class='ocrx_word' id='word_1_462' title='bbox 2432 3875 2637 3948; x_wconf 83' lang='grc' dir='ltr'>κόσμου</span> <span class='ocrx_word' id='word_1_463' title='bbox 2687 3878 3080 3944; x_wconf 87' lang='grc' dir='ltr'>ἀποϐαλέσθαι,</span> <span class='ocrx_word' id='word_1_464' title='bbox 3121 3878 3210 3932; x_wconf 77' lang='grc' dir='ltr'><strong>διὰ</strong></span> <span class='ocrx_word' id='word_1_465' title='bbox 3230 3879 3333 3950; x_wconf 79' lang='grc' dir='ltr'>τῆς</span> <span class='ocrx_word' id='word_1_466' title='bbox 3365 3883 3555 3949; x_wconf 78' lang='grc' dir='ltr'>στενῆς</span> <span class='ocrx_word' id='word_1_467' title='bbox 3584 3883 3683 3932; x_wconf 79' lang='grc' dir='ltr'>καὶ</span> 
     </span>
    </p>
   </div>
   <div class='ocr_carea' id='block_1_80' title="bbox 2097 3957 3678 4042">
    <p class='ocr_par' dir='ltr' id='par_1_80' title="bbox 2097 3957 3678 4042">
     <span class='ocr_line' id='line_1_80' title="bbox 2097 3957 3678 4042; baseline 0.004 -24"><span class='ocrx_word' id='word_1_468' title='bbox 2097 3957 2464 4038; x_wconf 86' lang='grc' dir='ltr'>τεθλιμμένης</span> <span class='ocrx_word' id='word_1_469' title='bbox 2488 3967 2633 4034; x_wconf 82' lang='grc' dir='ltr'>ὁδοῦ,</span> <span class='ocrx_word' id='word_1_470' title='bbox 2661 3967 2751 4023; x_wconf 80' lang='grc' dir='ltr'><strong>διὰ</strong></span> <span class='ocrx_word' id='word_1_471' title='bbox 2789 3970 3069 4041; x_wconf 79' lang='grc' dir='ltr'>νηστείας,</span> <span class='ocrx_word' id='word_1_472' title='bbox 3117 3970 3178 4023; x_wconf 83' lang='grc' dir='ltr'>τὸ</span> <span class='ocrx_word' id='word_1_473' title='bbox 3207 3971 3365 4042; x_wconf 81' lang='grc' dir='ltr'>σῶμα</span> <span class='ocrx_word' id='word_1_474' title='bbox 3398 3972 3678 4042; x_wconf 81' lang='grc' dir='ltr'>μάστισον.</span> 
     </span>
    </p>
   </div>
   <div class='ocr_carea' id='block_1_81' title="bbox 2099 4058 3681 4132">
    <p class='ocr_par' dir='ltr' id='par_1_81' title="bbox 2099 4058 3681 4132">
     <span class='ocr_line' id='line_1_81' title="bbox 2099 4058 3681 4132; baseline 0.004 -21"><span class='ocrx_word' id='word_1_475' title='bbox 2099 4058 2290 4129; x_wconf 76' lang='grc' dir='ltr'>Στενὴ</span> <span class='ocrx_word' id='word_1_476' title='bbox 2319 4059 2432 4129; x_wconf 78' lang='grc' dir='ltr'>γάρ</span> <span class='ocrx_word' id='word_1_477' title='bbox 2460 4059 2635 4114; x_wconf 80' lang='grc' dir='ltr'>ἐστιν</span> <span class='ocrx_word' id='word_1_478' title='bbox 2657 4061 2897 4131; x_wconf 76' lang='grc' dir='ltr'>ἠπύλη,</span> <span class='ocrx_word' id='word_1_479' title='bbox 2932 4061 3031 4114; x_wconf 81' lang='grc' dir='ltr'>καὶ</span> <span class='ocrx_word' id='word_1_480' title='bbox 3071 4062 3440 4132; x_wconf 76' lang='grc' dir='ltr'>τεθλιμμένη</span> <span class='ocrx_word' id='word_1_481' title='bbox 3472 4061 3511 4128; x_wconf 82' lang='grc' dir='ltr'><strong><em>ή</em></strong></span> <span class='ocrx_word' id='word_1_482' title='bbox 3540 4061 3681 4127; x_wconf 73' lang='grc' dir='ltr'>ὁδὸς</span> 
     </span>
    </p>
   </div>
   <div class='ocr_carea' id='block_1_82' title="bbox 2099 4149 3576 4222">
    <p class='ocr_par' dir='ltr' id='par_1_82' title="bbox 2099 4149 3576 4222">
     <span class='ocr_line' id='line_1_82' title="bbox 2099 4149 3576 4222; baseline 0.001 -15"><span class='ocrx_word' id='word_1_483' title='bbox 2099 4150 2138 4218; x_wconf 75' lang='grc' dir='ltr'><strong><em>ἠ</em></strong></span> <span class='ocrx_word' id='word_1_484' title='bbox 2167 4149 2492 4221; x_wconf 79' lang='grc' dir='ltr'>ἀπάγουσα</span> <span class='ocrx_word' id='word_1_485' title='bbox 2523 4153 2610 4216; x_wconf 80' lang='grc' dir='ltr'>εὶς</span> <span class='ocrx_word' id='word_1_486' title='bbox 2645 4152 2760 4222; x_wconf 77' lang='grc' dir='ltr'><strong>τὴν</strong></span> <span class='ocrx_word' id='word_1_487' title='bbox 2785 4153 3114 4217; x_wconf 72' lang='grc' dir='ltr'>,βασιλείαν</span> <span class='ocrx_word' id='word_1_488' title='bbox 3138 4152 3258 4208; x_wconf 79' lang='grc' dir='ltr'>τῶν</span> <span class='ocrx_word' id='word_1_489' title='bbox 3287 4153 3576 4222; x_wconf 76' lang='grc' dir='ltr'>οὐραι·ἁἠ·.</span> 
     </span>
    </p>
   </div>
   <div class='ocr_carea' id='block_1_83' title="bbox 2403 4238 3047 4297">
    <p class='ocr_par' dir='ltr' id='par_1_83' title="bbox 2403 4238 3047 4297">
     <span class='ocr_line' id='line_1_83' title="bbox 2403 4238 3047 4297; baseline 0.006 -4"><span class='ocrx_word' id='word_1_490' title='bbox 2403 4238 2410 4244; x_wconf 82' lang='grc'><em>”</em></span> <span class='ocrx_word' id='word_1_491' title='bbox 2733 4242 2896 4297; x_wconf 78' lang='grc' dir='ltr'><strong>ΚΕΦ.</strong></span> <span class='ocrx_word' id='word_1_492' title='bbox 2946 4244 3047 4297; x_wconf 84' lang='grc' dir='ltr'><strong>ῙΔ’.</strong></span> 
     </span>
    </p>
   </div>
   <div class='ocr_carea' id='block_1_84' title="bbox 2452 4335 3324 4406">
    <p class='ocr_par' dir='ltr' id='par_1_84' title="bbox 2452 4335 3324 4406">
     <span class='ocr_line' id='line_1_84' title="bbox 2452 4335 3324 4406; baseline 0.002 -18"><span class='ocrx_word' id='word_1_493' title='bbox 2452 4335 2707 4406; x_wconf 80' lang='grc' dir='ltr'>Δευτέρα</span> <span class='ocrx_word' id='word_1_494' title='bbox 2754 4336 2940 4406; x_wconf 72' lang='grc' dir='ltr'>φύσις</span> <span class='ocrx_word' id='word_1_495' title='bbox 2971 4335 3078 4390; x_wconf 87' lang='grc' dir='ltr'><strong>τοῦ</strong></span> <span class='ocrx_word' id='word_1_496' title='bbox 3115 4335 3324 4404; x_wconf 62' lang='grc' dir='ltr'>ὄφεως.</span> 
     </span>
    </p>
   </div>
   <div class='ocr_carea' id='block_1_85' title="bbox 2183 4425 3683 4498">
    <p class='ocr_par' dir='ltr' id='par_1_85' title="bbox 2183 4425 3683 4498">
     <span class='ocr_line' id='line_1_85' title="bbox 2183 4425 3683 4498; baseline 0 -18"><span class='ocrx_word' id='word_1_497' title='bbox 2183 4425 2400 4496; x_wconf 75' lang='grc' dir='ltr'>Ὀφθεὶς</span> <span class='ocrx_word' id='word_1_498' title='bbox 2447 4426 2526 4498; x_wconf 83' lang='grc' dir='ltr'><strong>τῷ</strong></span> <span class='ocrx_word' id='word_1_499' title='bbox 2577 4427 2697 4498; x_wconf 85' lang='grc' dir='ltr'>ὄφει</span> <span class='ocrx_word' id='word_1_500' title='bbox 2733 4429 2761 4481; x_wconf 90' lang='lat'><strong>6</strong></span> <span class='ocrx_word' id='word_1_501' title='bbox 2811 4426 3094 4498; x_wconf 75' lang='grc' dir='ltr'>ἄνθρωπος</span> <span class='ocrx_word' id='word_1_502' title='bbox 3121 4425 3487 4497; x_wconf 75' lang='grc' dir='ltr'>ἐνδεδυμένος,</span> <span class='ocrx_word' id='word_1_503' title='bbox 3527 4426 3683 4497; x_wconf 84' lang='grc' dir='ltr'>φοϐεῖ</span> 
     </span>
    </p>
   </div>
   <div class='ocr_carea' id='block_1_86' title="bbox 424 4505 1998 4593">
    <p class='ocr_par' dir='ltr' id='par_1_86' title="bbox 424 4516 1998 4591">
     <span class='ocr_line' id='line_1_86' title="bbox 424 4516 1998 4591; baseline -0.001 -16"><span class='ocrx_word' id='word_1_504' title='bbox 424 4521 710 4591; x_wconf 88' lang='lat' dir='ltr'><strong>ipsumque</strong></span> <span class='ocrx_word' id='word_1_505' title='bbox 742 4518 910 4590; x_wconf 78' lang='lat' dir='ltr'><strong>fugit;</strong></span> <span class='ocrx_word' id='word_1_506' title='bbox 939 4517 1084 4589; x_wconf 89' lang='lat' dir='ltr'><strong>quod</strong></span> <span class='ocrx_word' id='word_1_507' title='bbox 1118 4518 1166 4574; x_wconf 90' lang='lat' dir='ltr'><strong>si</strong></span> <span class='ocrx_word' id='word_1_508' title='bbox 1204 4516 1410 4572; x_wconf 87' lang='lat' dir='ltr'><strong>nudum</strong></span> <span class='ocrx_word' id='word_1_509' title='bbox 1451 4518 1620 4586; x_wconf 86' lang='lat' dir='ltr'><strong>videt,</strong></span> <span class='ocrx_word' id='word_1_510' title='bbox 1666 4518 1818 4573; x_wconf 90' lang='lat' dir='ltr'><strong>illum</strong></span> <span class='ocrx_word' id='word_1_511' title='bbox 1844 4520 1998 4590; x_wconf 92' lang='lat' dir='ltr'><strong>petit.</strong></span> 
     </span>
    </p>
   </div>
   <div class='ocr_carea' id='block_1_87' title="bbox 2115 4505 3682 4593">
    <p class='ocr_par' dir='ltr' id='par_1_87' title="bbox 2115 4517 3682 4593">
     <span class='ocr_line' id='line_1_87' title="bbox 2115 4517 3682 4593; baseline 0.001 -22"><span class='ocrx_word' id='word_1_512' title='bbox 2115 4517 2265 4572; x_wconf 76' lang='grc' dir='ltr'>ιὺτδν</span> <span class='ocrx_word' id='word_1_513' title='bbox 2295 4517 2366 4571; x_wconf 82' lang='grc' dir='ltr'>τὰ</span> <span class='ocrx_word' id='word_1_514' title='bbox 2418 4518 2654 4588; x_wconf 81' lang='grc' dir='ltr'>μάλιστα</span> <span class='ocrx_word' id='word_1_515' title='bbox 2695 4519 2790 4572; x_wconf 77' lang='grc' dir='ltr'>καὶ</span> <span class='ocrx_word' id='word_1_516' title='bbox 2833 4518 3222 4590; x_wconf 81' lang='grc' dir='ltr'>διαδιδράσκει,</span> <span class='ocrx_word' id='word_1_517' title='bbox 3257 4518 3476 4593; x_wconf 76' lang='grc' dir='ltr'>ὁραθεὶς</span> <span class='ocrx_word' id='word_1_518' title='bbox 3503 4519 3561 4572; x_wconf 82' lang='grc' dir='ltr'>δὲ</span> <span class='ocrx_word' id='word_1_519' title='bbox 3591 4537 3682 4588; x_wconf 83' lang='grc' dir='ltr'>γυ-</span> 
     </span>
    </p>
   </div>
   <div class='ocr_carea' id='block_1_88' title="bbox 1015 4692 1410 4763">
    <p class='ocr_par' dir='ltr' id='par_1_88' title="bbox 1015 4692 1410 4763">
     <span class='ocr_line' id='line_1_88' title="bbox 1015 4692 1410 4763; baseline 0.003 -16"><span class='ocrx_word' id='word_1_520' title='bbox 1015 4692 1410 4763; x_wconf 82' lang='lat' dir='ltr'><strong>lnterpretatio.</strong></span> 
     </span>
    </p>
   </div>
   <div class='ocr_carea' id='block_1_89' title="bbox 499 4782 2005 4857">
    <p class='ocr_par' dir='ltr' id='par_1_89' title="bbox 499 4782 2005 4857">
     <span class='ocr_line' id='line_1_89' title="bbox 499 4782 2005 4857; baseline -0.001 -16"><span class='ocrx_word' id='word_1_521' title='bbox 499 4787 565 4841; x_wconf 82' lang='lat' dir='ltr'><strong>Et</strong></span> <span class='ocrx_word' id='word_1_522' title='bbox 619 4795 677 4841; x_wconf 88' lang='lat' dir='ltr'><strong>tu</strong></span> <span class='ocrx_word' id='word_1_523' title='bbox 731 4785 1088 4857; x_wconf 90' lang='lat' dir='ltr'><strong>spiritualiter</strong></span> <span class='ocrx_word' id='word_1_524' title='bbox 1136 4783 1442 4849; x_wconf 89' lang='lat' dir='ltr'><strong>considera,</strong></span> <span class='ocrx_word' id='word_1_525' title='bbox 1477 4782 1622 4853; x_wconf 90' lang='lat' dir='ltr'><strong>quod</strong></span> <span class='ocrx_word' id='word_1_526' title='bbox 1659 4797 1782 4839; x_wconf 91' lang='lat' dir='ltr'><strong>cum</strong></span> <span class='ocrx_word' id='word_1_527' title='bbox 1817 4793 2005 4843; x_wconf 86' lang='lat' dir='ltr'><strong>noster</strong></span> 
     </span>
    </p>
   </div>
   <div class='ocr_carea' id='block_1_90' title="bbox 431 4875 2004 4953">
    <p class='ocr_par' dir='ltr' id='par_1_90' title="bbox 431 4875 2004 4953">
     <span class='ocr_line' id='line_1_90' title="bbox 431 4875 2004 4953; baseline 0 -17"><span class='ocrx_word' id='word_1_528' title='bbox 431 4895 626 4953; x_wconf 85' lang='lat' dir='ltr'><strong>parens</strong></span> <span class='ocrx_word' id='word_1_529' title='bbox 673 4878 916 4935; x_wconf 86' lang='lat' dir='ltr'><strong>Adamus</strong></span> <span class='ocrx_word' id='word_1_530' title='bbox 958 4885 1108 4933; x_wconf 91' lang='lat' dir='ltr'><strong>veste</strong></span> <span class='ocrx_word' id='word_1_531' title='bbox 1145 4891 1176 4930; x_wconf 87' lang='lat' dir='ltr'><strong>a</strong></span> <span class='ocrx_word' id='word_1_532' title='bbox 1220 4875 1330 4930; x_wconf 90' lang='lat' dir='ltr'><strong>Deo</strong></span> <span class='ocrx_word' id='word_1_533' title='bbox 1368 4884 1619 4932; x_wconf 84' lang='lat' dir='ltr'><strong>contexta</strong></span> <span class='ocrx_word' id='word_1_534' title='bbox 1655 4878 1710 4932; x_wconf 92' lang='lat' dir='ltr'><strong>in</strong></span> <span class='ocrx_word' id='word_1_535' title='bbox 1751 4881 2004 4949; x_wconf 89' lang='lat' dir='ltr'><strong>paradiso</strong></span> 
     </span>
    </p>
   </div>
   <div class='ocr_carea' id='block_1_91' title="bbox 433 4967 2005 5041">
    <p class='ocr_par' dir='ltr' id='par_1_91' title="bbox 433 4967 2005 5041">
     <span class='ocr_line' id='line_1_91' title="bbox 433 4967 2005 5041; baseline 0 -14"><span class='ocrx_word' id='word_1_536' title='bbox 433 4973 654 5027; x_wconf 90' lang='lat' dir='ltr'><strong>indutus</strong></span> <span class='ocrx_word' id='word_1_537' title='bbox 693 4970 812 5036; x_wconf 79' lang='lat' dir='ltr'><strong>fuit,</strong></span> <span class='ocrx_word' id='word_1_538' title='bbox 843 4969 994 5023; x_wconf 91' lang='lat' dir='ltr'><strong>illum</strong></span> <span class='ocrx_word' id='word_1_539' title='bbox 1025 4967 1228 5023; x_wconf 86' lang='lat' dir='ltr'><strong>adoriri</strong></span> <span class='ocrx_word' id='word_1_540' title='bbox 1258 4967 1510 5025; x_wconf 86' lang='lat' dir='ltr'><strong>diabolus</strong></span> <span class='ocrx_word' id='word_1_541' title='bbox 1540 4985 1649 5024; x_wconf 90' lang='lat' dir='ltr'><strong>non</strong></span> <span class='ocrx_word' id='word_1_542' title='bbox 1679 4973 1871 5041; x_wconf 88' lang='lat' dir='ltr'><strong>potuit,</strong></span> <span class='ocrx_word' id='word_1_543' title='bbox 1909 4973 2005 5029; x_wconf 88' lang='lat' dir='ltr'><strong>sed</strong></span> 
     </span>
    </p>
   </div>
   <div class='ocr_carea' id='block_1_92' title="bbox 415 5061 2007 5134">
    <p class='ocr_par' dir='ltr' id='par_1_92' title="bbox 415 5061 2007 5134">
     <span class='ocr_line' id='line_1_92' title="bbox 415 5061 2007 5134; baseline 0.001 -16"><span class='ocrx_word' id='word_1_544' title='bbox 415 5063 622 5134; x_wconf 87' lang='lat' dir='ltr'><strong>procul</strong></span> <span class='ocrx_word' id='word_1_545' title='bbox 653 5061 721 5117; x_wconf 89' lang='lat' dir='ltr'><strong>ab</strong></span> <span class='ocrx_word' id='word_1_546' title='bbox 747 5078 812 5118; x_wconf 92' lang='lat' dir='ltr'><strong>eo</strong></span> <span class='ocrx_word' id='word_1_547' title='bbox 842 5061 1011 5133; x_wconf 80' lang='lat' dir='ltr'><strong>fugit;</strong></span> <span class='ocrx_word' id='word_1_548' title='bbox 1053 5075 1178 5116; x_wconf 91' lang='lat' dir='ltr'><strong>cum</strong></span> <span class='ocrx_word' id='word_1_549' title='bbox 1207 5076 1336 5117; x_wconf 85' lang='lat' dir='ltr'><strong>vero</strong></span> <span class='ocrx_word' id='word_1_550' title='bbox 1363 5071 1631 5133; x_wconf 75' lang='lat' dir='ltr'><strong>praecepta</strong></span> <span class='ocrx_word' id='word_1_551' title='bbox 1678 5065 1772 5120; x_wconf 86' lang='lat' dir='ltr'><strong>Dei</strong></span> <span class='ocrx_word' id='word_1_552' title='bbox 1827 5073 2007 5120; x_wconf 88' lang='lat' dir='ltr'><strong>trans-</strong></span> 
     </span>
    </p>
   </div>
   <div class='ocr_carea' id='block_1_93' title="bbox 432 5155 1913 5230">
    <p class='ocr_par' dir='ltr' id='par_1_93' title="bbox 432 5155 1913 5230">
     <span class='ocr_line' id='line_1_93' title="bbox 432 5155 1913 5230; baseline -0.001 -18"><span class='ocrx_word' id='word_1_553' title='bbox 432 5171 654 5230; x_wconf 76' lang='lat' dir='ltr'><strong>gressus</strong></span> <span class='ocrx_word' id='word_1_554' title='bbox 682 5155 863 5212; x_wconf 90' lang='lat' dir='ltr'><strong>nudus</strong></span> <span class='ocrx_word' id='word_1_555' title='bbox 891 5155 1112 5223; x_wconf 88' lang='lat' dir='ltr'><strong>mansit,</strong></span> <span class='ocrx_word' id='word_1_556' title='bbox 1146 5161 1279 5210; x_wconf 90' lang='lat' dir='ltr'><strong>tunc</strong></span> <span class='ocrx_word' id='word_1_557' title='bbox 1309 5156 1439 5211; x_wconf 91' lang='lat' dir='ltr'><strong>vicit</strong></span> <span class='ocrx_word' id='word_1_558' title='bbox 1466 5156 1618 5211; x_wconf 89' lang='lat' dir='ltr'><strong>illum</strong></span> <span class='ocrx_word' id='word_1_559' title='bbox 1645 5155 1913 5212; x_wconf 88' lang='lat' dir='ltr'><strong>diabolus.</strong></span> 
     </span>
    </p>
   </div>
   <div class='ocr_carea' id='block_1_94' title="bbox 998 5331 1371 5392">
    <p class='ocr_par' dir='ltr' id='par_1_94' title="bbox 998 5331 1371 5392">
     <span class='ocr_line' id='line_1_94' title="bbox 998 5331 1371 5392; baseline 0.003 -1"><span class='ocrx_word' id='word_1_560' title='bbox 998 5331 1002 5333; x_wconf 55' lang='grc'><em>’</em></span> <span class='ocrx_word' id='word_1_561' title='bbox 1069 5333 1218 5391; x_wconf 79' lang='lat' dir='ltr'><strong>CAP.</strong></span> <span class='ocrx_word' id='word_1_562' title='bbox 1254 5334 1371 5392; x_wconf 85' lang='lat' dir='ltr'><strong>XV.</strong></span> 
     </span>
    </p>
   </div>
   <div class='ocr_carea' id='block_1_95' title="bbox 809 5424 1625 5498">
    <p class='ocr_par' dir='ltr' id='par_1_95' title="bbox 809 5424 1625 5498">
     <span class='ocr_line' id='line_1_95' title="bbox 809 5424 1625 5498; baseline 0.002 -18"><span class='ocrx_word' id='word_1_563' title='bbox 809 5424 987 5482; x_wconf 83' lang='lat' dir='ltr'><strong>Tertia</strong></span> <span class='ocrx_word' id='word_1_564' title='bbox 1020 5429 1272 5498; x_wconf 76' lang='lat' dir='ltr'><strong>serpentis</strong></span> <span class='ocrx_word' id='word_1_565' title='bbox 1310 5428 1625 5497; x_wconf 83' lang='lat' dir='ltr'><strong>proprietas.</strong></span> 
     </span>
    </p>
   </div>
   <div class='ocr_carea' id='block_1_96' title="bbox 505 5509 2010 5590">
    <p class='ocr_par' dir='ltr' id='par_1_96' title="bbox 505 5509 2010 5590">
     <span class='ocr_line' id='line_1_96' title="bbox 505 5509 2010 5590; baseline 0.004 -22"><span class='ocrx_word' id='word_1_566' title='bbox 505 5509 566 5569; x_wconf 89' lang='lat' dir='ltr'><strong>Si</strong></span> <span class='ocrx_word' id='word_1_567' title='bbox 591 5515 810 5586; x_wconf 89' lang='lat' dir='ltr'><strong>quando</strong></span> <span class='ocrx_word' id='word_1_568' title='bbox 831 5532 1058 5588; x_wconf 88' lang='lat' dir='ltr'><strong>serpens</strong></span> <span class='ocrx_word' id='word_1_569' title='bbox 1095 5519 1166 5574; x_wconf 80' lang='lat' dir='ltr'><strong>ab</strong></span> <span class='ocrx_word' id='word_1_570' title='bbox 1209 5519 1428 5572; x_wconf 86' lang='lat' dir='ltr'><strong>homine</strong></span> <span class='ocrx_word' id='word_1_571' title='bbox 1468 5519 1690 5588; x_wconf 90' lang='lat' dir='ltr'><strong>petitur,</strong></span> <span class='ocrx_word' id='word_1_572' title='bbox 1725 5527 1890 5590; x_wconf 91' lang='lat' dir='ltr'><strong>caput</strong></span> <span class='ocrx_word' id='word_1_573' title='bbox 1921 5519 2010 5575; x_wconf 90' lang='lat' dir='ltr'><strong>ille</strong></span> 
     </span>
    </p>
   </div>
   <div class='ocr_carea' id='block_1_97' title="bbox 425 5609 1760 5680">
    <p class='ocr_par' dir='ltr' id='par_1_97' title="bbox 425 5609 1760 5680">
     <span class='ocr_line' id='line_1_97' title="bbox 425 5609 1760 5680; baseline -0.004 -11"><span class='ocrx_word' id='word_1_574' title='bbox 425 5621 638 5669; x_wconf 85' lang='lat' dir='ltr'><strong>tantum</strong></span> <span class='ocrx_word' id='word_1_575' title='bbox 667 5609 923 5676; x_wconf 86' lang='lat' dir='ltr'><strong>custodit,</strong></span> <span class='ocrx_word' id='word_1_576' title='bbox 954 5611 1220 5680; x_wconf 87' lang='lat' dir='ltr'><strong>reliquum</strong></span> <span class='ocrx_word' id='word_1_577' title='bbox 1251 5610 1497 5679; x_wconf 88' lang='lat' dir='ltr'><strong>corporis</strong></span> <span class='ocrx_word' id='word_1_578' title='bbox 1520 5609 1760 5665; x_wconf 72' lang='lat' dir='ltr'><strong>exhibet.</strong></span> 
     </span>
    </p>
   </div>
   <div class='ocr_carea' id='block_1_98' title="bbox 515 5798 1484 5869">
    <p class='ocr_par' dir='ltr' id='par_1_98' title="bbox 515 5798 1484 5869">
     <span class='ocr_line' id='line_1_98' title="bbox 515 5798 1484 5869; baseline 0 -11"><span class='ocrx_word' id='word_1_579' title='bbox 515 5798 698 5858; x_wconf 73' lang='lat' dir='ltr'><strong>&#39;Psal.</strong></span> <span class='ocrx_word' id='word_1_580' title='bbox 727 5821 832 5869; x_wconf 77' lang='lat' dir='ltr'><strong>xei,</strong></span> <span class='ocrx_word' id='word_1_581' title='bbox 882 5807 962 5858; x_wconf 82' lang='lat' dir='ltr'><strong>l5.</strong></span> <span class='ocrx_word' id='word_1_582' title='bbox 1037 5807 1055 5834; x_wconf 80' lang='lat'><strong>’</strong></span> <span class='ocrx_word' id='word_1_583' title='bbox 1095 5806 1279 5858; x_wconf 80' lang='lat' dir='ltr'><strong>Matth.</strong></span> <span class='ocrx_word' id='word_1_584' title='bbox 1314 5823 1366 5869; x_wconf 68' lang='grc' dir='ltr'>ις,</span> <span class='ocrx_word' id='word_1_585' title='bbox 1403 5805 1484 5860; x_wconf 84' lang='lat' dir='ltr'><strong>I6.</strong></span> 
     </span>
    </p>
   </div>
   <div class='ocr_carea' id='block_1_99' title="bbox 1595 5808 2081 5870">
    <p class='ocr_par' dir='ltr' id='par_1_99' title="bbox 1595 5808 2081 5870">
     <span class='ocr_line' id='line_1_99' title="bbox 1595 5808 2081 5870; baseline 0.012 -9"><span class='ocrx_word' id='word_1_586' title='bbox 1595 5810 1613 5840; x_wconf 87' lang='grc'>³</span> <span class='ocrx_word' id='word_1_587' title='bbox 1648 5808 1836 5864; x_wconf 86' lang='lat' dir='ltr'><strong>Matth.</strong></span> <span class='ocrx_word' id='word_1_588' title='bbox 1865 5828 1961 5868; x_wconf 88' lang='lat' dir='ltr'><strong>vu.</strong></span> <span class='ocrx_word' id='word_1_589' title='bbox 1997 5817 2081 5870; x_wconf 70' lang='grc' dir='ltr'><strong>Η.</strong></span> 
     </span>
    </p>
   </div>
   <div class='ocr_carea' id='block_1_100' title="bbox 2109 4609 2821 4682">
    <p class='ocr_par' dir='ltr' id='par_1_100' title="bbox 2109 4609 2821 4682">
     <span class='ocr_line' id='line_1_100' title="bbox 2109 4609 2821 4682; baseline 0.006 -21"><span class='ocrx_word' id='word_1_590' title='bbox 2109 4609 2237 4680; x_wconf 87' lang='grc' dir='ltr'>μνὸς</span> <span class='ocrx_word' id='word_1_591' title='bbox 2268 4609 2604 4682; x_wconf 77' lang='grc' dir='ltr'>καταθαῤῥεί</span> <span class='ocrx_word' id='word_1_592' title='bbox 2632 4610 2821 4665; x_wconf 86' lang='grc' dir='ltr'>αὐτοῦ.</span> 
     </span>
    </p>
   </div>
   <div class='ocr_carea' id='block_1_101' title="bbox 2724 4703 3720 4774">
    <p class='ocr_par' dir='ltr' id='par_1_101' title="bbox 2724 4703 3720 4774">
     <span class='ocr_line' id='line_1_101' title="bbox 2724 4703 3720 4774; baseline 0 -16"><span class='ocrx_word' id='word_1_593' title='bbox 2724 4703 3058 4774; x_wconf 77' lang='grc' dir='ltr'>Ἐρμηνεία.</span> <span class='ocrx_word' id='word_1_594' title='bbox 3717 4755 3720 4758; x_wconf 83' lang='lat'><strong>.</strong></span> 
     </span>
    </p>
   </div>
   <div class='ocr_carea' id='block_1_102' title="bbox 2175 4792 3683 4868">
    <p class='ocr_par' dir='ltr' id='par_1_102' title="bbox 2175 4792 3683 4868">
     <span class='ocr_line' id='line_1_102' title="bbox 2175 4792 3683 4868; baseline 0.004 -24"><span class='ocrx_word' id='word_1_595' title='bbox 2175 4792 2286 4846; x_wconf 79' lang='grc' dir='ltr'><strong>Καὶ</strong></span> <span class='ocrx_word' id='word_1_596' title='bbox 2323 4793 2388 4847; x_wconf 84' lang='grc' dir='ltr'>σὺ</span> <span class='ocrx_word' id='word_1_597' title='bbox 2417 4793 2620 4864; x_wconf 86' lang='grc' dir='ltr'>νοητῶς</span> <span class='ocrx_word' id='word_1_598' title='bbox 2659 4795 2930 4865; x_wconf 77' lang='grc' dir='ltr'>ἐννόησον,</span> <span class='ocrx_word' id='word_1_599' title='bbox 2963 4795 3044 4848; x_wconf 85' lang='grc' dir='ltr'>ὅτι</span> <span class='ocrx_word' id='word_1_600' title='bbox 3087 4795 3247 4868; x_wconf 77' lang='grc' dir='ltr'>ἡνίκα</span> <span class='ocrx_word' id='word_1_601' title='bbox 3288 4796 3318 4848; x_wconf 89' lang='lat'><strong>6</strong></span> <span class='ocrx_word' id='word_1_602' title='bbox 3364 4795 3545 4868; x_wconf 75' lang='grc' dir='ltr'>πατὴρ</span> <span class='ocrx_word' id='word_1_603' title='bbox 3589 4813 3683 4850; x_wconf 87' lang='grc' dir='ltr'><strong>σου</strong></span> 
     </span>
    </p>
   </div>
   <div class='ocr_carea' id='block_1_103' title="bbox 2105 4880 3685 4958">
    <p class='ocr_par' dir='ltr' id='par_1_103' title="bbox 2105 4880 3685 4958">
     <span class='ocr_line' id='line_1_103' title="bbox 2105 4880 3685 4958; baseline 0.001 -22"><span class='ocrx_word' id='word_1_604' title='bbox 2105 4885 2134 4936; x_wconf 91' lang='lat'><strong>6</strong></span> <span class='ocrx_word' id='word_1_605' title='bbox 2178 4884 2349 4956; x_wconf 72' lang='grc' dir='ltr'>Ἀδὰμ</span> <span class='ocrx_word' id='word_1_606' title='bbox 2397 4880 2466 4954; x_wconf 76' lang='grc' dir='ltr'>ἦν</span> <span class='ocrx_word' id='word_1_607' title='bbox 2525 4887 2583 4938; x_wconf 79' lang='grc' dir='ltr'>ὲν</span> <span class='ocrx_word' id='word_1_608' title='bbox 2630 4884 2708 4956; x_wconf 85' lang='grc' dir='ltr'>τῷ</span> <span class='ocrx_word' id='word_1_609' title='bbox 2762 4886 3074 4957; x_wconf 84' lang='grc' dir='ltr'>παραδείσῳ</span> <span class='ocrx_word' id='word_1_610' title='bbox 3115 4886 3548 4957; x_wconf 87' lang='grc' dir='ltr'>ἀναϐαλλόμενος</span> <span class='ocrx_word' id='word_1_611' title='bbox 3585 4887 3685 4958; x_wconf 81' lang='grc' dir='ltr'>τὴν</span> 
     </span>
    </p>
   </div>
   <div class='ocr_carea' id='block_1_104' title="bbox 2107 4975 3682 5050">
    <p class='ocr_par' dir='ltr' id='par_1_104' title="bbox 2107 4975 3682 5050">
     <span class='ocr_line' id='line_1_104' title="bbox 2107 4975 3682 5050; baseline 0.007 -23"><span class='ocrx_word' id='word_1_612' title='bbox 2107 4975 2243 5028; x_wconf 83' lang='grc' dir='ltr'>Θεοῦ</span> <span class='ocrx_word' id='word_1_613' title='bbox 2270 4975 2504 5044; x_wconf 80' lang='grc' dir='ltr'>ὑφαντδν</span> <span class='ocrx_word' id='word_1_614' title='bbox 2527 4976 2739 5046; x_wconf 80' lang='grc' dir='ltr'>στολὴν,</span> <span class='ocrx_word' id='word_1_615' title='bbox 2763 4978 2863 5031; x_wconf 86' lang='grc' dir='ltr'>οὐκ</span> <span class='ocrx_word' id='word_1_616' title='bbox 2890 4979 3074 5048; x_wconf 78' lang='grc' dir='ltr'>ἴσχυσε</span> <span class='ocrx_word' id='word_1_617' title='bbox 3100 4979 3358 5050; x_wconf 76' lang='grc' dir='ltr'>ἐμπεσεῖν</span> <span class='ocrx_word' id='word_1_618' title='bbox 3379 4978 3456 5048; x_wconf 83' lang='grc' dir='ltr'>τῷ</span> <span class='ocrx_word' id='word_1_619' title='bbox 3484 4978 3682 5048; x_wconf 80' lang='grc' dir='ltr'>ἐχθρῷ.</span> 
     </span>
    </p>
   </div>
   <div class='ocr_carea' id='block_1_105' title="bbox 2107 5065 3685 5140">
    <p class='ocr_par' dir='ltr' id='par_1_105' title="bbox 2107 5065 3685 5140">
     <span class='ocr_line' id='line_1_105' title="bbox 2107 5065 3685 5140; baseline 0 -20"><span class='ocrx_word' id='word_1_620' title='bbox 2107 5065 2244 5120; x_wconf 85' lang='grc' dir='ltr'><strong>ἀλλά</strong></span> <span class='ocrx_word' id='word_1_621' title='bbox 2292 5065 2489 5136; x_wconf 72' lang='grc' dir='ltr'>ἔφευγε</span> <span class='ocrx_word' id='word_1_622' title='bbox 2541 5067 2758 5140; x_wconf 84' lang='grc' dir='ltr'>μακρὰν</span> <span class='ocrx_word' id='word_1_623' title='bbox 2806 5070 2903 5123; x_wconf 88' lang='grc' dir='ltr'><strong>ἀπ’</strong></span> <span class='ocrx_word' id='word_1_624' title='bbox 2948 5068 3147 5123; x_wconf 84' lang='grc' dir='ltr'>αὐτοῦ·</span> <span class='ocrx_word' id='word_1_625' title='bbox 3201 5072 3332 5124; x_wconf 81' lang='grc' dir='ltr'>ὅταν</span> <span class='ocrx_word' id='word_1_626' title='bbox 3377 5069 3434 5122; x_wconf 86' lang='grc' dir='ltr'>δὲ</span> <span class='ocrx_word' id='word_1_627' title='bbox 3482 5071 3685 5138; x_wconf 67' lang='grc' dir='ltr'>γυμνὸς</span> 
     </span>
    </p>
   </div>
   <div class='ocr_carea' id='block_1_106' title="bbox 2109 5157 3689 5232">
    <p class='ocr_par' dir='ltr' id='par_1_106' title="bbox 2109 5157 3689 5232">
     <span class='ocr_line' id='line_1_106' title="bbox 2109 5157 3689 5232; baseline 0 -22"><span class='ocrx_word' id='word_1_628' title='bbox 2109 5157 2311 5228; x_wconf 77' lang='grc' dir='ltr'>ἔμεινε,</span> <span class='ocrx_word' id='word_1_629' title='bbox 2345 5157 2445 5229; x_wconf 82' lang='grc' dir='ltr'>τὴν</span> <span class='ocrx_word' id='word_1_630' title='bbox 2480 5159 2701 5230; x_wconf 75' lang='grc' dir='ltr'>ἐντολὴν</span> <span class='ocrx_word' id='word_1_631' title='bbox 2727 5158 2830 5213; x_wconf 72' lang='grc' dir='ltr'><strong>τοῦ</strong></span> <span class='ocrx_word' id='word_1_632' title='bbox 2859 5159 2995 5216; x_wconf 84' lang='grc' dir='ltr'>Θεοῦ</span> <span class='ocrx_word' id='word_1_633' title='bbox 3044 5160 3322 5232; x_wconf 83' lang='grc' dir='ltr'>παραϐὰς,</span> <span class='ocrx_word' id='word_1_634' title='bbox 3361 5159 3484 5212; x_wconf 85' lang='grc' dir='ltr'>τότε</span> <span class='ocrx_word' id='word_1_635' title='bbox 3522 5159 3551 5211; x_wconf 88' lang='grc' dir='ltr'>ὁ</span> <span class='ocrx_word' id='word_1_636' title='bbox 3586 5161 3689 5211; x_wconf 81' lang='grc' dir='ltr'>Πο-</span> 
     </span>
    </p>
   </div>
   <div class='ocr_carea' id='block_1_107' title="bbox 2109 5245 2817 5320">
    <p class='ocr_par' dir='ltr' id='par_1_107' title="bbox 2109 5245 2817 5320">
     <span class='ocr_line' id='line_1_107' title="bbox 2109 5245 2817 5320; baseline 0.004 -17"><span class='ocrx_word' id='word_1_637' title='bbox 2109 5265 2174 5318; x_wconf 90' lang='grc' dir='ltr'><strong>νη</strong></span> <span class='ocrx_word' id='word_1_638' title='bbox 2182 5245 2274 5320; x_wconf 81' lang='grc' dir='ltr'>ρὸς</span> <span class='ocrx_word' id='word_1_639' title='bbox 2305 5248 2606 5320; x_wconf 77' lang='grc' dir='ltr'>ἐκράτησεν</span> <span class='ocrx_word' id='word_1_640' title='bbox 2633 5252 2817 5306; x_wconf 78' lang='grc' dir='ltr'>αὐτόν.</span> 
     </span>
    </p>
   </div>
   <div class='ocr_carea' id='block_1_108' title="bbox 2747 5340 3050 5396">
    <p class='ocr_par' dir='ltr' id='par_1_108' title="bbox 2747 5340 3050 5396">
     <span class='ocr_line' id='line_1_108' title="bbox 2747 5340 3050 5396; baseline 0.01 -3"><span class='ocrx_word' id='word_1_641' title='bbox 2747 5340 2905 5396; x_wconf 79' lang='grc' dir='ltr'><strong>ΚΕΦ.</strong></span> <span class='ocrx_word' id='word_1_642' title='bbox 2952 5340 3050 5396; x_wconf 90' lang='grc' dir='ltr'><strong>ΙΕ’.</strong></span> 
     </span>
    </p>
   </div>
   <div class='ocr_carea' id='block_1_109' title="bbox 2520 5433 3283 5503">
    <p class='ocr_par' dir='ltr' id='par_1_109' title="bbox 2520 5433 3283 5503">
     <span class='ocr_line' id='line_1_109' title="bbox 2520 5433 3283 5503; baseline -0.003 -15"><span class='ocrx_word' id='word_1_643' title='bbox 2520 5434 2688 5502; x_wconf 80' lang='grc' dir='ltr'>Τρίτη</span> <span class='ocrx_word' id='word_1_644' title='bbox 2728 5433 2913 5501; x_wconf 75' lang='grc' dir='ltr'>φύσις</span> <span class='ocrx_word' id='word_1_645' title='bbox 2941 5433 3048 5487; x_wconf 85' lang='grc' dir='ltr'><strong>τοῦ</strong></span> <span class='ocrx_word' id='word_1_646' title='bbox 3078 5433 3283 5503; x_wconf 72' lang='grc' dir='ltr'>ὄφεως.</span> 
     </span>
    </p>
   </div>
   <div class='ocr_carea' id='block_1_110' title="bbox 2183 5521 3690 5598">
    <p class='ocr_par' dir='ltr' id='par_1_110' title="bbox 2183 5521 3690 5598">
     <span class='ocr_line' id='line_1_110' title="bbox 2183 5521 3690 5598; baseline 0.007 -23"><span class='ocrx_word' id='word_1_647' title='bbox 2183 5521 2290 5575; x_wconf 89' lang='grc' dir='ltr'>Τοῦ</span> <span class='ocrx_word' id='word_1_648' title='bbox 2336 5524 2626 5598; x_wconf 81' lang='grc' dir='ltr'>ἀνθρώπου</span> <span class='ocrx_word' id='word_1_649' title='bbox 2674 5526 2836 5579; x_wconf 78' lang='grc' dir='ltr'>αὑτὸν</span> <span class='ocrx_word' id='word_1_650' title='bbox 2883 5527 3306 5598; x_wconf 83' lang='grc' dir='ltr'>ἀποκεραμῆσαι</span> <span class='ocrx_word' id='word_1_651' title='bbox 3367 5525 3690 5597; x_wconf 76' lang='grc' dir='ltr'>ίχνεὺοντας.</span> 
     </span>
    </p>
   </div>
   <div class='ocr_carea' id='block_1_111' title="bbox 2111 5612 3682 5689">
    <p class='ocr_par' dir='ltr' id='par_1_111' title="bbox 2111 5612 3682 5689">
     <span class='ocr_line' id='line_1_111' title="bbox 2111 5612 3682 5689; baseline 0 -22"><span class='ocrx_word' id='word_1_652' title='bbox 2111 5612 2235 5668; x_wconf 85' lang='grc' dir='ltr'>ὄλον</span> <span class='ocrx_word' id='word_1_653' title='bbox 2266 5615 2327 5667; x_wconf 84' lang='grc' dir='ltr'>τὸ</span> <span class='ocrx_word' id='word_1_654' title='bbox 2367 5615 2524 5688; x_wconf 83' lang='grc' dir='ltr'>σῶμα</span> <span class='ocrx_word' id='word_1_655' title='bbox 2567 5616 2919 5687; x_wconf 84' lang='grc' dir='ltr'>παραδίδωσι,</span> <span class='ocrx_word' id='word_1_656' title='bbox 2961 5617 3062 5688; x_wconf 82' lang='grc' dir='ltr'>τὴν</span> <span class='ocrx_word' id='word_1_657' title='bbox 3096 5617 3336 5688; x_wconf 73' lang='grc' dir='ltr'>κεφαλὴν</span> <span class='ocrx_word' id='word_1_658' title='bbox 3371 5619 3540 5689; x_wconf 82' lang='grc' dir='ltr'>μόνην</span> <span class='ocrx_word' id='word_1_659' title='bbox 3585 5633 3682 5683; x_wconf 73' lang='grc' dir='ltr'>φυ-</span> 
     </span>
    </p>
   </div>
   <div class='ocr_carea' id='block_1_112' title="bbox 2115 5704 2324 5762">
    <p class='ocr_par' dir='ltr' id='par_1_112' title="bbox 2115 5704 2324 5762">
     <span class='ocr_line' id='line_1_112' title="bbox 2115 5704 2324 5762; baseline 0.029 -6"><span class='ocrx_word' id='word_1_660' title='bbox 2115 5704 2324 5762; x_wconf 80' lang='grc' dir='ltr'>λάσσει.</span> 
     </span>
    </p>
   </div>
  </div>
