3978 6220
316 368 422 427 529
640 434 655 443 κ
1650 375 1887 432 rursm

1974 375 2154 434 iGUS.
3438 364 3545 419 550

918 496 1249 568 Ἑρμηνειά.
1895 513 1944 568 Α
2559 483 2960 563 Ἰηιεηιηιοιίο.

380 586 695 660 Ὀφείλομεν
739 579 839 640 οὖν
880 589 974 641 καὶ
1011 590 1174 659 ἡμεῖς
1220 591 1279 643 ἐν
1326 587 1502 661 καιρῷ
1563 588 1869 660 πειρασμοῦ

2048 586 2316 644 Debemus
2347 583 2511 656 igitur
2541 592 2597 640 et
2625 598 2728 639 nos
2752 582 2808 638 in
2838 588 3084 651 tempore
3116 572 3348 647 periculi
3379 579 3580 639 totum,

296 682 415 736 ὅλον
445 677 506 732 τὺ
536 677 694 747 σῶμα
732 677 947 750 θανάτῳ
976 680 1333 751 παραδοῦναι,
1367 680 1532 752 μόνην
1572 679 1669 753 τὴν
1700 697 1867 749 κεφαέ

1984 696 2176 752 corpus
2226 680 2389 735 morti
2432 679 2766 742 concedere,
2814 676 2990 732 solum
3037 678 3201 742 caput
3252 669 3555 731 custodire,

299 772 394 842 λὴν
429 769 783 840 φυλάττοντες
809 789 822 802 ·
858 773 1123 838 τουτέστι,
1165 772 1254 826 τὸν
1293 773 1528 844 Χριστὸν
1561 773 1635 844 μὴ
1673 772 1870 843 ἀρνού-

1985 773 2081 828 hoc
2132 779 2238 837 est,
2288 769 2567 828 Christum
2620 783 2731 823 non
2783 768 3055 829 deserere,
3095 759 3556 833 quemadmodum

300 878 473 931 μενοι,
506 856 642 933 ὅπερ
671 861 887 915 ἐποίουν
926 864 982 917 οί
1009 864 1153 932 ἅγιοι
1189 864 1498 936 μάρτυρες·
1546 863 1608 919 Ἠ
1639 864 1871 935 κεφαλὴ

1990 864 2155 921 sancti
2206 869 2474 933 martyres
2523 858 2791 916 fecerunt.
2842 844 3028 912 Omnis
3072 853 3212 909 enim
3250 851 3351 908 uiri
3404 858 3561 917 caput

300 951 407 1021 γὰρ
424 950 647 1018 παντὸς
668 950 891 1020 ἀνδρὸς
910 955 945 1007 ό
964 956 1219 1022 Χριστός
1232 953 1422 1020 ἐστιν,
1445 953 1522 1018 ὼς
1537 952 1871 1025 γέγραπται.

1360 971 1422 1020 ςν,
1445 953 1522 1018 ὼς
1537 952 1871 1025 γέγραπται.
1978 956 2220 1012 Christus
2251 960 2350 1019 est,
2386 959 2445 1007 ut
2469 949 2544 1005 ait
2581 946 2865 1018 Scriptura
2890 948 2931 1000 ⁸.

928 1066 1087 1120 xm.
1115 1067 1235 1133 IC,".

2592 1057 2749 1116 CAP.
2790 1054 2935 1111 XVI.

658 1155 909 1224 Τετάρτῃ
943 1158 1129 1225 φύσις
1165 1158 1273 1212 τοῦ
1310 1157 1518 1226 ὄφεως.

2330 1155 2543 1222 Quarta
2568 1149 2827 1218 serpentis
2856 1144 3172 1217 proprietas.

372 1243 543 1297 Ὅταν
576 1245 668 1298 ἐπὶ
693 1245 795 1317 τὴν
823 1245 1006 1318 πηγὴν
1036 1247 1131 1301 τοῦ
1165 1247 1310 1319 ὕδωρ
1338 1249 1480 1300 πιεῖν
1513 1245 1640 1318 ἔλθῃ
1667 1246 1696 1299 ὁ
1729 1245 1872 1314 όφις,

2049 1246 2185 1302 Cum
2233 1258 2462 1315 serpens
2508 1240 2577 1296 ad
2622 1239 2829 1296 fontem
2872 1242 2935 1292 ut
2979 1233 3133 1290 bibat
3170 1228 3366 1304 pergit,
3402 1227 3557 1284 virus

300 1337 363 1389 οὐ
392 1336 546 1407 φέρει
575 1337 668 1389 τὸν
699 1336 796 1402 ἱὸν,
831 1337 968 1392 ἀλλά
988 1355 1051 1407 γε
1068 1339 1228 1407 ἀφεὶς
1258 1337 1420 1393 αὑτὸν
1447 1338 1504 1391 ἐν
1535 1339 1601 1407 τῇ
1638 1337 1871 1407 νεοττιᾷ,

1988 1352 2091 1393 non
2124 1335 2323 1401 defert,
2346 1334 2443 1392 sed
2475 1334 2530 1389 in
2560 1338 2722 1387 antro
2745 1328 2877 1385 illud
2899 1325 3147 1392 dimittit,
3172 1322 3365 1393 sicque
3385 1334 3559 1391 purus

297 1425 438 1479 οὕτω
475 1427 718 1498 καθαρὸς
750 1428 1062 1499 πορεύεται,
1101 1430 1187 1483 ἵνα
1230 1429 1305 1501 μὴ
1331 1430 1458 1492 τοὺς
1490 1427 1550 1495 ἐξ
1582 1427 1757 1499 αὐτῆς
1781 1426 1868 1479 πίε

1986 1429 2222 1498 aceedit,
2251 1430 2322 1486 ne
2347 1444 2413 1485 ex
2453 1427 2565 1485 illis
2583 1422 2767 1497 'aquis
2805 1422 3057 1480 bibentes
3088 1429 3306 1474 veneno
3329 1410 3557 1470 inliciat.

295 1534 484 1581 νοντας
518 1502 1000 1590 φαρμακεύσηταί.

920 1632 1253 1701 Ἐρμηνεία.

2564 1621 2965 1692 Interpretatio.

374 1721 693 1795 Ὀφείλομεν
714 1723 811 1794 μὲν
829 1717 920 1777 οὖν
936 1724 1031 1777 καὶ
1057 1725 1218 1793 ἡμεῖς
1244 1721 1336 1774 ἐπὶ
1360 1720 1422 1774 τὸ
1444 1717 1672 1775 ἀένναόν
1698 1734 1759 1772 τε
1784 1716 1878 1772 καὶ

2055 1721 2325 1778 Debemus
2356 1717 2526 1789 igitur
2561 1725 2617 1773 et
2646 1731 2752 1772 nos
2780 1715 2876 1786 qui
2906 1713 2976 1769 ad
3014 1722 3315 1784 perennem
3340 1716 3564 1778 puram-

292 1815 503 1869 ἇκακον
527 1815 673 1884 ὓδωρ
700 1815 1039 1879 σπεύδοντες,
1081 1815 1143 1867 τὸ
1173 1812 1282 1867 τῶν
1315 1813 1474 1866 θείων
1510 1812 1604 1865 καὶ
1643 1812 1863 1880 ἐιτουρα⁴

1992 1831 2091 1887 que
2116 1822 2173 1870 et
2203 1811 2405 1869 divinis
2440 1824 2505 1865 ac
2546 1808 2869 1865 cmlestibus
2898 1803 3135 1875 eloquiis
3161 1797 3563 1858 scaturientem

222 1898 224 1901 ’
293 1904 418 1958 νίων
460 1877 665 1972 λογίων
703 1905 762 1958 ἐν
807 1907 870 1975 τῇ
918 1877 1194 1957 τού-Θεοῦ
1239 1903 1536 1973 Ἐκκλησία
1577 1877 1793 1973 γέμον,-

1995 1877 2179 1977 ίίιυαω
2210 1904 2268 1959 in
2312 1903 2405 1958 Dei
2442 1901 2693 1957 Ecclesia
2728 1910 3110 1971 properamus,
3138 1891 3363 1948 malitiae
3398 1902 3566 1945 vene-

291 1996 477 2067 φέρειν
542 1998 639 2050 σὺν
673 1998 806 2069 ἡμῖν
844 1996 937 2050 τὸν
966 1996 1066 2066 τῆς
1104 1995 1303 2058 κακίας
1348 1994 1447 2057 ἱὸν,
1490 1993 1552 2046 οὐ
1600 1992 1705 2064 μὴν
1744 1991 1862 2047 ἀλλά

1995 1994 2113 2052 dum
2144 1994 2434 2050 nobiscum
2480 2007 2596 2049 non
2642 1991 2884 2055 deferre,
2930 1987 3028 2045 sed
3065 1998 3285 2041 omnem
3332 1981 3566 2052 pravita-

293 2087 473 2139 πᾶσαν
505 2087 701 2140 κακίαν
729 2086 823 2139 καὶ
845 2086 1133 2157 λοιδορίαν,
1166 2087 1274 2139 πᾶν
1304 2102 1362 2138 τε
1386 2083 1622 2156 πονηρὸν
1643 2082 1864 2154 ἐνθύμη-

1996 2103 2090 2144 .em
2116 2101 2183 2142 ac
2208 2085 2452 2157 jurgium
2479 2091 2536 2140 et
2559 2097 2778 2138 omnem
2814 2080 3015 2136 malam
3045 2074 3434 2148 cogitationem
3467 2069 3567 2126 de-

292 2195 372 2248 μα
398 2179 641 2247 ἀφεῖναι,
675 2179 771 2232 καὶ
800 2177 973 2242 οὕτως
1012 2176 1230 2248 ἄμωμοί
1270 2194 1330 2229 τε
1375 2176 1469 2229 καὶ
1508 2174 1739 2246 καθαροὶ
1778 2190 1863 2227 ποε

1996 2193 2205 2249 sonere,
2237 2178 2430 2248 sicque
2469 2176 2720 2231 insontes
2757 2181 2814 2230 et
2857 2170 2983 2243 puri
3020 2168 3323 2225 Ecclesiam
3357 2161 3567 2222 Christi

292 2268 580 2338 ρευθῶμεν
610 2269 669 2322 ἐν
710 2270 778 2339 τῇ
826 2266 920 2321 τοῦ
965 2265 1203 2337 Χριστοῦ
1249 2264 1566 2336 Ἐκκλησία,
1610 2265 1759 2327 ὅπως
1803 2262 1863 2334 μ’)

1803 2262 1878 2334 μὴ
1978 2269 2267 2339 adeamus,
2300 2282 2372 2325 ne
2397 2266 2583 2323 anima
2610 2273 2801 2323 nostra
2827 2275 3041 2321 veneno
3072 2258 3372 2317 inﬁciatur.

290 2360 386 2431 τὴν
413 2358 697 2431 ἡμετέραν
715 2358 892 2431 ψυχὴν
920 2356 1570 2430 καταφαρμακεύσωμεν.

588 2455 597 2463 ’
941 2471 1100 2525 ΚΕΦ.
1134 2471 1236 2523 iZ'.
2581 2459 2739 2517 CAP.
2780 2455 2946 2514 xvu.

759 2561 903 2633 Περὶ
934 2559 1043 2630 τῆς
1069 2561 1403 2631 ὡρμηκοςο

1379 2582 1403 2615 ι.
2588 2552 2667 2609 De
2700 2551 2950 2623 formica.

369 2657 429 2711 '0
475 2652 727 2725 Σολομὼν
774 2649 927 2707 εἷπεν
970 2656 1027 2707 ἐν
1056 2655 1177 2719 ταῖς
1208 2651 1556 2723 Παροιμίαις’
1593 2650 1698 2705 Ἴθι
1727 2647 1877 2718 πρὸς

2049 2649 2142 2706 Ait
2172 2648 2431 2705 Salomon
2471 2648 2529 2704 in
2570 2644 2930 2702 Proverbiis:
2978 2639 3121 2697 Vade
3155 2639 3224 2694 ad
3254 2635 3563 2708 formicam,

292 2744 405 2813 τὴν
427 2745 735 2815 μύρμηκα,
774 2737 823 2798 ὦ
855 2740 1094 2810 ὀκνηρέ.
1134 2739 1194 2793 '0
1235 2738 1554 2809 φυσιολόγος
1588 2731 1708 2790 εἶπε
1747 2734 1863 2806 περῖ

2003 2744 2239 2815 ιρὶθενδ.
2276 2740 2641 2814 Physioiogus
2687 2739 2891 2795 multas
2938 2736 3308 2809 proprietates
3361 2729 3574 2786 habere.

714 1628 753 1642 ἣ

289 2836 387 2907 τῆς
420 2834 718 2908 μύρμηκος
745 2834 845 2904 τῆς
866 2832 1066 2897 πολλὰς
1096 2830 1287 2901 φύσεις
1314 2828 1563 2901 ἐχούσης.

713 2852 718 2892 ς
745 2834 845 2904 τῆς
866 2832 1066 2897 πολλὰς
1096 2830 1287 2901 φύσεις
1314 2828 1563 2901 ἐχούσης.
1978 2849 2098 2892 eam
2126 2834 2284 2891 dicit.

606 2946 812 3014 Πρώτη
845 2947 1030 3015 φύσις
1069 2944 1181 3013 τῆς
1223 2944 1556 3013 μύρμηκος.

2368 2941 2557 2997 Prima
2587 2940 2882 3011 proprietas
2912 2937 3173 3009 formicae.

360 3037 533 3091 Ὅταν
558 3034 834 3106 ἐπιμελῶς
857 3032 1145 3105 βαδίζωσιν
1184 3032 1412 3087 ἕκασται
1434 3027 1760 3100 κομίζουσαι
1784 3025 1877 3080 τὸν

2048 3034 2186 3093 Cum
2215 3035 2454 3091 sollicite
2482 3034 2827 3101 discurrunt,
2849 3040 2906 3089 et
2934 3030 3162 3101 singulae
3182 3040 3413 3100 granum
3440 3038 3569 3095 por-

290 3126 514 3194 ιόκκον,
540 3128 637 3180 καί
663 3127 723 3180 οὐ
750 3124 975 3194 λέγουσι
1004 3127 1116 3187 τοῖς
1143 3123 1391 3196 φέρουσι,
1428 3122 1559 3175 Δότε
1587 3121 1740 3191 ἡμῖν,
1766 3117 1860 3173 οὐδ

1997 3136 2119 3192 .ant,
2151 3142 2182 3181 a
2227 3126 2539 3182 ferentibus
2581 3139 2774 3181 vacuae
2805 3137 2906 3179 nec
2944 3129 3160 3194 petunt,
3190 3134 3293 3176 nec
3321 3117 3375 3174 vi
3413 3115 3568 3171 aufe-

294 3216 628 3288 ἁρπάζουσιν
666 3218 761 3270 ἀπ’
789 3214 988 3281 αὐτῶν,
1029 3215 1144 3269 ἀλλ’
1175 3213 1472 3285 αὐτόματοι
1498 3230 1560 3267 τε
1589 3210 1865 3283 ξυλλέξουσ-

1718 3210 1871 3283 έξους·
1898 3217 1942 3279 C
1975 3225 2125 3288 runt,
2151 3218 2248 3275 sed
2282 3231 2626 3289 unaquaeque
2653 3216 2916 3288 colligere
2943 3213 3052 3271 sibi
3083 3212 3289 3268 studet.

292 3323 384 3362 σαι
411 3309 651 3380 οἴχονται
680 3306 960 3362 ἀπιοῦσαι.

915 3421 1253 3492 Ἐρμηνεία.
2437 3400 2443 3419 ³

2437 3400 2443 3419 ἦ
2566 3418 2966 3489 Interpretatio.

360 3514 549 3572 Ταῦτα
581 3516 673 3569 ἐπὶ
706 3514 817 3571 τῶν
859 3514 1153 3586 σωφρόνων
1193 3530 1255 3567 τε
1288 3513 1384 3568 καὶ
1431 3512 1631 3585 μωρῶν
1669 3512 1875 3587 mp0s-

2048 3507 2175 3565 Haec
2219 3508 2276 3565 in
2321 3508 2689 3581 prudentibus
2723 3517 2781 3566 et
2822 3508 2990 3565 fatuis
3026 3505 3338 3578 virginibus
3370 3504 3567 3576 depre-

290 3624 398 3663 νων
426 3608 608 3679 εὑρεῖν
628 3607 768 3662 ἔστι.
1282 3650 1285 3651 ν

1282 3650 1285 3651 ν
1976 3601 2295 3659 henduntur
2316 3603 2356 3658 ³.

931 3723 1089 3776 ΚΕΦ.
1128 3722 1234 3779 ιΗο.

2580 3712 2735 3769 CAP.
2776 3711 2965 3767 XVIII.

584 3813 840 3882 Δευτέρα
879 3815 1065 3882 φύσις
1097 3810 1207 3880 τῆς
1239 3811 1573 3880 μύρμηκος.

2332 3803 2581 3861 Secunda
2609 3805 2906 3875 proprietas
2939 3802 3196 3874 formicw.

364 3897 536 3952 Ὅταν
579 3896 957 3968 ἀποταμιεύση
1000 3896 1128 3959 τοὺς
1174 3896 1407 3960 κόκκους
1455 3897 1513 3948 ἐν
1534 3897 1599 3965 τῇ
1646 3893 1872 3964 ποίμνῃ,

2048 3895 2187 3952 Cum
2225 3895 2285 3950 in
2324 3895 2537 3951 cellulis
2573 3910 2744 3965 grana
2783 3893 3051 3958 condunt,
3096 3892 3155 3946 in
3199 3891 3341 3947 duas
3379 3898 3564 3963 partes

285 3985 568 4055 διχοτομεϊ
595 3985 816 4047 αὐτοὺς,
849 3985 923 4054 μὴ
956 3982 1225 4054 χειμῶνος
1257 3983 1653 4047 καταλαϐόντος
1685 3981 1856 4035 σαπῶ·

1994 3989 2074 4043 .lla
2115 3988 2389 4053 dividunt,
2438 4003 2508 4043 ne
2556 3987 2739 4042 hieme
2790 3986 3085 4057 ingruente
3122 3991 3465 4055 putrescant,
3509 3992 3565 4040 et

290 4091 383 4129 σιν
430 4076 481 4128 οἱ
525 4074 739 4141 κόκκοι,
786 4076 881 4127 καὶ
914 4074 1377 4145 λιμοκτονηθῶσιν
1429 4075 1609 4128 αὐταί.
1654 4074 1720 4125 Ἦ
1767 4071 1861 4143 γὰρ

1992 4083 2115 4149 ipsa:
2146 4079 2291 4133 fame
2326 4086 2573 4149 pereant.
2608 4077 2865 4132 Formica
2904 4077 3050 4132 enim
3079 4090 3206 4131 eum
3244 4076 3318 4132 sit
3359 4076 3563 4129 animal

292 4165 522 4239 μύρμηξ
552 4165 861 4236 θυμόσοφος
876 4165 1237 4234 τυγχάνουσα,
1263 4167 1483 4235 προνοεῖ
1506 4163 1607 4217 καῦ
1616 4180 1693 4234 μα
1711 4165 1863 4234 μέγα1

1993 4173 2181 4238 solere,
2213 4178 2272 4226 et
2301 4179 2496 4227 aestum
2528 4172 2661 4227 solis
2687 4170 2918 4225 nimium
2940 4169 3317 4224 ethibernum
3346 4177 3564 4236 tempus

288 4260 325 4328 ἢ
354 4259 451 4313 καὶ
479 4257 679 4330 βροχὴν
701 4255 978 4328 ἔρχεσθαι.
1004 4256 1391 4326 Θεωρουμένου
1413 4254 1470 4307 δὲ
1494 4253 1587 4307 σοῦ
1612 4254 1711 4325 τὴν
1741 4254 1852 4324 μύρ

1993 4265 2296 4334 pmsentit.
2333 4261 2522 4332 Itaque
2559 4277 2686 4318 cum
2715 4275 2835 4316 eam
2874 4260 3083 4316 videris
3113 4259 3356 4315 triticum
3384 4260 3564 4313 inca-

294 4367 449 4422 μηκα
476 4350 566 4404 τὸν
597 4349 796 4404 κόκκον
824 4346 917 4402 τοῦ
950 4347 1098 4401 σίτου
1130 4348 1208 4410 εἰς
1236 4346 1333 4416 τὴν
1362 4347 1501 4417 ὀπὴν
1534 4346 1865 4414 είσκομίζου-

1989 4369 2209 4409 vernam
2251 4354 2603 4419 condentem,
2654 4353 2891 4409 hiemem
2941 4352 3239 4408 adventare
3281 4351 3560 4421 intelligo;

291 4459 415 4507 σαν,
452 4441 745 4513 ἐρχόμενον
775 4440 885 4493 νόει
925 4439 1018 4493 τὸν
1050 4438 1315 4509 χειμῶνα·
1357 4438 1423 4508 ἢν
1449 4438 1505 4490 δὲ
1537 4437 1862 4509 ἐκφέρουσαι

1994 4443 2030 4497 si
2066 4458 2197 4499 vero
2229 4443 2364 4498 illud
2401 4452 2556 4499 extra
2584 4442 2910 4499 educentem
2939 4444 3114 4514 ipsam
3146 4441 3376 4509 videris,
3409 4449 3565 4496 tran-

291 4534 514 4606 θεάσῃς,
541 4534 786 4605 γαλήνην
816 4532 1084 4603 ἐσομένην
1115 4530 1306 4601 γνῶθι.

1905 4545 1951 4600 Ι)
1981 4534 2209 4604 quillum
2242 4535 2450 4591 instare
2487 4544 2705 4605 tempus
2732 4536 2892 4591 scito.

662 4648 665 4649 ⁷
922 4646 1252 4717 Ἐρμηνεία.
1982 4658 1985 4661 ’
2574 4646 2969 4717 Interpretatio.

361 4762 474 4817 Kal.
514 4764 578 4817 σὺ
622 4756 735 4825 οὖν,
766 4755 810 4815 ὦ
835 4760 1108 4832 ἄνθρωπε,
1142 4760 1210 4814 τὶ
1245 4761 1345 4831 τῆς
1374 4760 1613 4824 Παλαιᾶς
1655 4760 1876 4832 ῥήματα

2052 4758 2132 4813 Τυ
2161 4774 2315 4824 vero,
2348 4774 2382 4815 ο
2407 4759 2593 4825 homo,
2633 4775 2919 4817 sermones
2942 4768 3154 4817 veteres
3189 4762 3261 4817 ab
3297 4761 3559 4832 spiritua-

291 4854 358 4907 ἐκ
398 4853 506 4906 τῶν
556 4851 942 4923 πνευματικῶν
992 4849 1289 4905 διάστελλε.
1349 4850 1419 4904 Τὸ
1475 4851 1587 4921 γὰρ
1638 4849 1862 4919 γράμμα

1983 4851 2122 4908 libus
2152 4867 2369 4923 separa.
2402 4851 2605 4907 Littera
2627 4853 2765 4907 enim
2792 4854 3097 4923 interﬁeit‘.
3122 4856 3188 4908 Et
3207 4853 3412 4910 Paulus
3437 4857 3554 4911 ait:

291 4944 648 4999 ἀποκτείνει.
668 4942 879 5006 Παῦλος
904 4942 1013 5014 γὰρ
1038 4939 1209 4995 εἶπεν·
1250 4942 1302 4994 Ὁ
1335 4941 1519 5011 νόμος
1550 4957 1862 5011 πνευματι-

1987 4942 2091 4999 Leo:
2110 4944 2409 5013 spiritualis
2448 4954 2524 4999 est
2542 4944 2586 5002 ⁸.
2618 4943 2792 5000 Judaei
2826 4952 3013 5001 autem
3050 4944 3156 5018 legi
3196 4947 3421 5005 minime
3459 4947 3558 5004 ad-

292 5040 401 5106 κός
444 5040 592 5094 ἐστι.
638 5038 776 5108 Πρὶν
820 5037 931 5110 γὰρ
976 5036 1053 5109 τῷ
1105 5038 1255 5110 νόμῳ
1290 5037 1366 5109 μὴ
1410 5036 1774 5110 προσέχοντες
1824 5037 1863 5089 ol

1213 5055 1255 5110 ῳ
1290 5037 1366 5109 μὴ
1410 5036 1774 5110 προσέχοντες
1824 5037 1874 5090 οἱ
1977 5036 2269 5106 haerentes,
2300 5034 2444 5092 fame
2483 5037 2784 5109 perierunt.

304 5130 546 5185 Ἰουδαῖοι
575 5128 1098 5199 ἐλιμοκτονήθησαν.

925 5239 1083 5291 ΚΕΦ.
1125 5237 1225 5294 18⁷.

2589 5240 2740 5297 CAP.
2785 5240 2924 5298 XIX.

750 5330 892 5398 Περὶ
934 5330 1045 5398 τῆς
1075 5329 1405 5397 ἀλώπεκος.

1329 5348 1405 5397 ος.
2623 5332 2699 5387 De
2729 5333 2900 5404 vulpe.

373 5423 439 5477 Ἥ
469 5423 693 5496 ἀλώπηξ
728 5422 846 5477 ἐστὶ
883 5422 1222 5494 πολύτροπον
1262 5423 1418 5486 ζῶον.
1466 5424 1778 5479 Πεινάσασα
1811 5424 1869 5483 δέ

2050 5425 2252 5496 Vulpes
2295 5433 2581 5482 versutum
2611 5434 2697 5482 est
2735 5427 2958 5482 animal.
2997 5426 3135 5482 Cum
3178 5426 3324 5481 enim
3353 5428 3550 5495 esurit,

284 5516 385 5568 καὶ
412 5515 692 5588 ἀποροῦσα
722 5516 948 5588 τροφῆς.
987 5516 1292 5586 ἀπέρχεται
1332 5516 1423 5569 ἐπὶ
1453 5519 1579 5581 τοὺς
1607 5517 1855 5588 ἠλιακοὺς

1981 5526 2033 5574 et
2064 5518 2188 5572 cibo
2214 5525 2388 5584 caret,
2433 5519 2619 5589 aprica
2647 5518 2767 5573 loca
2798 5518 2935 5583 adit,
2972 5526 3027 5576 et
3055 5518 3205 5573 humi
3234 5526 3405 5573 strata
3433 5518 3552 5573 ani-

285 5605 507 5671 τόπους,
541 5608 987 5680 καταρρίπτουσα
1014 5607 1183 5679 αὐτὴν
1214 5609 1271 5672 ἐς
1299 5608 1424 5695 γῆν,
1450 5608 1544 5663 καὶ
1563 5608 1856 5681 ἀνεχομένη

1981 5625 2231 5682 mamque
2251 5610 2563 5678 continens,
2590 5625 2653 5666 ac
2679 5610 2948 5666 simulans
2967 5625 3026 5665 se
3053 5617 3325 5665 mortuam
3356 5609 3552 5680 supina

371 5756 432 5817 'I
468 5762 593 5819 Cor.
630 5780 706 5828 ιι,
736 5766 787 5823 '5.
864 5769 885 5800 '
919 5765 1076 5822 Prov.
1115 5783 1188 5835 vn,
1222 5765 1274 5821 6.
1354 5766 1373 5797 ³
1405 5766 1755 5841 Μειιιιμιιν,
1795 5767 1821 5822 1
1866 5782 1942 5839 sq:

1482 5767 1755 5841 ztthsuv,
1795 5767 1821 5822 I
1866 5782 1987 5840 sqq.
2063 5767 2086 5801 ⁸
2115 5766 2161 5823 II
2182 5768 2310 5826 Cor.
2345 5785 2430 5836 iii,
2455 5767 2507 5823 6.
2585 5770 2605 5801 '
2636 5766 2795 5823 Rom.
2829 5772 2925 5835 νη,
2968 5766 3053 5822 Η.
