3978 6220
396 5585 420 5620 I

391 5703 402 5756 ξ

426 315 530 377 5⁸1

1670 321 1876 379 ΟυΒΙᾹ
1907 318 2046 375 AIJ'T
2096 319 2364 378 SPURIA.

3560 322 3673 379 53‘!

429 433 596 507 jacet,
631 438 805 493 oculis
832 445 884 494 et
926 438 1155 510 pedibus
1198 451 1421 496 sursum
1458 439 1680 496 erectis.
1723 440 1864 498 Aves
1889 440 1993 495 ita-

2105 443 2195 513 τὴν
2227 443 2396 512 πνοὴν
2419 443 2512 494 καὶ
2536 443 2904 513 ὑποκρίνουσα
2928 439 3251 510 τεθνηκυῖαν
3273 443 3451 494 κεῖται
3479 439 3672 501 ὕπτια,

432 543 542 598 qtte
569 527 903 584 delabuntur
927 539 989 584 ut
1017 531 1136 600 ipsa
1165 534 1502 593 vescantur:
1525 530 1618 586 illa
1647 547 1778 589 vero
1801 533 1993 604 arripit

2105 532 2221 595 τοὺς
2269 532 2580 603 ὀφθαλμούς
2628 551 2688 586 τε
2741 533 2835 586 καὶ
2893 532 3019 594 τοὺς
3058 530 3224 594 πόδας
3277 531 3390 584 ἂνω
3445 530 3650 599 ἔχουσα

431 633 526 675 eas
547 620 750 685 subito,
786 637 850 675 ac
879 636 976 690 pro
1003 622 1156 676 Iibito
1189 621 1436 679 devorat.

1020 820 1414 890 htlerprelatio.

497 907 608 964 Nec
674 911 836 966 aliter
885 913 1138 970 diabo‘lus
1189 930 1315 969 cum
1370 915 1666 986 illaqueare
1719 917 1992 974 hominem

423 998 565 1064 vult,
603 1006 778 1055 tentat
808 1003 1008 1072 ipsum,
1035 1010 1098 1058 ut
1144 1019 1309 1074 quam
1335 1007 1672 1078 negligenter
1701 1024 1758 1064 se
1784 1007 1838 1064 in
1870 1023 1994 1063 ora-

426 1090 572 1148 tione
605 1099 788 1162 gerat;
826 1095 1016 1166 sicque
1054 1095 1308 1160 facillime
1335 1097 1603 1154 irretitur.

1058 1207 1210 1263 CAP.
1243 1208 1360 1264 XX.

1055 1297 1124 1354 De
1156 1310 1365 1355 noctua.

492 1386 582 1440 Ait
619 1387 866 1445 Psalte's:
905 1389 1104 1445 Factus
1138 1407 1254 1447 sum
1286 1390 1422 1447 siiut
1455 1396 1760 1464 uycticorax
1785 1395 1822 1447 ί.
1847 1393 1990 1464 Phy-

425 1477 670 1548 siologus
703 1479 872 1549 igitur
905 1496 1058 1536 avem
1097 1498 1220 1538 esse
1251 1483 1384 1537 dicit
1415 1490 1686 1539 amantem
1710 1482 1882 1553 magis
1914 1489 1993 1537 te-

423 1565 623 1621 nebras
644 1582 809 1637 quam
838 1570 1032 1625 lucem.

1013 1681 1408 1750 Interpretatio.

2110 621 2520 692 Ἐπερχομὲνων
2539 621 2595 674 δὲ
2614 621 2721 674 τῶν
2745 619 3025 681 πετεινῶν,
3053 622 3148 673 κα)⁸
3162 620 3332 689 αὐτὴν
3358 617 3674 674 κατεσθίειῐ

2098 709 2452 780 βουλομένων,
2483 710 2662 780 ἐκείνη
2699 708 2930 779 ἑτοίμως
2959 707 3098 761 αὑτά
3130 709 3338 779 κρατεῖ.

2715 822 3050 889 Ἐρμηνεία.

2165 912 2320 965 Οὖτω
2365 913 2460 965 καὶ
2508 916 2536 964 6
2585 912 2829 975 διάὄολος
2877 911 3198 980 παγιδεῦσαι
3245 910 3336 963 τὸν
3383 909 3666 980 ἄνθρωποι

2097 1001 2437 1072 βουλόμενος,
2475 1003 2815 1074 διαπειράζει
2848 1003 3030 1068 αὑτὸν,
3057 1003 3206 1064 ὅπως
3234 1001 3450 1072 ἀμελῶς
3476 1000 3655 1070 Exn-rc:

2093 1093 2192 1161 τῆς
2221 1093 2552 1163 προσευχῆς,
2582 1095 2674 1146 καὶ
2705 1095 2877 1164 ῥᾷστα
2906 1093 3078 1157 οὕτως
3104 1092 3383 1160 παγιδεύει
3413 1092 3596 1146 αὐτόν.

2743 1202 2900 1255 ΚΕΦ.
2937 1203 3021 1255 Κ’.

2497 1293 2636 1360 Περὶ
2670 1291 2778 1345 τοῦ
2809 1292 3260 1358 νυκτικόρακος.

2162 1381 2330 1452 Maia
2349 1383 2378 1434 6
2397 1382 2719 1453 Ψαλμῳδός·
2751 1383 3072 1452 Ἐγενόμην
3103 1379 3246 1432 ὡσεὶ
3279 1376 3668 1444 νυκτικύραξ.

2104 1475 2162 1528 '0
2191 1472 2320 1542 γοῦν
2344 1473 2660 1542 φυσιολόγος
2686 1472 2834 1541 λέγει
2857 1471 3009 1525 τουτὶ
3033 1471 3094 1524 τὸ
3119 1470 3362 1523 πετεινὸν
3390 1469 3669 1539 ὑπεραγα-

2093 1566 2200 1636 πᾷν
2227 1563 2323 1633 τὴν
2353 1562 2526 1618 νύκτα
2584 1563 2617 1632 ἢ
2644 1563 2744 1633 τὴν
2768 1562 2999 1633 ἡμέραν.

2716 1678 3053 1747 Ἑρμηνεία.

494 1764 585 1819 Sic‘
619 1763 885 1824 Dominus
932 1779 1120 1826 noster
1163 1770 1324 1828 Jesus
1359 1772 1614 1830 Christus
1659 1772 1850 1828 dilexit
1890 1787 1990 1829 nos

2165 1769 2350 1834 Οὕτως
2384 1770 2478 1824 καὶ
2513 1771 2542 1824 6
2571 1771 2774 1842 Κύριος
2800 1769 2958 1841 ἡμῶν
3004 1767 3207 1839 Ἰησοῦς
3253 1765 3483 1838 Χριστὸς
3527 1765 3670 1835 ἡγὰ-

420 1854 674 1910 sedentes
707 1856 759 1911 in
787 1859 1029 1915 tenebris
1052 1868 1107 1915 et
1135 1863 1189 1916 in
1218 1864 1408 1918 umbra
1437 1865 1632 1922 mortis
1653 1866 1696 1929 ',
1755 1867 1857 1922 hoc
1883 1875 1988 1930 est,

415 1946 660 2015 gentium
684 1950 947 2018 populum
973 1953 1177 2007 amavit
1209 1955 1382 2024 magis
1429 1963 1596 2025 quam
1629 1955 1867 2023 Judaeos,
1899 1960 1990 2029 qui

416 2038 548 2092 olim
585 2039 934 2110 adoptionem
983 2047 1586 2119 repromissionemque
1613 2050 1668 2104 in
1701 2049 1865 2108 Patre
1894 2053 1992 2107 ha-

416 2131 674 2186 buerunt.
717 2133 1083 2198 Quamobrem
1121 2137 1374 2193 Salvator
1399 2139 1539 2194 dixit
1573 2160 1588 2196 :
1621 2139 1750 2196 Noli
1790 2143 1990 2207 timere,

418 2225 650 2291 pusilius
701 2241 849 2294 grex,
893 2229 1017 2297 quia
1061 2231 1382 2298 cumplacuit
1424 2232 1581 2288 Patri
1627 2243 1819 2299 castra,
1863 2235 1996 2290 dare

419 2313 562 2367 vobis
590 2331 809 2384 regnum
833 2318 875 2371 ³.
907 2316 1088 2382 Dices,
1119 2321 1338 2390 [mpura
1370 2323 1486 2379 avis
1515 2331 1598 2379 est
1627 2333 1825 2379 noctua
1857 2344 1870 2379 :
1906 2333 1992 2378 at-

419 2404 512 2472 qui
559 2403 810 2459 Salvator
855 2422 954 2476 per
997 2406 1323 2478 Apostolum
1363 2413 1502 2468 dixit
1538 2431 1553 2468 :
1593 2413 1728 2469 Eum
1769 2418 1858 2486 qui
1890 2433 1994 2471 non

419 2504 629 2547 noverat
663 2507 954 2564 peccatum,
985 2515 1081 2568 pro
1105 2502 1255 2556 nobis
1284 2516 1552 2571 peccatum
1577 2507 1738 2575 fecit"
1771 2524 1785 2561 :
1820 2507 1995 2562 humi-

417 2581 571 2636 liavlt
600 2584 864 2654 seipsum,
903 2597 961 2642 ut
998 2589 1267 2647 exultaret
1289 2607 1391 2648 nos
1419 2612 1432 2647 :
1466 2594 1666 2650 Factus
1688 2603 1767 2651 est
1789 2597 1990 2660 omnia,

418 2681 474 2725 ut
511 2689 688 2728 onum
717 2676 893 2731 salvos
926 2678 1186 2747 [πει-σι’.

1038 2879 1191 2936 CAP.
1236 2881 1375 2935 XXI.

1083 2971 1162 3026 De
1191 2989 1309 3040 ape.

485 3062 578 3116 Ait
617 3062 851 3134 Sapiens
885 3086 897 3120 :
934 3066 1114 3121 Parva
1161 3068 1298 3123 inter
1339 3085 1457 3124 aves
1495 3079 1571 3124 est
1603 3070 1739 3139 apis,
1765 3081 1815 3125 et
1845 3072 1991 3140 prin-

417 3155 612 3222 cipium
637 3155 976 3212 dulcedinttm
999 3157 1203 3227 [ructus
1225 3161 1372 3215 illius
1400 3162 1439 3216 ⁸.

1005 3268 1030 3321 1
1037 3273 1400 3339 nterpretatio.

493 3355 652 3409 llaud
713 3359 872 3412 aliter
937 3359 1125 3415 divina
1186 3376 1354 3431 opera
1413 3363 1996 3431 incomprehensibilia

420 3453 551 3498 sunt
587 3445 641 3500 in
681 3446 1021 3517 hominibus,
1051 3462 1109 3506 et
1131 3452 1408 3508 mirabilia
1436 3453 1492 3507 in
1516 3453 1775 3519 excelsis,
1817 3460 1870 3509 et
1903 3469 1998 3508 su-

421 3551 519 3606 per
547 3537 652 3590 mel
684 3547 738 3590 et
767 3538 953 3593 favum
993 3554 1057 3595 ac
1100 3557 1266 3612 super
1300 3551 1484 3599 creata
1514 3544 1699 3599 omnia
1723 3544 1991 3602 dulciora.

1027 3653 1184 3708 CAP.
1226 3653 1392 3708 XXII.

953 3745 1028 3799 De
1053 3747 1290 3800 terrestri
1317 3764 1473 3802 rana.

492 3839 795 3896 Terrestris
841 3840 956 3894 haec
1008 3853 1143 3894 rana
1199 3841 1438 3894 calorem
1485 3839 1620 3896 solis
1665 3839 1888 3909 excipit,
1940 3849 1995 3896 et

427 3934 576 4002 gelu,
623 3933 848 3998 imbres,
881 3943 1090 4003 ventos,
1139 3948 1194 3993 et
1241 3938 1502 3993 hibernas
1543 3945 1896 4008 tempestates
1939 3947 1997 3995 et

427 4026 609 4080 omnia
638 4027 892 4091 sustinet,
926 4037 984 4082 et
1015 4029 1086 4083 de
1128 4029 1276 4084 nulla
1319 4043 1380 4084 re
1420 4028 1701 4100 desperat.
1731 4029 1994 4099 Aquatiea

423 4133 560 4174 vero
588 4119 724 4174 nihil
753 4120 951 4174 horum
973 4121 1208 4175 tolerare
1229 4129 1444 4190 potest:
1468 4136 1683 4188 verum,
1702 4121 1994 4192 ingruente

429 4207 630 4273 hieme,
661 4210 896 4279 seipsam
933 4210 994 4266 in
1029 4211 1362 4281 profundum
1394 4211 1658 4278 demittit,
1704 4212 1821 4268 sole
1860 4226 1994 4268 vero

424 4302 694 4357 emicante
723 4316 1013 4371 emergens
1053 4301 1265 4370 placide
1295 4301 1612 4367 incalescit;
1643 4316 1769 4356 eum
1806 4310 1990 4356 autem

423 4391 555 4446 solis
595 4393 746 4446 calor
785 4392 1104 4455 increverit,
1150 4401 1296 4445 terre
1330 4390 1489 4444 illum
1533 4406 1644 4446 non
1689 4398 1889 4460 potest,
1929 4406 1993 4446 ac

424 4484 604 4537 denuo
635 4485 689 4535 in
725 4483 1063 4550 profundum
1093 4496 1216 4538 sese
1249 4482 1460 4553 dejicit.

1006 4672 1402 4742 Interpretatio.

498 4763 591 4820 Sic
616 4773 672 4818 et
693 4763 786 4834 qui
833 4763 1009 4818 otiose
1047 4763 1253 4834 degunt
1298 4763 1552 4816 monachi
1595 4761 1817 4817 minimc
1847 4771 2000 4832 pote-

427 4861 558 4910 runt
594 4854 812 4917 famem,
869 4854 1041 4917 sitim,
1091 4853 1412 4918 nuditatem,
1455 4853 1888 4919 continentiam,
1945 4863 2002 4909 ct

426 4947 573 5001 humi
603 4947 945 5001 cubationem
985 4945 1250 5012 tolerare;
1291 4946 1386 5016 qui
1439 4961 1568 5001 vero
1611 4947 1726 5001 otio
1769 4962 1878 5001 non
1912 4946 1998 5000 in-

423 5038 670 5108 dulgent,
711 5037 939 5092 libenter
976 5037 1247 5106 jejunant,
1294 5046 1456 5108 atque
1493 5037 1674 5092 omnia
1702 5039 1994 5094 sustinent.

1018 5150 1174 5206 εΑΡ.
1211 5151 1402 5206 XXIII.

1011 5241 1086 5296 De
1112 5241 1415 5298 charadrio.

494 5332 590 5388 Est
615 5334 733 5389 avis
763 5331 1090 5389 cbaradrius
1124 5332 1292 5400 dicta,
1331 5349 1494 5405 quam
1528 5335 1884 5405 physiologus
1917 5335 1993 5388 ait

2092 1875 2266 1931 πησεν
2295 1861 2442 1932 ἡμᾶς
2479 1861 2604 1924 τοὺς
2641 1862 2698 1914 ἐν
2729 1861 2908 1914 σκότει
2943 1861 3037 1914 καὶ
3075 1860 3202 1929 σκιᾷ
3236 1857 3466 1911 θανάτου
3500 1857 3674 1926 καθη-

2097 1952 2310 2021 μένους,
2337 1950 2604 2016 τουτέστι,
2634 1951 2724 2004 τὸν
2748 1951 2875 2004 λαὸν
2902 1952 3010 2004 τῶν
3039 1949 3228 2014 ἐθνῶν,
3257 1951 3397 2020 ὑπὲρ
3423 1947 3516 2002 τὸν
3540 1948 3671 2002 λαὸν

2091 2041 2202 2096 τῶν
2249 2042 2538 2106 Ἰουδαίων,
2572 2041 2682 2096 τῶν
2711 2059 2842 2095 ποτε
2871 2042 2968 2112 τὴν
2998 2041 3271 2095 υἱοθεσίαν
3297 2041 3392 2093 καὶ
3425 2041 3668 2108 ἐπαγγε-

2092 2134 2212 2190 λίαν
2240 2134 2320 2206 τῷ
2347 2135 2524 2206 Πατρὶ
2570 2134 2901 2204 ἐσχηκότων.
2951 2131 3048 2185 Ἐκ
3086 2132 3277 2185 τούτου
3308 2131 3452 2185 καὶὸ
3480 2129 3673 2200 Σωτὴρ

2093 2225 2295 2293 ἔλεγεν·
2327 2225 2422 2294 Μὴ
2461 2225 2669 2294 φοϐοῦ,
2701 2225 2765 2278 τὸ
2794 2223 3012 2293 μικρὸν
3037 2224 3336 2293 ποίμνιον,
3381 2221 3469 2274 ὅτι
3499 2220 3672 2274 εὐδό-

2095 2333 2287 2385 κησεν
2314 2320 2346 2371 ό
2367 2316 2570 2386 Πατὴρ
2597 2315 2764 2386 ὑμῶν
2797 2315 3005 2370 δοῦναι
3026 2316 3168 2385 ὑμῖν
3195 2312 3669 2381 τὴνβασιλείαν.

2095 2407 2272 2479 Ἐρεῖς
2297 2425 2408 2478 μοι,
2431 2407 2513 2462 ὅτι
2536 2409 2564 2462 ὁ
2584 2407 2908 2479 νυκτικόραξ
2932 2405 3237 2477 ἀκάθαρτὸν
3271 2395 3404 2458 ἐστι·
3431 2403 3525 2456 καὶ
3549 2401 3670 2465 πῶς

2092 2500 2121 2552 6
2143 2496 2330 2569 Σωτὴρ
2349 2497 2497 2565 ἔλεγε
2514 2496 2602 2550 διά
2616 2497 2706 2551 τὸν
2730 2495 3066 2560 ’Δπόστολον,
3089 2495 3170 2548 ὅτι
3208 2494 3318 2548 Τὸν
3334 2491 3418 2562 μὴ
3445 2509 3507 2561 γι
3521 2492 3671 2544 ὄντα

2093 2590 2405 2659 ἁμαρτίαν,
2433 2587 2770 2660 ὑπὲρήμῶν
2792 2587 3082 2658 ἁμαρτίαν
3103 2586 3420 2654 ἐποίησεν;
3447 2581 3668 2635 ἐταπει-

2094 2699 2264 2734 νωσεν
2313 2682 2523 2746 ἑαυτὸν,
2579 2681 2664 2734 ἵνα
2700 2679 2891 2751 ὑψώσῃ
2928 2680 3055 2744 τοὺς
3098 2679 3322 2742 πάντας·
3369 2676 3442 2732 Τὰ
3472 2673 3672 2728 πάντα

2092 2770 2362 2842 γέγονεν,
2386 2773 2489 2826 ἵνα
2513 2770 2746 2838 πάντας
2772 2769 2967 2840 σώσῃ.

2718 2885 2878 2938 ΚΕΦ.
2909 2885 3043 2938 KA’.

2553 2977 2692 3045 Περὶ
2737 2973 2848 3044 τῆς
2883 2975 3207 3045 μελίσσης.

2164 3071 2393 3143 Εἴρηται
2421 3070 2511 3124 διὰ
2545 3068 2638 3123 τοῦ
2683 3066 2878 3137 Σοφοῦ·
2915 3066 3112 3134 Μικρὰ
3143 3063 3212 3117 ἐν
3251 3061 3542 3129 πετεινοῖς
3563 3064 3672 3133 μέ-

2019 3123 2067 3189 C
2096 3123 2437 3230 λῶσαέκαὶ
2467 3160 2622 3231 ἁρχὴ
2662 3123 3103 3230 γλυκυσμάτιίηο
3137 3158 3168 3210 ὁ
3199 3154 3428 3224 καρπὸς
3456 3123 3668 3223 adt-1k.

2719 3267 3054 3336 'Epynrsla.

2184 3361 2458 3425 Ὡσαύτως
2485 3360 2553 3414 τὰ
2588 3358 2744 3413 θεῖκά
2778 3357 2917 3430 ἔργα
2955 3359 3338 3430 ἀνεξιχνίαστα
3370 3358 3429 3410 ὲν
3454 3353 3668 3427 ἀνθρώο

2094 3467 2238 3515 ποις,
2273 3453 2367 3505 καὶ
2391 3451 2682 3523 Θαυμαστὰ
2713 3451 2770 3503 ἐν
2800 3449 3045 3519 ὑψηλοῖς,
3076 3451 3172 3504 καὶ
3193 3449 3506 3520 γλυκύτερα
3527 3445 3670 3517 ὑπὲρ

2099 3543 2220 3614 μέλι
2246 3543 2341 3597 καὶ
2363 3542 2576 3614 κηρίον,
2604 3543 2699 3598 καὶ
2733 3542 2873 3612 ὑπὲρ
2906 3541 3080 3595 πάντα
3108 3541 3178 3594 τὰ
3201 3540 3495 3610 κτίσματα.

2716 3655 2873 3708 ΚΕΦ.
2907 3654 3035 3710 KB'.

2481 3744 2621 3814 Περὶ
2662 3744 2770 3798 τοῦ
2816 3742 3283 3813 ξηροϐατρὰχου.

2167 3833 2354 3898 Οὕτως
2371 3836 2400 3888 ὁ
2423 3834 2826 3906 ξηροὸάτραχος
2838 3835 3052 3904 δέχεται
3073 3834 3133 3886 τὸ
3154 3832 3356 3904 θερμὸν
3379 3829 3474 3884 τοῦ
3495 3830 3668 3902 ἡλίου,

2093 3927 2220 3992 τούς
2262 3945 2324 3980 τε
2371 3927 2600 3995 πάγους.
2633 3927 2895 3998 ὄμϐρους,
2939 3927 3197 3996 ἀνέμους,
3235 3925 3331 3978 καὶ
3373 3923 3668 3994 χειμῶνας,

2094 4018 2190 4072 καὶ
2230 4016 2407 4071 πάντα
2447 4017 2728 4088 ὑπομένει,
2763 4016 3014 4087 οὐδαμῶς
3051 4033 3112 4069 τε
3153 4013 3472 4085 ἀπειρηκώς
3500 4015 3669 4067 ἐστιν.

2108 4108 2170 4165 Ὀ
2193 4108 2250 4163 δὲ
2279 4107 2686 4178 ὕγροὸάτραχος
2716 4107 2968 4162 ἀδυνατεί
2994 4107 3313 4176 ὑπενεγκεῖν
3345 4124 3398 4158 τι
3422 4105 3531 4160 τῶν
3557 4123 3672 4159 τοι-

2095 4200 2286 4267 ούτων,
2320 4200 2455 4254 ἀλλὰ
2476 4199 2871 4262 καταλαϐόντος
2896 4198 2989 4252 τοῦ
3024 4197 3313 4269 χειμῶνος,
3342 4195 3524 4266 βάλλει
3545 4196 3674 4248 ἐαυ-

2095 4293 2186 4347 τὸν
2217 4294 2299 4357 εις
2325 4292 2416 4345 τὸν
2457 4290 2634 4361 βυθόν·
2667 4291 3074 4362 ἐπιλάμψαντος
3107 4290 3166 4343 δὲ
3194 4287 3288 4342 τοῦ
3317 4287 3494 4358 ἡλίου,
3519 4285 3674 4356 ἐξερ-

2097 4383 2326 4454 χόμενος
2349 4381 2519 4452 ἡδέως
2535 4382 2906 4453 θερμαίνεταν
2933 4384 3054 4435 ἐπεὶ
3075 4381 3134 4435 δὲ
3155 4383 3188 4451 ἡ
3211 4379 3304 4432 τοῦ
3326 4377 3479 4448 ἡλίου
3495 4376 3672 4447 Οέρμη

2026 4460 2070 4516 Ῑ)
2099 4476 2368 4546 παχυνθῇ,
2398 4475 2568 4545 αὐτὴν
2597 4474 2783 4546 φέρειν
2808 4475 2870 4528 οὐ
2899 4473 3142 4535 δύναται,
3182 4473 3277 4526 καὶ
3305 4469 3468 4523 πάλιν
3491 4468 3675 4539 ῥίπτει

2097 4566 2285 4618 ἑαυτὸν
2310 4564 2548 4635 βυοὸνδε.

2722 4676 3054 4746 Ἐρμηνεία.

2175 4769 2330 4823 Οὕτω
2358 4770 2452 4822 καὶ
2480 4771 2530 4822 οι
2563 4769 2804 4841 μοναχοὶ,
2837 4770 2887 4822 οἱ
2917 4768 2991 4840 μὴ
3018 4769 3344 4840 ἀσκούμενοι
3370 4770 3468 4841 οὐχ
3489 4763 3675 4823 οἷοίτε

2104 4858 2315 4913 ἔσονται
2351 4859 2640 4929 ὑπομένειν
2675 4862 2886 4926 πεῖναν,
2927 4858 3104 4928 δίψαν,
3142 4859 3441 4930 γύμνωσιν,
3472 4861 3674 4930 ἐγκρά-

2100 4967 2250 5003 τειαν
2277 4949 2370 5001 καὶ
2389 4949 2825 5018 χαμαικοιτείανο
2849 4951 2896 5003 oi
2923 4949 2980 5003 δὲ
3006 4950 3450 5022 ἐνασχολούμενοι
3481 4952 3672 5022 ἥδιστα

2100 5035 2444 5107 νηστεύουσι,
2473 5037 2567 5091 καὶ
2589 5039 2772 5094 ’πάντα
2805 5040 3054 5111 φέρουσι.

2717 5150 2873 5203 ΚΕΦ.
2916 5150 3041 5203 ΚΓ.

2547 5241 2684 5310 Περὶ
2724 5243 2831 5296 τοῦ
2874 5243 3220 5312 χαραδρῖου.

2174 5332 2327 5384 Ἐστι
2348 5331 2454 5401 γὰρ
2479 5333 2722 5386 πετεινὸν
2743 5332 3033 5403 λεγόμενον
3055 5333 3368 5406 χαραδριος.
3407 5332 3464 5385 '0
3483 5347 3671 5399 φυσιο·

329 5393 344 5450 ·’
424 5423 602 5481 albam
634 5440 756 5481 esse
799 5431 970 5500 totam
1026 5424 1233 5496 absque
1279 5393 1388 5482 ull-a
1423 5393 1650 5495 prorsus
1691 5393 1991 5495 nigredinis

2105 5424 2252 5494 λόγος
2289 5393 2482 5495 mer-£3
2525 5427 2653 5497 περὶ
2680 5393 2891 5490 τούτου,
2937 5427 3019 5478 ὅτι
3052 5393 3171 5479 5va
3197 5393 3390 5478 λέυκον
3424 5393 3561 5487 ἐστι,
3599 5421 3672 5492 μὴ
3705 5487 3708 5490 ἥ

428 5521 573 5569 nuta.
606 5513 783 5590 Porro
814 5517 859 5570 si
895 5518 1019 5586 quis
1055 5517 1246 5572 morbo
1279 5518 1509 5580 laboret,
1539 5515 1717 5586 sitque
1754 5515 1990 5570 hominis

2105 5513 2232 5580 ὅλως
2275 5515 2529 5587 μελανίαν
2566 5515 2708 5586 ἔχον.
2740 5516 2849 5568 Καὶ⁸
2892 5516 2986 5572 ὲάν
3018 5534 3101 5580 τις
3141 5517 3290 5586 νοσῇ,
3329 5514 3541 5585 ἡνῶσος
3579 5515 3676 5568 τοῦ

493 5670 503 5696 ¹
541 5671 684 5729 Psal.
718 5691 790 5741 cr,
825 5676 872 5729 'l.
953 5679 970 5708 ²
1000 5676 1132 5731 Luc.
1162 5693 1198 5743 ι,
1239 5675 1321 5728 79.
1399 5675 1418 5704 ⁸
1459 5673 1589 5727 Luc.
1625 5690 1720 5740 xu,
1747 5674 1835 5729 52.

1914 5673 1933 5704 ⁸
1957 5673 1998 5730 Il
2027 5673 2149 5729 Cor.
2178 5692 2229 5740 v,
2255 5675 2341 5730 2i.
2416 5675 2435 5706 ³
2468 5675 2485 5728 I
2515 5676 2637 5730 Cor.
2680 5691 2749 5741 Ix,
2782 5674 2869 5729 ‘22.

2952 5678 2968 5702 ⁶
3008 5676 3173 5729 Eccli.
3209 5691 3283 5737 ιι,
3315 5675 3369 5727 3.
