3978 6220
343 348 450 405 535

1349 319 1435 373 DE
1465 316 1625 376 LITU
1636 316 1796 373 RGIA
1834 309 2663 374 ΡΒᾹΞΒΔΝΟΤΙΡΙΕΛΤΟΒὉΜ.

3498 314 3606 370 531

344 458 637 527 ἀνθρώπου
676 457 724 510 εἰ
756 455 901 511 εστιν
935 456 1013 521 εἰς
1044 455 1297 518 θάνατον,
1325 452 1658 523 ἀποστρέφει
1690 448 1801 505 άπὸ
1830 448 1929 503 τοῦ

2052 448 2298 519 egritudo
2336 448 2549 515 letalis,
2585 450 2935 518 prospectum
2981 457 3141 499 suum
3184 438 3513 495 charadrius
3536 442 3611 495 ab

348 550 631 611 νοσοῦντος
662 547 725 600 τὸ
759 547 1052 618 πρόσωπον
1078 545 1244 599 αὑτοῦ
1276 545 1305 597 6
1331 543 1643 615 χαράδριος·
1678 540 1775 596 ἐὰν
1806 539 1863 593 δὲ
1895 541 1927 609 ὴ

347 637 499 699 νόσος
540 634 674 706 πρὸς
704 632 849 705 ζωήν
881 635 1053 696 ἐστιν,
1088 634 1324 696 ἀτενίζει
1354 633 1445 685 τὸν
1474 630 1736 686 νοσοῦντα
1768 632 1796 683 6
1832 647 1929 699 χα-

346 725 587 797 ράδριος,
619 726 717 779 καὶ
743 726 772 779 6
798 722 967 778 νοσῶν
996 724 1087 777 τὸν
1112 723 1292 777 αὐτόν.

971 836 1306 905 Ἑρμηνεία.

412 927 601 991 Οὕτως
648 930 679 982 6
711 926 915 998 Κύριος
964 926 1122 996 ἡμῶν
1174 923 1409 996 Χριστὸς
1457 922 1740 985 ὁλόλευκός
1790 924 1926 983 ἐστι,

349 1018 620 1089 μηδεμίαν
649 1017 907 1088 μελανίαν
934 1016 1029 1071 τοῦ
1057 1015 1264 1087 κόσμου
1287 1014 1446 1086 ἔχων,
1472 1014 1531 1077 ὃς
1565 1013 1663 1083 μὲν
1692 1011 1801 1065 άπὸ
1821 1010 1931 1064 τῶν

344 1110 731 1179 ἀπολουμένων
761 1108 1028 1180 πρόσοψιν
1065 1106 1258 1161 ἑαυτοῦ
1298 1106 1621 1177 ἀποτρέπει,
1655 1104 1715 1167 ὃς
1742 1103 1797 1157 δὲ
1823 1103 1930 1157 τῶν

342 1200 515 1267 ἁγίων
555 1202 637 1263 είς
680 1199 741 1255 τὸ
786 1199 1077 1270 πρόσωπον
1105 1197 1311 1266 βλέπει.
1349 1197 1503 1264 Ἀγε,
1539 1196 1684 1265 ἐρεῖς
1713 1210 1824 1264 μοι,
1848 1193 1929 1246 ὅτι

343 1290 637 1360 χαράδριος
664 1288 974 1361 άκάθαρτός
996 1291 1132 1354 ἐστι,
1157 1290 1252 1343 καὶ
1279 1288 1396 1351 πῶς
1427 1288 1651 1360 φέρεται
1671 1287 1752 1349 είς
1772 1284 1934 1355 πρόσ-

338 1397 489 1436 ωπον
518 1381 616 1434 τοῦ
650 1380 919 1451 Χριστοῦ;
968 1381 1305 1452 Ἀκάθαρτος
1344 1381 1404 1435 δέ
1441 1382 1558 1434 ἐστι
1592 1378 1687 1432 καὶ
1719 1379 1748 1430 6
1784 1376 1926 1445 ὄφις,

343 1473 435 1524 καὶ
478 1471 863 1542 ἐμαρτύρησεν
913 1472 1077 1525 αὑτὸν
1120 1473 1149 1522 6
1196 1471 1431 1543 Χριστὸς
1474 1470 1669 1539 λέγων·
1721 1466 1929 1533 Καθὼς

343 1564 554 1631 ὕψωσε
604 1562 822 1631 Μωσῆς
886 1562 993 1617 τὸν
1031 1562 1173 1631 ὅφιν
1217 1563 1288 1615 ἐν
1334 1562 1409 1630 τῇ
1453 1561 1673 1632 ἐρήμῳ,
1741 1559 1929 1623 οὕτως

338 1654 657 1724 ὑψωθῆναι
687 1654 783 1708 δεῖ
802 1654 909 1708 τὸν
943 1653 1080 1707 Υίύν
1101 1654 1209 1708 τοῦ
1232 1653 1567 1722 ἀνθρώπου.

972 1766 1128 1819 ΚῈΦ.
1171 1767 1297 1821 KA'.

727 1860 866 1927 Περὶ
900 1859 1009 1912 τοῦ
1041 1858 1541 1925 δενδροκόλοπος.

420 1972 477 2025 '0
520 1972 892 2044 δενδροκόλωψ
923 1973 1108 2047 δρνεόν
1131 1976 1247 2027 ἐστι
1271 1972 1532 2037 ποικίλον,
1558 1970 1807 2043 καθάπερ
1836 1972 1930 2025 καὶ

337 2064 365 2114 6
390 2061 640 2124 διάϐολος
667 2063 908 2126 ποικίλος
936 2064 1072 2115 ἐστί.
1098 2062 1396 2135 Πορεύεται
1425 2062 1482 2115 δὲ
1504 2064 1532 2115 6
1560 2062 1930 2135 δενδροκόλωψ

310 2208 315 2213 ,
337 2152 425 2205 διὰ
454 2152 571 2205 τῶν
602 2152 695 2205 τοῦ
719 2152 929 2227 δρυμοῦ
957 2153 1119 2221 ὑλῶν,
1145 2154 1239 2208 καὶ
1265 2153 1343 2224 τῷ
1368 2155 1725 2225 προμυκτῆρι
1757 2154 1929 2216 παίει,

340 2244 433 2297 καὶ
462 2246 582 2307 τοῖς
622 2244 756 2297 ὠσὶν
792 2247 1077 2315 άκροᾶταυ
1118 2246 1212 2299 καὶ
1236 2247 1284 2299 εί
1321 2244 1420 2316 μέν
1461 2246 1580 2298 ὲστι
1624 2244 1805 2314 κωφὸν
1838 2245 1931 2299 καὶ

338 2335 605 2405 ἀκάρδιον
641 2335 701 2388 τὸ
740 2336 977 2407 δένδρον,
1026 2337 1284 2390 ἐκκόπτει
1315 2335 1409 2390 καὶ
1438 2335 1497 2400 ἐς
1527 2335 1659 2389 αὐτὸ
1691 2335 1931 2407 εἰσέρχε-

340 2443 449 2479 ταιο
489 2429 538 2480 εί
566 2427 621 2480 δὲ
652 2428 964 2499 ὁλοκάρδιὸν
988 2429 1164 2493 ἔστιν,
1199 2428 1478 2498 ἐκφεύγει,
1523 2427 1735 2483 ἐκεῖθεν
1762 2429 1935 2499 άπερ-

342 2518 573 2589 χὸμενος
604 2521 685 2583 είς
719 2519 906 2592 ἕτερον
934 2520 1172 2592 δένδρον.

976 2631 1314 2702 Ἐρμηνεία.

412 2744 607 2807 Οὕτως
639 2744 729 2796 ὅτε
762 2742 1010 2807 διάϐολος
1053 2742 1140 2797 διὰ
1180 2742 1388 2814 δρυμοῦ
1432 2742 1746 2815 πορεύεται,
1782 2761 1936 2798 τουτ-

343 2838 491 2900 έστι,
523 2836 609 2890 διὰ
652 2836 754 2906 τῆς
796 2837 905 2890 τῶν
940 2836 1243 2907 ἀνθρώπων
1273 2836 1514 2906 φύσεως,
1552 2837 1648 2891 καὶ
1689 2837 1782 2891 ἐπὶ
1824 2840 1937 2901 τοῖς

2032 542 2125 595 illo
2152 542 2383 606 avertit;
2410 541 2497 596 sin
2526 555 2654 596 vero
2678 537 2902 595 morbus
2939 537 3065 591 vita:
3092 534 3442 590 securitatem
3477 544 3598 600 pro-

2032 633 2234 698 mittat,
2267 639 2402 687 tunc
2446 631 2771 687 charadrius
2806 630 2861 685 in
2887 642 3092 701 aegrum
3133 623 3367 681 intendit
3404 616 3607 684 visum,

2030 733 2086 778 et
2122 724 2367 780 vicissim
2394 737 2539 793 aeger
2572 723 2627 777 in
2658 721 3033 777 eharadrium.

2628 834 3021 903 Interpretatio.

2105 928 2197 984 Sic
2232 926 2492 983 Christus
2525 924 2792 981 Dominus
2818 933 3005 983 noster
3032 922 3302 978 candidus
3331 924 3417 974 est
3438 923 3611 982 totus,

2035 1023 2243 1091 absque
2280 1019 2391 1073 ulla
2449 1012 2732 1072 mundana
2786 1015 3087 1085 nigredine,
3131 1014 3225 1085 qui
3283 1028 3313 1066 a
3369 1008 3613 1079 reprobis

2033 1112 2242 1165 vultum
2276 1124 2436 1165 suum
2467 1108 2685 1173 avertit,
2751 1106 2806 1160 in
2850 1114 3169 1161 sanctorum
3202 1112 3382 1157 autem
3420 1100 3611 1156 faciem

2035 1199 2276 1270 respicit.
2332 1200 2464 1268 Age,
2510 1196 2808 1267 quomodo,
2854 1195 3092 1265 inquies,
3126 1208 3255 1248 cum
3288 1191 3613 1246 charadrlus

2034 1293 2251 1361 impura
2286 1290 2359 1346 sit
2397 1289 2537 1352 avis,
2570 1300 2865 1357 personam
2888 1284 3095 1342 Christi
3127 1280 3408 1338 sustinet?
3436 1280 3611 1349 Impu~

2035 1398 2131 1437 rus
2170 1380 2392 1450 quidem
2428 1386 2483 1433 et
2527 1393 2778 1447 serpens,
2830 1390 2992 1447 quem
3029 1382 3210 1429 tamen
3260 1372 3315 1426 in
3362 1372 3611 1426 testimo-

2035 1475 2188 1528 nium
2244 1470 2480 1524 adduxit
2533 1469 2812 1534 Christus,
2868 1468 3108 1522 dicens:
3157 1459 3614 1529 Quemadmodum

2034 1562 2291 1621 exultavit
2325 1559 2498 1615 Moses
2548 1567 2836 1626 serpentem
2881 1558 2937 1610 in
2986 1558 3216 1619 deserto,
3265 1553 3344 1606 ita
3386 1547 3615 1604 exaltari

2035 1662 2238 1722 oportet
2278 1651 2481 1706 Filium
2508 1650 2735 1704 hominis
2763 1649 2802 1705 ³.

2639 1759 2792 1813 CAP.
2830 1755 3019 1811 XXIV.

2700 1849 2779 1904 De
2810 1851 2944 1918 pica.

2104 1964 2269 2021 Picus
2322 1964 2442 2019 avis
2486 1969 2571 2018 est
2608 1960 2750 2015 varii
2798 1956 3023 2021 coloris,
3064 1952 3530 2026 quemadmodum
3567 1959 3621 2002 et

2029 2058 2283 2115 diabolus
2327 2053 2637 2125 versipellis
2678 2058 2797 2116 est;
2836 2049 3078 2105 nemoris
3127 2045 3329 2101 fruteta
3377 2041 3615 2112 ingredi-

2030 2159 2142 2216 tur,
2170 2155 2459 2217 rostroque
2498 2144 2657 2215 petit,
2707 2155 2893 2197 aurem
2925 2140 2994 2194 iis
3014 2137 3314 2193 admovens
3346 2154 3361 2189 :
3394 2133 3538 2205 quod
3568 2133 3616 2188 ei

2031 2242 2268 2297 siderata
2294 2236 2541 2292 inauisve
2570 2234 2735 2287 arbor
2764 2230 2951 2296 fuerit,
2985 2228 3134 2283 illam
3168 2227 3375 2283 excidit
3404 2264 3420 2290 ,
3455 2234 3619 2295 atque

2031 2331 2276 2388 excisam
2298 2336 2570 2398 'eecupat;
2601 2340 2792 2381 verum
2825 2323 2875 2377 si
2898 2320 3129 2378 solidam
3163 2315 3614 2389 deprehenderit,

2033 2424 2294 2479 intactam
2319 2419 2663 2489 relinquens,
2695 2416 2878 2470 avolat
2906 2421 3074 2484 atque
3101 2410 3266 2466 aliam
3293 2407 3520 2465 invadit.

2619 2622 2683 2680 In
2693 2620 3020 2693 terpretatio.

2099 2741 2217 2798 Non
2246 2741 2407 2796 aliter
2431 2738 2688 2794 diabolus
2718 2736 2933 2798 silvam,
2988 2738 3201 2785 natura:
3224 2726 3484 2782 videlicet
3513 2724 3615 2779 hu-

2031 2848 2228 2896 manm,
2266 2832 2456 2894 intrat,
2485 2838 2651 2899 atque
2682 2828 2737 2881 in
2785 2823 3085 2880 arboribus
3110 2818 3364 2875 considet
3396 2814 3615 2870 :homi-

344 2930 587 2999 δένδροις
614 2927 932 2994 καθέζεται,
966 2929 1133 2998 ἦγουν
1162 2930 1275 2991 τοῖς
1301 2927 1633 2998 ἀνθρώποις,
1669 2926 1935 2998 μεταϐάλ-

2052 2927 2141 2989 iis,
2166 2924 2410 2993 inquam,
2432 2936 2528 2976 eor
2554 2920 2622 2974 ad
2650 2920 2945 2973 inhonesta
2968 2915 3285 2974 traducens,
3312 2908 3434 2962 ferit
3454 2915 3621 2975 atque

346 2995 596 3083 λων-τὰς
637 3019 865 3090 καρδίας
905 2995 1087 3073 αὐτῶν
1128 3020 1208 3082 εἰς
1247 3018 1344 3089 τὴν
1377 2995 1739 3089 ἀκαθαρσίαν,
1785 3019 1935 3072 παίει

2052 3022 2237 3069 itteute
2276 3013 2548 3066 observat.
2587 3008 2642 3062 Si
2679 3009 2863 3076 itaque
2905 3004 3183 3057 hominem
3234 3014 3359 3054 esse
3426 2995 3618 3050 invali-

349 3110 443 3164 καὶ
475 3110 555 3180 τῷ
580 3082 684 3163 ditt
710 3082 917 3164 άκούει.
950 3111 1060 3164 Καὶ
1080 3110 1145 3180 ἢν
1171 3110 1271 3180 μὲν
1361 3082 1648 3182 ἄνθρωπος
1666 3082 1850 3179 κωφός
1872 3127 1935 3163 τε

2052 3099 2166 3154 lum
2201 3105 2368 3168 atque
2407 3095 2698 3151 excordem
2732 3090 3154 3153 animadvertat,
3178 3088 3357 3157 ipsum
3389 3082 3618 3147 invadit,

350 3202 448 3254 καὶ
482 3200 741 3272 άκάρδιός
771 3202 940 3265 ἐστιν,
971 3201 1028 3253 ὲν
1052 3200 1203 3271 αύτῷ
1228 3199 1612 3271 εἰσερχόμενος
1643 3199 1949 3254 νεοσσεύει.

2037 3198 2094 3248 et
2121 3192 2179 3244 in
2221 3203 2289 3244 eo
2315 3187 2507 3242 nidum
2540 3199 2704 3240 suum
2730 3181 3044 3246 construit;
3076 3178 3223 3249 quod
3255 3177 3302 3232 si
3343 3175 3503 3229 firmo
3537 3173 3622 3227 iu-

350 3285 417 3355 ἢν
450 3286 508 3339 δὲ
547 3264 881 3358 ὁλοκάρδιος,
928 3264 1139 3358 ταχέως
1174 3264 1464 3356 έκφεύγει,
1490 3288 1586 3342 καὶ
1613 3288 1695 3353 εἰς
1725 3288 1935 3361 ἐτέρους

2052 3292 2308 3355 tegroque
2351 3293 2477 3336 esse
2517 3276 2683 3346 corde
2734 3274 2959 3342 sentiat,
3009 3270 3148 3344 fugit
3190 3269 3402 3334 statim,
3455 3274 3511 3323 et
3556 3264 3623 3319 ad

352 3378 379 3431 ὲ
390 3378 802 3449 πανακάμπτει.

982 3494 1142 3551 ΚΕΦ.
1179 3494 1309 3549 κεν.

829 3585 969 3655 Περὶ
999 3585 1107 3640 τοῦ
1140 3585 1464 3656 πελαργοί).

433 3702 588 3754 Ἔστι
619 3699 674 3753 δὲ
703 3700 731 3753 6
760 3699 1033 3771 πελαργὸς
1067 3700 1358 3769 ἁγνότατον
1391 3701 1596 3772 ὄρνεον·
1634 3698 1759 3752 οὔτε
1786 3699 1896 3770 γάρ
1919 3700 1948 3752 6

357 3795 537 3863 ἄρρην
561 3792 661 3862 τὴν
687 3792 910 3863 θήλειαν
941 3791 1258 3865 Θελγήτροις
1286 3792 1417 3863 πρὸς
1440 3791 1539 3863 τὴν
1564 3791 1746 3862 ὀχείαν
1777 3792 1944 3844 ἐκκα-

1670 3880 1829 3934 τοῦτο
1856 3880 1949 3933 τὸν
2049 3857 2241 3913 infert.
2275 3856 2480 3913 Deinde
2520 3855 2713 3910 eadem
2764 3850 2881 3906 avis
2910 3846 3151 3903 mirabili
3184 3844 3388 3915 pietate
3421 3847 3629 3896 utrum-

359 3885 463 3947 λετ,
502 3885 623 3938 οὐδὲ
659 3885 749 3955 βία
794 3884 1147 3938 συνάπτεται.
1181 3884 1255 3937 Τὸ
1298 3882 1408 3954 γὰρ
1448 3881 1634 3954 ὄρνεον

363 3976 578 4045 πατέρα
623 3977 718 4028 καὶ
760 3977 860 4047 τὴν
912 3976 1123 4049 μητέρα
1164 3974 1333 4028 αὐτοῦ
1369 3974 1622 4044 εὐσεϐείᾳ
1668 3970 1949 4043 θαυμασία

365 4063 712 4135 γηροϐοσκεῖ.

991 4152 1328 4222 Ἐριιηνεία.

439 4268 597 4325 Οὕτω
626 4266 721 4321 καὶ
748 4267 897 4337 ἡμᾶς
925 4265 1017 4320 δύο
1049 4263 1196 4328 θείας
1224 4261 1444 4327 ἐντολάς
1482 4260 1804 4331 ὲπιπληρεῖν
1849 4258 1950 4325 δεῖ,

2035 3373 2185 3430 alios
2224 3370 2461 3428 accedit.

2657 3463 2813 3520 CAP.
2854 3460 3016 3518 XXV.

2666 3556 2746 3610 De
2779 3554 3006 3608 ciconia.

2115 3673 2346 3730 Ciconia
2373 3671 2490 3729 avis
2520 3677 2606 3728 est
2643 3667 2995 3731 castissima;
3028 3677 3146 3718 mas
3169 3662 3316 3717 enim
3342 3672 3443 3713 nec
3474 3655 3628 3711 femi-

2047 3782 2174 3824 nam
2204 3763 2477 3822 illecebris
2520 3762 2587 3818 ad
2637 3762 2841 3817 coitum
2890 3763 3175 3828 provocat,
3224 3767 3326 3807 nec
3364 3748 3471 3820 ipsi
3518 3746 3627 3802 vim

2051 3962 2157 4019 que
2185 3955 2467 4020 parentem
2500 3946 2556 4001 in
2599 3949 2889 4001 senectute
2918 3938 3038 3992 alit.

2645 4136 3041 4206 Interpretatio.

2128 4259 2221 4315 Sic
2259 4266 2314 4315 et
2361 4271 2463 4311 nos
2495 4254 2607 4309 duo
2658 4252 2754 4307 illa
2800 4248 2983 4304 divina
3033 4249 3306 4316 praecepta
3338 4237 3633 4309 adimplere

367 4360 613 4415 τουτέστι
662 4325 933 4412 ἐκκλίνειν
986 4357 1093 4411 άπὸ
1134 4325 1229 4410 τοῦ
1271 4325 1468 4422 κακοῦ,
1512 4355 1609 4409 καὶ
1747 4352 1935 4423 άγαθὸι

2055 4355 2308 4422 oportet;
2339 4346 2447 4401 hoc
2480 4350 2587 4408 est,
2630 4356 2661 4397 a
2709 4339 2857 4395 malo
2902 4337 3200 4399 divertere,
3232 4339 3287 4386 et
3321 4331 3526 4385 bonum
3558 4325 3633 4381 fa-

370 4453 564 4517 ποιεῖν,
596 4449 786 4521 ὥσπερ
817 4448 1091 4519 γέγραφεν
1120 4449 1148 4500 6
1177 4415 1465 4518 βασιλικὸς,
1487 4415 1808 4516 Προφήτης.⁷
1841 4443 1935 4497 Κοί

2055 4415 2198 4508 cere,
2220 4432 2680 4508 quemadmodum
2702 4430 2886 4499 regius
2922 4426 3195 4495 Propheta
3214 4420 3437 4490 scripsit
3453 4419 3507 4472 ².’
3522 4415 3629 4472 Sed

369 4546 568 4616 ὁμοίως
596 4543 654 4597 δὲ
685 4544 744 4596 έν
767 4541 1055 4612 Δεκαλόγῳ
1077 4540 1402 4612 προστάττει
1420 4538 1448 4590 6
1471 4536 1676 4608 Κύριος
1700 4536 1841 4590 οὕτω
1861 4533 1952 4588 λέ-

372 4654 504 4707 γων’
551 4636 694 4706 Τίμα
725 4633 833 4688 τὸν
867 4633 1094 4703 πατέρα
1137 4645 1255 4686 σου
1285 4630 1383 4684 καί
1414 4627 1531 4699 τὴν
1553 4628 1785 4699 μητέρα
1814 4643 1954 4694 σου,

372 4730 467 4786 καὶ
495 4724 671 4792 αὖθις·
696 4727 794 4797 Μὴ
827 4726 1194 4797 μοιχεύσεις.

2058 4540 2113 4587 et
2142 4527 2403 4583 Dominus
2430 4521 2753 4580 similiterin
2782 4517 3051 4587 Decalogo
3076 4514 3252 4585 jubet,
3275 4511 3355 4567 sic
3400 4509 3593 4563 dicens
3622 4524 3635 4559 :

2066 4621 2283 4675 Honora
2312 4624 2516 4687 patrem
2542 4622 2693 4667 tuum
2716 4617 2767 4664 et
2790 4616 3012 4663 matrem
3047 4614 3194 4659 tuam
3212 4601 3232 4632 ³
3248 4618 3263 4670 ;
3281 4605 3334 4655 ct
3354 4612 3551 4654 rursus
3571 4596 3592 4628 ⁸
3618 4612 3633 4652 ι

2067 4714 2193 4769 Non
2223 4708 2586 4768 mwchaberis.

452 4881 640 4938 ‘Joan.
674 4896 753 4941 ιιι,
790 4881 872 4936 l-l.
953 4882 973 4912 ¹
1005 4878 1150 4935 Psal.
1180 4893 1374 4943 χχχιιι,
1402 4876 1488 4932 l5.
1562 4873 1581 4906 ³
1613 4871 1783 4928 Exod.
1819 4887 1913 4937 xx,

2106 4868 2129 4899 ⁵
2167 4864 2301 4923 ibid.
2335 4865 2424 4918 M.

384 5034 3643 5108 Ν

842 5217 950 5276 DE
991 5214 1273 5276 SANCTI
1317 5210 1728 5275 EPIPHANII
1774 5207 1935 5270 LlTI

2052 5208 2159 5268 ΗΑ
2210 5194 3178 5267 PRIESANCTIFICATORUM.

2795 5069 3118 5082 ._.———-—

456 5456 499 5513 Ῑ.
528 5456 709 5528 Nuper
736 5471 789 5525 p.
823 5453 891 5510 95
920 5452 1217 5507 memoravi
1249 5451 1423 5506 sancti
1455 5448 1747 5521 Sophronii
1776 5452 2109 5521 patriarcha:
2140 5446 2620 5519 llierosolymitani
2646 5444 2825 5500 Missa:
2849 5439 3164 5497 Grmcorum
3182 5427 3640 5504 explanationem,

385 5561 550 5618 quam
578 5549 765 5603 Graece
795 5554 923 5601 ante
956 5545 1056 5599 hos
1080 5558 1257 5598 annos
1287 5559 1354 5597 ex
1387 5542 1654 5598 Vaticano
1685 5543 1874 5599 codice
1908 5544 2114 5611 extuli;
2150 5556 2325 5612 eoque
2361 5540 2544 5596 libello
2576 5535 2862 5593 commode
2912 5545 3048 5588 usus
3087 5541 3209 5584 sum
3257 5523 3322 5578 ad
3359 5521 3642 5574 illustran-

388 5641 491 5697 das
524 5640 791 5710 quasdam
819 5638 1159 5694 sacrosancti
1197 5635 1444 5707 mystcrii
1472 5635 1684 5692 nobiles
1720 5634 1986 5707 picturas.
2014 5634 2133 5691 Jam
2160 5650 2297 5691 vero
2324 5648 2353 5687 a
2386 5633 2530 5688 dicto
2558 5627 2895 5700 Sophronio,
2928 5624 3070 5677 inter
3095 5631 3191 5672 eos
3222 5626 3361 5684 quos
3395 5606 3639 5663 nominat

392 5730 737 5802 litui-giarium
774 5740 892 5799 post
930 5727 1228 5797 apostolica
1271 5735 1511 5794 tempora
1565 5704 1835 5791 aucto—res,
1877 5743 1935 5796 pi

2052 5744 2090 5782 IS
2144 5726 2360 5795 ponitur
2392 5726 2418 5777 6
2451 5723 2523 5777 ὲν
2548 5720 2721 5788 ἁγίοις
2762 5712 3030 5783 ἐπιφανὴς
3068 5704 3398 5775 Ἐπιφάνιος,
3424 5708 3635 5757 sanctus
