3978 6220
346 294 456 351 555
1140 221 1154 237 Ι
1639 275 1727 336 DU
1737 278 1848 334 BIA
1883 277 2024 334 AUT
2056 272 2326 333 SPURIA.
3483 287 3594 344 53‘

350 405 580 462 illustris
622 405 985 476 Epiphanius;
1022 419 1184 475 quam
1216 419 1319 473 ego
1353 419 1498 459 nunc
1527 405 1800 467 notitiam,
1836 405 1968 460 dum
2009 405 2065 458 in
2107 404 2196 460 his
2229 403 2444 474 paginis
2483 418 2598 458 rem
2635 402 2946 471 liturgicam
2985 411 3181 468 tracto,
3215 400 3594 472 negligentiam

351 509 583 569 prorsus
613 513 722 552 non
771 497 980 568 judico.
1014 497 1096 550 En
1140 503 1323 550 autem
1357 494 1649 566 Sophronii
1687 497 1792 552 sub
1830 496 1991 551 initio
2036 496 2205 551 libelli
2251 503 2590 560 contextum,
2631 511 2791 571 quem
2837 511 2986 551 nunc
3014 495 3270 550 Latinum
3299 509 3366 549 ex
3399 491 3592 548 Graeco

352 591 644 648 exhibebo.
675 590 968 646 Faciebant
1014 590 1240 658 apostoli
1284 607 1460 656 preces
1493 593 1863 660 mysteriorum
1902 591 2067 644 divini
2109 591 2388 660 sacrificii,
2413 601 2571 660 prout
2593 607 2811 660 quteque
2837 607 2963 662 gens
2995 591 3132 660 ferre
3167 597 3394 659 poterat,
3423 597 3474 642 et
3497 601 3599 654 pro

355 683 622 752 adjunctis
654 695 940 753 temporum
964 693 1014 736 ct
1037 694 1430 752 persecutorum
1467 684 1701 738 insidiis.
1757 683 1825 736 Et
1847 683 2084 752 precibus
2111 684 2340 754 quidem,
2373 694 2530 754 atque
2555 684 3034 739 exclamationibus
3091 687 3268 755 (prout
3293 683 3349 735 in
3372 679 3599 748 liturgia

351 775 707 843 appellantur)
731 775 960 844 fortasse
988 775 1126 829 inter
1153 791 1207 829 se
1244 775 1594 843 differebant;
1630 775 1720 830 sed
1759 784 1932 827 tamen
1958 775 2262 829 traditionis
2296 776 2664 846 mysteriorum
2694 777 2868 845 forma
2891 776 3031 845 apud
3056 791 3234 829 omnes
3263 773 3455 842 absque
3477 770 3597 823 ulla

352 868 600 921 uarietate
641 866 1031 935 perﬁciebatur,
1064 868 1221 920 sicuti
1250 883 1369 920 eam
1401 866 1657 920 Dominus
1691 877 1866 920 noster
1899 864 2056 920 Iesus
2096 865 2343 922 Christus
2399 867 2720 921 tradiderat.
2759 867 2893 920 Post
2925 866 3208 936 Deiloquos
3253 873 3426 918 autem
3467 877 3598 928 apo-

349 954 539 1016 stolas,
566 954 808 1009 nonnulli
847 963 1149 1008 sanctorum
1191 953 1417 1007 Patrum
1446 970 1538 1023 per
1565 971 1620 1008 se
1659 955 1873 1023 quisque
1910 954 2229 1022 singillatim
2275 970 2451 1023 preces
2496 965 2547 1008 et
2587 956 3022 1019 exclamationes,
3060 956 3371 1025 plenumque
3411 967 3599 1006 sacro-

350 1048 522 1099 sancti
559 1047 693 1100 ritus
723 1046 960 1116 ofﬁciunt
985 1056 1418 1114 composuerunt;
1454 1046 1613 1100 veluti
1637 1057 1853 1100 sanctus
1885 1044 2112 1099 illustris
2147 1045 2497 1114 Epiphanius,
2519 1057 2570 1100 et
2608 1063 2830 1117 magnus
2875 1047 3130 1107 Basilius,
3157 1054 3206 1099 et
3235 1045 3385 1098 divus
3423 1041 3598 1111 Chry-

350 1151 639 1193 sostomus.
667 1138 840 1194 Simul
863 1156 980 1194 vero
1009 1140 1185 1192 cuncti
1210 1137 1274 1192 de
1303 1139 1555 1192 scatebris
1584 1139 1774 1208 viviﬁci
1801 1139 1966 1206 fontis
1995 1137 2272 1192 Paracleti
2297 1139 2570 1194 doctrinas
2600 1157 2728 1196 suas
2751 1141 3040 1194 hauserunt
3063 1155 3081 1192 :
3103 1155 3236 1209 quas
3268 1138 3596 1192 orthodoxa.

351 1247 468 1282 rum
505 1229 765 1296 Ecclesia,
794 1241 1046 1298 tanquam
1077 1227 1140 1281 ab
1169 1229 1280 1295 ipso
1316 1227 1524 1282 Christo
1546 1226 1718 1280 dictas
1761 1226 2035 1297 factusque
2063 1227 2278 1294 recepit.
2313 1225 2384 1279 Et
2411 1243 2573 1293 nunc,
2599 1243 2710 1296 prta
2738 1230 2885 1292 aliis,
2918 1227 3154 1296 litui-gite
3176 1228 3281 1280 diui
3319 1226 3516 1280 Basilii
3540 1235 3598 1280 et

352 1319 581 1374 Joannis
610 1320 972 1390 Chrysostomi
1003 1319 1421 1388 frequentantur,
1447 1333 1566 1370 cum
1595 1317 1693 1370 illa
1726 1315 2334 1385 Prwsanctiﬁcatorum,
2371 1333 2532 1387 quam
2570 1317 2667 1372 alii
2693 1334 2805 1372 esse
2831 1315 3023 1371 Jacobi
3058 1317 3260 1382 dicunt,
3301 1318 3390 1386 qui
3426 1318 3600 1386 frater

348 1410 566 1463 Domini
596 1410 850 1463 vocitatus
875 1418 974 1476 est,
1003 1409 1100 1462 alii
1125 1407 1274 1463 Petri
1303 1408 1586 1478 coryphtei,
1615 1410 1710 1462 alii
1733 1409 1854 1464 aliis
1885 1410 2180 1480 assignant.

425 1499 486 1552 ll.
515 1500 841 1569 Priusquam
877 1514 1005 1554 vero
1040 1513 1142 1554 nos
1172 1499 1238 1552 ad
1292 1498 1656 1568 Epiphanium
1690 1499 1998 1562 veniamus,
2035 1507 2226 1554 notatu
2275 1500 2440 1570 digna
2484 1500 2761 1555 credimus
2808 1499 3104 1566 Sophronii
3145 1499 3261 1554 haec
3308 1507 3588 1570 postrema

349 1592 513 1645 verba
559 1592 627 1646 de
668 1591 885 1661 liturgia
918 1606 1014 1646 seu
1046 1590 1209 1646 Missa
1256 1589 1838 1646 Prtesanctilicatorum
1889 1590 2079 1646 Jacobi
2129 1591 2212 1644 vel
2263 1591 2429 1656 Petri,
2492 1593 2583 1660 qui
2633 1593 3019 1646 nonnullarum
3063 1581 3282 1661 quidem
3321 1592 3580 1655 aliarum,

356 1699 479 1752 quae
508 1690 746 1746 exstant,
777 1690 1042 1752 putantur
1083 1688 1342 1751 parentes
1377 1681 1748 1752 liturgiarum,
1781 1681 2004 1736 minime
2047 1695 2178 1735 vero
2218 1679 2399 1736 Missae
2444 1681 3050 1736 Praesanctilicatorum.
3095 1682 3201 1738 Sed
3243 1691 3424 1738 tamen
3451 1698 3587 1740 ecce

349 1772 567 1828 Marcus
604 1772 937 1841 evangelista
961 1771 1159 1825 dicitur
1193 1770 1770 1824 Prtesauctilicatorum
1793 1770 1970 1826 Missae
1995 1779 2183 1826 auctor
2211 1771 2266 1824 in
2301 1771 2605 1840 fragmento
2647 1771 2929 1826 Basiliante
2951 1773 3179 1843 liturgite
3198 1775 3424 1840 inserto,
3449 1776 3599 1846 apud

345 1863 614 1918 Aloisium
654 1864 1018 1918 Assemanum
1049 1860 1178 1917 Cod.
1209 1862 1391 1932 liturg.
1429 1869 1470 1916 t.
1510 1860 1623 1926 Vll,
1658 1879 1712 1933 p.
1759 1863 1845 1928 73,
1887 1863 2126 1931 itemque
2158 1861 2302 1931 apud
2343 1860 2750 1916 Renaudotium
2788 1859 2991 1932 Liturg.
3024 1880 3105 1918 or.
3137 1870 3178 1917 t.
3213 1861 3254 1927 1,
3293 1878 3345 1932 p.
3379 1864 3467 1927 79,
3497 1865 3597 1933 qui

346 1954 601 2010 notitiam
631 1954 968 2024 insperatam
1011 1954 1064 2007 in
1092 1951 1247 2007 uotis'
1269 1967 1320 2021 p.
1361 1952 1488 2013 541,
1515 1954 1770 2009 miratur.
1804 1954 1936 2020 Alii,
1975 1963 2035 2007 ut
2067 1960 2256 2007 notum
2292 1961 2398 2017 est,
2429 1952 2708 2023 liturgiam
2736 1954 2881 2007 hanc
2909 1953 3051 2024 (qua:
3080 1954 3219 2024 apud
3251 1953 3475 2009 Latinos
3507 1963 3602 2009 est

349 2045 519 2102 Missa
552 2045 702 2100 ferite
737 2054 903 2100 sextae
929 2059 1140 2114 magna:
1172 2042 1528 2110 Parasceves)
1561 2041 1619 2096 S.
1663 2041 1927 2113 Gregorio
1965 2041 1986 2095 ι
2033 2057 2188 2112 papae
2229 2042 2631 2112 ascripserunt,
2663 2043 2753 2097 cui
2800 2043 3081 2096 sententiae
3120 2043 3450 2096 contradicit
3485 2042 3601 2098 Leo

347 2141 585 2196 Allatius
610 2141 665 2194 in
696 2141 879 2209 priore
906 2138 1129 2192 dissert.
1165 2138 1241 2191 De
1267 2135 1595 2206 prtesanctif.
1627 2144 1751 2205 post
1781 2151 1920 2206 Opus
1950 2136 2022 2189 De
2049 2153 2324 2202 consensu,
2348 2152 2402 2206 p.
2439 2135 2599 2190 l53l.
2627 2134 2875 2190 Smithus
2904 2135 3120 2190 demum
3148 2136 3232 2188 vir
3272 2136 3466 2190 doetus
3483 2136 3600 2190 Au-

351 2236 473 2305 glus
499 2231 574 2286 De
590 2231 712 2285 had.
733 2241 860 2288 stat,
895 2229 1040 2283 Eccl.
1069 2225 1162 2283 Gr.
1181 2229 1266 2283 ed.
1286 2227 1517 2283 Londin.
1539 2244 1591 2296 p.
1613 2227 1702 2289 98,
1742 2237 1991 2281 sanctum
2022 2227 2354 2282 Germanum
2389 2226 3063 2297 Constantinopolitauum
3084 2227 3262 2283 Missae
3301 2229 3465 2298 hujus
3500 2244 3602 2282 au-

350 2333 556 2377 ctorem
593 2321 765 2376 fuisse
799 2320 1101 2373 bariolatus
1131 2326 1236 2373 est.
1288 2319 1454 2387 Atqui
1487 2317 1721 2386 inclytus
1750 2315 1903 2369 card.
1931 2316 2078 2371 Bona
2111 2315 2232 2370 Rer.
2257 2318 2442 2386 liturg.
2477 2317 2568 2371 lib.
2603 2331 2766 2387 tcap.
2804 2317 2892 2380 15,
2917 2316 2970 2382 6,
2996 2333 3119 2372 cum
3151 2319 3353 2373 Allatio
3368 2319 3599 2374 dissert.

356 2419 413 2479 2,
457 2432 511 2486 p.
549 2416 709 2478 1595,
749 2421 875 2469 ante
911 2415 1197 2467 dimidium
1222 2421 1372 2467 certe
1405 2412 1589 2482 quarti
1622 2411 1807 2464 saeculi
1849 2411 2132 2467 exstitisse
2179 2411 2319 2470 hanc
2363 2411 2640 2482 liturgiam
2687 2412 2919 2481 judicat,
2951 2427 3015 2466 ex
3051 2428 3263 2467 canone
3290 2412 3358 2466 l9
3399 2411 3604 2466 Laodi-

351 2521 487 2562 ceuo
514 2507 570 2559 in
599 2521 707 2575 quo
731 2506 976 2559 sancitur
1021 2520 1124 2556 non
1148 2511 1386 2572 oportere
1417 2503 1468 2554 in
1518 2500 1940 2568 Quadragesima
1980 2494 2168 2568 panem
2191 2499 2400 2567 o/ferre,
2453 2501 2560 2553 nisi
2591 2498 2827 2554 Sabbato
2858 2511 2908 2554 et
2938 2499 3023 2553 die
3053 2499 3334 2555 Dominico
3368 2509 3601 2554 tantum.

352 2601 419 2654 Et
453 2613 640 2654 revera
675 2594 848 2651 Graeci
884 2596 1077 2650 saltem
1109 2592 1444 2663 antiquiores
1483 2590 1942 2662 quadragesimali
2010 2600 2278 2660 tempore,
2310 2591 2540 2664 reliquis
2566 2593 2788 2663 (praeter
2838 2591 2978 2648 duos
3025 2593 3225 2665 dictos)
3261 2593 3457 2650 diebus
3488 2610 3602 2648 non

355 2689 778 2754 consecrabant,
811 2685 906 2742 sed
935 2685 1228 2740 utebantur
1281 2682 1760 2738 Prassanctilicatis
1790 2681 1878 2736 die
1907 2680 2197 2736 Dominico
2242 2684 2617 2751 praecedente;
2654 2697 2776 2753 quae
2814 2683 3026 2739 scilicet
3061 2692 3147 2739 est
3191 2685 3306 2755 ipsa
3353 2686 3601 2756 liturgia,

352 2783 564 2850 detqua
604 2778 905 2848 loquimur,
945 2774 1562 2831 Praesanctiﬁcatorum.
1614 2772 1772 2827 Nunc
1814 2774 1884 2828 ad
1939 2781 2169 2828 caeteros
2217 2773 2395 2828 Missae
2438 2773 2603 2842 hujus
2655 2783 3044 2829 controversos
3082 2784 3337 2831 auctores
3383 2778 3603 2832 accedit

353 2875 518 2928 etiam
543 2870 780 2943 Cyprius
809 2869 1152 2940 Epiphanius
1183 2888 1196 2924 :
1223 2868 1425 2923 etenim
1457 2865 1678 2936 liturgia
1721 2866 1775 2919 in
1813 2865 2005 2921 codice
2037 2865 2326 2931 Vaticano,
2353 2873 2414 2919 ut
2451 2881 2577 2920 mox
2607 2864 2878 2932 dicemus,
2908 2865 3040 2922 huic
3075 2866 3364 2938 inscripta,
3404 2882 3602 2938 reapse

352 2960 940 3016 Pl'msanctilicatorum
973 2971 1078 3014 est.

425 3055 512 3108 Ill.
547 3054 683 3108 Cum
714 3053 882 3124 igitur
913 3068 977 3106 ex
1008 3067 1127 3106 meo
1164 3051 1476 3122 Sopltronio
1509 3049 1826 3106 didicissem
1854 3067 2054 3106 novum
2081 3052 2313 3122 liturgia:
2344 3052 2485 3115 (sive
2513 3051 2824 3106 communis
2858 3066 2957 3120 per
2996 3067 3225 3115 annum,
3255 3051 3370 3106 sive
3402 3051 3598 3106 saltem

353 3143 971 3214 Prmsanctiﬁcatorum)
995 3151 1274 3199 auctorem
1312 3143 1485 3198 fuisse
1526 3141 1916 3212 Epiphanium,
1947 3145 2232 3212 stupebam
2269 3144 2545 3213 equidem,
2581 3158 2782 3197 nomen
2821 3142 2989 3211 hujus
3032 3143 3086 3196 in
3127 3143 3297 3196 nullis
3337 3156 3603 3210 apparere

354 3237 597 3307 )iturgiis
632 3236 746 3289 sive
782 3234 927 3303 apud
957 3235 1042 3290 Al.
1080 3236 1443 3290 Assemanum
1495 3237 1550 3289 in
1582 3239 1836 3308 liturgico
1883 3238 2094 3299 codice.
2131 3239 2247 3292 sive
2293 3238 2434 3308 apud
2484 3236 2910 3299 Reuaudotium,
2960 3237 3078 3292 sive
3125 3237 3178 3290 in
3230 3244 3309 3291 tot
3359 3236 3602 3305 liturgiis

354 3328 740 3393 Orientalium,
805 3327 994 3381 Grmco
1035 3327 1182 3380 fonte
1223 3327 1545 3396 plerumque
1593 3329 1878 3392 derivatis,
1915 3344 2057 3399 quas
2091 3335 2530 3383 commemorant
2564 3327 2698 3382 Abr.
2730 3326 3106 3380 Ecchellensis
3141 3325 3211 3380 ad
3250 3326 3602 3388 Ebediesum,

355 3427 410 3472 et
431 3417 546 3474 Jos.
578 3421 916 3474 Assemanus
940 3417 1142 3486 passim
1177 3417 1230 3469 in
1267 3417 1598 3470 Bibliotheca
1625 3417 1906 3484 Orientali,
1938 3419 2141 3487 quibus
2165 3417 2301 3472 adde
2331 3418 2644 3488 catalogum
2669 3416 3034 3486 quadraginta
3058 3415 3404 3487 liturgiarum
3435 3415 3604 3469 Chal-

357 3511 642 3567 daicarutu
669 3525 700 3563 a
728 3507 1074 3579 Schultingio
1101 3508 1241 3561 Bibl.
1274 3509 1400 3563 eccl.
1438 3518 1478 3562 t.
1509 3506 1594 3573 lll,
1624 3525 1678 3579 p.
1711 3511 1834 3574 100,
1865 3518 2204 3564 contextum.
2263 3508 2372 3564 Sed
2411 3525 2480 3564 ne
2511 3525 2613 3579 ego
2651 3508 2874 3578 quidem
2917 3509 2973 3563 in
3012 3507 3175 3564 editis
3213 3522 3241 3561 a
3293 3524 3378 3561 me
3401 3508 3603 3563 Arabi-

357 3615 576 3669 corum,
607 3598 987 3670 Syriacorutn,
1025 3599 1529 3670 Copbticorumque
1559 3601 1809 3656 codicum
1837 3601 1962 3656 Vat.
1992 3602 2278 3672 catalogis.
2309 3602 2398 3656 ubi
2446 3602 2632 3656 multae
2669 3600 2993 3657 referuntur
3029 3600 3281 3671 liturgite,
3308 3599 3598 3670 Epiphanii

357 3705 559 3745 nomen
588 3683 1246 3760 rcperiebam.’Quiuimo
1273 3706 1498 3762 operum
1549 3694 1726 3747 sancti
1763 3695 1860 3748 viri
1903 3694 2162 3757 editores,
2197 3704 2249 3748 et
2297 3694 2661 3763 bibliographi
2701 3694 2944 3762 plurimi,
2979 3693 3082 3747 hoc
3119 3691 3406 3762 Epipbanii
3453 3695 3600 3747 scri-

356 3793 533 3852 ptum,
570 3780 800 3852 ejusque
841 3781 975 3836 adeo
1008 3784 1322 3838 memoriam
1357 3783 1610 3852 ignorare
1633 3785 1906 3842 videntur.
1945 3790 2198 3842 Attamen
2243 3786 2622 3858 supradictum
2661 3786 2954 3856 Sophronii
2991 3786 3364 3842 testimonium
3397 3786 3601 3841 classi-

358 3888 484 3926 equ
510 3873 1007 3944 gravissimumque
1036 3883 1140 3930 est.
1171 3874 1303 3940 Quae
1335 3892 1460 3931 cum
1491 3878 1566 3932 ita
1598 3894 1658 3934 se
1687 3879 1972 3946 haberent,
2003 3883 2247 3936 converti
2285 3897 2371 3936 me
2405 3881 2474 3935 ad
2519 3881 2858 3935 bibliotheca:
2902 3894 3110 3948 magnae
3139 3877 3418 3932 Vaticana:
3448 3877 3599 3934 Grae-

358 3979 457 4019 cos
493 3964 752 4030 codices;
787 3965 1043 4036 factaque
1074 3974 1130 4019 ut
1163 3969 1314 4036 potui
1345 3969 1794 4038 perlustratione,
1828 3973 2051 4027 unicum
2080 3973 2318 4041 denique
2341 3973 2517 4043 reperi
2558 3972 2808 4027 Graecum
2847 3971 3116 4037 codicem,
3152 3971 3405 4040 pltteuice
3437 3973 3602 4042 plane

357 4056 644 4119 rariorem,
677 4057 781 4110 sub
827 4071 1055 4111 numero
1090 4056 1248 4118 1215.
1292 4059 1346 4112 in
1383 4059 1542 4129 cujus
1588 4063 1785 4132 pagina
1837 4064 1907 4117 55
1947 4064 2166 4118 titulum
2212 4064 2407 4120 litteris
2452 4065 2782 4134 capitalibus
2831 4065 2982 4120 hunc
3030 4065 3415 4121 lubentissime
3450 4063 3598 4133 legi:

358 4149 407 4201 H
435 4147 595 4201 ΘΕΙΑ
622 4147 1035 4201 ΛΕΙΤΟΥΡΙἸΑ
1064 4149 1200 4202 ΤΟΥ
1230 4151 1320 4203 EN
1349 4151 1568 4205 ΑΙΊΟΙΣ
1596 4155 1866 4208 ΠΑΤΡΟΣ
1911 4156 2108 4208 ΗΜΩΝ
2136 4156 2701 4209 ΛΡΧΙΕΠΙΣΚΟΠΟΥ
2733 4157 3018 4211 ΚΥΙΙΡΟΥ
3055 4157 3430 4211 ΕΠΙΦΑΝΙΟΥ
3461 4157 3601 4208 ΤΟΥ

362 4237 691 4290 ΜΕΓΑΛΟΥ
749 4237 1033 4292 :DIVINA
1072 4237 1418 4324 :LITURGIA
1494 4241 1737 4297 SANCTI
1792 4244 2043 4300 PATRIS
2106 4245 2361 4301 NOSTRI
2418 4247 2936 4303 ARCHIEPISCOPI
2996 4246 3196 4302 CYPRI
3257 4244 3581 4301 EPIPHANI

366 4327 608 4383 MAGNI.
638 4328 777 4393 Quid
809 4345 906 4398 per
938 4345 996 4383 sc
1029 4330 1356 4396 evidentius,
1394 4334 1591 4401 quidve
1614 4333 1905 4403 Sophronii
1939 4339 2248 4393 testimonio
2283 4339 2454 4410 magis
2489 4338 2802 4395 conforme?
2834 4341 2979 4410 Ergo
3015 4341 3275 4395 incensus
3296 4339 3597 4409 cupiditate

359 4412 524 4472 istius
557 4419 760 4488 Operis,
803 4420 871 4474 de
897 4435 1005 4492 quo
1045 4421 1157 4489 jam
1191 4439 1299 4477 non
1328 4425 1670 4488 dubitabam,
1713 4425 2017 4496 Epiphanio
2047 4431 2355 4493 asserendi,
2389 4429 2610 4483 dilatavi
2655 4431 2836 4485 adhuc
2869 4447 3036 4487 curas
3068 4447 3218 4487 meas
3253 4432 3597 4501 vestigando,

359 4506 578 4576 legique
607 4510 748 4578 apud
784 4509 989 4565 Bonam
1017 4510 1137 4568 Rer.
1174 4513 1358 4584 liturg.
1385 4515 1481 4570 lib.
1521 4532 1560 4580 ι,
1602 4518 1654 4581 9,
1683 4518 1738 4579 6,
1775 4517 2050 4584 notitiam,
2088 4537 2256 4588 quam
2305 4538 2372 4575 ex
2413 4538 2479 4577 eo
2525 4524 2822 4595 exscripsit
2862 4531 3053 4593 postea
3087 4522 3462 4577 Rcuaudotius
3487 4530 3527 4576 t.
3553 4521 3596 4586 1,

361 4614 416 4668 p.
447 4597 571 4661 498,
607 4597 802 4654 Jobum
839 4616 1034 4672 nempe
1073 4602 1384 4667 Ludolfum,
1436 4621 1690 4677 magnum
1728 4607 1876 4660 illum
1933 4608 2372 4678 zEthiOpicarum
2430 4628 2614 4667 rerum
2649 4614 3001 4684 scriptorem,
3031 4615 3085 4669 in
3118 4613 3279 4668 Prtel‘.
3330 4615 3398 4669 ad
3443 4613 3595 4668 Eth.

370 4684 580 4740 lexicon
609 4689 902 4744 tradidisse
933 4691 1182 4746 notitiam
1219 4693 1456 4764 liturgite
1485 4696 1626 4764 apud
1663 4712 1783 4750 eam
1814 4705 2028 4766 gentem
2055 4708 2283 4754 servatae
2307 4704 2478 4755 sancti
2513 4701 2796 4769 Epiphanii
2827 4705 3128 4758 orthodoxi.
3159 4705 3278 4759 Mox
3314 4721 3446 4761 vero
3464 4707 3602 4761 meis

366 4775 486 4846 ipse
518 4780 694 4835 oculis
718 4781 931 4851 inspexi
963 4781 1175 4838 Ludolli
1204 4786 1450 4855 ejusdem
1484 4787 1548 4842 ad
1584 4786 1947 4858 ίΕιΙιὶυρὶεωη
2000 4790 2281 4846 historiam
2311 4796 2788 4858 commentarium,
2827 4797 2918 4852 ubi
2959 4813 3012 4867 p.
3043 4796 3170 4862 540,
3202 4797 3387 4851 decem
3424 4798 3604 4851 nomi-

363 4878 574 4924 nantur
603 4871 926 4944 Ethiopum
957 4875 1195 4948 liturgite
1227 4896 1240 4931 :
1282 4894 1517 4948 quarum
1555 4881 1714 4935 tertia
1737 4887 1822 4936 est
1861 4884 2034 4934 sancti
2066 4881 2355 4951 Epiphanii
2381 4886 2688 4940 orthodoxi.
2728 4887 3004 4944 Habemus
3040 4888 3206 4957 igitur
3233 4887 3600 4958 Epiphaniani

367 4965 557 5033 scripti
596 4967 868 5037 legitimos
904 4977 1073 5026 testes
1127 4978 1263 5040 tres,
1315 4974 1374 5028 S.
1423 4974 1816 5045 Sophronium,
1853 4976 2129 5046 liturgiam
2159 4977 2552 5047 Ethiopicam,
2602 4991 2656 5035 et
2693 4982 2934 5036 codicem
2965 4982 3213 5036 Grzccum
3246 4981 3600 5036 Vaticanum.

366 5055 528 5128 (Nam
553 5059 621 5114 de
655 5069 806 5115 textu
841 5069 896 5117 et
917 5063 984 5118 de
1010 5063 1294 5120 codicibus
1319 5067 1462 5135 apud
1494 5083 1594 5122 nos
1626 5067 1956 5137 Ethiopicis
1994 5069 2154 5134 alias,
2188 5079 2246 5123 ut
2284 5085 2463 5138 spero,
2489 5071 2747 5142 dicetur.)
2779 5073 2971 5142 Incipit
3010 5081 3216 5136 autem,
3251 5084 3374 5144 post
3411 5090 3605 5145 supra-

363 5149 628 5219 scriptum
673 5152 890 5208 titulum
933 5155 1104 5209 codex
1144 5155 1267 5210 Vat.
1303 5157 1383 5212 sic
1413 5177 1425 5211 :
1469 5159 1527 5211 Ὀ
1555 5158 1708 5223 Θεὸς,
1743 5162 1771 5212 ὀ
1799 5160 1930 5222 Θεὸς

2032 5160 2136 5222 ῶν,
2165 5163 2194 5213 ὁ
2221 5159 2504 5224 ὑποδείξας
2533 5162 2661 5232 ἡμῖν
2693 5163 2754 5215 τὸ
2795 5163 2940 5234 μέγα
2984 5163 3143 5216 τοῦτο
3173 5166 3488 5234 μυστήριον,
3538 5164 3603 5217 σὺ

364 5240 631 5295 ἱκάνωσον
657 5243 802 5311 ἡμᾶς
830 5248 1214 5315 προσενεγκεῖν
1248 5262 1330 5298 σοι
1359 5246 1548 5300 θυσίαν
1583 5248 2049 5318 προηγιασμὲνην,
2075 5250 2154 5310 εἰς
2188 5249 2344 5313 δόξαν
2375 5267 2490 5313 σου,
2519 5250 2612 5302 καὶ
2643 5249 2963 5320 μονογενοῦς
2992 5268 3083 5303 σου
3118 5251 3272 5315 Υῐοῦ,
3301 5251 3396 5305 καὶ
3430 5251 3605 5305 Πνεῦ-

367 5333 538 5405 ματός
573 5350 665 5386 σου
698 5333 793 5386 τοῦ
823 5334 980 5402 ἁγίου
1006 5350 1020 5362 ·
1056 5335 1218 5402 Deus,
1254 5336 1392 5390 Deus
1422 5348 1616 5403 noster,
1649 5339 1740 5408 qui
1770 5341 1868 5393 hoc
1901 5358 1931 5391 n

2032 5358 2050 5394 s
2091 5357 2340 5410 magnum
2375 5342 2681 5410 mysterium
2714 5341 3014 5403 ostendisti,
3053 5350 3106 5394 tu
3143 5359 3236 5396 nos
3267 5343 3356 5411 fuc
3391 5343 3603 5398 idoneos

363 5421 434 5475 ad
461 5419 787 5491 offerendum
818 5422 913 5475 tibi
934 5425 1437 5492 prwsanctiﬁcatum
1466 5427 1809 5496 sacriﬁcium,
1843 5430 1903 5481 ob
1929 5429 2006 5482 tui
2028 5428 2276 5498 gloriam.
2307 5440 2356 5484 et
2382 5432 2633 5500 unigeniti
2664 5430 2796 5484 Filii
2822 5432 2918 5495 tui,
2949 5442 2996 5485 et
3027 5431 3258 5501 Spiritus
3289 5435 3366 5486 tui
3397 5437 3590 5488 sancti.

433 5512 526 5569 1V.
558 5515 714 5580 Quod
749 5515 1021 5586 reliquum
1047 5525 1186 5581 erat,
1215 5518 1541 5573 conﬁrmato
1564 5519 1675 5588 jam
1705 5521 1885 5583 titulo,
1912 5524 2117 5577 contuli
2152 5524 2328 5593 ipsum
2365 5526 2692 5594 opusculum
2742 5525 2976 5595 liturgiae
3017 5525 3602 5583 Prmsanctilicatorum

361 5619 488 5658 cum
537 5605 890 5674 editionibus,
929 5625 1050 5678 qua:
1089 5611 1230 5681 apud
1281 5625 1367 5666 me
1419 5622 1597 5674 erant,
1642 5613 1697 5667 id
1743 5623 1826 5669 est
1862 5614 2060 5670 Veneta
2093 5633 2158 5670 ex
2195 5615 2471 5671 Helleuica
2517 5619 2875 5688 typograpbia
2923 5619 3049 5671 anni
3103 5619 3274 5685 1.859;
3306 5619 3434 5674 item
3477 5637 3599 5674 cum

372 5691 619 5749 Romana
647 5697 892 5765 ejusdem
936 5702 1063 5756 anni
1103 5702 1196 5758 Gr.
1229 5700 1422 5772 Arab.;
1452 5719 1754 5776 rursusque
1786 5721 1909 5762 cum
1959 5707 2064 5764 alia
2097 5707 2257 5765 Rom.
2295 5709 2388 5763 Gr.
2429 5725 2516 5763 an.
2571 5710 2742 5778 1751;
2772 5718 2824 5766 et
2859 5726 2983 5766 cum
3030 5711 3120 5765 illa
3169 5711 3403 5784 denique
3441 5725 3603 5784 quam
