3978 6220
337 359 442 415 5'57
1579 366 1930 424 PRECATIO
1956 366 2046 421 ET
2086 365 2558 425 EXORCISMUS.
3488 399 3497 413 ς
3514 363 3623 420 558

344 493 696 563 Euchologio
725 491 961 547 inseruit
992 487 1229 545 Goarius
1256 507 1269 543 :
1307 487 1771 560 deprehendique,
1802 494 2035 556 excepto
2070 485 2262 541 ordine
2285 496 2341 543 et
2370 485 2762 542 minutioribus
2797 484 3069 556 partibus,
3110 482 3434 539 Vaticanum
3466 480 3626 535 codi-

350 603 472 644 cem
518 602 643 641 cum
666 586 955 660 impressis
988 601 1331 657 congruere;
1364 601 1531 656 quam
1572 585 1873 641 solemnem
1908 582 2260 651 liturgiarum
2289 582 2647 636 concordiam
2687 579 2898 650 jamdiu
2945 594 3049 633 nos
3082 577 3349 633 docuerat
3387 572 3625 630 Allatius

351 685 409 733 ln
441 678 630 748 priore
658 677 880 735 dissert.
908 693 1031 747 cap.
1053 678 1124 733 20
1150 678 1238 733 his
1263 677 1447 733 verbis
1474 695 1487 731 :
1519 676 1603 731 An
1633 691 1754 729 vero
1782 676 1961 728 eodem
1988 674 2095 726 ritu
2113 690 2291 728 omnes
2322 673 2591 742 liturgiam
2616 671 2905 738 celebrant,
2940 688 3042 741 quo
3070 670 3196 723 olim
3221 666 3627 723 celebrabatur?

353 770 415 826 Si
442 786 551 823 rem
580 772 751 839 ipsam
789 771 1112 836 consideres,
1153 780 1203 826 et
1236 771 1493 839 sacriﬁcii
1524 770 1910 831 substantiam,
1969 766 2213 821 omnibus
2255 766 2366 819 ritu
2407 763 2590 819 Graeco
2624 764 3034 826 celebrantibus,
3063 760 3201 816 idem
3234 776 3400 815 unum
3440 773 3626 814 conue-

353 863 495 915 nisse
518 870 721 915 certum
751 870 866 917 est:
901 860 956 915 si
981 877 1159 930 preces
1189 870 1240 915 et
1272 877 1389 931 qua:
1420 862 1488 915 ad
1517 870 1766 914 ornatum
1794 860 2055 928 sacriﬁcii
2081 866 2430 925 prmstantur,
2462 855 2901 926 quemadmodum
2925 866 2974 910 et
2997 858 3051 909 in
3078 854 3251 909 Missa
3296 854 3504 920 integra
3539 852 3625 920 fa-

353 964 498 1006 ctum
529 963 629 1017 est,
658 970 762 1006 non
784 962 862 1007 est
893 970 924 1005 a
950 954 1238 1010 verosimili
1265 954 1518 1014 alienum,
1552 969 1656 1006 non
1684 951 1865 1005 eadem
1897 954 2313 1013 mtate'tautum,
2347 948 2437 1004 sed
2466 947 2589 1002 aliis
2614 956 2769 1017 atque
2794 948 2918 999 aliis
2974 946 3293 1016 temporibus
3311 945 3504 1006 multa,
3529 958 3623 1011 pro

354 1048 434 1099 rei
476 1047 895 1115 opportunitate,
945 1047 1229 1099 immutata
1272 1046 1459 1114 fuisse.
1505 1043 1762 1112 Idemque
1792 1044 2027 1098 Allatius
2073 1058 2195 1112 cap.
2238 1044 2273 1097 4
2307 1060 2320 1095 :
2358 1040 2507 1095 Illud
2552 1033 2718 1095 etiam'
2755 1041 2991 1102 observo,
3037 1038 3625 1107 Prwsanctiﬁcatorum

356 1141 635 1210 litnrgiam
663 1157 767 1193 non
794 1156 956 1193 unam
983 1148 1138 1209 atque
1168 1138 1408 1193 eamdem
1439 1137 1579 1207 apud
1602 1154 1779 1191 omnes
1813 1139 1999 1207 fuisse.
2031 1136 2120 1191 sed
2149 1151 2245 1205 pro
2274 1136 2528 1189 varietate
2558 1132 2923 1187 Ecclesiarum
2960 1141 3008 1185 et
3045 1141 3358 1199 temporum,
3394 1130 3624 1182 variam.

357 1230 419 1284 In
459 1230 833 1301 Epiphaniana
863 1230 1081 1301 quidem
1106 1230 1238 1285 illud
1271 1230 1419 1299 quod
1456 1230 1814 1299 ascripsimus
1846 1228 2061 1282 initium
2096 1229 2164 1283 ab
2201 1227 2367 1283 editis
2408 1226 2646 1295 liturgiis
2683 1225 2884 1279 dill‘ert.
2914 1223 3117 1279 Preces
3156 1222 3321 1277 etiam
3354 1236 3453 1291 pro
3480 1218 3629 1291 regi-

359 1326 486 1389 bus,
522 1325 793 1386 exercitu.
831 1328 1115 1395 episcopo,
1149 1332 1203 1379 et
1247 1324 1461 1379 caneris
1500 1324 1761 1379 Ecclesia:
1798 1322 2091 1387 ministris,
2124 1321 2378 1375 nonnihil
2422 1321 2640 1375 variare
2675 1319 3025 1375 videbantur.
3059 1316 3249 1371 Oratio
3290 1323 3471 1371 autem
3505 1328 3631 1385 qua:

359 1418 556 1488 incipit
589 1438 602 1472 :
646 1420 703 1473 Ὀ
732 1419 863 1484 θεὸς
887 1421 914 1471 ὁ
954 1418 1411 1488 ἐπισκεψάμενος,
1447 1419 1703 1487 congruit
1747 1431 1869 1469 cum
1912 1415 1930 1469 1'

2057 1415 2242 1469 anzeni
2278 1413 2498 1483 liturgia
2547 1427 2710 1482 quam
2766 1413 3032 1465 habemus
3077 1412 3220 1480 apud
3265 1407 3628 1461 Assemanum

360 1508 489 1565 Cod.
528 1510 614 1563 tit.
647 1518 687 1564 ι.
724 1508 837 1572 VII,
871 1524 922 1580 p.
952 1510 1041 1563 87.
1073 1507 1182 1563 Nec
1215 1509 1371 1579 plura
1406 1507 1622 1565 dicam:
1649 1508 1787 1563 satis
1809 1508 1953 1560 enim
1978 1504 2228 1559 Vaticani
2253 1504 2467 1559 codicis
2492 1503 2891 1557 continentiam
2913 1502 3044 1555 mihi
3076 1500 3262 1554 videor
3283 1497 3630 1568 exposuisse.

430 1600 499 1657 V.
531 1600 796 1670 Superest
829 1611 887 1654 ut
918 1601 1223 1664 videamus,
1268 1616 1399 1653 num
1443 1599 1607 1653 etiam
1651 1614 1714 1651 ex
1752 1596 2040 1666 Epiphanii
2088 1594 2327 1665 cognitis
2370 1594 2530 1650 libris
2576 1601 2965 1663 argumentum
3002 1590 3227 1661 aliquod
3274 1590 3419 1644 adsit
3450 1603 3548 1659 pro
3579 1588 3631 1643 ei

363 1690 721 1755 vindicanda,
756 1693 843 1745 vel
871 1707 1053 1753 secus,
1088 1692 1193 1745 hac
1242 1690 1485 1760 liturgia.
1516 1689 1574 1743 ln
1610 1689 1801 1743 breresi
1834 1687 1925 1753 79,
1955 1689 2008 1749 3,
2040 1688 2176 1739 dicit
2217 1684 2583 1756 Epiphanius,
2628 1685 2932 1754 apostolos,
2977 1698 3119 1753 quos
3161 1682 3305 1735 inter
3339 1678 3631 1743 Iacobum,

366 1783 678 1853 μυστηρίων
707 1783 1039 1853 ἀρχηγέτας,
1075 1784 1449 1852 mysteriorum
1498 1791 1741 1836 auctores
1781 1780 1937 1833 fuissr

2063 1779 2075 1832 Ι
2113 1786 2219 1836 est.
2261 1786 2319 1829 ut
2355 1786 2505 1831 recte
2542 1776 2891 1845 intelligitur,
2917 1775 3118 1829 divina:
3160 1773 3395 1844 liturgia:
3441 1774 3634 1829 condi-

365 1882 534 1927 tores.
569 1872 709 1938 Quid
742 1873 900 1926 inde?
926 1872 1065 1927 Ecce
1094 1875 1433 1927 Assemanus
1459 1871 1592 1926 Cod.
1630 1873 1712 1925 lit.
1751 1878 1792 1924 t.
1829 1869 1872 1925 V
1900 1870 2071 1940 praui,
2094 1885 2183 1938 pp.
2216 1868 2307 1934 26,
2338 1869 2427 1931 55,
2465 1869 2559 1932 57,
2586 1884 2653 1923 ex
2687 1868 2795 1922 hoc
2821 1866 3114 1938 Epiphanii
3147 1868 3294 1922 dicto
3326 1867 3636 1921 hariolatur

365 1965 541 2017 sancti
590 1963 783 2018 Jacobi
836 1965 1112 2033 liturgiam
1170 1964 1238 2017 ad
1286 1965 1526 2035 Cyprum
1573 1980 1793 2033 quoque
1828 1962 2188 2032 pertinuisse.
2219 1961 2379 2015 Cur?
2411 1961 2556 2026 Quia
2608 1975 2804 2028 nempe
2835 1959 3073 2030 Cyprus,
3110 1959 3397 2013 Assemani
3446 1967 3630 2022 aetate,

364 2059 563 2126 partim
597 2056 751 2128 Syris
783 2058 1135 2126 patriarchis,
1197 2058 1395 2127 partim
1429 2056 1591 2111 etiam
1620 2057 1808 2110 Sancti
1847 2055 2097 2125 Sepulcri
2136 2052 2509 2109 Franciscano
2561 2054 2780 2109 custodi
2814 2055 3074 2142 sulherat;
3116 2053 3163 2109 is
3187 2052 3454 2108 hodierna
3494 2061 3636 2108 tem-

366 2164 501 2218 pora
544 2152 611 2202 ad
640 2150 869 2218 antiqua
898 2149 1175 2203 immerito
1208 2147 1573 2211 transferens,
1606 2148 1944 2202 existimavit
1978 2145 2538 2216 Hierosolymitanam
2572 2146 2864 2217 liturgiam
2895 2146 3060 2217 Cypri
3091 2162 3311 2216 quoque
3343 2146 3587 2219 viguisse
3616 2166 3634 2200 :

364 2258 487 2310 quae
517 2257 606 2296 res
639 2248 1023 2311 argumentum
1070 2240 1403 2303 inﬁrmaret,
1449 2240 1596 2310 quod
1634 2239 1970 2309 Epiphanius
2012 2238 2251 2308 Cyprius
2301 2237 2760 2308 archiepiscopus
2815 2238 3097 2308 liturgiam
3144 2240 3427 2308 propriam
3473 2238 3636 2295 insti-

366 2337 557 2401 tuerit,
595 2335 711 2389 sive
743 2334 1011 2403 integram
1062 2333 1179 2389 sive
1231 2332 1472 2388 fortasse
1515 2332 1681 2386 etiam
1718 2330 2133 2400 particularem,
2168 2329 2487 2397 cujusmodi
2524 2338 2609 2385 est
2653 2330 2769 2384 ha‘c
2808 2329 3424 2385 Prmsanctiﬁcatorum.
3470 2331 3637 2401 Atqui

367 2446 476 2483 non
512 2428 803 2497 ignorabat
838 2426 1179 2480 Assemanus
1210 2424 1374 2495 (typri
1405 2424 1537 2479 olim
1582 2425 1921 2494 provinciam
1953 2423 2126 2477 fuisse
2153 2421 2453 2493 ἀκέφαλον,
2491 2422 2544 2477 id
2569 2431 2654 2477 est
2685 2424 2769 2478 sui
2790 2423 2958 2490 ju‘ris,
2991 2423 3395 2494 archiepiscopi
3428 2423 3641 2478 nullius

364 2518 609 2575 extranei
643 2526 736 2572 aut
773 2516 1101 2587 patriarchae
1130 2517 1465 2571 ordinationi
1502 2517 1834 2586 subjectam.
1888 2515 2118 2572 Frustra
2158 2517 2330 2588 igitur
2375 2517 2717 2571 Assemanus
2764 2515 3319 2588 Hierosolymitanam
3358 2517 3639 2587 liturgiam

365 2608 645 2663 veteribus
673 2607 889 2678 Cypriis
920 2606 1136 2660 videtur
1168 2606 1487 2662 obtrudere.
1525 2607 1598 2661 De
1644 2606 1954 2677 Epiphanio
1988 2625 2095 2662 non
2127 2607 2345 2679 quidem
2379 2607 2677 2671 scribente,
2716 2609 2811 2663 sed
2839 2609 3154 2664 celebrante
3175 2609 3476 2678 liturgiam,
3507 2624 3640 2662 nar-

369 2703 508 2756 ratio
554 2710 638 2756 est
694 2702 747 2755 in
792 2702 914 2770 ejus
954 2699 1143 2754 Graeca
1172 2698 1296 2753 Vita
1327 2701 1437 2765 (ed.
1488 2700 1674 2756 Pctav.
1708 2708 1747 2754 ι.
1788 2701 1850 2765 ll,
1886 2719 1939 2772 p.
1969 2703 2095 2772 351)
2163 2718 2287 2774 cap.
2328 2703 2420 2767 '58,
2454 2701 2545 2756 ubi
2589 2702 2665 2755 ait
2699 2702 3060 2772 biographus,
3096 2701 3464 2771 Epiphanium
3497 2718 3643 2755 nun-

367 2810 531 2863 quam
571 2794 625 2847 in
664 2793 830 2848 Missa
863 2792 1124 2862 perﬁcere
1174 2793 1396 2847 solitum
1446 2793 1616 2847 fuisse
1658 2795 1993 2851 oblationem
2038 2805 2329 2866 antequam
2377 2796 2683 2859 visionem,
2746 2795 3039 2860 ὀπτασίαν,
3080 2795 3331 2850 vidisset.
3363 2794 3473 2851 lies
3510 2811 3644 2851 sane

369 2889 528 2952 mira,
560 2897 614 2942 et
649 2893 842 2942 sancto
869 2872 988 2941 viro
1016 2886 1207 2955 digna!
1234 2886 1390 2952 cujus
1424 2901 1520 2953 par
1552 2890 1864 2956 exemplum
1901 2888 2098 2957 legitur
2129 2888 2197 2942 de
2224 2888 2330 2940 alio
2383 2887 2644 2956 episcopo
2670 2888 2814 2957 apud
2847 2886 3009 2941 Joan.
3045 2886 3329 2941 Moschum
3361 2902 3483 2955 cap.
3514 2886 3640 2950 150,

369 2983 612 3050 itemque
642 2981 696 3033 in
742 2979 877 3033 Vitis
915 2979 1142 3032 Patrum
1177 2979 1321 3049 apud
1365 2978 1716 3033 Rosweidum
1767 2979 1866 3033 lib.
1910 2996 1948 3044 I,
1986 2995 2041 3049 p.
2080 2978 2205 3045 199,
2253 2987 2483 3034 sanctus
2529 2978 2765 3032 Basilius
2802 2978 3046 3032 Missam
3086 2978 3399 3033 celebrasse
3442 2966 3645 3031 dicitur

380 3072 695 3131 clarissimo
730 3071 937 3125 lumine
982 3078 1036 3125 et
1065 3072 1277 3140 angelis
1309 3070 1713 3133 circumdatus,
1755 3081 1921 3140 prout
1970 3073 2136 3127 etiam
2182 3072 2235 3125 in
2279 3071 2512 3141 picturis
2548 3084 2726 3141 nuper
2754 3087 2782 3124 a
2814 3071 2975 3125 nobis
3012 3071 3289 3126 enarratis
3325 3068 3511 3124 videre
3538 3078 3643 3124 est.

371 3159 438 3214 Et
472 3163 692 3231 quidem
728 3162 781 3215 in
813 3162 1011 3231 quinta
1056 3162 1235 3223 icone,
1271 3161 1362 3215 ubi
1400 3162 1770 3231 archangelus
1820 3162 2104 3216 diabolum
2151 3177 2180 3215 a
2216 3162 2393 3217 Missa-
2426 3162 2691 3234 mysterio
2738 3163 3051 3232 temploque
3093 3162 3286 3233 abigit,
3329 3176 3646 3232 quanquam

378 3255 675 3323 epigraphe
726 3254 949 3308 nonnisi
983 3253 1264 3308 diabolum
1309 3254 1416 3324 piis
1453 3254 1769 3309 astantibus
1822 3253 2173 3309 insidiantem
2218 3254 2471 3318 denotat,
2515 3254 2881 3309 nihilominus
2923 3255 3225 3324 signiﬁcari
3258 3262 3388 3324 puto
3415 3268 3650 3321 euergu-

373 3360 660 3399 inenorum
688 3348 966 3416 praecipue
1000 3348 1405 3415 expulsioncm,
1440 3363 1581 3417 quos
1613 3346 1913 3417 Dionysius
1948 3344 2091 3400 Eccl.
2126 3347 2387 3399 Itierarch.
2425 3361 2548 3417 cap.
2580 3347 2634 3411 3,
2666 3362 2791 3401 cum
2826 3347 3243 3401 catechumenis
3287 3353 3341 3401 et
3376 3346 3652 3416 pmuiten-

376 3438 522 3491 tibus
551 3438 726 3493 arceri
759 3454 789 3491 a
823 3440 1155 3493 sacramenti
1191 3447 1420 3509 aspectu
1448 3438 1797 3507 ecelesiaque
1842 3438 2063 3491 excludi
2101 3438 2297 3492 solitos
2347 3447 2556 3492 narrat.
2602 3439 2852 3510 Denique
2894 3439 2984 3493 aio
3031 3445 3266 3493 cunctas
3309 3454 3405 3494 eas
3434 3439 3647 3502 icones,

376 3530 677 3585 secundum
710 3532 1002 3599 quamdam
1032 3531 1304 3587 visionem
1345 3540 1398 3587 et
1428 3532 1717 3601 mysticam
1754 3532 2072 3602 allegoriam
2104 3531 2279 3586 fuisse
2312 3530 2583 3603 depictas,
2618 3548 2726 3603 qua
2772 3533 2975 3587 caelum
3004 3546 3128 3587 cum
3166 3539 3312 3585 terra
3337 3530 3650 3601 cepulatur,

378 3622 431 3676 id
460 3632 545 3677 est
576 3622 839 3678 Christus
873 3624 927 3676 in
986 3623 1294 3684 sacerdote,
1343 3623 1586 3677 ministri
1636 3622 1882 3678 minores
1931 3622 1985 3676 iu
2020 3622 2231 3693 angelis
2266 3630 2758 3694 repraesentantur,
2788 3622 2874 3677 vel
2918 3622 2987 3677 iis
3035 3621 3458 3692 permiscentur,
3503 3618 3653 3673 felici

378 3715 515 3769 artis
547 3715 839 3785 phantasia
872 3723 927 3769 et
961 3715 1250 3786 theologia:
1272 3714 1551 3769 doctrina.
1586 3713 1692 3768 Sed
1728 3716 1852 3769 linis
1881 3714 1973 3778 sit,
2011 3713 2321 3783 praesertim
2349 3714 2477 3785 quia
2516 3715 2750 3785 pictura:
2781 3714 2886 3767 illae
2917 3714 3063 3767 haud
3085 3712 3153 3766 ad
3184 3710 3475 3782 Epiphanii
3503 3710 3655 3765 codi-
3687 3761 3696 3772 ,

376 3823 495 3864 cem
531 3807 880 3876 liturgiamve
917 3808 1224 3876 pertinent;
1263 3823 1431 3877 super
1453 3824 1561 3878 qua
1591 3809 1863 3878 satisjam
1898 3807 2195 3863 verborum
2233 3814 2553 3863 nostrorum
2584 3805 2816 3863 ﬂuxisse
2842 3805 3093 3874 videtur;
3115 3812 3170 3861 et
3203 3804 3441 3858 aliorum
3471 3802 3656 3873 potius

378 3898 581 3951 indicia
604 3898 974 3966 exspectanda
1000 3914 1314 3953 censemus.

382 4079 3636 4120 Μ

1366 4361 1387 4381 ,
1442 4256 1860 4347 SANCTI
1935 4256 2575 4346 EPIPHANII

843 4449 1190 4505 PliECATlO
1229 4450 1317 4506 ET
1359 4448 1802 4508 EXURCISMUS
1841 4450 1934 4505 AD
1971 4447 2354 4510 lMMUl‘iDUM
2396 4448 2726 4507 SPlRlTUM
2767 4449 3200 4509 EJICIENDUM.

1796 4616 2248 4695 [Fragmenta]

1376 4789 1613 4850 (lnunrs,
1650 4785 1863 4850 Calalog.
1888 4783 2000 4835 cod.
2022 4786 2181 4836 Graec.
2208 4781 2414 4846 Μαινίιη
2438 4797 2489 4847 p.
2514 4782 2653 4850 423.)

457 5024 709 5083 Precatio
742 5023 935 5094 incipit
965 5042 979 5077 :
1013 5019 1453 5091 Ἐπικαλούμεθὰ
1480 5038 1562 5084 σε,
1590 5021 1689 5074 Θεὲ
1712 5019 2096 5093 παντοκράτορ
2111 5020 2286 5093 Κύριε
2316 5019 2492 5092 Ἰησοῦ
2511 5020 2717 5092 Χριστὲ
2740 5020 2961 5093 οὐράνιε
2980 5018 3230 5092 βασιλεῦ’
3257 5021 3668 5094 ὲπικαλούμεθά

386 5139 447 5178 σε
466 5122 555 5175 τὸν
571 5122 870 5192 ποιήσαντα
889 5119 979 5171 τὸν
1007 5117 1234 5188 οὐρανὸν
1262 5119 1357 5171 καὶ
1381 5118 1481 5187 τὴν
1508 5118 1632 5188 γῆν.
1665 5117 1950 5174 Exercism

2095 5133 2170 5172 ~ro
2194 5118 2385 5189 incipit
2412 5136 2426 5173 :
2469 5116 2766 5189 Ἐξορκίζω
2791 5135 2877 5183 σε,
2914 5117 3135 5187 πνεῦμα
3154 5117 3489 5191 ἀκάθαρτον,
3520 5120 3666 5174 κατὰ

385 5215 479 5269 τοῦ
500 5217 658 5286 λόγου
678 5212 812 5268 Θεοῦ
829 5213 922 5267 τοῦ
945 5214 1266 5283 ποιήσαντος
1293 5213 1385 5267 τὸν
1409 5214 1638 5285 οὐρανὸν
1667 5214 1762 5268 καὶ
1783 5214 1880 5286 τὴν
1898 5214 2020 5284 γῆν.
2050 5214 2283 5280 Desinit,
2301 5213 2570 5286 φοϐήθητι
2597 5213 2690 5269 τὸν
2705 5213 3140 5286 ἀναϐαλλόμενον
3172 5216 3288 5285 φῶς
3306 5216 3383 5279 ὡς
3417 5217 3631 5287 ἱμάτιον
3649 5232 3665 5249 ·

386 5310 479 5364 τὸν
508 5312 667 5383 μόνον
701 5310 894 5382 ἔχοντα
923 5308 1222 5361 ἀθανασίαν
1251 5309 1347 5361 καὶ
1382 5307 1499 5377 φῶς
1527 5308 1823 5381 ἀπρόσιτον
1851 5326 1863 5340 ·
1896 5303 1940 5378 ᾧ
1969 5313 2003 5382 ἡ
2036 5310 2166 5376 δόξα
2198 5311 2294 5365 καὶ
2330 5311 2392 5363 τὸ
2422 5310 2624 5382 κράτος
2652 5312 2735 5374 εἰς
2770 5312 2897 5374 τοὺς
2918 5310 3143 5374 αἰῶνας.
3186 5311 3382 5382 Ἀμήν.

458 5424 712 5479 Precatio
754 5431 808 5477 et
837 5422 1181 5478 exorcismus
1214 5422 1303 5477 hic
1334 5431 1451 5477 tum
1488 5440 1518 5477 a
1547 5422 1606 5477 S.
1640 5423 1929 5493 Epiphanii
1967 5423 2207 5496 Operum
2249 5426 2602 5489 editionibus,
2640 5435 2755 5480 tum
2787 5440 2817 5479 a
2852 5423 3043 5480 Goarii
3097 5423 3423 5494 Euchologio
3466 5425 3670 5494 pariter

392 5515 609 5568 absunt.
650 5514 1023 5569 Nihilominus
1073 5522 1255 5569 tamen
1286 5513 1574 5571 Fabricius
1605 5515 1857 5571 Biblioth.
1892 5515 2092 5572 Greca:
2126 5518 2235 5572 vol.
2276 5517 2410 5582 Vlll,
2449 5533 2571 5589 pag.
2618 5518 2709 5583 95,
2746 5518 2934 5572 laudat
2983 5516 3233 5573 codicem
3270 5515 3668 5569 Barocciauum

395 5603 528 5671 Vlll,
560 5607 614 5659 in
650 5622 758 5675 quo
791 5615 845 5663 et
878 5606 1191 5678 Epiphanii,
1225 5615 1279 5663 et
1316 5608 1549 5664 aliorum
1584 5606 1685 5664 SS.
1718 5609 1943 5665 Patrum
1976 5610 2367 5681 Adjuratioues
2397 5612 2512 5667 sive
2542 5610 2853 5665 Exoreismi
2884 5607 3158 5680 ejusmodi
3207 5605 3484 5678 leguntur.
3510 5607 3669 5675 Quod

390 5718 501 5756 non
558 5702 661 5757 levi
714 5712 1039 5774 argumento
1087 5712 1172 5763 est
1212 5704 1359 5761 hunc
1394 5703 1454 5763 S.
1492 5704 1781 5777 Epiphanii
1817 5708 2064 5779 aliosque
2108 5709 2338 5764 aliorum
2392 5706 2639 5773 Patrum,
2693 5704 2976 5762 nonnullis
3007 5700 3187 5757 adhuc
3226 5701 3281 5757 in
3321 5699 3673 5759 bibliothecis

389 5813 523 5855 mss.
559 5798 893 5857 delitescere.
1743 5803 1746 5806 ’
