3978 6220
414 342 517 401 ιδθ

1500 348 1509 357 “
1531 341 1871 398 APPENDIX
1910 343 2528 401 DlSSEliTATlONUM.
3541 346 3675 404 530

398 551 3643 593 'WWW

851 730 1650 861 APPENDIX
1722 649 3165 870 DISSERTATIONUM.
3252 720 3263 731 ’

1034 1043 1136 1103 UE
1168 1043 1685 1108 ROMANOBUM
1748 1049 2332 1112 IMPERATORUM
2388 1049 2983 1112 CHRONOLOGIA.

1333 1204 1439 1278 (Cf.
1475 1213 1593 1262 not.
1628 1210 1717 1281 57,
1752 1206 1819 1262 ad
1859 1206 1953 1263 lib.
1990 1205 2067 1262 De
2097 1209 2378 1273 mensuris,
2414 1208 2520 1264 col.
2561 1210 2715 1279 258.)

471 1433 615 1491 Εἶτα
640 1437 923 1502 βασιλεῖς·
962 1438 1270 1508 Ῥωμαίων.
1324 1438 1692 1496 Romanorum
1731 1442 1965 1514 impera-

2141 1441 2439 1510 Κλαύδιος
2466 1443 2572 1511 ἐτη
2605 1448 2694 1512 ιγ’.
2728 1443 2894 1513 Atqui
2927 1441 3195 1500 Eusebius
3233 1450 3430 1512 przeter
3463 1456 3661 1501 annos

400 1533 582 1581 torum
612 1528 701 1597 qui
733 1529 982 1597 sequitur
1028 1527 1302 1585 lndiculus
1328 1531 1504 1588 altero
1534 1533 1627 1588 illo
1654 1536 1968 1606 castigatior

393 1625 479 1673 est
504 1658 521 1683 ,
570 1634 729 1688 quem
784 1619 839 1673 in
873 1618 1137 1676 Ancorato
1163 1658 1179 1684 ,
1226 1638 1280 1676 ιι.
1317 1622 1407 1686 60,
1439 1627 1757 1694 proposuit;
1794 1643 1968 1697 neque

396 1716 577 1763 tamen
624 1709 824 1779 ubique
858 1712 994 1766 satis
1047 1721 1341 1769 accuratus
1384 1725 1487 1770 est.
1531 1716 1711 1781 Quare
1748 1733 1966 1789 operam

395 1798 647 1853 navaturi
678 1800 945 1866 videmur,
977 1802 1025 1856 si
1065 1803 1119 1857 in
1157 1805 1408 1874 singulos
1443 1807 1832 1876 imperatorum
1865 1827 1965 1865 an-

393 1904 495 1945 nos
520 1929 535 1953 ,
587 1891 679 1960 qui
710 1893 928 1962 quidem
975 1896 1292 1964 quaestionis
1323 1898 1536 1968 aliquid
1574 1901 1778 1956 habent
1799 1942 1813 1966 ,
1843 1902 1969 1958 dili-

391 1982 608 2051 gentius
639 1984 1002 2054 inquiramus.
1050 1986 1107 2042 ld
1160 1988 1305 2044 enim
1338 2004 1464 2046 cum
1511 1992 1578 2047 ad
1606 1991 1968 2064 Epiphanium

394 2072 778 2128 illustrandum
805 2113 824 2140 ,
858 2081 973 2129 tum
1023 2075 1092 2130 ad
1123 2078 1426 2140 Romanam
1478 2080 1766 2137 historiam
1798 2086 1969 2141 stabi~

392 2161 627 2216 licndam
675 2165 1048 2220 necessarium
1076 2167 1325 2235 videtur;
1368 2183 1497 2235 cum
1554 2174 1854 2240 praesertim
1913 2176 1969 2230 in

391 2252 502 2306 illis
530 2253 937 2323 quamplurima
984 2257 1133 2323 sint,
1169 2273 1293 2327 qua:
1318 2261 1580 2331 majorem
1619 2278 1650 2317 a
1680 2263 1972 2322 chronolo-

387 2340 476 2409 gis
505 2341 663 2397 ﬁdem
699 2344 1052 2416 studiumque
1077 2351 1410 2407 mereantur.

462 2432 812 2501 Αὔγουστος
844 2436 949 2504 ἐτη
979 2445 1095 2502 νς’.
1134 2438 1211 2494 De
1241 2442 1401 2499 annis
1449 2443 1650 2514 quibus
1684 2442 1970 2517 imperavit

392 2521 699 2593 Augustus,
721 2526 1104 2596 cepiosissime
1130 2531 1339 2587 dictum
1364 2544 1450 2590 est
1482 2535 1551 2591 ad
1581 2536 1718 2594 hair.
1744 2540 1835 2595 51.
1869 2540 1968 2598 Hic

393 2611 675 2681 sexaginta
710 2630 803 2669 sex
861 2617 1127 2673 duntaxat
1160 2624 1539 2693 enumeravit;
1588 2637 1784 2697 ιιι-αξιοι·
1826 2647 1967 2700 quos

394 2701 664 2759 Eusebius
733 2721 828 2761 sex
896 2723 1115 2766 menses
1151 2711 1339 2787 _oddit.
1391 2714 1608 2771 initium
1659 2721 1728 2775 ab
1789 2720 1853 2776 U.
1901 2722 1963 2779 C.

2072 1549 2195 1598 xm,
2230 1548 2450 1588 menses
2481 1533 2713 1604 imputat
2746 1550 2821 1596 Ix,
2853 1534 2971 1588 dies
2994 1550 3182 1588 xxvm.
3214 1534 3313 1588 Dio
3339 1548 3513 1590 annos
3543 1535 3659 1589 tri-

2066 1625 2188 1681 buit
2229 1640 2346 1690 xm,
2383 1640 2603 1682 menses
2630 1642 2748 1692 vm,
2782 1627 2901 1682 dies
2942 1643 3034 1681 xx.
3082 1625 3230 1680 Obiit
3269 1624 3557 1689 Claudius,
3586 1636 3656 1680 ut

2069 1723 2263 1773 auctor
2288 1724 2373 1772 est
2397 1714 2712 1781 Suetonius,
2740 1717 2932 1772 Asinio
2962 1716 3238 1781 Marcello,
3264 1717 3436 1772 Acilio
3452 1717 3651 1772 Aviola

2068 1823 2241 1871 coss.,
2273 1823 2333 1862 ιιι
2364 1806 2441 1860 ld.
2467 1806 2590 1862 Oct.
2644 1807 2728 1861 Ab
2781 1815 2906 1863 ante
2925 1807 3068 1863 diem
3098 1823 3194 1862 vm
3225 1807 3451 1864 Kalend.
3478 1806 3648 1863 Febr.

2068 1897 2197 1951 anni
2225 1896 2288 1950 Η
2337 1895 2676 1968 Dionysiani,
2708 1913 2819 1966 quo
2862 1897 3160 1967 imperium
3204 1898 3521 1968 auspicatus
3559 1909 3650 1954 est

2068 1985 2352 2050 Claudius,
2392 1985 2460 2040 ad
2489 2000 2585 2039 xm
2624 1985 2879 2040 Octobris
2907 1986 3036 2040 anni
3085 1986 3188 2053 54,
3228 1987 3282 2041 in
3320 2002 3483 2058 quem
3512 1987 3649 2043 Asi-

2071 2076 2195 2131 nius
2216 2074 2506 2130 Marcellus
2527 2082 2582 2130 et
2606 2075 2797 2129 Aviola
2829 2089 2976 2130 coss.
3014 2076 3282 2141 incidunt,
3315 2079 3444 2132 anni
3476 2077 3649 2133 inter-

2068 2166 2270 2220 cedunt
2297 2165 2457 2221 solidi
2492 2181 2615 2225 xm.
2660 2182 2782 2221 curn
2819 2167 3014 2223 diebus
3048 2182 3247 2234 cccxu,
3283 2170 3400 2224 sive
3435 2170 3648 2226 mensi-

2069 2254 2171 2310 bus
2216 2252 2451 2309 Julianis
2505 2269 2637 2318 vm,
2675 2254 2869 2309 diebus
2918 2271 2989 2309 xx
3030 2272 3046 2309 :
3093 2262 3224 2325 quot
3279 2263 3427 2310 recte
3482 2254 3644 2310 colli—

2068 2344 2145 2414 git
2169 2342 2289 2399 Dio.

2138 2435 2340 2505 Νέρων
2376 2437 2481 2504 ἐτη
2513 2441 2605 2506 ιγ’.
2642 2433 2913 2490 Eusebius
2939 2450 3113 2490 annos
3153 2432 3405 2489 attribuit
3443 2432 3645 2489 Neroni

2069 2542 2189 2592 xm,
2222 2541 2439 2583 menses
2474 2543 2572 2586 vn.
2612 2527 2729 2582 dies
2766 2542 2935 2581 xxvm
2966 2545 2982 2594 ;
3008 2525 3106 2581 Dio
3131 2540 3305 2581 annos
3339 2540 3464 2590 xm,
3493 2540 3645 2580 men-

2067 2634 2156 2674 ses
2184 2634 2303 2675 vm.
2372 2619 2592 2674 Initium
2644 2618 2875 2674 Neronis
2918 2626 3002 2673 est
3067 2634 3157 2672 xlv
3220 2617 3477 2673 Octobris
3512 2618 3642 2671 anni

2069 2709 2385 2780 Dionysiani
2440 2709 2550 2777 54;
2599 2724 2631 2763 a
2660 2723 2769 2779 quo
2812 2708 2986 2779 putati
3026 2707 3155 2762 anni
3193 2707 3474 2771 tredecim,
3517 2722 3642 2761 cum

392 2806 539 2849 anno
570 2795 694 2863 7H,
744 2796 801 2854 id
844 2808 930 2856 est
964 2781 1213 2870 proximo
1247 2818 1278 2857 a
1329 2820 1463 2862 nece
1505 2806 1652 2864 Julii.
1688 2809 1822 2865 Nam
1870 2813 1964 2870 ιο-
2000 2781 2042 2836 Β
2070 2802 2354 2857 mensibus
2385 2808 2533 2868 octo,
2567 2800 2827 2857 desinunt
2860 2801 2916 2854 in
2942 2815 3042 2854 xm
3077 2797 3464 2854 circiterJunii
3506 2800 3635 2852 anni

394 2886 629 2954 sophus,
681 2888 774 2958 qui
825 2890 894 2945 ab
928 2891 1048 2961 ipso
1077 2890 1309 2949 Julianae
1341 2897 1506 2954 credis
1540 2914 1683 2956 anno
1716 2903 1961 2973 deduxit,

394 2993 568 3034 amnes
596 2980 689 3035 dat
714 2982 964 3051 Angusto
989 2999 1115 3050 Lvu,
1143 3002 1363 3047 menses
1387 3005 1463 3053 vr,
1505 2992 1623 3047 dies
1659 3010 1715 3048 ιι.

463 3069 545 3123 Οὔ
583 3087 745 3137 τινος
793 3072 863 3125 ἐν
904 3063 985 3139 τῷ
1013 3078 1501 3145 τεσσαρακοστῷ.
1547 3082 1704 3136 Anno
1733 3084 1964 3141 Ca‘saris

390 3161 620 3231 Augusti
654 3177 761 3215 χιιι
790 3162 1065 3218 Christum
1100 3166 1153 3219 in
1191 3168 1364 3221 lucem
1413 3169 1618 3224 editum
1670 3188 1795 3229 esse
1836 3189 1962 3229 cum

391 3251 624 3307 Eusebio
658 3262 847 3309 censet
880 3255 1255 3325 Epiphanius,
1296 3260 1503 3328 periodi
1540 3260 1770 3319 Julianze
1800 3265 1962 3330 4712,

387 3341 608 3397 Juliano
638 3360 786 3407 xmv,
827 3345 1048 3402 biennio
1077 3346 1189 3402 fere
1224 3356 1351 3404 ante
1383 3365 1728 3409 communem
1762 3355 1965 3412 Christi

389 3433 651 3487 natalem.
682 3431 827 3487 Nam'
852 3452 902 3490 vt
928 3433 1177 3491 Januarii
1204 3446 1392 3494 natum
1422 3441 1723 3499 existimat.
1758 3444 1833 3501 De
1855 3461 1965 3517 quo

390 3524 459 3575 azl
486 3522 618 3577 haer.
658 3520 720 3579 51
734 3563 748 3578 .

469 3612 725 3682 Τιϐέριος
768 3614 872 3686 ἐτη
923 3623 1033 3687 κγ’.
1069 3617 1290 3676 Tiberio
1343 3637 1476 3677 xxm
1526 3639 1705 3681 annos
1761 3625 1965 3684 solidos

393 3705 628 3774 imputat
671 3703 981 3775 Eusebius,
1033 3724 1100 3766 ex
1149 3726 1324 3783 eoque
1378 3723 1620 3771 noster:
1676 3733 1787 3772 non
1847 3719 1966 3775 sine

388 3809 599 3850 errore.
631 3794 876 3852 Dicerem
918 3807 973 3854 et
1002 3799 1091 3854 hic
1112 3838 1128 3865 ,
1167 3809 1222 3857 et
1253 3802 1309 3857 in
1340 3801 1588 3875 Augusto
1608 3845 1625 3869 ,
1672 3808 1963 3864 rotundum

390 3902 680 3942 numerum
716 3898 1058 3948 consectatos
1095 3907 1251 3959 esse,
1299 3895 1404 3950 nisi
1447 3896 1502 3950 in
1537 3897 1660 3954 aliis
1691 3898 1966 3970 plerisque

396 3993 611 4034 incuses
648 3994 712 4034 ac
745 3980 862 4036 dies
911 3976 1271 4053 adiecissent;
1306 4001 1444 4057 quos
1473 3988 1699 4057 proinde
1726 3990 1782 4046 in
1806 3991 1966 4048 Tibe-

392 4069 476 4122 rio
526 4070 866 4139 praztcr‘mitti
900 4088 1011 4128 non
1059 4076 1319 4144 oportuit.
1362 4075 1608 4136 Mortuus
1646 4088 1730 4136 est
1774 4083 1964 4154 Angu-

2073 2889 2386 2959 Dionysiani
2409 2888 2502 2945 68.

2142 2979 2381 3045 Γαλϐᾶς
2431 2977 2632 3049 μῆνας
2664 2976 2731 3039 ζ’.
2766 2978 2823 3033 In
2870 2980 3137 3034 Ancorato
3171 2990 3284 3037 tres
3329 2996 3361 3035 e
3415 2994 3643 3034 numero

2072 3067 2424 3137 imperatores
2455 3067 2743 3139 expunxit,
2784 3067 2926 3123 haud
2967 3083 3101 3123 sane
3145 3069 3360 3123 merito.
3397 3067 3639 3134 Quorum

2016 3198 2023 3205 κ
2071 3160 2278 3230 primus
2326 3156 2495 3213 Galba
2558 3159 2794 3230 septimo
2841 3159 3056 3229 imperii
3103 3174 3292 3216 mense
3338 3159 3640 3216 trucidatus

2069 3261 2172 3314 est,
2205 3258 2266 3305 ut
2288 3250 2453 3304 refert
2473 3248 2769 3305 Suetonius
2790 3259 2843 3304 et
2866 3250 3156 3307 Eusebius.
3183 3250 3283 3306 Dio
3314 3268 3365 3306 Ix
3402 3253 3451 3307 ei
3490 3267 3639 3306 men-

2071 3355 2180 3405 ses,
2215 3341 2334 3396 dies
2362 3355 2483 3407 xm,
2517 3339 2791 3395 concedit.
2828 3340 2970 3395 Otho
2992 3356 3092 3396 xcv
3132 3341 3344 3411 imperii
3368 3343 3459 3398 die
3496 3358 3639 3397 mor-

2072 3438 2198 3484 tuus
2224 3438 2327 3494 est,
2355 3437 2581 3484 auctore
2618 3427 2919 3498 Suetonio;
2957 3425 3060 3496 vel,
3102 3442 3160 3486 ut
3194 3432 3313 3497 Dio,
3348 3449 3431 3488 xc.
3469 3432 3635 3488 Vitr-l-

2072 3520 2177 3574 lius
2194 3534 2396 3574 annum
2422 3535 2589 3574 unum
2613 3520 2921 3590 imperavit,
2945 3522 3130 3577 decem
3162 3523 3355 3579 diebus
3368 3527 3628 3596 exceptis,

2070 3610 2145 3666 ait
2178 3609 2295 3666 Dio.
2333 3610 2678 3683 Colliguntur
2694 3612 2765 3667 ab
2792 3613 2942 3667 obitu
2959 3612 3191 3670 Neronis
3214 3618 3343 3670 anni
3372 3616 3502 3679 duo.
3524 3620 3636 3675 dies

2070 3700 2309 3771 quinque
2337 3720 2351 3756 :
2382 3701 2477 3772 qui
2509 3700 2768 3757 desinunt
2806 3703 2861 3758 in
2898 3718 3101 3760 annum
3133 3707 3336 3763 Christi
3375 3709 3463 3772 70,
3495 3708 3633 3764 Junii

2072 3792 2183 3848 fere
2210 3808 2364 3848 xvm.
2398 3793 2562 3863 Atqui
2608 3792 2929 3863 jamdudum
2957 3795 3209 3854 Vitellius
3248 3800 3475 3854 obierat.
3516 3799 3637 3855 Fal-

2069 3900 2189 3940 sum
2214 3892 2299 3940 est
2336 3887 2500 3955 igitur
2542 3885 2729 3939 tandiu
2781 3881 3007 3942 Galbam
3048 3906 3112 3945 ac
3160 3892 3435 3946 Vitellium
3470 3894 3633 3962 impe-

2069 3993 2241 4033 rasse.
2298 3976 2596 4033 Suetonius
2640 3975 2916 4032 Vitellium
2957 3983 3032 4034 ait
3078 3990 3266 4037 natum
3307 3999 3430 4039 esse
3468 3984 3649 4073 Druso‘

2068 4080 2123 4128 et
2156 4069 2411 4126 Norbano
2432 4086 2601 4137 coss.,
2632 4064 2781 4141 Sept.
2821 4090 2920 4138 vn,
2980 4074 3062 4128 rel
3104 4091 3250 4130 xxiv.
3277 4077 3329 4133 ls
3354 4085 3441 4133 est
3465 4092 3632 4135 annus

391 4134 757 4218 stus—duobus
798 4162 979 4221 Sextis
1004 4134 1173 4233 cos-3,,
1206 4182 1353 4223 anno
1384 4134 1713 4242 Dionysiaqq
1744 4173 1840 4239 14,
1860 4134 1969 4244 συὶ-
1994 4134 2036 4191 C
2068 4161 2298 4217 Julianze
2352 4161 2538 4218 fortuna
2588 4162 2676 4227 60,
2703 4162 2907 4219 Christi
2943 4165 3026 4220 15.
3063 4165 3298 4223 Periisse
3326 4185 3454 4224 vero
3497 4185 3631 4224 anno

392 4252 529 4306 riodi
556 4253 784 4310 Juliana:
808 4256 967 4321 4727,
998 4273 1086 4313 xrv
1113 4257 1232 4313 Kal.
1260 4258 1435 4330 Sept.,
1471 4271 1530 4316 ut
1552 4264 1627 4318 ait
1650 4262 1965 4321 Suetonius.

391 4343 644 4400 Tiberius
683 4362 811 4402 vero
838 4340 1068 4402 moritur
1097 4366 1209 4403 xvu
1252 4348 1481 4407 Kalend.
1509 4355 1768 4425 Apr.,Cn.
1803 4356 1968 4411 Acer-

395 4436 549 4491 ronio
580 4436 811 4491 Proculo
835 4445 888 4491 et
914 4438 976 4494 C.
1008 4439 1203 4495 Pontio
1234 4458 1407 4509 coss.,
1442 4456 1587 4499 anno
1638 4444 1969 4517 Dionysiano

390 4527 482 4589 57,
511 4543 624 4597 per.
658 4526 767 4584 Jul.
793 4529 955 4585 4750.
989 4530 1336 4589 Intervallum
1379 4552 1646 4591 annorum
1681 4554 1818 4602 xxu,
1847 4539 1967 4596 die-

393 4634 514 4673 rum
536 4634 681 4683 ccrx,
717 4620 819 4675 hoc
850 4629 935 4677 cst
969 4625 1235 4679 mensium
1277 4626 1389 4681 fere
1433 4643 1527 4681 vn.
1570 4627 1725 4693 Quod
1756 4636 1969 4700 tempus

389 4718 478 4764 est
502 4709 775 4766 Tiberiani
808 4712 1040 4783 imperii.
1070 4714 1180 4772 Nec
1208 4727 1350 4771 recte
1382 4717 1479 4772 Dio
1506 4717 1803 4787 imperasse
1831 4722 1968 4776 scri-

393 4802 473 4856 bit
504 4809 699 4872 praeter
726 4818 901 4861 annos
933 4821 1067 4870 χιιι,
1101 4822 1316 4864 menses
1343 4825 1440 4873 vn,
1474 4825 1539 4863 ac
1565 4809 1683 4867 dies
1717 4812 1962 4871 totidem.

394 4892 528 4948 Nam
570 4895 687 4951 dies
725 4910 847 4951 ccrx
893 4913 1017 4953 eum
1048 4902 1468 4958 excurrentibus
1501 4903 1635 4961 iisce
1683 4908 1965 4964 mensibus

394 5000 462 5039 ac
489 4985 700 5052 diebus,
731 5003 908 5059 neque
932 4990 984 5044 in
1005 4987 1220 5047 Juliana
1252 4993 1449 5060 forma,
1479 5010 1657 5069 neque
1680 4998 1733 5053 iu
1762 4999 1963 5066 iuuari,

394 5086 491 5133 aut
520 5078 839 5151 Egyptiaca
865 5084 1143 5155 adaequari
1179 5097 1430 5155 possunt.

465 5170 647 5237 Γάιος
672 5174 776 5240 ἔτη
810 5181 877 5244 γ’.
904 5173 1175 5234 Eusebius
1210 5193 1386 5233 annos
1405 5179 1454 5234 ei
1472 5180 1804 5250 tribuittres,
1840 5198 1963 5238 eum

393 5260 678 5320 mensibus
708 5282 784 5335 x;
815 5266 914 5322 Dio
946 5283 1121 5325 annos
1146 5286 1227 5334 ιιι,
1254 5285 1470 5327 menses
1498 5286 1574 5334 ιι,
1605 5272 1725 5327 dies
1756 5288 1961 5341 xxvm;

393 5354 692 5410 Suetonius
742 5370 958 5412 menses
989 5373 1019 5411 ιι
1041 5398 1056 5422 ,
1087 5357 1205 5414 dies
1241 5373 1358 5412 vm.
1407 5357 1490 5412 Ab
1520 5364 1648 5412 ante
1686 5358 1827 5413 diem
1873 5375 1961 5413 xvi

2068 4259 2246 4312 aetatis
2275 4271 2385 4310 Lvn
2413 4270 2429 4321 ;
2455 4254 2601 4325 quod
2624 4263 2682 4339 et
2706 4254 2929 4312 Tacitus
2959 4260 3299 4328 conprobat.
3328 4258 3383 4313 Si
3416 4259 3518 4314 hoc
3548 4276 3628 4315 ve-

2072 4365 2190 4403 rum
2220 4354 2326 4410 est,
2351 4347 2467 4401 iniit
2509 4363 2685 4403 annus
2721 4347 2840 4417 ejus
2871 4362 2977 4403 Lvlt
3036 4347 3253 4404 Juliano
3289 4350 3409 4416 ll6,
3432 4349 3630 4406 Christi

2073 4446 2158 4499 7i.
2187 4441 2344 4509 Quod
2383 4442 2427 4497 si
2461 4449 2583 4511 post
2620 4439 2844 4496 Kalend.
2872 4439 2995 4495 Jan.
3027 4441 3184 4504 obiit,
3227 4440 3457 4511 contigit
3487 4457 3628 4496 mors

2069 4535 2190 4605 ejus
2239 4533 2443 4589 Christi
2485 4532 2575 4586 72.
2622 4532 2782 4602 Atqui
2826 4531 3146 4603 Vespasiani
3193 4532 3407 4586 initium
3447 4532 3628 4586 incidit

2070 4624 2128 4681 in
2157 4624 2358 4681 Christi
2393 4625 2482 4687 69,
2506 4623 2923 4687 Julianumlli,
2958 4635 3017 4678 ut
3052 4626 3213 4693 paulo
3250 4632 3374 4693 post
3406 4623 3626 4679 dicetur.

2071 4716 2263 4773 Verior
2297 4723 2382 4773 est
2436 4719 2622 4787 itaque
2677 4715 2867 4772 Dionis
2927 4716 3176 4782 historia,
3236 4716 3328 4786 qui
3367 4715 3627 4769 Vitellium

2070 4825 2217 4865 anno
2252 4808 2430 4864 aetatis
2481 4822 2570 4862 Ltv
2602 4812 2878 4860 mortuum
2927 4821 3048 4859 esse
3101 4805 3314 4861 scribit.
3353 4805 3467 4860 iloc
3496 4806 3626 4858 enim

2070 4902 2234 4957 modo
2264 4901 2321 4955 in
2363 4912 2567 4952 annum
2627 4896 2831 4952 Christi
2870 4895 2960 4961 ϐυ,
3012 4895 3290 4951 Julianum
3337 4895 3461 4960 lli,
3494 4910 3628 4950 mors

2069 4990 2216 5047 illius
2259 4987 2572 5043 incurrerit.
2616 4982 2723 5040 Sed
2781 4981 2949 5040 trium
2992 4985 3209 5040 illorum
3252 4985 3628 5055 imperatorum

2071 5093 2179 5136 tam
2203 5078 2379 5144 initia,
2420 5092 2582 5147 quam
2605 5075 2787 5131 exitus
2819 5075 3140 5148 perobscuri
3171 5083 3319 5142 sunt,
3342 5074 3411 5131 de
3440 5075 3628 5145 quibus

2071 5174 2205 5227 alias
2223 5170 2564 5227 enucleatius
2597 5178 2811 5240 agetur.

2142 5261 2599 5326 Οὐεσπασιανὸς
2647 5262 2752 5328 ἔτη
2788 5262 2855 5316 θ’.
2915 5258 3185 5316 Eusebius
3229 5265 3424 5329 prater
3467 5271 3628 5315 annos

2071 5356 2319 5420 totidem,
2356 5355 2546 5411 tribuit
2575 5369 2791 5409 menses
2808 5361 3067 5423 praeterea
3094 5365 3170 5417 χι,
3207 5352 3326 5407 dies
3358 5365 3503 5412 xxu;
3537 5365 3631 5405 nec

389 5445 619 5502 Kalend.
652 5449 781 5517 Apr.
807 5462 915 5518 quo
954 5448 1240 5519 imperium
1281 5448 1426 5514 iniit,
1456 5462 1598 5502 anno
1628 5447 1957 5521 Dionysiano
1999 5464 2042 5520 ι)
2076 5450 2232 5520 longe
2271 5447 2425 5504 abest
2464 5445 2586 5511 Dio,
2653 5445 2745 5516 qui
2788 5445 3090 5515 imperasse
3137 5442 3334 5499 scribit
3378 5455 3548 5497 annos
3579 5453 3624 5502 ι,

394 5554 600 5599 xxxvu,
639 5539 707 5594 ad
740 5556 793 5594 ιχ
828 5540 945 5595 Kal.
974 5539 1132 5596 Febr.
1166 5541 1293 5595 anni
1324 5542 1415 5606 41,
1454 5555 1563 5610 quo
1609 5541 1968 5615 interemptus

369 5621 479 5682 est
510 5624 697 5695 Caius,
728 5631 855 5683 anni
896 5641 1024 5685 sunt
1060 5630 1216 5685 solidi
1243 5644 1322 5694 ιιι,
1355 5644 1478 5683 cum
1514 5626 1707 5689 diebus
1736 5646 1923 5713 cchrv
1954 5654 1965 5689 :

392 5718 512 5775 hlve
555 5719 835 5776 mensibus
861 5720 1093 5778 Julianis
1134 5737 1168 5777 ι
1197 5737 1319 5777 cum
1352 5723 1543 5780 diebus
1580 5739 1694 5779 vm.

2072 5542 2257 5595 minus
2320 5540 2514 5595 diebus
2562 5554 2636 5593 v1.
2693 5537 2989 5593 Suetonius
3035 5542 3224 5590 natum
3282 5548 3405 5590 esse
3465 5532 3628 5602 prodit

2071 5633 2465 5705 Vespasianum
2523 5648 2590 5684 xv
2629 5628 2857 5701 Kalend.
2892 5626 3144 5682 Decemb.
3172 5623 3237 5691 Q.
3282 5625 3511 5696 Sulpitio
3546 5623 3626 5680 (Ia-

2070 5727 2298 5788 mcrino,
2325 5722 2381 5777 C.
2416 5723 2631 5791 i’oppro
2655 5720 2855 5774 Sabino
2893 5735 3058 5783 coss.,
3081 5716 3454 5787 quinquennio
3490 5723 3628 5769 autc-
