3978 6220
339 385 341 388 ‹
404 345 507 402 5M

1366 344 1453 398 DE
1486 342 1921 401 ROMANORUM
1965 347 2140 406 ΙΜΡΡ.
2184 346 2702 425 CHRO'NOLOGIA.

3570 350 3678 405 ΜΞ

403 475 576 532 quam
628 458 905 527 Augustus
961 458 1267 511 excederet.
1320 456 1420 511 llic
1448 466 1532 512 est
1569 473 1746 513 annus
1782 457 1982 531 Diony-
2014 464 2053 522 Α
2085 479 2228 518 anno
2257 465 2326 518 58
2357 465 2583 518 ineunte
2605 458 2887 523 Januario,
2924 475 3051 514 cum
3105 461 3287 514 adlmc
3315 459 3431 514 Caii
3466 459 3677 529 primus

405 553 606 608 sianus
629 550 683 605 9.
717 549 877 602 Addit
903 548 1106 604 vixisse
1143 563 1316 605 annos
1357 565 1506 612 thx,
1549 565 1770 606 menses
1802 565 1896 613 vn,
1931 566 1996 605 ac

402 644 527 699 dies
558 659 653 698 vn.
685 642 789 708 Qui
841 656 870 694 a
921 639 1244 695 Novembris
1276 656 1384 693 xvn
1411 641 1500 695 die
1529 642 1658 693 anni
1692 641 1824 694 noni
1845 656 1996 695 com-

406 735 610 803 putati,
662 733 922 787 desinunt
973 731 1028 785 in
1087 739 1211 784 ante
1262 731 1406 784 diem
1435 745 1489 783 tx
1541 730 1770 786 Kalend.
1800 729 1993 795 Julias,

408 823 529 879 sive
549 840 683 877 xxm
711 823 882 888 Junii,
918 837 1030 891 quo
1072 821 1161 876 die
1197 822 1507 876 exstinctus
1537 822 1607 875 ab
1639 823 1832 876 eodem
1860 823 1998 878 dici-

408 920 524 978 tur,
569 915 697 967 anni
731 913 936 968 Christi
973 913 1060 974 79,
1095 912 1299 966 Juliani
1332 914 1450 967 ιιι.
1489 912 1656 982 Igitur
1679 928 1824 967 anno
1847 914 1999 967 Chri-

410 1004 486 1056 sti
515 1003 586 1057 79
649 1015 901 1058 mortuns
957 1010 1038 1057 est
1083 999 1482 1072 Vespasianus.
1528 1001 1646 1056 Jant
1693 1018 1822 1057 vero
1873 1018 1997 1057 cum

410 1093 631 1161 imperii
669 1093 884 1163 primus
915 1094 1032 1148 dics
1065 1108 1132 1147 ex
1173 1092 1238 1145 A.
1288 1091 1352 1144 D.
1389 1092 1619 1146 Kalend.
1659 1091 1769 1145 Jul.
1807 1107 1998 1146 nume-

411 1179 524 1232 rari
549 1187 766 1248 caaptus
790 1180 882 1242 sit,
910 1179 1103 1234 eodem
1135 1187 1360 1232 auctore
1393 1176 1681 1243 Suetonio,
1700 1193 1764 1232 ac
1788 1179 1994 1239 decem,

411 1270 612 1338 paucis
647 1270 892 1339 exceptis
930 1267 1152 1328 diebus,
1193 1283 1368 1322 annos
1409 1267 1749 1337 impleverit;
1787 1269 1832 1322 si
1854 1282 1999 1322 anno

408 1358 626 1415 Christi
662 1360 728 1416 79
755 1359 1031 1415 aKalend.
1064 1359 1226 1414 Juliis
1255 1359 1492 1414 initurus
1517 1360 1680 1413 fuerit
1711 1373 1888 1413 annus
1921 1375 1996 1426 xl,

407 1451 630 1518 primus
653 1449 974 1519 Vespasiani
1001 1437 1505 1504 annus‘inchoatus
1535 1460 1622 1504 est
1662 1465 1808 1504 anno
1836 1449 1998 1503 Chri-

410 1539 483 1591 sti
537 1537 630 1601 69,
677 1537 895 1591 Juliano
924 1537 1046 1602 1M,
1079 1545 1203 1607 post
1228 1552 1459 1601 annum,
1495 1548 1550 1592 et
1585 1539 1792 1606 aliquot
1821 1537 1938 1591 dies
1968 1550 1999 1588 a

408 1629 651 1684 Neronis
700 1629 874 1684 obitu.
936 1629 1040 1683 Sed
1089 1628 1342 1684 Vitellius
1374 1635 1500 1698 post
1544 1629 1761 1683 initium
1794 1626 2002 1698 Vespa-

411 1722 558 1775 siani
591 1722 776 1790 plures
814 1736 1033 1776 menses
1069 1723 1332 1776 traduxit.

2100 553 2398 617 laberetur,
2461 567 2639 606 annus
2690 551 2864 620 ipsius
2893 563 2984 605 LVI
3033 550 3256 619 incipiet
3286 551 3354 603 ab
3395 547 3678 602 Decembri

2099 658 2287 698 mense
2338 644 2465 698 anni
2526 643 2617 706 92,
2671 652 2795 710 post
2826 641 3042 696 initium
3075 641 3204 694 anni
3251 656 3328 695 xu
3365 639 3677 694 Domitiani.

2100 735 2278 801 Quare
2302 743 2360 788 ut
2386 735 2660 790 scribendi
2685 737 2842 788 linem
2866 733 3054 787 fecerit
3087 730 3311 786 Octobri
3340 745 3524 786 mense
3551 732 3679 782 anni

2099 827 2189 889 93,
2221 826 2275 879 id
2307 825 2567 880 acciderit
2602 840 2747 879 anno
2783 825 2906 878 vitae
2937 837 3050 880 suae
3085 837 3194 888 LVI,
3230 823 3518 876 Domitiani
3551 836 3682 874 vero

2103 929 2219 968 xm.
2253 913 2354 967 Eat-
2391 929 2539 968 nunc
2570 929 2694 968 cum
2717 913 2811 967 illo
2826 927 2929 966 suo
2947 912 3372 981 epiphonemate
3403 909 3678 978 Scaliger:

2104 1009 2194 1062 Ita
2222 1009 2452 1079 quotidie
2482 1007 2829 1077 periclitando
2852 1007 3012 1076 [idem
3029 1017 3227 1060 nostrae
3258 1004 3510 1069 methodi,
3547 1002 3679 1056 alie-

2101 1114 2195 1152 nos
2226 1113 2428 1152 errores
2454 1097 2907 1165 deprehendimus.

2184 1190 2287 1242 Ἑν
2355 1190 2545 1255 τούτῳ
2591 1188 2672 1251 τῷ
2735 1188 2954 1254 χρόνῳ.
3023 1184 3194 1239 Valde
3245 1184 3528 1248 ἰδιωτικῶς
3583 1186 3687 1241 hoc

2100 1281 2239 1334 dixit
2294 1279 2651 1349 Epiphanius,
2714 1278 2824 1331 Titi
2879 1286 3124 1347 tempore
3180 1274 3686 1347 Hierosolymorum

2099 1369 2373 1423 excidium
2435 1369 2715 1423 incidisse.
2792 1369 2948 1434 Quod
2995 1368 3249 1422 excusari
3297 1369 3484 1436 aliquo
3523 1369 3690 1422 modo

2103 1465 2301 1526 potest,
2345 1465 2404 1511 ut
2451 1457 2776 1521 πλαέυκῶς,
2815 1458 2912 1509 hoc
2938 1466 3188 1525 tempore,
3222 1456 3272 1510 id
3305 1466 3387 1511 est
3419 1457 3524 1512 sub
3567 1458 3688 1514 istis

2105 1547 2567 1616 imperatoribus,
2611 1562 2808 1615 nempe
2846 1547 2950 1601 sub
2989 1545 3350 1615 Vespasiano,
3391 1548 3690 1617 contigisse

2104 1638 2262 1698 velit;
2292 1651 2417 1689 nam
2450 1636 2772 1706 Vespasiani
2817 1651 2962 1690 anno
2993 1636 3239 1691 secundo
3261 1653 3292 1689 a
3317 1638 3440 1690 Tito
3472 1645 3688 1692 vastata

2104 1738 2235 1782 sunt
2258 1727 2667 1796 Hierosolyma:
2699 1735 2760 1782 ut
2787 1727 2929 1782 inter
2952 1734 3181 1781 caeteros
3197 1727 3401 1781 diserte
3417 1727 3689 1796 Josephus

489 1820 660 1884 Τίτος
680 1817 784 1885 ἐτη
807 1817 936 1871 δύο.
993 1816 1195 1871 Prteter
1232 1818 1512 1873 biennium
1559 1817 1807 1888 duosque
1851 1831 2002 1871 men-
2034 1797 2074 1852 Β
2105 1818 2336 1872 aﬂirmat
2368 1820 2462 1872 lib.
2500 1834 2575 1882 νι,
2623 1833 2743 1887 cap.
2774 1818 2878 1883 27;
2937 1820 3191 1883 altermn,
3237 1821 3382 1888 quod
3419 1823 3688 1888 sequitur,

411 1924 526 1970 ses,
557 1909 847 1979 imperarit
884 1909 1080 1977 viginti
1114 1917 1376 1977 praeterea
1404 1907 1554 1973 dies;
1593 1921 1716 1960 nam
1747 1914 2000 1962 mortuus

410 2009 497 2054 est
521 1998 600 2053 ld.
635 1998 809 2069 Sept.,
841 1999 945 2052 hoc
972 2011 1054 2054 est
1083 2015 1178 2052 xm
1203 1999 1292 2052 die
1329 1999 1571 2061 mensis;
1599 1999 1799 2068 quibus
1830 1999 2001 2054 additi

419 2100 634 2160 septem
669 2090 877 2145 residui
904 2090 973 2161 de
1006 2087 1172 2143 Junio
1213 2089 1344 2142 anni
1379 2088 1468 2152 79,
1511 2089 1630 2143 dies
1654 2089 1844 2159 viginti
1866 2103 2002 2143 con-

419 2181 618 2234 liciunt
638 2194 807 2249 supra
835 2180 1138 2246 biennium,
1163 2189 1216 2235 et
1240 2194 1455 2234 menses
1471 2180 1631 2232 duos.
1651 2177 1800 2233 Obiit
1823 2179 2002 2248 itaque

413 2288 564 2328 anno
599 2271 807 2327 Christi
848 2271 938 2335 8|,
965 2271 1184 2326 Juliano
1221 2271 1342 2325 126.
1377 2269 1532 2324 Unde
1566 2269 1784 2324 initium
1819 2269 2002 2326 Domi-

413 2365 552 2418 tiani
610 2363 918 2433 consurgit.
980 2362 1352 2434 Castigandus
1393 2377 1524 2417 vero
1559 2370 1644 2418 cst
1686 2361 1999 2432 Eutropius,

411 2455 510 2526 qui
559 2468 780 2510 menses
813 2461 960 2520 octo,
989 2453 1108 2510 dies
1141 2453 1336 2524 viginti
1377 2468 1542 2525 supra
1582 2453 1862 2508 biennium
1897 2453 2001 2508 im-

413 2558 597 2621 putat.
1449 2533 1452 2538 ’

485 2638 835 2708 Δομνττανὸς
851 2636 955 2704 ἔτη
979 2635 1064 2690 ιε’.
1092 2633 1372 2698 Mendosc,
1398 2643 1458 2688 ιιι
1481 2643 1533 2689 et
1553 2633 1838 2695 Eusebius.
1858 2635 2002 2704 quod

415 2729 484 2783 ad
513 2745 730 2783 menses
755 2728 1084 2796 attinet.pro
1108 2725 1512 2795 quibusscribe
1543 2725 1754 2797 ἡμέρας
1788 2725 2000 2778 s'.Nam

413 2822 709 2892 imperavit
752 2821 914 2875 annis
963 2820 1309 2890 quindecim,
1374 2819 1568 2874 diebus
1621 2820 1885 2889 quinque,
1929 2819 2005 2871 ait

411 2913 540 2969 Dio.
593 2913 894 2968 Suetonius
927 2925 983 2968 et
1043 2911 1337 2982 Eutropius
1378 2927 1523 2966 anno
1564 2912 1756 2982 quinto
1793 2911 2005 2965 decimo

421 3003 643 3074 imperii
677 3011 951 3057 mortuum
979 3015 1101 3056 esse
1143 3010 1389 3057 narrant.
1425 3002 1471 3054 Α
1500 3018 1589 3055 xw
1611 3001 1700 3055 die
1727 2999 2000 3070 Septemb.

418 3093 686 3162 postridie
717 3108 883 3163 quam
941 3092 1099 3146 Titus
1154 3101 1491 3156 excesserat,
1528 3091 1596 3146 ad
1646 3107 1737 3145 xtv
1772 3090 2000 3144 Kalend.

416 3186 666 3251 Uetobr.,
697 3185 801 3239 hoc
832 3192 916 3239 est
949 3187 1014 3238 ad
1047 3187 1177 3239 xvm
1239 3184 1544 3254 Septemb,
1577 3198 1687 3254 quo
1714 3184 1803 3238 die
1833 3184 2004 3237 inter-

420 3276 598 3330 iectus
617 3284 702 3331 est
730 3274 1094 3341 Domitianus,
1126 3274 1243 3329 dies
1270 3284 1398 3328 sunt
1440 3289 1558 3336 sex,
1589 3273 1814 3329 excluso
1853 3287 2000 3325 mor-

418 3367 494 3420 tis
521 3367 630 3422 dic.
661 3365 914 3420 Totidem
946 3368 1090 3420 ultra
1125 3366 1334 3420 solidos
1363 3380 1541 3419 annos
1571 3379 1869 3419 excurrere
1906 3379 2002 3418 ne-

419 3473 577 3514 cesse
605 3467 708 3520 cst,
741 3472 848 3512 non
898 3473 1116 3513 menses
1155 3457 1343 3514 diesve
1391 3458 1601 3528 plures.
1653 3457 1720 3509 At
1759 3454 2004 3525 Scaliger

376 3600 381 3605 ,
421 3551 517 3606 lib.
547 3567 577 3604 v
608 3549 680 3603 De
707 3549 911 3604 eniend.
928 3559 1087 3618 temp.
1117 3548 1506 3605 Domitianum.
1533 3555 1724 3602 contra
1758 3561 2005 3601 commu-

424 3655 546 3695 nem
576 3640 818 3694 omnium
837 3639 1188 3702 sententiam,
1208 3654 1386 3694 annos
1405 3639 1671 3693 duntaxat
1706 3638 2005 3707 imperasse

423 3737 579 3797 putat
620 3728 1033 3797 quatuordecim
1088 3744 1214 3783 cum
1265 3729 1458 3783 diebus
1496 3728 1761 3797 quinque,
1807 3734 1864 3782 et
1909 3725 2002 3796 qui

427 3821 580 3874 aliter
604 3828 869 3882 statuant,
914 3821 1099 3874 minus
1126 3835 1220 3874 eos
1241 3819 1537 3889 prudemer
1567 3819 1746 3874 facere
1771 3819 2000 3887 judicat.

427 3911 539 3962 lmo
572 3925 704 3963 vero
735 3925 928 3979 parum
965 3911 1057 3964 ille
1111 3925 1245 3964 sane
1284 3911 1602 3979 prudenter.
1637 3909 1825 3977 Neque
1857 3909 2001 3963 cnim

430 4001 612 4069 negari
647 4007 846 4068 potest,
902 4001 1036 4068 quin
1085 3999 1430 4054 Domitianus
1479 4015 1655 4054 annos
1690 3999 2002 4067 quindecim

395 4100 400 4105 ‘
428 4092 749 4160 expleverit,
787 4105 850 4144 ac
887 4091 956 4144 de
986 4101 1143 4144 sexto
1173 4090 1386 4145 decimo
1419 4105 1622 4159 paucos
1654 4091 1770 4144 dies
1804 4088 2006 4144 libave-

429 4181 530 4245 rit;
560 4180 643 4234 vel
701 4180 932 4249 ipsemet
976 4187 1201 4234 auctore
1241 4179 1542 4248 Scaligero.
1582 4177 1816 4233 Occisus
1859 4177 2005 4231 enim

425 4277 510 4325 est
557 4267 620 4323 C.
657 4266 881 4323 Valente
920 4276 975 4322 et
1027 4266 1269 4322 Antistio
1306 4265 1500 4321 Vetere
1543 4281 1715 4330 coss.,
1746 4264 2006 4334 Eutropio

426 4369 480 4414 ct
526 4358 808 4429 Xiphilino
842 4359 1099 4420 testibus,
1127 4366 1188 4412 ut
1217 4365 1271 4414 et
1303 4357 1544 4426 Scaliger
1589 4357 1643 4410 in
1683 4356 2006 4412 Eusebianis

2102 1910 2508 1965 excusationem
2543 1925 2759 1964 omnem
2792 1909 3070 1964 excludit:
3123 1911 3381 1964 nimirum
3423 1912 3692 1966 accidisse

2103 2000 2311 2053 cladem
2365 1999 2512 2052 illam
2566 2006 2690 2067 post
2741 2013 2944 2052 annum
2997 2013 3027 2050 ιι
3059 1997 3322 2053 Passione
3356 1999 3568 2053 Domini
3596 2000 3692 2064 65,

2103 2105 2228 2144 cum
2267 2089 2460 2146 diebus
2519 2091 2747 2157 aliquot.
2811 2090 2976 2158 Atqui
3011 2089 3282 2145 Eusebius
3315 2091 3367 2144 in
3409 2091 3689 2154 Chronico,

2104 2197 2132 2234 a
2163 2183 2354 2250 quinto
2389 2154 2778 2236 decimdanno
2816 2154 3047 2248 Tiberii,
3080 2189 3135 2237 ct
3168 2180 3238 2235 ab
3267 2183 3493 2236 exordio
3522 2197 3691 2238 cvan-

2103 2274 2287 2342 gelicae
2314 2274 2722 2343 praedicationis
2772 2288 2949 2328 annos
2989 2289 3097 2327 χιιι
3128 2275 3345 2343 elapsos
3379 2289 3502 2329 esse
3525 2274 3690 2338 dicit;

2104 2364 2243 2416 lib'ro
2267 2378 2394 2418 vero
2413 2379 2472 2419 ιιι
2496 2363 2660 2424 Ηὶει..
2687 2379 2809 2434 cap.
2830 2365 2881 2428 7,
2915 2377 2947 2417 a
2973 2362 3235 2420 Passione
3264 2364 3480 2418 Domini
3514 2380 3693 2418 annos

2104 2453 2313 2509 solidos
2338 2471 2424 2508 ιιι..
2463 2455 2632 2521 Quem
2671 2456 2848 2510 locum
2875 2458 3080 2512 frustra
3113 2457 3169 2509 in
3201 2455 3694 2510 animadversioni-

2103 2544 2206 2599 bus
2238 2545 2562 2601 Eusebianis
2596 2548 2948 2617 interpolavit
2976 2548 3253 2618 Scaliger:
3305 2555 3359 2603 et
3399 2558 3687 2618 postquam

2107 2635 2472 2692 Eusebianum
2515 2638 2568 2692 in
2605 2648 2922 2695 contextum
2969 2641 3134 2696 verba
3168 2641 3418 2710 quaedam
3450 2641 3690 2700 intrusit,

2104 2743 2225 2797 quae
2257 2727 2449 2783 falsam
2487 2732 2814 2785 sententiam
2861 2733 3249 2801 exprimerent,
3285 2733 3338 2785 in
3377 2732 3692 2793 Eusebium,

2103 2821 2263 2888 quasi
2292 2821 2416 2888 ejus
2449 2829 2752 2886 auctorem,
2786 2823 2987 2893 stylum
3017 2823 3306 2877 convertit.
3345 2824 3557 2878 Etenim
3593 2823 3694 2875 lib.

2107 2911 2199 2964 illo
2244 2926 2304 2963 ιιι
2351 2911 2418 2965 de
2457 2911 2956 2983 Hicrosolymitana
2999 2915 3152 2970 clade
3201 2915 3480 2970 scribens.
3509 2914 3693 2967 Ταῦτα

2105 3000 2194 3063 δὲ,
2241 3001 2449 3070 inquit,
2496 3002 2564 3055 ἂν
2605 3003 2690 3070 εἴη
2731 3002 2938 3055 δίκαιον
2973 3003 3274 3067 ἐπιθεῖναι,
3327 3003 3364 3056 δι
3389 3004 3604 3070 γένοιτο
3627 3004 3693 3058 ἂν

2106 3091 2487 3160 παραστατικὰ
2509 3091 2918 3163 φιλανθρωπίας
2939 3093 3041 3163 τῆς
3067 3093 3387 3162 παναγάθου
3412 3095 3690 3164 προνοίας,

2105 3182 2518 3253 τεσσαράκοντα
2547 3185 2633 3253 ἐφ’
2667 3183 2810 3248 ὅλοις
2841 3183 2986 3236 ἔτεσι
3021 3184 3159 3254 μετὰ
3188 3185 3288 3255 τὴν
3318 3185 3555 3254 Χριστοῦ
3571 3185 3692 3237 1:6)!—

2110 3290 2216 3344 μαν
2256 3274 2348 3325 τὸν
2404 3277 2522 3328 κατ’
2557 3276 2736 3328 αὐτῶν
2778 3274 3000 3345 ὄλεθρον
3047 3275 3516 3346 ὑπερτιθεμένηςο
3567 3279 3694 3329 Ilico

2106 3372 2406 3440 adjicienda
2440 3372 2624 3423 merito
2654 3377 2813 3430 sunt;
2841 3382 2907 3421 ex
2932 3367 3360 3446 quibusoptimaz
3388 3367 3536 3420 illius
3568 3381 3693 3435 pro-

2106 3463 2348 3518 videntia:
2377 3463 2671 3531 benignitas
2706 3468 2990 3527 appareat,
3044 3473 3160 3526 qua:
3192 3459 3314 3510 totis
3336 3457 3692 3526 quadraginta

2106 3556 2260 3608 annis
2290 3563 2407 3622 post
2444 3553 2784 3606 commissum
2819 3552 2874 3604 in
2921 3548 3192 3604 Christum
3231 3549 3439 3618 facinus
3470 3549 3692 3601 illorum

2104 3645 2324 3698 exitium
2358 3642 2588 3696 distulit.
2647 3640 2746 3696 Hic
2774 3641 3025 3695 tuendam
3058 3655 3186 3695 esse
3217 3639 3532 3708 suspicatur
3557 3637 3692 3692 Sca-

2107 3733 2260 3801 liger,
2280 3739 2335 3786 et
2353 3732 2572 3801 quidem
2607 3730 3052 3792 vetustissimam,
3076 3744 3198 3799 qua:
3232 3738 3286 3784 et
3319 3730 3636 3798 agnoscitur
3663 3744 3694 3780 a

2107 3823 2324 3878 Rufino.
2346 3821 2478 3875 Nam
2503 3831 2626 3890 post
2653 3822 2738 3890 ἐφ’
2761 3821 2925 3882 ὅλοις,
2951 3819 3145 3874 deesse
3168 3820 3280 3874 vult
3306 3820 3482 3884 δυσίν,
3499 3827 3556 3872 ιιι
3581 3834 3693 3874 xui

2106 3928 2281 3968 annos
2304 3911 2612 3968 aPassione
2644 3912 2868 3966 ﬂuxisse
2897 3911 3183 3978 scripserit
3207 3909 3500 3965 Eusebius.
3530 3910 3692 3969 Tum,

2110 4002 2362 4069 Oportet,
2408 4003 2618 4071 inquit,
2655 4001 2806 4054 valde
2843 4002 2896 4053 in
2944 4000 3269 4054 Iletlenismo
3310 4002 3531 4054 tironem
3559 4017 3695 4058 esse.

2106 4091 2198 4159 qui
2227 4106 2331 4144 non
2363 4090 2535 4142 videat
2565 4104 2836 4142 numerum
2871 4088 3047 4142 deesse
3077 4089 3129 4140 in
3161 4088 3256 4140 illa
3285 4088 3499 4147 lacuna,
3534 4105 3695 4156 quam

2107 4182 2432 4250 reliquimus.
2459 4179 2529 4233 At
2554 4195 2654 4249 ego
2677 4179 2832 4234 valde
2857 4179 3102 4249 κακοήθη
3129 4189 3380 4246 oportere
3401 4179 3550 4231 illum
3573 4195 3695 4234 esse

2110 4274 2258 4339 dico,
2283 4273 2378 4342 qui
2411 4271 2775 4341 scriptoribus
2808 4272 3053 4342 antiquis
3083 4270 3268 4325 invitis
3295 4286 3360 4324 ac
3391 4271 3697 4323 reclaman—

2050 4420 2056 4430 ,
2111 4367 2257 4421 tibus
2304 4379 2435 4419 suos
2467 4378 2684 4442 errores
2725 4362 2945 4434 aﬂingat
2969 4405 2984 4430 ,
3029 4378 3155 4417 nam
3189 4362 3320 4432 quid
3360 4363 3464 4416 ista
3496 4361 3699 4430 depra-

427 4453 576 4506 notis
623 4450 846 4506 asserit.
902 4450 1107 4504 llorum
1158 4465 1288 4504 vero
1317 4451 1639 4504 consulatus
1670 4449 1902 4503 incurrit
1949 4448 2003 4502 in
2038 4472 2080 4526 ι)
2109 4455 2328 4510 vatione
2361 4470 2501 4524 opus
2535 4455 2656 4508 est?
2683 4456 2869 4510 Ληιιοε
2921 4463 3067 4511 ιοιοε
3105 4471 3172 4508 χι
3205 4470 3233 4507 a
3273 4455 3532 4510 passione
3559 4454 3696 4506 du"-

427 4561 629 4599 annum
655 4544 816 4599 Urbis
857 4560 922 4598 ex
978 4543 1319 4598 Varroniana
1353 4543 1736 4611 supputatione
1760 4542 1885 4599 849.
1919 4557 2000 4612 pc-

429 4635 565 4692 riodi
588 4635 819 4691 Juliana:
851 4635 1013 4697 4809,
1052 4634 1257 4690 Christi
1284 4634 1376 4697 96,
1399 4631 1672 4688 Julianum
1702 4634 1822 4696 HI,
1848 4634 2001 4703 cyclo

429 4731 570 4784 luna:
625 4745 686 4782 ιι.
742 4729 824 4783 Ab
855 4743 1000 4782 anno
1045 4727 1253 4782 Christi
1295 4726 1388 4790 8i,
1420 4735 1473 4780 et
1501 4740 1591 4779 xtv
1616 4725 1705 4779 die
1751 4725 1901 4795 Sept.
1931 4726 1998 4779 ad

428 4836 562 4875 xvm
629 4823 778 4890 Sept.
845 4821 970 4874 anni
1028 4820 1098 4874 96
1160 4820 1290 4875 anni
1328 4827 1460 4875 sunt
1496 4820 1834 4889 quindecim,
1883 4818 2001 4872 dics

426 4912 687 4981 quinque.
718 4911 876 4963 Errat
905 4912 1129 4979 insuper
1164 4909 1427 4979 Scaliger,
1467 4909 1597 4963 dum
1624 4925 1678 4978 p.
1700 4907 1804 4962 47G
1847 4906 2001 4962 Jose-

429 5004 594 5072 phum
623 5003 807 5073 arguit
832 5019 847 5067 ;
877 5002 969 5071 qui
995 5003 1049 5056 in
1068 5002 1172 5056 line
1193 5004 1294 5072 τῆς
1338 5002 1787 5070 ’Λρχαιολογίας
1815 5008 1999 5053 natum

428 5109 489 5148 se
504 5093 643 5148 dixit
658 5108 803 5149 anno
821 5094 996 5162 primo
1007 5093 1124 5148 Caii
1144 5111 1158 5159 ;
1183 5103 1346 5163 atque
1363 5108 1500 5162 opus
1516 5108 1675 5148 suum
1700 5092 2001 5149 absolvisse

430 5201 574 5240 anno
625 5202 725 5240 xm
779 5185 1096 5249 Domitiani,
1126 5186 1306 5240 aetatis
1358 5201 1472 5240 sua:
1513 5201 1620 5239 LVI.
1659 5186 1780 5255 Ipse
1820 5193 2000 5239 autem

431 5293 540 5332 uno
569 5282 713 5332 anno
771 5279 957 5332 minus
1003 5277 1210 5331 dixisse
1252 5275 1548 5345 Josephum
1604 5277 1879 5331 existimat
1912 5285 2002 5330 :et

429 5382 536 5422 Lvn
559 5385 734 5424 annos
771 5369 1029 5423 debuisse
1067 5383 1377 5423 numerare.
1415 5368 1471 5420 in
1509 5384 1616 5437 quo
1667 5368 1872 5423 frustra
1899 5381 1999 5424 est.

429 5460 594 5516 Caius
621 5462 764 5516 enim
791 5461 911 5515 iniit
941 5476 1082 5515 anno
1103 5460 1304 5515 Christi
1331 5461 1418 5525 57,
1445 5459 1689 5514 Januarii
1717 5477 1872 5527 xxiv;
1901 5460 2002 5514 Do-

433 5549 641 5602 mitiani
665 5565 791 5605 vero
822 5550 1067 5606 decimus
1094 5551 1289 5614 tertius
1316 5551 1481 5618 cmpit
1513 5564 1654 5604 anno
1677 5549 1879 5606 Christi
1913 5551 2000 5615 95,

431 5656 495 5694 cx
523 5639 610 5695 die
643 5658 732 5696 xiv
791 5642 1065 5712 Septemb.
1120 5641 1417 5713 Fingamus
1471 5650 1657 5695 natum
1683 5658 1808 5697 esse
1851 5641 2004 5698 Jose-

435 5729 596 5800 phum
636 5746 781 5788 anno
825 5733 942 5804 ipso
988 5733 1054 5786 37
1100 5733 1326 5796 Christi,
1361 5730 1640 5788 Deccmbri
1678 5746 1885 5794 mcnsc,
1923 5734 2002 5789 vel

2105 4556 2213 4601 tam
2243 4558 2366 4601 esse
2394 4545 2602 4599 cladem
2630 4544 2776 4598 illam
2807 4545 3058 4597 allirmat.
3091 4543 3146 4596 In
3179 4558 3288 4613 quo
3322 4543 3426 4597 sibi
3457 4541 3699 4599 maxime

2103 4643 2509 4690 consentaneus
2538 4643 2642 4688 est.
2673 4633 2730 4687 In
2755 4631 3038 4698 Chronico,
3067 4643 3120 4689 ct
3148 4635 3202 4686 iu
3234 4635 3326 4686 lib.
3353 4650 3368 4685 ι
3391 4632 3532 4686 Hist.
3567 4644 3690 4701 cap.

2105 4728 2194 4790 10.
2215 4728 2493 4783 Christum
2521 4741 2668 4781 anno
2701 4745 2766 4780 xv
2794 4727 2998 4782 Tiberii
3034 4729 3366 4796 baptizatum
3397 4741 3542 4787 esse,
3569 4740 3696 4793 pas-

2103 4834 2226 4873 sum
2277 4833 2408 4872 vero
2445 4834 2577 4872 xvm
2625 4828 2814 4874 censet
2846 4819 3131 4874 Eusebius.
3191 4819 3271 4871 Ad
3318 4833 3450 4871 xvm
3483 4815 3689 4872 Tiberii

2104 4925 2306 4962 annmn
2345 4909 2623 4978 ascriptus
2646 4917 2728 4964 est
2755 4909 2957 4964 Christi
2991 4925 3163 4963 xxxu.
3189 4911 3258 4961 At
3289 4923 3418 4962 vero
3443 4907 3696 4962 Hieroso-

2104 5001 2424 5070 lymitanum
2457 5001 2730 5055 excidium
2773 5016 2918 5054 anno
2952 4999 3274 5070 Vespasiani
3315 5001 3351 5053 2
3405 5015 3692 5070 compara.

2103 5100 2192 5144 tur
2228 5089 2283 5144 in
2315 5089 2627 5144 Eusebiano
2663 5088 2923 5144 Chronico
2973 5106 3096 5144 cum
3149 5106 3294 5146 anno
3342 5090 3551 5146 Christi
3606 5090 3693 5143 71-

2103 5182 2376 5238 Detractis
2415 5182 2482 5236 de
2518 5183 2604 5249 71,
2663 5182 2824 5238 annis
2850 5184 2942 5245 52,
2998 5183 3192 5254 reliqui
3236 5192 3372 5238 sunt
3405 5182 3494 5236 59.
3551 5179 3693 5248 Ergo

2105 5289 2250 5328 anno
2281 5274 2348 5328 40
2379 5290 2410 5327 a
2441 5273 2728 5338 Passionc,
2764 5291 2830 5328 ex
2861 5274 3078 5329 Eusebii
3110 5284 3314 5340 mente,
3342 5261 3527 5326 diruta
3562 5278 3690 5324 sunt

2107 5366 2504 5437 Hierosolyma.
2585 5369 2710 5424 Ideo
2770 5369 3023 5422 Clemens
3077 5365 3480 5420 Alexandrinus
3531 5363 3626 5414 lib.
3671 5377 3690 5414 t

2107 5458 2332 5521 Strom.,
2377 5459 2470 5528 qui
2528 5473 2670 5514 anno
2695 5475 2762 5513 xv
2804 5459 3009 5514 Tiberii
3064 5456 3380 5511 l’assionem
3425 5451 3685 5520 assignat.

2107 5552 2265 5606 annis
2300 5566 2434 5613 xui,
2475 5553 2758 5608 mensibus
2802 5552 2981 5606 tribus
3017 5557 3202 5619 postea
3241 5544 3338 5614 τὴν
3367 5543 3568 5596 ἅλωσιν
3599 5558 3688 5596 ac-
3711 5543 3730 5562 ’

2107 5643 2312 5699 cidisse
2350 5651 2524 5712 putat.
2567 5644 2921 5715 Epiphanius,
2956 5649 3013 5695 ut
3045 5639 3112 5693 ad
3139 5640 3267 5692 bmt‘.
3303 5635 3364 5689 5|
3405 5643 3687 5689 ostensum

2109 5744 2208 5801 cst,
2240 5733 2555 5792 I‘assioncm
2607 5736 2661 5788 in
2703 5750 2824 5788 cum
2873 5746 3075 5786 annum
3107 5726 3360 5792 contulit,
3391 5741 3498 5796 quo
3522 5723 3682 5779 Tibe-
