3978 6220
271 361 380 419 513

1402 342 1744 400 APPENDlX
1785 343 2408 403 υιεδειιτΑτιοΝυΜ.

3422 334 3526 392 δα

265 463 392 522 rius
416 462 458 517 V
494 472 547 518 et
573 460 805 532 Sejanus
845 475 988 515 coss.
1022 457 1208 512 fuere:
1264 458 1358 527 qui
1390 457 1726 530 Dionysiano
1756 474 1841 514 re-
1869 466 1917 520 Α
1942 458 2098 514 deltai
2142 459 2198 513 in
2227 458 2497 527 Computo
2527 463 2827 527 percenset.
2883 451 3089 508 Scribit
3115 451 3260 508 enim
3283 466 3358 507 se
3379 465 3529 506 anno

267 554 498 625 spondet
521 555 609 608 3|.
651 552 786 608 Cum
816 551 980 622 igitur
1008 550 1140 604 urbs
1161 565 1351 605 eversa
1377 551 1452 606 sit
1473 565 1617 605 anno
1648 551 1846 621 Diony-

226 683 230 687 -
270 648 427 702 siano
451 647 538 710 70,
561 660 738 699 annus
759 641 1039 698 Passionis
1065 641 1133 695 ab
1154 642 1370 696 excidio
1393 642 1842 713 quadragesimus

269 744 373 792 est.
413 735 780 804 Corrigendus
810 732 976 802 igitur
997 731 1356 802 Epiphanius,
1389 733 1518 788 dum
1547 750 1650 788 uv
1671 748 1844 789 annos

272 823 652 879 intercessisse
680 821 850 875 dixit:
882 819 1032 890 quod
1062 837 1239 890 neque
1270 836 1301 874 a
1322 820 1639 887 Nativitate,
1671 837 1846 893 neque

269 929 301 966 a
326 913 606 976 Passioue,
646 910 881 966 deducto
901 926 1147 976 numero,
1179 919 1358 981 potest
1393 913 1646 968 obtineri.
1693 912 1846 978 Quod

269 1003 338 1058 ad
378 1016 642 1067 mensem,
676 1003 947 1072 diemque,
998 1017 1108 1072 quo
1161 1004 1421 1073 templum
1446 1011 1502 1058 et
1553 1005 1683 1060 urbs
1711 1007 1835 1074 ipsa

267 1101 481 1147 vastata
523 1102 684 1158 sunt,
732 1096 962 1150 attinet:
1023 1094 1268 1164 Scaliger
1312 1094 1406 1148 lib.
1441 1109 1475 1147 v
1515 1094 1594 1149 De
1640 1096 1842 1149 emend.

267 1192 482 1253 statuit,
511 1191 744 1260 Augusti
776 1205 809 1244 χ
850 1191 1110 1259 templum
1149 1190 1432 1244 incensum
1462 1204 1606 1254 esse,
1653 1190 1846 1245 urbem

269 1297 402 1338 vero
427 1280 766 1351 Septembris
787 1296 907 1346 vnt,
955 1295 1020 1335 ac
1049 1294 1308 1349 praeterea
1337 1279 1526 1335 eodem
1553 1279 1647 1334 illo
1678 1293 1844 1345 anno,

271 1389 365 1428 xw
393 1372 584 1438 Nisan,
631 1373 748 1428 sive
791 1371 1002 1428 Pascha
1053 1373 1109 1426 in
1157 1372 1359 1442 Aprilis
1413 1388 1504 1426 xuv
1546 1371 1844 1438 incidisse;

269 1464 419 1535 quod
443 1465 514 1519 ob
545 1464 861 1518 metbodum
894 1479 1050 1518 suam
1085 1463 1558 1518 accommodatum
1591 1478 1714 1518 esse
1743 1462 1848 1516 mi-

271 1555 427 1609 riﬁce
455 1554 780 1623 triumphat.
828 1552 933 1608 Sed
987 1554 1105 1608 haec
1147 1554 1330 1607 omnia
1362 1553 1846 1606 hallucinationum

270 1652 329 1699 et
349 1645 688 1698 somniorum
731 1645 890 1714 plena
920 1651 1068 1700 sunt.
1128 1642 1262 1696 Nam
1291 1642 1437 1712 quod
1463 1643 1530 1697 de
1557 1641 1725 1698 Nisan
1755 1641 1850 1696 Jo-

273 1734 505 1802 sephum
542 1742 735 1789 testem
779 1735 946 1802 citat,
995 1749 1104 1788 non
1137 1734 1488 1788 mediocriter
1519 1735 1757 1788 aberrat.
1797 1732 1848 1788 Is

271 1822 424 1875 enim
462 1821 558 1876 lib.
600 1837 634 1876 v
664 1821 765 1890 τῆς
800 1821 1096 1887 Ἁλώσεως
1128 1836 1249 1890 cap.
1285 1822 1342 1874 11
1375 1822 1448 1876 ita
1476 1821 1701 1876 scribit:
1733 1821 1838 1873 Λω

275 1911 545 1980 φήσαντος
569 1909 628 1962 δὲ
661 1909 799 1979 πρὸς
823 1911 996 1981 βραχὺ
1026 1910 1118 1963 τοῦ
1158 1909 1358 1980 θύραζε
1395 1909 1656 1979 πολέμου,
1687 1911 1850 1963 πάλιν

271 2001 422 2055 ἔνδον
451 2003 484 2072 ὴ
508 2000 698 2065 στάσις
729 2002 1074 2074 ὲπηγείρετο,
1111 2003 1206 2056 καὶ
1234 2003 1333 2072 τῆς
1355 2002 1464 2057 τῶν
1481 2002 1604 2066 Ἀζύ
1614 2019 1728 2073 μων
1764 2004 1853 2056 ἐν-

273 2095 482 2164 στάσης
504 2093 737 2165 ἡμέρας,
783 2095 1346 2166 τεσσαρεσκᾳιδεκάτῃ
1370 2095 1634 2148 Ξανθικοῦ
1660 2094 1849 2166 μηνὸς,

270 2182 332 2234 ἐν
421 2182 667 2236 δοκοῦσιν
691 2183 934 2236 Ἰουδαῖοι
959 2181 1052 2236 τὸν
1080 2165 1298 2253 ’ῗτρῶτον
1323 2183 1699 2254 ἀπαλλαγῆναι
1731 2202 1853 2239 και-

274 2273 369 2344 ρδν
395 2273 730 2342 Αἰγυπτίων.
784 2273 1113 2344 Azymorum
1155 2272 1298 2326 diem
1347 2273 1538 2328 iniisse
1583 2274 1717 2328 dicit
1760 2290 1853 2332 xw

272 2362 465 2428 Nisan,
488 2379 595 2433 qua
620 2363 710 2420 die
737 2363 1110 2419 liberatitolim
1139 2363 1206 2418 ab
1231 2362 1554 2434 Egyptiaca
1588 2365 1854 2420 servitute

273 2455 507 2509 fuerant.
535 2452 766 2510 Ruﬁnus
810 2453 1036 2525 Josepbi
1061 2453 1385 2524 depravator
1412 2455 1509 2510 lib.
1541 2472 1616 2522 vr,
1648 2457 1851 2526 capA,

274 2546 475 2610 Aprilis
506 2561 592 2600 xiv
642 2545 908 2612 reddidit;
959 2547 1122 2616 idque
1155 2545 1453 2616 Scaligero,
1500 2545 1760 2611 Calvisio,
1798 2557 1854 2603 et

273 2637 396 2691 aliis
418 2638 698 2706 imposuit.
751 2635 858 2692 Sed
889 2653 1049 2694 nemo
1072 2646 1156 2694 est
1189 2639 1357 2694 hebes
1388 2639 1545 2704 adeo,
1577 2640 1670 2710 qui
1702 2638 1856 2697 Jose-

275 2728 444 2798 phum
493 2743 603 2783 non
663 2729 844 2784 videat
886 2729 956 2785 de
1006 2729 1182 2783 lunari
1223 2744 1430 2794 mense,
1484 2745 1593 2784 non
1638 2728 1854 2784 Juliano

275 2835 341 2875 ac
371 2819 479 2874 ﬁxo
509 2820 679 2890 loqui,
723 2835 850 2875 cum
883 2819 1074 2876 eodem
1116 2820 1205 2876 die
1233 2819 1368 2874 illud
1400 2821 1648 2877 evenisse
1683 2820 1852 2885 dicat,

273 2925 384 2981 quo
407 2910 574 2967 Judxi
610 2912 888 2981 quondam
916 2928 984 2968 ex
1013 2910 1253 2983 Egypto
1289 2913 1680 2982 migraverant.
1741 2912 1854 2966 lloc

275 3019 405 3059 vero
444 3019 534 3058 xlv
567 3003 734 3058 Nisan
770 3004 1004 3072 lunaris,
1057 3005 1171 3059 sive
1205 3004 1492 3075 ἀκριϐοῦς,
1535 3019 1631 3058 seu
1676 3004 1854 3060 civilis

1943 548 2173 604 Judaieo
2205 548 2344 604 5299
2376 549 2433 602 in
2460 548 2631 604 variis
2681 559 3078 617 syaagogarum
3130 542 3328 598 tabulis
3357 541 3530 596 adno—

1945 647 2114 694 tutum
2144 639 2414 709 reperisse
2435 677 2452 705 ,
2501 637 2634 692 alibi
2684 643 3069 690 contractuum
3106 649 3310 688 annum
3342 631 3526 700 i849;

1945 746 1976 784 a
2002 731 2339 786 desolatione
2372 730 2560 802 templi
2584 729 2752 796 “69;
2793 728 2922 782 alibi
2949 733 3331 780 contractuum
3365 724 3526 791 1850,

1945 819 2294 876 desolationis
2329 819 2501 886 M70;
2539 818 2667 872 alibi
2695 823 3079 872 contractuum
3124 813 3283 878 1851,
3308 812 3528 867 desola-

1945 909 2112 965 tionis
2135 909 2291 963 1479.
2328 911 2535 964 Auctor
2558 908 2674 978 ipse
2696 921 2901 962 annum
2923 903 3211 960 Judaicum
3247 903 3386 958 5299
3405 917 3530 958 esse

1947 1008 2102 1070 putat
2133 1015 2163 1053 a
2194 999 2538 1055 desolatione
2585 999 2746 1054 1470.
2805 997 2945 1052 Tum
2978 995 3151 1059 addit,
3183 1009 3213 1048 a
3239 993 3404 1057 Tisri,
3434 993 3530 1061 qui

1945 1088 2133 1158 templi
2189 1090 2548 1143 vastationem
2598 1087 2844 1156 proxime
2911 1082 3201 1154 sequitur,
3249 1080 3530 1134 numerari

1948 1196 2124 1236 annos
2178 1178 2421 1234 Semitah
2487 1187 2543 1234 et
2582 1176 2872 1232 Jubilzeos:
2929 1175 3067 1230 adeo
3122 1181 3183 1227 ut
3214 1187 3389 1226 annus
3416 1172 3529 1236 ille,

1945 1273 2108 1341 cujus
2133 1271 2280 1327 Tisri
2313 1271 2708 1327 desolationem
2746 1268 2984 1338 excepit,
3017 1266 3183 1320 fuerit
3218 1264 3344 1317 noni
3371 1260 3530 1316 Jubi-

1947 1364 2033 1418 laei
2079 1363 2326 1418 decimus
2373 1362 2615 1431 quintus.
2674 1361 2866 1414 Annus
2908 1356 3174 1411 Judaicus
3222 1354 3360 1408 5299
3409 1353 3532 1406 iniit

1949 1468 2092 1508 anno
2122 1453 2328 1523 periodi
2350 1452 2582 1507 Juliana:
2597 1450 2758 1516 6251,
2777 1449 2984 1505 Christi
3015 1447 3176 1509 1558,
3203 1445 3270 1501 de
3297 1459 3405 1515 quo
3435 1443 3533 1498 de-

1947 1547 2140 1600 tractis
2163 1545 2300 1600 H70
2329 1551 2613 1600 remanent
2641 1542 2730 1596 68.
2771 1540 2954 1607 Quare
2977 1553 3044 1594 ex
3077 1538 3230 1593 illius
3257 1535 3529 1590 sententia

1949 1637 2250 1693 Tisrianni
2299 1637 2442 1706 ejus,
2495 1635 2553 1688 in
2607 1649 2768 1704 quem
2818 1631 2976 1686 urbis
3002 1628 3275 1684 excidium
3316 1627 3530 1692 incidit,

1949 1729 2115 1799 coepit
2137 1741 2284 1782 anno
2301 1726 2506 1782 Christi
2531 1725 2622 1789 68,
2643 1732 2698 1780 et
2727 1723 2978 1794 sequenti
3001 1721 3070 1776 69
3095 1723 3356 1791 templum
3383 1735 3536 1775 ever-

1949 1835 2092 1885 sum,
2121 1833 2265 1873 anno
2293 1816 2622 1872 Sabbatico:
2676 1829 2804 1869 nam
2830 1820 2996 1883 caput
3031 1827 3155 1867 arae
3194 1811 3344 1865 illius
3374 1827 3406 1864 a
3433 1810 3534 1865 de-

1951 1911 2242 1974 solatione,
2277 1908 2536 1964 convenit
2566 1907 2711 1963 Tisri
2764 1906 2893 1960 anni
2929 1903 3249 1975 Dionysiani
3277 1903 3367 1963 69.
3409 1909 3535 1971 post

1953 2003 2214 2073 templum
2241 2001 2503 2057 dirutum.
2546 1998 2670 2055 Uno
2699 1998 2866 2068 igitur
2895 1999 3114 2052 aberrat
3144 2010 3311 2050 anno.
3331 1994 3533 2050 Verius

1949 2095 2220 2158 sentiunt,
2266 2107 2406 2162 quos
2437 2098 2630 2145 auctor
2671 2089 2762 2144 ille
2792 2088 2985 2144 scribit
3014 2103 3220 2143 annum
3244 2085 3533 2140 Judaicum

1949 2184 2088 2240 5299
2114 2197 2400 2238 numerare
2442 2198 2473 2235 a
2509 2179 2844 2236 desolatione
2875 2179 3036 2235 1469.
3084 2177 3359 2236 Detractis
3383 2177 3536 2232 enim

1950 2279 2017 2332 de
2045 2276 2188 2332 5299
2213 2276 2372 2331 annis
2399 2274 2538 2329 1469
2567 2279 2732 2329 restat
2761 2287 2944 2328 annus
2967 2272 3146 2337 5830;
3194 2270 3354 2340 cujus
3388 2268 3536 2325 Tisri

1955 2368 2124 2438 cmpit
2163 2382 2309 2422 anno
2336 2365 2540 2422 Christi
2573 2364 2663 2430 69,
2696 2379 2805 2434 quo
2831 2364 2945 2432 jam
2993 2363 3294 2417 inclinante
3325 2359 3535 2417 Christi

1951 2473 2096 2512 anno
2119 2455 2538 2525 septuagesimo,
2567 2460 2779 2510 vastata
2801 2461 2930 2507 sunt
2949 2451 3349 2522 Hierosolyma,
3382 2463 3534 2504 anno

1952 2550 2128 2621 primo
2167 2547 2436 2604 Semitab.

2019 2641 2285 2709 Νερούας
2336 2639 2471 2704 ἕτος
2498 2638 2587 2693 ἓν.
2639 2636 2883 2693 Pessime
2933 2635 2990 2691 in
3037 2636 3304 2689 Ancorato
3344 2634 3438 2708 ἐτη
3465 2635 3532 2690 δ’.

1952 2733 2224 2789 Eusebius
2268 2733 2382 2795 ita,
2433 2738 2490 2784 ut
2539 2731 2642 2785 hoc
2689 2731 2841 2796 loco,
2876 2733 3080 2783 ann’um
3123 2744 3293 2782 unum
3320 2743 3536 2784 menses

1951 2836 2184 2896 quatuor
2206 2825 2482 2896 assigimt;
2516 2822 2614 2878 Dio
2641 2837 2836 2878 novem
2858 2822 2978 2876 dies
3008 2821 3159 2876 addit
3185 2837 3200 2887 ;
3234 2819 3534 2890 Eutropius

1952 2925 2100 2972 octo.
2131 2917 2175 2970 Α
2209 2918 2298 2972 die
2335 2930 2470 2969 xvnt
2515 2915 2666 2983 Sept.
2702 2914 2832 2968 anni
2859 2912 3062 2968 Christi
3094 2911 3163 2966 96
3191 2912 3260 2966 ad
3293 2927 3346 2966 vt
3378 2912 3463 2967 vel
3503 2927 3536 2967 v

1951 3009 2180 3064 Kalend.
2216 3007 2538 3074 Febr.,sive
2575 3004 2820 3060 Januarii
2867 3005 3182 3070 xxvn,anni
3209 3005 3298 3068 98,
3345 3003 3536 3059 Nervae

273 3092 777 3194 incideratbeinde
808 3093 1059 3194 quamvis
1073 3093 1102 3148 J
1112 3095 1350 3148 ulianum
1378 3111 1620 3152 mensem
1642 3095 1856 3152 intelle-
1877 3137 1922 3194 α
1955 3109 2168 3170 tempus
2199 3099 2332 3153 illud
2350 3097 2654 3153 intercedit.
2678 3096 2822 3152 Obiit
2845 3095 3030 3166 itaque
3052 3111 3196 3150 anno
3216 3094 3417 3150 Christi
3442 3093 3533 3161 98,

273 3183 731 3256 xisseJosepbum
755 3186 1150 3253 existimemus,
1171 3187 1392 3241 minime
1425 3189 1470 3242 is
1502 3194 1683 3242 tamen
1697 3187 1852 3258 Apri-

275 3276 347 3332 lis
389 3277 517 3340 erit,
567 3277 664 3332 sed
712 3276 959 3331 Martius.
1009 3277 1221 3331 Etenim
1255 3277 1591 3332 Macedonici
1637 3293 1854 3332 menses

275 3368 435 3423 aliter
465 3378 801 3438 usurpantur
833 3383 864 3422 a
892 3366 1152 3438 Josepho,
1187 3384 1350 3438 quam
1387 3385 1417 3422 a
1440 3367 1647 3425 Graecis
1670 3377 1856 3440 poste-

277 3457 541 3522 rioribus,
575 3456 1089 3529 Syromacedonici:
1129 3467 1213 3514 est
1242 3459 1462 3528 quidem
1500 3470 1854 3532 utrorumque

274 3551 466 3606 eadem
492 3551 819 3621 appellatio;
851 3551 946 3607 sed
974 3550 1310 3607 Macedonici
1343 3568 1580 3616 menses,
1605 3569 1728 3606 cum
1763 3553 1853 3608 fixi

278 3650 450 3706 sunt,
520 3658 630 3698 uno
671 3658 860 3699 mense
906 3643 1436 3714 Syromacedonicos
1487 3645 1850 3712 antecedunt;

278 3733 333 3787 id
367 3733 508 3803 quod
545 3733 794 3804 pluribus
823 3737 891 3788 ad
935 3734 1066 3789 hter.
1106 3735 1169 3790 51
1203 3735 1537 3791 declaratum
1570 3745 1673 3792 est.
1707 3736 1854 3792 Xan-

276 3824 460 3878 thicus
485 3832 567 3880 est
599 3840 701 3880 usu
729 3825 1248 3895 Syromacedonum,
1271 3834 1326 3880 et
1345 3826 1657 3883 Graecorum
1678 3829 1850 3900 Aprili

279 3917 574 3986 respondet
598 3933 612 3981 ;
647 3917 793 3973 Lous
821 3917 1107 3989 Augusto;
1139 3919 1520 3977 Macedonicus
1547 3938 1677 3977 vero
1699 3922 1850 3979 Xan-

275 4008 460 4064 thicus
495 4009 688 4065 Martio
716 4011 896 4081 potius
922 4027 1086 4083 quam
1113 4012 1320 4082 Aprili;
1360 4013 1508 4070 Lous
1536 4013 1702 4070 Julio.
1742 4017 1849 4070 Ita-

274 4114 384 4168 que
407 4097 574 4155 Nisan
597 4101 741 4171 apud
768 4100 1062 4174 Josephum
1092 4119 1215 4158 cum
1242 4102 1536 4172 Xantbico,
1560 4105 1706 4162 Lous
1724 4123 1849 4162 cum

276 4189 361 4244 Ab
407 4191 728 4247 confertur:
785 4209 817 4248 e
860 4195 1078 4264 .quibus
1116 4193 1283 4250 Nisan
1331 4196 1539 4251 lunaris
1588 4199 1848 4266 majorem

280 4280 461 4337 Martii
497 4291 729 4352 partem,
761 4283 905 4340 Lous
927 4285 1078 4347 Julii,
1103 4286 1206 4341 sibi
1235 4287 1488 4341 vindicat.
1523 4289 1847 4343 Utrumnam

276 4391 408 4430 vero
430 4376 899 4431 Macedonicorum
923 4378 1187 4432 mensium
1211 4379 1602 4457 appellationes
1621 4380 1687 4433 ad
1714 4383 1848 4435 fixos

1957 3189 2164 3258 periodi
2194 3187 2421 3242 Julian-ae
2454 3187 2612 3252 4511,
2643 3187 2798 3258 cyclo
2821 3187 2964 3240 luna:
2993 3201 3068 3240 IV.
3127 3183 3360 3239 Fallitur
3386 3185 3533 3238 enim

1960 3279 2220 3350 Scaliger,
2264 3280 2356 3350 qui
2403 3294 2528 3334 cum
2571 3277 2625 3332 in
2654 3278 2885 3333 exordio
2915 3277 3124 3342 Nervae,
3173 3285 3338 3347 atque
3375 3277 3530 3332 obitu

1956 3370 2248 3427 Domitiani
2297 3371 2672 3440 consignando
2717 3371 2791 3426 sit
2851 3370 3242 3433 hallucinatus,
3288 3367 3532 3424 eamdem

1955 3465 2011 3520 in
2039 3463 2230 3519 Nerva:
2255 3462 2425 3526 exitu,
2474 3471 2638 3533 atque
2683 3462 2840 3517 initio
2871 3460 3094 3531 Trajani
3123 3462 3340 3531 culpam
3379 3474 3535 3514 com-

1955 3559 2123 3614 misit.
2164 3556 2366 3611 Seribit
2394 3557 2537 3611 enim
2581 3555 2676 3611 lib.
2710 3572 2743 3611 v
2789 3555 2866 3610 De
2886 3555 3086 3610 emend.
3117 3564 3271 3622 temp.
3303 3551 3535 3609 Nervam

1953 3649 2158 3704 abiisse
2194 3648 2348 3719 cyclo
2397 3649 2431 3701 5
2474 3662 2621 3702 anno
2649 3645 3018 3702 Nabonassari
3064 3645 3190 3710 844,
3252 3645 3535 3701 neomenia

1953 3742 2309 3798 Phamenoth.
2353 3739 2451 3794 Est
2498 3741 2587 3794 hic
2633 3755 2810 3796 annus
2844 3755 2958 3810 per.
2991 3736 3102 3795 Jul.
3146 3737 3306 3802 4810,
3330 3738 3534 3792 Christi

1953 3835 2042 3898 97,
2091 3834 2246 3904 cyclo
2296 3832 2438 3886 lunae
2468 3847 2552 3886 ιιι.
2593 3831 2757 3901 Atqui
2791 3846 2890 3885 nos
2925 3831 3172 3899 proxime
3195 3829 3536 3885 demonstra-

1951 3926 2150 3988 vimus,
2203 3923 2591 3988 Domitianum,
2633 3921 2822 3977 Vetere
2848 3929 2902 3976 et
2927 3919 3152 3976 Valente
3173 3936 3343 3984 coss,
3369 3920 3537 3972 inter-

1953 4016 2154 4071 fectum
2191 4030 2316 4070 esse
2343 4029 2487 4069 anno
2516 4013 2720 4068 Christi
2769 4011 2859 4078 96,
2890 4027 3005 4083 per.
3044 4009 3153 4066 Jul.
3187 4009 3351 4073 4809,
3383 4009 3537 4080 cyclo

1950 4109 2180 4164 lumen.
2230 4105 2399 4178 Igitur
2429 4120 2554 4160 cum
2601 4102 2779 4159 Nerva
2822 4120 2932 4158 non
2980 4104 3101 4173 plus
3151 4116 3296 4156 anno
3335 4116 3445 4154 uno
3473 4113 3537 4153 ac

1951 4192 2234 4255 mensibus
2309 4204 2545 4267 quatuor
2603 4203 2659 4250 et
2718 4195 2912 4250 diebus
2976 4208 3172 4249 novem
3234 4190 3536 4262 imperarit,

1951 4292 2174 4347 desierit
2204 4290 2310 4342 hoc
2336 4295 2552 4357 tempus
2580 4300 2810 4340 necesse
2829 4293 2914 4340 est
2931 4284 2986 4338 in
3012 4297 3211 4337 annum
3230 4279 3536 4340 Cln'isti98.
3595 4275 3598 4279 '

1951 4383 2166 4454 cyclum
2202 4381 2345 4434 luna:
2377 4395 2451 4444 IV,
2490 4377 2697 4448 periodi
2719 4376 2828 4432 Jul.
2861 4376 3024 4430 4711.

273 4466 597 4522 etJulianos
625 4468 967 4522 transtulerit
989 4466 1283 4538 Josephus,
1311 4469 1536 4526 alterius
1561 4472 1662 4526 loci
1691 4483 1744 4528 et
1764 4475 1849 4529 in-
1880 4480 1924 4534 ι)
2027 4469 2436 4527 Absurdissima
2477 4481 2607 4522 vero
2642 4476 2729 4520 est
2759 4465 3008 4534 ejusdem
3060 4461 3326 4534 Scaligeri
3369 4461 3543 4516 casti-

276 4556 458 4612 stituti
509 4557 743 4626 quaastio
795 4566 898 4611 est.
955 4556 1068 4612 Nos
1108 4564 1384 4629 utcunque
1414 4577 1473 4617 se
1502 4577 1590 4618 res
1639 4565 1855 4633 habeat,

277 4661 542 4716 negamus
571 4646 901 4702 Xanthicum
953 4651 1095 4719 apud
1132 4650 1429 4721 Josephum
1463 4654 1697 4724 Aprilem
1738 4672 1860 4714 esse

273 4735 574 4794 lulianum.
647 4739 755 4794 Sed
805 4739 1118 4811 Scaligero,
1172 4752 1229 4798 et
1283 4751 1408 4799 ante
1465 4747 1609 4800 hunc
1663 4747 1859 4805 Rulino

273 4828 592 4885 Graecorum
623 4839 677 4886 et
702 4832 1200 4902 Syromacedonum
1236 4850 1369 4890 usus
1401 4836 1576 4892 fraudi
1611 4839 1733 4905 fuit,
1764 4845 1858 4912 qui

272 4919 439 4973 aliter
460 4936 526 4974 ac
550 4919 874 4977 Macedones
904 4921 1175 4977 mensium
1199 4924 1448 4981 ordinem
1474 4929 1854 4986 instituerunt.

278 5005 416 5063 Vide
447 5025 567 5078 quae
597 5009 666 5064 ad
695 5011 848 5066 illum
881 5013 1062 5067 locum
1091 5014 1222 5071 haer.
1254 5015 1314 5070 51
1353 5018 1576 5075 uberius
1602 5023 1858 5091 exposui-

274 5117 420 5157 mus.
453 5100 819 5168 Quamobrem
847 5121 970 5159 cum
992 5103 1261 5177 Josepbus
1290 5112 1364 5164 ait
1397 5112 1492 5168 lib.
1526 5130 1598 5178 v1,
1630 5091 1748 5184 cap.
1764 5115 1854 5178 26,

274 5193 491 5248 decimo
532 5195 622 5249 die
654 5193 751 5250 Loi
799 5197 1005 5253 mensis
1060 5203 1322 5270 templqu
1354 5203 1722 5274 deﬂagrasse,
1789 5207 1858 5261 ad

273 5285 478 5341 Julium
523 5289 746 5357 potius,
817 5305 980 5358 quam
1033 5292 1337 5364 Augustum
1389 5299 1661 5366 pertinere
1703 5307 1854 5366 puto,

274 5378 734 5450 quemadmodum
795 5389 848 5434 et
905 5397 1029 5436 cum
1091 5394 1280 5440 narrat
1329 5401 1452 5455 cap.
1483 5387 1551 5439 47
1577 5427 1592 5451 ,
1625 5388 1855 5456 Gorpiaei

274 5471 484 5526 mensis
508 5485 606 5524 vttt
635 5471 822 5528 urbem
857 5490 978 5530 esse
1011 5477 1356 5542 subversam,
1407 5479 1654 5550 Augusto
1683 5481 1856 5550 magis

274 5579 442 5635 quam
474 5562 780 5634 Septembri
805 5569 1099 5623 convenire
1124 5571 1395 5640 suspicor.

348 5654 701 5712 Hebraeorum
733 5657 800 5713 de
838 5675 982 5714 anno
1021 5661 1380 5716 desolationis
1429 5663 1612 5734 templi
1648 5663 1859 5720 discre-

275 5754 474 5814 pantes
505 5757 636 5806 sunt
675 5749 979 5817 sementim,
1028 5766 1166 5820 quas
1201 5751 1266 5808 Β.
1296 5753 1549 5810 lssachar
1581 5756 1683 5813 ben
1707 5756 1853 5814 Mor-

1962 4563 2128 4633 gatio,
2155 4575 2264 4631 qua
2294 4557 2628 4614 Onufrianos
2664 4555 2862 4610 Fastos
2890 4555 3190 4625 redarguit,
3213 4554 3358 4624 quod
3386 4553 3538 4624 paria

1961 4655 2245 4710 consulunt
2303 4654 2414 4707 duo
2461 4651 2654 4706 Nervae
2703 4649 2936 4720 imperio
2991 4651 3239 4704 tribuant
3281 4664 3296 4702 :
3365 4645 3538 4699 Unum

1959 4749 2120 4812 enim,
2153 4746 2354 4815 inquit,
2391 4753 2599 4798 tantum
2637 4758 2737 4812 par
2771 4758 2910 4798 coss.
2947 4739 3378 4810 interﬁciendum
3403 4739 3540 4792 inter

1961 4840 2171 4894 initium
2201 4836 2412 4898 Nervaz,
2444 4845 2494 4890 et
2515 4852 2604 4889 eas
2629 4833 2756 4888 Kal.
2773 4833 3049 4900 Januarii,
3082 4833 3270 4904 quibus
3294 4832 3534 4886 decessit.

1961 4935 2029 4986 At
2056 4929 2213 4984 Fasti
2245 4928 2417 4984 Siculi
2463 4943 2628 4981 unum
2666 4936 2875 4980 tantum
2911 4942 3013 4995 par
3057 4935 3193 4980 recte
3221 4923 3534 4978 attribuunt.

1960 5019 2276 5091 Corrigendi
2314 5020 2478 5090 igitur
2511 5017 2687 5073 Fasti.
2729 5018 2799 5072 At
2841 5019 2960 5088 ipse
3003 5016 3365 5085 corrigendus
3405 5027 3538 5069 sane

1959 5113 2164 5183 potius.
2203 5107 2660 5181 Quandoquidem
2690 5109 2838 5164 enim
2860 5107 3038 5164 Nerva
3069 5122 3216 5162 anno
3244 5105 3447 5160 Christi
3467 5102 3536 5160 96

1957 5208 2190 5259 exeunte
2218 5202 2407 5272 etrapit,
2435 5213 2488 5258 et
2515 5203 2738 5256 ineunte
2761 5202 2852 5263 98,
2881 5202 2987 5255 hoc
3007 5208 3093 5256 est
3115 5215 3167 5252 γι
3221 5197 3340 5253 Kal.
3370 5195 3533 5252 Febr.

1959 5294 2130 5360 obiit;
2156 5293 2266 5348 duo
2295 5292 2446 5363 paria
2482 5307 2631 5348 coss.
2660 5292 2909 5362 ejusdem
2933 5291 3163 5361 imperio
3185 5293 3492 5356 congruunt
3518 5303 3533 5339 :

1959 5383 2216 5439 nimirum
2251 5398 2395 5437 anno
2417 5382 2509 5448 97,
2537 5399 2646 5453 quo
2707 5383 2851 5452 apud
2878 5380 3190 5440 Onnfrium.
3214 5387 3268 5434 et
3294 5377 3349 5432 in
3377 5375 3536 5430 Sicu-

1968 5478 2036 5531 lis
2072 5473 2250 5530 Fastis
2282 5489 2425 5531 coss.
2462 5483 2839 5529 mcmorantur
2867 5471 3042 5528 Nerva
3087 5470 3152 5525 lll
3178 5477 3232 5525 et
3256 5467 3534 5538 Virginius

1959 5567 2134 5623 Rufus
2168 5567 2230 5621 11.
2262 5569 2394 5622 Item
2431 5582 2576 5621 anno
2610 5566 2704 5632 98,
2733 5564 2909 5620 Nerva
2949 5562 3016 5618 ιν
3051 5569 3106 5618 et
3153 5560 3426 5628 Trajanus
3462 5556 3532 5624 ll;

1960 5676 2122 5733 quem
2153 5673 2357 5713 annum
2396 5658 2585 5712 libavit
2618 5656 2815 5714 Nerva.
2839 5655 3027 5726 Neque
3051 5654 3220 5709 Siculi
3245 5651 3394 5706 Fasti
3419 5651 3534 5704 dis-

1963 5756 2165 5819 sident,
2193 5763 2285 5809 aut
2315 5751 2471 5806 aliter
2507 5759 2667 5817 atque
2696 5750 2960 5807 Onufrius
2994 5747 3223 5811 faciunt,
3247 5744 3354 5800 nisi
3383 5746 3531 5813 quod
