3978 6220
402 371 509 429 545

1340 348 1909 419 ne’nonasonuu
1952 361 2133 416 mea.
2175 362 2684 421 CllRONOl.OGlA.

3553 368 3657 425 546

404 484 704 555 Trajanum
734 482 908 538 solum
935 481 1216 536 consulem
1240 482 1345 535 hoc
1366 495 1510 535 anno
1531 479 1767 536 reddunt
1802 497 1814 532 :
1840 478 1984 548 quod
2015 489 2058 545 Α
2091 496 2219 534 ιιιιιιι
2246 482 2553 538 conllictus.
2594 483 2796 538 Statuit
2825 483 3148 550 Adi-ianum,
3178 504 3243 544 ex
3278 490 3571 561 Spartiano
3604 501 3659 547 οι

405 577 661 632 videlicet
690 590 813 630 cum
842 573 1034 645 paucis
1052 572 1246 629 diebus
1273 574 1619 628 consulatum
1650 571 1826 626 Nerva
1856 585 1981 642 ges-

407 669 596 733 sisset,
658 666 810 721 solus
846 664 902 718 in
932 680 998 719 eo
1028 664 1250 720 relictus
1281 672 1366 720 est
1396 663 1689 733 Trajanus.
1733 663 1867 717 Mira
1901 670 1986 717 est

406 760 574 829 igitur
608 755 890 823 ἀλογιστία
946 754 1229 824 Scaligeri,
1281 755 1372 825 qui
1407 765 1515 809 tam
1562 769 1754 809 crasso
1797 767 1987 808 errore

408 864 529 903 sese
559 846 821 900 traduxit.
871 846 1089 900 Atenim
1122 843 1350 899 Menelai
1384 843 1700 899 observatio
1735 843 1983 913 quaedam

408 949 491 995 est
544 939 685 1009 apud
733 937 1089 993 Ptolemaeum
1135 937 1231 992 lib.
1283 951 1383 1001 vn,
1422 952 1478 1007 p.
1525 937 1648 1001 170,
1693 937 1789 1006 Qui
1840 950 1984 991 anno

410 1035 589 1104 primo
614 1031 834 1098 Trajani
868 1030 1051 1085 Romae
1080 1029 1262 1083 lunam
1299 1045 1422 1085 cum
1461 1029 1610 1099 spica
1633 1027 1984 1098 coniunctam

412 1125 646 1187 notavit,
685 1137 829 1177 anno
859 1121 1229 1177 Nabonassari
1260 1121 1385 1185 845,
1414 1120 1618 1175 Mechir
1646 1136 1735 1186 xv,
1759 1136 1989 1190 sequen-

411 1225 465 1271 te
496 1232 607 1269 xvr.
639 1215 909 1284 Congruit
951 1222 1165 1283 tempus
1195 1227 1338 1267 anno
1370 1210 1582 1266 Domini
1611 1212 1699 1275 98,
1732 1227 1848 1281 per.
1876 1210 1984 1267 Jul.

412 1305 573 1369 4711,
610 1303 858 1358 Januarii
890 1318 946 1366 ι,
992 1310 1256 1372 sequente
1290 1316 1368 1355 ιι.
1418 1300 1555 1356 Cum
1601 1302 1765 1370 igitur
1810 1301 1986 1355 Nerva

413 1396 631 1452 nonnisi
689 1412 795 1448 xxv
844 1393 1065 1449 circiter
1094 1391 1340 1447 Januarii
1386 1391 1721 1459 deccSSerit;
1759 1392 1805 1447 si
1844 1407 1988 1447 anno

414 1488 618 1543 Christi
666 1486 736 1541 98
782 1494 1061 1541 mortuum
1105 1500 1227 1540 esse
1272 1485 1539 1549 dicamus,
1590 1484 1989 1539 observationis

414 1579 559 1632 illius
590 1585 837 1646 tempore
867 1576 1108 1629 nondum
1149 1575 1361 1644 primus
1390 1574 1614 1643 Trajani
1647 1590 1825 1628 annus
1848 1575 1986 1628 inie-

414 1676 520 1723 rat.
564 1669 746 1733 Quare
776 1666 991 1721 videtur
1020 1680 1165 1719 anno
1205 1665 1412 1719 Christi
1471 1664 1536 1719 97
1583 1666 1818 1734 coepisse
1854 1663 1989 1717 Tra-

415 1761 577 1830 janus
601 1779 613 1813 :
657 1759 816 1829 cujus
845 1773 990 1813 anno
1020 1758 1196 1827 primo
1219 1765 1472 1824 exeunte,
1499 1755 1744 1811 Januarii
1775 1772 1850 1821 xi,
1871 1756 1988 1811 die-

2086 569 2392 641 X‘philino,
2420 588 2594 629 annos
2635 575 2934 644 imperasse
2966 593 3079 641 xxi,
3121 594 3337 635 menses
3371 598 3447 636 xt.
3484 584 3661 648 Quare

2086 660 2199 714 sine
2234 677 2433 724 errore,
2488 663 2689 732 inquit,
2735 680 3011 732 possumus
3058 666 3139 719 illi
3185 669 3445 737 imputare
3490 690 3659 728 annos

2087 768 2223 805 xxii.
2259 751 2333 807 De
2358 752 2658 821 .Xiphilino
2701 755 2893 809 falsum
2938 764 3041 811 est.
3076 756 3262 828 Neque
3301 762 3444 815 enim
3488 778 3661 818 annos

2086 858 2200 905 xxi,
2233 844 2327 899 sed
2357 860 2428 898 xx
2460 845 2725 898 duntaxat
2768 848 3040 903 attribuit.
3091 850 3261 905 Porro
3303 852 3524 922 Trajani
3558 856 3661 909 ob-

2088 934 2227 988 itum
2284 942 2340 990 et
2374 936 2588 989 initium
2630 935 2853 989 Adriani
2889 938 3099 993 confert
3135 940 3188 994 in
3219 956 3419 996 annum
3458 942 3661 999 Christi

2090 1027 2214 1091 117,
2231 1025 2395 1097 Nigro
2416 1036 2468 1081 et
2487 1028 2803 1097 Aproniano
2823 1044 2995 1094 coss.,
3040 1031 3261 1089 Adriani
3285 1049 3412 1087 vero
3433 1043 3662 1089 mortem

2091 1126 2147 1173 et
2170 1120 2434 1173 Antonini
2470 1121 2757 1175 exordium
2794 1120 2850 1175 in
2878 1135 3081 1176 annum
3110 1123 3311 1179 Christi
3346 1125 3483 1192 437;
3518 1126 3665 1194 quod

2090 1218 2145 1265 et
2178 1226 2300 1281 pag.
2333 1211 2439 1263 200
2484 1211 2700 1281 repetit.
2768 1209 2825 1265 In
2864 1226 2974 1281 quo
3008 1212 3228 1267 biennio
3270 1224 3381 1269 toto
3420 1216 3666 1285 logistiee

2088 1303 2238 1357 illius
2279 1302 2516 1357 aberrat.
2559 1302 2773 1358 Etenim
2819 1318 2927 1373 quo
2967 1318 3114 1358 anno
3153 1302 3372 1359 Juliano
3413 1315 3665 1360 mortuus

2088 1404 2173 1451 est
2205 1396 2503 1459 Adrianus,
2553 1396 2744 1451 eodem
2780 1411 2984 1451 annum
3031 1412 3190 1460 xxul,
3236 1404 3358 1466 post
3399 1412 3664 1461 mensem,

2091 1486 2475 1553 auspicaturus
2506 1494 2664 1539 erat:
2701 1485 2968 1554 siquidem
3011 1500 3228 1541 menses
3254 1490 3317 1539 xt'
3366 1500 3531 1554 supra
3565 1500 3666 1539 an-

2090 1594 2220 1631 num
2260 1594 2350 1632 χιι
2386 1579 2689 1647 imperavit.
2724 1577 2927 1634 Demus
2950 1579 3113 1649 igitur
3141 1593 3285 1633 anno
3308 1578 3515 1632 Christi
3542 1578 3667 1643 117,

2091 1669 2327 1737 Augusti
2359 1671 2568 1725 mensis
2599 1686 2677 1735 ιι,
2712 1670 2982 1741 imperare
3009 1672 3280 1740 coepisse;
3317 1684 3497 1724 annus
3531 1670 3672 1724 vice-

2093 1761 2267 1815 simus
2289 1760 2587 1824 secundus,
2616 1762 2833 1830 expleto
2864 1778 2976 1825 xxi,
3004 1761 3125 1815 iniit
3150 1776 3294 1815 anno
3316 1759 3520 1815 Christi
3548 1762 3667 1823 158,

419 1855 518 1908 bus
544 1860 670 1907 ante
699 1852 927 1907 secundi
964 1850 1180 1904 initium
1213 1865 1305 1904 xiv
1331 1867 1346 1915 ;
1374 1848 1649 1903 Menelaus
1675 1849 1819 1903 enim
1852 1848 1992 1903 luna:
2023 1843 2063 1897 Β
2095 1851 2252 1918 cujus
2282 1866 2334 1903 xi
2370 1852 2576 1906 mensis
2607 1851 2772 1906 desiit
2798 1865 2943 1905 anno
2973 1851 3094 1915 159,
3124 1849 3251 1904 Julii
3285 1867 3337 1915 ι,
3369 1865 3480 1920 quo
3500 1850 3670 1904 mori-

417 1942 860 2015 eonjunctionem
884 1941 1213 1997 observavit.
1235 1938 1312 1993 Ita
1338 1939 1603 2010 Scaliger.
1628 1938 1784 2005 Quod
1808 1941 1986 2009 ipsum

417 2046 501 2094 est
551 2036 787 2107 perleve.
840 2033 1118 2089 Menelaus
1162 2033 1307 2087 enim
1358 2031 1596 2101 primum
1632 2030 1854 2100 Trajani
1895 2047 1992 2085 an-

415 2144 547 2183 num
584 2143 614 2181 a
654 2125 914 2181 Kalendis
947 2124 1224 2179 Januariis
1258 2123 1710 2178 antecedentibus
1747 2126 1991 2177 Itomano

417 2234 569 2274 more
595 2219 912 2287 auspicatus
944 2224 1052 2283 est,
1084 2232 1193 2270 non
1225 2216 1291 2270 ab
1325 2216 1530 2286 epocha
1561 2217 1679 2286 ipsa
1706 2218 1955 2287 praecise.

494 2309 774 2378 Τραϊανὸς
795 2308 900 2375 ἔτη
932 2310 1021 2361 ιϐ’.
1055 2306 1220 2361 Addit
1242 2306 1512 2361 Eusebius
1539 2322 1757 2361 menses
1782 2324 1861 2373 ix;
1894 2306 1991 2361 Dio

416 2418 637 2457 nienses
666 2418 739 2464 νι,
764 2401 884 2455 dies
912 2418 1012 2453 xv:
1039 2400 1373 2469 astipulatur
1394 2408 1447 2452 et
1469 2398 1784 2467 Eutropius.
1808 2398 1994 2451 Victor

419 2510 594 2548 annos
634 2493 725 2547 dat
758 2508 925 2564 prope
959 2492 1171 2562 viginti.
1220 2492 1409 2561 Itaque
1442 2505 1567 2544 cum
1607 2505 1754 2544 anno
1784 2490 1989 2544 Christi

418 2585 507 2651 98,
541 2602 605 2641 ex
634 2584 700 2637 A.
728 2583 789 2637 D.
816 2599 868 2637 vt
902 2582 1127 2637 Kalend.
1154 2580 1313 2635 Febr.
1339 2581 1599 2650 cmperit;
1637 2589 1885 2634 mortuus
1908 2588 1994 2635 est

419 2691 563 2730 anno
600 2675 719 2741 H7,
750 2674 1006 2729 inchoato
1027 2673 1137 2744 jam
1165 2687 1308 2726 anno
1336 2688 1405 2725 xx
1437 2690 1450 2725 :
1483 2672 1643 2739 cujus
1673 2687 1889 2727 menses
1916 2687 1989 2735 ιι,

418 2769 537 2823 dies
574 2784 667 2829 xv,
698 2783 727 2821 a
757 2782 810 2820 γι
844 2764 1073 2820 Kalend.
1130 2763 1290 2819 Febr.
1345 2763 1413 2818 ad
1451 2777 1505 2818 ιν
1570 2763 1646 2819 Id.
1699 2763 1837 2834 Aug.
1880 2765 1992 2833 jam

419 2862 591 2931 elapsi
625 2860 862 2925 fuerant.
895 2857 1169 2913 Postridie
1209 2857 1354 2910 enim
1394 2856 1667 2911 Adrianus
1706 2856 1993 2925 imperium

421 2952 563 3006 iniit.
602 2949 841 3005 Omnino
870 2949 1035 3018 igitur
1070 2962 1214 3000 anno
1250 2948 1451 3003 Christi
1484 2947 1607 3011 117,
1641 2947 1848 3015 periodi
1884 2942 1993 2999 Jul.

421 3045 583 3111 4850,
622 3044 760 3099 obiit
789 3041 1085 3111 Trajanus,
1129 3042 1177 3096 si
1215 3049 1292 3097 tot
1319 3042 1498 3105 annis,
1540 3049 1674 3112 quot
1708 3041 1870 3110 vulgo
1896 3056 1999 3093 nu-

422 3143 725 3199 merantur,
757 3134 1075 3204 imperavit;
1105 3149 1213 3187 non
1244 3132 1407 3197 4829,
1449 3141 1511 3187 ut
1545 3141 1697 3202 putat
1727 3130 1995 3199 Scaliger;

421 3228 565 3298 apud
607 3244 768 3299 quem
802 3242 1092 3299 perperam
1132 3237 1186 3282 et
1226 3227 1461 3291 librarii,
1508 3233 1569 3281 ut
1606 3225 1819 3296 opinor,
1867 3225 1999 3279 vitio

422 3337 598 3377 annus
630 3322 833 3376 Christi
868 3320 969 3375 117
990 3322 1232 3390 ponitur,
1263 3333 1363 3387 pro
1394 3317 1516 3372 116.
1553 3315 1654 3372 Hic
1676 3317 1821 3371 enim
1856 3317 1999 3387 peri-

422 3414 512 3470 odi
554 3413 785 3468 Julianze
814 3429 957 3468 anno
982 3412 1123 3467 4829
1154 3410 1472 3481 respondet.

493 3506 664 3562 Μετὰ·
683 3506 970 3574 Τραϊανὸν
1009 3504 1315 3573 Ἀδριανὸς
1342 3504 1446 3573 ἐτη
1471 3510 1582 3557 κα’.
1624 3502 1819 3557 Mirum
1845 3502 2001 3559 valde

426 3606 510 3657 est
553 3599 919 3667 chronologos
983 3612 1252 3651 annorum
1300 3604 1463 3665 atque
1494 3594 1718 3649 exordii
1769 3594 1997 3649 Adriani

426 3693 771 3767 imperatoris
796 3691 1161 3762 explicatione
1186 3699 1295 3744 tam
1326 3690 1517 3745 leviter
1541 3704 1663 3744 esse
1684 3688 1995 3744 defunctos.

424 3784 590 3854 Atqui
616 3784 760 3838 haud
792 3786 909 3838 scio
936 3798 1005 3837 an
1028 3783 1236 3838 nullius
1265 3782 1612 3851 imperatoris
1637 3790 1851 3850 tempus
1882 3796 1999 3835 ma-

423 3875 596 3944 jorem
624 3890 688 3929 ac
728 3875 1082 3929 diﬂiciliorem
1104 3873 1460 3943 quaestionem
1482 3872 1700 3927 habeat.
1727 3871 1999 3938 Quocirca

428 3966 739 4019 necessario
769 3980 869 4018 nos
894 3966 949 4019 in
979 3964 1032 4019 id
1062 3964 1464 4025 incumbemus,
1497 3972 1559 4015 ut
1584 3960 1629 4016 si
1654 3963 1833 4015 minus
1867 3975 2001 4015 con-

428 4055 750 4109 troversiam
782 4056 1040 4109 tollamus
1078 4070 1318 4118 omnem,
1357 4059 1506 4108 certe
1534 4066 1679 4114 eam,
1712 4051 1795 4105 vel
1831 4050 2000 4105 dissi-

428 4145 767 4200 mulantibus
797 4146 880 4200 vel
930 4159 1039 4199 non
1093 4144 1657 4199 animadvertentibus
1701 4144 1997 4212 plerisque,

428 4243 815 4291 monstremus.
847 4235 1016 4306 Igitur
1046 4234 1371 4305 Spartianus
1402 4234 1458 4287 in
1482 4234 1719 4288 Adriano
1751 4247 1928 4287 annos
1950 4231 2000 4285 ei

426 4328 620 4384 tribuit
656 4345 767 4394 xxi,
795 4343 1012 4383 menses
1052 4343 1128 4382 ιι.
1165 4326 1464 4396 Eutropius
1497 4340 1670 4380 annos
1706 4340 1817 4389 ιιι,
1855 4338 2002 4377 men-

427 4436 516 4476 ses
547 4436 602 4485 x,
627 4420 744 4476 dies
770 4437 864 4475 xx.
892 4422 962 4473 At
996 4419 1182 4474 Victor
1214 4434 1390 4475 annos
1414 4435 1505 4481 xx,
1535 4434 1751 4473 menses
1778 4432 1831 4471 xr
1862 4434 1876 4483 ;
1914 4423 2000 4471 to-

2094 1950 2181 1996 tur
2214 1942 2514 2007 Adrianus,
2547 1958 2672 1997 cum
2706 1942 2885 1997 adhuc
2913 1944 3121 1999 mensis
3154 1959 3297 1997 unus
3323 1943 3388 1997 ad
3430 1958 3543 1997 xxn
3574 1956 3671 1995 an-

2094 2049 2229 2088 num
2267 2035 2595 2103 explendum
2630 2034 2882 2101 deesset;
2912 2044 2972 2089 ut
3003 2050 3159 2098 xxm,
3188 2034 3419 2105 Augusti
3448 2050 3525 2095 xi,
3567 2033 3672 2087 hoc

2091 2132 2175 2179 est
2228 2140 2286 2178 ιιι
2344 2125 2423 2178 ld.
2452 2126 2739 2197 inciperet.
2775 2125 3063 2196 Perperam
3116 2126 3279 2196 igitur
3298 2124 3523 2179 Adriani
3574 2138 3667 2179 ex-

2092 2217 2201 2271 itus
2237 2216 2292 2270 in
2348 2231 2548 2270 annum
2584 2217 2684 2270 157
2716 2217 3031 2285 conjicitur.
3072 2214 3177 2271 Sed
3206 2216 3466 2286 majorem
3496 2215 3669 2270 risum

2092 2308 2361 2375 ejusmodi
2396 2309 2871 2376 argumentatione
2907 2309 3068 2362 tollit.
3103 2308 3309 2373 Annus,
3346 2308 3438 2373 ait,
3473 2307 3671 2362 Christi

2097 2401 2198 2455 157
2240 2408 2317 2454 est
2364 2402 2566 2470 primus
2603 2400 2879 2462 Antonini,
2922 2411 2969 2454 et
3007 2400 3104 2454 158
3145 2416 3307 2469 usque
3338 2400 3407 2452 ad
3446 2414 3672 2452 mensem

2094 2493 2389 2563 Augustum
2418 2502 2495 2545 est
2526 2492 2663 2546 idem
2692 2508 2909 2547 currens
2943 2492 3225 2555 Antonini;
3263 2491 3327 2543 de
3362 2507 3463 2560 quo
3502 2491 3549 2543 si
3582 2489 3674 2539 de-

2097 2585 2415 2637 traxerimus
2454 2600 2619 2637 annos
2648 2584 2740 2647 22,
2788 2582 3076 2637 remanebit
3119 2600 3287 2636 annus
3332 2582 3503 2635 obitus
3538 2580 3673 2633 Tra-

2087 2676 2209 2745 jani
2263 2677 2367 2731 117
2420 2676 2639 2743 Christi,
2690 2676 2861 2745 Nigro
2906 2685 2956 2730 et
3001 2676 3310 2745 Aproniano
3344 2692 3481 2728 coss.
3515 2673 3674 2726 Anno

2095 2770 2304 2825 Christi
2357 2770 2460 2823 158
2514 2769 2682 2837 ραιρῆ
2727 2767 2989 2821 Antonini
3040 2767 3349 2832 secundus;
3398 2765 3674 2819 Adrianus

2099 2868 2277 2915 autem
2306 2860 2471 2929 periit
2505 2875 2650 2913 anno
2684 2860 2783 2913 157
2815 2878 2828 2913 :
2858 2867 2911 2912 et
2935 2868 3116 2912 tamen
3145 2858 3210 2911 ad
3237 2855 3675 2925 investigandum

2100 2953 2315 3006 initium
2345 2951 2592 3013 Adriani,
2641 2951 2708 3004 de
2739 2950 2901 3005 annis
2948 2950 3045 3004 158
3077 2950 3265 3019 viginti
3314 2948 3453 3003 duos
3491 2948 3685 3002 detra-

2101 3044 2207 3110 hit;
2242 3042 2386 3113 quod
2416 3042 2484 3097 de
2521 3042 2645 3105 157,
2679 3042 2789 3094 imo
2822 3040 2889 3094 de
2918 3041 3021 3094 556
3050 3038 3358 3093 faciendum
3400 3047 3540 3101 erat,
3566 3052 3677 3107 quo

2101 3135 2335 3204 coepisse
2362 3133 2566 3187 dicitur
2586 3132 2816 3186 Adriani
2846 3132 3094 3187 ultimus.
3129 3131 3367 3185 Detrahe
3409 3130 3476 3184 de
3514 3132 3675 3185 annis

2112 3228 2244 3287 157,
2288 3224 2481 3295 viginti
2529 3231 2642 3279 tres
2696 3224 2868 3295 (nam
2916 3222 2987 3276 25
3048 3221 3273 3275 Adriani
3337 3221 3674 3275 inchoandas

2100 3324 2219 3372 erat
2252 3331 2397 3369 anno
2436 3314 2562 3385 157)
2615 3321 2945 3384 supererunt
2990 3314 3112 3367 114.
3156 3311 3300 3383 Ergo
3340 3312 3442 3365 115
3469 3310 3674 3365 Christl

2101 3422 2247 3462 anno
2277 3406 2446 3476 cmpit
2476 3405 2701 3459 Adriani
2737 3405 2970 3472 primus,
3013 3404 3252 3459 triennio
3296 3412 3421 3457 ante
3451 3401 3675 3471 Trajani

2100 3500 2330 3561 obitum,
2364 3512 2525 3567 quem
2559 3495 2807 3565 Scaliger
2835 3496 2951 3564 ipse
2991 3495 3204 3549 confert
3230 3496 3285 3548 in
3313 3509 3514 3549 annum
3550 3496 3674 3558 117,

2098 3588 2267 3659 Nigro
2309 3598 2363 3643 et
2396 3587 2715 3658 Aproniano
2761 3602 2905 3641 coss.
2948 3584 3069 3651 Quo
3103 3585 3239 3639 nihil
3284 3594 3369 3641 est
3415 3586 3674 3656 ineptius.

2100 3680 2369 3746 Quocirca
2407 3695 2517 3733 non
2563 3684 2746 3748 potest
2781 3676 3056 3731 Adrianus
3091 3692 3267 3731 annos
3302 3677 3492 3748 viginti
3542 3686 3676 3740 tres,

2103 3787 2212 3826 uno
2240 3785 2427 3826 mense
2464 3770 2649 3825 minus
2682 3769 2973 3839 attigisse:
3006 3782 3107 3821 nec
3145 3769 3381 3838 amplius
3418 3782 3580 3839 quam
3609 3785 3678 3822 xx

2101 3878 2276 3917 annos
2301 3876 2520 3917 menses
2549 3878 2601 3915 ιι
2630 3861 2936 3930 imperavit,
2960 3859 3038 3913 uti
3070 3858 3169 3913 Dio
3190 3866 3354 3928 atque
3384 3859 3679 3929 Eutropius

2103 3954 2371 4007 allirmant
2394 3973 2407 4008 :
2432 3969 2499 4007 ex
2529 3952 2729 4022 quibus
2752 3951 2932 4006 caeteri
2966 3964 3157 4005 omnes
3186 3950 3494 4019 corrigendi
3526 3959 3674 4005 sunt.

2100 4044 2366 4100 Cteterum
2403 4043 2693 4110 Trajanus,
2718 4041 2883 4110 Nigro
2907 4046 2961 4095 et
2992 4039 3301 4108 Aproniam
3335 4055 3504 4104 coss.,
3534 4056 3679 4094 anno

2101 4134 2308 4192 Christi
2346 4132 2444 4185 117
2477 4133 2714 4186 excessit
2738 4146 2768 4184 e
2801 4131 2945 4184 vivis
2974 4130 3221 4198 Augusto
3250 4146 3460 4184 mense.
3524 4129 3680 4184 Unde

2102 4228 2329 4284 initium,
2369 4223 2597 4277 Adriani
2646 4222 2933 4292 consurgit
2975 4237 3041 4276 ex
3086 4230 3213 4276 ante
3252 4222 3395 4276 diem
3442 4238 3502 4276 ιιι
3552 4222 3679 4277 ldus

2100 4318 2349 4387 Augusti.
2417 4316 2535 4381 Quo
2577 4332 2643 4371 ex
2693 4315 2783 4369 die
2820 4315 2991 4383 putati
3036 4313 3164 4368 anni
3204 4331 3295 4379 xx,
3342 4330 3559 4369 menses
3599 4331 3678 4380 ιι,

2101 4408 2361 4462 desinunt
2387 4407 2439 4459 iu
2472 4420 2525 4459 vr
2566 4405 2644 4460 ld.
2672 4403 2782 4459 Jul.
2818 4405 2947 4459 anni
2977 4404 3101 4471 158,
3136 4404 3345 4476 periodi
3373 4402 3482 4458 Jul.
3514 4405 3677 4467 4851,

425 4513 592 4568 tidem
636 4512 754 4567 Dio.
803 4510 959 4579 Quod
1010 4512 1192 4567 verius
1243 4521 1297 4566 et
1341 4517 1445 4575 est,
1493 4516 1548 4563 et
1591 4525 1619 4562 a
1666 4508 1996 4564 Casaubono
2027 4514 2070 4569 ῐ)
2100 4500 2253 4571 cyclo
2282 4500 2423 4553 luna:
2454 4514 2527 4554 vi.

426 4603 689 4666 creditur,
724 4604 779 4657 in
814 4601 970 4656 Notis
1002 4602 1070 4655 ad
1106 4600 1472 4671 Spartianum.
1512 4598 1756 4668 Scaliger
1787 4606 1897 4652 tam
1940 4597 1997 4650 in

422 4696 521 4753 lib.
548 4712 579 4750 v
611 4695 687 4748 De
728 4694 988 4749 emendat.
1029 4704 1376 4763 temp.,quam
1419 4692 1474 4746 in
1512 4690 1882 4745 Animadvers.
1928 4687 1998 4741 ad

430 4786 735 4851 Eusebium,
766 4786 961 4840 miscet
998 4798 1063 4838 ac
1088 4783 1367 4853 perturbat
1396 4782 1604 4836 omnia.
1634 4779 1832 4836 Censet
1851 4779 1999 4834 enim

428 4879 727 4933 Adrianum
754 4892 929 4931 annos
953 4892 1072 4930 ιιιι
1103 4890 1212 4931 uno
1233 4890 1421 4929 mense
1452 4875 1635 4928 minus
1664 4872 1997 4942 imperasse;

431 4972 569 5026 libro
602 4988 633 5025 v
665 4970 739 5024 De
760 4968 1021 5024 emendat.
1060 4976 1215 5036 temp.
1258 4981 1382 5037 pag.
1413 4966 1542 5033 459,
1591 4965 1881 5036 imperium
1925 4963 2019 5033 ait,

430 5060 628 5116 iniisse
666 5073 811 5114 anno
855 5056 1067 5127 periodi
1113 5054 1345 5111 Julianae
1379 5055 1543 5121 4829,
1594 5063 1648 5110 et
1699 5056 2001 5124 imperasse

430 5165 603 5205 annos
642 5164 758 5214 ιιι,
792 5162 1009 5203 menses
1048 5163 1126 5201 ιι.
1180 5147 1284 5212 Qui
1330 5146 1602 5201 numerati
1643 5162 1710 5201 ex
1745 5144 1809 5199 A.
1843 5144 1907 5201 D.
1946 5161 2001 5199 tv

431 5240 507 5293 Id.
542 5242 682 5309 Aug.
718 5239 847 5292 anni
891 5237 1053 5304 4829,
1097 5238 1354 5292 desinunt
1395 5238 1450 5291 in
1482 5238 1545 5291 A.
1581 5236 1644 5291 D.
1687 5252 1738 5291 v1
1775 5236 1853 5291 Id.
1887 5236 1996 5291 Jul.

429 5330 555 5383 anni
573 5328 732 5383 4850.
760 5328 951 5381 Annus
972 5328 1133 5391 4829,
1158 5326 1362 5382 Christi
1382 5326 1743 5398 Dionysianus
1763 5336 1847 5382 est
1876 5327 1997 5397 110.

432 5420 499 5474 At
530 5420 692 5481 4850.
736 5429 822 5474 est
857 5419 978 5473 157.
1024 5418 1203 5485 Quare
1232 5419 1521 5489 perspicua
1560 5426 1645 5475 est
1678 5419 1997 5490 ἀπροσεξια.

434 5510 566 5564 Nam
608 5512 653 5567 si
700 5526 876 5566 annos
906 5526 1023 5575 xxi,
1061 5524 1277 5566 menses
1310 5524 1366 5563 ιι
1430 5524 1685 5565 numeres
1721 5509 1791 5564 ab
1826 5525 1882 5564 ιι
1912 5509 2002 5565 die

432 5598 662 5670 Augusti
710 5599 838 5654 anni
871 5598 1073 5653 Christi
1107 5586 1229 5662 116,
1260 5597 1515 5652 desinent
1550 5598 1604 5652 in
1635 5615 1669 5654 x
1698 5598 1842 5653 diem
1869 5598 2000 5654 Julii

431 5690 559 5742 anni
594 5689 717 5752 158,
746 5691 860 5744 sive
888 5688 1097 5759 periodi
1133 5687 1363 5743 Juliante
1386 5688 1546 5744 4851.
1588 5691 1651 5741 In
1676 5688 1999 5744 Eusebianis

438 5778 983 5834 Animadversionibus
1013 5794 1131 5852 pag.
1175 5778 1265 5834 191
1301 5778 1476 5849 major
1503 5788 1585 5859 est
1618 5779 1999 5841 lralmcinatiov

2168 4590 2324 4656 Quod
2352 4589 2527 4658 ipsum
2573 4597 2627 4644 et
2676 4604 2741 4643 ex
2774 4587 2933 4643 annis
2976 4588 3178 4658 quibus
3222 4589 3358 4642 vixit
3404 4587 3679 4642 Adrianus

2097 4680 2404 4736 deducitur.
2450 4679 2621 4735 Natus
2644 4689 2727 4734 est
2758 4681 2922 4746 enim,
2951 4688 3174 4734 auctore
3211 4680 3520 4749 Spartiano,
3568 4678 3678 4733 Ve-

2098 4773 2353 4843 spasiano
2386 4770 2477 4825 Vll
2528 4780 2581 4826 et
2616 4770 2739 4825 Tito
2767 4768 2811 4823 ν
2835 4786 3003 4836 coss.,
3053 4784 3197 4823 anno
3234 4767 3396 4823 Urbis
3425 4769 3549 4834 829,
3580 4766 3677 4822 Ju-

2097 4865 2243 4919 liano
2270 4865 2391 4927 121,
2423 4863 2627 4919 Christi
2655 4862 2743 4927 76,
2768 4879 2884 4933 per.
2915 4862 3023 4916 Jul.
3058 4862 3223 4925 4789,
3261 4877 3317 4914 ιι
3362 4860 3479 4914 Kal.
3511 4858 3673 4917 Febr.

2102 4957 2249 5011 Vixit
2273 4963 2453 5010 autem
2481 4970 2654 5011 annos
2681 4970 2813 5020 an,
2847 4970 3065 5010 menses
3085 4971 3141 5017 v,
3176 4954 3293 5009 dies
3330 4970 3448 5017 xix,
3496 4963 3555 5007 ut
3597 4955 3676 5011 ait

2105 5048 2440 5126 Xiphilinus.
2468 5046 2854 5103 Emendandus
2889 5029 3034 5103 enim
3078 5055 3163 5103 est
3199 5047 3543 5117 Spartianus,
3580 5048 3675 5118 qui

2099 5155 2273 5196 annos
2333 5157 2480 5195 Lxxn
2539 5148 2811 5206 numerat,
2864 5156 2988 5194 cum
3041 5140 3339 5211 EutrOpius
3387 5147 3441 5194 et
3488 5139 3679 5194 Victor

2101 5232 2456 5302 sexagenario
2482 5231 2743 5301 majorem
2780 5231 2981 5286 obiisse
3008 5240 3329 5285 memorent.
3372 5229 3513 5284 Anni
3539 5245 3675 5295 ι.ιιι,

2100 5340 2318 5380 menses
2348 5340 2400 5385 v,
2431 5323 2549 5378 dies
2588 5338 2698 5388 ιιι,
2728 5338 2793 5378 ex
2812 5332 2939 5378 ante
2954 5323 3097 5379 diem
3117 5339 3171 5377 ιι
3204 5322 3322 5377 Kal.
3349 5320 3511 5377 Fehr.
3546 5333 3675 5374 ann.

2098 5408 2305 5471 Christi
2347 5414 2415 5469 76
2450 5415 2619 5485 putati
2659 5415 2910 5470 incidunt
2953 5416 3009 5468 in
3046 5412 3175 5468 Julii
3201 5429 3298 5479 xu,
3334 5412 3421 5468 vel
3458 5427 3487 5464 x
3522 5411 3669 5480 (nam

2100 5507 2217 5564 dies
2261 5507 2527 5562 duntaxat
2580 5522 2692 5561 xvn
2724 5506 3050 5578 Spartianus
3103 5503 3341 5574 arrogat)
3386 5501 3514 5555 anni
3547 5498 3669 5555 158.

2101 5600 2371 5667 Quocirca
2438 5600 2745 5655 communis
2788 5607 2887 5656 est.
2916 5599 3160 5652 omnium
3215 5595 3325 5649 iere
3373 5590 3666 5654 sententia,

2102 5701 2330 5747 mortem
2365 5692 2591 5747 Adriani
2636 5691 2929 5746 convenire
2975 5689 3026 5741 in
3074 5700 3276 5739 annum
3306 5683 3510 5741 Christi
3544 5683 3671 5747 153,

2106 5784 2266 5840 Urbis
2308 5785 2406 5840 891
2427 5823 2441 5848 ,
2475 5783 2767 5841 Camerino
2798 5790 2851 5836 et
2882 5778 3255 5840 Magnocoss.
3311 5776 3420 5837 Sed
3456 5775 3581 5833 huic
3612 5774 3669 5825 in
3711 5771 3714 5775 ’
