3978 6220
303 320 404 376 5U

1420 309 1760 366 APPENDIX
1803 307 2432 365 msssn'rarloa'uu.
2474 272 2481 279 ’

3449 313 3555 373 548

296 439 496 512 primis
528 439 845 496 male“,qu
880 435 1229 495 adversatur;
1277 430 1370 498 qui
1410 439 1466 483 et
1499 428 1593 481 illo
1625 437 1868 496 tempore
1899 431 1940 482 Α
1973 422 2272 478 Februario
2335 439 2523 480 mense
2574 439 2697 478 eum
2740 439 2883 478 anno
2930 425 3134 480 Christi
3188 427 3290 479 159
3333 445 3551 501 conma-

300 528 457 593 vixit,
491 534 545 582 et
566 526 774 595 aliquot
815 519 1226 577 observationes
1262 516 1483 571 Adriani
1525 517 1686 569 annis
1732 529 1866 568 con-

302 621 548 689 signatas
582 615 801 684 reliquit
846 631 859 666 :
899 627 965 665 ex
1003 610 1206 679 quibus
1254 606 1436 672 aliter,
1486 622 1550 661 ac
1591 607 1754 676 vulgo
1786 605 1865 668 tit,

302 712 371 765 de
392 709 541 765 illius
563 705 790 763 exordio
812 702 1156 758 sentiendum
1178 700 1413 754 videtur.
1434 698 1644 755 Etenim
1673 699 1766 753 lib.
1795 714 1866 761 Iv,

302 814 423 869 cap.
450 797 505 861 9,
536 794 791 853 editionis
822 791 1027 848 Graecae
1054 805 1179 861 pag.
1216 789 1340 850 102,
1370 791 1597 858 primam
1619 803 1649 842 ιι
1686 802 1745 844 se
1779 802 1872 843 ne-

301 900 468 944 tatam
496 885 741 955 eclipsim
782 884 927 939 lunze
957 881 1124 937 refert
1156 896 1301 935 anno
1341 880 1565 935 Adriani
1596 893 1742 935 nono
1772 880 1870 952 (ita

300 983 356 1035 in
389 977 598 1033 Latinis
635 975 943 1039 codicibus,
982 986 1161 1044 neque
1202 973 1360 1028 aliter
1387 972 1757 1027 mathematici
1806 987 1872 1027 ac

309 1071 633 1141 chronologi
659 1071 927 1125 hactenus
957 1067 1088 1128 fere,
1122 1066 1201 1120 uti
1230 1064 1575 1135 Buntingius,
1605 1063 1868 1133 Scaliger,

301 1165 574 1221 Calvisius
613 1178 778 1218 :cum
812 1161 868 1215 in
899 1160 1090 1215 Graeco
1119 1172 1227 1212 non
1262 1172 1460 1221 nonus,
1502 1155 1597 1211 sed
1643 1163 1873 1211 octavus

305 1256 531 1311 Adriani
569 1254 667 1318 sit,
703 1253 783 1324 τῷ
809 1251 858 1324 η’
887 1252 998 1305 ἔτει
1043 1247 1342 1320 Ἀδριανοῦ,
1376 1247 1520 1318 quod
1545 1260 1872 1317 magnopere

305 1347 593 1419 demiror),
627 1347 845 1400 Pachon
878 1359 1013 1405 xvu,
1049 1349 1314 1412 sequente
1341 1356 1494 1403 xvut,
1532 1341 1651 1394 hor.
1680 1339 1734 1403 8,
1764 1337 1870 1401 24',

302 1456 336 1494 a
371 1439 620 1499 meridie,
653 1452 797 1491 anno
831 1433 1198 1489 Nahonassari
1244 1432 1369 1487 872.
1407 1429 1675 1501 Congruit
1729 1442 1873 1483 anno

302 1546 418 1599 per.
458 1528 567 1583 Jul.
612 1528 774 1590 4858,
827 1526 1026 1581 Christi
1069 1524 1191 1588 125,
1242 1525 1374 1593 Apr.
1408 1538 1463 1582 ν,
1500 1520 1632 1576 feria
1658 1537 1731 1576 iV.
1770 1519 1871 1575 Se-

304 1621 488 1676 eundo
534 1619 676 1687 apud
733 1617 984 1671 eumdem
1047 1615 1394 1670 Ptolemaeum
1451 1628 1574 1682 cap.
1632 1612 1687 1677 6,
1744 1624 1869 1682 pag.

308 1710 512 1766 Grecae
537 1710 673 1765 edit.
704 1706 793 1769 98,
831 1707 1119 1762 observata
1157 1715 1243 1761 est
1268 1701 1492 1774 eclipsis
1521 1702 1691 1757 altera
1729 1718 1873 1758 anno

1979 521 2150 566 ratur.
2229 512 2405 583 llujus
2477 528 2608 583 ergo
2671 515 2797 569 anni
2871 516 3227 585 primordium
3297 525 3558 576 convenit

1978 620 2123 660 anno
2148 605 2272 670 158,
2306 606 2549 675 adeoque
2580 607 2793 676 primus
2836 608 2957 661 iniit
2998 622 3143 663 anno
3178 609 3297 664 157.
3339 611 3556 677 Quibus

1979 699 2198 769 reliquae
2238 700 2651 756 observationes
2713 710 3095 757 consentaneae
3150 713 3298 758 sunt.
3348 704 3555 770 Quam-

1984 790 2173 845 obrem
2215 789 2263 846 si
2297 800 2563 845 annorum
2594 799 2738 846 notae
2764 790 2907 845 bona
2936 792 3039 849 (ide
3078 809 3109 848 a
3136 794 3444 860 Ptolemmo,
3470 798 3555 852 vel

1978 882 2215 938 librariis
2245 882 2471 939 redditae
2497 891 2626 940 sunt
2657 903 2670 939 :
2708 884 2778 939 de
2806 900 2916 955 quo
2963 886 3055 941 vix
3096 895 3181 943 est
3216 895 3275 942 ut
3321 890 3557 959 pruden-

1979 982 2063 1029 ter
2084 974 2390 1029 adduhitari
2446 975 2659 1045 possit;
2696 990 2820 1029 eum
2853 976 2907 1030 in
2941 986 3021 1032 tot
3073 978 3554 1037 observationibus

1979 1067 2082 1121 sibi
2114 1066 2232 1136 ipse
2260 1075 2498 1133 constet,
2550 1082 2775 1147 necesse
2803 1075 2887 1123 est
2916 1068 3132 1124 initium
3164 1070 3395 1125 Adriani
3441 1087 3558 1127 uno

1979 1172 2124 1212 anno
2155 1159 2490 1222 submoveri,
2516 1171 2570 1214 et
2592 1159 2646 1214 in
2684 1174 2887 1214 annum
2918 1159 3124 1216 Christi
3170 1160 3272 1216 116
3307 1163 3507 1233 conjici
3535 1182 3555 1223 :

1977 1248 2222 1317 ejusdem
2258 1265 2389 1304 vero
2440 1257 2671 1305 mortem
2722 1258 2778 1305 et
2814 1251 3028 1305 initium
3060 1252 3319 1307 Antonini
3367 1254 3419 1307 in
3454 1270 3554 1309 an-

1982 1355 2114 1394 num
2148 1340 2272 1394 157.
2309 1339 2424 1395 Hoc
2455 1355 2585 1396 vero
2627 1342 2964 1405 constituto,
3007 1343 3075 1397 de
3109 1344 3267 1398 annis
3302 1343 3551 1415 Trajani,

1980 1433 2064 1488 vel
2092 1432 2389 1487 Domitiani
2448 1433 2826 1502 cxcerpendus
2862 1451 3004 1489 unus
3035 1434 3139 1490 erit
3171 1455 3185 1490 :
3229 1443 3287 1490 ut
3324 1439 3408 1492 vel
3448 1440 3555 1495 iste

1980 1537 2072 1576 xw
2100 1520 2364 1575 duntaxat
2412 1536 2608 1585 annos,
2644 1522 2724 1575 vel
2750 1522 2840 1576 ille
2867 1522 3169 1578 octodecim
3194 1525 3400 1582 solidos
3424 1542 3552 1579 cum

1981 1613 2398 1669 excurrentibus
2430 1613 2714 1688 mensibus
2761 1613 3075 1681 expleverit,
3113 1613 3387 1670 Adrianus
3424 1630 3558 1670 vero

1980 1720 2051 1758 xx
2108 1718 2234 1758 cum
2287 1704 2571 1758 mensibus
2622 1718 2703 1757 χι.
2753 1701 3063 1758 Domitiano
3096 1718 3203 1758 non
3236 1713 3320 1760 est
3360 1712 3419 1757 ut
3458 1704 3557 1759 de-

304 1801 529 1855 Adriani
558 1813 688 1861 xvn,
718 1797 887 1867 Payni
935 1796 1141 1851 mensis
1183 1810 1275 1861 xx,
1316 1801 1580 1862 sequente
1617 1808 1732 1853 xxI,
1776 1792 1873 1847 ho-
1905 1780 1949 1837 Β
1978 1795 2303 1851 trahendum
2335 1792 2540 1863 aliquid
2593 1794 2926 1858 existimem,
2955 1809 3080 1849 cum
3120 1809 3228 1849 non
3274 1796 3436 1850 modo
3484 1797 3553 1851 de

302 1892 383 1947 ris
412 1891 498 1953 11,
536 1891 615 1944 15¹
643 1904 673 1942 a
708 1884 1328 1947 meridie,Nahonassari
1362 1884 1488 1946 880,
1528 1900 1672 1938 anno
1714 1884 1874 1939 Chri-

302 1983 376 2041 sti
434 1983 560 2045 155,
600 1995 718 2049 per.
770 1977 881 2033 Jul.
928 1976 1089 2042 4846,
1116 1975 1239 2029 Maii
1280 1991 1352 2039 vi,
1393 1975 1527 2029 feria
1566 1990 1645 2029 ιιι.
1687 1974 1875 2029 Tertio

301 2074 492 2130 eadem
528 2088 652 2143 pag.
683 2071 907 2142 eclipsis
941 2070 1052 2124 alia
1090 2069 1323 2139 contigit
1353 2067 1576 2122 Adriani
1614 2082 1729 2132 xix,
1765 2066 1877 2121 Na-

302 2163 591 2225 bonassari
619 2164 748 2229 882,
775 2162 984 2218 Choiac
1017 2179 1077 2226 ιι,
1111 2161 1263 2216 horis
1300 2161 1363 2214 11
1394 2175 1425 2213 a
1458 2160 1700 2214 meridie.
1733 2160 1879 2214 Con-

306 2256 457 2313 venit
483 2271 601 2325 per.
629 2253 741 2315 Jul.
767 2268 914 2311 anno
931 2253 1095 2316 4847,
1123 2251 1329 2307 Christi
1360 2251 1482 2314 151,
1505 2248 1762 2305 Octobris
1782 2266 1879 2315 xx,

306 2344 444 2401 feria
476 2360 557 2399 ιιι.
594 2344 805 2409 Quarta
841 2342 1060 2411 eclipsis
1108 2340 1297 2395 incidit
1344 2341 1400 2394 in
1442 2353 1646 2395 annum
1691 2340 1881 2394 Adria-

303 2438 361 2500 ni
387 2451 481 2499 xx,
508 2433 722 2491 Nabon.
763 2433 889 2495 885,
921 2432 1240 2487 Pharmuthi
1271 2447 1389 2495 xix,
1420 2431 1572 2485 horis
1618 2447 1705 2486 xvr
1756 2440 1882 2500 post

300 2498 626 2589 inci-idiom;
659 2539 805 2580 anno
841 2523 1047 2581 Christi
1076 2522 1198 2590 156,
1230 2537 1350 2592 per.
1387 2521 1498 2577 Jul.
1531 2523 1696 2589 4819,
1733 2498 1881 2579 Μειν-

305 2617 370 2671 tii
410 2632 483 2669 vi.
515 2615 657 2671 Sunt
703 2621 759 2671 et
805 2615 927 2670 alite
959 2613 1103 2685 apud
1138 2604 1391 2671 eumdem
1441 2614 1881 2673 observationes.

309 2706 468 2763 Velut
489 2707 583 2761 lib.
606 2722 685 2772 ιιι,
707 2722 828 2777 pag.
854 2707 940 2771 77,
967 2705 1086 2760 Lat.
1107 2703 1239 2761 edit.
1273 2704 1368 2760 lib.
1400 2721 1479 2768 ιιι,
1509 2719 1631 2775 cap.
1662 2705 1716 2771 8,
1741 2720 1886 2761 anno

315 2799 543 2855 Adriani
577 2814 713 2863 xvu,
749 2812 897 2853 anno
951 2796 1171 2853 Nabon.
1218 2794 1345 2858 880,
1390 2794 1566 2866 Athyr
1597 2812 1690 2861 vn,
1723 2797 1889 2867 aequi-

309 2890 555 2946 noctium
584 2889 904 2946 autumnale
927 2889 1278 2944 ohservatum
1313 2901 1345 2942 a
1364 2884 1654 2942 Ptolemaeo
1687 2907 1701 2944 :
1739 2889 1885 2959 quod

218 3026 225 3029 .
307 2989 528 3049 tempus
573 2980 827 3052 congruit
867 2995 1014 3037 anno
1043 2979 1247 3035 Christi
1294 2978 1413 3043 152,
1451 2978 1602 3050 Sept.
1650 2995 1773 3034 xxv.
1804 2981 1884 3036 Ad

312 3074 427 3127 ha-e
457 3073 552 3126 lib.
581 3088 633 3136 ν,
665 3087 787 3142 cap.
820 3072 876 3136 5,
910 3070 1110 3127 Graecae
1133 3071 1266 3128 edit.
1290 3085 1413 3142 pag.
1441 3070 1500 3134 5,
1535 3084 1681 3125 anno
1709 3070 1884 3125 Altit-

310 3164 428 3221 nini
460 3181 518 3228 ιι,
547 3161 759 3221 Nahon.
793 3162 918 3228 886,
944 3180 1013 3217 xv
1037 3162 1378 3219 Phamenotb
1403 3162 1730 3217 anomaliam
1748 3162 1891 3219 inme

313 3254 702 3326 deprehendit;
762 3269 908 3312 anno
972 3255 1181 3311 Christi
1239 3254 1365 3318 159,
1409 3269 1526 3324 per.
1574 3254 1688 3311 Jul.
1728 3255 1892 3323 1852,

310 3342 596 3402 Februarii
652 3363 728 3401 ix.
775 3347 908 3403 Item
969 3345 1066 3405 lib.
1126 3363 1182 3408 x.
1238 3361 1362 3415 cap.
1415 3346 1472 3409 ι,
1533 3361 1656 3418 pag.
1719 3346 1890 3402 Gra'c.

314 3436 451 3492 edit.
478 3435 608 3501 241,
642 3451 790 3491 anno
824 3437 1087 3492 Antonini
1143 3453 1206 3502 ιι,
1250 3436 1389 3508 Tybi
1422 3453 1578 3500 xxix,
1631 3447 1894 3508 sequente

312 3538 446 3587 xxx,
475 3523 762 3577 observata
802 3524 982 3582 Venus
1033 3534 1154 3591 est;
1189 3541 1337 3581 anno
1368 3526 1575 3582 Christi
1629 3528 1754 3593 158,
1794 3527 1894 3584 De~

313 3611 553 3669 eembris
606 3630 720 3679 xu,
790 3629 908 3683 per.
957 3613 1065 3669 Jul.
1100 3614 1264 3670 4851.
1317 3615 1586 3671 Pmterea
1645 3617 1741 3672 lib.
1802 3634 1890 3680 ιιι.

312 3716 438 3772 cap.
479 3704 538 3770 2,
596 3722 720 3778 pag.
761 3706 833 3762 62
880 3705 1080 3761 Graeca:
1124 3706 1285 3772 cdit.,
1321 3722 1466 3763 anno
1498 3707 1760 3763 Antonini
1807 3724 1889 3773 ιιι,

313 3800 706 3876 aequinoctium
761 3799 1076 3855 autumnale
1129 3798 1533 3868 deprehensum
1581 3801 1758 3874 Athyr
1813 3818 1889 3867 Ix,

315 3914 462 3953 auito
491 3893 696 3950 Christi
730 3892 857 3956 159,
885 3906 1003 3961 per.
1034 3890 1147 3947 Jul.
1173 3890 1337 3955 4852,
1377 3889 1713 3962 Septembris
1740 3908 1889 3948 xxvi.

318 3987 562 4058 Denique
585 3984 681 4039 lib.
731 3998 810 4049 ix,
841 3997 964 4054 cap.
999 3982 1091 4048 l0,
1125 3996 1249 4055 pag.
1280 3981 1376 4038 Gr.
1414 3983 1547 4039 edit.
1585 3982 1715 4047 256,
1746 3998 1892 4038 anno

314 4077 577 4135 Antonini
619 4093 677 4140 ιι,
725 4075 938 4131 Nabon.
983 4073 1109 4138 886,
1156 4072 1350 4144 Epiphi
1394 4089 1456 4140 ιι,
1509 4081 1771 4143 sequente
1800 4089 1887 4138 ιιι,

316 4171 628 4241 periodicus
674 4167 926 4225 Mercurii
986 4175 1172 4221 motus
1215 4167 1539 4221 observatos
1591 4174 1697 4229 est,
1745 4180 1892 4221 anno

314 4263 520 4319 Christi
548 4259 672 4326 159,
698 4258 821 4313 Maii
851 4258 940 4321 17,
979 4272 1098 4327 per.
1127 4255 1239 4312 Jul.
1271 4255 1434 4311 4852.
1462 4254 1721 4325 Reliquas
1756 4272 1893 4324 pne-

316 4353 581 4409 termitto.
617 4350 698 4404 Ex
735 4348 939 4419 quibus
976 4346 1233 4403 omnibus
1272 4345 1497 4401 evidens
1530 4354 1637 4413 est,
1670 4347 1890 4400 initium

315 4444 543 4499 Adriani
566 4457 677 4497 non
712 4441 767 4495 in
789 4454 999 4503 annum
1034 4439 1239 4493 Christi
1272 4438 1389 4504 H7,
1416 4437 1509 4493 sed
1548 4438 1649 4492 116
1671 4437 1889 4503 cadere,
1924 4482 1969 4541 Β

319 4536 434 4590 sive
458 4534 720 4603 epoeham
752 4545 1021 4589 annorum
1052 4528 1276 4585 Adriani
1310 4528 1380 4582 ab
1407 4529 1637 4598 Augusti
1667 4544 1718 4583 xi
1769 4531 1893 4583 Pto-

320 4628 541 4682 lemaaus
587 4624 894 4683 deduxerit.
944 4621 1087 4679 unde
1133 4620 1421 4691 imperium
1467 4636 1699 4675 exorsus
1755 4629 1887 4678 est:

344 4717 489 4773 ivea
532 4715 813 4771 neomcnia
858 4712 1035 4773 Thoth
1079 4711 1410 4783 Algyptiaci,
1443 4727 1564 4782 quae
1615 4713 1712 4767 illo
1757 4722 1894 4769 tem-

318 4820 453 4880 pore
490 4808 545 4864 in
577 4806 780 4862 Julium
814 4805 1152 4861 incurrebat.
1190 4802 1326 4858 Nam
1363 4803 1410 4858 si
1433 4818 1611 4860 annus
1661 4805 1893 4861 Adriani

287 4916 433 4972 .Xvu
466 4917 590 4958 cum
633 4913 780 4957 anno
812 4896 1021 4954 Christi
1064 4895 1190 4963 152,
1234 4894 1542 4964 Septembri
1590 4910 1802 4961 Iliense,
1838 4905 1896 4952 et

332 5009 446 5052 tum
484 4994 607 5057 155,
650 4990 791 5047 Maio
819 4984 1118 5055 concurrit,
1160 5000 1385 5043 necesse
1414 4995 1502 5044 est
1541 5001 1745 5043 annum
1781 4989 1896 5059 pri-

323 5100 469 5143 mum
507 5083 696 5140 iniisse
739 5080 947 5138 Christi
996 5079 1120 5135 116.
1167 5075 1324 5144 Quod
1365 5076 1507 5133 idem
1552 5077 1893 5146 reliquorum

318 5175 547 5232 Adriani
581 5189 849 5233 annorum
893 5188 1019 5231 cum
1054 5171 1265 5228 Christi
1308 5169 1471 5227 annis
1512 5183 1791 5229 concursu
1830 5181 1896 5222 ac

320 5268 699 5341 complexione
728 5267 1022 5339 colligitur.
1055 5262 1216 5321 Velut
1245 5261 1394 5332 quod
1424 5274 1603 5315 annus
1638 5274 1819 5314 nonus
1840 5267 1896 5313 et

326 5361 578 5419 decimus
605 5359 827 5419 Octobri
854 5374 1043 5419 mense
1072 5363 1395 5413 numeretur
1426 5353 1553 5406 anni
1600 5351 1722 5413 154,
1751 5350 1893 5407 vice—

320 5455 495 5527 simus
524 5461 707 5511 autem
741 5453 937 5508 Martio
977 5465 1163 5507 mense
1235 5446 1368 5501 anni
1410 5443 1533 5497 156.
1574 5442 1703 5498 11ωο
1746 5444 1892 5498 enim

320 5547 581 5618 explicari
613 5548 770 5604 aliter
796 5550 1095 5614 nequeunt,
1123 5554 1285 5609 quam
1315 5546 1373 5593 ut
1399 5537 1635 5606 primum
1661 5536 1897 5606 erupisse

324 5660 572 5717 dicamus
604 5676 751 5723 anno
786 5657 908 5710 116.
948 5655 1188 5724 ldipsum
1228 5662 1281 5709 et
1314 5671 1380 5711 ex
1426 5651 1587 5706 annis
1633 5650 1893 5705 Antonini

321 5750 677 5821 perspicuum
705 5758 808 5804 est.
843 5745 1054 5816 Quippe
1097 5759 1272 5801 annus
1319 5743 1581 5799 Antonini
1625 5742 1907 5797 secundus-

1977 1888 2125 1943 illius
2154 1887 2332 1950 annis,
2368 1899 2563 1941 verum
2591 1893 2644 1939 et
2668 1885 2736 1940 de
2766 1899 2912 1940 coss.
2937 1885 3137 1957 quibus
3170 1896 3422 1943 mortuus
3445 1896 3556 1952 est,

1975 1980 2190 2050 egregie
2247 1992 2437 2034 omnes
2503 1977 2647 2032 inter
2705 1993 2766 2033 se
2823 1978 3189 2033 consentiant.
3249 1978 3552 2034 Videndum

1982 2087 2171 2141 porro,
2204 2080 2387 2127 utrum
2417 2070 2834 2139 'l'rajanogtvm
2874 2069 3141 2124 duntaxat
3181 2087 3303 2126 cum
3351 2074 3558 2126 utensi-

1979 2165 2083 2220 bus
2111 2177 2305 2217 novem
2347 2161 2547 2216 ascribi
2586 2150 2866 2216 debeant:
2899 2162 3087 2232 sicque
3126 2177 3234 2216 non
3282 2161 3450 2232 Nigro
3504 2171 3558 2216 et

1979 2253 2299 2323 Aproniano
2332 2267 2509 2317 coss.,
2539 2265 2685 2305 anno
2713 2251 2919 2306 Christi
2954 2253 3078 2316 H7,
3124 2253 3219 2307 sed
3244 2251 3465 2308 Eliano
3494 2268 3559 2306 ac

1981 2343 2199 2408 Vetere,
2230 2357 2376 2397 anno
2404 2340 2508 2396 116
2535 2339 2812 2411 Trajanus
2850 2344 3173 2398 excesserit.
3217 2343 3372 2398 Unde
3402 2352 3455 2398 et
3488 2343 3557 2398 de

1982 2447 2250 2487 annorum
2279 2445 2533 2498 numero,
2566 2429 2766 2501 quibus
2798 2431 3006 2487 vixisse
3043 2430 3218 2487 fertur
3254 2431 3555 2499 Adrianus,

1983 2523 2323 2580 desecandus
2366 2538 2512 2577 unus
2560 2520 2757 2588 fuerit;
2809 2531 2903 2576 aut
2935 2531 3083 2579 certe
3124 2539 3233 2578 non
3283 2523 3377 2578 illo
3410 2539 3555 2578 coss.

1986 2616 2322 2687 Vespasiano
2354 2614 2445 2669 Vll
2468 2629 2532 2669 ac
2557 2613 2683 2668 Tito
2722 2612 2789 2679 V,
2837 2615 2941 2670 hoc
2985 2623 3069 2671 est
3111 2614 3313 2670 Christi
3350 2616 3436 2683 76,
3463 2617 3560 2672 sed

1984 2723 2132 2764 anno
2161 2706 2519 2762 antecedente
2552 2714 2715 2761 natus
2737 2713 2823 2760 est
2855 2724 2868 2759 :
2899 2706 3002 2760 nisi
3027 2707 3157 2778 quid
3182 2708 3235 2761 in
3268 2708 3556 2764 consulum

1986 2800 2150 2864 serie,
2180 2799 2323 2870 quod
2347 2806 2686 2869 postremum
2729 2806 2838 2862 est,
2880 2799 3314 2869 perturbationis
3351 2801 3559 2857 incide-

1985 2895 2080 2948 rit.
2139 2892 2214 2948 De
2275 2906 2382 2962 qua
2428 2905 2489 2946 re
2552 2890 2619 2944 ad
2679 2890 3021 2945 eruditorum
3097 2899 3151 2946 et
3221 2891 3562 2962 antiquitatis

1987 2983 2365 3041 consultorum
2394 2982 2676 3036 hominum
2696 2965 2899 3051 judicia
2931 2995 3313 3051 provocamus.

2073 3072 2206 3129 Ἀπὸ
2246 3070 2362 3128 οὖν
2402 3072 2758 3141 Αὐγούστου
2802 3071 2912 3138 ἕως
2975 3070 3295 3139 Ἀδριανοῦ.
3332 3069 3389 3125 Si
3430 3086 3563 3127 con-

1991 3172 2182 3237 ceptos
2213 3165 2282 3219 ah
2307 3163 2612 3234 Epiphanio
2645 3177 2906 3218 numeros
2953 3163 3252 3228 subdueas,
3282 3178 3456 3218 annos
3494 3164 3563 3220 ab

1989 3262 2236 3328 Augusto
2270 3257 2513 3327 reperies
2548 3255 2673 3322 180,
2714 3270 2840 3310 eum
2893 3255 3180 3311 mensibus
3219 3272 3317 3322 vn,
3370 3255 3563 3310 diebus

1988 3364 2108 3416 xxi;
2162 3350 2209 3405 si
2260 3364 2478 3404 menses
2545 3347 2871 3404 tricenarios
2926 3355 3177 3413 statuas,
3252 3364 3429 3419 usque
3495 3350 3562 3402 ad

1991 3440 2214 3496 Adriani
2267 3440 2449 3495 tinent.
2503 3438 2622 3495 Jam
2680 3447 2841 3496 antea
2900 3441 3292 3495 constituimus
3347 3440 3563 3495 initium

1989 3532 2222 3604 Augusti
2257 3548 2322 3588 ex
2357 3530 2644 3602 Epiphanii
2668 3541 2852 3588 mente
2871 3532 2927 3587 in
2952 3547 3156 3587 annum
3181 3532 3378 3588 cadere
3399 3531 3564 3586 Julia-

1989 3639 2123 3679 num
2153 3625 2398 3690 tertium,
2429 3623 2594 3680 Urbis
2621 3640 2686 3679 ex
2723 3622 3063 3678 Varroniana
3094 3622 3307 3679 ratione
3334 3623 3457 3690 711,
3485 3624 3565 3678 al-

1990 3721 2168 3770 terum
2191 3715 2260 3770 ah
2289 3730 2424 3769 nece
2453 3713 2605 3769 Julii.
2632 3714 2683 3769 ls
2722 3726 2804 3770 est
2828 3715 2881 3768 in
2910 3714 3134 3784 periodo
3157 3714 3371 3769 Juliana
3400 3714 3560 3769 4671.

1989 3801 2217 3857 Adriani
2271 3804 2455 3860 obitus
2507 3804 2670 3873 vulgo
2713 3802 3008 3873 conjicitur
3060 3804 3115 3857 in
3167 3818 3367 3858 annum
3401 3802 3567 3857 Chri-

1990 3893 2058 3949 sti
2105 3892 2234 3958 158,
2277 3892 2487 3962 periodi
2539 3892 2649 3949 Jul.
2703 3893 2863 3948 4851.
2920 3895 3000 3949 Ab
3060 3907 3204 3948 anno
3236 3894 3400 3965 igitur
3428 3893 3559 3949 J67l

1991 3982 2059 4037 ad
2089 3981 2265 4049 4851,
2308 3984 2439 4038 anni
2478 3984 2639 4040 solidi
2679 3992 2944 4054 putantur
2972 3984 3078 4039 180
3115 3993 3170 4040 et
3211 4000 3429 4039 menses
3463 3985 3567 4038 ali-

1992 4084 2163 4144 quot,
2220 4076 2298 4131 ita
2350 4084 2412 4131 ut
2461 4078 2795 4134 centesimus
2841 4078 3209 4148 octogesimus
3242 4079 3451 4147 primus
3484 4079 3566 4132 in-

1991 4168 2117 4223 ierit
2142 4184 2287 4223 anno
2318 4175 2438 4239 ipso
2469 4169 2633 4225 4851.
2652 4169 2852 4225 Vellem
2884 4171 3179 4228 indicasset
3208 4169 3563 4241 Epiphanius,

1992 4272 2228 4326 quanam
2264 4273 2331 4313 ex
2376 4259 2468 4314 die
2522 4260 2751 4330 Augusti
2807 4260 3168 4331 primordium
3227 4261 3472 4325 duceret,
3505 4270 3567 4315 ut

1991 4348 2281 4414 sciremus,
2336 4364 2440 4404 cur
2493 4359 2689 4421 praeter
2732 4351 2939 4407 solidos
2994 4366 3166 4406 annos
3214 4351 3318 4405 180
3351 4365 3565 4405 menses

1995 4448 2260 4510 quatuor,
2314 4442 2499 4496 minus
2567 4442 2764 4499 diebus
2824 4458 2912 4507 Ix,
2978 4443 3349 4513 imputave‘rit.
3422 4441 3568 4495 Obiit

1995 4531 2269 4587 Adrianus
2307 4548 2363 4587 vr
2411 4532 2489 4588 Id.
2520 4531 2654 4599 Jul.,
2692 4548 2721 4587 a
2766 4549 2876 4604 quo
2909 4535 2997 4590 dic
3032 4536 3076 4588 si
3123 4546 3267 4590 retro
3314 4552 3568 4590 numeres

1994 4639 2210 4680 menses
2244 4633 2380 4691 tres,
2439 4624 2557 4680 dies
2608 4642 2725 4693 xxi,
2760 4626 3041 4696 pervenies
3094 4626 3160 4680 ad
3213 4642 3304 4681 xxx
3356 4625 3564 4693 Martii;

1993 4717 2050 4771 in
2076 4733 2184 4787 quo
2205 4717 2483 4773 Niczenum
2523 4720 2814 4774 concilium
2859 4719 3153 4784 πολιτικῶς
3183 4719 3565 4789 aequinoctium

1994 4809 2182 4864 deﬁxit
2226 4827 2241 4865 ε
2278 4819 2473 4878 estque
2518 4809 2607 4864 hic
2650 4809 2768 4865 dies
2816 4810 3101 4865 neomcnia
3152 4807 3313 4879 primi
3362 4806 3569 4861 mensis

1996 4901 2292 4972 paschalis,
2319 4901 2411 4970 qui
2451 4916 2512 4955 ex
2554 4901 2904 4970 paschalibus
2956 4900 3205 4956 terminis
3236 4906 3469 4961 constat,
3501 4913 3566 4951 ex

1997 4997 2180 5044 mente
2213 4988 2450 5043 Anatolii
2510 4987 2852 5059 aliorumque
2886 4996 3151 5049 veterum,
3186 4985 3342 5044 utad
3371 4984 3568 5038 bar.“

1995 5081 2254 5135 diximus.
2304 5078 2492 5148 Itaque
2540 5079 2835 5134 verisimile
2884 5088 2988 5143 est,
3028 5076 3392 5149 Epiphanium
3435 5089 3571 5144 epo-

1996 5172 2153 5227 cham
2199 5169 2416 5239 imperii
2464 5169 2697 5240 Augusti
2747 5170 2803 5224 in
2852 5184 2922 5225 eo
2974 5170 3062 5224 die
3113 5168 3405 5231 collocare,
3443 5179 3569 5220 cum

1997 5271 2198 5334 praeter
2238 5277 2412 5319 annos
2441 5262 2545 5321 180
2568 5279 2790 5320 menses
2819 5278 2874 5319 tv
2906 5265 3089 5319 minus
3114 5261 3306 5317 diebus
3334 5274 3389 5317 ιιι
3419 5256 3571 5310 attri-

1996 5354 2134 5411 buit.

2078 5469 2173 5536 Ὠς
2204 5465 2355 5524 εἶναι
2392 5469 2509 5523 ἀπὸ
2551 5472 2775 5540 χρόνου
2819 5469 2930 5540 τῆς
2958 5469 3292 5541 ἑρμηνείας.
3322 5467 3366 5521 A
3388 5465 3572 5520 Ptole-

1999 5561 2116 5615 maei
2148 5560 2484 5631 Philadelphi
2516 5576 2660 5617 anno
2694 5566 2924 5633 septimo
2955 5561 3023 5617 ad
3057 5561 3309 5615 ultimum
3340 5556 3571 5626 Cleopa-

2001 5660 2095 5705 trxe
2147 5650 2471 5707 numerabat
2521 5650 2859 5723 Epiphanius
2908 5668 3082 5706 annos
3131 5650 3273 5717 9.49;
3322 5662 3447 5704 cum
3483 5660 3570 5700 re-

1999 5760 2125 5801 vera
2157 5747 2263 5802 sint
2292 5743 2591 5802 secundum
2628 5745 2779 5800 illum
2817 5745 2945 5800 259.
2978 5744 3193 5802 Rursus
3226 5745 3294 5801 ab
3332 5739 3570 5813 Augusti
