3978 6220
361 139 388 156 σε.

353 345 454 402 5J9

1229 345 1315 399 DE
1359 323 1797 399 ROMANORUM
1841 341 2020 397 ΙΜΡΡ.
2064 344 2575 404 CllRONOLOGlA.

3484 349 3590 409 550

346 466 525 540 primo
561 465 628 520 ad
665 479 740 518 stt
775 462 1022 528 Adriani,
1055 462 1180 516 anni
1230 470 1358 517 sunt
1408 460 1527 524 t7t,
1569 474 1786 516 menses
1826 473 1922 520 vn,
1959 460 2000 516 A
2031 456 2338 516 Turbonem
2370 477 2622 532 repressa
2644 461 2876 518 videtur.
2912 461 3190 519 Posterior
3209 473 3411 528 motus,
3431 466 3607 522 ident-

349 559 469 613 dies
493 573 604 610 XXI.
643 555 794 622 Quos
821 557 866 611 si
899 571 1023 610 cum
1050 555 1155 610 259
1187 553 1560 624 coiijunxeris,
1601 553 1926 621 eolligcntur

349 647 478 702 anni
509 646 637 712 450,
677 662 895 703 menses
916 662 1016 711 vn,
1044 645 1162 701 dies
1183 661 1306 707 ut;
1331 645 1375 699 si
1402 645 1620 714 quidem
1642 659 1708 698 ex
1733 642 1926 698 diebus

351 738 774 792 excurrentibus
808 739 1132 791 tricenarios
1180 751 1397 791 menses
1439 735 1655 790 feceris.
1689 735 1929 803 Apparet

352 831 514 900 igitur
543 847 570 883 a
603 829 834 899 septimo
891 830 1167 885 Ptolemaei
1217 826 1574 896 Philadelphi,
1619 826 1684 880 ad
1721 827 1924 881 exitum

350 923 670 991 (1|e0patrte,
700 935 810 976 non
836 920 965 986 9.49,
999 921 1094 977 sed
1135 920 1240 975 259
1289 935 1462 975 annos
1503 917 1780 988 imputari.
1820 915 1926 972 Sed

351 1013 581 1067 miriﬁca
640 1021 746 1076 est,
804 1022 857 1068 et
902 1013 1057 1068 valde
1119 1013 1359 1083 ἱδιωτική
1423 1013 1527 1066 ista
1590 1012 1821 1081 putatio,
1879 1010 1928 1066 si

350 1105 576 1174 perinde
613 1112 777 1174 atque
825 1104 1108 1174 Epiphanii
1155 1104 1400 1159 calculus
1451 1119 1559 1173 pra:
1601 1118 1661 1158 se
1699 1102 1800 1157 fert
1837 1117 1929 1157 ac-

349 1197 534 1267 cipere
577 1197 846 1261 velimus;
893 1211 1017 1250 nam
1072 1195 1193 1250 duae
1243 1204 1372 1250 sunt
1421 1194 1645 1264 ὁμάδες,
1693 1210 1760 1249 ex
1802 1193 1926 1263 qui-

351 1289 454 1341 bus
503 1286 608 1341 450
654 1302 920 1341 annorum
970 1301 1180 1340 summa
1232 1285 1550 1340 conflatur:
1612 1286 1786 1354 prima
1839 1291 1923 1339 est

335 1374 381 1430 'a
425 1393 497 1430 vlt
550 1376 887 1444 Philadelphi
942 1377 1008 1430 ad
1074 1377 1327 1431 ultimum
1374 1376 1693 1445 CleOpatrm,
1755 1391 1928 1430 anno.

350 1481 470 1520 rum
514 1467 654 1531 9.59;
689 1467 856 1522 altera
886 1467 955 1520 ab
990 1468 1146 1522 initio
1184 1469 1412 1538 Augusti
1445 1470 1510 1523 ad
1544 1468 1926 1523 duodecimum

349 1557 600 1621 Adriani,
625 1572 890 1614 annorum
921 1557 1034 1614 fere
1060 1559 1151 1611 171
1168 1600 1180 1613 .
1214 1558 1333 1624 Qua
1360 1560 1572 1613 ratione
1596 1574 1822 1613 necesse
1843 1564 1928 1612 est

351 1647 585 1716 primum
615 1664 820 1704 annum
863 1650 1094 1718 Augusti
1139 1659 1262 1720 post
1313 1651 1565 1704 ultimum
1625 1651 1927 1719 Cleopatra:

350 1741 648 1794 numerari.
685 1740 852 1810 Atqui
900 1742 1208 1812 Cleopatrae
1237 1744 1466 1797 ultimus
1496 1744 1753 1812 congruit
1780 1757 1926 1796 anno

2027 566 2134 619 que
2164 551 2476 607 diuturnior
2513 560 2566 606 et
2609 554 2927 609 horribilior
2971 554 3028 610 in
3088 572 3178 610 xv:
3218 557 3442 612 Adriani
3473 573 3607 613 con-

2031 642 2204 698 fertur
2227 645 2282 697 in
2317 647 2629 700 Eusebiano
2663 646 2942 700 Chronico.
2969 647 3139 717 Cujus
3167 658 3360 705 auctor
3389 651 3599 705 Coche-

2027 734 2146 796 bas,
2173 736 2287 790 sive
2311 735 2690 790 Barcochcbas
2716 737 2856 790 latro
2876 739 3096 808 quidam
3113 741 3342 796 exstitit.
3367 741 3602 796 Causam

2029 827 2155 881 belli
2191 826 2516 896 Spartianus
2545 827 2713 883 fuisse
2745 829 2900 894 dicit,
2929 831 3066 898 quod
3091 835 3402 888 vetabantur
3443 837 3606 888 muti-

2031 920 2140 974 tare
2176 919 2454 989 genitalia,
2492 917 2806 988 Xiphilinus
2835 935 2867 974 e
2915 919 3105 987 Dione,
3141 924 3286 992 quod
3315 939 3440 978 cum
3481 923 3606 979 Hie-

2028 1011 2358 1082 rosolymam
2423 1013 2817 1075 instaurasset,
2881 1011 3189 1083 Etiamque
3245 1017 3602 1083 nominasset,

2027 1099 2178 1157 Jovis
2210 1101 2470 1170 templum
2521 1102 2576 1155 in
2615 1101 2808 1156 eodem
2849 1104 2971 1158 loco
3019 1105 3286 1172 condidit,
3335 1107 3426 1163 ubi
3470 1119 3606 1163 tem-

2029 1193 2177 1263 plum
2204 1195 2334 1250 olim
2373 1202 2618 1250 steterat.
2660 1193 2818 1250 Unde
2863 1196 3104 1264 graviter
3134 1202 3396 1252 commoti
3431 1201 3606 1254 Judaei

2030 1295 2188 1338 atrox
2221 1285 2424 1339 bellum
2456 1286 2786 1351 excitarunt,
2811 1287 2973 1350 duce,
3007 1288 3088 1341 uti
3115 1288 3320 1342 dictum
3343 1297 3450 1353 est,
3474 1290 3609 1342 Bar—

2030 1376 2269 1430 coclteba
2303 1395 2315 1431 :
2352 1377 2499 1446 quod
2537 1376 2790 1432 JuStinus
2826 1379 2880 1432 in
2915 1380 3136 1450 Apotog.
3171 1387 3423 1436 testatur.
3468 1381 3604 1438 Huic

2029 1483 2158 1523 vero
2187 1469 2347 1523 ﬁnem
2379 1469 2691 1538 impositum
2715 1471 3191 1527 scribitEusebius
3209 1487 3354 1527 anno
3379 1474 3606 1529 Adriani

2030 1575 2162 1613 xvm
2193 1579 2204 1613 :
2246 1560 2392 1629 quod
2446 1568 2501 1615 et
2540 1561 2680 1615 libro
2713 1578 2767 1616 tv
2803 1561 2947 1616 Hist.
2982 1578 3104 1633 cap.
3149 1564 3202 1627 6,
3237 1580 3305 1619 ex
3352 1565 3610 1618 Aristone

2031 1649 2225 1703 Pellaeo
2249 1660 2456 1705 narrat.
2484 1651 2649 1720 Atqui
2674 1667 2821 1706 anno
2852 1652 2944 1705 illo
2971 1668 3101 1706 xvut
3140 1653 3331 1722 imper.
3383 1653 3609 1708 Adriani

2030 1741 2278 1810 ἀκμάσαι
2314 1742 2406 1795 τὸν
2452 1743 2688 1813 πόλεμον
2736 1744 2922 1799 Aristo
2975 1745 3293 1813 scripserat.
3343 1743 3469 1799 ideo
3505 1745 3610 1800 sub

351 1833 514 1890 Urbis
541 1834 664 1898 724,
693 1834 918 1888 Juliano
945 1835 1158 1888 decimo
1191 1842 1369 1898 sexto,
1418 1835 1646 1904 Augusti
1673 1848 1804 1888 vero
1827 1833 1928 1885 im-
1961 1825 2001 1878 Β
2029 1831 2254 1886 Adriani
2306 1831 2466 1887 ﬁnem
2515 1833 2746 1890 desiisse
2775 1843 2930 1904 putat
2979 1832 3242 1906 Scaliger,
3273 1851 3447 1906 neque
3478 1837 3610 1890 dum

349 1927 620 1995 peratoris
640 1927 856 1981 decimo
906 1937 1128 1997 quarto.
1157 1925 1530 1996 Epiphaniaua
1555 1925 1718 1994 igitur
1737 1925 1836 1978 hac
1862 1939 1927 1978 ex

351 2028 504 2088 parte
541 2020 698 2085 ratio,
740 2030 799 2074 ut
830 2019 1075 2074 Lucilius
1105 2021 1200 2082 ait,
1227 2036 1493 2088 pet-vorsa,
1529 2035 1639 2073 tera
1669 2017 1929 2070 subducta

350 2112 600 2177 improbe.
625 2112 758 2178 Quae
789 2113 1011 2184 quidem
1046 2114 1120 2166 ita
1158 2112 1498 2167 restituenda
1532 2118 1661 2166 sunt
1697 2112 1927 2165 :Aunus

350 2202 690 2274 Philadelphi
730 2207 1028 2274 septimus,
1073 2213 1132 2259 ut
1191 2221 1356 2276 supra
1407 2201 1926 2265 demonstravimus,

351 2296 606 2350 convenit
633 2311 778 2350 anno
806 2296 1017 2367 periodi
1055 2296 1284 2359 Julianae
1314 2295 1491 2361 4455;
1529 2294 1752 2348 Adriani
1798 2308 1930 2347 vero

350 2386 728 2453 duodecimus,
756 2389 961 2443 Christi
991 2388 1113 2453 128,
1148 2388 1357 2458 periodi
1389 2385 1620 2440 Iuliana:
1645 2392 1731 2439 est
1758 2385 1921 2439 4841.

351 2477 698 2552 colliguntur
738 2496 771 2536 a
805 2483 1040 2552 septimo
1077 2481 1418 2551 Philadelphi
1447 2481 1516 2534 ad
1543 2477 1927 2536 duodecimum

352 2571 596 2638 Adriani,
626 2573 754 2627 anni
783 2573 909 2628 406.
945 2575 1118 2629 Annis
1161 2575 1341 2642 itaque
1382 2589 1509 2626 xxrv
1549 2570 1740 2628 solidis
1769 2569 1931 2622 aber-

355 2673 437 2719 rat
478 2663 764 2734 Epiphanii
795 2663 1065 2718 calculus.

423 2751 617 2821 οὗτος
663 2753 733 2808 δὲ
783 2757 817 2808 ό
860 2754 1187 2822 Ἀδριανός.
1237 2754 1572 2810 Athanasius
1624 2755 1693 2812 de
1738 2756 1930 2812 eodem

357 2846 571 2917 Aquila,
613 2845 707 2900 ἐπὶ
755 2845 1035 2916 Ἀδριανοῦ
1077 2844 1341 2915 βασιλέως
1399 2845 1493 2898 τοῦ
1543 2845 1931 2910 λεπτωθέντος.

355 2937 464 2992 Pro
491 2952 601 3008 quo
635 2936 881 3007 Scaliger
913 2936 1286 3007 λεπρωθέντος
1321 2936 1721 2994 absurdissime
1754 2938 1933 2992 corri~~

356 3031 454 3102 git.
489 3031 625 3086 Cum
665 3030 960 3093 λεπτωοείς
993 3045 1182 3099 parum
1227 3029 1352 3084 licet
1392 3039 1536 3085 terse
1567 3046 1667 3100 pro
1700 3031 1934 3085 λεπτυν-

356 3125 469 3188 ομεὶς
505 3123 611 3178 dici
661 3124 918 3193 potuerit.
956 3121 1091 3175 Nam
1125 3123 1250 3177 tabe
1289 3123 1595 3189 confectus,
1635 3131 1693 3178 ut
1733 3123 1810 3178 ait
1840 3123 1934 3180 Vi-

355 3226 496 3280 ctor,
535 3216 807 3272 Adrianus
845 3215 1029 3286 periit.
1075 3212 1209 3268 Vide
1243 3212 1612 3283 Spartianum.

429 3311 494 3363 υι
522 3309 590 3362 δὲ
624 3307 826 3362 πολλὰ
870 3308 1253 3376 κεκμηκότες.
1300 3305 1648 3376 Xipltilinus:
1688 3306 1932 3360 Ἐτελεύ-

354 3416 489 3471 τησε
516 3399 688 3468 λέγων
717 3398 812 3452 καὶ
843 3397 980 3467 βοῶν
1029 3399 1091 3450 τὸ
1121 3397 1387 3469 δημῶδες,
1426 3398 1507 3452 ὃτι
1540 3399 1725 3452 πολλοὶ
1761 3400 1935 3471 ἰατροὶ

359 3490 575 3559 βασιλέα
601 3489 911 3544 ἀπώλεσαν.

427 3582 747 3636 Στέλλεται
783 3581 899 3649 τὴν
925 3583 1193 3648 πορείαν.
1237 3579 1412 3636 Nimis
1453 3579 1569 3634 haec
1609 3579 1838 3651 abrupte
1867 3579 1936 3636 de

357 3675 788 3745 peregrinatione
819 3673 1073 3742 subjecit,
1106 3673 1265 3742 quasi
1307 3683 1660 3742 posteaquam
1699 3673 1754 3728 in
1787 3687 1936 3727 mor-

358 3767 485 3821 bum
512 3765 703 3820 incidit
735 3764 1013 3820 Adrianus
1049 3763 1195 3817 illam
1236 3763 1566 3834 susceperit.
1608 3765 1932 3820 Addendum

358 3859 541 3928 itaque
566 3858 841 3912 στέλλεται
862 3856 940 3912 δέ.
969 3855 1197 3910 Multum
1233 3871 1298 3910 ac
1322 3856 1415 3911 diu
1449 3859 1828 3928 peregrinatus
1849 3869 1934 3916 est

357 3948 652 4013 Adrianus,
686 3954 746 4000 ut
774 3962 841 4001 ex
868 3945 1184 4016 Spartiano,
1225 3945 1509 4016 Xiphilino
1539 3949 1768 4017 aliisque
1800 3965 1936 4004 con-

360 4042 491 4100 stat,
533 4048 596 4087 ac
649 4034 849 4103 saepius
899 4033 1175 4088 Orientem
1229 4032 1555 4102 Syriamque
1599 4035 1930 4104 peragravit.

360 4126 487 4181 llaec
518 4133 698 4181 autem
743 4123 1024 4194 profectio,
1051 4125 1119 4181 de
1143 4140 1250 4194 qua
1273 4125 1362 4179 hic
1383 4123 1720 4193 Epiphanius
1755 4126 1935 4194 loqui-

358 4223 468 4281 tur,
508 4216 612 4270 sub
651 4215 784 4268 illud
833 4222 1051 4282 tempus
1102 4213 1350 4281 contigit,
1400 4226 1509 4279 quo
1558 4208 1937 4280 Hierosolyma

358 4307 707 4361 instauravit.
750 4304 904 4371 Quod
933 4303 1285 4374 quandouam
1336 4304 1538 4358 factum
1569 4303 1662 4364 sit,
1713 4317 1824 4356 non
1857 4302 1938 4356 fa-

358 4397 462 4452 cile
511 4406 597 4454 est
649 4397 987 4452 discernere.
1021 4395 1138 4450 Non
1179 4396 1324 4450 enim
1370 4395 1537 4450 semel
1583 4393 1654 4448 ab
1693 4394 1936 4449 Adriano

2034 1938 2165 1975 xvm
2197 1938 2340 1977 anno
2383 1925 2663 1979 terminari
2721 1927 2982 1996 potuisse.
3029 1925 3134 1982 Sed
3190 1927 3362 1982 futilis
3414 1936 3500 1983 est
3543 1943 3610 1981 ac

2031 2011 2308 2068 levissima
2339 2017 2513 2078 ratio;
2546 2031 2673 2070 nam
2724 2018 2848 2072 belli
2879 2017 2962 2072 vis
3012 2020 3068 2070 in
3113 2018 3367 2071 ultimum
3402 2035 3605 2072 annum

2032 2105 2349 2161 incumbere
2371 2109 2570 2176 potuit,
2599 2124 2723 2162 cum
2749 2109 3029 2164 Betherem
3053 2109 3270 2164 obsedit
3297 2110 3605 2165 Adrianus:

2031 2214 2136 2268 qua
2166 2199 2220 2252 in
2272 2208 2599 2269 potestatem
2635 2201 2878 2262 redacta,
2915 2201 3120 2257 occisis
3157 2200 3413 2256 factionis
3450 2201 3608 2256 duci-

2033 2290 2156 2354 bus,
2193 2291 2401 2345 bellutn
2431 2299 2516 2346 est
2539 2307 2703 2348 omne
2745 2292 3092 2347 restinctum.
3138 2292 3257 2346 Dixi
3297 2290 3611 2362 Hierosoly-

2033 2395 2246 2434 morum
2289 2380 2752 2436 instaurationem
2809 2383 3198 2436 nonnullorum
3229 2398 3297 2436 ex
3335 2383 3610 2436 sententia

2030 2470 2257 2527 Judaica
2294 2472 2399 2526 ista
2433 2471 2704 2528 seditione
2736 2473 3096 2543 posteriorem
3143 2473 3350 2540 fuisse;
3385 2471 3622 2526 Dionem

2038 2575 2166 2615 vero
2221 2568 2382 2616 antea
2442 2562 2745 2634 contigisse
2785 2562 3052 2618 scribere.
3100 2561 3156 2617 Si
3209 2573 3338 2618 ante
3391 2562 3616 2617 Indicus

2032 2667 2376 2722 compressos
2428 2668 2492 2707 ac
2541 2653 2855 2724 proﬂigatos
2931 2655 3164 2721 accidit,
3214 2656 3321 2710 hoc
3367 2663 3452 2711 est
3507 2655 3610 2710 sub

2033 2755 2237 2795 annum
2267 2742 2500 2798 Adriani
2528 2759 2637 2805 xvi,
2667 2759 2790 2797 cum
2823 2745 2895 2799 sit
2924 2760 3106 2799 annus
3135 2744 3339 2799 Christi
3373 2745 3496 2810 152,
3529 2747 3618 2798 vel'

2034 2831 2157 2896 135,
2197 2832 2266 2887 ab
2309 2834 2462 2888 urbis
2499 2835 2736 2898 excidio,
2771 2836 2918 2906 quod
2972 2850 3120 2890 anno
3153 2834 3480 2906 Vespasiani
3513 2851 3606 2890 se—

2034 2923 2218 2978 eundo
2272 2925 2527 2995 contigit,
2571 2927 2774 2982 Christi
2824 2928 2912 2991 70,
2967 2927 3097 2981 anni
3145 2934 3276 2982 sunt
3324 2927 3495 2982 ferme
3519 2927 3612 2982 6'5.

2036 3013 2262 3070 Duobus
2296 3031 2451 3080 vero,
2483 3017 2728 3072 tribusve
2769 3018 2954 3086 plures
2985 3028 3168 3088 erunt,
3201 3021 3248 3076 si
3280 3021 3434 3074 ﬁnito
3467 3019 3618 3075 bello

2036 3107 2229 3161 urbem
2257 3105 2533 3162 Adrianus
2582 3108 2861 3164 excitarit.
2881 3107 3165 3174 Quocirca
3195 3126 3304 3164 non
3345 3111 3482 3166 satis
3513 3125 3612 3166 ex-

2038 3200 2194 3247 actus
2231 3202 2314 3248 est
2337 3194 2627 3265 Epiphanii
2653 3211 2937 3265 numerus,
2978 3198 3069 3267 qui
3099 3198 3168 3252 47
3217 3214 3395 3255 annos
3426 3199 3495 3253 ah
3520 3200 3613 3254 illo

2035 3285 2252 3340 excidio
2284 3288 2514 3358 colligit.
2546 3287 2872 3360 Quanquam
2917 3306 3029 3344 non
3055 3288 3487 3362 Vespasianiﬂ,
3516 3293 3614 3347 sed

2036 3377 2168 3440 Titi,
2200 3388 2570 3450 expugnatam
2603 3381 2792 3436 urbem
2819 3381 3124 3447 existimat,
3163 3397 3194 3436 a
3235 3398 3345 3452 quo
3379 3382 3446 3436 ad
3477 3389 3613 3437 tem-

2036 3486 2140 3541 pus
2174 3471 2328 3534 illud,
2354 3487 2465 3542 quo
2492 3473 2737 3530 eamdem
2777 3474 2960 3530 denuo
2996 3473 3270 3530 Adrianus
3305 3476 3504 3539 erexit,
3530 3473 3619 3529 vel

2036 3562 2107 3617 ad
2135 3565 2310 3619 locum
2369 3565 2547 3634 ipsum
2581 3567 2853 3636 pervenit,
2897 3567 3043 3637 quod
3075 3566 3347 3622 decimum
3400 3577 3614 3622 sextum

2037 3657 2244 3726 aliquot
2275 3655 2436 3712 annis
2474 3658 2798 3714 antecedere
2834 3659 3034 3730 potuit,
3085 3659 3218 3714 anni
3267 3661 3394 3731 plus
3432 3660 3616 3714 minus

2039 3763 2182 3802 ιινιι
2218 3748 2448 3820 reperiri
2481 3758 2734 3819 possunt.

2111 3842 2226 3896 Ἢν
2256 3841 2625 3910 κατέστρεψε
2673 3842 2856 3908 Τίτος.
2901 3841 3146 3905 Falsum,
3191 3842 3460 3899 accidisse
3512 3841 3614 3897 sub

2037 3931 2163 3986 Tito
2200 3951 2215 3986 :
2250 3947 2372 3985 nam
2403 3932 2477 3996 id,
2497 3930 2836 4000 Vespasiano
2868 3931 3192 4001 imperante,
3224 3931 3474 4001 contigit.

2109 4022 2218 4076 Καὶ
2252 4019 2390 4089 εὗρε
2420 4021 2534 4090 τὴν
2577 4021 2761 4074 πόλιν
2810 4020 3037 4074 πᾶσαν.
3073 4019 3325 4088 Plerique
3370 4027 3621 4073 veterum

2037 4112 2262 4166 Patrum
2304 4112 2686 4182 llierosolyma
2730 4120 2933 4182 negant
2982 4109 3228 4165 funditus
3256 4126 3286 4163 a
3323 4109 3452 4164 Ttto
3482 4110 3618 4165 sub-

2039 4221 2226 4269 versa;
2256 4204 2351 4261 sed
2376 4204 2608 4260 mediam
2635 4204 2787 4258 urbis
2806 4211 3012 4273 partem
3037 4201 3253 4257 excidio
3277 4201 3623 4272 superfuisse

2042 4297 2252 4362 dicunt,
2288 4311 2450 4366 quam
2495 4305 2683 4367 postea
2717 4296 2837 4351 solo
2880 4294 3117 4364 aequavit
3154 4291 3457 4347 Adrianus.
3492 4292 3623 4346 Ideo

2043 4389 2129 4466 bis
2158 4403 2408 4446 eversam
2440 4389 2587 4442 illam
2629 4396 2906 4444 asserunt.
2949 4388 3029 4442 lta
3064 4384 3336 4441 Eusebius
3372 4385 3468 4440 lib.
3519 4397 3620 4439 vnt

360 4491 658 4562 compressi
715 4506 781 4546 ac
817 4490 1106 4561 perdomiti
1135 4496 1263 4545 sunt
1289 4487 1483 4543 Judaei.
1516 4486 1764 4542 Primum
1793 4502 1938 4542 anno
1970 4495 2014 4551 ι)
2045 4480 2124 4536 De
2151 4482 2464 4548 demoustr.,
2503 4495 2626 4551 cap.
2669 4480 2754 4546 l8,
2792 4479 3184 4551 Hieronymus,
3232 4477 3451 4548 aliique,
3480 4493 3620 4547 quos

362 4583 574 4652 imperii
625 4582 869 4637 secundo
913 4581 1242 4636 rebellantes
1301 4580 1426 4634 illos
1472 4578 1704 4644 attrivit,
1769 4587 1828 4633 ut
1879 4578 1934 4632 in

363 4671 622 4728 Chronico
652 4672 843 4727 scribit
875 4671 1163 4727 Eusebius.
1197 4670 1620 4724 Alexandrinum
1639 4669 1938 4724 Chronicon

365 4764 468 4819 hoc
508 4763 572 4818 ad
605 4778 808 4817 annum
840 4778 898 4817 ιιι
929 4761 1134 4828 refert;
1164 4761 1424 4832 additque
1462 4768 1594 4816 tunc
1635 4761 1938 4830 Adrianum

365 4853 794 4926 Hierosolymam
827 4855 1066 4918 venisse,
1093 4861 1151 4908 et
1179 4854 1356 4923 captis
1381 4851 1585 4909 ludatis
1608 4851 1676 4906 ad
1709 4852 1940 4907 terebin-

364 4945 517 4999 thum
545 4947 782 5011 venisse,
805 4945 988 5016 ibique
1014 4952 1318 4999 mercatum
1351 4945 1569 4999 illorum
1597 4943 1938 5008 instituisse;

366 5046 642 5106 postremo
670 5038 935 5094 subverso
959 5037 1162 5107 templo
1184 5039 1373 5092 urbem
1407 5037 1768 5100 instaurasse,
1797 5050 1942 5091 eam-

367 5145 473 5200 que
499 5131 568 5185 de
599 5145 702 5184 suo
736 5129 958 5185 nomine
991 5129 1199 5184 Etiam
1228 5129 1554 5198 appellasse.
1580 5129 1712 5193 Qua;
1743 5125 1940 5196 partim

368 5222 502 5278 falsa
553 5229 704 5285 sunt,
734 5221 932 5292 partim
981 5222 1160 5277 alieno
1207 5229 1453 5291 tempore
1484 5221 1684 5290 posita.
1722 5219 1940 5276 Falsum

367 5323 467 5379 est,
506 5311 808 5367 Adrianum
843 5312 1104 5382 templum
1133 5310 1467 5371 Judatorum.
1491 5311 1636 5380 quod
1671 5323 1940 5379 nusquam

369 5409 483 5456 tum
524 5411 663 5468 erat,
690 5402 1007 5458 demolitum
1036 5417 1178 5458 esse.
1213 5400 1374 5457 Urbis
1402 5410 1581 5456 autem
1615 5401 1942 5456 instauratio

369 5489 460 5544 diu
495 5501 682 5561 postea
730 5490 978 5563 eotttigit.
1020 5489 1202 5546 Prima
1241 5489 1552 5546 Judteorum
1604 5490 1792 5546 clades
1839 5491 1942 5546 sub

369 5582 632 5650 Adriano,
684 5586 907 5640 ineunte
955 5584 1100 5640 illius
1146 5584 1375 5654 imperio
1421 5584 1640 5650 accidit,
1690 5593 1748 5637 ut
1798 5591 1942 5641 recte

373 5674 614 5744 Scaliger
660 5677 716 5730 in
764 5677 1127 5731 Animadvers.
1168 5676 1234 5730 ad
1293 5690 1382 5730 an.
1441 5675 1582 5729 2124
1647 5675 1936 5740 observat,

371 5765 588 5842 quando
639 5767 959 5822 seditionem
995 5767 1362 5833 concitarunt,
1394 5781 1514 5836 qum
1556 5781 1656 5837 per
1688 5765 1937 5822 Martium

2039 4574 2175 4628 citat
2243 4588 2305 4631 ac
2336 4572 2539 4627 refellit
2580 4572 2824 4644 Scaliger
2865 4571 2930 4626 ad
2963 4587 3164 4625 annum
3205 4569 3428 4624 Eusebii
3456 4569 3618 4623 2140.

2040 4663 2192 4718 llanc
2219 4679 2349 4718 vero
2380 4662 2677 4718 secundam
2715 4661 2866 4716 urbis
2913 4661 3284 4714 calamitatem
3320 4659 3482 4712 iidem
3540 4659 3621 4711 illi

2040 4765 2164 4827 post
2192 4754 2480 4811 Judaicam
2519 4756 2666 4809 illam
2709 4753 3031 4809 seditionem
3058 4766 3088 4804 a
3129 4750 3380 4805 Cochcba
3412 4747 3620 4804 confla-
3661 4759 3664 4764 ‘

2041 4857 2174 4914 tam,
2205 4848 2569 4917 eamdemque
2609 4857 2862 4901 necatum
2904 4844 3167 4900 incidisse
3193 4855 3517 4902 ll'lClllOl‘anl.
3554 4856 3622 4895 ac

2042 4951 2156 4998 tum
2191 4939 2408 4996 demum
2436 4954 2626 4995 eversa
2684 4939 2906 5008 penitus
2951 4937 3106 5001 urbe,
3155 4933 3356 4988 {Eliam
3394 4949 3461 4989 ex
3496 4934 3622 5006 ejus

2041 5034 2220 5089 ruinis
2245 5034 2558 5088 excitatam.

2115 5125 2224 5197 Ego
2267 5142 2394 5180 vero
2440 5123 2598 5178 Dioni
2649 5140 2880 5194 prorsus
2935 5120 3232 5188 assentior,
3279 5118 3619 5192 quiaEliam

2044 5227 2170 5275 ante
2201 5217 2490 5272 Iudaicum
2526 5217 2681 5271 illutn
2722 5224 2930 5272 motum
2965 5216 3033 5270 ab
3074 5214 3315 5270 Adriano
3345 5212 3620 5269 conditam

2044 5311 2274 5366 aliirmat
2302 5329 2315 5364 :
2351 5309 2510 5379 cujus
2539 5309 2704 5363 etiam
2737 5308 3029 5363 occasione
3071 5307 3370 5361 rebellasse
3401 5302 3623 5358 Iudaeos

2044 5400 2234 5466 refert,
2265 5415 2388 5455 cum
2417 5399 2472 5453 in
2503 5413 2567 5453 ea
2598 5395 2751 5453 Jovis
2777 5395 3069 5468 Capitolini
3105 5395 3363 5465 templum
3399 5402 3621 5450 exstru-

2043 5492 2236 5548 xisset.
2270 5489 2381 5546 Nec
2417 5489 2548 5544 illud
2577 5489 2884 5560 approbare
2917 5502 3165 5558 possum,
3194 5483 3429 5537 mediam
3464 5480 3623 5536 urbis

2045 5593 2254 5654 partem
2293 5580 2464 5653 priori
2501 5579 2576 5634 illi
2606 5578 2746 5633 cladi
2781 5577 3128 5648 superstitem
3163 5573 3352 5626 fuisse.
3384 5568 3504 5624 Non
3537 5576 3621 5623 ta-

2045 5691 2166 5730 men
2202 5671 2512 5742 negandum
2561 5677 2665 5733 est,
2703 5667 2836 5736 quin
2870 5677 3049 5733 parva:
3081 5658 3328 5730 quaedam
3371 5657 3620 5728 reliquim

2045 5768 2111 5823 ad
2159 5763 2383 5819 Adriani
2442 5773 2687 5830 tempora
2741 5753 3132 5827 perstiterint:
3187 5749 3334 5819 quod
3388 5750 3619 5806 nimium
