  <div class='ocr_page' id='page_1' title='image "/cluster/home/n/w/nwhite01/storage/ocr_20150623/43/mdp.39015013284818/315.png"; bbox 0 0 3978 6220; ppageno 0'>
   <div class='ocr_carea' id='block_1_1' title="bbox 376 337 477 392">
    <p class='ocr_par' dir='ltr' id='par_1_1' title="bbox 376 337 477 392">
     <span class='ocr_line' id='line_1_1' title="bbox 376 337 477 392; baseline -0.02 0"><span class='ocrx_word' id='word_1_1' title='bbox 376 337 447 392; x_wconf 68' lang='grc' dir='ltr'><strong>ὅῖί</strong></span> <span class='ocrx_word' id='word_1_2' title='bbox 458 337 477 390; x_wconf 83' lang='grc'><strong>1</strong></span> 
     </span>
    </p>
   </div>
   <div class='ocr_carea' id='block_1_2' title="bbox 1604 336 2612 396">
    <p class='ocr_par' dir='ltr' id='par_1_2' title="bbox 1604 336 2612 396">
     <span class='ocr_line' id='line_1_2' title="bbox 1604 336 2612 396; baseline -0.001 -3"><span class='ocrx_word' id='word_1_3' title='bbox 1604 336 1949 394; x_wconf 76' lang='lat' dir='ltr'><strong>APPENDIX</strong></span> <span class='ocrx_word' id='word_1_4' title='bbox 1986 337 2612 396; x_wconf 75' lang='lat' dir='ltr'><strong>DISSERTATIONUM.</strong></span> 
     </span>
    </p>
   </div>
   <div class='ocr_carea' id='block_1_3' title="bbox 3508 323 3623 380">
    <p class='ocr_par' dir='ltr' id='par_1_3' title="bbox 3508 323 3623 380">
     <span class='ocr_line' id='line_1_3' title="bbox 3508 323 3623 380; baseline 0.017 -2"><span class='ocrx_word' id='word_1_5' title='bbox 3508 323 3623 380; x_wconf 77' lang='lat'><strong>552</strong></span> 
     </span>
    </p>
   </div>
   <div class='ocr_carea' id='block_1_4' title="bbox 366 459 3633 532">
    <p class='ocr_par' dir='ltr' id='par_1_4' title="bbox 366 459 3633 532">
     <span class='ocr_line' id='line_1_4' title="bbox 366 459 3633 532; baseline 0.001 -18"><span class='ocrx_word' id='word_1_6' title='bbox 366 462 663 528; x_wconf 64' lang='lat' dir='ltr'><strong>prafracte</strong></span> <span class='ocrx_word' id='word_1_7' title='bbox 691 461 822 517; x_wconf 90' lang='lat' dir='ltr'><strong>facit</strong></span> <span class='ocrx_word' id='word_1_8' title='bbox 856 461 1120 532; x_wconf 74' lang='lat' dir='ltr'><strong>Scaliger.</strong></span> <span class='ocrx_word' id='word_1_9' title='bbox 1155 459 1258 526; x_wconf 90' lang='lat' dir='ltr'><strong>Qui</strong></span> <span class='ocrx_word' id='word_1_10' title='bbox 1284 467 1338 515; x_wconf 93' lang='lat' dir='ltr'><strong>ct</strong></span> <span class='ocrx_word' id='word_1_11' title='bbox 1370 459 1734 532; x_wconf 86' lang='lat' dir='ltr'><strong>Epiphanium</strong></span> <span class='ocrx_word' id='word_1_12' title='bbox 1766 463 1948 520; x_wconf 82' lang='lat' dir='ltr'><strong>redar-</strong></span> <span class='ocrx_word' id='word_1_13' title='bbox 1978 469 2020 526; x_wconf 72' lang='grc' dir='ltr'><strong>Α</strong></span> <span class='ocrx_word' id='word_1_14' title='bbox 2044 478 2123 516; x_wconf 81' lang='lat' dir='ltr'><strong>vn</strong></span> <span class='ocrx_word' id='word_1_15' title='bbox 2175 477 2489 532; x_wconf 63' lang='lat' dir='ltr'><strong>synagoga;</strong></span> <span class='ocrx_word' id='word_1_16' title='bbox 2537 461 2626 514; x_wconf 85' lang='lat' dir='ltr'><strong>ubi</strong></span> <span class='ocrx_word' id='word_1_17' title='bbox 2670 459 2985 516; x_wconf 74' lang='lat' dir='ltr'><strong>Judworum</strong></span> <span class='ocrx_word' id='word_1_18' title='bbox 3040 459 3265 529; x_wconf 82' lang='lat' dir='ltr'><strong>populus</strong></span> <span class='ocrx_word' id='word_1_19' title='bbox 3318 463 3633 517; x_wconf 72' lang='lat' dir='ltr'><strong>conveniens</strong></span> 
     </span>
    </p>
   </div>
   <div class='ocr_carea' id='block_1_5' title="bbox 373 550 1956 622">
    <p class='ocr_par' dir='ltr' id='par_1_5' title="bbox 373 550 1956 622">
     <span class='ocr_line' id='line_1_5' title="bbox 373 550 1956 622; baseline 0.001 -16"><span class='ocrx_word' id='word_1_20' title='bbox 373 553 511 620; x_wconf 74' lang='lat' dir='ltr'><strong>guit,</strong></span> <span class='ocrx_word' id='word_1_21' title='bbox 539 551 683 622; x_wconf 88' lang='lat' dir='ltr'><strong>quod</strong></span> <span class='ocrx_word' id='word_1_22' title='bbox 708 550 935 606; x_wconf 80' lang='lat' dir='ltr'><strong>:edilicia</strong></span> <span class='ocrx_word' id='word_1_23' title='bbox 969 550 1199 619; x_wconf 85' lang='lat' dir='ltr'><strong>aliquot,</strong></span> <span class='ocrx_word' id='word_1_24' title='bbox 1227 559 1282 604; x_wconf 93' lang='lat' dir='ltr'><strong>et</strong></span> <span class='ocrx_word' id='word_1_25' title='bbox 1324 567 1626 622; x_wconf 78' lang='lat' dir='ltr'><strong>synagogas</strong></span> <span class='ocrx_word' id='word_1_26' title='bbox 1654 569 1778 608; x_wconf 90' lang='lat' dir='ltr'><strong>cum</strong></span> <span class='ocrx_word' id='word_1_27' title='bbox 1803 554 1956 608; x_wconf 88' lang='lat' dir='ltr'><strong>Chri-</strong></span> 
     </span>
    </p>
   </div>
   <div class='ocr_carea' id='block_1_6' title="bbox 373 641 1951 711">
    <p class='ocr_par' dir='ltr' id='par_1_6' title="bbox 373 641 1951 711">
     <span class='ocr_line' id='line_1_6' title="bbox 373 641 1951 711; baseline 0.001 -13"><span class='ocrx_word' id='word_1_28' title='bbox 373 643 677 698; x_wconf 87' lang='lat' dir='ltr'><strong>stianormn</strong></span> <span class='ocrx_word' id='word_1_29' title='bbox 707 642 928 711; x_wconf 80' lang='lat' dir='ltr'><strong>templis</strong></span> <span class='ocrx_word' id='word_1_30' title='bbox 949 641 1219 697; x_wconf 90' lang='lat' dir='ltr'><strong>restitisse</strong></span> <span class='ocrx_word' id='word_1_31' title='bbox 1247 641 1418 696; x_wconf 82' lang='lat' dir='ltr'><strong>dicat.</strong></span> <span class='ocrx_word' id='word_1_32' title='bbox 1437 641 1572 697; x_wconf 85' lang='lat' dir='ltr'><strong>Nam</strong></span> <span class='ocrx_word' id='word_1_33' title='bbox 1596 645 1728 699; x_wconf 92' lang='lat' dir='ltr'><strong>illud</strong></span> <span class='ocrx_word' id='word_1_34' title='bbox 1747 645 1951 700; x_wconf 82' lang='lat' dir='ltr'><strong>Christi</strong></span> 
     </span>
    </p>
   </div>
   <div class='ocr_carea' id='block_1_7' title="bbox 373 733 1950 806">
    <p class='ocr_par' dir='ltr' id='par_1_7' title="bbox 373 733 1950 806">
     <span class='ocr_line' id='line_1_7' title="bbox 373 733 1950 806; baseline 0.003 -20"><span class='ocrx_word' id='word_1_35' title='bbox 373 733 587 788; x_wconf 83' lang='lat' dir='ltr'><strong>Domini</strong></span> <span class='ocrx_word' id='word_1_36' title='bbox 635 733 958 786; x_wconf 88' lang='lat' dir='ltr'><strong>vaticinium</strong></span> <span class='ocrx_word' id='word_1_37' title='bbox 1015 733 1286 802; x_wconf 80' lang='lat' dir='ltr'><strong>opponit:</strong></span> <span class='ocrx_word' id='word_1_38' title='bbox 1333 733 1457 787; x_wconf 82' lang='lat' dir='ltr'><strong>Non</strong></span> <span class='ocrx_word' id='word_1_39' title='bbox 1514 735 1744 788; x_wconf 82' lang='lat' dir='ltr'><strong>manebit</strong></span> <span class='ocrx_word' id='word_1_40' title='bbox 1813 735 1950 806; x_wconf 81' lang='lat' dir='ltr'><strong>lapis</strong></span> 
     </span>
    </p>
   </div>
   <div class='ocr_carea' id='block_1_8' title="bbox 369 820 1948 896">
    <p class='ocr_par' dir='ltr' id='par_1_8' title="bbox 369 820 1948 896">
     <span class='ocr_line' id='line_1_8' title="bbox 369 820 1948 896; baseline 0.003 -18"><span class='ocrx_word' id='word_1_41' title='bbox 369 841 529 894; x_wconf 85' lang='lat' dir='ltr'><strong>super</strong></span> <span class='ocrx_word' id='word_1_42' title='bbox 581 823 804 890; x_wconf 80' lang='lat' dir='ltr'><strong>lapidem</strong></span> <span class='ocrx_word' id='word_1_43' title='bbox 837 820 1055 894; x_wconf 78' lang='lat' dir='ltr'><strong>(Matth.</strong></span> <span class='ocrx_word' id='word_1_44' title='bbox 1107 839 1254 888; x_wconf 77' lang='lat' dir='ltr'><strong>xxrv,</strong></span> <span class='ocrx_word' id='word_1_45' title='bbox 1300 823 1376 894; x_wconf 73' lang='lat'><strong>2).</strong></span> <span class='ocrx_word' id='word_1_46' title='bbox 1429 823 1631 879; x_wconf 82' lang='lat' dir='ltr'><strong>Verum</strong></span> <span class='ocrx_word' id='word_1_47' title='bbox 1674 825 1948 896; x_wconf 83' lang='lat' dir='ltr'><strong>Josephus</strong></span> 
     </span>
    </p>
   </div>
   <div class='ocr_carea' id='block_1_9' title="bbox 370 913 1948 983">
    <p class='ocr_par' dir='ltr' id='par_1_9' title="bbox 370 913 1948 983">
     <span class='ocr_line' id='line_1_9' title="bbox 370 913 1948 983; baseline 0.004 -16"><span class='ocrx_word' id='word_1_48' title='bbox 370 915 488 982; x_wconf 86' lang='lat' dir='ltr'><strong>ipse</strong></span> <span class='ocrx_word' id='word_1_49' title='bbox 541 914 632 968; x_wconf 91' lang='lat' dir='ltr'><strong>lib.</strong></span> <span class='ocrx_word' id='word_1_50' title='bbox 675 929 773 978; x_wconf 90' lang='lat' dir='ltr'><strong>vn,</strong></span> <span class='ocrx_word' id='word_1_51' title='bbox 801 927 924 983; x_wconf 90' lang='lat' dir='ltr'><strong>cap.</strong></span> <span class='ocrx_word' id='word_1_52' title='bbox 967 913 1056 975; x_wconf 88' lang='grc'><strong>18,</strong></span> <span class='ocrx_word' id='word_1_53' title='bbox 1103 922 1282 967; x_wconf 90' lang='lat' dir='ltr'><strong>turres</strong></span> <span class='ocrx_word' id='word_1_54' title='bbox 1332 929 1362 967; x_wconf 91' lang='lat' dir='ltr'><strong>a</strong></span> <span class='ocrx_word' id='word_1_55' title='bbox 1403 913 1526 969; x_wconf 81' lang='lat' dir='ltr'><strong>Tito</strong></span> <span class='ocrx_word' id='word_1_56' title='bbox 1575 925 1684 972; x_wconf 92' lang='lat' dir='ltr'><strong>tres</strong></span> <span class='ocrx_word' id='word_1_57' title='bbox 1729 917 1948 973; x_wconf 86' lang='lat' dir='ltr'><strong>relictas</strong></span> 
     </span>
    </p>
   </div>
   <div class='ocr_carea' id='block_1_10' title="bbox 369 1003 1948 1075">
    <p class='ocr_par' dir='ltr' id='par_1_10' title="bbox 369 1003 1948 1075">
     <span class='ocr_line' id='line_1_10' title="bbox 369 1003 1948 1075; baseline 0.003 -18"><span class='ocrx_word' id='word_1_58' title='bbox 369 1019 494 1058; x_wconf 92' lang='lat' dir='ltr'><strong>cum</strong></span> <span class='ocrx_word' id='word_1_59' title='bbox 527 1003 858 1058; x_wconf 77' lang='lat' dir='ltr'><strong>occidentali</strong></span> <span class='ocrx_word' id='word_1_60' title='bbox 891 1005 1034 1058; x_wconf 91' lang='lat' dir='ltr'><strong>muri</strong></span> <span class='ocrx_word' id='word_1_61' title='bbox 1068 1011 1222 1075; x_wconf 89' lang='lat' dir='ltr'><strong>parte</strong></span> <span class='ocrx_word' id='word_1_62' title='bbox 1251 1005 1464 1070; x_wconf 84' lang='lat' dir='ltr'><strong>scribit,</strong></span> <span class='ocrx_word' id='word_1_63' title='bbox 1496 1013 1557 1059; x_wconf 90' lang='lat' dir='ltr'><strong>ut</strong></span> <span class='ocrx_word' id='word_1_64' title='bbox 1587 1021 1652 1060; x_wconf 91' lang='lat' dir='ltr'><strong>ca</strong></span> <span class='ocrx_word' id='word_1_65' title='bbox 1684 1008 1830 1060; x_wconf 88' lang='lat' dir='ltr'><strong>velut</strong></span> <span class='ocrx_word' id='word_1_66' title='bbox 1853 1022 1948 1062; x_wconf 89' lang='lat' dir='ltr'><strong>ca-</strong></span> 
     </span>
    </p>
   </div>
   <div class='ocr_carea' id='block_1_11' title="bbox 368 1093 1945 1167">
    <p class='ocr_par' dir='ltr' id='par_1_11' title="bbox 368 1093 1945 1167">
     <span class='ocr_line' id='line_1_11' title="bbox 368 1093 1945 1167; baseline 0.003 -19"><span class='ocrx_word' id='word_1_67' title='bbox 368 1105 480 1149; x_wconf 90' lang='lat' dir='ltr'><strong>stra</strong></span> <span class='ocrx_word' id='word_1_68' title='bbox 512 1095 865 1164; x_wconf 67' lang='lat' dir='ltr'><strong>prmsidiariis</strong></span> <span class='ocrx_word' id='word_1_69' title='bbox 890 1103 1093 1150; x_wconf 82' lang='lat' dir='ltr'><strong>essent.</strong></span> <span class='ocrx_word' id='word_1_70' title='bbox 1123 1093 1277 1150; x_wconf 90' lang='lat' dir='ltr'><strong>Unde</strong></span> <span class='ocrx_word' id='word_1_71' title='bbox 1302 1110 1410 1149; x_wconf 93' lang='lat' dir='ltr'><strong>non</strong></span> <span class='ocrx_word' id='word_1_72' title='bbox 1441 1105 1548 1150; x_wconf 89' lang='lat' dir='ltr'><strong>tam</strong></span> <span class='ocrx_word' id='word_1_73' title='bbox 1581 1098 1753 1167; x_wconf 80' lang='lat' dir='ltr'><strong>rigide</strong></span> <span class='ocrx_word' id='word_1_74' title='bbox 1783 1099 1945 1154; x_wconf 88' lang='lat' dir='ltr'><strong>verba</strong></span> 
     </span>
    </p>
   </div>
   <div class='ocr_carea' id='block_1_12' title="bbox 367 1185 1943 1256">
    <p class='ocr_par' dir='ltr' id='par_1_12' title="bbox 367 1185 1943 1256">
     <span class='ocr_line' id='line_1_12' title="bbox 367 1185 1943 1256; baseline 0.002 -16"><span class='ocrx_word' id='word_1_75' title='bbox 367 1186 460 1240; x_wconf 85' lang='lat' dir='ltr'><strong>illa</strong></span> <span class='ocrx_word' id='word_1_76' title='bbox 489 1185 693 1241; x_wconf 82' lang='lat' dir='ltr'><strong>Christi</strong></span> <span class='ocrx_word' id='word_1_77' title='bbox 751 1185 1072 1256; x_wconf 87' lang='lat' dir='ltr'><strong>accipienda</strong></span> <span class='ocrx_word' id='word_1_78' title='bbox 1127 1185 1405 1251; x_wconf 89' lang='lat' dir='ltr'><strong>videntur,</strong></span> <span class='ocrx_word' id='word_1_79' title='bbox 1446 1187 1598 1242; x_wconf 89' lang='lat' dir='ltr'><strong>nulla</strong></span> <span class='ocrx_word' id='word_1_80' title='bbox 1641 1195 1722 1253; x_wconf 84' lang='lat' dir='ltr'><strong>ut,</strong></span> <span class='ocrx_word' id='word_1_81' title='bbox 1777 1188 1943 1243; x_wconf 87' lang='lat' dir='ltr'><strong>etiam</strong></span> 
     </span>
    </p>
   </div>
   <div class='ocr_carea' id='block_1_13' title="bbox 364 1274 1944 1345">
    <p class='ocr_par' dir='ltr' id='par_1_13' title="bbox 364 1274 1944 1345">
     <span class='ocr_line' id='line_1_13' title="bbox 364 1274 1944 1345; baseline 0 -15"><span class='ocrx_word' id='word_1_82' title='bbox 364 1276 584 1344; x_wconf 81' lang='lat' dir='ltr'><strong>exigua,</strong></span> <span class='ocrx_word' id='word_1_83' title='bbox 619 1289 747 1343; x_wconf 86' lang='lat' dir='ltr'><strong>pars</strong></span> <span class='ocrx_word' id='word_1_84' title='bbox 803 1274 959 1328; x_wconf 86' lang='lat' dir='ltr'><strong>urbis</strong></span> <span class='ocrx_word' id='word_1_85' title='bbox 1006 1275 1356 1338; x_wconf 81' lang='lat' dir='ltr'><strong>remanserit,</strong></span> <span class='ocrx_word' id='word_1_86' title='bbox 1401 1275 1496 1330; x_wconf 91' lang='lat' dir='ltr'><strong>sed</strong></span> <span class='ocrx_word' id='word_1_87' title='bbox 1537 1281 1598 1329; x_wconf 88' lang='lat' dir='ltr'><strong>ut</strong></span> <span class='ocrx_word' id='word_1_88' title='bbox 1637 1275 1832 1345; x_wconf 83' lang='lat' dir='ltr'><strong>majori</strong></span> <span class='ocrx_word' id='word_1_89' title='bbox 1877 1292 1944 1332; x_wconf 82' lang='lat' dir='ltr'><strong>ex</strong></span> 
     </span>
    </p>
   </div>
   <div class='ocr_carea' id='block_1_14' title="bbox 367 1362 1943 1434">
    <p class='ocr_par' dir='ltr' id='par_1_14' title="bbox 367 1362 1943 1434">
     <span class='ocr_line' id='line_1_14' title="bbox 367 1362 1943 1434; baseline 0.002 -17"><span class='ocrx_word' id='word_1_90' title='bbox 367 1373 525 1434; x_wconf 86' lang='lat' dir='ltr'><strong>parte</strong></span> <span class='ocrx_word' id='word_1_91' title='bbox 553 1365 673 1418; x_wconf 92' lang='lat' dir='ltr'><strong>solo</strong></span> <span class='ocrx_word' id='word_1_92' title='bbox 702 1371 918 1432; x_wconf 66' lang='lat' dir='ltr'><strong>aequata</strong></span> <span class='ocrx_word' id='word_1_93' title='bbox 972 1372 1027 1419; x_wconf 87' lang='lat' dir='ltr'><strong>et</strong></span> <span class='ocrx_word' id='word_1_94' title='bbox 1060 1363 1403 1434; x_wconf 88' lang='lat' dir='ltr'><strong>complanata</strong></span> <span class='ocrx_word' id='word_1_95' title='bbox 1439 1362 1624 1428; x_wconf 83' lang='lat' dir='ltr'><strong>fuerit,</strong></span> <span class='ocrx_word' id='word_1_96' title='bbox 1661 1373 1756 1420; x_wconf 89' lang='lat' dir='ltr'><strong>aut</strong></span> <span class='ocrx_word' id='word_1_97' title='bbox 1794 1365 1943 1420; x_wconf 91' lang='lat' dir='ltr'><strong>illius</strong></span> 
     </span>
    </p>
   </div>
   <div class='ocr_carea' id='block_1_15' title="bbox 367 1454 1942 1526">
    <p class='ocr_par' dir='ltr' id='par_1_15' title="bbox 367 1454 1942 1526">
     <span class='ocr_line' id='line_1_15' title="bbox 367 1454 1942 1526; baseline 0 -16"><span class='ocrx_word' id='word_1_98' title='bbox 367 1467 518 1511; x_wconf 85' lang='lat' dir='ltr'><strong>certe</strong></span> <span class='ocrx_word' id='word_1_99' title='bbox 547 1455 849 1526; x_wconf 71' lang='lat' dir='ltr'><strong>prophetia:</strong></span> <span class='ocrx_word' id='word_1_100' title='bbox 863 1455 1044 1510; x_wconf 87' lang='lat' dir='ltr'><strong>exitus</strong></span> <span class='ocrx_word' id='word_1_101' title='bbox 1063 1454 1288 1509; x_wconf 86' lang='lat' dir='ltr'><strong>Adriani</strong></span> <span class='ocrx_word' id='word_1_102' title='bbox 1305 1467 1775 1526; x_wconf 89' lang='lat' dir='ltr'><strong>quoquetempora</strong></span> <span class='ocrx_word' id='word_1_103' title='bbox 1791 1471 1942 1512; x_wconf 82' lang='lat' dir='ltr'><strong>com-</strong></span> 
     </span>
    </p>
   </div>
   <div class='ocr_carea' id='block_1_16' title="bbox 368 1545 1940 1617">
    <p class='ocr_par' dir='ltr' id='par_1_16' title="bbox 368 1545 1940 1617">
     <span class='ocr_line' id='line_1_16' title="bbox 368 1545 1940 1617; baseline 0.002 -18"><span class='ocrx_word' id='word_1_104' title='bbox 368 1547 648 1617; x_wconf 88' lang='lat' dir='ltr'><strong>plectitur.</strong></span> <span class='ocrx_word' id='word_1_105' title='bbox 683 1545 1046 1612; x_wconf 84' lang='lat' dir='ltr'><strong>Quamobrem</strong></span> <span class='ocrx_word' id='word_1_106' title='bbox 1088 1547 1355 1616; x_wconf 84' lang='lat' dir='ltr'><strong>paulatim</strong></span> <span class='ocrx_word' id='word_1_107' title='bbox 1389 1546 1612 1610; x_wconf 86' lang='lat' dir='ltr'><strong>accidit,</strong></span> <span class='ocrx_word' id='word_1_108' title='bbox 1647 1557 1708 1601; x_wconf 90' lang='lat' dir='ltr'><strong>ut</strong></span> <span class='ocrx_word' id='word_1_109' title='bbox 1741 1548 1940 1617; x_wconf 85' lang='lat' dir='ltr'><strong>partim</strong></span> 
     </span>
    </p>
   </div>
   <div class='ocr_carea' id='block_1_17' title="bbox 367 1635 1939 1708">
    <p class='ocr_par' dir='ltr' id='par_1_17' title="bbox 367 1635 1939 1708">
     <span class='ocr_line' id='line_1_17' title="bbox 367 1635 1939 1708; baseline -0.001 -17"><span class='ocrx_word' id='word_1_110' title='bbox 367 1635 568 1699; x_wconf 57' lang='lat' dir='ltr'><strong>Judaei,</strong></span> <span class='ocrx_word' id='word_1_111' title='bbox 604 1637 806 1706; x_wconf 89' lang='lat' dir='ltr'><strong>partim</strong></span> <span class='ocrx_word' id='word_1_112' title='bbox 833 1636 1134 1692; x_wconf 88' lang='lat' dir='ltr'><strong>Christiani</strong></span> <span class='ocrx_word' id='word_1_113' title='bbox 1170 1636 1287 1691; x_wconf 87' lang='lat' dir='ltr'><strong>sive</strong></span> <span class='ocrx_word' id='word_1_114' title='bbox 1309 1637 1364 1692; x_wconf 90' lang='lat' dir='ltr'><strong>in</strong></span> <span class='ocrx_word' id='word_1_115' title='bbox 1399 1637 1691 1708; x_wconf 80' lang='lat' dir='ltr'><strong>superstite</strong></span> <span class='ocrx_word' id='word_1_116' title='bbox 1722 1637 1813 1692; x_wconf 90' lang='lat' dir='ltr'><strong>illa</strong></span> <span class='ocrx_word' id='word_1_117' title='bbox 1842 1654 1939 1692; x_wconf 89' lang='lat' dir='ltr'><strong>ur-</strong></span> 
     </span>
    </p>
   </div>
   <div class='ocr_carea' id='block_1_18' title="bbox 367 1728 1937 1799">
    <p class='ocr_par' dir='ltr' id='par_1_18' title="bbox 367 1728 1937 1799">
     <span class='ocr_line' id='line_1_18' title="bbox 367 1728 1937 1799; baseline 0 -15"><span class='ocrx_word' id='word_1_118' title='bbox 367 1728 461 1784; x_wconf 92' lang='lat' dir='ltr'><strong>bis</strong></span> <span class='ocrx_word' id='word_1_119' title='bbox 491 1735 664 1798; x_wconf 86' lang='lat' dir='ltr'><strong>parte,</strong></span> <span class='ocrx_word' id='word_1_120' title='bbox 715 1728 832 1785; x_wconf 91' lang='lat' dir='ltr'><strong>sive</strong></span> <span class='ocrx_word' id='word_1_121' title='bbox 886 1728 939 1782; x_wconf 92' lang='lat' dir='ltr'><strong>in</strong></span> <span class='ocrx_word' id='word_1_122' title='bbox 972 1729 1282 1799; x_wconf 91' lang='lat' dir='ltr'><strong>propinquo</strong></span> <span class='ocrx_word' id='word_1_123' title='bbox 1311 1728 1494 1798; x_wconf 87' lang='lat' dir='ltr'><strong>aliquo</strong></span> <span class='ocrx_word' id='word_1_124' title='bbox 1517 1729 1641 1784; x_wconf 90' lang='lat' dir='ltr'><strong>loco</strong></span> <span class='ocrx_word' id='word_1_125' title='bbox 1662 1728 1937 1784; x_wconf 90' lang='lat' dir='ltr'><strong>domicilia</strong></span> 
     </span>
    </p>
   </div>
   <div class='ocr_carea' id='block_1_19' title="bbox 2057 541 3308 620">
    <p class='ocr_par' dir='ltr' id='par_1_19' title="bbox 2057 541 3308 620">
     <span class='ocr_line' id='line_1_19' title="bbox 2057 541 3308 620; baseline 0.001 -16"><span class='ocrx_word' id='word_1_126' title='bbox 2057 551 2214 620; x_wconf 81' lang='lat' dir='ltr'><strong>legem</strong></span> <span class='ocrx_word' id='word_1_127' title='bbox 2241 565 2332 618; x_wconf 89' lang='lat' dir='ltr'><strong>per</strong></span> <span class='ocrx_word' id='word_1_128' title='bbox 2353 549 2570 620; x_wconf 77' lang='lat' dir='ltr'><strong>Moysen</strong></span> <span class='ocrx_word' id='word_1_129' title='bbox 2596 541 2777 602; x_wconf 74' lang='lat' dir='ltr'><strong>datam</strong></span> <span class='ocrx_word' id='word_1_130' title='bbox 2806 548 3006 603; x_wconf 84' lang='lat' dir='ltr'><strong>discere</strong></span> <span class='ocrx_word' id='word_1_131' title='bbox 3033 552 3308 617; x_wconf 88' lang='lat' dir='ltr'><strong>potuisset.</strong></span> 
     </span>
    </p>
   </div>
   <div class='ocr_carea' id='block_1_20' title="bbox 2138 639 3638 707">
    <p class='ocr_par' dir='ltr' id='par_1_20' title="bbox 2138 639 3638 707">
     <span class='ocr_line' id='line_1_20' title="bbox 2138 639 3638 707; baseline 0.002 -13"><span class='ocrx_word' id='word_1_132' title='bbox 2138 639 2480 706; x_wconf 78' lang='grc' dir='ltr'><em>Ἀντωνῖνος</em></span> <span class='ocrx_word' id='word_1_133' title='bbox 2509 643 2542 694; x_wconf 75' lang='grc' dir='ltr'><em>ὁ</em></span> <span class='ocrx_word' id='word_1_134' title='bbox 2569 639 2916 707; x_wconf 74' lang='grc' dir='ltr'><strong>ἐπικληθεὶς</strong></span> <span class='ocrx_word' id='word_1_135' title='bbox 2954 641 3118 706; x_wconf 80' lang='grc' dir='ltr'><em>Πίος.</em></span> <span class='ocrx_word' id='word_1_136' title='bbox 3151 641 3418 696; x_wconf 86' lang='lat' dir='ltr'><strong>Eusebius</strong></span> <span class='ocrx_word' id='word_1_137' title='bbox 3451 655 3638 697; x_wconf 82' lang='lat' dir='ltr'><strong>annos</strong></span> 
     </span>
    </p>
   </div>
   <div class='ocr_carea' id='block_1_21' title="bbox 2051 729 3633 801">
    <p class='ocr_par' dir='ltr' id='par_1_21' title="bbox 2051 729 3633 801">
     <span class='ocr_line' id='line_1_21' title="bbox 2051 729 3633 801; baseline 0.001 -17"><span class='ocrx_word' id='word_1_138' title='bbox 2051 730 2287 801; x_wconf 91' lang='lat' dir='ltr'><strong>imputat</strong></span> <span class='ocrx_word' id='word_1_139' title='bbox 2337 747 2470 792; x_wconf 84' lang='lat' dir='ltr'><strong>xxu,</strong></span> <span class='ocrx_word' id='word_1_140' title='bbox 2525 745 2743 785; x_wconf 83' lang='lat' dir='ltr'><strong>menses</strong></span> <span class='ocrx_word' id='word_1_141' title='bbox 2777 745 2884 797; x_wconf 77' lang='lat' dir='ltr'><strong>=m;</strong></span> <span class='ocrx_word' id='word_1_142' title='bbox 2934 729 3124 784; x_wconf 84' lang='lat' dir='ltr'><strong>Victor</strong></span> <span class='ocrx_word' id='word_1_143' title='bbox 3174 746 3348 797; x_wconf 78' lang='lat' dir='ltr'><strong>mu,</strong></span> <span class='ocrx_word' id='word_1_144' title='bbox 3399 733 3633 787; x_wconf 86' lang='lat' dir='ltr'><strong>totidem</strong></span> 
     </span>
    </p>
   </div>
   <div class='ocr_carea' id='block_1_22' title="bbox 2049 819 3634 892">
    <p class='ocr_par' dir='ltr' id='par_1_22' title="bbox 2049 819 3634 892">
     <span class='ocr_line' id='line_1_22' title="bbox 2049 819 3634 892; baseline 0.001 -16"><span class='ocrx_word' id='word_1_145' title='bbox 2049 821 2368 892; x_wconf 80' lang='lat' dir='ltr'><strong>Eutropius,</strong></span> <span class='ocrx_word' id='word_1_146' title='bbox 2404 821 2773 890; x_wconf 64' lang='lat' dir='ltr'><strong>Cassiodorus</strong></span> <span class='ocrx_word' id='word_1_147' title='bbox 2805 837 2930 888; x_wconf 78' lang='lat' dir='ltr'><strong>xxi,</strong></span> <span class='ocrx_word' id='word_1_148' title='bbox 2965 819 3231 878; x_wconf 90' lang='lat' dir='ltr'><strong>Onufrius</strong></span> <span class='ocrx_word' id='word_1_149' title='bbox 3272 839 3430 886; x_wconf 81' lang='lat' dir='ltr'><strong>xxnt,</strong></span> <span class='ocrx_word' id='word_1_150' title='bbox 3471 839 3634 878; x_wconf 88' lang='lat' dir='ltr'><strong>men-</strong></span> 
     </span>
    </p>
   </div>
   <div class='ocr_carea' id='block_1_23' title="bbox 2049 911 3636 975">
    <p class='ocr_par' dir='ltr' id='par_1_23' title="bbox 2049 911 3636 975">
     <span class='ocr_line' id='line_1_23' title="bbox 2049 911 3636 975; baseline 0.001 -7"><span class='ocrx_word' id='word_1_151' title='bbox 2049 929 2136 968; x_wconf 81' lang='lat' dir='ltr'><strong>ses</strong></span> <span class='ocrx_word' id='word_1_152' title='bbox 2169 927 2282 975; x_wconf 86' lang='lat' dir='ltr'><strong>vn,</strong></span> <span class='ocrx_word' id='word_1_153' title='bbox 2319 913 2436 968; x_wconf 91' lang='lat' dir='ltr'><strong>dies</strong></span> <span class='ocrx_word' id='word_1_154' title='bbox 2469 929 2616 966; x_wconf 71' lang='lat' dir='ltr'><strong>xxvu.</strong></span> <span class='ocrx_word' id='word_1_155' title='bbox 2665 911 2804 967; x_wconf 81' lang='lat' dir='ltr'><strong>Vixit</strong></span> <span class='ocrx_word' id='word_1_156' title='bbox 2856 921 3037 968; x_wconf 89' lang='lat' dir='ltr'><strong>autem</strong></span> <span class='ocrx_word' id='word_1_157' title='bbox 3079 914 3146 968; x_wconf 90' lang='lat' dir='ltr'><strong>ad</strong></span> <span class='ocrx_word' id='word_1_158' title='bbox 3205 929 3409 969; x_wconf 88' lang='lat' dir='ltr'><strong>annum</strong></span> <span class='ocrx_word' id='word_1_159' title='bbox 3461 915 3636 971; x_wconf 89' lang='lat' dir='ltr'><strong>Urbis</strong></span> 
     </span>
    </p>
   </div>
   <div class='ocr_carea' id='block_1_24' title="bbox 2047 1001 3631 1069">
    <p class='ocr_par' dir='ltr' id='par_1_24' title="bbox 2047 1001 3631 1069">
     <span class='ocr_line' id='line_1_24' title="bbox 2047 1001 3631 1069; baseline 0.003 -13"><span class='ocrx_word' id='word_1_160' title='bbox 2047 1001 2174 1066; x_wconf 77' lang='lat' dir='ltr'><strong>9M,</strong></span> <span class='ocrx_word' id='word_1_161' title='bbox 2207 1001 2278 1055; x_wconf 77' lang='grc' dir='ltr'><strong>Μ.</strong></span> <span class='ocrx_word' id='word_1_162' title='bbox 2309 1001 2534 1057; x_wconf 87' lang='lat' dir='ltr'><strong>Aurelio</strong></span> <span class='ocrx_word' id='word_1_163' title='bbox 2575 1001 2719 1057; x_wconf 78' lang='lat' dir='ltr'><strong>Vero</strong></span> <span class='ocrx_word' id='word_1_164' title='bbox 2750 1019 2829 1069; x_wconf 89' lang='grc' dir='ltr'>ιιι,</span> <span class='ocrx_word' id='word_1_165' title='bbox 2869 1001 2932 1056; x_wconf 91' lang='lat' dir='ltr'><strong>L.</strong></span> <span class='ocrx_word' id='word_1_166' title='bbox 2962 1001 3107 1058; x_wconf 75' lang='lat' dir='ltr'><strong>Vero</strong></span> <span class='ocrx_word' id='word_1_167' title='bbox 3153 1019 3190 1058; x_wconf 94' lang='grc' dir='ltr'>ιι</span> <span class='ocrx_word' id='word_1_168' title='bbox 3239 1019 3412 1069; x_wconf 90' lang='lat' dir='ltr'><strong>coss.,</strong></span> <span class='ocrx_word' id='word_1_169' title='bbox 3455 1017 3507 1060; x_wconf 93' lang='lat' dir='ltr'><strong>ul</strong></span> <span class='ocrx_word' id='word_1_170' title='bbox 3559 1022 3631 1062; x_wconf 81' lang='lat' dir='ltr'><strong>ex</strong></span> 
     </span>
    </p>
   </div>
   <div class='ocr_carea' id='block_1_25' title="bbox 2046 1091 3634 1165">
    <p class='ocr_par' dir='ltr' id='par_1_25' title="bbox 2046 1091 3634 1165">
     <span class='ocr_line' id='line_1_25' title="bbox 2046 1091 3634 1165; baseline 0.001 -18"><span class='ocrx_word' id='word_1_171' title='bbox 2046 1093 2503 1164; x_wconf 84' lang='lat' dir='ltr'><strong>inscriptionibus</strong></span> <span class='ocrx_word' id='word_1_172' title='bbox 2553 1109 2617 1148; x_wconf 89' lang='lat' dir='ltr'><strong>ac</strong></span> <span class='ocrx_word' id='word_1_173' title='bbox 2653 1091 2892 1148; x_wconf 88' lang='lat' dir='ltr'><strong>nummis</strong></span> <span class='ocrx_word' id='word_1_174' title='bbox 2931 1095 3205 1150; x_wconf 80' lang='lat' dir='ltr'><strong>veteribus</strong></span> <span class='ocrx_word' id='word_1_175' title='bbox 3241 1096 3445 1165; x_wconf 79' lang='lat' dir='ltr'><strong>colligit</strong></span> <span class='ocrx_word' id='word_1_176' title='bbox 3473 1093 3634 1150; x_wconf 86' lang='lat' dir='ltr'><strong>Onu-</strong></span> 
     </span>
    </p>
   </div>
   <div class='ocr_carea' id='block_1_26' title="bbox 2044 1183 3630 1256">
    <p class='ocr_par' dir='ltr' id='par_1_26' title="bbox 2044 1183 3630 1256">
     <span class='ocr_line' id='line_1_26' title="bbox 2044 1183 3630 1256; baseline 0.001 -17"><span class='ocrx_word' id='word_1_177' title='bbox 2044 1183 2204 1240; x_wconf 82' lang='lat' dir='ltr'><strong>frius.</strong></span> <span class='ocrx_word' id='word_1_178' title='bbox 2242 1184 2339 1239; x_wconf 88' lang='lat' dir='ltr'><strong>Hic</strong></span> <span class='ocrx_word' id='word_1_179' title='bbox 2366 1194 2450 1240; x_wconf 93' lang='lat' dir='ltr'><strong>est</strong></span> <span class='ocrx_word' id='word_1_180' title='bbox 2483 1199 2658 1240; x_wconf 89' lang='lat' dir='ltr'><strong>annus</strong></span> <span class='ocrx_word' id='word_1_181' title='bbox 2681 1184 2888 1240; x_wconf 86' lang='lat' dir='ltr'><strong>Christi</strong></span> <span class='ocrx_word' id='word_1_182' title='bbox 2913 1185 3032 1250; x_wconf 88' lang='grc'><strong>161,</strong></span> <span class='ocrx_word' id='word_1_183' title='bbox 3061 1201 3170 1256; x_wconf 92' lang='lat' dir='ltr'><strong>quo</strong></span> <span class='ocrx_word' id='word_1_184' title='bbox 3199 1187 3416 1255; x_wconf 89' lang='lat' dir='ltr'><strong>quidem</strong></span> <span class='ocrx_word' id='word_1_185' title='bbox 3449 1186 3630 1241; x_wconf 82' lang='lat' dir='ltr'><strong>Nonis</strong></span> 
     </span>
    </p>
   </div>
   <div class='ocr_carea' id='block_1_27' title="bbox 2047 1273 3631 1344">
    <p class='ocr_par' dir='ltr' id='par_1_27' title="bbox 2047 1273 3631 1344">
     <span class='ocr_line' id='line_1_27' title="bbox 2047 1273 3631 1344; baseline -0.002 -16"><span class='ocrx_word' id='word_1_186' title='bbox 2047 1273 2279 1338; x_wconf 80' lang='lat' dir='ltr'><strong>Martiis,</strong></span> <span class='ocrx_word' id='word_1_187' title='bbox 2317 1285 2374 1328; x_wconf 88' lang='lat' dir='ltr'><strong>ut</strong></span> <span class='ocrx_word' id='word_1_188' title='bbox 2420 1273 2560 1328; x_wconf 90' lang='lat' dir='ltr'><strong>idem</strong></span> <span class='ocrx_word' id='word_1_189' title='bbox 2596 1274 3162 1344; x_wconf 72' lang='lat' dir='ltr'><strong>probat,.Antoninus</strong></span> <span class='ocrx_word' id='word_1_190' title='bbox 3200 1273 3332 1327; x_wconf 84' lang='lat' dir='ltr'><strong>Pius</strong></span> <span class='ocrx_word' id='word_1_191' title='bbox 3362 1274 3631 1328; x_wconf 79' lang='lat' dir='ltr'><strong>excessit.</strong></span> 
     </span>
    </p>
   </div>
   <div class='ocr_carea' id='block_1_28' title="bbox 2046 1361 3684 1436">
    <p class='ocr_par' dir='ltr' id='par_1_28' title="bbox 2046 1361 3684 1436">
     <span class='ocr_line' id='line_1_28' title="bbox 2046 1361 3684 1436; baseline 0.001 -17"><span class='ocrx_word' id='word_1_192' title='bbox 2046 1363 2104 1419; x_wconf 91' lang='lat' dir='ltr'><strong>Si</strong></span> <span class='ocrx_word' id='word_1_193' title='bbox 2143 1365 2309 1436; x_wconf 83' lang='lat' dir='ltr'><strong>igitur</strong></span> <span class='ocrx_word' id='word_1_194' title='bbox 2342 1366 2558 1420; x_wconf 91' lang='lat' dir='ltr'><strong>initium</strong></span> <span class='ocrx_word' id='word_1_195' title='bbox 2592 1365 2854 1419; x_wconf 84' lang='lat' dir='ltr'><strong>Antonini</strong></span> <span class='ocrx_word' id='word_1_196' title='bbox 2891 1365 2960 1420; x_wconf 86' lang='lat' dir='ltr'><strong>ab</strong></span> <span class='ocrx_word' id='word_1_197' title='bbox 3011 1380 3155 1419; x_wconf 88' lang='lat' dir='ltr'><strong>anno</strong></span> <span class='ocrx_word' id='word_1_198' title='bbox 3189 1364 3312 1430; x_wconf 83' lang='grc'><strong>158,</strong></span> <span class='ocrx_word' id='word_1_199' title='bbox 3349 1366 3426 1419; x_wconf 89' lang='lat' dir='ltr'><strong>uti</strong></span> <span class='ocrx_word' id='word_1_200' title='bbox 3460 1366 3634 1435; x_wconf 79' lang='lat' dir='ltr'><strong>vulgo</strong></span> <span class='ocrx_word' id='word_1_201' title='bbox 3677 1361 3684 1368; x_wconf 84' lang='grc'><em>’</em></span> 
     </span>
    </p>
   </div>
   <div class='ocr_carea' id='block_1_29' title="bbox 2045 1456 3628 1526">
    <p class='ocr_par' dir='ltr' id='par_1_29' title="bbox 2045 1456 3628 1526">
     <span class='ocr_line' id='line_1_29' title="bbox 2045 1456 3628 1526; baseline 0 -16"><span class='ocrx_word' id='word_1_202' title='bbox 2045 1456 2136 1521; x_wconf 87' lang='lat' dir='ltr'><strong>lit;</strong></span> <span class='ocrx_word' id='word_1_203' title='bbox 2177 1457 2392 1513; x_wconf 87' lang='lat' dir='ltr'><strong>decimo</strong></span> <span class='ocrx_word' id='word_1_204' title='bbox 2432 1473 2564 1511; x_wconf 89' lang='lat' dir='ltr'><strong>vero</strong></span> <span class='ocrx_word' id='word_1_205' title='bbox 2592 1456 2721 1511; x_wconf 85' lang='lat' dir='ltr'><strong>Julii</strong></span> <span class='ocrx_word' id='word_1_206' title='bbox 2768 1457 3066 1513; x_wconf 86' lang='lat' dir='ltr'><strong>deduxeris</strong></span> <span class='ocrx_word' id='word_1_207' title='bbox 3105 1458 3170 1512; x_wconf 90' lang='lat' dir='ltr'><strong>ad</strong></span> <span class='ocrx_word' id='word_1_208' title='bbox 3205 1473 3408 1511; x_wconf 89' lang='lat' dir='ltr'><strong>annum</strong></span> <span class='ocrx_word' id='word_1_209' title='bbox 3457 1473 3628 1526; x_wconf 88' lang='lat' dir='ltr'><strong>quem</strong></span> 
     </span>
    </p>
   </div>
   <div class='ocr_carea' id='block_1_30' title="bbox 2042 1547 3631 1614">
    <p class='ocr_par' dir='ltr' id='par_1_30' title="bbox 2042 1547 3631 1614">
     <span class='ocr_line' id='line_1_30' title="bbox 2042 1547 3631 1614; baseline 0 -13"><span class='ocrx_word' id='word_1_210' title='bbox 2042 1548 2282 1602; x_wconf 81' lang='lat' dir='ltr'><strong>diximus</strong></span> <span class='ocrx_word' id='word_1_211' title='bbox 2331 1547 2455 1612; x_wconf 92' lang='grc'><strong>161,</strong></span> <span class='ocrx_word' id='word_1_212' title='bbox 2506 1547 2685 1602; x_wconf 86' lang='lat' dir='ltr'><strong>Martii</strong></span> <span class='ocrx_word' id='word_1_213' title='bbox 2721 1563 2837 1613; x_wconf 90' lang='lat' dir='ltr'><strong>vu;</strong></span> <span class='ocrx_word' id='word_1_214' title='bbox 2871 1548 2998 1602; x_wconf 86' lang='lat' dir='ltr'><strong>anni</strong></span> <span class='ocrx_word' id='word_1_215' title='bbox 3047 1555 3177 1602; x_wconf 92' lang='lat' dir='ltr'><strong>sunt</strong></span> <span class='ocrx_word' id='word_1_216' title='bbox 3205 1548 3442 1602; x_wconf 88' lang='lat' dir='ltr'><strong>absoluti</strong></span> <span class='ocrx_word' id='word_1_217' title='bbox 3484 1562 3631 1614; x_wconf 80' lang='lat' dir='ltr'><strong>xx&quot;,</strong></span> 
     </span>
    </p>
   </div>
   <div class='ocr_carea' id='block_1_31' title="bbox 2044 1637 3631 1704">
    <p class='ocr_par' dir='ltr' id='par_1_31' title="bbox 2044 1637 3631 1704">
     <span class='ocr_line' id='line_1_31' title="bbox 2044 1637 3631 1704; baseline -0.001 -10"><span class='ocrx_word' id='word_1_218' title='bbox 2044 1655 2262 1694; x_wconf 90' lang='lat' dir='ltr'><strong>menses</strong></span> <span class='ocrx_word' id='word_1_219' title='bbox 2287 1653 2390 1704; x_wconf 83' lang='lat' dir='ltr'><strong>vn,</strong></span> <span class='ocrx_word' id='word_1_220' title='bbox 2415 1639 2534 1695; x_wconf 91' lang='lat' dir='ltr'><strong>dies</strong></span> <span class='ocrx_word' id='word_1_221' title='bbox 2555 1639 2771 1694; x_wconf 89' lang='lat' dir='ltr'><strong>circiter</strong></span> <span class='ocrx_word' id='word_1_222' title='bbox 2800 1655 2992 1694; x_wconf 86' lang='lat' dir='ltr'><strong>xxvul.</strong></span> <span class='ocrx_word' id='word_1_223' title='bbox 3025 1639 3224 1694; x_wconf 84' lang='lat' dir='ltr'><strong>Verum</strong></span> <span class='ocrx_word' id='word_1_224' title='bbox 3250 1655 3315 1694; x_wconf 84' lang='lat' dir='ltr'><strong>ex</strong></span> <span class='ocrx_word' id='word_1_225' title='bbox 3348 1637 3631 1694; x_wconf 62' lang='lat' dir='ltr'><strong>Ptolemmi</strong></span> 
     </span>
    </p>
   </div>
   <div class='ocr_carea' id='block_1_32' title="bbox 2041 1729 3631 1795">
    <p class='ocr_par' dir='ltr' id='par_1_32' title="bbox 2041 1729 3631 1795">
     <span class='ocr_line' id='line_1_32' title="bbox 2041 1729 3631 1795; baseline -0.002 -10"><span class='ocrx_word' id='word_1_226' title='bbox 2041 1731 2524 1786; x_wconf 89' lang='lat' dir='ltr'><strong>observationibus</strong></span> <span class='ocrx_word' id='word_1_227' title='bbox 2571 1731 2886 1786; x_wconf 79' lang='lat' dir='ltr'><strong>necessario</strong></span> <span class='ocrx_word' id='word_1_228' title='bbox 2937 1730 3216 1785; x_wconf 90' lang='lat' dir='ltr'><strong>fatendum</strong></span> <span class='ocrx_word' id='word_1_229' title='bbox 3251 1737 3356 1795; x_wconf 89' lang='lat' dir='ltr'><strong>est,</strong></span> <span class='ocrx_word' id='word_1_230' title='bbox 3389 1729 3631 1784; x_wconf 88' lang='lat' dir='ltr'><strong>Antoni-</strong></span> 
     </span>
    </p>
   </div>
   <div class='ocr_carea' id='block_1_33' title="bbox 368 1818 3632 1891">
    <p class='ocr_par' dir='ltr' id='par_1_33' title="bbox 368 1818 3632 1891">
     <span class='ocr_line' id='line_1_33' title="bbox 368 1818 3632 1891; baseline 0 -17"><span class='ocrx_word' id='word_1_231' title='bbox 368 1819 711 1874; x_wconf 86' lang='lat' dir='ltr'><strong>collocarint.</strong></span> <span class='ocrx_word' id='word_1_232' title='bbox 748 1818 880 1887; x_wconf 67' lang='lat' dir='ltr'><strong>Quae</strong></span> <span class='ocrx_word' id='word_1_233' title='bbox 907 1819 1090 1873; x_wconf 88' lang='lat' dir='ltr'><strong>omnia</strong></span> <span class='ocrx_word' id='word_1_234' title='bbox 1123 1835 1232 1874; x_wconf 84' lang='lat' dir='ltr'><strong>una</strong></span> <span class='ocrx_word' id='word_1_235' title='bbox 1279 1834 1405 1876; x_wconf 79' lang='lat' dir='ltr'><strong>cum</strong></span> <span class='ocrx_word' id='word_1_236' title='bbox 1436 1819 1717 1874; x_wconf 88' lang='lat' dir='ltr'><strong>veteribus</strong></span> <span class='ocrx_word' id='word_1_237' title='bbox 1749 1819 1944 1875; x_wconf 85' lang='lat' dir='ltr'><strong>lliero-</strong></span> <span class='ocrx_word' id='word_1_238' title='bbox 1976 1825 2016 1878; x_wconf 80' lang='grc' dir='ltr'><strong>Β</strong></span> <span class='ocrx_word' id='word_1_239' title='bbox 2047 1838 2176 1876; x_wconf 89' lang='grc' dir='ltr'>ιιιιιιι</span> <span class='ocrx_word' id='word_1_240' title='bbox 2224 1821 2460 1891; x_wconf 72' lang='lat' dir='ltr'><strong>cmpisse</strong></span> <span class='ocrx_word' id='word_1_241' title='bbox 2504 1821 2712 1876; x_wconf 84' lang='lat' dir='ltr'><strong>Christi</strong></span> <span class='ocrx_word' id='word_1_242' title='bbox 2753 1836 2899 1875; x_wconf 88' lang='lat' dir='ltr'><strong>anno</strong></span> <span class='ocrx_word' id='word_1_243' title='bbox 2933 1822 3055 1876; x_wconf 79' lang='grc'><strong>157.</strong></span> <span class='ocrx_word' id='word_1_244' title='bbox 3109 1820 3166 1874; x_wconf 88' lang='lat' dir='ltr'><strong>Si</strong></span> <span class='ocrx_word' id='word_1_245' title='bbox 3199 1821 3421 1890; x_wconf 89' lang='lat' dir='ltr'><strong>quidem</strong></span> <span class='ocrx_word' id='word_1_246' title='bbox 3479 1836 3632 1874; x_wconf 89' lang='lat' dir='ltr'><strong>anno</strong></span> 
     </span>
    </p>
   </div>
   <div class='ocr_carea' id='block_1_34' title="bbox 365 1906 1943 1980">
    <p class='ocr_par' dir='ltr' id='par_1_34' title="bbox 365 1906 1943 1980">
     <span class='ocr_line' id='line_1_34' title="bbox 365 1906 1943 1980; baseline -0.001 -16"><span class='ocrx_word' id='word_1_247' title='bbox 365 1909 702 1980; x_wconf 85' lang='lat' dir='ltr'><strong>solymorum</strong></span> <span class='ocrx_word' id='word_1_248' title='bbox 757 1908 1006 1980; x_wconf 90' lang='lat' dir='ltr'><strong>reliquiis</strong></span> <span class='ocrx_word' id='word_1_249' title='bbox 1057 1907 1334 1963; x_wconf 87' lang='lat' dir='ltr'><strong>Adrianus</strong></span> <span class='ocrx_word' id='word_1_250' title='bbox 1377 1906 1671 1963; x_wconf 86' lang='lat' dir='ltr'><strong>demolitus</strong></span> <span class='ocrx_word' id='word_1_251' title='bbox 1722 1915 1829 1971; x_wconf 90' lang='lat' dir='ltr'><strong>est,</strong></span> <span class='ocrx_word' id='word_1_252' title='bbox 1877 1923 1943 1962; x_wconf 92' lang='lat' dir='ltr'><strong>ac</strong></span> 
     </span>
    </p>
   </div>
   <div class='ocr_carea' id='block_1_35' title="bbox 367 1997 1943 2055">
    <p class='ocr_par' dir='ltr' id='par_1_35' title="bbox 367 1997 1943 2055">
     <span class='ocr_line' id='line_1_35' title="bbox 367 1997 1943 2055; baseline 0.001 -4"><span class='ocrx_word' id='word_1_253' title='bbox 367 2015 566 2055; x_wconf 88' lang='lat' dir='ltr'><strong>novam</strong></span> <span class='ocrx_word' id='word_1_254' title='bbox 603 2013 632 2052; x_wconf 90' lang='lat' dir='ltr'><strong>a</strong></span> <span class='ocrx_word' id='word_1_255' title='bbox 666 1997 1036 2054; x_wconf 81' lang='lat' dir='ltr'><strong>fundamentis</strong></span> <span class='ocrx_word' id='word_1_256' title='bbox 1063 1998 1250 2052; x_wconf 84' lang='lat' dir='ltr'><strong>urbem</strong></span> <span class='ocrx_word' id='word_1_257' title='bbox 1277 1997 1552 2054; x_wconf 87' lang='lat' dir='ltr'><strong>exstruxit</strong></span> <span class='ocrx_word' id='word_1_258' title='bbox 1579 2015 1590 2051; x_wconf 95' lang='lat'>:</span> <span class='ocrx_word' id='word_1_259' title='bbox 1622 2013 1729 2052; x_wconf 90' lang='lat' dir='ltr'><strong>non</strong></span> <span class='ocrx_word' id='word_1_260' title='bbox 1760 2005 1943 2052; x_wconf 90' lang='lat' dir='ltr'><strong>tamen</strong></span> 
     </span>
    </p>
   </div>
   <div class='ocr_carea' id='block_1_36' title="bbox 367 2090 1941 2161">
    <p class='ocr_par' dir='ltr' id='par_1_36' title="bbox 367 2090 1941 2161">
     <span class='ocr_line' id='line_1_36' title="bbox 367 2090 1941 2161; baseline 0 -18"><span class='ocrx_word' id='word_1_261' title='bbox 367 2091 561 2146; x_wconf 80' lang='lat' dir='ltr'><strong>iisdem</strong></span> <span class='ocrx_word' id='word_1_262' title='bbox 598 2091 653 2145; x_wconf 92' lang='lat' dir='ltr'><strong>in</strong></span> <span class='ocrx_word' id='word_1_263' title='bbox 687 2090 954 2161; x_wconf 76' lang='lat' dir='ltr'><strong>vestigiis,</strong></span> <span class='ocrx_word' id='word_1_264' title='bbox 997 2091 1202 2160; x_wconf 88' lang='lat' dir='ltr'><strong>quibus</strong></span> <span class='ocrx_word' id='word_1_265' title='bbox 1230 2091 1384 2160; x_wconf 91' lang='lat' dir='ltr'><strong>prior</strong></span> <span class='ocrx_word' id='word_1_266' title='bbox 1432 2090 1773 2154; x_wconf 89' lang='lat' dir='ltr'><strong>constiterat,</strong></span> <span class='ocrx_word' id='word_1_267' title='bbox 1823 2090 1941 2155; x_wconf 88' lang='lat' dir='ltr'><strong>sed,</strong></span> 
     </span>
    </p>
   </div>
   <div class='ocr_carea' id='block_1_37' title="bbox 367 2180 1942 2252">
    <p class='ocr_par' dir='ltr' id='par_1_37' title="bbox 367 2180 1942 2252">
     <span class='ocr_line' id='line_1_37' title="bbox 367 2180 1942 2252; baseline -0.001 -16"><span class='ocrx_word' id='word_1_268' title='bbox 367 2191 429 2236; x_wconf 90' lang='lat' dir='ltr'><strong>ut</strong></span> <span class='ocrx_word' id='word_1_269' title='bbox 459 2184 514 2237; x_wconf 89' lang='lat' dir='ltr'><strong>in</strong></span> <span class='ocrx_word' id='word_1_270' title='bbox 542 2182 763 2238; x_wconf 88' lang='lat' dir='ltr'><strong>urbium</strong></span> <span class='ocrx_word' id='word_1_271' title='bbox 811 2182 1216 2238; x_wconf 88' lang='lat' dir='ltr'><strong>instauratione</strong></span> <span class='ocrx_word' id='word_1_272' title='bbox 1250 2181 1451 2252; x_wconf 66' lang='lat' dir='ltr'><strong>saepius</strong></span> <span class='ocrx_word' id='word_1_273' title='bbox 1491 2181 1767 2244; x_wconf 84' lang='lat' dir='ltr'><strong>usuvenit,</strong></span> <span class='ocrx_word' id='word_1_274' title='bbox 1798 2180 1942 2234; x_wconf 89' lang='lat' dir='ltr'><strong>haud</strong></span> 
     </span>
    </p>
   </div>
   <div class='ocr_carea' id='block_1_38' title="bbox 367 2269 1943 2343">
    <p class='ocr_par' dir='ltr' id='par_1_38' title="bbox 367 2269 1943 2343">
     <span class='ocr_line' id='line_1_38' title="bbox 367 2269 1943 2343; baseline -0.002 -17"><span class='ocrx_word' id='word_1_275' title='bbox 367 2275 621 2343; x_wconf 90' lang='lat' dir='ltr'><strong>procula</strong></span> <span class='ocrx_word' id='word_1_276' title='bbox 678 2274 843 2330; x_wconf 87' lang='lat' dir='ltr'><strong>veteri</strong></span> <span class='ocrx_word' id='word_1_277' title='bbox 893 2273 1043 2329; x_wconf 84' lang='lat' dir='ltr'><strong>sede.</strong></span> <span class='ocrx_word' id='word_1_278' title='bbox 1079 2273 1220 2326; x_wconf 87' lang='lat' dir='ltr'><strong>Hinc</strong></span> <span class='ocrx_word' id='word_1_279' title='bbox 1268 2279 1354 2327; x_wconf 91' lang='lat' dir='ltr'><strong>est</strong></span> <span class='ocrx_word' id='word_1_280' title='bbox 1401 2270 1550 2341; x_wconf 90' lang='lat' dir='ltr'><strong>quod</strong></span> <span class='ocrx_word' id='word_1_281' title='bbox 1599 2269 1843 2324; x_wconf 80' lang='lat' dir='ltr'><strong>Hilarius</strong></span> <span class='ocrx_word' id='word_1_282' title='bbox 1887 2270 1943 2324; x_wconf 89' lang='lat' dir='ltr'><strong>in</strong></span> 
     </span>
    </p>
   </div>
   <div class='ocr_carea' id='block_1_39' title="bbox 362 2361 1938 2432">
    <p class='ocr_par' dir='ltr' id='par_1_39' title="bbox 362 2361 1938 2432">
     <span class='ocr_line' id='line_1_39' title="bbox 362 2361 1938 2432; baseline -0.001 -12"><span class='ocrx_word' id='word_1_283' title='bbox 362 2365 502 2432; x_wconf 86' lang='lat' dir='ltr'><strong>psal.</strong></span> <span class='ocrx_word' id='word_1_284' title='bbox 537 2381 699 2420; x_wconf 82' lang='lat' dir='ltr'><strong>cxxxt</strong></span> <span class='ocrx_word' id='word_1_285' title='bbox 734 2377 787 2419; x_wconf 90' lang='lat' dir='ltr'><strong>et</strong></span> <span class='ocrx_word' id='word_1_286' title='bbox 837 2380 1036 2432; x_wconf 71' lang='lat' dir='ltr'><strong>cum,</strong></span> <span class='ocrx_word' id='word_1_287' title='bbox 1080 2364 1418 2419; x_wconf 81' lang='lat' dir='ltr'><strong>Athanasius</strong></span> <span class='ocrx_word' id='word_1_288' title='bbox 1467 2363 1564 2418; x_wconf 90' lang='lat' dir='ltr'><strong>lib.</strong></span> <span class='ocrx_word' id='word_1_289' title='bbox 1609 2361 1680 2416; x_wconf 90' lang='lat' dir='ltr'><strong>De</strong></span> <span class='ocrx_word' id='word_1_290' title='bbox 1730 2364 1938 2419; x_wconf 82' lang='lat' dir='ltr'><strong>incum.</strong></span> 
     </span>
    </p>
   </div>
   <div class='ocr_carea' id='block_1_40' title="bbox 377 2455 1943 2526">
    <p class='ocr_par' dir='ltr' id='par_1_40' title="bbox 377 2455 1943 2526">
     <span class='ocr_line' id='line_1_40' title="bbox 377 2455 1943 2526; baseline -0.003 -15"><span class='ocrx_word' id='word_1_291' title='bbox 377 2457 552 2521; x_wconf 80' lang='lat' dir='ltr'><strong>Verbi,</strong></span> <span class='ocrx_word' id='word_1_292' title='bbox 581 2465 634 2512; x_wconf 94' lang='lat' dir='ltr'><strong>et</strong></span> <span class='ocrx_word' id='word_1_293' title='bbox 673 2459 766 2511; x_wconf 87' lang='lat' dir='ltr'><strong>alii</strong></span> <span class='ocrx_word' id='word_1_294' title='bbox 797 2457 1021 2526; x_wconf 89' lang='lat' dir='ltr'><strong>quidam</strong></span> <span class='ocrx_word' id='word_1_295' title='bbox 1053 2459 1209 2510; x_wconf 89' lang='lat' dir='ltr'><strong>aiunt</strong></span> <span class='ocrx_word' id='word_1_296' title='bbox 1253 2455 1629 2526; x_wconf 82' lang='lat' dir='ltr'><strong>Hierosolyma</strong></span> <span class='ocrx_word' id='word_1_297' title='bbox 1659 2469 1762 2508; x_wconf 82' lang='lat' dir='ltr'><strong>suo</strong></span> <span class='ocrx_word' id='word_1_298' title='bbox 1807 2463 1943 2508; x_wconf 91' lang='lat' dir='ltr'><strong>tem-</strong></span> 
     </span>
    </p>
   </div>
   <div class='ocr_carea' id='block_1_41' title="bbox 365 2545 1940 2618">
    <p class='ocr_par' dir='ltr' id='par_1_41' title="bbox 365 2545 1940 2618">
     <span class='ocr_line' id='line_1_41' title="bbox 365 2545 1940 2618; baseline -0.003 -15"><span class='ocrx_word' id='word_1_299' title='bbox 365 2563 500 2618; x_wconf 89' lang='lat' dir='ltr'><strong>pore</strong></span> <span class='ocrx_word' id='word_1_300' title='bbox 545 2563 652 2602; x_wconf 88' lang='lat' dir='ltr'><strong>non</strong></span> <span class='ocrx_word' id='word_1_301' title='bbox 687 2551 968 2604; x_wconf 78' lang='lat' dir='ltr'><strong>exstitisse</strong></span> <span class='ocrx_word' id='word_1_302' title='bbox 1000 2567 1014 2604; x_wconf 92' lang='lat'><strong>:</strong></span> <span class='ocrx_word' id='word_1_303' title='bbox 1049 2564 1177 2603; x_wconf 87' lang='lat' dir='ltr'><strong>nam</strong></span> <span class='ocrx_word' id='word_1_304' title='bbox 1227 2547 1373 2618; x_wconf 90' lang='lat' dir='ltr'><strong>quod</strong></span> <span class='ocrx_word' id='word_1_305' title='bbox 1419 2561 1531 2600; x_wconf 90' lang='lat' dir='ltr'><strong>non</strong></span> <span class='ocrx_word' id='word_1_306' title='bbox 1570 2545 1760 2600; x_wconf 90' lang='lat' dir='ltr'><strong>eodem</strong></span> <span class='ocrx_word' id='word_1_307' title='bbox 1798 2545 1940 2610; x_wconf 91' lang='lat' dir='ltr'><strong>loco,</strong></span> 
     </span>
    </p>
   </div>
   <div class='ocr_carea' id='block_1_42' title="bbox 367 2637 1941 2710">
    <p class='ocr_par' dir='ltr' id='par_1_42' title="bbox 367 2637 1941 2710">
     <span class='ocr_line' id='line_1_42' title="bbox 367 2637 1941 2710; baseline -0.001 -17"><span class='ocrx_word' id='word_1_308' title='bbox 367 2640 457 2694; x_wconf 87' lang='lat' dir='ltr'><strong>ubi</strong></span> <span class='ocrx_word' id='word_1_309' title='bbox 493 2641 646 2710; x_wconf 91' lang='lat' dir='ltr'><strong>prior</strong></span> <span class='ocrx_word' id='word_1_310' title='bbox 682 2641 787 2695; x_wconf 92' lang='lat' dir='ltr'><strong>sita</strong></span> <span class='ocrx_word' id='word_1_311' title='bbox 824 2641 1023 2703; x_wconf 82' lang='lat' dir='ltr'><strong>fuerat,</strong></span> <span class='ocrx_word' id='word_1_312' title='bbox 1059 2654 1199 2694; x_wconf 82' lang='lat' dir='ltr'><strong>nova</strong></span> <span class='ocrx_word' id='word_1_313' title='bbox 1246 2646 1392 2695; x_wconf 85' lang='lat' dir='ltr'><strong>esset</strong></span> <span class='ocrx_word' id='word_1_314' title='bbox 1419 2640 1488 2694; x_wconf 92' lang='lat' dir='ltr'><strong>ab</strong></span> <span class='ocrx_word' id='word_1_315' title='bbox 1519 2637 1760 2692; x_wconf 87' lang='lat' dir='ltr'><strong>Adriano</strong></span> <span class='ocrx_word' id='word_1_316' title='bbox 1807 2652 1941 2692; x_wconf 93' lang='lat' dir='ltr'><strong>con-</strong></span> 
     </span>
    </p>
   </div>
   <div class='ocr_carea' id='block_1_43' title="bbox 365 2728 1942 2801">
    <p class='ocr_par' dir='ltr' id='par_1_43' title="bbox 365 2728 1942 2801">
     <span class='ocr_line' id='line_1_43' title="bbox 365 2728 1942 2801; baseline 0.001 -18"><span class='ocrx_word' id='word_1_317' title='bbox 365 2731 513 2797; x_wconf 87' lang='lat' dir='ltr'><strong>dita;</strong></span> <span class='ocrx_word' id='word_1_318' title='bbox 557 2739 824 2800; x_wconf 82' lang='lat' dir='ltr'><strong>negarunt</strong></span> <span class='ocrx_word' id='word_1_319' title='bbox 858 2729 981 2786; x_wconf 88' lang='lat' dir='ltr'><strong>ideo</strong></span> <span class='ocrx_word' id='word_1_320' title='bbox 1017 2729 1393 2801; x_wconf 84' lang='lat' dir='ltr'><strong>Hierosolyma</strong></span> <span class='ocrx_word' id='word_1_321' title='bbox 1434 2743 1748 2800; x_wconf 87' lang='lat' dir='ltr'><strong>superesse.</strong></span> <span class='ocrx_word' id='word_1_322' title='bbox 1789 2728 1942 2784; x_wconf 84' lang='lat' dir='ltr'><strong>Hila-</strong></span> 
     </span>
    </p>
   </div>
   <div class='ocr_carea' id='block_1_44' title="bbox 366 2819 1942 2894">
    <p class='ocr_par' dir='ltr' id='par_1_44' title="bbox 366 2819 1942 2894">
     <span class='ocr_line' id='line_1_44' title="bbox 366 2819 1942 2894; baseline 0.001 -19"><span class='ocrx_word' id='word_1_323' title='bbox 366 2823 433 2876; x_wconf 74' lang='lat' dir='ltr'><strong>rii</strong></span> <span class='ocrx_word' id='word_1_324' title='bbox 482 2823 645 2878; x_wconf 85' lang='lat' dir='ltr'><strong>verba</strong></span> <span class='ocrx_word' id='word_1_325' title='bbox 699 2823 992 2894; x_wconf 75' lang='lat' dir='ltr'><strong>diligenter</strong></span> <span class='ocrx_word' id='word_1_326' title='bbox 1041 2823 1370 2878; x_wconf 88' lang='lat' dir='ltr'><strong>attendenda</strong></span> <span class='ocrx_word' id='word_1_327' title='bbox 1421 2829 1551 2879; x_wconf 91' lang='lat' dir='ltr'><strong>sunt</strong></span> <span class='ocrx_word' id='word_1_328' title='bbox 1587 2841 1602 2877; x_wconf 90' lang='lat'><strong>:</strong></span> <span class='ocrx_word' id='word_1_329' title='bbox 1643 2819 1748 2877; x_wconf 87' lang='lat' dir='ltr'><strong>Sed</strong></span> <span class='ocrx_word' id='word_1_330' title='bbox 1791 2821 1942 2876; x_wconf 80' lang='lat' dir='ltr'><strong>hodie</strong></span> 
     </span>
    </p>
   </div>
   <div class='ocr_carea' id='block_1_45' title="bbox 361 2909 1941 2982">
    <p class='ocr_par' dir='ltr' id='par_1_45' title="bbox 361 2909 1941 2982">
     <span class='ocr_line' id='line_1_45' title="bbox 361 2909 1941 2982; baseline -0.003 -15"><span class='ocrx_word' id='word_1_331' title='bbox 361 2912 599 2967; x_wconf 83' lang='lat' dir='ltr'><strong>eamdem</strong></span> <span class='ocrx_word' id='word_1_332' title='bbox 638 2928 750 2966; x_wconf 89' lang='lat' dir='ltr'><strong>esse</strong></span> <span class='ocrx_word' id='word_1_333' title='bbox 806 2929 982 2967; x_wconf 87' lang='lat' dir='ltr'><strong>rerum</strong></span> <span class='ocrx_word' id='word_1_334' title='bbox 1015 2912 1146 2982; x_wconf 86' lang='lat' dir='ltr'><strong>ﬁdes</strong></span> <span class='ocrx_word' id='word_1_335' title='bbox 1178 2912 1375 2966; x_wconf 85' lang='lat' dir='ltr'><strong>edocet.</strong></span> <span class='ocrx_word' id='word_1_336' title='bbox 1428 2909 1709 2974; x_wconf 86' lang='lat' dir='ltr'><strong>Eamdem,</strong></span> <span class='ocrx_word' id='word_1_337' title='bbox 1744 2909 1941 2980; x_wconf 87' lang='lat' dir='ltr'><strong>inquit,</strong></span> 
     </span>
    </p>
   </div>
   <div class='ocr_carea' id='block_1_46' title="bbox 363 2999 1942 3071">
    <p class='ocr_par' dir='ltr' id='par_1_46' title="bbox 363 2999 1942 3071">
     <span class='ocr_line' id='line_1_46' title="bbox 363 2999 1942 3071; baseline -0.002 -17"><span class='ocrx_word' id='word_1_338' title='bbox 363 3000 571 3055; x_wconf 90' lang='lat' dir='ltr'><strong>nullam</strong></span> <span class='ocrx_word' id='word_1_339' title='bbox 609 3015 754 3068; x_wconf 87' lang='lat' dir='ltr'><strong>esse,</strong></span> <span class='ocrx_word' id='word_1_340' title='bbox 789 3001 938 3071; x_wconf 90' lang='lat' dir='ltr'><strong>quod</strong></span> <span class='ocrx_word' id='word_1_341' title='bbox 987 3016 1018 3054; x_wconf 73' lang='grc' dir='ltr'><strong>ιι</strong></span> <span class='ocrx_word' id='word_1_342' title='bbox 1055 3001 1228 3056; x_wconf 83' lang='lat' dir='ltr'><strong>veteri</strong></span> <span class='ocrx_word' id='word_1_343' title='bbox 1287 3000 1418 3056; x_wconf 87' lang='lat' dir='ltr'><strong>sede</strong></span> <span class='ocrx_word' id='word_1_344' title='bbox 1464 3007 1611 3056; x_wconf 88' lang='lat' dir='ltr'><strong>esset</strong></span> <span class='ocrx_word' id='word_1_345' title='bbox 1659 2999 1942 3068; x_wconf 79' lang='lat' dir='ltr'><strong>aliquanto</strong></span> 
     </span>
    </p>
   </div>
   <div class='ocr_carea' id='block_1_47' title="bbox 361 3090 1944 3164">
    <p class='ocr_par' dir='ltr' id='par_1_47' title="bbox 361 3090 1944 3164">
     <span class='ocr_line' id='line_1_47' title="bbox 361 3090 1944 3164; baseline -0.004 -17"><span class='ocrx_word' id='word_1_346' title='bbox 361 3093 584 3150; x_wconf 85' lang='lat' dir='ltr'><strong>dissita.</strong></span> <span class='ocrx_word' id='word_1_347' title='bbox 613 3092 785 3149; x_wconf 88' lang='lat' dir='ltr'><strong>Favet</strong></span> <span class='ocrx_word' id='word_1_348' title='bbox 836 3094 964 3150; x_wconf 89' lang='lat' dir='ltr'><strong>huic</strong></span> <span class='ocrx_word' id='word_1_349' title='bbox 1000 3093 1441 3164; x_wconf 90' lang='lat' dir='ltr'><strong>interpretationi</strong></span> <span class='ocrx_word' id='word_1_350' title='bbox 1480 3091 1782 3162; x_wconf 82' lang='lat' dir='ltr'><strong>Gregorius</strong></span> <span class='ocrx_word' id='word_1_351' title='bbox 1832 3090 1944 3146; x_wconf 77' lang='lat' dir='ltr'><strong>Ma-</strong></span> 
     </span>
    </p>
   </div>
   <div class='ocr_carea' id='block_1_48' title="bbox 363 3183 1944 3256">
    <p class='ocr_par' dir='ltr' id='par_1_48' title="bbox 363 3183 1944 3256">
     <span class='ocr_line' id='line_1_48' title="bbox 363 3183 1944 3256; baseline -0.001 -16"><span class='ocrx_word' id='word_1_352' title='bbox 363 3201 504 3256; x_wconf 91' lang='lat' dir='ltr'><strong>gnus</strong></span> <span class='ocrx_word' id='word_1_353' title='bbox 541 3185 767 3240; x_wconf 87' lang='lat' dir='ltr'><strong>bomilia</strong></span> <span class='ocrx_word' id='word_1_354' title='bbox 800 3184 888 3253; x_wconf 79' lang='lat'><strong>59,</strong></span> <span class='ocrx_word' id='word_1_355' title='bbox 923 3186 1018 3241; x_wconf 86' lang='lat' dir='ltr'><strong>ubi</strong></span> <span class='ocrx_word' id='word_1_356' title='bbox 1044 3185 1159 3240; x_wconf 63' lang='lat' dir='ltr'><strong>haec</strong></span> <span class='ocrx_word' id='word_1_357' title='bbox 1191 3184 1380 3240; x_wconf 84' lang='lat' dir='ltr'><strong>eadem</strong></span> <span class='ocrx_word' id='word_1_358' title='bbox 1412 3183 1624 3238; x_wconf 88' lang='lat' dir='ltr'><strong>Domini</strong></span> <span class='ocrx_word' id='word_1_359' title='bbox 1663 3184 1826 3238; x_wconf 87' lang='lat' dir='ltr'><strong>verba</strong></span> <span class='ocrx_word' id='word_1_360' title='bbox 1861 3185 1944 3238; x_wconf 87' lang='lat' dir='ltr'><strong>sic</strong></span> 
     </span>
    </p>
   </div>
   <div class='ocr_carea' id='block_1_49' title="bbox 361 3274 1941 3347">
    <p class='ocr_par' dir='ltr' id='par_1_49' title="bbox 361 3274 1941 3347">
     <span class='ocr_line' id='line_1_49' title="bbox 361 3274 1941 3347; baseline -0.002 -15"><span class='ocrx_word' id='word_1_361' title='bbox 361 3278 586 3347; x_wconf 75' lang='lat' dir='ltr'><strong>exponit</strong></span> <span class='ocrx_word' id='word_1_362' title='bbox 606 3297 620 3332; x_wconf 91' lang='lat'><strong>:</strong></span> <span class='ocrx_word' id='word_1_363' title='bbox 656 3276 770 3332; x_wconf 81' lang='lat' dir='ltr'><strong>Hoc</strong></span> <span class='ocrx_word' id='word_1_364' title='bbox 792 3293 992 3347; x_wconf 85' lang='lat' dir='ltr'><strong>quoque</strong></span> <span class='ocrx_word' id='word_1_365' title='bbox 1009 3275 1149 3342; x_wconf 83' lang='lat' dir='ltr'><strong>quod</strong></span> <span class='ocrx_word' id='word_1_366' title='bbox 1175 3276 1394 3330; x_wconf 82' lang='lat' dir='ltr'><strong>additur</strong></span> <span class='ocrx_word' id='word_1_367' title='bbox 1410 3291 1430 3330; x_wconf 91' lang='lat'><strong><em>:</em></strong></span> <span class='ocrx_word' id='word_1_368' title='bbox 1453 3293 1472 3327; x_wconf 77' lang='grc' dir='ltr'><strong>ι</strong></span> <span class='ocrx_word' id='word_1_369' title='bbox 1503 3274 1628 3328; x_wconf 88' lang='lat' dir='ltr'><strong>Non</strong></span> <span class='ocrx_word' id='word_1_370' title='bbox 1650 3275 1941 3345; x_wconf 75' lang='lat' dir='ltr'><strong>relinquent</strong></span> 
     </span>
    </p>
   </div>
   <div class='ocr_carea' id='block_1_50' title="bbox 363 3367 1941 3438">
    <p class='ocr_par' dir='ltr' id='par_1_50' title="bbox 363 3367 1941 3438">
     <span class='ocr_line' id='line_1_50' title="bbox 363 3367 1941 3438; baseline -0.001 -16"><span class='ocrx_word' id='word_1_371' title='bbox 363 3370 415 3423; x_wconf 86' lang='lat' dir='ltr'><strong>in</strong></span> <span class='ocrx_word' id='word_1_372' title='bbox 455 3379 502 3424; x_wconf 84' lang='lat' dir='ltr'><strong>te</strong></span> <span class='ocrx_word' id='word_1_373' title='bbox 532 3369 765 3438; x_wconf 82' lang='lat' dir='ltr'><strong>lapidem</strong></span> <span class='ocrx_word' id='word_1_374' title='bbox 818 3385 976 3438; x_wconf 80' lang='lat' dir='ltr'><strong>super</strong></span> <span class='ocrx_word' id='word_1_375' title='bbox 1015 3368 1267 3438; x_wconf 88' lang='lat' dir='ltr'><strong>lapidem,</strong></span> <span class='ocrx_word' id='word_1_376' title='bbox 1310 3387 1329 3420; x_wconf 78' lang='grc' dir='ltr'>ι</span> <span class='ocrx_word' id='word_1_377' title='bbox 1363 3369 1529 3422; x_wconf 86' lang='lat' dir='ltr'><strong>etiam</strong></span> <span class='ocrx_word' id='word_1_378' title='bbox 1574 3368 1688 3435; x_wconf 87' lang='lat' dir='ltr'><strong>ipsa</strong></span> <span class='ocrx_word' id='word_1_379' title='bbox 1711 3367 1941 3421; x_wconf 82' lang='lat' dir='ltr'><strong>civitatis</strong></span> 
     </span>
    </p>
   </div>
   <div class='ocr_carea' id='block_1_51' title="bbox 360 3458 1942 3532">
    <p class='ocr_par' dir='ltr' id='par_1_51' title="bbox 360 3458 1942 3532">
     <span class='ocr_line' id='line_1_51' title="bbox 360 3458 1942 3532; baseline -0.002 -17"><span class='ocrx_word' id='word_1_380' title='bbox 360 3462 599 3530; x_wconf 75' lang='lat' dir='ltr'><strong>ejusdem</strong></span> <span class='ocrx_word' id='word_1_381' title='bbox 625 3463 1028 3532; x_wconf 87' lang='lat' dir='ltr'><strong>transmigratio</strong></span> <span class='ocrx_word' id='word_1_382' title='bbox 1061 3469 1310 3514; x_wconf 84' lang='lat' dir='ltr'><strong>testatur.</strong></span> <span class='ocrx_word' id='word_1_383' title='bbox 1336 3459 1478 3525; x_wconf 82' lang='lat' dir='ltr'><strong>Quia</strong></span> <span class='ocrx_word' id='word_1_384' title='bbox 1503 3459 1626 3511; x_wconf 82' lang='lat' dir='ltr'><strong>dum</strong></span> <span class='ocrx_word' id='word_1_385' title='bbox 1659 3459 1712 3512; x_wconf 90' lang='lat' dir='ltr'><strong>in</strong></span> <span class='ocrx_word' id='word_1_386' title='bbox 1741 3475 1798 3512; x_wconf 91' lang='lat' dir='ltr'><strong>eo</strong></span> <span class='ocrx_word' id='word_1_387' title='bbox 1829 3458 1942 3512; x_wconf 86' lang='lat' dir='ltr'><strong>loco</strong></span> 
     </span>
    </p>
   </div>
   <div class='ocr_carea' id='block_1_52' title="bbox 362 3549 1944 3620">
    <p class='ocr_par' dir='ltr' id='par_1_52' title="bbox 362 3549 1944 3620">
     <span class='ocr_line' id='line_1_52' title="bbox 362 3549 1944 3620; baseline -0.001 -14"><span class='ocrx_word' id='word_1_388' title='bbox 362 3570 501 3606; x_wconf 80' lang='lat' dir='ltr'><strong>nunc</strong></span> <span class='ocrx_word' id='word_1_389' title='bbox 523 3562 832 3607; x_wconf 81' lang='lat' dir='ltr'><strong>constructa</strong></span> <span class='ocrx_word' id='word_1_390' title='bbox 851 3563 952 3617; x_wconf 89' lang='lat' dir='ltr'><strong>est,</strong></span> <span class='ocrx_word' id='word_1_391' title='bbox 970 3552 1058 3606; x_wconf 85' lang='lat' dir='ltr'><strong>ubi</strong></span> <span class='ocrx_word' id='word_1_392' title='bbox 1082 3562 1234 3606; x_wconf 73' lang='lat' dir='ltr'><strong>extra</strong></span> <span class='ocrx_word' id='word_1_393' title='bbox 1253 3559 1465 3620; x_wconf 86' lang='lat' dir='ltr'><strong>portam</strong></span> <span class='ocrx_word' id='word_1_394' title='bbox 1492 3549 1745 3604; x_wconf 85' lang='lat' dir='ltr'><strong>Dominus</strong></span> <span class='ocrx_word' id='word_1_395' title='bbox 1765 3551 1944 3620; x_wconf 77' lang='lat' dir='ltr'><strong>fuerat</strong></span> 
     </span>
    </p>
   </div>
   <div class='ocr_carea' id='block_1_53' title="bbox 361 3641 1941 3714">
    <p class='ocr_par' dir='ltr' id='par_1_53' title="bbox 361 3641 1941 3714">
     <span class='ocr_line' id='line_1_53' title="bbox 361 3641 1941 3714; baseline -0.001 -17"><span class='ocrx_word' id='word_1_396' title='bbox 361 3644 674 3713; x_wconf 77' lang='lat' dir='ltr'><strong>cruciﬁxus,</strong></span> <span class='ocrx_word' id='word_1_397' title='bbox 700 3647 848 3714; x_wconf 84' lang='lat' dir='ltr'><strong>prior</strong></span> <span class='ocrx_word' id='word_1_398' title='bbox 873 3644 972 3699; x_wconf 90' lang='lat' dir='ltr'><strong>illa</strong></span> <span class='ocrx_word' id='word_1_399' title='bbox 995 3643 1350 3710; x_wconf 81' lang='lat' dir='ltr'><strong>Hierusalem,</strong></span> <span class='ocrx_word' id='word_1_400' title='bbox 1378 3651 1434 3696; x_wconf 87' lang='lat' dir='ltr'><strong>ut</strong></span> <span class='ocrx_word' id='word_1_401' title='bbox 1457 3641 1674 3707; x_wconf 84' lang='lat' dir='ltr'><strong>dicitur,</strong></span> <span class='ocrx_word' id='word_1_402' title='bbox 1701 3641 1941 3712; x_wconf 76' lang='lat' dir='ltr'><strong>[umtitus</strong></span> 
     </span>
    </p>
   </div>
   <div class='ocr_carea' id='block_1_54' title="bbox 361 3743 671 3790">
    <p class='ocr_par' dir='ltr' id='par_1_54' title="bbox 361 3743 671 3790">
     <span class='ocr_line' id='line_1_54' title="bbox 361 3743 671 3790; baseline 0.003 -2"><span class='ocrx_word' id='word_1_403' title='bbox 361 3743 438 3789; x_wconf 70' lang='grc' dir='ltr'><strong>εει</strong></span> <span class='ocrx_word' id='word_1_404' title='bbox 470 3750 671 3790; x_wconf 83' lang='lat' dir='ltr'><strong>eversa.</strong></span> 
     </span>
    </p>
   </div>
   <div class='ocr_carea' id='block_1_55' title="bbox 432 3859 1938 3921">
    <p class='ocr_par' dir='ltr' id='par_1_55' title="bbox 432 3859 1938 3921">
     <span class='ocr_line' id='line_1_55' title="bbox 432 3859 1938 3921; baseline -0.004 0"><span class='ocrx_word' id='word_1_405' title='bbox 432 3866 543 3921; x_wconf 83' lang='lat' dir='ltr'><strong>Kal</strong></span> <span class='ocrx_word' id='word_1_406' title='bbox 579 3863 781 3920; x_wconf 77' lang='grc' dir='ltr'><em>λαϐὼν</em></span> <span class='ocrx_word' id='word_1_407' title='bbox 822 3862 929 3918; x_wconf 86' lang='grc' dir='ltr'><strong>τὸν</strong></span> <span class='ocrx_word' id='word_1_408' title='bbox 980 3862 1235 3917; x_wconf 75' lang='grc' dir='ltr'><em>Ἀκύλαν</em></span> <span class='ocrx_word' id='word_1_409' title='bbox 1286 3861 1520 3917; x_wconf 83' lang='grc' dir='ltr'><em>τοῦτον.</em></span> <span class='ocrx_word' id='word_1_410' title='bbox 1576 3859 1703 3916; x_wconf 63' lang='lat' dir='ltr'><strong>Haec</strong></span> <span class='ocrx_word' id='word_1_411' title='bbox 1751 3862 1938 3917; x_wconf 87' lang='lat' dir='ltr'><strong>omnia</strong></span> 
     </span>
    </p>
   </div>
   <div class='ocr_carea' id='block_1_56' title="bbox 365 3952 1935 4018">
    <p class='ocr_par' dir='ltr' id='par_1_56' title="bbox 365 3952 1935 4018">
     <span class='ocr_line' id='line_1_56' title="bbox 365 3952 1935 4018; baseline -0.005 -6"><span class='ocrx_word' id='word_1_412' title='bbox 365 3958 636 4018; x_wconf 81' lang='lat' dir='ltr'><strong>fabulosa,</strong></span> <span class='ocrx_word' id='word_1_413' title='bbox 661 3963 713 4012; x_wconf 83' lang='lat' dir='ltr'><strong>et</strong></span> <span class='ocrx_word' id='word_1_414' title='bbox 754 3954 824 4009; x_wconf 88' lang='lat' dir='ltr'><strong>ab</strong></span> <span class='ocrx_word' id='word_1_415' title='bbox 864 3953 1058 4009; x_wconf 83' lang='lat' dir='ltr'><strong>otiosis</strong></span> <span class='ocrx_word' id='word_1_416' title='bbox 1103 3952 1307 4008; x_wconf 72' lang='lat' dir='ltr'><strong>Judmis</strong></span> <span class='ocrx_word' id='word_1_417' title='bbox 1365 3953 1598 4006; x_wconf 84' lang='lat' dir='ltr'><strong>conﬁcta</strong></span> <span class='ocrx_word' id='word_1_418' title='bbox 1659 3953 1935 4007; x_wconf 86' lang='lat' dir='ltr'><strong>videnlur.</strong></span> 
     </span>
    </p>
   </div>
   <div class='ocr_carea' id='block_1_57' title="bbox 366 4044 1937 4121">
    <p class='ocr_par' dir='ltr' id='par_1_57' title="bbox 366 4044 1937 4121">
     <span class='ocr_line' id='line_1_57' title="bbox 366 4044 1937 4121; baseline -0.003 -15"><span class='ocrx_word' id='word_1_419' title='bbox 366 4051 596 4106; x_wconf 61' lang='lat' dir='ltr'><strong>Maxime</strong></span> <span class='ocrx_word' id='word_1_420' title='bbox 619 4048 763 4121; x_wconf 89' lang='lat' dir='ltr'><strong>quod</strong></span> <span class='ocrx_word' id='word_1_421' title='bbox 782 4048 1031 4117; x_wconf 79' lang='lat' dir='ltr'><strong>Aquilam</strong></span> <span class='ocrx_word' id='word_1_422' title='bbox 1056 4047 1133 4100; x_wconf 87' lang='lat' dir='ltr'><strong>ait</strong></span> <span class='ocrx_word' id='word_1_423' title='bbox 1155 4045 1378 4099; x_wconf 80' lang='lat' dir='ltr'><strong>Adriani</strong></span> <span class='ocrx_word' id='word_1_424' title='bbox 1400 4044 1724 4116; x_wconf 78' lang='grc' dir='ltr'>πενθερίδην</span> <span class='ocrx_word' id='word_1_425' title='bbox 1750 4045 1937 4101; x_wconf 88' lang='lat' dir='ltr'><strong>fuisse.</strong></span> 
     </span>
    </p>
   </div>
   <div class='ocr_carea' id='block_1_58' title="bbox 363 4137 1941 4214">
    <p class='ocr_par' dir='ltr' id='par_1_58' title="bbox 363 4137 1941 4214">
     <span class='ocr_line' id='line_1_58' title="bbox 363 4137 1941 4214; baseline -0.008 -14"><span class='ocrx_word' id='word_1_426' title='bbox 363 4145 496 4214; x_wconf 74' lang='lat' dir='ltr'><strong>Qua:</strong></span> <span class='ocrx_word' id='word_1_427' title='bbox 537 4160 639 4197; x_wconf 89' lang='lat' dir='ltr'><strong>vox</strong></span> <span class='ocrx_word' id='word_1_428' title='bbox 676 4156 800 4197; x_wconf 88' lang='lat' dir='ltr'><strong>cum</strong></span> <span class='ocrx_word' id='word_1_429' title='bbox 830 4140 957 4194; x_wconf 83' lang='lat' dir='ltr'><strong>alibi</strong></span> <span class='ocrx_word' id='word_1_430' title='bbox 986 4154 1017 4192; x_wconf 72' lang='grc' dir='ltr'><strong>ει</strong></span> <span class='ocrx_word' id='word_1_431' title='bbox 1052 4153 1139 4192; x_wconf 91' lang='lat' dir='ltr'><strong>me</strong></span> <span class='ocrx_word' id='word_1_432' title='bbox 1175 4139 1312 4192; x_wconf 84' lang='lat' dir='ltr'><strong>lecta</strong></span> <span class='ocrx_word' id='word_1_433' title='bbox 1340 4153 1449 4191; x_wconf 90' lang='lat' dir='ltr'><strong>non</strong></span> <span class='ocrx_word' id='word_1_434' title='bbox 1487 4137 1672 4200; x_wconf 91' lang='lat' dir='ltr'><strong>fuerit,</strong></span> <span class='ocrx_word' id='word_1_435' title='bbox 1702 4137 1786 4191; x_wconf 90' lang='lat' dir='ltr'><strong>vel</strong></span> <span class='ocrx_word' id='word_1_436' title='bbox 1814 4153 1941 4189; x_wconf 83' lang='grc' dir='ltr'>πεν-</span> 
     </span>
    </p>
   </div>
   <div class='ocr_carea' id='block_1_59' title="bbox 362 4229 1937 4313">
    <p class='ocr_par' dir='ltr' id='par_1_59' title="bbox 362 4229 1937 4313">
     <span class='ocr_line' id='line_1_59' title="bbox 362 4229 1937 4313; baseline -0.006 -19"><span class='ocrx_word' id='word_1_437' title='bbox 362 4239 520 4313; x_wconf 80' lang='grc' dir='ltr'><strong>Οερὸν</strong></span> <span class='ocrx_word' id='word_1_438' title='bbox 545 4235 839 4308; x_wconf 78' lang='lat' dir='ltr'><strong>signiﬁcat,</strong></span> <span class='ocrx_word' id='word_1_439' title='bbox 873 4233 958 4288; x_wconf 88' lang='lat' dir='ltr'><strong>vel</strong></span> <span class='ocrx_word' id='word_1_440' title='bbox 991 4230 1255 4303; x_wconf 81' lang='grc' dir='ltr'>πενθεροῦ</span> <span class='ocrx_word' id='word_1_441' title='bbox 1293 4230 1486 4295; x_wconf 88' lang='lat' dir='ltr'><strong>filium,</strong></span> <span class='ocrx_word' id='word_1_442' title='bbox 1529 4229 1740 4284; x_wconf 85' lang='lat' dir='ltr'><strong>aliinem</strong></span> <span class='ocrx_word' id='word_1_443' title='bbox 1770 4239 1937 4285; x_wconf 90' lang='lat' dir='ltr'><strong>certe.</strong></span> 
     </span>
    </p>
   </div>
   <div class='ocr_carea' id='block_1_60' title="bbox 362 4324 1938 4396">
    <p class='ocr_par' dir='ltr' id='par_1_60' title="bbox 362 4324 1938 4396">
     <span class='ocr_line' id='line_1_60' title="bbox 362 4324 1938 4396; baseline -0.01 -6"><span class='ocrx_word' id='word_1_444' title='bbox 362 4335 471 4390; x_wconf 79' lang='lat' dir='ltr'><strong>Nos</strong></span> <span class='ocrx_word' id='word_1_445' title='bbox 503 4349 746 4388; x_wconf 84' lang='lat' dir='ltr'><strong>socerum</strong></span> <span class='ocrx_word' id='word_1_446' title='bbox 775 4328 1139 4390; x_wconf 87' lang='lat' dir='ltr'><strong>reddidimus,</strong></span> <span class='ocrx_word' id='word_1_447' title='bbox 1171 4326 1329 4396; x_wconf 91' lang='lat' dir='ltr'><strong>quasi</strong></span> <span class='ocrx_word' id='word_1_448' title='bbox 1358 4325 1617 4396; x_wconf 82' lang='grc' dir='ltr'><strong>πενθερόν</strong></span> <span class='ocrx_word' id='word_1_449' title='bbox 1648 4324 1938 4394; x_wconf 83' lang='lat' dir='ltr'><strong>legeretur,</strong></span> 
     </span>
    </p>
   </div>
   <div class='ocr_carea' id='block_1_61' title="bbox 359 4416 1939 4498">
    <p class='ocr_par' dir='ltr' id='par_1_61' title="bbox 359 4416 1939 4498">
     <span class='ocr_line' id='line_1_61' title="bbox 359 4416 1939 4498; baseline -0.009 -15"><span class='ocrx_word' id='word_1_450' title='bbox 359 4425 640 4498; x_wconf 86' lang='lat' dir='ltr'><strong>quomodo</strong></span> <span class='ocrx_word' id='word_1_451' title='bbox 686 4421 1043 4477; x_wconf 73' lang='lat' dir='ltr'><strong>Alexandrini</strong></span> <span class='ocrx_word' id='word_1_452' title='bbox 1079 4419 1328 4474; x_wconf 82' lang='lat' dir='ltr'><strong>Chronici</strong></span> <span class='ocrx_word' id='word_1_453' title='bbox 1360 4419 1716 4488; x_wconf 83' lang='lat' dir='ltr'><strong>scriptorcm&#39;</strong></span> <span class='ocrx_word' id='word_1_454' title='bbox 1739 4417 1828 4470; x_wconf 89' lang='lat' dir='ltr'><strong>hic</strong></span> <span class='ocrx_word' id='word_1_455' title='bbox 1858 4416 1939 4470; x_wconf 84' lang='lat' dir='ltr'><strong>le-</strong></span> 
     </span>
    </p>
   </div>
   <div class='ocr_carea' id='block_1_62' title="bbox 2047 1911 3630 1974">
    <p class='ocr_par' dir='ltr' id='par_1_62' title="bbox 2047 1911 3630 1974">
     <span class='ocr_line' id='line_1_62' title="bbox 2047 1911 3630 1974; baseline -0.002 -7"><span class='ocrx_word' id='word_1_456' title='bbox 2047 1912 2252 1969; x_wconf 91' lang='lat' dir='ltr'><strong>Christi</strong></span> <span class='ocrx_word' id='word_1_457' title='bbox 2312 1913 2440 1974; x_wconf 76' lang='grc'><strong>158,</strong></span> <span class='ocrx_word' id='word_1_458' title='bbox 2480 1912 2765 1968; x_wconf 88' lang='lat' dir='ltr'><strong>Decembr.</strong></span> <span class='ocrx_word' id='word_1_459' title='bbox 2825 1929 2952 1974; x_wconf 76' lang='lat' dir='ltr'><strong>xvr,</strong></span> <span class='ocrx_word' id='word_1_460' title='bbox 3002 1913 3265 1968; x_wconf 85' lang='lat' dir='ltr'><strong>Antonini</strong></span> <span class='ocrx_word' id='word_1_461' title='bbox 3322 1911 3630 1968; x_wconf 82' lang='lat' dir='ltr'><strong>secundum</strong></span> 
     </span>
    </p>
   </div>
   <div class='ocr_carea' id='block_1_63' title="bbox 2046 1996 3631 2074">
    <p class='ocr_par' dir='ltr' id='par_1_63' title="bbox 2046 1996 3631 2074">
     <span class='ocr_line' id='line_1_63' title="bbox 2046 1996 3631 2074; baseline -0.004 -15"><span class='ocrx_word' id='word_1_462' title='bbox 2046 2012 2320 2065; x_wconf 85' lang='lat' dir='ltr'><strong>numerat,</strong></span> <span class='ocrx_word' id='word_1_463' title='bbox 2353 2004 2717 2074; x_wconf 88' lang='lat' dir='ltr'><strong>eumdemque</strong></span> <span class='ocrx_word' id='word_1_464' title='bbox 2767 2004 2833 2058; x_wconf 91' lang='lat' dir='ltr'><strong>ad</strong></span> <span class='ocrx_word' id='word_1_465' title='bbox 2875 2003 2998 2056; x_wconf 81' lang='lat' dir='ltr'><strong>Maii</strong></span> <span class='ocrx_word' id='word_1_466' title='bbox 3036 2019 3166 2067; x_wconf 86' lang='lat' dir='ltr'><strong>xvn,</strong></span> <span class='ocrx_word' id='word_1_467' title='bbox 3199 2003 3327 2056; x_wconf 89' lang='lat' dir='ltr'><strong>anni</strong></span> <span class='ocrx_word' id='word_1_468' title='bbox 3367 1996 3464 2055; x_wconf 81' lang='grc'><strong>159</strong></span> <span class='ocrx_word' id='word_1_469' title='bbox 3501 2015 3631 2070; x_wconf 90' lang='lat' dir='ltr'><strong>per-</strong></span> 
     </span>
    </p>
   </div>
   <div class='ocr_carea' id='block_1_64' title="bbox 2046 2093 3634 2164">
    <p class='ocr_par' dir='ltr' id='par_1_64' title="bbox 2046 2093 3634 2164">
     <span class='ocr_line' id='line_1_64' title="bbox 2046 2093 3634 2164; baseline -0.005 -16"><span class='ocrx_word' id='word_1_470' title='bbox 2046 2096 2241 2150; x_wconf 89' lang='lat' dir='ltr'><strong>texuit.</strong></span> <span class='ocrx_word' id='word_1_471' title='bbox 2266 2097 2335 2150; x_wconf 91' lang='lat' dir='ltr'><strong>At</strong></span> <span class='ocrx_word' id='word_1_472' title='bbox 2363 2093 2670 2164; x_wconf 88' lang='lat' dir='ltr'><strong>Septembr.</strong></span> <span class='ocrx_word' id='word_1_473' title='bbox 2701 2110 2828 2148; x_wconf 75' lang='lat' dir='ltr'><strong>xxvi</strong></span> <span class='ocrx_word' id='word_1_474' title='bbox 2863 2093 2991 2147; x_wconf 90' lang='lat' dir='ltr'><strong>anni</strong></span> <span class='ocrx_word' id='word_1_475' title='bbox 3017 2093 3120 2149; x_wconf 82' lang='grc'><strong>159</strong></span> <span class='ocrx_word' id='word_1_476' title='bbox 3140 2107 3343 2146; x_wconf 90' lang='lat' dir='ltr'><strong>annum</strong></span> <span class='ocrx_word' id='word_1_477' title='bbox 3374 2096 3634 2144; x_wconf 87' lang='lat' dir='ltr'><strong>numerat</strong></span> 
     </span>
    </p>
   </div>
   <div class='ocr_carea' id='block_1_65' title="bbox 2045 2177 3630 2252">
    <p class='ocr_par' dir='ltr' id='par_1_65' title="bbox 2045 2177 3630 2252">
     <span class='ocr_line' id='line_1_65' title="bbox 2045 2177 3630 2252; baseline -0.004 -16"><span class='ocrx_word' id='word_1_478' title='bbox 2045 2184 2306 2238; x_wconf 81' lang='lat' dir='ltr'><strong>Antonini</strong></span> <span class='ocrx_word' id='word_1_479' title='bbox 2363 2183 2607 2242; x_wconf 86' lang='lat' dir='ltr'><strong>tertium.</strong></span> <span class='ocrx_word' id='word_1_480' title='bbox 2662 2182 2806 2238; x_wconf 89' lang='lat' dir='ltr'><strong>Fieri</strong></span> <span class='ocrx_word' id='word_1_481' title='bbox 2863 2181 3045 2252; x_wconf 85' lang='lat' dir='ltr'><strong>itaque</strong></span> <span class='ocrx_word' id='word_1_482' title='bbox 3093 2197 3202 2236; x_wconf 89' lang='lat' dir='ltr'><strong>non</strong></span> <span class='ocrx_word' id='word_1_483' title='bbox 3257 2188 3458 2252; x_wconf 85' lang='lat' dir='ltr'><strong>potest,</strong></span> <span class='ocrx_word' id='word_1_484' title='bbox 3492 2177 3630 2248; x_wconf 90' lang='lat' dir='ltr'><strong>quin</strong></span> 
     </span>
    </p>
   </div>
   <div class='ocr_carea' id='block_1_66' title="bbox 2047 2271 3631 2345">
    <p class='ocr_par' dir='ltr' id='par_1_66' title="bbox 2047 2271 3631 2345">
     <span class='ocr_line' id='line_1_66' title="bbox 2047 2271 3631 2345; baseline -0.003 -18"><span class='ocrx_word' id='word_1_485' title='bbox 2047 2289 2226 2330; x_wconf 89' lang='lat' dir='ltr'><strong>annus</strong></span> <span class='ocrx_word' id='word_1_486' title='bbox 2260 2275 2471 2345; x_wconf 89' lang='lat' dir='ltr'><strong>primus</strong></span> <span class='ocrx_word' id='word_1_487' title='bbox 2499 2273 2704 2328; x_wconf 87' lang='lat' dir='ltr'><strong>Christi</strong></span> <span class='ocrx_word' id='word_1_488' title='bbox 2742 2274 2838 2327; x_wconf 78' lang='grc'><strong>157</strong></span> <span class='ocrx_word' id='word_1_489' title='bbox 2881 2272 3131 2343; x_wconf 75' lang='lat' dir='ltr'><strong>cmperit,</strong></span> <span class='ocrx_word' id='word_1_490' title='bbox 3165 2280 3358 2327; x_wconf 86' lang='lat' dir='ltr'><strong>contra</strong></span> <span class='ocrx_word' id='word_1_491' title='bbox 3388 2271 3631 2326; x_wconf 77' lang='lat' dir='ltr'><strong>chrono-</strong></span> 
     </span>
    </p>
   </div>
   <div class='ocr_carea' id='block_1_67' title="bbox 2047 2361 3631 2437">
    <p class='ocr_par' dir='ltr' id='par_1_67' title="bbox 2047 2361 3631 2437">
     <span class='ocr_line' id='line_1_67' title="bbox 2047 2361 3631 2437; baseline -0.006 -17"><span class='ocrx_word' id='word_1_492' title='bbox 2047 2367 2298 2437; x_wconf 84' lang='lat' dir='ltr'><strong>logorum</strong></span> <span class='ocrx_word' id='word_1_493' title='bbox 2335 2365 2580 2422; x_wconf 84' lang='lat' dir='ltr'><strong>omnium</strong></span> <span class='ocrx_word' id='word_1_494' title='bbox 2631 2365 2812 2420; x_wconf 80' lang='lat' dir='ltr'><strong>fidem.</strong></span> <span class='ocrx_word' id='word_1_495' title='bbox 2855 2363 3219 2419; x_wconf 84' lang='lat' dir='ltr'><strong>Consentium</strong></span> <span class='ocrx_word' id='word_1_496' title='bbox 3268 2370 3324 2418; x_wconf 89' lang='lat' dir='ltr'><strong>et</strong></span> <span class='ocrx_word' id='word_1_497' title='bbox 3362 2361 3631 2416; x_wconf 80' lang='lat' dir='ltr'><strong>observa-</strong></span> 
     </span>
    </p>
   </div>
   <div class='ocr_carea' id='block_1_68' title="bbox 2047 2453 3629 2526">
    <p class='ocr_par' dir='ltr' id='par_1_68' title="bbox 2047 2453 3629 2526">
     <span class='ocr_line' id='line_1_68' title="bbox 2047 2453 3629 2526; baseline -0.005 -16"><span class='ocrx_word' id='word_1_498' title='bbox 2047 2459 2226 2512; x_wconf 68' lang='grc' dir='ltr'><strong>ηοω-δ</strong></span> <span class='ocrx_word' id='word_1_499' title='bbox 2259 2466 2491 2524; x_wconf 65' lang='lat' dir='ltr'><strong>caeteras,</strong></span> <span class='ocrx_word' id='word_1_500' title='bbox 2532 2456 2734 2526; x_wconf 87' lang='lat' dir='ltr'><strong>quibus</strong></span> <span class='ocrx_word' id='word_1_501' title='bbox 2771 2454 2995 2510; x_wconf 86' lang='lat' dir='ltr'><strong>Adriani</strong></span> <span class='ocrx_word' id='word_1_502' title='bbox 3035 2469 3212 2508; x_wconf 91' lang='lat' dir='ltr'><strong>annos</strong></span> <span class='ocrx_word' id='word_1_503' title='bbox 3252 2453 3532 2522; x_wconf 86' lang='lat' dir='ltr'><strong>apposuit,</strong></span> <span class='ocrx_word' id='word_1_504' title='bbox 3566 2459 3629 2504; x_wconf 90' lang='lat' dir='ltr'><strong>ut</strong></span> 
     </span>
    </p>
   </div>
   <div class='ocr_carea' id='block_1_69' title="bbox 2043 2543 3632 2617">
    <p class='ocr_par' dir='ltr' id='par_1_69' title="bbox 2043 2543 3632 2617">
     <span class='ocr_line' id='line_1_69' title="bbox 2043 2543 3632 2617; baseline -0.006 -13"><span class='ocrx_word' id='word_1_505' title='bbox 2043 2550 2114 2605; x_wconf 88' lang='lat' dir='ltr'><strong>de</strong></span> <span class='ocrx_word' id='word_1_506' title='bbox 2145 2551 2497 2606; x_wconf 85' lang='lat' dir='ltr'><strong>librariorum</strong></span> <span class='ocrx_word' id='word_1_507' title='bbox 2545 2548 2727 2617; x_wconf 87' lang='lat' dir='ltr'><strong>culpa,</strong></span> <span class='ocrx_word' id='word_1_508' title='bbox 2759 2547 2846 2602; x_wconf 90' lang='lat' dir='ltr'><strong>vel</strong></span> <span class='ocrx_word' id='word_1_509' title='bbox 2903 2545 3177 2600; x_wconf 59' lang='lat' dir='ltr'><strong>Ptolemaei</strong></span> <span class='ocrx_word' id='word_1_510' title='bbox 3234 2545 3408 2614; x_wconf 88' lang='lat' dir='ltr'><strong>ipsius</strong></span> <span class='ocrx_word' id='word_1_511' title='bbox 3453 2543 3632 2596; x_wconf 87' lang='lat' dir='ltr'><strong>hallu-</strong></span> 
     </span>
    </p>
   </div>
   <div class='ocr_carea' id='block_1_70' title="bbox 2042 2634 3626 2712">
    <p class='ocr_par' dir='ltr' id='par_1_70' title="bbox 2042 2634 3626 2712">
     <span class='ocr_line' id='line_1_70' title="bbox 2042 2634 3626 2712; baseline -0.007 -13"><span class='ocrx_word' id='word_1_512' title='bbox 2042 2643 2324 2699; x_wconf 85' lang='lat' dir='ltr'><strong>cinatione</strong></span> <span class='ocrx_word' id='word_1_513' title='bbox 2354 2641 2505 2712; x_wconf 86' lang='lat' dir='ltr'><strong>justa</strong></span> <span class='ocrx_word' id='word_1_514' title='bbox 2541 2639 2745 2695; x_wconf 90' lang='lat' dir='ltr'><strong>nemini</strong></span> <span class='ocrx_word' id='word_1_515' title='bbox 2785 2639 2959 2709; x_wconf 86' lang='lat' dir='ltr'><strong>possit</strong></span> <span class='ocrx_word' id='word_1_516' title='bbox 2998 2653 3119 2693; x_wconf 88' lang='lat' dir='ltr'><strong>esse</strong></span> <span class='ocrx_word' id='word_1_517' title='bbox 3151 2634 3412 2706; x_wconf 79' lang='lat' dir='ltr'><strong>suspicio.</strong></span> <span class='ocrx_word' id='word_1_518' title='bbox 3449 2635 3626 2702; x_wconf 88' lang='lat' dir='ltr'><strong>Quem</strong></span> 
     </span>
    </p>
   </div>
   <div class='ocr_carea' id='block_1_71' title="bbox 2045 2727 3628 2796">
    <p class='ocr_par' dir='ltr' id='par_1_71' title="bbox 2045 2727 3628 2796">
     <span class='ocr_line' id='line_1_71' title="bbox 2045 2727 3628 2796; baseline -0.006 -6"><span class='ocrx_word' id='word_1_519' title='bbox 2045 2751 2156 2791; x_wconf 90' lang='lat' dir='ltr'><strong>non</strong></span> <span class='ocrx_word' id='word_1_520' title='bbox 2190 2740 2409 2788; x_wconf 88' lang='lat' dir='ltr'><strong>moveat</strong></span> <span class='ocrx_word' id='word_1_521' title='bbox 2440 2732 2577 2786; x_wconf 89' lang='lat' dir='ltr'><strong>tanti</strong></span> <span class='ocrx_word' id='word_1_522' title='bbox 2602 2731 2726 2796; x_wconf 90' lang='lat' dir='ltr'><strong>viri,</strong></span> <span class='ocrx_word' id='word_1_523' title='bbox 2755 2744 2817 2784; x_wconf 90' lang='lat' dir='ltr'><strong>ac</strong></span> <span class='ocrx_word' id='word_1_524' title='bbox 2848 2737 2956 2782; x_wconf 88' lang='lat' dir='ltr'><strong>tam</strong></span> <span class='ocrx_word' id='word_1_525' title='bbox 2987 2728 3310 2783; x_wconf 83' lang='lat' dir='ltr'><strong>excellentis</strong></span> <span class='ocrx_word' id='word_1_526' title='bbox 3337 2727 3628 2796; x_wconf 80' lang='lat' dir='ltr'><strong>scriptoris</strong></span> 
     </span>
    </p>
   </div>
   <div class='ocr_carea' id='block_1_72' title="bbox 2045 2818 3628 2893">
    <p class='ocr_par' dir='ltr' id='par_1_72' title="bbox 2045 2818 3628 2893">
     <span class='ocr_line' id='line_1_72' title="bbox 2045 2818 3628 2893; baseline -0.005 -14"><span class='ocrx_word' id='word_1_527' title='bbox 2045 2825 2368 2888; x_wconf 82' lang='lat' dir='ltr'><strong>auctoritas,</strong></span> <span class='ocrx_word' id='word_1_528' title='bbox 2403 2824 2495 2893; x_wconf 89' lang='lat' dir='ltr'><strong>qui</strong></span> <span class='ocrx_word' id='word_1_529' title='bbox 2525 2837 2647 2876; x_wconf 91' lang='lat' dir='ltr'><strong>cum</strong></span> <span class='ocrx_word' id='word_1_530' title='bbox 2685 2820 2795 2882; x_wconf 84' lang='lat' dir='ltr'><strong>ista</strong></span> <span class='ocrx_word' id='word_1_531' title='bbox 2823 2819 3100 2889; x_wconf 84' lang='lat' dir='ltr'><strong>proderet,</strong></span> <span class='ocrx_word' id='word_1_532' title='bbox 3134 2827 3339 2889; x_wconf 90' lang='lat' dir='ltr'><strong>quotus</strong></span> <span class='ocrx_word' id='word_1_533' title='bbox 3372 2818 3628 2880; x_wconf 74' lang='lat' dir='ltr'><strong>Adriani,</strong></span> 
     </span>
    </p>
   </div>
   <div class='ocr_carea' id='block_1_73' title="bbox 2043 2911 3620 2980">
    <p class='ocr_par' dir='ltr' id='par_1_73' title="bbox 2043 2911 3620 2980">
     <span class='ocr_line' id='line_1_73' title="bbox 2043 2911 3620 2980; baseline -0.004 -11"><span class='ocrx_word' id='word_1_534' title='bbox 2043 2917 2128 2972; x_wconf 88' lang='lat' dir='ltr'><strong>vel</strong></span> <span class='ocrx_word' id='word_1_535' title='bbox 2155 2915 2418 2970; x_wconf 87' lang='lat' dir='ltr'><strong>Antonini</strong></span> <span class='ocrx_word' id='word_1_536' title='bbox 2454 2927 2598 2970; x_wconf 84' lang='lat' dir='ltr'><strong>esset</strong></span> <span class='ocrx_word' id='word_1_537' title='bbox 2640 2928 2819 2968; x_wconf 89' lang='lat' dir='ltr'><strong>annus</strong></span> <span class='ocrx_word' id='word_1_538' title='bbox 2846 2912 3104 2980; x_wconf 86' lang='lat' dir='ltr'><strong>ignorare</strong></span> <span class='ocrx_word' id='word_1_539' title='bbox 3137 2911 3364 2964; x_wconf 90' lang='lat' dir='ltr'><strong>minime</strong></span> <span class='ocrx_word' id='word_1_540' title='bbox 3407 2911 3620 2980; x_wconf 88' lang='lat' dir='ltr'><strong>potuit:</strong></span> 
     </span>
    </p>
   </div>
   <div class='ocr_carea' id='block_1_74' title="bbox 2044 3001 3626 3079">
    <p class='ocr_par' dir='ltr' id='par_1_74' title="bbox 2044 3001 3626 3079">
     <span class='ocr_line' id='line_1_74' title="bbox 2044 3001 3626 3079; baseline -0.004 -18"><span class='ocrx_word' id='word_1_541' title='bbox 2044 3008 2350 3079; x_wconf 69' lang='lat' dir='ltr'><strong>praesertim</strong></span> <span class='ocrx_word' id='word_1_542' title='bbox 2384 3007 2590 3062; x_wconf 86' lang='lat' dir='ltr'><strong>recenti</strong></span> <span class='ocrx_word' id='word_1_543' title='bbox 2623 3005 2805 3060; x_wconf 89' lang='lat' dir='ltr'><strong>adhuc</strong></span> <span class='ocrx_word' id='word_1_544' title='bbox 2836 3003 2984 3057; x_wconf 91' lang='lat' dir='ltr'><strong>illius</strong></span> <span class='ocrx_word' id='word_1_545' title='bbox 3035 3002 3212 3066; x_wconf 89' lang='lat' dir='ltr'><strong>obitu,</strong></span> <span class='ocrx_word' id='word_1_546' title='bbox 3247 3001 3412 3071; x_wconf 85' lang='lat' dir='ltr'><strong>hujus</strong></span> <span class='ocrx_word' id='word_1_547' title='bbox 3441 3010 3626 3055; x_wconf 87' lang='lat' dir='ltr'><strong>autem</strong></span> 
     </span>
    </p>
   </div>
   <div class='ocr_carea' id='block_1_75' title="bbox 2046 3090 3628 3163">
    <p class='ocr_par' dir='ltr' id='par_1_75' title="bbox 2046 3090 3628 3163">
     <span class='ocr_line' id='line_1_75' title="bbox 2046 3090 3628 3163; baseline -0.006 -9"><span class='ocrx_word' id='word_1_548' title='bbox 2046 3099 2239 3163; x_wconf 88' lang='lat' dir='ltr'><strong>initio,</strong></span> <span class='ocrx_word' id='word_1_549' title='bbox 2279 3099 2536 3154; x_wconf 90' lang='lat' dir='ltr'><strong>nimirum</strong></span> <span class='ocrx_word' id='word_1_550' title='bbox 2594 3111 2740 3152; x_wconf 89' lang='lat' dir='ltr'><strong>anno</strong></span> <span class='ocrx_word' id='word_1_551' title='bbox 2784 3093 2906 3158; x_wconf 75' lang='grc'><strong>158,</strong></span> <span class='ocrx_word' id='word_1_552' title='bbox 2956 3109 3116 3163; x_wconf 86' lang='lat' dir='ltr'><strong>quem</strong></span> <span class='ocrx_word' id='word_1_553' title='bbox 3150 3093 3312 3162; x_wconf 82' lang='lat' dir='ltr'><strong>vulgo</strong></span> <span class='ocrx_word' id='word_1_554' title='bbox 3361 3090 3628 3146; x_wconf 86' lang='lat' dir='ltr'><strong>Antonini</strong></span> 
     </span>
    </p>
   </div>
   <div class='ocr_carea' id='block_1_76' title="bbox 2046 3186 3627 3262">
    <p class='ocr_par' dir='ltr' id='par_1_76' title="bbox 2046 3186 3627 3262">
     <span class='ocr_line' id='line_1_76' title="bbox 2046 3186 3627 3262; baseline -0.006 -16"><span class='ocrx_word' id='word_1_555' title='bbox 2046 3192 2272 3248; x_wconf 82' lang='lat' dir='ltr'><strong>exordio</strong></span> <span class='ocrx_word' id='word_1_556' title='bbox 2312 3189 2662 3262; x_wconf 77' lang='lat' dir='ltr'><strong>przeliniunt,</strong></span> <span class='ocrx_word' id='word_1_557' title='bbox 2713 3188 3114 3260; x_wconf 12' lang='lat' dir='ltr'><strong>quorquidem,</strong></span> <span class='ocrx_word' id='word_1_558' title='bbox 3169 3186 3453 3242; x_wconf 88' lang='lat' dir='ltr'><strong>Decembr.</strong></span> <span class='ocrx_word' id='word_1_559' title='bbox 3505 3199 3627 3250; x_wconf 76' lang='lat' dir='ltr'><strong>xvi,</strong></span> 
     </span>
    </p>
   </div>
   <div class='ocr_carea' id='block_1_77' title="bbox 2046 3274 3628 3348">
    <p class='ocr_par' dir='ltr' id='par_1_77' title="bbox 2046 3274 3628 3348">
     <span class='ocr_line' id='line_1_77' title="bbox 2046 3274 3628 3348; baseline -0.006 -10"><span class='ocrx_word' id='word_1_560' title='bbox 2046 3283 2377 3339; x_wconf 65' lang='lat' dir='ltr'><strong>Ptolemaeus</strong></span> <span class='ocrx_word' id='word_1_561' title='bbox 2415 3281 2679 3337; x_wconf 87' lang='lat' dir='ltr'><strong>Antonini</strong></span> <span class='ocrx_word' id='word_1_562' title='bbox 2709 3283 3014 3337; x_wconf 89' lang='lat' dir='ltr'><strong>secundum</strong></span> <span class='ocrx_word' id='word_1_563' title='bbox 3047 3285 3347 3348; x_wconf 88' lang='lat' dir='ltr'><strong>computat.</strong></span> <span class='ocrx_word' id='word_1_564' title='bbox 3384 3276 3462 3330; x_wconf 88' lang='lat' dir='ltr'><strong>lta</strong></span> <span class='ocrx_word' id='word_1_565' title='bbox 3495 3274 3628 3329; x_wconf 86' lang='lat' dir='ltr'><strong>Pius</strong></span> 
     </span>
    </p>
   </div>
   <div class='ocr_carea' id='block_1_78' title="bbox 2047 3370 3626 3446">
    <p class='ocr_par' dir='ltr' id='par_1_78' title="bbox 2047 3370 3626 3446">
     <span class='ocr_line' id='line_1_78' title="bbox 2047 3370 3626 3446; baseline -0.004 -16"><span class='ocrx_word' id='word_1_566' title='bbox 2047 3391 2223 3431; x_wconf 89' lang='lat' dir='ltr'><strong>annos</strong></span> <span class='ocrx_word' id='word_1_567' title='bbox 2278 3375 2568 3446; x_wconf 82' lang='lat' dir='ltr'><strong>imperavit</strong></span> <span class='ocrx_word' id='word_1_568' title='bbox 2623 3390 2805 3439; x_wconf 70' lang='grc' dir='ltr'><strong>χχιιι,</strong></span> <span class='ocrx_word' id='word_1_569' title='bbox 2859 3389 3076 3430; x_wconf 87' lang='lat' dir='ltr'><strong>menses</strong></span> <span class='ocrx_word' id='word_1_570' title='bbox 3117 3387 3226 3435; x_wconf 86' lang='lat' dir='ltr'><strong>vn,</strong></span> <span class='ocrx_word' id='word_1_571' title='bbox 3261 3370 3380 3425; x_wconf 89' lang='lat' dir='ltr'><strong>dies</strong></span> <span class='ocrx_word' id='word_1_572' title='bbox 3429 3382 3626 3422; x_wconf 79' lang='lat' dir='ltr'><strong>xxvm.</strong></span> 
     </span>
    </p>
   </div>
   <div class='ocr_carea' id='block_1_79' title="bbox 2045 3465 3628 3536">
    <p class='ocr_par' dir='ltr' id='par_1_79' title="bbox 2045 3465 3628 3536">
     <span class='ocr_line' id='line_1_79' title="bbox 2045 3465 3628 3536; baseline -0.003 -14"><span class='ocrx_word' id='word_1_573' title='bbox 2045 3469 2204 3535; x_wconf 86' lang='lat' dir='ltr'><strong>Quod</strong></span> <span class='ocrx_word' id='word_1_574' title='bbox 2231 3469 2467 3524; x_wconf 78' lang='lat' dir='ltr'><strong>fortasse</strong></span> <span class='ocrx_word' id='word_1_575' title='bbox 2496 3484 2684 3523; x_wconf 83' lang='lat' dir='ltr'><strong>verum</strong></span> <span class='ocrx_word' id='word_1_576' title='bbox 2717 3477 2800 3524; x_wconf 82' lang='lat' dir='ltr'><strong>est</strong></span> <span class='ocrx_word' id='word_1_577' title='bbox 2829 3486 2842 3522; x_wconf 93' lang='lat'>:</span> <span class='ocrx_word' id='word_1_578' title='bbox 2880 3484 3006 3522; x_wconf 87' lang='lat' dir='ltr'><strong>nam</strong></span> <span class='ocrx_word' id='word_1_579' title='bbox 3029 3475 3083 3523; x_wconf 90' lang='lat' dir='ltr'><strong>et</strong></span> <span class='ocrx_word' id='word_1_580' title='bbox 3113 3465 3430 3536; x_wconf 83' lang='lat' dir='ltr'><strong>Xiphilinus</strong></span> <span class='ocrx_word' id='word_1_581' title='bbox 3451 3477 3628 3518; x_wconf 86' lang='lat' dir='ltr'><strong>annos</strong></span> 
     </span>
    </p>
   </div>
   <div class='ocr_carea' id='block_1_80' title="bbox 2047 3555 3628 3634">
    <p class='ocr_par' dir='ltr' id='par_1_80' title="bbox 2047 3555 3628 3634">
     <span class='ocr_line' id='line_1_80' title="bbox 2047 3555 3628 3634; baseline -0.006 -17"><span class='ocrx_word' id='word_1_582' title='bbox 2047 3565 2299 3634; x_wconf 82' lang='lat' dir='ltr'><strong>assignat</strong></span> <span class='ocrx_word' id='word_1_583' title='bbox 2327 3581 2476 3618; x_wconf 74' lang='lat' dir='ltr'><strong>xxnv.</strong></span> <span class='ocrx_word' id='word_1_584' title='bbox 2530 3561 2704 3618; x_wconf 83' lang='lat' dir='ltr'><strong>Natus</strong></span> <span class='ocrx_word' id='word_1_585' title='bbox 2735 3570 2821 3618; x_wconf 91' lang='lat' dir='ltr'><strong>est</strong></span> <span class='ocrx_word' id='word_1_586' title='bbox 2867 3561 3177 3616; x_wconf 90' lang='lat' dir='ltr'><strong>Antoninus</strong></span> <span class='ocrx_word' id='word_1_587' title='bbox 3199 3600 3216 3627; x_wconf 93' lang='lat'><strong>,</strong></span> <span class='ocrx_word' id='word_1_588' title='bbox 3247 3566 3308 3613; x_wconf 92' lang='lat' dir='ltr'><strong>ut</strong></span> <span class='ocrx_word' id='word_1_589' title='bbox 3349 3557 3426 3612; x_wconf 86' lang='lat' dir='ltr'><strong>ait</strong></span> <span class='ocrx_word' id='word_1_590' title='bbox 3464 3555 3628 3626; x_wconf 81' lang='lat' dir='ltr'><strong>Capi-</strong></span> 
     </span>
    </p>
   </div>
   <div class='ocr_carea' id='block_1_81' title="bbox 2046 3645 3623 3720">
    <p class='ocr_par' dir='ltr' id='par_1_81' title="bbox 2046 3645 3623 3720">
     <span class='ocr_line' id='line_1_81' title="bbox 2046 3645 3623 3720; baseline -0.006 -11"><span class='ocrx_word' id='word_1_591' title='bbox 2046 3657 2274 3720; x_wconf 90' lang='lat' dir='ltr'><strong>tolinus,</strong></span> <span class='ocrx_word' id='word_1_592' title='bbox 2302 3655 2612 3710; x_wconf 91' lang='lat' dir='ltr'><strong>Domitiano</strong></span> <span class='ocrx_word' id='word_1_593' title='bbox 2659 3671 2737 3708; x_wconf 77' lang='lat' dir='ltr'><strong>xu</strong></span> <span class='ocrx_word' id='word_1_594' title='bbox 2777 3661 2830 3709; x_wconf 90' lang='lat' dir='ltr'><strong>et</strong></span> <span class='ocrx_word' id='word_1_595' title='bbox 2867 3651 3141 3708; x_wconf 85' lang='lat' dir='ltr'><strong>Dolabella</strong></span> <span class='ocrx_word' id='word_1_596' title='bbox 3171 3665 3346 3714; x_wconf 91' lang='lat' dir='ltr'><strong>coss.,</strong></span> <span class='ocrx_word' id='word_1_597' title='bbox 3374 3663 3467 3702; x_wconf 86' lang='lat' dir='ltr'><strong>xm</strong></span> <span class='ocrx_word' id='word_1_598' title='bbox 3501 3645 3623 3700; x_wconf 78' lang='lat' dir='ltr'><strong>Kal.</strong></span> 
     </span>
    </p>
   </div>
   <div class='ocr_carea' id='block_1_82' title="bbox 2044 3741 3626 3814">
    <p class='ocr_par' dir='ltr' id='par_1_82' title="bbox 2044 3741 3626 3814">
     <span class='ocr_line' id='line_1_82' title="bbox 2044 3741 3626 3814; baseline -0.008 -9"><span class='ocrx_word' id='word_1_599' title='bbox 2044 3750 2170 3805; x_wconf 92' lang='lat' dir='ltr'><strong>Oct.</strong></span> <span class='ocrx_word' id='word_1_600' title='bbox 2201 3772 2213 3806; x_wconf 93' lang='lat'>:</span> <span class='ocrx_word' id='word_1_601' title='bbox 2247 3765 2426 3804; x_wconf 88' lang='lat' dir='ltr'><strong>annus</strong></span> <span class='ocrx_word' id='word_1_602' title='bbox 2461 3749 2550 3803; x_wconf 85' lang='lat' dir='ltr'><strong>hic</strong></span> <span class='ocrx_word' id='word_1_603' title='bbox 2599 3759 2684 3804; x_wconf 90' lang='lat' dir='ltr'><strong>est</strong></span> <span class='ocrx_word' id='word_1_604' title='bbox 2715 3747 2919 3802; x_wconf 90' lang='lat' dir='ltr'><strong>Christi</strong></span> <span class='ocrx_word' id='word_1_605' title='bbox 2955 3746 3044 3801; x_wconf 89' lang='lat'><strong>86.</strong></span> <span class='ocrx_word' id='word_1_606' title='bbox 3092 3744 3199 3800; x_wconf 86' lang='lat' dir='ltr'><strong>Sed</strong></span> <span class='ocrx_word' id='word_1_607' title='bbox 3241 3751 3502 3814; x_wconf 87' lang='lat' dir='ltr'><strong>quotnam</strong></span> <span class='ocrx_word' id='word_1_608' title='bbox 3541 3741 3626 3794; x_wconf 89' lang='lat' dir='ltr'><strong>vi-</strong></span> 
     </span>
    </p>
   </div>
   <div class='ocr_carea' id='block_1_83' title="bbox 2045 3833 3628 3908">
    <p class='ocr_par' dir='ltr' id='par_1_83' title="bbox 2045 3833 3628 3908">
     <span class='ocr_line' id='line_1_83' title="bbox 2045 3833 3628 3908; baseline -0.008 -11"><span class='ocrx_word' id='word_1_609' title='bbox 2045 3843 2208 3904; x_wconf 81' lang='lat' dir='ltr'><strong>xerit,</strong></span> <span class='ocrx_word' id='word_1_610' title='bbox 2239 3841 2467 3897; x_wconf 92' lang='lat' dir='ltr'><strong>dubium</strong></span> <span class='ocrx_word' id='word_1_611' title='bbox 2518 3840 2648 3894; x_wconf 83' lang='lat' dir='ltr'><strong>facit</strong></span> <span class='ocrx_word' id='word_1_612' title='bbox 2692 3839 3025 3908; x_wconf 85' lang='lat' dir='ltr'><strong>scriptorum</strong></span> <span class='ocrx_word' id='word_1_613' title='bbox 3069 3835 3364 3892; x_wconf 86' lang='lat' dir='ltr'><strong>dissensio.</strong></span> <span class='ocrx_word' id='word_1_614' title='bbox 3399 3833 3628 3903; x_wconf 88' lang='lat' dir='ltr'><strong>Capito-</strong></span> 
     </span>
    </p>
   </div>
   <div class='ocr_carea' id='block_1_84' title="bbox 2047 3925 3629 4000">
    <p class='ocr_par' dir='ltr' id='par_1_84' title="bbox 2047 3925 3629 4000">
     <span class='ocr_line' id='line_1_84' title="bbox 2047 3925 3629 4000; baseline -0.007 -14"><span class='ocrx_word' id='word_1_615' title='bbox 2047 3934 2192 3988; x_wconf 91' lang='lat' dir='ltr'><strong>linus</strong></span> <span class='ocrx_word' id='word_1_616' title='bbox 2227 3933 2315 3995; x_wconf 76' lang='lat'><strong>&#39;70,</strong></span> <span class='ocrx_word' id='word_1_617' title='bbox 2360 3931 2548 3986; x_wconf 84' lang='lat' dir='ltr'><strong>Victor</strong></span> <span class='ocrx_word' id='word_1_618' title='bbox 2576 3932 2664 3994; x_wconf 74' lang='lat'><strong>7‘2,</strong></span> <span class='ocrx_word' id='word_1_619' title='bbox 2697 3947 2807 3986; x_wconf 94' lang='lat' dir='ltr'><strong>uno</strong></span> <span class='ocrx_word' id='word_1_620' title='bbox 2841 3931 3076 4000; x_wconf 91' lang='lat' dir='ltr'><strong>amplius</strong></span> <span class='ocrx_word' id='word_1_621' title='bbox 3117 3926 3420 3997; x_wconf 88' lang='lat' dir='ltr'><strong>Eutropius</strong></span> <span class='ocrx_word' id='word_1_622' title='bbox 3466 3925 3629 3977; x_wconf 82' lang='lat' dir='ltr'><strong>attri-</strong></span> 
     </span>
    </p>
   </div>
   <div class='ocr_carea' id='block_1_85' title="bbox 2046 4015 3626 4079">
    <p class='ocr_par' dir='ltr' id='par_1_85' title="bbox 2046 4015 3626 4079">
     <span class='ocr_line' id='line_1_85' title="bbox 2046 4015 3626 4079; baseline -0.008 0"><span class='ocrx_word' id='word_1_623' title='bbox 2046 4025 2221 4079; x_wconf 88' lang='lat' dir='ltr'><strong>buunt</strong></span> <span class='ocrx_word' id='word_1_624' title='bbox 2267 4024 2685 4078; x_wconf 86' lang='lat' dir='ltr'><strong>:Cassiodorus</strong></span> <span class='ocrx_word' id='word_1_625' title='bbox 2735 4023 2820 4076; x_wconf 87' lang='lat'><strong>77.</strong></span> <span class='ocrx_word' id='word_1_626' title='bbox 2856 4023 2937 4076; x_wconf 92' lang='lat' dir='ltr'><strong>Ab</strong></span> <span class='ocrx_word' id='word_1_627' title='bbox 2993 4035 3140 4075; x_wconf 88' lang='lat' dir='ltr'><strong>anno</strong></span> <span class='ocrx_word' id='word_1_628' title='bbox 3185 4018 3391 4074; x_wconf 89' lang='lat' dir='ltr'><strong>Christi</strong></span> <span class='ocrx_word' id='word_1_629' title='bbox 3439 4015 3509 4071; x_wconf 84' lang='lat'><strong>86</strong></span> <span class='ocrx_word' id='word_1_630' title='bbox 3560 4029 3626 4068; x_wconf 90' lang='lat' dir='ltr'><strong>ac</strong></span> 
     </span>
    </p>
   </div>
   <div class='ocr_carea' id='block_1_86' title="bbox 2045 4107 3627 4169">
    <p class='ocr_par' dir='ltr' id='par_1_86' title="bbox 2045 4107 3627 4169">
     <span class='ocr_line' id='line_1_86' title="bbox 2045 4107 3627 4169; baseline -0.004 -5"><span class='ocrx_word' id='word_1_631' title='bbox 2045 4127 2140 4165; x_wconf 85' lang='lat' dir='ltr'><strong>xm</strong></span> <span class='ocrx_word' id='word_1_632' title='bbox 2196 4110 2316 4165; x_wconf 79' lang='lat' dir='ltr'><strong>Kal.</strong></span> <span class='ocrx_word' id='word_1_633' title='bbox 2346 4113 2469 4166; x_wconf 77' lang='lat' dir='ltr'><strong>Oct.</strong></span> <span class='ocrx_word' id='word_1_634' title='bbox 2504 4112 2570 4166; x_wconf 87' lang='lat' dir='ltr'><strong>ad</strong></span> <span class='ocrx_word' id='word_1_635' title='bbox 2621 4110 2764 4167; x_wconf 84' lang='lat' dir='ltr'><strong>Non.</strong></span> <span class='ocrx_word' id='word_1_636' title='bbox 2801 4110 2980 4164; x_wconf 85' lang='lat' dir='ltr'><strong>Martii</strong></span> <span class='ocrx_word' id='word_1_637' title='bbox 3026 4109 3159 4163; x_wconf 90' lang='lat' dir='ltr'><strong>anni</strong></span> <span class='ocrx_word' id='word_1_638' title='bbox 3197 4108 3292 4161; x_wconf 85' lang='grc'><strong>161</strong></span> <span class='ocrx_word' id='word_1_639' title='bbox 3318 4146 3334 4169; x_wconf 89' lang='grc'><strong>,</strong></span> <span class='ocrx_word' id='word_1_640' title='bbox 3387 4107 3627 4160; x_wconf 87' lang='lat' dir='ltr'><strong>interce-</strong></span> 
     </span>
    </p>
   </div>
   <div class='ocr_carea' id='block_1_87' title="bbox 2044 4195 3627 4267">
    <p class='ocr_par' dir='ltr' id='par_1_87' title="bbox 2044 4195 3627 4267">
     <span class='ocr_line' id='line_1_87' title="bbox 2044 4195 3627 4267; baseline -0.006 -10"><span class='ocrx_word' id='word_1_641' title='bbox 2044 4202 2182 4257; x_wconf 88' lang='lat' dir='ltr'><strong>dunt</strong></span> <span class='ocrx_word' id='word_1_642' title='bbox 2215 4203 2345 4256; x_wconf 86' lang='lat' dir='ltr'><strong>anni</strong></span> <span class='ocrx_word' id='word_1_643' title='bbox 2373 4219 2561 4267; x_wconf 77' lang='lat' dir='ltr'><strong>Lxxw,</strong></span> <span class='ocrx_word' id='word_1_644' title='bbox 2585 4217 2804 4258; x_wconf 87' lang='lat' dir='ltr'><strong>menses</strong></span> <span class='ocrx_word' id='word_1_645' title='bbox 2831 4219 2884 4267; x_wconf 87' lang='lat' dir='ltr'><strong>v,</strong></span> <span class='ocrx_word' id='word_1_646' title='bbox 2910 4201 3026 4257; x_wconf 91' lang='lat' dir='ltr'><strong>dies</strong></span> <span class='ocrx_word' id='word_1_647' title='bbox 3059 4217 3171 4254; x_wconf 78' lang='lat' dir='ltr'><strong>xix.</strong></span> <span class='ocrx_word' id='word_1_648' title='bbox 3211 4197 3460 4252; x_wconf 89' lang='lat' dir='ltr'><strong>Totidem</strong></span> <span class='ocrx_word' id='word_1_649' title='bbox 3489 4195 3627 4250; x_wconf 84' lang='lat' dir='ltr'><strong>vixit</strong></span> 
     </span>
    </p>
   </div>
   <div class='ocr_carea' id='block_1_88' title="bbox 2043 4288 3617 4362">
    <p class='ocr_par' dir='ltr' id='par_1_88' title="bbox 2043 4288 3617 4362">
     <span class='ocr_line' id='line_1_88' title="bbox 2043 4288 3617 4362; baseline -0.005 -14"><span class='ocrx_word' id='word_1_650' title='bbox 2043 4295 2360 4352; x_wconf 81' lang='lat' dir='ltr'><strong>Antoninus</strong></span> <span class='ocrx_word' id='word_1_651' title='bbox 2409 4296 2564 4361; x_wconf 89' lang='lat' dir='ltr'><strong>Pius,</strong></span> <span class='ocrx_word' id='word_1_652' title='bbox 2600 4297 2670 4362; x_wconf 88' lang='lat' dir='ltr'><strong>si,</strong></span> <span class='ocrx_word' id='word_1_653' title='bbox 2723 4303 2787 4350; x_wconf 90' lang='lat' dir='ltr'><strong>ut</strong></span> <span class='ocrx_word' id='word_1_654' title='bbox 2815 4295 3054 4357; x_wconf 86' lang='lat' dir='ltr'><strong>videtur,</strong></span> <span class='ocrx_word' id='word_1_655' title='bbox 3091 4308 3237 4348; x_wconf 91' lang='lat' dir='ltr'><strong>anno</strong></span> <span class='ocrx_word' id='word_1_656' title='bbox 3279 4289 3480 4345; x_wconf 81' lang='lat' dir='ltr'><strong>Christi</strong></span> <span class='ocrx_word' id='word_1_657' title='bbox 3521 4288 3617 4342; x_wconf 89' lang='grc'><strong>161</strong></span> 
     </span>
    </p>
   </div>
   <div class='ocr_carea' id='block_1_89' title="bbox 2043 4381 3625 4450">
    <p class='ocr_par' dir='ltr' id='par_1_89' title="bbox 2043 4381 3625 4450">
     <span class='ocr_line' id='line_1_89' title="bbox 2043 4381 3625 4450; baseline -0.006 -7"><span class='ocrx_word' id='word_1_658' title='bbox 2043 4388 2368 4444; x_wconf 88' lang='lat' dir='ltr'><strong>decesserit.</strong></span> <span class='ocrx_word' id='word_1_659' title='bbox 2407 4386 2464 4442; x_wconf 89' lang='lat' dir='ltr'><strong>Si</strong></span> <span class='ocrx_word' id='word_1_660' title='bbox 2499 4404 2624 4442; x_wconf 92' lang='lat' dir='ltr'><strong>cum</strong></span> <span class='ocrx_word' id='word_1_661' title='bbox 2672 4389 2805 4443; x_wconf 91' lang='lat' dir='ltr'><strong>solis</strong></span> <span class='ocrx_word' id='word_1_662' title='bbox 2834 4386 3094 4441; x_wconf 89' lang='lat' dir='ltr'><strong>Antonini</strong></span> <span class='ocrx_word' id='word_1_663' title='bbox 3142 4384 3305 4438; x_wconf 90' lang='lat' dir='ltr'><strong>annis</strong></span> <span class='ocrx_word' id='word_1_664' title='bbox 3345 4381 3625 4450; x_wconf 77' lang='lat' dir='ltr'><strong>negotium</strong></span> 
     </span>
    </p>
   </div>
   <div class='ocr_carea' id='block_1_90' title="bbox 360 4473 3628 4590">
    <p class='ocr_par' dir='ltr' id='par_1_90' title="bbox 360 4473 3628 4590">
     <span class='ocr_line' id='line_1_90' title="bbox 360 4473 3628 4590; baseline -0.005 -18"><span class='ocrx_word' id='word_1_665' title='bbox 360 4473 812 4590; x_wconf 36' lang='lat' dir='ltr'><strong>gaianas}.</strong></span> <span class='ocrx_word' id='word_1_666' title='bbox 827 4473 1126 4581; x_wconf 15' lang='lat' dir='ltr'><strong>‘l‘iampag.</strong></span> <span class='ocrx_word' id='word_1_667' title='bbox 1149 4511 1274 4573; x_wconf 79' lang='lat'><strong>598,</strong></span> <span class='ocrx_word' id='word_1_668' title='bbox 1303 4525 1367 4564; x_wconf 87' lang='lat' dir='ltr'><strong>ex</strong></span> <span class='ocrx_word' id='word_1_669' title='bbox 1385 4473 1492 4563; x_wconf 83' lang='grc' dir='ltr'><strong>ιιοὲ</strong></span> <span class='ocrx_word' id='word_1_670' title='bbox 1504 4507 1788 4578; x_wconf 86' lang='lat' dir='ltr'><strong>Epiphanii</strong></span> <span class='ocrx_word' id='word_1_671' title='bbox 1819 4508 1938 4562; x_wconf 90' lang='lat' dir='ltr'><strong>loco</strong></span> <span class='ocrx_word' id='word_1_672' title='bbox 1978 4497 2017 4551; x_wconf 72' lang='grc' dir='ltr'><strong>Ι)</strong></span> <span class='ocrx_word' id='word_1_673' title='bbox 2046 4482 2204 4586; x_wconf 66' lang='grc' dir='ltr'><strong>ηυιξίε</strong></span> <span class='ocrx_word' id='word_1_674' title='bbox 2245 4488 2428 4544; x_wconf 60' lang='lat' dir='ltr'><strong>esse&quot;</strong></span> <span class='ocrx_word' id='word_1_675' title='bbox 2469 4481 2756 4582; x_wconf 66' lang='grc' dir='ltr'><strong>εοηείιίίπξ</strong></span> <span class='ocrx_word' id='word_1_676' title='bbox 2797 4487 3078 4582; x_wconf 48' lang='lat' dir='ltr'><strong>“Furtim</strong></span> <span class='ocrx_word' id='word_1_677' title='bbox 3113 4474 3409 4590; x_wconf 46' lang='grc' dir='ltr'><strong>Ριοιειξπεί.</strong></span> <span class='ocrx_word' id='word_1_678' title='bbox 3433 4473 3628 4590; x_wconf 57' lang='grc' dir='ltr'><strong>(ζωθξ-</strong></span> 
     </span>
    </p>
   </div>
   <div class='ocr_carea' id='block_1_91' title="bbox 359 4599 1942 4676">
    <p class='ocr_par' dir='ltr' id='par_1_91' title="bbox 359 4599 1942 4676">
     <span class='ocr_line' id='line_1_91' title="bbox 359 4599 1942 4676; baseline -0.007 -12"><span class='ocrx_word' id='word_1_679' title='bbox 359 4609 648 4666; x_wconf 85' lang='lat' dir='ltr'><strong>historiam</strong></span> <span class='ocrx_word' id='word_1_680' title='bbox 684 4605 893 4676; x_wconf 77' lang='lat' dir='ltr'><strong>Aquilae</strong></span> <span class='ocrx_word' id='word_1_681' title='bbox 938 4602 1181 4675; x_wconf 82' lang='lat' dir='ltr'><strong>pontifici</strong></span> <span class='ocrx_word' id='word_1_682' title='bbox 1218 4601 1500 4662; x_wconf 78' lang='lat' dir='ltr'><strong>referens,</strong></span> <span class='ocrx_word' id='word_1_683' title='bbox 1549 4599 1797 4665; x_wconf 80' lang='grc' dir='ltr'><strong>Ἀκύλας,</strong></span> <span class='ocrx_word' id='word_1_684' title='bbox 1858 4601 1942 4653; x_wconf 89' lang='lat' dir='ltr'><strong>in-</strong></span> 
     </span>
    </p>
   </div>
   <div class='ocr_carea' id='block_1_92' title="bbox 360 4691 1942 4774">
    <p class='ocr_par' dir='ltr' id='par_1_92' title="bbox 360 4691 1942 4774">
     <span class='ocr_line' id='line_1_92' title="bbox 360 4691 1942 4774; baseline -0.008 -18"><span class='ocrx_word' id='word_1_685' title='bbox 360 4700 500 4774; x_wconf 79' lang='lat' dir='ltr'><strong>quit,</strong></span> <span class='ocrx_word' id='word_1_686' title='bbox 534 4697 881 4769; x_wconf 76' lang='grc' dir='ltr'><strong>ὲγνωρὶζετο,</strong></span> <span class='ocrx_word' id='word_1_687' title='bbox 912 4696 972 4760; x_wconf 83' lang='grc' dir='ltr'><strong>ὃς</strong></span> <span class='ocrx_word' id='word_1_688' title='bbox 1004 4692 1071 4768; x_wconf 83' lang='grc' dir='ltr'><strong>ἦν</strong></span> <span class='ocrx_word' id='word_1_689' title='bbox 1114 4693 1377 4765; x_wconf 78' lang='grc' dir='ltr'>πενθερὸς</span> <span class='ocrx_word' id='word_1_690' title='bbox 1409 4691 1690 4763; x_wconf 82' lang='grc' dir='ltr'><strong>Ἀδριανοῦ</strong></span> <span class='ocrx_word' id='word_1_691' title='bbox 1717 4691 1810 4745; x_wconf 81' lang='grc' dir='ltr'><strong>τοῦ</strong></span> <span class='ocrx_word' id='word_1_692' title='bbox 1846 4691 1942 4763; x_wconf 79' lang='grc' dir='ltr'><strong>βα-</strong></span> 
     </span>
    </p>
   </div>
   <div class='ocr_carea' id='block_1_93' title="bbox 363 4781 1938 4856">
    <p class='ocr_par' dir='ltr' id='par_1_93' title="bbox 363 4781 1938 4856">
     <span class='ocr_line' id='line_1_93' title="bbox 363 4781 1938 4856; baseline -0.003 -13"><span class='ocrx_word' id='word_1_693' title='bbox 363 4787 575 4852; x_wconf 81' lang='grc' dir='ltr'><strong>σιλέως.</strong></span> <span class='ocrx_word' id='word_1_694' title='bbox 638 4786 712 4842; x_wconf 86' lang='lat' dir='ltr'><strong>De</strong></span> <span class='ocrx_word' id='word_1_695' title='bbox 757 4785 952 4855; x_wconf 91' lang='lat' dir='ltr'><strong>Aquila</strong></span> <span class='ocrx_word' id='word_1_696' title='bbox 997 4784 1203 4856; x_wconf 88' lang='lat' dir='ltr'><strong>passim</strong></span> <span class='ocrx_word' id='word_1_697' title='bbox 1241 4783 1491 4837; x_wconf 87' lang='lat' dir='ltr'><strong>meminit</strong></span> <span class='ocrx_word' id='word_1_698' title='bbox 1545 4781 1938 4854; x_wconf 84' lang='lat' dir='ltr'><strong>Hieronymus,</strong></span> 
     </span>
    </p>
   </div>
   <div class='ocr_carea' id='block_1_94' title="bbox 359 4873 1941 4952">
    <p class='ocr_par' dir='ltr' id='par_1_94' title="bbox 359 4873 1941 4952">
     <span class='ocr_line' id='line_1_94' title="bbox 359 4873 1941 4952; baseline -0.005 -16"><span class='ocrx_word' id='word_1_699' title='bbox 359 4879 665 4952; x_wconf 62' lang='lat' dir='ltr'><strong>praesertim</strong></span> <span class='ocrx_word' id='word_1_700' title='bbox 706 4878 955 4933; x_wconf 76' lang='lat' dir='ltr'><strong>adversus</strong></span> <span class='ocrx_word' id='word_1_701' title='bbox 1004 4875 1182 4945; x_wconf 82' lang='lat' dir='ltr'><strong>Ruﬁn.</strong></span> <span class='ocrx_word' id='word_1_702' title='bbox 1231 4873 1372 4944; x_wconf 86' lang='lat' dir='ltr'><strong>apol.</strong></span> <span class='ocrx_word' id='word_1_703' title='bbox 1411 4873 1466 4938; x_wconf 72' lang='lat'><strong>2,</strong></span> <span class='ocrx_word' id='word_1_704' title='bbox 1494 4882 1546 4930; x_wconf 91' lang='lat' dir='ltr'><strong>et</strong></span> <span class='ocrx_word' id='word_1_705' title='bbox 1592 4874 1720 4928; x_wconf 87' lang='lat' dir='ltr'><strong>alibi</strong></span> <span class='ocrx_word' id='word_1_706' title='bbox 1761 4890 1941 4944; x_wconf 89' lang='lat' dir='ltr'><strong>prose-</strong></span> 
     </span>
    </p>
   </div>
   <div class='ocr_carea' id='block_1_95' title="bbox 361 4964 1941 5044">
    <p class='ocr_par' dir='ltr' id='par_1_95' title="bbox 361 4964 1941 5044">
     <span class='ocr_line' id='line_1_95' title="bbox 361 4964 1941 5044; baseline -0.007 -14"><span class='ocrx_word' id='word_1_707' title='bbox 361 4974 528 5044; x_wconf 82' lang='lat' dir='ltr'><strong>lytum</strong></span> <span class='ocrx_word' id='word_1_708' title='bbox 579 4971 1000 5036; x_wconf 82' lang='lat' dir='ltr'><strong>contentiosum,</strong></span> <span class='ocrx_word' id='word_1_709' title='bbox 1062 4977 1220 5038; x_wconf 89' lang='lat' dir='ltr'><strong>atque</strong></span> <span class='ocrx_word' id='word_1_710' title='bbox 1266 4964 1609 5038; x_wconf 78' lang='lat' dir='ltr'><strong>etymologias</strong></span> <span class='ocrx_word' id='word_1_711' title='bbox 1669 4967 1941 5020; x_wconf 84' lang='lat' dir='ltr'><strong>nominum</strong></span> 
     </span>
    </p>
   </div>
   <div class='ocr_carea' id='block_1_96' title="bbox 359 5058 1942 5136">
    <p class='ocr_par' dir='ltr' id='par_1_96' title="bbox 359 5058 1942 5136">
     <span class='ocr_line' id='line_1_96' title="bbox 359 5058 1942 5136; baseline -0.007 -17"><span class='ocrx_word' id='word_1_712' title='bbox 359 5073 780 5136; x_wconf 82' lang='lat' dir='ltr'><strong>persequentem,</strong></span> <span class='ocrx_word' id='word_1_713' title='bbox 816 5062 951 5116; x_wconf 90' lang='lat' dir='ltr'><strong>alias</strong></span> <span class='ocrx_word' id='word_1_714' title='bbox 995 5059 1334 5130; x_wconf 84' lang='lat' dir='ltr'><strong>diligentem,</strong></span> <span class='ocrx_word' id='word_1_715' title='bbox 1369 5068 1418 5113; x_wconf 91' lang='lat' dir='ltr'><strong>et</strong></span> <span class='ocrx_word' id='word_1_716' title='bbox 1464 5060 1728 5113; x_wconf 88' lang='lat' dir='ltr'><strong>curiosum</strong></span> <span class='ocrx_word' id='word_1_717' title='bbox 1777 5058 1942 5110; x_wconf 85' lang='lat' dir='ltr'><strong>inter-</strong></span> 
     </span>
    </p>
   </div>
   <div class='ocr_carea' id='block_1_97' title="bbox 359 5145 1942 5228">
    <p class='ocr_par' dir='ltr' id='par_1_97' title="bbox 359 5145 1942 5228">
     <span class='ocr_line' id='line_1_97' title="bbox 359 5145 1942 5228; baseline -0.008 -18"><span class='ocrx_word' id='word_1_718' title='bbox 359 5166 557 5228; x_wconf 74' lang='lat' dir='ltr'><strong>pretem</strong></span> <span class='ocrx_word' id='word_1_719' title='bbox 578 5163 754 5211; x_wconf 84' lang='lat' dir='ltr'><strong>vocat.</strong></span> <span class='ocrx_word' id='word_1_720' title='bbox 778 5153 842 5206; x_wconf 88' lang='lat' dir='ltr'><strong>Et</strong></span> <span class='ocrx_word' id='word_1_721' title='bbox 863 5153 916 5207; x_wconf 91' lang='lat' dir='ltr'><strong>in</strong></span> <span class='ocrx_word' id='word_1_722' title='bbox 945 5166 1065 5222; x_wconf 86' lang='lat' dir='ltr'><strong>cap.</strong></span> <span class='ocrx_word' id='word_1_723' title='bbox 1093 5166 1187 5205; x_wconf 88' lang='lat' dir='ltr'><strong>vm</strong></span> <span class='ocrx_word' id='word_1_724' title='bbox 1237 5151 1389 5205; x_wconf 79' lang='lat' dir='ltr'><strong>Isaia:</strong></span> <span class='ocrx_word' id='word_1_725' title='bbox 1417 5149 1801 5204; x_wconf 86' lang='lat' dir='ltr'><strong>nonnullorum</strong></span> <span class='ocrx_word' id='word_1_726' title='bbox 1825 5145 1942 5215; x_wconf 84' lang='lat' dir='ltr'><strong>opi-</strong></span> 
     </span>
    </p>
   </div>
   <div class='ocr_carea' id='block_1_98' title="bbox 360 5238 1939 5316">
    <p class='ocr_par' dir='ltr' id='par_1_98' title="bbox 360 5238 1939 5316">
     <span class='ocr_line' id='line_1_98' title="bbox 360 5238 1939 5316; baseline -0.009 -11"><span class='ocrx_word' id='word_1_727' title='bbox 360 5250 526 5306; x_wconf 86' lang='lat' dir='ltr'><strong>nione</strong></span> <span class='ocrx_word' id='word_1_728' title='bbox 575 5245 908 5316; x_wconf 90' lang='lat' dir='ltr'><strong>discipulum</strong></span> <span class='ocrx_word' id='word_1_729' title='bbox 959 5244 1107 5298; x_wconf 87' lang='lat' dir='ltr'><strong>hunc</strong></span> <span class='ocrx_word' id='word_1_730' title='bbox 1137 5243 1322 5298; x_wconf 74' lang='lat' dir='ltr'><strong>Altibze</strong></span> <span class='ocrx_word' id='word_1_731' title='bbox 1370 5242 1539 5296; x_wconf 88' lang='lat' dir='ltr'><strong>fuisse</strong></span> <span class='ocrx_word' id='word_1_732' title='bbox 1573 5238 1786 5300; x_wconf 85' lang='lat' dir='ltr'><strong>scribit,</strong></span> <span class='ocrx_word' id='word_1_733' title='bbox 1830 5253 1939 5292; x_wconf 93' lang='lat' dir='ltr'><strong>non</strong></span> 
     </span>
    </p>
   </div>
   <div class='ocr_carea' id='block_1_99' title="bbox 358 5329 1939 5407">
    <p class='ocr_par' dir='ltr' id='par_1_99' title="bbox 358 5329 1939 5407">
     <span class='ocr_line' id='line_1_99' title="bbox 358 5329 1939 5407; baseline -0.011 -9"><span class='ocrx_word' id='word_1_734' title='bbox 358 5351 542 5398; x_wconf 87' lang='lat' dir='ltr'><strong>tamen</strong></span> <span class='ocrx_word' id='word_1_735' title='bbox 573 5338 774 5394; x_wconf 79' lang='lat' dir='ltr'><strong>Christi</strong></span> <span class='ocrx_word' id='word_1_736' title='bbox 805 5346 1049 5407; x_wconf 88' lang='lat' dir='ltr'><strong>tempora</strong></span> <span class='ocrx_word' id='word_1_737' title='bbox 1087 5336 1451 5392; x_wconf 88' lang='lat' dir='ltr'><strong>antecessisse</strong></span> <span class='ocrx_word' id='word_1_738' title='bbox 1473 5330 1763 5400; x_wconf 78' lang='lat' dir='ltr'><strong>significat,</strong></span> <span class='ocrx_word' id='word_1_739' title='bbox 1792 5329 1939 5400; x_wconf 81' lang='lat' dir='ltr'><strong>quod</strong></span> 
     </span>
    </p>
   </div>
   <div class='ocr_carea' id='block_1_100' title="bbox 353 5425 1656 5500">
    <p class='ocr_par' dir='ltr' id='par_1_100' title="bbox 353 5425 1656 5500">
     <span class='ocr_line' id='line_1_100' title="bbox 353 5425 1656 5500; baseline -0.005 -17"><span class='ocrx_word' id='word_1_740' title='bbox 353 5439 426 5488; x_wconf 81' lang='lat' dir='ltr'><strong>ex</strong></span> <span class='ocrx_word' id='word_1_741' title='bbox 452 5426 762 5500; x_wconf 82' lang='lat' dir='ltr'><strong>Hieronymi</strong></span> <span class='ocrx_word' id='word_1_742' title='bbox 789 5427 910 5482; x_wconf 90' lang='lat' dir='ltr'><strong>loco</strong></span> <span class='ocrx_word' id='word_1_743' title='bbox 943 5425 1040 5481; x_wconf 85' lang='lat' dir='ltr'><strong>illo</strong></span> <span class='ocrx_word' id='word_1_744' title='bbox 1067 5425 1291 5497; x_wconf 87' lang='lat' dir='ltr'><strong>quidam</strong></span> <span class='ocrx_word' id='word_1_745' title='bbox 1323 5431 1656 5478; x_wconf 85' lang='lat' dir='ltr'><strong>asseverant.</strong></span> 
     </span>
    </p>
   </div>
   <div class='ocr_carea' id='block_1_101' title="bbox 426 5531 1938 5614">
    <p class='ocr_par' dir='ltr' id='par_1_101' title="bbox 426 5531 1938 5614">
     <span class='ocr_line' id='line_1_101' title="bbox 426 5531 1938 5614; baseline -0.011 -11"><span class='ocrx_word' id='word_1_746' title='bbox 426 5545 536 5603; x_wconf 77' lang='lat' dir='ltr'><strong>Kal</strong></span> <span class='ocrx_word' id='word_1_747' title='bbox 564 5544 718 5599; x_wconf 76' lang='grc' dir='ltr'><strong>ἑπτὰ</strong></span> <span class='ocrx_word' id='word_1_748' title='bbox 747 5540 1112 5614; x_wconf 74' lang='grc' dir='ltr'><strong>συναγωγαί.</strong></span> <span class='ocrx_word' id='word_1_749' title='bbox 1144 5538 1221 5593; x_wconf 90' lang='lat' dir='ltr'><strong>De</strong></span> <span class='ocrx_word' id='word_1_750' title='bbox 1253 5539 1321 5594; x_wconf 92' lang='lat' dir='ltr'><strong>iis</strong></span> <span class='ocrx_word' id='word_1_751' title='bbox 1351 5535 1501 5605; x_wconf 91' lang='lat' dir='ltr'><strong>loqui</strong></span> <span class='ocrx_word' id='word_1_752' title='bbox 1533 5534 1748 5588; x_wconf 73' lang='lat' dir='ltr'><strong>vidttur</strong></span> <span class='ocrx_word' id='word_1_753' title='bbox 1766 5531 1938 5603; x_wconf 87' lang='lat' dir='ltr'><strong>Opta-</strong></span> 
     </span>
    </p>
   </div>
   <div class='ocr_carea' id='block_1_102' title="bbox 366 5623 1936 5700">
    <p class='ocr_par' dir='ltr' id='par_1_102' title="bbox 366 5623 1936 5700">
     <span class='ocr_line' id='line_1_102' title="bbox 366 5623 1936 5700; baseline -0.012 -4"><span class='ocrx_word' id='word_1_754' title='bbox 366 5647 450 5696; x_wconf 72' lang='grc' dir='ltr'><strong>ιιι</strong></span> <span class='ocrx_word' id='word_1_755' title='bbox 487 5636 708 5692; x_wconf 73' lang='grc' dir='ltr'><strong>Μίιθνίι.</strong></span> <span class='ocrx_word' id='word_1_756' title='bbox 746 5634 842 5690; x_wconf 92' lang='lat' dir='ltr'><strong>lib.</strong></span> <span class='ocrx_word' id='word_1_757' title='bbox 886 5647 971 5700; x_wconf 87' lang='grc' dir='ltr'>ιιι,</span> <span class='ocrx_word' id='word_1_758' title='bbox 1005 5632 1098 5686; x_wconf 92' lang='lat' dir='ltr'><strong>ubi</strong></span> <span class='ocrx_word' id='word_1_759' title='bbox 1123 5630 1190 5685; x_wconf 92' lang='lat' dir='ltr'><strong>de</strong></span> <span class='ocrx_word' id='word_1_760' title='bbox 1226 5630 1357 5684; x_wconf 87' lang='lat' dir='ltr'><strong>Sion</strong></span> <span class='ocrx_word' id='word_1_761' title='bbox 1403 5642 1609 5697; x_wconf 83' lang='lat' dir='ltr'><strong>agens:</strong></span> <span class='ocrx_word' id='word_1_762' title='bbox 1662 5623 1727 5679; x_wconf 85' lang='lat' dir='ltr'><strong>In</strong></span> <span class='ocrx_word' id='word_1_763' title='bbox 1761 5624 1936 5694; x_wconf 82' lang='lat' dir='ltr'><strong>cujus,</strong></span> 
     </span>
    </p>
   </div>
   <div class='ocr_carea' id='block_1_103' title="bbox 356 5718 1938 5799">
    <p class='ocr_par' dir='ltr' id='par_1_103' title="bbox 356 5718 1938 5799">
     <span class='ocr_line' id='line_1_103' title="bbox 356 5718 1938 5799; baseline -0.011 -12"><span class='ocrx_word' id='word_1_764' title='bbox 356 5729 559 5799; x_wconf 86' lang='lat' dir='ltr'><strong>inquit,</strong></span> <span class='ocrx_word' id='word_1_765' title='bbox 591 5727 776 5782; x_wconf 74' lang='lat' dir='ltr'><strong>uertice</strong></span> <span class='ocrx_word' id='word_1_766' title='bbox 803 5733 880 5781; x_wconf 90' lang='lat' dir='ltr'><strong>est</strong></span> <span class='ocrx_word' id='word_1_767' title='bbox 907 5739 1011 5777; x_wconf 84' lang='lat' dir='ltr'><strong>non</strong></span> <span class='ocrx_word' id='word_1_768' title='bbox 1037 5737 1226 5792; x_wconf 81' lang='lat' dir='ltr'><strong>magna</strong></span> <span class='ocrx_word' id='word_1_769' title='bbox 1271 5719 1559 5788; x_wconf 84' lang='lat' dir='ltr'><strong>planities;</strong></span> <span class='ocrx_word' id='word_1_770' title='bbox 1593 5719 1682 5772; x_wconf 87' lang='lat' dir='ltr'><strong>ubi</strong></span> <span class='ocrx_word' id='word_1_771' title='bbox 1724 5718 1938 5787; x_wconf 76' lang='lat' dir='ltr'><strong>fuerunt</strong></span> 
     </span>
    </p>
   </div>
   <div class='ocr_carea' id='block_1_104' title="bbox 2043 4569 3623 4640">
    <p class='ocr_par' dir='ltr' id='par_1_104' title="bbox 2043 4569 3623 4640">
     <span class='ocr_line' id='line_1_104' title="bbox 2043 4569 3623 4640; baseline -0.008 -13"><span class='ocrx_word' id='word_1_772' title='bbox 2043 4575 2291 4627; x_wconf 87' lang='lat' dir='ltr'><strong>vationes</strong></span> <span class='ocrx_word' id='word_1_773' title='bbox 2319 4587 2444 4626; x_wconf 90' lang='lat' dir='ltr'><strong>cum</strong></span> <span class='ocrx_word' id='word_1_774' title='bbox 2479 4571 2758 4627; x_wconf 90' lang='lat' dir='ltr'><strong>communi</strong></span> <span class='ocrx_word' id='word_1_775' title='bbox 2787 4569 3046 4640; x_wconf 89' lang='lat' dir='ltr'><strong>opinione</strong></span> <span class='ocrx_word' id='word_1_776' title='bbox 3076 4572 3322 4637; x_wconf 85' lang='lat' dir='ltr'><strong>possent,</strong></span> <span class='ocrx_word' id='word_1_777' title='bbox 3355 4571 3414 4617; x_wconf 90' lang='lat' dir='ltr'><strong>ut</strong></span> <span class='ocrx_word' id='word_1_778' title='bbox 3447 4577 3623 4616; x_wconf 85' lang='lat' dir='ltr'><strong>anno-</strong></span> 
     </span>
    </p>
   </div>
   <div class='ocr_carea' id='block_1_105' title="bbox 2042 4651 3626 4726">
    <p class='ocr_par' dir='ltr' id='par_1_105' title="bbox 2042 4651 3626 4726">
     <span class='ocr_line' id='line_1_105' title="bbox 2042 4651 3626 4726; baseline -0.007 -10"><span class='ocrx_word' id='word_1_779' title='bbox 2042 4677 2167 4716; x_wconf 90' lang='lat' dir='ltr'><strong>rum</strong></span> <span class='ocrx_word' id='word_1_780' title='bbox 2200 4661 2416 4715; x_wconf 92' lang='lat' dir='ltr'><strong>initium</strong></span> <span class='ocrx_word' id='word_1_781' title='bbox 2451 4661 2522 4715; x_wconf 91' lang='lat' dir='ltr'><strong>ab</strong></span> <span class='ocrx_word' id='word_1_782' title='bbox 2564 4658 2925 4714; x_wconf 88' lang='lat' dir='ltr'><strong>antecedente</strong></span> <span class='ocrx_word' id='word_1_783' title='bbox 2959 4653 3289 4726; x_wconf 63' lang='lat' dir='ltr'><strong>fneomenia,</strong></span> <span class='ocrx_word' id='word_1_784' title='bbox 3330 4651 3509 4706; x_wconf 82' lang='lat' dir='ltr'><strong>&#39;l‘hoth</strong></span> <span class='ocrx_word' id='word_1_785' title='bbox 3540 4665 3626 4705; x_wconf 88' lang='lat' dir='ltr'><strong>re-</strong></span> 
     </span>
    </p>
   </div>
   <div class='ocr_carea' id='block_1_106' title="bbox 2042 4741 3623 4822">
    <p class='ocr_par' dir='ltr' id='par_1_106' title="bbox 2042 4741 3623 4822">
     <span class='ocr_line' id='line_1_106' title="bbox 2042 4741 3623 4822; baseline -0.008 -14"><span class='ocrx_word' id='word_1_786' title='bbox 2042 4753 2150 4822; x_wconf 91' lang='lat' dir='ltr'><strong>peti</strong></span> <span class='ocrx_word' id='word_1_787' title='bbox 2177 4754 2246 4808; x_wconf 90' lang='lat' dir='ltr'><strong>ab</strong></span> <span class='ocrx_word' id='word_1_788' title='bbox 2275 4753 2370 4807; x_wconf 91' lang='lat' dir='ltr'><strong>illo</strong></span> <span class='ocrx_word' id='word_1_789' title='bbox 2399 4753 2731 4808; x_wconf 89' lang='lat' dir='ltr'><strong>diceremus.</strong></span> <span class='ocrx_word' id='word_1_790' title='bbox 2751 4747 3221 4816; x_wconf 88' lang='lat' dir='ltr'><strong>Quemadmodum</strong></span> <span class='ocrx_word' id='word_1_791' title='bbox 3243 4744 3388 4800; x_wconf 90' lang='lat' dir='ltr'><strong>enim</strong></span> <span class='ocrx_word' id='word_1_792' title='bbox 3411 4741 3623 4800; x_wconf 63' lang='lat' dir='ltr'><strong>Hebraei</strong></span> 
     </span>
    </p>
   </div>
   <div class='ocr_carea' id='block_1_107' title="bbox 2045 4836 3625 4907">
    <p class='ocr_par' dir='ltr' id='par_1_107' title="bbox 2045 4836 3625 4907">
     <span class='ocr_line' id='line_1_107' title="bbox 2045 4836 3625 4907; baseline -0.006 -7"><span class='ocrx_word' id='word_1_793' title='bbox 2045 4846 2098 4900; x_wconf 92' lang='lat' dir='ltr'><strong>in</strong></span> <span class='ocrx_word' id='word_1_794' title='bbox 2137 4845 2397 4899; x_wconf 82' lang='lat' dir='ltr'><strong>Tractatu</strong></span> <span class='ocrx_word' id='word_1_795' title='bbox 2448 4844 2552 4900; x_wconf 82' lang='lat' dir='ltr'><strong>Ros</strong></span> <span class='ocrx_word' id='word_1_796' title='bbox 2586 4846 2823 4899; x_wconf 79' lang='lat' dir='ltr'><strong>hassana</strong></span> <span class='ocrx_word' id='word_1_797' title='bbox 2853 4843 3075 4906; x_wconf 90' lang='lat' dir='ltr'><strong>docent,</strong></span> <span class='ocrx_word' id='word_1_798' title='bbox 3112 4855 3239 4895; x_wconf 90' lang='lat' dir='ltr'><strong>cum</strong></span> <span class='ocrx_word' id='word_1_799' title='bbox 3277 4854 3373 4893; x_wconf 87' lang='lat' dir='ltr'><strong>rex</strong></span> <span class='ocrx_word' id='word_1_800' title='bbox 3424 4836 3625 4907; x_wconf 84' lang='lat' dir='ltr'><strong>aliquis</strong></span> 
     </span>
    </p>
   </div>
   <div class='ocr_carea' id='block_1_108' title="bbox 2019 4927 3627 5004">
    <p class='ocr_par' dir='ltr' id='par_1_108' title="bbox 2019 4927 3627 5004">
     <span class='ocr_line' id='line_1_108' title="bbox 2019 4927 3627 5004; baseline -0.005 -18"><span class='ocrx_word' id='word_1_801' title='bbox 2019 4943 2325 5004; x_wconf 86' lang='lat' dir='ltr'><strong>&#39;postremo</strong></span> <span class='ocrx_word' id='word_1_802' title='bbox 2375 4949 2582 5000; x_wconf 84' lang='lat' dir='ltr'><strong>mense,</strong></span> <span class='ocrx_word' id='word_1_803' title='bbox 2615 4935 2862 5003; x_wconf 89' lang='lat' dir='ltr'><strong>adeoque</strong></span> <span class='ocrx_word' id='word_1_804' title='bbox 2906 4932 3101 4988; x_wconf 89' lang='lat' dir='ltr'><strong>ultimo</strong></span> <span class='ocrx_word' id='word_1_805' title='bbox 3137 4929 3224 4984; x_wconf 91' lang='lat' dir='ltr'><strong>die</strong></span> <span class='ocrx_word' id='word_1_806' title='bbox 3266 4927 3414 4982; x_wconf 89' lang='lat' dir='ltr'><strong>Adar</strong></span> <span class='ocrx_word' id='word_1_807' title='bbox 3450 4927 3627 4997; x_wconf 84' lang='lat' dir='ltr'><strong>impe-</strong></span> 
     </span>
    </p>
   </div>
   <div class='ocr_carea' id='block_1_109' title="bbox 2043 5021 3626 5096">
    <p class='ocr_par' dir='ltr' id='par_1_109' title="bbox 2043 5021 3626 5096">
     <span class='ocr_line' id='line_1_109' title="bbox 2043 5021 3626 5096; baseline -0.005 -16"><span class='ocrx_word' id='word_1_808' title='bbox 2043 5027 2186 5080; x_wconf 90' lang='lat' dir='ltr'><strong>rium</strong></span> <span class='ocrx_word' id='word_1_809' title='bbox 2212 5027 2476 5096; x_wconf 85' lang='lat' dir='ltr'><strong>capessit,</strong></span> <span class='ocrx_word' id='word_1_810' title='bbox 2525 5025 2578 5079; x_wconf 91' lang='lat' dir='ltr'><strong>in</strong></span> <span class='ocrx_word' id='word_1_811' title='bbox 2611 5026 2894 5081; x_wconf 81' lang='lat' dir='ltr'><strong>neomenia</strong></span> <span class='ocrx_word' id='word_1_812' title='bbox 2922 5023 3090 5080; x_wconf 86' lang='lat' dir='ltr'><strong>Nisan</strong></span> <span class='ocrx_word' id='word_1_813' title='bbox 3122 5021 3402 5092; x_wconf 85' lang='lat' dir='ltr'><strong>sequentis</strong></span> <span class='ocrx_word' id='word_1_814' title='bbox 3427 5035 3626 5076; x_wconf 78' lang='lat' dir='ltr'><strong>secun-</strong></span> 
     </span>
    </p>
   </div>
   <div class='ocr_carea' id='block_1_110' title="bbox 2041 5112 3621 5188">
    <p class='ocr_par' dir='ltr' id='par_1_110' title="bbox 2041 5112 3621 5188">
     <span class='ocr_line' id='line_1_110' title="bbox 2041 5112 3621 5188; baseline -0.007 -14"><span class='ocrx_word' id='word_1_815' title='bbox 2041 5119 2171 5174; x_wconf 92' lang='lat' dir='ltr'><strong>dum</strong></span> <span class='ocrx_word' id='word_1_816' title='bbox 2201 5118 2324 5186; x_wconf 88' lang='lat' dir='ltr'><strong>ejus</strong></span> <span class='ocrx_word' id='word_1_817' title='bbox 2357 5117 2571 5188; x_wconf 89' lang='lat' dir='ltr'><strong>imperii</strong></span> <span class='ocrx_word' id='word_1_818' title='bbox 2604 5133 2807 5173; x_wconf 83' lang='lat' dir='ltr'><strong>annum</strong></span> <span class='ocrx_word' id='word_1_819' title='bbox 2843 5117 3064 5188; x_wconf 83' lang='lat' dir='ltr'><strong>putari;</strong></span> <span class='ocrx_word' id='word_1_820' title='bbox 3105 5130 3214 5184; x_wconf 91' lang='lat' dir='ltr'><strong>quo</strong></span> <span class='ocrx_word' id='word_1_821' title='bbox 3251 5114 3366 5168; x_wconf 83' lang='lat' dir='ltr'><strong>haec</strong></span> <span class='ocrx_word' id='word_1_822' title='bbox 3404 5112 3621 5166; x_wconf 89' lang='lat' dir='ltr'><strong>illorum</strong></span> 
     </span>
    </p>
   </div>
   <div class='ocr_carea' id='block_1_111' title="bbox 2042 5202 3624 5280">
    <p class='ocr_par' dir='ltr' id='par_1_111' title="bbox 2042 5202 3624 5280">
     <span class='ocr_line' id='line_1_111' title="bbox 2042 5202 3624 5280; baseline -0.007 -13"><span class='ocrx_word' id='word_1_823' title='bbox 2042 5211 2315 5267; x_wconf 91' lang='lat' dir='ltr'><strong>sententia</strong></span> <span class='ocrx_word' id='word_1_824' title='bbox 2374 5211 2640 5280; x_wconf 90' lang='lat' dir='ltr'><strong>pertinet,</strong></span> <span class='ocrx_word' id='word_1_825' title='bbox 2693 5226 2857 5280; x_wconf 92' lang='lat' dir='ltr'><strong>quam</strong></span> <span class='ocrx_word' id='word_1_826' title='bbox 2908 5211 3078 5264; x_wconf 88' lang='lat' dir='ltr'><strong>refert</strong></span> <span class='ocrx_word' id='word_1_827' title='bbox 3125 5206 3276 5261; x_wconf 91' lang='lat' dir='ltr'><strong>Aben</strong></span> <span class='ocrx_word' id='word_1_828' title='bbox 3329 5203 3502 5259; x_wconf 86' lang='lat' dir='ltr'><strong>Hezra</strong></span> <span class='ocrx_word' id='word_1_829' title='bbox 3553 5202 3624 5257; x_wconf 87' lang='lat' dir='ltr'><strong>ad</strong></span> 
     </span>
    </p>
   </div>
   <div class='ocr_carea' id='block_1_112' title="bbox 2041 5290 3624 5373">
    <p class='ocr_par' dir='ltr' id='par_1_112' title="bbox 2041 5290 3624 5373">
     <span class='ocr_line' id='line_1_112' title="bbox 2041 5290 3624 5373; baseline -0.006 -15"><span class='ocrx_word' id='word_1_830' title='bbox 2041 5317 2161 5373; x_wconf 89' lang='lat' dir='ltr'><strong>cap.</strong></span> <span class='ocrx_word' id='word_1_831' title='bbox 2198 5305 2218 5356; x_wconf 90' lang='lat' dir='ltr'><strong>l</strong></span> <span class='ocrx_word' id='word_1_832' title='bbox 2256 5300 2391 5357; x_wconf 86' lang='lat' dir='ltr'><strong>Dan.</strong></span> <span class='ocrx_word' id='word_1_833' title='bbox 2421 5311 2540 5361; x_wconf 68' lang='lat' dir='ltr'><strong>nm?</strong></span> <span class='ocrx_word' id='word_1_834' title='bbox 2565 5311 2715 5361; x_wconf 62' lang='grc' dir='ltr'><strong>επακ-ι</strong></span> <span class='ocrx_word' id='word_1_835' title='bbox 2740 5307 2896 5360; x_wconf 64' lang='lat' dir='ltr'><strong>nam</strong></span> <span class='ocrx_word' id='word_1_836' title='bbox 2915 5311 3030 5360; x_wconf 60' lang='grc' dir='ltr'><strong>ἰηκ</strong></span> <span class='ocrx_word' id='word_1_837' title='bbox 3059 5307 3146 5358; x_wconf 66' lang='grc' dir='ltr'>ωτι</span> <span class='ocrx_word' id='word_1_838' title='bbox 3184 5297 3304 5352; x_wconf 90' lang='lat' dir='ltr'><strong>Dies</strong></span> <span class='ocrx_word' id='word_1_839' title='bbox 3340 5290 3435 5366; x_wconf 81' lang='lat' dir='ltr'><strong>pro</strong></span> <span class='ocrx_word' id='word_1_840' title='bbox 3484 5310 3624 5348; x_wconf 81' lang='lat' dir='ltr'><strong>anno</strong></span> 
     </span>
    </p>
   </div>
   <div class='ocr_carea' id='block_1_113' title="bbox 2041 5386 3622 5464">
    <p class='ocr_par' dir='ltr' id='par_1_113' title="bbox 2041 5386 3622 5464">
     <span class='ocr_line' id='line_1_113' title="bbox 2041 5386 3622 5464; baseline -0.006 -15"><span class='ocrx_word' id='word_1_841' title='bbox 2041 5402 2424 5464; x_wconf 84' lang='lat' dir='ltr'><strong>computatur;</strong></span> <span class='ocrx_word' id='word_1_842' title='bbox 2457 5394 2717 5464; x_wconf 86' lang='lat' dir='ltr'><strong>quoniam</strong></span> <span class='ocrx_word' id='word_1_843' title='bbox 2751 5393 2818 5446; x_wconf 88' lang='lat' dir='ltr'><strong>ab</strong></span> <span class='ocrx_word' id='word_1_844' title='bbox 2865 5391 3222 5447; x_wconf 83' lang='lat' dir='ltr'><strong>antecedente</strong></span> <span class='ocrx_word' id='word_1_845' title='bbox 3275 5387 3443 5444; x_wconf 84' lang='lat' dir='ltr'><strong>Nisan</strong></span> <span class='ocrx_word' id='word_1_846' title='bbox 3492 5386 3622 5441; x_wconf 84' lang='lat' dir='ltr'><strong>anni</strong></span> 
     </span>
    </p>
   </div>
   <div class='ocr_carea' id='block_1_114' title="bbox 2041 5479 3624 5561">
    <p class='ocr_par' dir='ltr' id='par_1_114' title="bbox 2041 5479 3624 5561">
     <span class='ocr_line' id='line_1_114' title="bbox 2041 5479 3624 5561; baseline -0.007 -16"><span class='ocrx_word' id='word_1_847' title='bbox 2041 5491 2346 5561; x_wconf 87' lang='lat' dir='ltr'><strong>superioris</strong></span> <span class='ocrx_word' id='word_1_848' title='bbox 2388 5488 2675 5544; x_wconf 85' lang='lat' dir='ltr'><strong>exordium</strong></span> <span class='ocrx_word' id='word_1_849' title='bbox 2727 5486 3040 5542; x_wconf 88' lang='lat' dir='ltr'><strong>deducitur.</strong></span> <span class='ocrx_word' id='word_1_850' title='bbox 3101 5483 3174 5537; x_wconf 89' lang='lat' dir='ltr'><strong>Ita</strong></span> <span class='ocrx_word' id='word_1_851' title='bbox 3221 5498 3332 5538; x_wconf 89' lang='lat' dir='ltr'><strong>non</strong></span> <span class='ocrx_word' id='word_1_852' title='bbox 3385 5479 3624 5534; x_wconf 90' lang='lat' dir='ltr'><strong>absurde</strong></span> 
     </span>
    </p>
   </div>
   <div class='ocr_carea' id='block_1_115' title="bbox 2043 5575 3619 5651">
    <p class='ocr_par' dir='ltr' id='par_1_115' title="bbox 2043 5575 3619 5651">
     <span class='ocr_line' id='line_1_115' title="bbox 2043 5575 3619 5651; baseline -0.01 -15"><span class='ocrx_word' id='word_1_853' title='bbox 2043 5583 2295 5638; x_wconf 85' lang='lat' dir='ltr'><strong>fortassis</strong></span> <span class='ocrx_word' id='word_1_854' title='bbox 2342 5580 2650 5636; x_wconf 86' lang='lat' dir='ltr'><strong>existimari</strong></span> <span class='ocrx_word' id='word_1_855' title='bbox 2702 5588 2936 5651; x_wconf 82' lang='lat' dir='ltr'><strong>posset;</strong></span> <span class='ocrx_word' id='word_1_856' title='bbox 2970 5575 3319 5631; x_wconf 70' lang='lat' dir='ltr'><strong>Ptolemaeum</strong></span> <span class='ocrx_word' id='word_1_857' title='bbox 3381 5585 3619 5634; x_wconf 85' lang='lat' dir='ltr'><strong>annum,</strong></span> 
     </span>
    </p>
   </div>
   <div class='ocr_carea' id='block_1_116' title="bbox 2040 5659 3624 5743">
    <p class='ocr_par' dir='ltr' id='par_1_116' title="bbox 2040 5659 3624 5743">
     <span class='ocr_line' id='line_1_116' title="bbox 2040 5659 3624 5743; baseline -0.01 -15"><span class='ocrx_word' id='word_1_858' title='bbox 2040 5671 2275 5743; x_wconf 84' lang='lat' dir='ltr'><strong>exempli</strong></span> <span class='ocrx_word' id='word_1_859' title='bbox 2307 5685 2504 5735; x_wconf 88' lang='lat' dir='ltr'><strong>causa,</strong></span> <span class='ocrx_word' id='word_1_860' title='bbox 2557 5660 2858 5726; x_wconf 74' lang='lat' dir='ltr'><strong>secundum</strong></span> <span class='ocrx_word' id='word_1_861' title='bbox 2892 5666 3177 5730; x_wconf 87' lang='lat' dir='ltr'><strong>Antonini,</strong></span> <span class='ocrx_word' id='word_1_862' title='bbox 3226 5664 3470 5732; x_wconf 89' lang='lat' dir='ltr'><strong>adeoque</strong></span> <span class='ocrx_word' id='word_1_863' title='bbox 3507 5659 3624 5730; x_wconf 85' lang='lat' dir='ltr'><strong>pri-</strong></span> 
     </span>
    </p>
   </div>
   <div class='ocr_carea' id='block_1_117' title="bbox 2041 5754 3622 5828">
    <p class='ocr_par' dir='ltr' id='par_1_117' title="bbox 2041 5754 3622 5828">
     <span class='ocr_line' id='line_1_117' title="bbox 2041 5754 3622 5828; baseline -0.011 -8"><span class='ocrx_word' id='word_1_864' title='bbox 2041 5781 2208 5820; x_wconf 89' lang='lat' dir='ltr'><strong>mum.</strong></span> <span class='ocrx_word' id='word_1_865' title='bbox 2246 5778 2273 5816; x_wconf 94' lang='lat' dir='ltr'><strong>a</strong></span> <span class='ocrx_word' id='word_1_866' title='bbox 2307 5761 2592 5818; x_wconf 84' lang='lat' dir='ltr'><strong>ncomenia</strong></span> <span class='ocrx_word' id='word_1_867' title='bbox 2634 5759 2811 5815; x_wconf 59' lang='lat' dir='ltr'><strong>&#39;l&#39;l&#39;oth</strong></span> <span class='ocrx_word' id='word_1_868' title='bbox 2834 5800 2848 5822; x_wconf 91' lang='lat'><strong>,</strong></span> <span class='ocrx_word' id='word_1_869' title='bbox 2882 5772 2999 5828; x_wconf 64' lang='lat' dir='ltr'><strong>quae</strong></span> <span class='ocrx_word' id='word_1_870' title='bbox 3030 5756 3294 5828; x_wconf 85' lang='lat' dir='ltr'><strong>epocham</strong></span> <span class='ocrx_word' id='word_1_871' title='bbox 3342 5754 3490 5808; x_wconf 84' lang='lat' dir='ltr'><strong>illius</strong></span> <span class='ocrx_word' id='word_1_872' title='bbox 3523 5764 3622 5804; x_wconf 80' lang='lat' dir='ltr'><strong>an-</strong></span> 
     </span>
    </p>
   </div>
  </div>
