3978 6220
359 394 463 449 5ῧὸ

1309 385 1397 439 DE
1429 384 1872 442 ROMANORUM
1916 386 2095 442 IMPP.
2139 390 2649 449 CllRONOLOGlA.

3501 407 3616 460 551

357 510 685 583 tegreditur,
721 507 1031 562 inchoasse.
1072 506 1247 562 Orsus
1290 518 1380 563 est
1442 509 1755 564 Antoninus
1793 524 1822 562 a
1875 525 1928 563 vt
1961 517 2005 572 Α
2036 511 2128 580 qui
2156 512 2359 567 biennii
2393 516 2782 589 προχρονισμῷ
2817 530 3065 587 peccant,
3097 523 3193 577 141
3230 524 3430 579 Christi
3464 542 3617 582 com-

356 604 434 659 Id.
462 600 596 665 Jul.,
638 600 753 653 sive
802 597 931 653 Julii
973 616 1034 663 x,
1072 614 1237 663 anno,
1269 607 1325 653 ut
1357 600 1515 669 vulgo
1547 610 1773 669 putant,
1806 600 1930 655 158.

355 678 649 748 Neomenia
679 688 858 743 Thoth
904 689 1095 742 eodem
1128 703 1272 742 anno
1311 690 1478 758 cmpit
1509 688 1641 743 Julii
1684 707 1776 753 xx,
1817 691 1934 747 die-

356 784 457 838 bus
486 783 553 835 ab
584 780 794 849 epocha
836 779 1099 833 Antonini
1136 795 1213 831 ΣΙ.
1256 778 1377 835 Dies
1408 780 1485 832 illi
1522 795 1597 844 xl,
1636 781 1765 849 quia
1800 796 1935 835 neo-

353 875 585 929 mcniam
622 872 803 926 Thoth
850 873 1196 943 prmcedunt,
1234 873 1363 927 anni
1406 873 1565 928 solidi
1615 874 1789 928 instar
1836 874 1934 929 ha-

355 961 744 1019 bentur.Unde
775 963 906 1017 Julii
926 980 995 1017 xx
1018 964 1237 1018 ineunte
1264 963 1443 1018 Τιιοιιι
1476 963 1932 1020 secundusAnto-

352 1057 460 1109 nini
495 1056 676 1125 putari
712 1055 956 1124 incipiet.
990 1056 1172 1119 Quare
1208 1056 1405 1108 mirum
1444 1070 1555 1109 non
1590 1064 1757 1119 esset,
1783 1055 1931 1125 quod

350 1162 378 1200 a
417 1146 709 1200 Ptolcmazo
760 1162 883 1200 eum
932 1161 998 1201 eo
1033 1161 1200 1209 anno,
1233 1148 1327 1216 qui
1374 1153 1458 1201 est
1493 1162 1673 1203 annus
1724 1144 1930 1203 Christi

351 1238 472 1300 158,
510 1237 827 1292 Decembris
862 1253 973 1300 xvr,
1024 1239 1303 1293 secundus
1341 1238 1604 1293 Antonini
1640 1255 1929 1311 compare-

350 1338 452 1383 tur.
491 1328 697 1383 Verum
741 1336 800 1383 ut
848 1330 960 1383 [me
999 1330 1317 1400 conjectura
1352 1333 1419 1385 ab
1460 1330 1719 1386 Antonini
1770 1334 1929 1389 annis

349 1433 694 1488 nequaquam
726 1420 1044 1485 abhorreat,
1073 1422 1298 1476 Adriani
1335 1424 1678 1493 temporibus
1707 1439 1927 1479 accom-

347 1510 556 1564 modari
584 1525 690 1564 non
733 1519 931 1581 potest.
969 1511 1145 1581 Hujus
1194 1514 1339 1567 cnim
1384 1515 1591 1583 epocha
1642 1516 1929 1570 neomenia

348 1601 525 1655 Thoth
569 1602 839 1680 posterior
860 1611 962 1667 est,
996 1619 1061 1657 ex
1090 1603 1152 1655 A.
1188 1602 1248 1658 D.
1280 1619 1330 1657 Iv
1368 1602 1446 1657 ld.
1475 1603 1640 1674 Aug.,
1674 1603 1788 1658 sive
1819 1606 1931 1657 Au-

345 1693 491 1762 gusti
516 1711 572 1758 x,
606 1710 753 1749 anno
790 1697 891 1749 117
928 1695 1288 1767 Dionysiano,
1322 1712 1431 1766 quo
1460 1698 1670 1766 primus
1702 1696 1926 1750 Adriani

339 1787 582 1855 cmpisse
618 1786 887 1841 creditur.
930 1787 1231 1842 Neomenia
1284 1786 1462 1841 Thoth
1504 1788 1755 1857 congruit
1799 1785 1928 1841 Julii

342 1888 466 1927 xxiv
493 1919 505 1938 ,
556 1876 751 1931 diebus
787 1883 914 1930 ante
964 1876 1191 1930 Adriani
1252 1877 1616 1946 primordium
1644 1894 1799 1933 xvtu.
1863 1877 1927 1932 Et
1961 1860 2001 1913 Β

345 1974 529 2018 tamen
581 1981 726 2019 anno
764 1966 971 2021 Christi
1030 1966 1153 2033 15:2,
1206 1966 1546 2037 Septembris
1597 1985 1754 2034 xxvi,
1811 1984 1926 2023 xvtt

345 2055 569 2109 Adriani
620 2057 966 2124 collocatur,
1025 2057 1491 2128 continuaturquc
1532 2059 1813 2129 sequenti,
1860 2059 1928 2113 ad

346 2144 471 2198 .ilaii
510 2161 583 2199 νι.
618 2146 760 2219 Ergo
784 2148 1017 2218 primus,
1056 2149 1170 2204 sive
1196 2164 1225 2201 a
1255 2148 1542 2206 neomenia
1567 2149 1769 2213 Thoth,
1814 2152 1931 2206 sive

342 2239 409 2290 ab
438 2239 653 2307 epocha
695 2239 815 2309 ipsa
868 2240 1280 2310 proficiscatur,
1323 2242 1492 2311 ccepit
1546 2258 1691 2297 anno
1723 2243 1929 2299 Christi

344 2330 484 2396 HG;
521 2331 969 2403 corrigendzeque
1009 2334 1377 2405 chronologic
1406 2350 1619 2400 omnes,
1648 2350 1769 2404 qua:
1800 2335 1930 2389 hac-

341 2432 509 2480 tenus
545 2426 597 2479 in
646 2427 747 2480 H7
791 2428 1163 2483 contulerunt.
1202 2428 1316 2482 lloc
1359 2442 1459 2498 ego
1494 2444 1602 2482 non
1636 2437 1743 2481 tam
1784 2428 1928 2482 affir-

344 2516 535 2570 mandi
567 2517 745 2587 gratia
782 2516 1039 2583 dixerim,
1073 2534 1239 2589 quam
1280 2528 1340 2573 ut
1373 2517 1555 2572 studia
1588 2518 1927 2573 eruditorum

342 2605 632 2659 hominum
680 2607 948 2672 excitem,
990 2617 1051 2661 ut
1090 2608 1137 2663 si
1167 2608 1299 2678 quid
1351 2608 1533 2677 aptius
1580 2608 1929 2673 occurrerit,

342 2696 582 2759 candide
630 2712 694 2752 ac
727 2698 961 2769 benigne
996 2699 1156 2755 nobis
1192 2700 1526 2769 impertiant.
1585 2700 1832 2770 Scaliger
1878 2701 1930 2755 in

340 2790 713 2844 Animal/vers.
749 2789 941 2845 Euseb.
984 2790 1053 2846 ad
1088 2793 1151 2846 A.
1183 2792 1349 2857 2154,
1384 2792 1647 2848 Antonini
1692 2795 1929 2864 primum

342 2897 406 2934 ex
459 2884 792 2938 auctoritate
843 2882 1136 2939 Censorini
1182 2883 1396 2939 confert
1428 2885 1480 2939 in
1524 2901 1648 2939 eum
1701 2900 1929 2947 annum,

343 2972 439 3039 qui
472 2986 616 3026 coss.
660 2972 853 3027 habuit
898 2972 1240 3027 Antoninum
1295 2972 1452 3028 Pium
1483 2973 1527 3026 ll
1580 2981 1635 3027 et
1662 2972 1931 3025 Bruttium

344 3059 709 3129 Praesentem;
744 3078 905 3132 quem
943 3065 1019 3118 ait
1043 3078 1162 3119 esse
1190 3064 1395 3120 Christi
1431 3064 1568 3131 158;
1604 3066 1754 3133 cujus
1782 3080 1930 3132 pars,

2039 607 2283 668 putatur.
2312 600 2385 656 De
2408 619 2515 672 qua
2544 620 2812 658 annorum
2840 611 3250 674 perturbatione
3282 616 3417 668 satis
3447 616 3615 671 multa

2037 691 2103 745 ad
2122 692 2253 746 baar.
2281 693 2338 747 51
2364 692 2619 750 diximus.
2640 695 2716 751 De
2739 699 2895 751 tertia
2916 697 3175 771 Scaligeri
3196 704 3620 761 hallucinationc

2038 799 2203 853 supra
2240 785 2575 849 monuimus,
2614 785 2745 840 dum
2784 803 2958 847 annos
2992 792 3238 850 Adriano
3274 797 3466 851 tribuit
3501 814 3616 864 xxi,

2036 892 2255 932 menses
2283 892 2360 937 XI,
2398 884 2453 931 et
2479 878 2596 947 ejus
2622 887 2801 936 tamen
2835 884 3044 939 obitum
3081 887 3293 942 confert
3326 888 3383 942 in
3411 904 3615 943 annuat

2034 968 2238 1024 Chrisu
2270 971 2390 1035 157,
2427 986 2535 1040 quo
2569 982 2621 1026 et
2652 973 2914 1029 Antonini
2954 978 3191 1046 primum
3227 981 3465 1051 coepisse
3500 996 3617 1036 me-

2034 1067 2231 1115 morat.
2270 1062 2385 1115 Hoc
2434 1063 2579 1117 enim
2612 1075 2773 1131 pacto
2799 1067 3009 1136 primus
3041 1071 3301 1126 Antonini
3334 1074 3621 1128 conveniet

2035 1165 2179 1203 anno
2208 1150 2411 1203 Christi
2438 1151 2557 1205 115.
2589 1152 2747 1218 Quod
2781 1164 2862 1209 est
2900 1155 3138 1212 immane
3175 1162 3618 1233 παρεγχείρημα.

2110 1242 2330 1297 Τοῦτον
2361 1242 2697 1313 διαδέχεται
2744 1244 3160 1315 Κίιράκαλλος.
3211 1248 3353 1305 Sunt
3384 1253 3497 1306 haec
3533 1254 3620 1307 in-

2034 1332 2441 1401 quinatissima.
2491 1333 2680 1404 Neque
2709 1336 2826 1391 scio
2857 1351 2925 1391 an
2957 1337 3074 1391 haec
3104 1339 3289 1402 verba,
3323 1340 3622 1411 Καράκαλ-

2032 1424 2143 1487 λος,
2175 1425 2203 1477 ὁ
2235 1425 2328 1477 καὶ
2356 1425 2529 1489 Γέτας
2553 1466 2569 1489 ,
2612 1413 2918 1495 rejicienda
2954 1431 3097 1495 sint;
3130 1439 3190 1485 ut
3236 1434 3311 1485 ita
3359 1435 3622 1502 procedat

2032 1517 2209 1568 oratio
2236 1535 2246 1568 :
2290 1514 2490 1569 Τοῦτον
2524 1517 2832 1589 διαδέχεται
2861 1520 3088 1593 Μάρκος
3125 1522 3416 1593 Αὐρήλιος,
3445 1524 3502 1586 ὃς
3530 1525 3625 1578 καὶ

2032 1604 2246 1675 Οὐῆρος
2298 1602 2534 1673 ἐλέγετο.
2586 1606 2718 1678 Pag.
2773 1608 2875 1663 174
2914 1610 3076 1679 paulo
3112 1610 3375 1680 liquidior
3408 1628 3472 1666 ac
3507 1614 3623 1668 sin—

2032 1698 2213 1749 cerior
2254 1696 2644 1766 imperatorum
2688 1700 2973 1756 successio
3022 1703 3393 1772 proponitur:
3428 1704 3520 1758 ubi
3568 1712 3625 1759 ct

2034 1788 2196 1842 aliam
2240 1788 2307 1844 de
2356 1790 2460 1844 hoc
2505 1791 2627 1846 loco
2674 1793 3051 1862 conjecturam
3093 1810 3464 1873 exponemus;
3498 1812 3621 1851 nam

2031 1878 2176 1948 quod
2214 1879 2301 1933 hic
2335 1881 2552 1950 legitur,
2591 1882 2660 1935 Μ.
2695 1883 2980 1938 Aurelium
3029 1893 3235 1954 septem
3294 1901 3471 1941 annos
3522 1887 3624 1941 im-

2034 1984 2282 2039 perasse,
2310 1971 2669 2027 falsissimum
2700 1982 2815 2043 est;
2838 1984 2892 2030 et
2926 1986 3109 2031 tamen
3141 1992 3209 2031 ne
3241 1977 3296 2029 in
3331 1977 3620 2030 librarium

2034 2059 2328 2114 transferri
2365 2063 2524 2132 culpa
2553 2063 2749 2131 possit,
2792 2064 3027 2119 subinde
3066 2066 3421 2119 confirmatur
3447 2081 3623 2131 error,

2033 2165 2158 2204 cum
2189 2151 2390 2207 dicitur
2418 2152 2623 2209 Lucius
2653 2155 2908 2209 Aurelius
2950 2156 3287 2211 Commodus
3315 2156 3474 2211 annis
3499 2173 3627 2227 per-

2033 2241 2160 2295 inde
2188 2253 2393 2312 septem
2428 2245 2749 2314 imperasse.

2117 2332 2220 2383 Ἐν
2242 2332 2364 2397 τοῖς
2386 2334 2570 2387 αὐτοῦ
2611 2336 2852 2402 χρόνοις
2884 2333 2981 2386 καὶ
3002 2336 3277 2401 Λούκιος.
3312 2335 3431 2389 Non
3457 2335 3627 2389 Marci

2032 2422 2238 2477 Aurelii
2289 2423 2457 2477 filium
2506 2424 2867 2479 Commodum
2920 2426 3201 2495 intelligit,
3254 2427 3346 2495 qui
3412 2428 3622 2497 parenti

2033 2515 2318 2580 successit,
2351 2517 2445 2571 sed
2477 2517 2703 2571 Lucium
2718 2516 3001 2586 chonium
3023 2516 3229 2571 Atilium
3261 2518 3624 2572 Commodun.

2038 2604 2232 2660 Verum
2264 2608 2622 2672 Antoninum,
2656 2606 2808 2661 Lucii
2850 2606 2981 2659 ίΕιίί
3028 2606 3155 2661 Veri
3188 2607 3381 2670 filium,
3425 2607 3517 2677 qui
3558 2609 3630 2663 ab

2032 2698 2273 2752 Adriano
2321 2698 2612 2769 adeptatus
2657 2699 2871 2769 primus
2927 2698 3113 2752 Caesar
3172 2707 3257 2753 est
3316 2699 3527 2764 dictus,
3573 2705 3629 2753 et

2034 2796 2157 2842 ante
2210 2788 2511 2843 Adrianum
2564 2797 2833 2844 mortuus.
2875 2789 3048 2858 Hujus
3083 2789 3224 2844 filius
3280 2788 3344 2843 ab
3386 2789 3629 2842 Adriano

2034 2881 2098 2932 ad
2129 2881 2341 2949 imperii
2375 2896 2525 2951 spem
2555 2897 2678 2936 cum
2728 2884 2802 2935 M.
2857 2881 3075 2934 Aurelio
3105 2880 3340 2950 primum
3380 2888 3624 2943 evectus,

2035 2985 2158 3024 cum
2214 2971 2403 3026 eodem
2452 2980 2575 3041 post
2626 2972 2963 3027 Antoninum
3017 2971 3305 3041 imperavit
3354 2972 3513 3025 annis
3547 2987 3624 3024 ιι.

2036 3061 2161 3117 llaec
2189 3064 2550 3132 Capitolinus.
2592 3061 2886 3133 Perperam
2932 3063 3099 3133 igitur
3131 3071 3240 3115 tam
3294 3064 3439 3125 huic,
3464 3077 3629 3132 quam

347 3154 549 3224 inquit,
574 3171 691 3207 cum
717 3163 866 3223 parte
892 3155 1245 3210 antecedentis
1277 3156 1447 3224 explet
1476 3172 1671 3209 annum
1704 3156 1931 3224 primum
1960 3193 2002 3249 Ο
2039 3152 2108 3206 Μ.
2143 3153 2365 3207 Aurelio
2398 3162 2604 3224 septem
2651 3154 2777 3207 anni
2826 3154 3161 3208 tribuuntur.
3201 3151 3338 3205 llinc
3368 3162 3451 3207 est
3482 3152 3627 3222 quod

346 3246 625 3300 Antonini.
662 3245 803 3301 llinc
846 3246 1137 3302 Onufrium
1187 3248 1573 3317 reprehendit,
1609 3248 1754 3317 quod
1808 3264 1930 3301 eum

344 3352 555 3393 annum
590 3354 713 3392 cum
747 3339 956 3395 Christi
1012 3340 1115 3393 MO
1160 3350 1473 3407 componat,
1515 3339 1720 3393 biennii
1760 3346 1932 3392 meta-

345 3430 687 3483 chronismo.
726 3428 833 3484 Sed
878 3431 931 3484 in
970 3429 1161 3500 paucis
1202 3430 1310 3483 illis
1341 3429 1524 3483 verbis
1562 3429 1936 3499 multipliciter

350 3520 718 3575 ballucinatur
744 3519 1005 3590 Scaliger.
1026 3521 1269 3575 Primum
1296 3520 1635 3576 Censorinus
1661 3535 1933 3590 nusquam

348 3611 611 3663 Antonini
642 3612 876 3679 primum
914 3626 1118 3665 annum
1156 3611 1210 3664 in
1238 3626 1381 3665 coss.
1422 3610 1547 3665 illos
1579 3609 1717 3663 dixit
1748 3611 1935 3663 incur-

348 3713 493 3751 rere.
536 3698 670 3751 Nam
712 3702 819 3753 haec
881 3700 1027 3754 illius
1075 3701 1237 3753 verba
1286 3707 1413 3753 sunt
1467 3713 1592 3768 pag.
1639 3697 1749 3751 48:
1802 3696 1936 3753 Cum

348 3789 537 3842 abhinc
587 3807 752 3844 annos
822 3802 1027 3844 centum
1084 3791 1270 3858 imper.
1320 3790 1587 3843 Antonino
1636 3788 1734 3841 Pio
1775 3787 1840 3841 11
1886 3798 1935 3842 et

350 3880 563 3933 Bruttio
592 3881 858 3935 Prwsente
883 3898 1019 3934 coss.
1040 3880 1219 3935 Roma:
1242 3880 1400 3935 iidem
1432 3880 1541 3933 dies
1572 3879 1769 3948 fuerint
1797 3896 1849 3932 a.
1878 3879 1934 3934 ά.

357 3970 477 4024 XII
510 3971 637 4024 Kal.
683 3975 841 4042 Aug.,
866 3980 974 4028 etc.
1023 3973 1233 4040 Quibus
1267 3971 1541 4042 significat
1577 3973 1937 4027 centesimum

357 4077 562 4115 annum
589 4064 655 4117 ab
689 4078 775 4126 eo,
802 4079 908 4132 quo
929 4065 1222 4129 scribebat,
1254 4066 1512 4118 nimirum
1538 4064 1631 4133 qui
1665 4071 1749 4117 est
1780 4063 1940 4116 Chri-

352 4153 567 4216 sti‘258,
602 4153 764 4209 Urbis
794 4156 1027 4209 condita:
1056 4154 1183 4219 991,
1216 4154 1371 4224 Ulpio
1406 4163 1459 4208 et
1480 4154 1746 4227 Pontiano
1768 4166 1938 4214 coss.,

354 4247 617 4301 habuisse
662 4247 917 4302 consules
950 4245 1288 4299 Antoninum
1331 4254 1387 4300 et
1420 4245 1776 4299 Praesentem.
1816 4240 1943 4296 Fuit

352 4346 536 4393 autem
574 4339 663 4392 hic
722 4354 901 4393 annus
947 4337 1154 4392 Christi
1208 4336 1333 4399 159,
1382 4351 1411 4389 a
1452 4351 1563 4405 quo
1601 4334 1941 4389 centesimus

352 4438 439 4483 est
467 4429 602 4484 alter
652 4429 743 4484 ille
772 4428 1084 4492 Censorini,
1117 4428 1322 4482 Christi
1370 4442 1501 4481 vero
1541 4425 1667 4480 238.
1717 4423 1822 4490 Qui
1856 4432 1940 4479 est

2039 3260 2161 3314 pag.
2195 3245 2296 3299 174
2328 3245 2745 3318 inreliquorum
2802 3247 2969 3315 impp.
3020 3245 3160 3300 serie
3200 3246 3306 3299 duo
3342 3244 3628 3299 Connuodi

2039 3345 2336 3402 ponuntur.
2369 3335 2500 3401 Quae
2525 3352 2632 3400 res,
2670 3335 2745 3387 uti
2784 3350 2909 3390 mox
2937 3334 3169 3399 dicetur,
3204 3334 3508 3405 Epiphanio
3536 3349 3629 3388 er-

2038 3428 2181 3481 roris
2208 3429 2555 3483 occasionem
2581 3430 2749 3483 dedit.

2121 3521 2224 3573 Ἑν
2252 3519 2376 3585 τοῖς
2426 3519 2533 3574 τοῦ
2580 3520 2848 3588 Σευιξρου
2894 3521 3158 3589 χρόνοις.
3200 3519 3369 3588 Cujus
3411 3518 3632 3572 tandem

2041 3610 2267 3666 Severi?
2298 3610 2522 3681 Ejusne,
2551 3626 2715 3680 quem
2760 3610 3006 3681 proxime
3048 3609 3321 3664 Pertinaci
3365 3607 3632 3678 subjecit?

2038 3703 2203 3772 Atqui
2260 3702 2602 3767 Theodotio,
2657 3719 2817 3773 quem
2881 3703 3240 3773 posteriorem
3303 3700 3632 3772 Symmacho

2040 3800 2214 3861 putat,
2248 3792 2351 3847 sub
2384 3792 2683 3867 Commodo
2734 3807 2889 3848 suam
2940 3791 3232 3847 editionem
3264 3792 3503 3861 scripsit.
3536 3789 3638 3845 Est

2042 3890 2221 3937 autem
2277 3884 2479 3939 Severo
2532 3884 2679 3953 prior
2735 3884 3087 3938 Commodus.
3131 3882 3414 3949 Quomodo
3466 3882 3633 3951 igitur

2043 3972 2472 4028 Theodotionem
2522 3975 2884 4043 Symmachus
2935 3974 3262 4028 antecessit?
3288 3972 3482 4026 Mirum
3528 3972 3632 4025 hoc

2042 4072 2097 4121 et
2124 4066 2496 4119 inextricabile
2526 4066 2800 4133 plerisque
2847 4065 3044 4118 merito
3090 4065 3268 4119 vismn
3300 4071 3422 4129 est;
3456 4079 3634 4131 neque

2044 4172 2147 4211 nos
2181 4164 2288 4209 tam
2318 4156 2605 4226 Epiphanii
2639 4165 2820 4210 errato
2840 4156 3227 4225 patrocinium,
3267 4164 3360 4209 aut
3391 4155 3629 4208 colorem

2045 4262 2307 4316 qua'rere,
2364 4262 2526 4317 quam
2575 4246 2707 4300 illud
2758 4247 2933 4315 ipsum
2992 4262 3186 4300 eruere
3246 4261 3309 4300 ac
3363 4246 3634 4314 vestigare

2046 4338 2327 4392 debemus.
2360 4337 2532 4391 Nemo
2554 4338 2697 4392 enim
2733 4337 3017 4400 hactenus,
3051 4353 3113 4391 ex
3137 4344 3217 4389 tot
3245 4335 3630 4405 scriptoribus.

2047 4444 2186 4497 quos
2217 4429 2303 4482 hic
2337 4428 2621 4499 Epiphanii
2663 4429 2814 4484 locus
2855 4428 3205 4484 vehementer
3241 4424 3504 4491 exercuit,
3536 4442 3635 4480 cu—

357 4521 618 4591 δυθίίῧθτί
656 4521 933 4577 secundus
974 4536 1169 4587 CN‘OI‘;
1217 4535 1341 4574 nam
1395 4519 1714 4574 consulatus
1761 4520 1933 4571 Anlo-
1970 4522 2013 4576 D
2042 4522 2151 4577 bile
2204 4522 2382 4591 ipsum
2435 4523 2641 4576 erroris
2697 4521 2877 4591 attigit
2923 4537 2935 4573 :
2973 4521 3158 4589 quod,
3208 4519 3315 4573 nisi
3367 4517 3666 4578 fallimur,-

356 4614 469 4667 nini
506 4612 547 4666 ll
584 4623 637 4669 ct
673 4613 966 4669 Praesentis
1020 4612 1302 4668 confertur
1341 4612 1396 4665 in
1430 4626 1634 4664 annum
1673 4608 1835 4663 Urbis
1872 4625 1939 4663 ex

353 4705 696 4760 Varroniano
725 4706 954 4769 ratione,
978 4720 1141 4775 quam
1173 4703 1444 4772 expressit
1469 4700 1756 4765 Onufrius,
1790 4700 1932 4765 892;

354 4814 424 4855 ex
476 4798 791 4867 Capitolinis
830 4796 1011 4851 Fastis
1052 4796 1177 4850 89I.
1216 4795 1614 4849 Varronianam
1668 4793 1821 4861 sequi
1880 4808 1939 4846 se

355 4890 642 4957 profitetur
667 4886 928 4957 Scaliger,
954 4885 1095 4955 apud
1133 4900 1295 4954 quem
1325 4884 1516 4938 Palilia
1545 4884 1724 4953 prima
1759 4881 1937 4951 conji-

356 4980 576 5036 ciuntur
606 4982 661 5034 in
696 4996 897 5034 annum
930 4996 1046 5049 per.
1077 4978 1185 5033 Jul.
1220 4978 1382 5033 596i.
1424 4977 1577 5033 Unde
1617 4991 1797 5030 annus
1837 4976 1939 5030 iste

360 5070 523 5126 Urbis
554 5072 761 5142 periodi
810 5070 1040 5125 Julianae
1086 5079 1170 5125 est
1219 5070 1398 5136 4852,
1446 5070 1603 5140 cyclo
1651 5068 1795 5123 luna:
1834 5083 1934 5132 vn,

370 5165 506 5219 solis
536 5181 650 5218 vtn.
684 5163 790 5229 Qui
835 5162 1180 5217 characteres
1220 5178 1327 5215 non
1362 5161 1521 5215 alteri
1577 5175 1740 5229 quam
1794 5174 1939 5211 anno

359 5255 565 5310 Christi
600 5254 699 5309 159
727 5259 1066 5321 competunt.
1117 5251 1215 5305 Est
1262 5253 1426 5321 igitur
1461 5265 1640 5305 annus
1672 5250 1761 5304 ille
1809 5250 1936 5314 1511,

359 5361 467 5414 quo
497 5360 641 5399 coss.
690 5344 844 5398 fuere
873 5342 1183 5397 Antoninus
1214 5340 1257 5394 li
1290 5350 1346 5396 et
1380 5341 1624 5395 Bruttius
1655 5340 1929 5394 Praesens.

359 5434 623 5491 Onufrius
670 5450 870 5505 porro,
908 5434 1001 5503 qui
1052 5433 1109 5486 in
1159 5432 1364 5511 Christi
1411 5433 1573 5486 annis
1616 5432 1936 5499 imprudens

360 5526 744 5600 Dionysianam
778 5542 943 5582 seram
988 5540 1098 5580 uno
1143 5525 1431 5579 antevertit
1471 5538 1617 5578 anno
1657 5524 1937 5594 (natalem

360 5618 504 5672 enim
541 5619 747 5673 Christi
786 5634 934 5673 coss.
982 5618 1232 5687 Augusto
1263 5614 1376 5668 Xlll
1399 5656 1415 5679 ,
1462 5622 1516 5667 et
1547 5614 1756 5669 ‘Silano
1786 5629 1934 5669 coss.

361 5706 652 5778 attribuit),
692 5709 942 5763 eumdem
974 5708 1126 5761 illum
1161 5715 1415 5762 numerat
1451 5704 1575 5768 MO,
1605 5706 1697 5775 qui
1732 5719 1763 5758 a
1811 5704 1938 5759 Dio—

363 5798 589 5872 nysiana
619 5799 825 5869 epocha
873 5800 1090 5854 nonnisi
1131 5800 1228 5853 159
1261 5806 1363 5851 est.
1401 5796 1467 5850 At
1514 5797 1569 5850 in
1613 5795 1933 5861 Annalibus,

678 5893 948 5955 PATROL.
981 5891 1093 5953 Gn.
1140 5892 1350 5954 XLIII.

2042 4607 2259 4662 tandem
2294 4607 2506 4661 odorati
2540 4623 2752 4662 smnus.
2791 4608 3088 4661 Constabat
3116 4605 3438 4676 Epiphanio,
3476 4606 3633 4675 Sym-

2043 4698 2296 4751 machum
2328 4697 2702 4752 Theodotione
2750 4698 3087 4767 superiorem
3133 4698 3444 4763 exstitisse;
3476 4697 3634 4751 item-

2041 4805 2148 4859 que
2182 4788 2609 4844 Theodotionem
2665 4790 2768 4845 sub
2819 4790 3040 4853 Severo,
3093 4788 3479 4859 Symmachum
3530 4788 3634 4841 sub

2042 4880 2342 4936 Commodo
2400 4882 2710 4951 scripsisse.
2764 4880 2897 4948 Quae
2960 4880 3220 4949 quoniam
3269 4878 3634 4947 ἁσύγκλωστα

2039 4978 2096 5026 et
2122 4986 2246 5025 cum
2273 4972 2501 5025 historia
2543 4972 2839 5042 pugnantia
2878 4978 3028 5033 sunt,
3057 4969 3462 5037 animadvertit,
3494 4968 3634 5025 duos

2041 5063 2279 5132 primum
2314 5063 2483 5117 fuisse
2520 5063 2869 5128 Commodos,
2918 5063 3147 5118 alterum
3183 5064 3249 5116 Μ.
3283 5063 3488 5118 Aurelii
3518 5063 3633 5115 col-

2041 5155 2239 5224 legam,
2272 5154 2365 5224 qui
2396 5170 2519 5207 cum
2552 5170 2617 5208 eo
2648 5153 3014 5211 communiter
3045 5155 3322 5225 imperavit
3354 5171 3367 5219 ;
3404 5155 3631 5207 alterum

2042 5246 2235 5312 filium,
2265 5246 2357 5315 qui
2388 5246 2609 5300 Aurelio
2648 5248 2788 5315 patri
2839 5247 3128 5303 successit.
3166 5246 3241 5299 Ex
3274 5246 3339 5300 iis
3372 5246 3631 5299 Commo—

2042 5338 2147 5399 dis,
2185 5336 2541 5406 posteriorem
2562 5336 2715 5391 illum
2746 5354 2867 5394 esse
2904 5338 3079 5401 scivit,
3112 5337 3214 5391 sub
3240 5350 3348 5404 quo
3380 5331 3632 5385 Theodo-

2044 5428 2207 5483 tionis
2239 5428 2405 5484 editio
2450 5431 2749 5498 prodierat.
2802 5429 2983 5495 Quare
3025 5443 3134 5482 non
3181 5423 3444 5479 dubitavit
3496 5419 3629 5489 quin

2042 5528 2168 5574 ante
2222 5519 2370 5574 hunc
2421 5519 2659 5577 Severus
2705 5522 3028 5577 exstitisset.
3097 5517 3330 5569 Promde
3396 5512 3629 5564 Severos

2041 5610 2180 5667 duos
2207 5626 2332 5667 esse
2364 5615 2617 5670 credidit.
2648 5614 2821 5683 Atque
2862 5614 2983 5666 ideo
3011 5624 3132 5678 pag.
3166 5606 3285 5671 174,
3319 5604 3476 5657 Μετὰ
3504 5598 3629 5654 τοῦ-

2040 5719 2152 5766 τον,
2182 5704 2377 5773 inquit,
2409 5706 2512 5760 hoe
2562 5714 2646 5761 est
2692 5705 2767 5760 Μ..
2807 5702 3106 5773 Aurelium,
3152 5696 3438 5766 Κόμμοδος
3470 5693 3630 5758 ἄλλος

2044 5793 2337 5865 βασιλεύει.
2415 5797 2551 5851 Τιιιιι
2624 5797 2691 5850 de
2758 5794 2958 5849 Severo
3009 5810 3020 5845 :
3078 5789 3277 5842 Τοῦτον
3322 5786 3627 5860 διαδέχετκι

3236 5879 3306 5940 18
