3978 6220
379 323 484 380 555

366 533 465 604 τὴν
494 530 585 584 τοῦ
615 529 869 599 δευτέρου
907 522 1194 595 Κομμόδου
1237 519 1512 590 βασιλείαν
1557 519 1813 586 edidisse,
1847 519 1940 587 qui

365 622 532 692 priori
560 618 857 675 Commodo
897 614 1179 670 successit.
1208 613 1346 667 Cum
1392 613 1508 665 duo.
1545 610 1656 665 sint
1698 627 1761 663 ex
1813 609 1939 678 l-‘pi—

367 712 550 773 phanii
585 715 762 763 mente
783 703 1084 770 Commodi,
1119 702 1451 772 totidemque
1490 699 1708 764 Severi,
1743 701 1937 754 horum

365 803 512 871 prior
540 799 892 870 posteriorem
923 795 1284 851 Commodum
1311 794 1624 850 antecessit.
1659 792 1798 862 Ergo
1845 798 1939 844 aut

363 903 445 949 est
481 879 550 948 Μ.
588 891 843 945 Aurelius
873 889 1071 948 Verus,
1110 896 1201 940 aut
1249 885 1449 940 Lucius
1477 883 1807 939 Commodus
1837 881 1931 937 Ve-

363 996 476 1035 rus.
520 978 636 1032 Non
670 987 846 1049 potest
878 978 966 1030 hic
1005 990 1147 1039 esse,
1196 973 1322 1044 quia
1365 974 1598 1027 Severus
1635 973 1780 1042 prior
1827 981 1935 1025 tam

362 1069 431 1123 ab
460 1075 688 1138 utroque
729 1065 1028 1120 Commodo
1088 1078 1250 1132 quam
1309 1076 1340 1115 a
1390 1062 1690 1131 posteriore
1735 1059 1938 1115 Severo

361 1159 708 1214 discernitur.
740 1155 858 1209 Non
891 1157 1029 1208 alius
1063 1162 1147 1208 est
1179 1153 1361 1224 igitur,
1391 1167 1552 1220 quam
1585 1150 1655 1205 Μ.
1684 1151 1936 1205 Aurelius

361 1247 556 1305 Verus.
580 1250 836 1318 Σευῆρος,
871 1248 1112 1316 inquam,
1141 1260 1239 1314 pro
1268 1244 1476 1314 Οὺῆρος
1520 1243 1588 1296 ab
1635 1241 1936 1311 Epiphanio

362 1337 721 1409 philosophus
751 1336 850 1390 iste
882 1332 1195 1388 nominatus
1228 1341 1331 1386 est.
1357 1328 1510 1395 Quod
1533 1328 1747 1398 quidem
1777 1325 1936 1397 paulo

362 1437 488 1482 ante
530 1433 799 1496 corrupta:
841 1423 1091 1479 lectionis
1132 1422 1358 1492 vestigia
1387 1421 1804 1477 demonstrant:
1840 1419 1935 1479 Ὃς

361 1519 457 1570 καὶ
487 1516 713 1586 Μάρκος
737 1515 1004 1586 Αὐρήλιος
1032 1513 1206 1585 Σουὴρ
1235 1512 1470 1580 ἐλέγετο.
1502 1509 1609 1564 Pro
1655 1523 1762 1578 quo
1789 1506 1935 1576 0ὺῆ-

365 1627 455 1678 ρος
489 1608 557 1662 ad
599 1624 747 1662 oram
780 1605 1062 1677 legendum
1106 1604 1483 1674 ascripsimus.
1515 1601 1670 1655 Nunc
1700 1600 1935 1669 Σευῆρος

364 1697 544 1750 malim
571 1713 588 1752 ε
615 1712 714 1750 nec
741 1695 886 1748 aliud
919 1693 1276 1764 Epiphanium
1303 1691 1568 1757 voluisse,
1593 1689 1684 1758 qui
1727 1695 1933 1740 attente

1495 306 1836 363 APPENDIX
1877 303 2505 362 DiSSERTATIONUM.
3214 375 3223 384 .

363 439 605 510 ’Σευῆρος
649 437 828 499 ἄλλος.
872 434 937 488 Ει
960 447 1114 488 num.
1153 430 1216 483 17
1249 427 1670 484 Theodotionem
1705 430 1780 482 ait
1813 427 1942 500 περὶ
1972 432 2015 489 Α
2045 426 2273 481 buisset.
2304 424 2437 478 Nam
2493 423 2560 478 de
2611 421 2751 474 LXX
2785 410 3103 474 Senioribus
3128 453 3143 478 ,
3205 428 3342 483 quos
3375 413 3622 466 omnium

3514 312 3625 366 538

2045 516 2443 572 vetustissimos
2473 530 2595 570 esse
2619 513 2874 567 convenit
2901 551 2916 575 ,
2949 524 3048 564 cur
3080 507 3314 561 alienum
3346 504 3400 558 in
3435 505 3623 557 locun:

2043 606 2277 675 conjecti
2304 605 2432 666 sint,
2469 604 2537 657 ab
2553 602 2859 672 Epiphanio
2889 600 3030 654 ratio
3053 598 3143 651 illa
3176 593 3440 648 traditur:
3474 590 3625 660 quod

2042 709 2230 749 eorum
2265 691 2662 764 interpretatio,
2695 696 2882 758 utp0te
2910 696 3230 742 czeterarum
3269 681 3478 750 regula,
3505 683 3627 732 me-

2041 783 2188 836 dium
2225 782 2349 850 jure
2380 781 2558 835 locum
2600 778 2920 846 occuparit,
2965 780 3024 828 ut
3069 772 3190 826 aliae
3221 784 3345 824 cum
3373 782 3436 823 ea
3465 782 3623 822 com-

2039 873 2218 944 parari
2246 871 2587 927 commodius
2618 876 2862 941 possent.
2912 866 3022 922 Cur
3067 865 3230 934 igitur
3259 857 3622 915 Theodotioni

2039 964 2376 1034 antepositus
2401 963 2470 1016 sit
2497 959 2860 1032 Symmachus
2883 997 2896 1022 ,
2926 973 2996 1011 ne
3044 953 3170 1023 ﬁngi
3197 950 3414 1022 quidem
3450 962 3622 1003 causa

2039 1055 2210 1110 altera
2251 1061 2473 1124 potest,
2527 1051 2636 1106 nisi
2687 1051 2831 1119 quod
2885 1054 3044 1102 aetate
3101 1045 3223 1097 iste-
3254 1038 3620 1112 przecesserit.

2038 1143 2196 1210 Quod
2229 1145 2372 1198 enim
2429 1142 2758 1213 quibusdam
2819 1141 3031 1209 placet,
3087 1135 3210 1188 ideo
3264 1133 3622 1201 posteriorem

2038 1235 2398 1290 Theodotioni
2429 1235 2684 1288 tributam
2715 1247 2838 1286 esse
2872 1228 3075 1292 sedem,
3109 1236 3166 1280 ut
3197 1223 3338 1278 LXX
3373 1223 3624 1277 Seniori-

2036 1325 2161 1390 bus,
2197 1324 2651 1394 quemadmodum
2687 1318 3080 1390 interpretandi
3111 1331 3310 1388 genere
3334 1354 3349 1379 ,
3394 1314 3474 1368 sic
3525 1326 3622 1367 or-

2036 1416 2163 1471 dine
2209 1416 2548 1485 propinquus
2593 1421 2769 1476 esset,
2812 1413 2926 1465 leve
2983 1419 3101 1472 est,
3148 1409 3257 1461 imo
3297 1405 3618 1460 ridiculum.

2035 1507 2171 1561 Cum
2221 1507 2365 1560 enim
2416 1505 2718 1576 principem
2775 1501 2911 1556 LXX
2974 1501 3265 1556 Seniorum
3319 1497 3617 1552 editionem

2037 1597 2197 1652 ambo
2238 1596 2314 1650 illi
2355 1596 2502 1650 velut
2559 1596 2853 1664 stipatores
2893 1606 2957 1646 ae
3006 1593 3278 1646 laterones
3315 1586 3616 1647 cinxerint,

2036 1696 2215 1741 utram
2245 1686 2302 1740 in
2354 1694 2566 1757 partem
2603 1683 2995 1739 Theodotionis
3027 1681 3196 1736 editio
3249 1677 3616 1738 conferretur,

359 1802 480 1856 quae
521 1787 632 1841 dixi
679 1785 1039 1856 perpenderit,
1093 1798 1306 1838 mecum
1352 1781 1701 1836 existimabit.
1751 1777 1936 1846 Neque
1968 1770 2009 1824 Β
2041 1775 2176 1830 nihil
2209 1775 2274 1828 ad
2311 1775 2772 1845 propinquitatem
2801 1771 3069 1826 interfuit.
3105 1769 3158 1823 Id
3187 1769 3366 1838 ipSUm
3399 1774 3616 1828 veteres

357 1879 510 1934 solus
555 1877 658 1932 hoc
699 1877 1033 1947 Epiphanius
1079 1873 1375 1939 commisit,
1426 1879 1485 1925 ut
1531 1868 1786 1924 Severum
1835 1882 1934 1936 pro

361 1966 498 2023 Vero
522 1975 796 2035 sumeret;
831 1969 923 2024 sed
955 1975 1006 2023 et
1036 1966 1149 2032 alii,
1185 1973 1296 2019 tam
1317 1963 1487 2019 Graeci
1523 1978 1683 2033 quam
1711 1960 1928 2014 Latini:

354 2059 528 2114 Graeci
557 2057 774 2130 quidem
810 2059 1071 2128 plerique.
1114 2055 1193 2110 Ex
1232 2054 1442 2111 Latinis
1474 2069 1600 2108 vero
1641 2052 1933 2109 Cassiodo-

356 2167 452 2206 rus
480 2150 583 2206 sub
608 2151 894 2206 consulatu
929 2147 1114 2203 Severi
1137 2154 1191 2203 et
1222 2145 1574 2209 Herenniani,
1609 2146 1714 2201 ista
1754 2143 1930 2214 subji-

355 2242 472 2297 cit:
507 2240 608 2295 His
656 2257 793 2296 coss.
848 2238 1042 2293 Lucius
1095 2237 1300 2290 Annius
1357 2235 1654 2290 Antoninus
1711 2231 1928 2288 Severus

356 2348 494 2384 anno
539 2331 682 2400 regni
721 2327 995 2382 undecimo
1044 2327 1178 2380 inter
1209 2324 1560 2381 Concordiam
1601 2332 1651 2379 et
1692 2323 1927 2377 Altinum

356 2422 594 2489 apoplexi
666 2421 953 2474 exstinctus
1027 2426 1124 2471 est.
1184 2416 1632 2486 Quandoquidem
1696 2413 1930 2470 Severus

354 2514 525 2583 prior,
559 2526 623 2565 ex
655 2509 944 2580 Epiphanii
974 2509 1265 2574 sententia,
1301 2507 1373 2562 M.
1410 2507 1662 2562 Aurelius
1685 2515 1791 2569 est,
1818 2521 1928 2560 non

352 2601 401 2656 is
435 2598 528 2670 qui
556 2598 826 2653 Pertinaci
857 2611 918 2652 ac
945 2595 1162 2651 Juliano
1189 2596 1456 2651 successit
1482 2614 1494 2650 :
1519 2602 1740 2664 apparet
1770 2595 1929 2664 Sym-

352 2689 630 2753 machum,
656 2688 749 2758 qui
781 2687 882 2743 sub
913 2687 1092 2756 priore
1142 2686 1236 2740 illo
1281 2683 1481 2740 Severo
1519 2685 1587 2740 ab
1627 2683 1928 2755 Epiphanio

349 2779 669 2845 collocatur,
715 2792 1058 2849 nequaquam
1098 2777 1165 2832 ad
1204 2777 1522 2847 posterioris
1562 2775 1747 2831 Severi
1786 2784 1925 2830 tem-

351 2884 484 2940 pora
514 2867 704 2924 referri
735 2889 748 2924 :
780 2868 923 2939 quod
956 2883 1147 2924 omnes
1181 2869 1444 2924 hactenus
1497 2867 1743 2922 arbitrati
1773 2875 1922 2929 sunt,

349 2959 443 3029 qui
470 2965 523 3012 et
547 2959 841 3028 pugnantia
872 2957 1020 3028 loqui
1057 2958 1415 3028 Epiphanium
1442 2957 1716 3021 dixerunt,
1740 2965 1792 3011 et
1825 2970 1924 3026 po-

349 3050 633 3104 steriorem
700 3048 869 3104 fuisse
931 3046 1301 3103 Theodotione
1369 3047 1754 3119 Symmachum
1817 3061 1922 3100 non

349 3137 509 3191 aliam
555 3136 627 3191 ob
671 3151 892 3191 causam
932 3143 1226 3206 putarunt,
1293 3150 1452 3204 quam
1495 3135 1638 3204 quod
1688 3132 1921 3203 Epipha-

348 3228 472 3282 nius
525 3225 956 3282 Theodotionem
1003 3227 1104 3281 sub
1155 3225 1486 3288 Commodo,
1537 3223 1923 3294 Symmachum

348 3317 451 3371 sub
496 3315 696 3370 Severo
737 3316 1120 3385 interpretatos
1149 3329 1270 3370 esse
1296 3315 1623 3384 prodiderat.
1657 3313 1766 3382 Ego
1798 3327 1926 3368 vero

347 3407 602 3460 aberrare
630 3404 844 3474 quidem
886 3403 1242 3474 Epiphanium
1289 3418 1486 3475 negare
1531 3419 1639 3457 non
1675 3403 1919 3474 po‘ssum,

345 3497 437 3566 qui
479 3494 724 3551 Severum
756 3510 856 3565 pro
887 3493 1015 3549 Vero
1059 3510 1336 3564 perperam
1371 3497 1749 3565 usurpaverit:
1785 3510 1920 3550 eon-

345 3585 548 3640 sentire
609 3593 787 3640 autem
837 3600 1020 3640 secum
1072 3586 1283 3655 ipsum,
1333 3594 1387 3640 et
1447 3588 1502 3641 in
1549 3602 1734 3642 errore
1775 3603 1922 3641 con-

345 3681 577 3731 stantem
631 3691 753 3732 esse
798 3675 1072 3731 defendo:
1103 3692 1210 3730 uno
1262 3684 1440 3732 tamen
1487 3693 1741 3747 peccasse
1786 3693 1921 3748 prm-

346 3777 513 3832 terea,
541 3767 683 3837 quod
712 3783 832 3839 pag.
867 3769 991 3830 172,
1026 3784 1149 3823 cum
1179 3779 1298 3839 post
1340 3770 1672 3825 Pertinacem
1722 3778 1774 3823 et
1822 3769 1921 3825 Sc-

344 3873 529 3912 verum
558 3858 671 3914 hiBC
700 3859 976 3914 subdidit:
1021 3860 1108 3912 Ἐν
1145 3863 1255 3923 τοῖς
1298 3861 1391 3914 τοῦ
1434 3863 1669 3932 Σευήρου
1707 3862 1919 3933 χρόνοις

343 3947 634 4019 Σύμμαχός
661 3945 766 4012 sic.
804 3959 933 4014 etc.,
965 3963 1073 4002 non
1109 3953 1240 4004 satis
1261 3951 1550 4019 expressit,
1585 3951 1652 4005 de
1679 3965 1914 4020 quonam

343 4038 544 4095 Severo
589 4039 920 4108 loqueretur,
951 4055 1072 4093 cum
1117 4041 1256 4096 duos
1303 4051 1804 4105 commemorasset,
1833 4043 1915 4094 vi-

339 4143 543 4198 susque
575 4139 658 4182 est
691 4127 834 4181 haud
862 4128 1134 4184 immerito
1168 4130 1518 4200 posteriorem
1561 4130 1912 4193 intellexisse,

335 4221 424 4275 cui
458 4220 701 4290 proxime
729 4219 835 4271 ista
870 4218 1166 4274 subtexuit.

409 4312 492 4364 Ab
528 4309 631 4363 hac
671 4307 963 4376 Epiphanii
999 4310 1424 4364 hallucinatione
1451 4326 1771 4365 revocemus
1801 4311 1915 4364 ani-

2035 1865 2226 1922 Patres
2266 1864 2721 1919 animadvertisse
2759 1861 3043 1924 videntur,
3077 1860 3167 1931 qui
3200 1861 3252 1912 in
3279 1871 3619 1913 commemo-

2035 1959 2224 2013 randis
2253 1957 2362 2013 illis
2399 1955 2790 2026 interpretibus
2823 1953 3183 2009 Theodotioni
3223 1949 3614 2023 Symmachum

2033 2054 2407 2118 anteponunt,
2463 2062 2589 2102 raro
2640 2045 3073 2100 Theodotionem
3121 2042 3465 2114 Symmacho.
3501 2038 3617 2095 Nec

2032 2153 2098 2194 eo
2124 2139 2317 2194 ordine
2344 2139 2612 2193 duntaxat
2643 2137 2954 2206 appellant,
2983 2150 3105 2189 cum
3137 2133 3206 2189 ex
3238 2133 3486 2203 Origenis
3515 2146 3617 2186 co—

2031 2230 2246 2286 dicibus
2273 2231 2609 2300 depromptis
2638 2229 2951 2284 eorumdem
2985 2226 3316 2283 testimoniis
3346 2232 3614 2286 utuntur,

2031 2323 2125 2378 sed
2161 2329 2277 2379 tum
2328 2337 2548 2392 quoque
2596 2335 2719 2375 cum
2761 2320 3105 2391 singulorum
3152 2317 3221 2372 τὰ
3256 2316 3616 2387 ἱστορούμενα

2032 2414 2308 2484 sigillatim
2357 2419 2656 2483 exponunt.
2720 2409 2854 2464 Nam
2901 2410 3074 2480 primo
3111 2410 3232 2464 loco
3271 2406 3615 2462 LXXlnler-

2031 2517 2212 2575 pretes
2242 2505 2610 2566 constituunt,
2647 2501 2849 2572 quibus
2883 2501 3158 2570 Aquilam,
3193 2498 3610 2570 Symmachum,

2030 2595 2460 2651 Theodotionem
2490 2594 2808 2664 subjiciunt.
2859 2591 2951 2647 Sic
2987 2590 3321 2645 Athanasius
3377 2591 3433 2644 in
3465 2587 3612 2660 Syn-

2028 2688 2146 2756 opsi
2219 2687 2550 2741 anteriorem
2637 2683 2808 2737 fuisse
2879 2681 3266 2754 Symmachum
3327 2678 3608 2732 allii-mat:

2027 2779 2184 2848 cujus
2222 2778 2518 2832 editionem
2550 2790 2637 2830 va
2689 2784 2812 2844 post
2848 2774 3058 2843 Aquil:e
3109 2773 3413 2827 versionem
3449 2769 3612 2822 armis

2027 2871 2305 2925 exstitisse
2336 2875 2546 2922 narrat.
2580 2864 2657 2932 Si,
2699 2876 2757 2920 ut
2786 2877 2978 2920 auctor
3010 2875 3097 2920 est
3125 2863 3457 2933 Epiphanius
3477 2901 3492 2924 ,
3530 2877 3608 2914 xu

2027 2959 2252 3013 Adriani
2282 2973 2426 3012 anno
2452 2956 2660 3026 Aquila.I
2701 2955 3077 3027 interpretatio
3112 2955 3351 3024 prodiit,
3389 2952 3479 3020 qui
3523 2959 3609 3004 est

2029 3065 2204 3104 annus
2237 3048 2440 3103 Christi
2476 3047 2576 3101 128
2601 3085 2615 3108 ,
2647 3050 2729 3101 vel
2783 3046 2852 3100 ab
2881 3061 2945 3099 eo
2974 3045 3258 3114 proximus
3285 3083 3300 3106 ,
3332 3044 3606 3112 quinqua-

2027 3142 2268 3210 gesimus
2300 3139 2368 3191 ab
2418 3139 2512 3191 illo
2547 3145 2600 3192 et
2631 3145 2819 3191 sextus
2860 3151 3038 3189 annus
3078 3134 3269 3188 incidit
3303 3134 3353 3185 in
3400 3145 3604 3184 annum

2027 3228 2247 3283 circiter
2278 3228 2400 3291 184,
2433 3225 2716 3290 Commodi
2753 3234 3032 3297 quartum,
3070 3229 3151 3279 vel
3191 3225 3466 3295 quintum.
3497 3221 3604 3276 Sed

2025 3333 2308 3390 perperam
2339 3318 2480 3372 idem
2529 3315 2844 3388 Synopseos
2891 3327 3083 3371 auctor
3109 3317 3212 3371 sub
3251 3315 3452 3369 Severo
3490 3311 3606 3366 edi-

2025 3419 2134 3461 tam
2170 3423 2291 3464 esse
2323 3405 2510 3462 refert.
2554 3405 2690 3460 Nam
2730 3406 2963 3460 subinde
2993 3405 3422 3460 Theodotionem
3467 3404 3605 3456 sub-

2025 3508 2235 3564 texens,
2274 3499 2616 3570 Ἣρμήνευσε
2653 3497 2746 3551 καὶ
2775 3497 2972 3562 αὑτός,
3012 3498 3224 3567 inquit,
3258 3495 3349 3549 ὲπὶ
3380 3494 3606 3564 Κομμά-

2021 3589 2109 3643 δου
2135 3588 2228 3642 τοῦ
2263 3588 2524 3660 βασιλέως
2551 3589 2609 3642 ἐν
2642 3587 2790 3658 αὐτῷ
2811 3588 2886 3659 τῷ
2917 3587 3116 3660 χρόνῳ.
3158 3586 3352 3641 Eodem
3379 3595 3605 3651 tempore

2019 3692 2068 3734 et
2103 3682 2212 3748 ipse
2243 3679 2338 3733 sub
2371 3679 2658 3735 Commodo
2706 3681 3080 3748 interpretatus
3129 3689 3226 3733 est.
3273 3679 3388 3731 Non
3438 3676 3606 3745 igitur

2021 3772 2159 3825 alter
2209 3771 2313 3826 sub
2367 3771 2587 3825 Severo.
2667 3768 2745 3824 Ita
2804 3778 3024 3840 propter
3083 3773 3311 3824 exoticze
3363 3768 3604 3823 historiae

2019 3864 2325 3932 neglectum
2355 3863 2676 3932 plerumque
2723 3863 3056 3919 sanctissimi
3085 3862 3277 3917 Patres
3310 3862 3603 3915 inextrica-

2020 3955 2223 4010 bilibus
2255 3969 2375 4009 sese
2401 3954 2613 4023 laqueis
2637 3954 2951 4023 implicant:
2975 3951 3314 4022 Epiphanius
3341 3951 3596 4018 denique,

2017 4059 2080 4098 ex
2135 4058 2245 4113 quo
2283 4043 2578 4097 contraria:
2625 4043 2911 4097 sententia
2943 4043 3165 4096 unicum
3216 4050 3270 4096 et
3325 4041 3600 4110 singulare

2018 4135 2418 4188 ﬁrmamentum
2462 4132 2882 4187 Alexandrinum
2935 4131 3236 4188 Chronicon
3283 4146 3346 4186 ac
3410 4147 3600 4186 recen-

2028 4223 2195 4277 tiores
2245 4223 2577 4285 hauserunt,
2650 4222 2825 4291 palam
2895 4237 2960 4275 ac
3012 4221 3130 4277 sine
3175 4222 3403 4289 ambage
3435 4219 3598 4290 Syru-

2017 4313 2270 4366 machum
2296 4310 2674 4366 Theodotione
2707 4313 2942 4381 priorem
2972 4311 3254 4367 exstitisse
3283 4313 3596 4371 continuat,

327 4416 484 4455 «mum
512 4403 589 4455 ad
629 4414 971 4456 communem
1003 4398 1069 4453 de
1095 4399 1384 4468 utriusque
1416 4401 1727 4469 interpretis
1757 4410 1914 4455 aetate
1946 4425 1992 4480 ι)
2019 4409 2179 4471 atque
2218 4401 2361 4455 hunc
2384 4403 2486 4455 sub
2513 4401 2814 4456 Commodo
2841 4442 2856 4466 ,
2891 4402 3043 4455 illum
3076 4401 3180 4455 sub
3206 4400 3349 4454 Vero
3375 4439 3390 4464 ,
3426 4401 3477 4454 id
3514 4408 3600 4454 est

337 4493 688 4547 sententiam.
724 4490 1049 4544 lnveteravit
1076 4491 1221 4544 enim
1258 4490 1370 4560 jam
1407 4493 1547 4560 apud
1579 4493 1912 4548 recentiores

333 4598 528 4639 omnes
561 4584 675 4637 haec
713 4583 933 4654 opinio:
982 4581 1369 4654 Symmachum
1417 4591 1541 4652 post
1579 4582 1911 4640 Theodotio-

336 4690 458 4730 nem
487 4675 787 4730 exstitisse.
827 4674 901 4729 De
933 4690 1042 4744 quo
1075 4690 1207 4730 sane
1244 4675 1336 4730 diu
1373 4683 1458 4729 est
1504 4677 1648 4746 quod
1677 4677 1864 4731 dubito
1894 4696 1906 4732 :

333 4783 462 4822 nam
511 4767 720 4820 nullum
759 4766 906 4820 aliud
963 4767 1284 4837 προλήψεως
1336 4767 1494 4822 istius
1530 4780 1907 4838 argumentum

335 4858 535 4923 video,
572 4871 732 4926 quam
802 4855 1089 4927 Epiphanii
1137 4858 1509 4912 testimonium
1571 4859 1743 4923 illud,
1799 4876 1909 4929 quo

335 4947 720 5019 Symmachum
755 4948 857 5002 sub
893 4947 1115 5010 Severo,
1151 4946 1579 5003 Theodotionem
1615 4951 1716 5004 sub
1747 4953 1910 5006 Com-

333 5039 494 5094 modo
514 5041 802 5109 scripsisse
838 5039 1045 5093 docuit.
1075 5038 1188 5094 Hoc
1216 5056 1346 5095 vero
1372 5041 1482 5109 jam
1514 5053 1730 5098 extorto
1753 5084 1767 5109 ,
1799 5059 1908 5112 quo

331 5130 552 5185 demum
610 5130 731 5184 freti
769 5129 1197 5200 Theodotionem
1256 5132 1606 5187 vetustiorem
1643 5149 1764 5190 esse
1805 5151 1906 5204 pu-

330 5219 618 5288 gnabunt?
651 5211 720 5272 At
752 5237 782 5274 e
810 5221 1092 5274 contrario
1152 5220 1462 5293 Symmachi
1514 5225 1749 5294 priorem
1789 5225 1906 5278 edi-

329 5312 530 5368 tionem
559 5327 701 5377 esse,
727 5315 883 5383 plura
917 5314 1047 5367 mihi
1077 5317 1424 5384 persuadent.
1459 5318 1515 5372 In
1539 5319 1732 5388 primis
1765 5317 1904 5371 ordo

329 5402 456 5467 ille,
482 5417 641 5472 quem
675 5403 728 5455 in
767 5403 1050 5459 codicibus
1085 5403 1342 5475 Origenes
1382 5407 1657 5460 instituit:
1693 5406 1746 5459 in
1778 5407 1901 5474 qui-

329 5490 430 5544 bus
461 5501 578 5559 post
600 5491 851 5558 Aquilam
888 5500 1148 5560 perpetuo
1174 5493 1534 5564 Symmachus
1569 5501 1695 5547 ante
1723 5491 1904 5547 Theo-

329 5578 606 5635 dotionem
643 5581 883 5650 ponitur.
917 5581 1095 5648 Quod,
1139 5583 1245 5636 nisi
1283 5583 1559 5651 antiquior
1584 5591 1730 5638 esset
1781 5582 1896 5651 ille,

330 5682 435 5724 cur
458 5671 533 5726 ita
575 5670 889 5744 disponeret
917 5672 1180 5742 Origenes
1208 5712 1223 5738 ,
1283 5686 1508 5728 causam
1563 5673 1769 5728 nullam
1801 5673 1900 5731 ha-

2015 4493 2082 4546 M.
2121 4493 2360 4555 Aurelio,
2394 4493 2684 4562 scripsisse
2721 4513 2732 4547 :
2776 4508 2936 4561 quem
2974 4491 3178 4547 frustra
3221 4491 3469 4545 Severum
3503 4507 3598 4560 ap-

2014 4585 2199 4654 pellat,
2233 4583 2486 4653 idemque
2521 4592 2581 4637 ut
2613 4585 2817 4639 faceret
2843 4584 3156 4655 Synopseos
3187 4583 3352 4644 illius,
3387 4583 3468 4636 vel
3498 4599 3597 4652 up-

2015 4675 2262 4744 pendicis
2323 4676 2680 4746 Synopseos,
2745 4689 2868 4744 qua:
2933 4675 3236 4728 Athanasio
3292 4675 3593 4736 tribuitur,

2014 4776 2288 4820 auctorem
2315 4767 2546 4819 induxit.
2565 4765 2660 4820 Est
2686 4767 2830 4818 enim
2864 4765 2977 4819 hzec
2999 4766 3197 4820 lacinia
3225 4781 3593 4834 nequaquam,

2012 4867 2071 4911 ut
2104 4860 2326 4926 opinor,
2359 4857 2686 4920 Athanasii,
2740 4857 2834 4911 sed
2868 4857 3159 4926 scriptoris
3191 4858 3419 4912 alterius
3443 4897 3458 4920 ,
3499 4858 3592 4924 qui

2009 4964 2073 5002 ex
2113 4948 2415 5016 Epiphanio
2460 4948 2564 5001 ista
2608 4947 2952 5012 describens,
3015 4947 3240 5017 perinde
3285 4957 3448 5016 atque
3482 4949 3588 5010 ille,

2009 5053 2109 5107 pro
2140 5037 2284 5092 Vero
2333 5037 2596 5092 Severum
2649 5041 2958 5108 usurpavit.
3017 5039 3201 5104 Quare
3243 5039 3388 5108 quod
3429 5037 3591 5108 Sym-

2009 5128 2261 5182 machum
2294 5129 2395 5182 sub
2427 5126 2632 5184 Severo
2660 5129 2962 5184 Pertinacis
2995 5144 3318 5185 successore
3349 5130 3591 5183 edidisse

2006 5218 2169 5286 Vulgo
2198 5218 2398 5282 ferunt,
2423 5227 2697 5288 quatenus
2725 5237 2791 5274 ex
2812 5220 3118 5291 Epiphanio
3142 5221 3286 5274 istud
3309 5229 3586 5284 asserunt,

2009 5319 2217 5363 mutent
2260 5310 2520 5380 deinceps
2572 5314 2899 5365 sententiam
2934 5327 3157 5374 omnes,
3193 5321 3282 5375 et,
3340 5311 3386 5366 si
3444 5311 3589 5363 hunc

2006 5409 2285 5455 auctorem
2341 5403 2496 5472 sequi
2553 5403 2825 5472 cupiunt,
2883 5402 2948 5454 ad
3003 5401 3168 5455 Marci
3222 5402 3426 5455 Aurelii
3461 5399 3584 5454 Veri

2007 5500 2246 5558 tempora
2301 5493 2681 5547 submoveant.
2747 5494 3027 5548 Cedrenus
3078 5494 3464 5563 Symmachum
3517 5507 3585 5545 ex

2002 5583 2224 5640 Eusebii
2293 5585 2396 5639 [ide
2455 5584 2764 5640 Pertinacis
2822 5595 3069 5653 tempore
3131 5584 3301 5638 fuisse
3366 5583 3580 5637 scribit.

2004 5676 2158 5742 Quod
2190 5692 2292 5746 ego
2319 5676 2462 5745 apud
2497 5676 2792 5732 Eusebium
2828 5675 3072 5731 nondum
3105 5675 3319 5745 reperi;
3363 5689 3489 5729 nam
3520 5670 3574 5725 in
