3978 6220
397 407 501 461 ἰιῦἹ

1352 403 1439 458 DE
1482 399 1920 456 ROMANORUM
1966 398 2149 456 IMPP.
2195 402 2705 464 CIIRONOLOGIA.

3563 419 3669 474 558

399 523 492 579 lib.
516 539 565 577 vt
600 522 904 591 llist.,cap.
938 521 1022 587 12,
1048 529 1103 575 et
1136 520 1228 575 lib.
1257 538 1327 576 vu
1359 520 1432 575 De
1453 523 1764 582 demonstra,
1790 535 1911 588 cap.
1934 517 1988 581 2,
2022 520 2066 571 Α
2095 518 2198 572 dwi
2236 521 2458 587 bellum,
2490 525 2629 595 quod
2660 527 2974 580 vetabantur
3008 528 3255 583 mutitare
3284 531 3561 600 genitalia.

396 616 483 669 ubi
518 614 641 683 quis
667 612 1029 683 Symmachus
1060 611 1225 665 fuerit
1255 612 1501 681 exponit,
1544 612 1610 666 de
1648 613 1793 665 illius
1821 619 1980 664 aetate

393 707 619 760 verbum
647 706 874 761 nullum.
913 703 1007 757 Est
1032 713 1236 767 tamen,
1272 712 1332 756 ut
1364 704 1598 772 ingenue
1625 702 1818 768 fatear,
1843 718 1979 755 non-

392 798 551 862 nihil,
588 797 735 866 quod
773 796 828 849 in
856 794 1154 850 asserenda
1176 794 1489 867 Symmachi
1525 802 1790 849 vetustate
1822 810 1981 848 scru-

394 891 578 959 pulum
616 898 823 942 movet:
880 888 1139 941 nimirum
1186 888 1333 956 quod
1375 888 1615 942 lrenzeus
1642 928 1655 953 ,
1687 888 1778 956 qui
1814 885 1979 940 Marci

392 980 599 1034 Aurelii
663 988 716 1035 et
754 979 1038 1034 Commodi
1098 988 1379 1050 tempore,
1416 995 1479 1033 ac
1526 979 1711 1034 Severi
1758 994 1979 1049 quoque

392 1074 546 1126 initio
596 1072 812 1135 ﬂoruit,
857 1071 954 1125 lib.
1000 1088 1088 1143 tu,
1125 1088 1247 1142 cap.
1276 1073 1346 1127 ει
1372 1110 1386 1135 ,
1419 1087 1544 1126 cum
1586 1072 1653 1125 de
1706 1073 1797 1124 illo
1826 1071 1978 1125 Isaiae

393 1166 556 1226 loco.
607 1178 728 1233 cap.
762 1178 877 1226 vu,
928 1162 1015 1227 14,
1068 1160 1204 1215 Ecce
1243 1163 1385 1232 virgo
1435 1163 1725 1230 concipiet,
1782 1163 1977 1215 adver—

392 1271 486 1311 sus
511 1253 730 1309 Iudaeos
764 1252 1015 1315 disserit,
1073 1251 1470 1307 Theodotionis
1516 1261 1570 1307 et
1596 1253 1804 1323 Aquilae
1828 1292 1843 1315 ,
1879 1254 1974 1320 qui

390 1348 550 1400 aliter
575 1345 918 1414 interpretati
949 1342 1186 1407 fuerant,
1222 1344 1491 1409 meminit,
1531 1360 1639 1398 non
1676 1346 1802 1397 item
1820 1342 1977 1414 Sym-

391 1437 593 1491 maehi.
636 1437 705 1488 At
746 1450 855 1489 non
902 1436 1086 1489 minus
1117 1436 1220 1491 iste
1247 1475 1261 1499 ,
1316 1450 1480 1505 quam
1513 1436 1676 1491 ambo
1707 1435 1827 1501 illi,
1877 1449 1976 1504 pro

389 1529 606 1599 virgine,
642 1528 857 1581 νεάνιδα
880 1527 1209 1591 reddiderat,
1245 1534 1303 1581 ut
1336 1527 1428 1581 lib.
1462 1543 1537 1581 vn
1570 1527 1646 1581 De
1676 1527 1969 1580 demonstr.

391 1628 625 1675 testatur
663 1618 954 1673 Eusebius.
999 1620 1185 1686 Itaque
1237 1619 1283 1671 si
1344 1628 1455 1671 tum
1515 1618 1663 1673 illius
1724 1618 1975 1672 exstabat

387 1712 575 1775 editio,
619 1710 872 1779 usurpari
901 1711 971 1765 ab
994 1709 1282 1773 Ebionmis,
1314 1725 1549 1779 quorum
1579 1727 1608 1763 e
1635 1726 1796 1781 grege
1817 1710 1973 1781 Sym-

388 1804 614 1858 machus
647 1804 747 1856 I'uit
775 1843 789 1866 ,
823 1813 875 1856 et
914 1803 982 1856 ab
1024 1800 1225 1856 Irenaeo
1266 1802 1437 1857 refelli
1468 1803 1675 1857 debuit.
1718 1803 1972 1871 Cogitent

2162 612 2231 665 Τὸ
2281 612 2349 665 δὲ
2405 614 2491 667 ἔτι
2536 619 2763 671 τούτων
2814 616 3254 687 χαλεπώτερον.
3318 620 3448 677 Vide
3503 622 3670 680 Corn.

2084 701 2301 756 Celsum
2344 705 2437 757 lib.
2472 722 2566 769 vn,
2602 723 2722 777 cap.
2758 709 2848 763 25.
2891 710 3056 764 Libro
3104 710 3124 764 l
3165 711 3434 777 Machab.,
3474 730 3592 784 cap.
3631 734 3671 780 ι,

2088 792 2362 849 Menelaus
2396 806 2449 850 et
2487 796 2688 853 Tobias
2705 800 3050 856 adduxerunt
3075 804 3176 858 sibi
3202 806 3486 874 praeputia.
3514 806 3669 872 Quod

2087 886 2308 941 llieron.
2344 888 2396 941 in
2422 905 2538 956 cap.
2574 906 2645 943 ιιι
2674 891 2836 945 Isaia:
2866 895 2982 948 ﬁeri
3015 911 3177 964 posse
3206 914 3314 949 non
3356 899 3609 952 credidit.

2153 982 2259 1033 Kal
2307 983 2686 1050 κολλητικοῖς
2733 987 3231 1053 περιοδευθέντες.
3273 989 3421 1044 Fort.
3461 992 3660 1061 περιδε·

2086 1069 2292 1135 θέντες.
2348 1073 2671 1143 Quanquam
2722 1077 2944 1131 tolerari
2991 1079 3161 1133 altera
3203 1091 3402 1148 potest.
3453 1080 3526 1137 De
3554 1100 3670 1136 em-

2084 1164 2309 1232 plastris
2348 1165 2612 1235 loquitur,
2648 1167 2846 1237 quibus
2894 1184 2958 1225 ea
3001 1186 3128 1239 pars
3171 1174 3496 1243 glutinatur.
3535 1174 3667 1230 Vide

2081 1252 2322 1307 Celsum.

2152 1340 2315 1393 Μετὰ
2345 1342 2563 1397 τοῦτον
2591 1343 2661 1397 δὲ
2704 1345 2854 1398 κατὰ
2900 1346 3112 1415 πόδας.
3149 1347 3264 1401 lmo
3314 1362 3439 1406 ante
3486 1352 3664 1420 ipsum

2081 1432 2292 1485 exstitit
2328 1432 2656 1499 Theodotio,
2712 1452 2821 1490 non
2868 1435 3158 1501 Ponticus.
3198 1442 3295 1497 sed
3345 1441 3658 1511 Ephesius:

2082 1522 2159 1574 uti
2192 1523 2260 1577 ab
2308 1527 2611 1581 Athanasio
2667 1537 2917 1593 vocatur,
2957 1539 3011 1585 et
3054 1533 3199 1602 quod
3248 1544 3413 1605 caput
3448 1546 3554 1601 est,
3596 1538 3665 1592 ab

2081 1608 2304 1677 Irena‘o,
2335 1614 2429 1667 lib.
2467 1631 2545 1676 Ill,
2584 1632 2704 1686 cap.
2749 1619 2836 1673 24.

2154 1705 2349 1757 "Astra
2397 1709 2483 1771 εἰς
2530 1708 2790 1776 ὕστερον
2833 1712 2903 1763 ἐν
2948 1712 3072 1778 τοῖς
3105 1717 3338 1783 φωνῶν.
3394 1717 3662 1789 Origenes

2081 1791 2221 1846 LXX
2255 1793 2545 1850 Seniorum
2587 1799 2809 1854 editioni
2846 1803 3215 1861 Tlieodotionis
3256 1811 3659 1864 translationem

385 1894 606 1949 eruditi.
642 1893 891 1947 Nondum
943 1892 1087 1945 enim
1130 1892 1186 1946 in
1226 1892 1505 1947 communi
1558 1893 1829 1947 sententia
1884 1866 2050 1947 ac?B
2081 1887 2309 1949 miscuit,
2356 1893 2609 1944 asterisco
2670 1902 2720 1946 et
2760 1896 2906 1948 obelo
2947 1913 3075 1964 opus
3123 1916 3272 1954 onine
3306 1902 3656 1971 dislinguem,

385 1985 668 2055 quiescere
697 2000 1012 2055 possumus.

458 2077 630 2130 Ὅσοι
658 2078 769 2144 γὰρ
798 2076 914 2130 ἀπὸ
951 2076 1071 2130 τῶν
1085 2076 1403 2131 Ἰουδαίων.
1436 2074 1783 2129 Contrarium
1807 2072 1975 2126 tradit

384 2166 616 2237 August.
663 2169 755 2221 lih.
810 2183 825 2220 ι
864 2177 1049 2222 contra
1078 2167 1352 2232 Grescon.,
1401 2182 1520 2236 cap.
1552 2167 1616 2220 3t
1663 2185 1675 2219 :
1717 2163 1973 2234 Nunquid

384 2258 525 2328 apud
570 2259 946 2313 Samaritanus
980 2260 1326 2313 circumcisus
1352 2299 1366 2321 ,
1418 2258 1466 2312 si
1501 2258 1620 2326 ﬁeri
1665 2267 1789 2310 tunc
1819 2256 1973 2311 vellet

382 2348 627 2413 Judteus,
652 2359 826 2417 posset
858 2352 1049 2404 iterum
1085 2349 1437 2404 circumcidi?
1472 2348 1661 2401 Nonne
1700 2348 1846 2402 illius
1877 2349 1971 2402 lto-

385 2440 543 2493 minis
592 2455 742 2492 error
797 2440 1183 2508 corrigeretur,
1231 2437 1563 2509 signaculum
1618 2436 1968 2505 autent/idsi

383 2532 617 2599 agnitum
641 2530 1002 2598 probaretur?
1034 2529 1099 2583 Et
1132 2546 1271 2583 nunc
1301 2538 1423 2583 sunt
1457 2528 1679 2597 quidam
1709 2528 1966 2594 ha'rctici,

381 2622 471 2688 qui
503 2636 557 2673 se
599 2619 913 2674 Nazarenos
949 2630 1135 2674 vocant
1157 2659 1171 2682 ,
1206 2637 1239 2672 a
1292 2619 1563 2671 nonnullis
1598 2630 1774 2671 autem
1808 2619 1967 2688 Sym-

385 2709 656 2763 machiaui
680 2707 1031 2777 appellantur,
1068 2718 1117 2763 et
1152 2710 1606 2762 circuntcisionem
1641 2708 1832 2762 habent
1861 2706 1967 2761 Ju-

382 2802 619 2853 tlworum
645 2840 659 2864 ,
700 2809 750 2853 et
792 2800 1113 2868 baptismum
1146 2800 1609 2861 Christianorum;
1642 2815 1702 2851 ac
1737 2815 1828 2867 per
1868 2799 1963 2852 hac

381 2891 822 2961 quemadmodum
852 2894 899 2947 si
928 2894 1046 2963 quis
1076 2908 1257 2946 eorum
1283 2893 1351 2945 ad
1368 2890 1587 2947 Juda'os
1616 2892 1830 2955 venerit,
1863 2908 1967 2945 non

382 2994 547 3050 potest
580 2985 768 3038 iterum
790 2983 1122 3051 circumcidi,
1148 2985 1223 3037 sic
1248 3001 1364 3037 cum
1398 2984 1466 3036 ad
1499 3002 1592 3037 nos
1622 2984 1836 3045 renerit,
1863 3000 1967 3039 non

380 3075 529 3130 debet
559 3077 751 3131 iterum
794 3077 1079 3147 baptizari.
1129 3076 1679 3148 Symmachianorum
1722 3077 1966 3130 meminit

380 3166 545 3219 etiam
574 3166 927 3222 Philastrius.
959 3166 1063 3221 Sed
1113 3168 1181 3221 ab
1208 3169 1315 3221 alio
1348 3183 1509 3236 quam
1548 3168 1617 3220 ab
1653 3168 1754 3221 hoe
1793 3166 1963 3220 iuter-
1992 3198 2036 3257 ϐ

382 3262 532 3318 prete
565 3257 874 3309 nominatos
914 3257 1189 3310 existimo.
1231 3256 1327 3311 Est
1373 3257 1505 3310 illud
1539 3273 1666 3310 vero
1701 3258 1963 3311 observa-

380 3346 529 3402 tione
568 3364 676 3402 uon
724 3350 1035 3419 indignum,
1068 3351 1214 3420 quod
1249 3350 1315 3405 ad
1359 3349 1838 3405 circumcisionem
1880 3358 1965 3402 at-

380 3438 561 3501 tinet,
613 3440 747 3495 solis
807 3442 952 3493 illam
1000 3439 1204 3496 ludatis
1247 3453 1489 3496 veterum
1541 3441 1707 3509 impp.
1754 3440 1965 3511 legibus

378 3527 553 3583 fuisse
588 3530 915 3599 permissam
938 3572 952 3593 .
995 3533 1211 3587 cmteris
1243 3531 1588 3587 interdictam
1610 3573 1625 3597 ,
1664 3532 1827 3584 etiam
1863 3532 1963 3585 Sa-

378 3621 689 3675 maritanis.
723 3623 839 3688 Qua
886 3625 951 3677 de
994 3638 1054 3678 re
1092 3624 1324 3694 insignis
1369 3632 1453 3678 est
1498 3623 1747 3693 Origcnis
1784 3624 1959 3685 locus,

381 3711 520 3765 libro
554 3728 588 3764 Il
616 3724 800 3766 contra
838 3713 1088 3777 Cel'um,
1137 3731 1262 3785 pag.
1306 3714 1409 3769 69:
1464 3706 1623 3767 Ἇλλὰ
1654 3716 1815 3784 φήσει
1854 3731 1960 3777 τις,

378 3801 462 3854 ὅτι
492 3804 586 3855 καὶ
624 3806 899 3875 Σςιμαρεῖς
927 3806 1017 3858 διὰ
1043 3807 1139 3877 τὴν
1162 3805 1373 3859 ἑαυτῶν
1407 3806 1716 3859 θεοσέϐειαν
1742 3805 1964 3858 διώκον-

378 3909 488 3945 ται.
530 3896 673 3963 Πρδς
711 3896 768 3947 ὃν
800 3896 1022 3949 τοιαῦτα.
1059 3897 1321 3967 ἐροῦμεν·
1360 3899 1423 3951 Οἱ
1470 3897 1708 3967 σικάριοι
1746 3896 1835 3949 διὰ
1864 3899 1965 3968 τὴν

383 3984 713 4054 περιτομὴν,
745 3987 820 4047 ὡς
889 3987 1395 4059 ἁκρωτηριάζοντες
1441 3988 1591 4057 παρὰ
1646 3988 1771 4049 τοὺς
1824 3987 1961 4040 καθ-

383 4071 623 4134 εστῶτας
658 4073 853 4142 νόμους
875 4115 890 4137 ,
924 4078 1019 4128 καὶ
1059 4076 1124 4130 τὰ
1186 4077 1459 4139 Ἰουδαίοις
1496 4076 1963 4148 συγκεχωρημένα

388 4164 606 4231 μόνοις,
661 4163 1032 4234 ἀναιροῦνταιο
1076 4166 1234 4219 Dicat
1282 4168 1515 4235 aliquis:
1552 4166 1733 4219 Etiam
1766 4167 1963 4221 Sama-

384 4254 549 4306 ritani
584 4253 645 4306 ob
678 4256 979 4324 religionem
1025 4273 1177 4309 suam
1219 4256 1634 4324 persecutionem
1681 4259 1960 4310 sustinent.

381 4341 483 4397 Cui
524 4345 603 4397 ita
649 4344 1056 4411 respondemus:
1113 4344 1314 4399 Sicarii
1346 4356 1560 4414 propter
1596 4345 1963 4398 circumcisio-

381 4450 517 4499 nem,
551 4444 808 4503 tanquam
840 4435 1149 4488 mutilantes
1175 4443 1361 4488 contra
1415 4437 1549 4506 leges
1590 4452 1651 4488 ac
1692 4437 1962 4489 licentiam

2078 1976 2203 2030 dum
2229 1990 2319 2031 aut
2352 1981 2656 2037 illuccscere
2684 1984 2838 2050 facit,
2871 2004 2988 2057 qua:
3022 1990 3193 2042 minus
3223 2001 3379 2045 antea
3407 1994 3619 2061 [uerunt
3640 2036 3656 2059 ,

2078 2082 2168 2124 aut
2190 2075 2456 2141 superﬂua
2470 2093 2685 2147 qttu'qtte
2708 2079 2919 2149 jugulat
2943 2092 2989 2135 et
3010 2083 3262 2152 confodit.
3287 2087 3407 2139 Ilaec
3433 2088 3653 2143 llieron.

2076 2158 2290 2216 Prtefat.
2326 2165 2381 2216 in
2416 2165 2629 2221 Pentat.
2666 2167 2799 2223 Vide
2833 2180 2887 2224 et
2916 2187 3001 2240 cp.
3028 2173 3096 2226 89
3140 2175 3207 2227 ad
3249 2177 3476 2245 August.

2145 2250 2307 2305 Μετὰ
2352 2254 2707 2309 Ἀντωνῖνον
2742 2258 2850 2310 τὸν
2887 2262 3054 2315 Πίον.
3090 2262 3243 2318 Hune
3271 2264 3529 2321 Severum
3561 2287 3657 2337 pro

2075 2338 2216 2415 Vero
2244 2344 2571 2411 appellatum
2601 2348 2669 2401 ab
2699 2346 3002 2418 Epiphanio
3031 2368 3195 2419 supra
3228 2356 3484 2411 vidimus.
3518 2358 3655 2412 lline

2076 2448 2198 2503 pag.
2230 2434 2351 2497 I72,
2383 2435 2450 2489 Μ.
2500 2438 2754 2508 Αὺρίλιος
2780 2441 2957 2513 Σουήρ
2988 2443 3189 2498 dicitur
3215 2464 3226 2497 :
3251 2447 3350 2499 hoc
3378 2457 3461 2502 est
3490 2449 3655 2520 Σευῆ-

2076 2540 2188 2592 ρος,
2220 2533 2279 2578 ut
2323 2526 2536 2595 opinor.
2579 2527 2902 2600 Quanquam
2950 2550 3095 2603 smpe
3136 2534 3353 2605 Οὺῆρος
3401 2549 3547 2594 recte
3587 2543 3657 2595 ab

2072 2615 2378 2684 Epiphanio
2409 2619 2748 2673 nominatur.
2776 2621 2915 2677 lluic
2946 2634 3140 2693 praeter
3167 2643 3253 2681 xix
3281 2644 3476 2695 annos,
3503 2648 3654 2685 men-

2072 2720 2186 2761 sem
2221 2724 2234 2761 I
2272 2707 2541 2764 Eusebius
2570 2713 2815 2782 assignat
2854 2733 2867 2768 :
2906 2713 3203 2786 Eutropius
3229 2729 3283 2773 et
3338 2719 3522 2775 Victor
3552 2740 3653 2777 au-

2070 2810 2171 2852 nos
2190 2814 2344 2851 xvnr.
2370 2798 2543 2856 Natus
2576 2810 2660 2857 est
2695 2819 2839 2857 anno
2867 2803 3009 2860 Vero
3036 2806 3079 2859 ll
3098 2816 3149 2860 et
3174 2809 3393 2879 Augure
3416 2827 3586 2875 coss.,
3624 2828 3654 2865 ν

2071 2883 2188 2939 Κιι.
2224 2886 2404 2955 Mart.,
2442 2900 2501 2943 ut
2530 2892 2604 2944 ait
2643 2894 3005 2962 Capitolinus.
3033 2897 3225 2952 Annus
3257 2900 3304 2954 is
3333 2910 3417 2955 est
3449 2903 3650 2957 Christi

2073 2977 2195 3030 till.
2230 2977 2376 3032 Vixit
2422 2996 2597 3037 annos
2648 3000 2799 3045 um,
2848 3001 3066 3041 menses
3098 3005 3148 3053 x,
3196 2990 3312 3043 dies
3349 3008 3438 3058 xx,
3473 3003 3530 3046 ut
3576 2996 3655 3047 ait

2070 3064 2404 3136 Xiphilinus.
2434 3070 2684 3129 Mortuus
2710 3085 2795 3129 est
2824 3076 2974 3129 enim
3008 3094 3096 3131 xvi
3132 3078 3249 3133 Kal.
3281 3081 3409 3150 Apr.
3461 3086 3649 3137 eodem

2072 3169 2314 3222 auctore,
2348 3160 2620 3217 Praesente
2653 3173 2707 3218 et
2750 3163 3027 3220 Gordiano
3061 3184 3232 3233 coss.,
3269 3185 3412 3224 anno
3452 3170 3653 3244 Diony-

2070 3248 2228 3303 siano
2263 3252 2383 3306 I80.
2435 3254 2731 3323 Imperavit
2772 3256 2940 3327 igitur
2979 3274 3154 3314 annos
3196 3260 3402 3315 solidos
3439 3278 3552 3327 xu,
3596 3276 3653 3319 et

2066 3339 2186 3395 dies
2222 3353 2483 3411 praeterea
2530 3361 2604 3399 ιιι.

2139 3430 2304 3487 Μετὰ
2336 3434 2551 3489 τοῦτον
2574 3437 2885 3507 Κόμμοδος
2919 3439 3129 3507 ἄλλος.
3164 3442 3355 3505 ’Ἄλλος
3394 3442 3553 3508 dixit,
3590 3454 3653 3499 ut

2067 3536 2097 3574 a
2139 3523 2308 3592 priori
2352 3526 2709 3592 discerneret,
2743 3529 2838 3599 qui
2896 3529 2968 3583 Μ.
3020 3533 3228 3586 Aurelii
3270 3533 3477 3602 collega
3510 3534 3650 3601 fuit;

2067 3615 2171 3670 suh
2199 3632 2309 3686 quo
2361 3615 2757 3675 Theodotionis
2802 3621 3097 3694 editionem
3149 3624 3424 3692 prodiisse
3458 3640 3651 3693 perpe—

2068 3723 2183 3760 ram
2214 3709 2508 3763 existimat.
2542 3710 2863 3780 Xiphilinus
2894 3714 3193 3770 Commodo
3221 3715 3315 3769 dat
3349 3731 3524 3770 annos
3552 3732 3649 3781 xu,

2064 3814 2284 3854 menses
2316 3815 2390 3862 ix,
2433 3800 2550 3855 dies
2584 3817 2693 3856 MV.
2721 3800 2909 3856 Victor
2938 3814 2990 3857 et
3022 3804 3321 3874 Eutropius
3343 3820 3517 3860 annos
3549 3821 3649 3869 xu,

2066 3905 2284 3946 menses
2318 3908 2437 3945 vm.
2470 3892 2703 3947 Occisus
2723 3903 2807 3948 est
2835 3895 2976 3963 prid.
3009 3895 3129 3949 Kal.
3171 3896 3318 3963 Jan.,
3350 3896 3651 3951 Commodo

2067 3979 2156 4033 VII
2193 3988 2247 4036 et
2276 3980 2565 4036 Pertinace
2605 3998 2774 4047 coss.,
2816 3999 2962 4038 anno
2995 3984 3329 4055 Dionysiano
3375 3986 3496 4040 192.
3543 3985 3650 4038 Im-

2067 4072 2277 4140 peravit
2303 4072 2468 4140 igitur
2496 4088 2669 4128 annos
2702 4090 2800 4138 xu,
2838 4089 3055 4129 menses
3088 4091 3205 4137 vni,
3243 4076 3359 4130 dies
3390 4093 3500 4129 xw.

2136 4163 2453 4231 Κόμμοδον
2489 4165 2705 4219 τοῦτον
2730 4165 3081 4233 διαδέχεται.
3124 4165 3342 4219 Falsum
3374 4176 3457 4221 est
3492 4182 3649 4223 men-

2067 4268 2155 4308 ses
2210 4254 2511 4321 imperasse
2550 4270 2626 4308 νι.
2681 4253 2866 4323 Neque
2911 4253 3057 4307 enim
3110 4256 3333 4308 tertium
3384 4254 3646 4324 implevit.

2066 4341 2363 4410 Eutropius
2402 4343 2521 4397 dies
2553 4359 2719 4409 Lxu,
2764 4342 2864 4397 Dio
2900 4357 3119 4395 Lxxxvu
3152 4360 3165 4395 :
3217 4342 3431 4397 duobus
3463 4344 3647 4397 minus

2068 4432 2256 4487 Victor
2294 4434 2564 4486 attribuit.

381 4527 507 4578 solis
545 4524 753 4579 Judteis
803 4542 1107 4580 concessam
1135 4565 1151 4590 ,
1204 4542 1358 4595 plena
1402 4527 1588 4580 mortis
1638 4527 1955 4595 aﬂiciuntur.

2142 4526 2366 4579 Τοῦτον
2421 4524 2753 4593 διαδέχεται
2803 4524 3071 4592 Σευ-ῆρος
3112 4523 3320 4587 ἄλλος.
3370 4523 3646 4577 lulianum

382 4614 616 4670 Proinde
650 4616 981 4670 Samaritani
1016 4627 1277 4687 tauquam
1312 4617 1496 4671 sicarii
1521 4619 1791 4687 supplicio
1825 4619 1960 4672 sub-

377 4706 538 4772 jecti,
598 4714 658 4759 ut
709 4715 762 4759 ct
812 4709 1046 4761 marium
1108 4715 1447 4762 exsectores.
1494 4706 1834 4762 Modestiuus
1872 4708 1965 4775 ju-

380 4798 613 4850 risco'is.
638 4814 651 4849 :
686 4797 1076 4851 Circumcidere
1103 4796 1470 4867 Judaeisﬁlios
1494 4813 1617 4850 suos
1646 4806 1855 4850 tantum
1880 4812 1963 4849 re-

2065 4616 2347 4685 prteteriit.
2386 4616 2498 4670 Cur
2529 4624 2710 4670 autem
2743 4615 2979 4684 Σευῆρον
3010 4615 3169 4669 ἄλλον
3210 4622 3389 4679 vocet,
3421 4630 3646 4669 causam

2062 4707 2437 4778 exposuimus.
2474 4706 2577 4762 Dio
2599 4708 2815 4775 imperii
2843 4716 3058 4775 tempus
3087 4704 3247 4759 annis
3278 4721 3413 4769 xvu,
3446 4706 3650 4759 mensi-

2062 4798 2167 4853 bus
2182 4813 2298 4861 vin,
2318 4798 2512 4853 diebus
2535 4813 2595 4850 ιιι
2624 4796 2830 4851 delinit.
2850 4798 2918 4848 At
2940 4795 3280 4865 Epiphanius
3304 4794 3406 4848 hoc
3430 4803 3647 4863 tempus

380 4888 575 4953 scripto
596 4886 701 4939 divi
733 4887 811 4940 Pii
833 4889 1189 4955 permittitur:
1219 4885 1267 4937 ei
1299 4905 1404 4942 non
1432 4888 1665 4956 ejusdem
1692 4888 1962 4957 religionis
2054 4901 2186 4941 cum
2222 4886 2499 4939 Antonino
2528 4885 2805 4939 Caraealla
2840 4885 2951 4937 lilio
2992 4882 3379 4936 communicat.
3436 4882 3490 4935 In
3536 4898 3651 4951 quo

379 4979 469 5048 qui
515 4976 610 5029 hoc
658 4977 872 5046 fecerit,
925 4979 1215 5033 castrantis
1274 4994 1427 5047 paena
1467 4980 1758 5049 irrogatur.
1804 4978 1959 5046 Quod

381 5076 630 5122 castrare
656 5083 724 5121 ne
764 5068 992 5123 medicis
1020 5069 1242 5138 quidem
1275 5070 1358 5125 I'as
1391 5078 1558 5135 esset,
1588 5070 1833 5131 declarat
1866 5068 1963 5123 Ju-

384 5160 561 5213 stinus
612 5166 822 5229 martyr
879 5157 1034 5227 Apol.
1067 5158 1103 5210 2
1157 5159 1407 5226 exemplo
1457 5158 1790 5221 Christiani,
1844 5158 1961 5227 qui,

387 5255 443 5298 ut
478 5264 725 5317 sparsam
751 5264 780 5301 a
822 5248 1119 5317 gentilibus
1171 5248 1434 5303 adversus
1464 5248 1812 5304 Christianos
1837 5264 1964 5318 pro-

386 5340 579 5394 miscui
641 5340 967 5393 concubitus
1028 5338 1289 5392 iuvidiam
1345 5338 1661 5405 relellerct,
1718 5340 1959 5393 libellum

383 5432 581 5485 obtulit
616 5431 779 5485 Felici
817 5430 1036 5500 .Egypti
1072 5431 1352 5499 praelecto,
1396 5446 1503 5499 quo
1533 5431 1824 5485 cxsecandi
1876 5432 1961 5487 sui

387 5531 626 5591 potestas
662 5526 843 5578 Iieret:
877 5524 1041 5574 Ἀνευ
1070 5522 1179 5593 γὰρ
1202 5522 1301 5591 τῆς
1322 5520 1415 5573 τοῦ
1442 5521 1703 5591 ἡγεμόνος
1742 5525 1963 5595 ἐπιτρο-

390 5617 496 5686 πῆς
524 5617 682 5671 τοῦτο
702 5620 957 5690 πράττειν
980 5616 1313 5689 ἀπειρῆσθαι
1337 5618 1385 5669 at
1415 5617 1529 5668 ἐκεῖ
1562 5617 1733 5685 ἰατροὶ
1756 5617 1958 5685 ἔλεγον.

388 5706 531 5772 Quin
562 5717 616 5764 et
653 5706 823 5764 Judaei
871 5707 1169 5779 aliquando
1204 5707 1353 5763 vetiti
1383 5706 1637 5761 mutilare
1683 5707 1960 5776 genitalia.

390 5796 573 5869 δραι-ι.
646 5798 914 5857 Adriano:
968 5799 1241 5853 Moverunt
1293 5815 1355 5852 ea
1426 5806 1730 5867 tempestate
1766 5807 1815 5851 et
1855 5796 1959 5852 Ju-

2066 4979 2203 5048 I‘ugit
2226 4993 2350 5032 cum
2377 4978 2515 5032 ratio
2542 4994 2555 5030 :
2591 4992 2719 5031 nam
2751 4976 3033 5030 Caraealla
3068 4974 3368 5027 Saturnino
3406 4984 3457 5028 et
3490 4976 3648 5029 Gallo

2063 5084 2211 5123 coss.
2243 5069 2524 5137 Augustus
2561 5081 2591 5119 a
2637 5065 2797 5120 Patre
2841 5066 3187 5121 renuntiatus
3226 5075 3333 5130 est,
3368 5082 3515 5119 anno
3543 5067 3644 5122 Se-

2065 5158 2179 5211 veri
2209 5158 2432 5211 circiter
2462 5172 2537 5210 vr.
2582 5156 2833 5210 Mortuus
2885 5164 2969 5210 est
3008 5156 3247 5213 Severus
3292 5154 3562 5211 Gentiano
3591 5164 3647 5211 et

2066 5249 2233 5305 Basso
2257 5264 2428 5314 coss.,
2461 5264 2607 5304 anno
2644 5247 2850 5302 Christi
2884 5247 3009 5304 27H.

2141 5341 2624 5407 Τελευτήσαντος
2659 5338 2728 5393 δὲ
2760 5338 3049 5407 Σευήρου.
3089 5338 3326 5392 Severus
3370 5338 3508 5391 duos
3544 5336 3645 5388 ha-

2066 5434 2184 5487 buit
2211 5434 2389 5489 ﬁlios:
2421 5432 2757 5487 Antoninum
2796 5431 3133 5487 Caraeallam
3171 5438 3226 5485 et
3283 5428 3494 5483 Getam.
3531 5427 3644 5479 Ilo-

2064 5540 2185 5578 rum
2227 5525 2464 5595 priorem
2489 5540 2615 5581 cum
2645 5532 2800 5595 patre
2829 5539 2961 5578 svnt
2986 5538 3160 5577 annos
3188 5521 3437 5589 explesse
3467 5518 3647 5571 credit

2065 5615 2439 5686 Epiphanius;
2485 5617 2718 5671 alterum
2768 5615 3035 5670 ambobus
3087 5611 3439 5665 successisse.
3483 5607 3643 5673 Quod

2065 5717 2149 5783 est
2182 5708 2542 5764 falsissimum
2570 5725 2583 5759 :
2609 5723 2736 5762 nam
2760 5721 2936 5776 neque
2958 5704 3089 5758 Geta
3116 5701 3408 5757 Caracallte
3438 5712 3643 5754 nomen

2068 5801 2279 5868 habuit,
2312 5809 2365 5855 et
2404 5801 2577 5857 altero
2606 5814 2750 5854 anno
2794 5806 2916 5868 post
2943 5795 3117 5867 patris
3158 5793 3368 5847 obitum
3398 5806 3431 5846 ι
3469 5789 3641 5847 Iratro
