3978 6220
342 366 452 427 559

1478 347 1827 405 APPENDIX
1869 347 2502 412 DISSERTATIONUM.

3507 358 3617 415 560

343 476 573 526 necatus
593 473 698 524 est.
729 464 1012 521 Caracalla
1048 474 1200 529 vero,
1230 458 1402 514 Dione
1432 466 1592 522 teste,
1629 458 1920 528 imperavit
1950 463 1996 520 A
2028 461 2159 517 1001
2192 464 2259 517 ab
2283 464 2429 520 Urbe
2452 465 2694 532 condita,
2748 464 3003 537 Philippo
3036 464 3105 520 Ill
3137 476 3191 523 et
3221 466 3477 540 Philippo
3500 470 3616 525 ﬁlio

342 574 518 615 annos
541 574 615 621 vr,
652 572 867 613 menses
908 570 968 619 ιι,
1000 568 1123 608 cum
1152 549 1345 605 diebus
1371 565 1424 606 v.
1466 548 1615 604 Obiit
1639 547 1918 605 Pracsente

337 660 394 704 et
424 646 703 703 Extricato
735 662 904 711 coss.,
941 658 1085 698 anno
1119 643 1455 714 Dionysiano
1483 642 1610 697 217.

420 739 524 794 Ἐν
550 739 618 792 δὲ
646 737 725 803 τῷ
753 737 978 804 ἑϐδόμῳ
1004 733 1211 789 αὑτοῦ.
1231 732 1369 789 Vide
1397 732 1693 789 Eusebium
1712 734 1811 791 lib.
1839 751 1911 791 v1.

339 829 627 883 Athanasii
667 828 939 895 interpres
972 823 1152 888 πίθοις
1186 823 1469 895 proprium
1500 824 1685 895 oppidi
1714 839 1913 880 nomen

337 934 461 975 esse
498 916 749 972 credidit.

413 1009 522 1062 Τόν
532 1007 599 1060 δὲ
610 1005 1012 1073 Καρὰκαλλον
1026 1004 1382 1074 διαδέχεται.
1404 1004 1725 1071 Macrinum,
1749 1021 1911 1077 quem

337 1100 395 1154 in
423 1099 693 1154 Ancorato
717 1105 998 1168 posuerat,
1024 1097 1114 1151 hic
1145 1098 1349 1152 omisit.
1381 1098 1483 1164 Qui
1515 1105 1638 1169 post
1666 1098 1915 1153 Caracal-

336 1191 444 1245 lam
471 1188 757 1260 imperavit
785 1201 989 1240 annum
1020 1200 1059 1252 ι,
1088 1200 1306 1241 menses
1332 1184 1445 1241 fere
1477 1202 1537 1241 ιι.
1570 1187 1727 1239 Hunc
1751 1200 1913 1256 pseu-

337 1281 750 1337 ilo-Antoninus
801 1277 1137 1350 Alagabalus
1193 1279 1427 1348 excepit.
1475 1276 1575 1332 Cui
1636 1290 1811 1331 annos
1860 1292 1912 1331 iv

339 1372 531 1428 tribuit
569 1370 865 1435 Eusebius;
905 1367 1200 1438 EutrOpius
1230 1383 1403 1425 annos
1435 1384 1497 1433 ιι,
1539 1384 1756 1424 menses
1781 1383 1910 1434 vui;

338 1462 529 1518 Victor
559 1461 612 1515 in
646 1458 953 1515 Cwsaribus
988 1473 1203 1515 menses
1224 1475 1374 1525 xxx;
1421 1459 1477 1513 in
1513 1457 1755 1527 Epitome
1787 1458 1913 1513 toti-

338 1554 460 1610 dem
515 1560 648 1623 quot
703 1551 1018 1622 Eutropius.
1087 1549 1197 1606 Sed
1247 1559 1302 1606 et
1351 1548 1700 1619 Lampridius
1746 1564 1913 1618 prope

339 1641 577 1698 triennio
614 1641 767 1695 illum
819 1639 1122 1708 imperasse
1166 1636 1378 1692 scribit.
1416 1634 1673 1691 Omnium
1722 1635 1913 1705 largis-

341 1735 478 1789 sime
508 1733 849 1789 Herodianus
882 1748 930 1784 νι
964 1744 1139 1785 annos
1159 1730 1422 1801 assignat.

2020 546 2065 599 ll
2095 563 2266 615 coss.,
2294 566 2404 604 non
2436 550 2734 607 IEmiliano
2760 560 2815 607 et
2829 553 3093 624 Aquilino
3126 569 3300 620 coss.,
3328 567 3387 611 ut
3416 552 3614 613 scribit

2021 635 2270 692 Cassiod.
2319 640 2512 695 Annus
2549 640 2640 697 ille
2667 650 2753 697 est
2803 642 3012 699 Christi
3050 643 3179 711 248,
3233 660 3345 701 non
3381 646 3510 714 249,
3554 659 3617 703 ut

2019 736 2102 783 est
2141 728 2194 781 in
2227 730 2544 784 Annalibus.

2091 814 2194 871 Ubi
2245 817 2537 888 dupliciter
2579 828 2857 892 peccatur.
2904 821 3090 879 Primo
3128 825 3274 895 quod
3320 825 3616 882 millesimo

2020 906 2142 976 ipso
2174 908 2391 966 labente
2435 912 2726 968 saeculares
2772 913 2888 968 ludi
2929 916 3210 971 commissi
3264 914 3612 986 referantur;

2018 995 2269 1068 Philippo
2312 1005 2468 1069 patre
2518 998 2563 1054 ll
2610 1009 2662 1055 et
2724 1001 2835 1056 lilio
2880 1004 2903 1056 Ι
2953 1016 3102 1059 coss.
3158 1017 3282 1058 cum
3321 1005 3618 1061 millesimo

2012 1080 2126 1150 jam
2169 1087 2405 1158 expleto,
2458 1089 2561 1145 hoc
2604 1092 2875 1147 est'lOOI
2931 1093 3177 1160 ineunte,
3207 1096 3412 1164 peracti
3466 1097 3615 1163 sint;

2016 1174 2264 1248 Philippo
2291 1187 2443 1248 patre
2463 1179 2531 1234 lll
2552 1189 2606 1237 et
2631 1181 2743 1237 lilio
2771 1181 2816 1236 ΙΙ
2843 1198 3016 1249 coss.,
3059 1185 3135 1239 uti
3162 1193 3372 1241 veteres
3400 1186 3617 1241 nummi

2018 1266 2176 1323 fidem
2212 1270 2437 1338 faciunt,
2468 1287 2609 1343 quos
2651 1270 2942 1341 Onufrius,
2991 1276 3206 1346 ipsique
3246 1276 3406 1345 adeo,
3457 1278 3613 1348 quod

2016 1359 2213 1414 mirum
2244 1369 2326 1416 est
2346 1404 2361 1429 ,
2392 1363 2623 1419 Annales
2654 1377 3070 1436 repraesentant.
3123 1368 3326 1424 Deinde
3366 1370 3514 1440 quod
3549 1370 3618 1424 il-

2016 1450 2124 1504 lum
2157 1451 2335 1522 ipsum
2366 1453 2519 1511 urbis
2550 1456 2897 1515 millesimum
2935 1474 3060 1513 cum
3094 1474 3241 1514 anno
3275 1460 3480 1517 Christi
3506 1461 3616 1517 249

2015 1556 2345 1599 concurrere
2374 1553 2588 1615 putant.
2619 1546 2838 1602 Etenim
2870 1551 2915 1604 si
2953 1549 3022 1604 de
3048 1552 3210 1606 annis
3249 1551 3454 1607 Christi
3492 1551 3618 1608 Dio-

2016 1632 2261 1703 nysianis
2292 1650 2474 1690 sermo
2513 1637 2605 1700 sit,
2642 1647 2703 1692 ut
2732 1646 2819 1693 est
2846 1655 3032 1695 revera
3051 1681 3066 1705 ,
3102 1643 3305 1697 usitato
3337 1643 3432 1698 illo
3459 1644 3614 1699 bien-

1936 1728 1986 1800 ‘_
2017 1724 2092 1776 nii
2144 1724 2603 1780 metacbronismo
2666 1726 2909 1783 rationes
2979 1731 3333 1784 conturbant.
3398 1730 3618 1800 Quippe

409 1822 569 1876 Μετὰ
607 1822 819 1874 τοῦτον
859 1818 1259 1875 ἐϐασίλευσεν
1276 1794 1713 1886 "Adeas-6120c.
1746 1815 1909 1871 Occi-

2024 1827 2201 1868 annus
2236 1813 2400 1869 Urbis
2438 1817 2784 1882 millesimus,
2836 1833 2901 1873 ex
2944 1818 3282 1875 Varroniaua
3325 1828 3617 1890 computa-

339 1927 435 1967 sus
463 1920 546 1967 est
575 1926 626 1965 ιιι
657 1910 732 1964 Id.
763 1910 923 1963 Mart.
960 1924 990 1963 a
1025 1908 1291 1964 militibus
1313 1909 1660 1978 Alagabalus,
1692 1909 1810 1978 ipso
1836 1906 1910 1961 ιν

338 2010 393 2057 et
423 2001 735 2057 Alexandro
780 2001 997 2057 Caesare
1028 2014 1175 2055 coss.
1205 1999 1317 2055 Nec
1364 1998 1432 2054 de
1477 2015 1622 2053 anno
1669 1999 1912 2053 dubitari

339 2102 535 2165 potest.
566 2091 663 2149 Est
694 2090 845 2147 enim
868 2091 1072 2163 insigni
1101 2091 1418 2146 charactere
1439 2092 1641 2145 nobilis
1675 2110 1687 2144 :
1720 2105 1915 2161 nempe

338 2184 486 2255 quod
520 2198 666 2239 anno
701 2183 881 2254 primo
925 2181 1244 2248 Alexandri,
1278 2189 1338 2235 ut
1385 2189 1618 2236 testatur
1654 2180 1913 2251 llippoly-

338 2286 428 2330 tus
464 2274 522 2328 in
561 2273 780 2328 Canone
824 2270 1102 2337 Pascltali,
1129 2269 1343 2326 decima
1390 2276 1585 2339 quarta
1634 2269 1913 2323 Paschalis

338 2362 670 2436 contigit'ld.
698 2363 830 2434 Apr.
867 2362 1148 2419 Sabbato:
1181 2361 1408 2433 proinde
1460 2360 1615 2431 cyclo
1652 2363 1787 2416 solis
1813 2376 1910 2424 vn,

340 2458 484 2510 lunae
521 2470 632 2520 xiv,
677 2469 822 2508 anno
855 2453 1065 2509 Christi
1103 2451 1440 2523 Dionysiano
1466 2451 1595 2515 222,
1639 2451 1721 2504 lit.
1756 2449 1912 2505 Dom.

342 2547 403 2601 Ρ.
471 2546 734 2601 Onufrius
756 2545 903 2599 hunc
924 2558 1126 2597 annum
1156 2543 1364 2598 Christi
1395 2541 1523 2595 facit
1546 2542 1674 2605 225,
1699 2550 1917 2611 propter

340 2637 693 2707 anticipatain
722 2650 833 2690 uno
871 2649 1017 2689 anno
1062 2633 1448 2705 Dionysianam
1482 2634 1783 2703 epoeham;
1814 2646 1917 2685 cte-

341 2729 443 2784 teri
481 2728 609 2782 224.
643 2728 889 2804 Quorum
929 2726 1431 2781 metachronismus
1469 2740 1535 2785 ex
1571 2724 1674 2779 hoc
1723 2724 1917 2779 chara-

341 2828 490 2876 ctere
515 2819 893 2891 deprehensus
930 2817 1347 2889 castigationem
1378 2824 1642 2871 meretur.
1678 2815 1918 2886 Impera-

340 2910 419 2965 vit
447 2909 757 2966 Alexander
796 2924 972 2964 annos
1007 2923 1132 2973 xm,
1164 2908 1284 2964 dies
1311 2924 1387 2975 ix,
1427 2908 1499 2962 ait
1537 2907 1914 2978 Lampridius;

341 3001 670 3071 astipulatur
736 3007 792 3056 et
843 2998 1175 3069 Eutropius,
1224 3011 1441 3053 necnon
1508 2997 1711 3052 Victor.
1765 2995 1917 3051 Unus

342 3091 684 3148 Herodianus
719 3105 896 3146 annos
935 3105 1028 3145 xiv
1060 3090 1338 3159 assignat;
1382 3087 1528 3158 quod
1568 3087 1781 3142 scilicet
1826 3100 1918 3140 xiv
1947 3116 1991 3176 ο

339 3184 450 3252 jam
479 3183 760 3238 numerari
787 3190 998 3251 cceptus
1030 3190 1198 3236 esset.
1227 3178 1376 3235 Obiit
1405 3180 1573 3250 igitur
1593 3193 1739 3233 anno
1758 3177 1921 3232 Chri-

342 3276 413 3329 sti
440 3274 568 3338 235,
600 3273 804 3328 Severo
832 3282 886 3327 et
913 3271 1211 3337 Quintiano
1241 3283 1388 3324 coss.

372 3392 381 3397 -
423 3365 526 3417 Ἐν
553 3362 877 3416 Νικοπόλει
906 3358 982 3428 τῇ
1008 3359 1160 3427 πρὸς
1194 3360 1418 3425 Ἀκτίᾳ.
1448 3357 1743 3429 Perperam
1777 3346 1929 3427 apud.

345 3453 542 3506 Athan.
583 3453 649 3522 τῇ
681 3451 820 3521 πρὸς
856 3449 1125 3521 ἀρκτίοις.
1155 3448 1310 3504 Unde
1340 3450 1610 3518 interpres
1638 3446 1923 3513 :Nicopoli

344 3539 764 3609 septentrionali.
786 3538 919 3609 Leg.
948 3540 1015 3609 τῇ
1048 3538 1185 3609 πρὸς
1223 3537 1414 3608 ’Δκτίᾳ
1437 3538 1521 3593 vel
1557 3535 1776 3606 Ἀκτίῳ.

412 3629 575 3684 Μετὰ
615 3628 833 3683 τοῦτον
867 3628 1207 3693 βασιλεύει.
1244 3626 1574 3681 Maximinus
1623 3625 1921 3680 triennium

344 3732 468 3771 eum
500 3716 697 3770 diebus
726 3715 934 3783 aliquot
963 3715 1275 3785 imperavit,
1304 3723 1363 3769 ut
1406 3714 1572 3770 refert
1598 3713 1916 3785 Eutropius.

342 3807 528 3874 Quare
567 3806 806 3860 moritur
835 3821 981 3859 anno
1020 3804 1227 3861 Christi
1258 3805 1385 3860 258.
1427 3804 1502 3859 De
1535 3805 1695 3861 annis
1741 3804 1920 3861 tribus

342 3899 694 3955 consentiunt
722 3906 775 3953 et
803 3899 916 3963 alii,
955 3909 1013 3952 ut
1035 3895 1245 3952 Victor.
1274 3897 1343 3952 At
1372 3897 1638 3953 Onufrius
1666 3899 1720 3952 in
1749 3896 1919 3952 Chro-

347 3993 467 4047 nico
494 4005 668 4045 annos
692 3991 785 4045 dat
813 3998 1024 4044 tantum
1053 3988 1193 4043 duos
1223 4004 1347 4044 cum
1398 3990 1607 4060 aliquot
1636 3988 1918 4045 mensibus

337 4091 397 4139 et
429 4082 662 4150 diebus;
702 4093 756 4138 et
786 4085 1027 4138 occisum
1056 4081 1191 4137 facit
1214 4097 1362 4138 coss.
1403 4080 1673 4151 Perpetuo
1700 4087 1755 4135 et
1777 4078 1918 4134 Cor-

339 4174 580 4240 neliano,
604 4173 694 4227 cui
720 4187 922 4226 annum
952 4171 1181 4227 ascribit
1212 4170 1375 4227 Urbis
1402 4169 1528 4235 990,
1555 4169 1760 4224 Christi
1787 4166 1915 4230 258,

340 4267 433 4337 qui
460 4279 653 4322 revera
685 4271 773 4320 est
798 4263 937 4329 237;
971 4262 1027 4317 in
1075 4261 1260 4316 Fastis
1294 4275 1422 4316 vero
1458 4268 1604 4314 anno
1630 4257 1792 4313 Urbis
1815 4256 1912 4312 991

328 4355 695 4412 Maximinum
733 4353 1082 4409 interfectum
1114 4367 1239 4407 esse
1264 4359 1473 4414 narrat,
1500 4349 1595 4420 qui
1619 4356 1706 4403 est
1734 4361 1916 4402 annus

2023 1904 2191 1968 tione,
2216 1920 2379 1975 quam
2413 1909 2645 1963 Annales
2679 1918 3007 1980 sequuntur,
3034 1912 3294 1967 convenit
3315 1926 3441 1966 cum
3468 1925 3616 1968 anno

2017 1996 2219 2055 Christi
2261 1998 2595 2071 Dionysiano
2629 2003 2756 2057 247.
2791 2002 2948 2069 Quod
2985 2019 3051 2059 ex
3083 2004 3172 2068 iis,
3204 2019 3328 2075 qua
3373 2005 3613 2074 sparsim

2018 2088 2072 2142 in
2116 2090 2201 2145 his
2232 2091 2790 2149 Animadversionibus
2834 2102 3091 2150 annotata
3126 2104 3277 2161 sunt,
3311 2094 3613 2151 manifesto

2017 2185 2231 2234 constat
2258 2198 2271 2234 :
2302 2190 2461 2251 atque
2509 2182 2651 2239 inter
2690 2184 2796 2238 alia
2825 2200 2892 2239 cx
2939 2186 3157 2257 egregio
3189 2186 3283 2241 illo
3316 2185 3609 2242 Censorini

2017 2266 2138 2322 loco
2161 2282 2283 2340 pag.
2315 2270 2405 2336 47,
2436 2271 2525 2326 ubi
2557 2286 2759 2327 annum
2789 2273 2962 2338 illum,
3000 2289 3110 2345 quo
3146 2273 3339 2345 Ulpius
3367 2284 3422 2329 et
3458 2272 3611 2329 Pon-

2017 2366 2178 2413 tanus
2220 2374 2369 2416 coss.
2413 2363 2762 2427 exstiterunt,
2811 2380 2922 2434 quo
2953 2366 3023 2420 ab
3059 2364 3381 2437 Olympiade
3431 2364 3616 2436 prima

2019 2450 2342 2507 millesimus
2368 2460 2421 2507 et
2449 2454 2928 2522 quartusdecimus
2959 2471 3026 2511 ex
3056 2458 3251 2512 diebus
3280 2458 3489 2514 aestivis
3522 2459 3616 2512 in—

2017 2543 2246 2598 choatus
2276 2550 2383 2610 est,
2412 2542 2582 2600 fuisse
2614 2546 2809 2600 scribit
2836 2546 2904 2600 ab
2934 2545 3082 2601 Urbe
3106 2548 3331 2603 condita
3369 2562 3615 2618 nongen-

2019 2635 2273 2689 tesimum
2311 2636 2725 2705 nonagesimum
2754 2639 2987 2707 primum
3015 2653 3082 2694 ex
3112 2638 3419 2702 Parilibus;
3444 2638 3616 2693 Julia-

2020 2741 2150 2780 num
2179 2741 2310 2781 vero
2331 2726 2458 2780 28⁸5.
2484 2725 2601 2781 Non
2635 2729 2880 2798 potestis
2910 2728 3052 2783 alius
3083 2744 3263 2784 annus
3279 2744 3425 2792 esse,
3446 2742 3614 2799 quam

2017 2816 2122 2870 258
2171 2815 2560 2888 Dionysianus,
2601 2819 2757 2889 cyclo
2801 2819 2944 2873 lunae
2983 2833 3059 2885 xi,
3096 2819 3231 2873 solis
3261 2834 3417 2885 xxm,
3453 2827 3512 2873 ut
3541 2832 3614 2872 ex

2018 2906 2423 2978 Olympiadum,
2447 2905 2812 2972 Julianorum,
2843 2908 3384 2964 Nabonassareorum
3414 2924 3479 2963 ac
3498 2923 3611 2963 cz-

2019 3005 2257 3051 terorum
2313 3012 2580 3053 annorum
2636 3000 3042 3068 comparatione
3094 3000 3393 3069 colligitur.
3442 2997 3615 3068 Igitur

2022 3103 2145 3144 cum
2182 3104 2358 3145 annus
2390 3088 2555 3145 Urbis
2598 3089 2698 3144 991
2737 3092 2947 3162 cyclum
2982 3091 3179 3146 habeat
3208 3091 3351 3145 lunae
3390 3105 3467 3154 xi,
3500 3089 3615 3160 pri-

2023 3195 2145 3234 mus
2192 3178 2355 3235 Urbis
2402 3194 2581 3236 annus
2626 3179 3025 3247 Varronianus,
3061 3197 3226 3250 quem
3272 3180 3614 3236 Censorinus

2022 3270 2390 3340 amplectitur,
2423 3272 2480 3327 in
2509 3272 2721 3342 cyclum
2767 3274 2910 3328 lunae
2955 3290 3007 3328 ix
3058 3273 3271 3339 incidit,
3312 3273 3449 3329 solis
3488 3286 3612 3326 xm.

2023 3359 2259 3417 Proinde
2292 3362 2621 3419 millesimus
2655 3363 2724 3417 ab
2765 3361 2910 3419 Urbe
2941 3363 3162 3420 condita
3211 3365 3398 3435 cyclos
3443 3362 3616 3432 exigit

2021 3451 2167 3506 inme
2191 3452 2409 3521 quidem
2438 3468 2476 3518 I,
2501 3453 2634 3511 solis
2666 3469 2716 3507 IV
2749 3473 2761 3508 :
2792 3454 2884 3524 qui
2912 3469 3058 3509 anno
3089 3454 3297 3510 Christi
3332 3453 3438 3508 247
3459 3467 3614 3505 com~

2022 3550 2234 3613 petunt.
2267 3541 2412 3614 Ergo
2436 3542 2484 3599 is
2512 3551 2598 3599 εει
2629 3559 2697 3600 ex
2737 3544 3000 3600 Varronis
3043 3545 3315 3599 sententia
3356 3542 3427 3596 ab
3466 3539 3612 3595 Urbe

2021 3633 2238 3689 condita
2270 3634 2614 3714 millesimus.
2643 3635 2834 3691 Annus
2863 3635 3006 3689 enim
3031 3634 3136 3689 219
3171 3637 3356 3705 cyclos
3402 3632 3612 3688 obtinet

2022 3725 2164 3780 lunae
2216 3741 2300 3789 ιιι,
2351 3726 2484 3782 solis
2532 3740 2608 3781 vr.
2653 3725 2749 3783 His
2795 3726 2867 3780 ita
2910 3728 3252 3793 constitutis,
3290 3726 3385 3795 qui
3436 3738 3612 3778 annos

2021 3813 2288 3885 Philippis
2326 3816 2631 3869 attribuunt
2658 3831 2711 3880 ν,
2749 3831 2873 3869 cum
2918 3816 3135 3870 illorum
3170 3816 3387 3871 initium
3422 3812 3611 3868 consi-

2022 3915 2221 3977 gnetur
2266 3907 2555 3962 consulatu
2596 3906 2878 3979 Peregrini
2921 3917 2976 3963 et
3018 3907 3325 3971 IEmiliani,
3381 3904 3473 3975 qui
3527 3910 3609 3957 est

2022 4015 2199 4054 annus
2228 4000 2434 4054 Christi
2467 3998 2833 4070 Dionysianus
2864 3999 2990 4065 244,
3027 4011 3255 4054 mortem
3291 3995 3606 4052 eorunnlem

2020 4090 2330 4145 attribuunt
2385 4103 2532 4145 coss.
2592 4089 2892 4145 JEmiliano
2938 4098 2992 4146 et
3048 4090 3329 4160 Aquilino,
3384 4085 3479 4156 qui
3523 4091 3608 4140 est

2022 4182 2187 4238 Urbis
2238 4181 2409 4246 1002,
2442 4181 2644 4237 Christi
2687 4180 2812 4235 249.
2850 4181 2927 4235 Ita
2976 4180 3240 4236 Onufrius
3268 4197 3283 4234 :
3316 4178 3409 4248 qui
3462 4175 3607 4229 hunc

2018 4272 2197 4341 ipsum
2246 4279 2498 4326 numerat
2562 4271 2767 4326 Christi
2821 4271 2967 4338 250,
3026 4282 3248 4342 propter
3298 4270 3607 4325 institutam

2019 4362 2226 4417 Christi
2277 4376 2545 4417 annorum
2587 4364 3054 4433 anticipationem,
3097 4364 3165 4418 de
3192 4377 3300 4433 qua
3335 4375 3478 4430 saepe
3519 4359 3609 4413 di-

336 4463 461 4502 xeras
472 4445 825 4516 Dionysianae
842 4455 1032 4497 revera
1059 4442 1187 4507 238,
1207 4441 1369 4511 Ulpio
1392 4448 1447 4495 et
1471 4439 1743 4494 Pontiano
1764 4453 1910 4495 coss.

2021 4451 2222 4505 ximus.
2260 4453 2327 4504 At
2360 4452 2563 4522 quibus
2605 4462 2812 4523 septem
2841 4456 3001 4509 annis
3049 4455 3256 4523 placuit
3307 4455 3609 4525 imperasse

323 4534 460 4604 'Quo
492 4549 636 4591 anno
666 4535 865 4589 librum
894 4547 1053 4588 suum
1089 4532 1431 4588 Censorinus
1456 4531 1822 4594 elucubravit,
1856 4538 1917 4585 ut

332 4641 407 4680 ex
440 4625 686 4694 ejusdem
712 4624 806 4678 illo
826 4623 949 4677 loco
982 4629 1219 4686 constat,
1253 4622 1349 4692 qui
1370 4620 1551 4675 alTerri
1577 4620 1737 4690 vulgo
1757 4622 1913 4687 solet,

339 4726 533 4785 estque
573 4714 943 4784 chronologite
993 4714 1419 4779 munimentum,
1456 4718 1512 4767 et
1550 4710 1771 4782 ἔλεγχος
1814 4711 1917 4782 τῆς

339 4804 665 4875 διαστροφῆς
701 4802 810 4856 τῶν
848 4803 1075 4874 χρόνων.

416 4895 637 4950 Τοῦτον
665 4893 998 4964 διαδέχεται
1019 4893 1367 4963 Γορδιανός.
1391 4892 1749 4949 Praetermisit
1777 4892 1916 4950 Gor-

337 4988 533 5042 dianos
558 4994 613 5042 et
643 4985 933 5040 Maximum
974 5000 1037 5040 ac
1099 4984 1405 5050 Balbinum,
1437 4986 1529 5055 qui
1577 4986 1703 5041 vivo
1735 4985 1915 5040 adhuc

341 5077 639 5131 Maximino
675 5077 846 5131 creati
880 5074 1119 5130 fuerant.
1165 5074 1477 5132 Gordianus
1507 5083 1689 5131 autem
1720 5074 1916 5130 Iunior

340 5180 517 5219 annos
552 5163 666 5219 fere
704 5179 758 5219 v1
789 5164 1078 5233 imperium
1112 5164 1308 5218 tenuit.

408 5255 568 5310 Μετὰ
587 5255 803 5309 τοῦτον
816 5255 1135 5319 βασιλεύει
1157 5256 1470 5322 Φίλιππος.
1498 5255 1794 5326 Eutropius
1818 5271 1914 5310 an-

337 5360 440 5401 nos
466 5346 558 5399 dat
584 5361 636 5408 v,
655 5344 987 5413 totidemque
1006 5343 1192 5401 Victor
1215 5363 1230 5411 ;
1252 5345 1591 5417 Epiphanius
1614 5345 1911 5401 Eusebium

338 5446 561 5494 secutus
590 5444 693 5492 est.
714 5434 848 5490 Vide
883 5436 1218 5493 Baronianos
1252 5438 1508 5491 Annales.
1532 5436 1800 5493 Onufrius
1817 5453 1914 5492 an-

338 5543 483 5585 nosv
502 5542 631 5582 cum
650 5527 936 5583 mensibus
966 5528 1175 5598 aliquot
1207 5526 1419 5581 tribuit.
1452 5525 1774 5598 lnsignitum
1808 5528 1912 5584 fuit

340 5617 711 5689 Pbilipporum
726 5617 1015 5688 imperium
1032 5616 1570 5683 saecularibusludis,
1593 5620 1684 5688 qui
1698 5621 1912 5691 expleto

320 5705 448 5789 “iam
473 5705 779 5764 millenario
808 5706 972 5763 Urbis
1010 5721 1155 5761 anno
1192 5706 1452 5763 celebrati
1505 5717 1655 5775 sunt,
1693 5710 1797 5769 hoc
1825 5721 1911 5770 est

2020 4540 2301 4612 Philippos
2329 4562 2342 4596 :
2387 4544 2423 4596 ii
2459 4551 2709 4600 mortuos
2745 4544 2868 4600 illos
2900 4553 3092 4616 putant
3126 4545 3305 4602 Deciis
3339 4546 3607 4600 ainbobus

2019 4647 2193 4698 coss.,
2230 4643 2286 4687 ut
2318 4643 2403 4689 est
2436 4635 2580 4704 apud
2608 4633 3023 4699 Cassiodorum,
3052 4638 3144 4707 qui
3180 4636 3404 4691 Decium
3434 4635 3604 4689 lilium

2018 4724 2253 4793 appellat
2285 4723 2595 4779 Etruscum.
2632 4724 2836 4797 Estque
2872 4727 2920 4782 is
2949 4744 3127 4783 annus
3158 4727 3322 4782 Urbis
3354 4727 3512 4789 1004,
3555 4735 3615 4777 ιιι

2018 4813 2252 4870 Orosius
2290 4814 2565 4884 prodidit,
2598 4816 2804 4872 Christi
2847 4817 3214 4889 Dionysianus
3246 4817 3373 4872 25L
3409 4817 3479 4870 At
3509 4831 3607 4871 ve-

2018 4913 2108 4962 tus
2154 4906 2462 4974 inscriptio,
2491 4921 2613 4976 quae
2652 4922 2797 4963 anno
2837 4909 3039 4963 Christi
3061 4908 3169 4963 253
3201 4905 3482 4977 Philippos
3510 4920 3608 4961 oe-

2018 4996 2167 5051 cisos
2215 4997 2434 5059 asserit,
2475 5011 2707 5067 quaeque
2739 5000 2793 5052 in
2838 4999 3133 5054 Annalibus
3181 5001 3450 5061 refertur,
3486 4999 3608 5053 sine

2016 5086 2185 5142 dubio
2213 5101 2353 5141 vana
2387 5100 2452 5141 ac
2501 5090 2850 5159 supposititia
2896 5097 3001 5155 est,
3045 5091 3276 5162 ideoque
3310 5090 3506 5145 merito
3535 5090 3606 5144 ab

2016 5175 2246 5231 Onufrio
2279 5180 2682 5247 praetermissa,
2739 5180 2785 5235 si
2824 5181 2988 5236 modo
3032 5196 3151 5236 eam
3201 5182 3358 5235 vidit.
3417 5180 3605 5250 Neque

2015 5268 2161 5323 enim
2205 5269 2341 5323 adeo
2393 5277 2605 5325 vetusta
2657 5279 2743 5326 est
2787 5276 3280 5342 computandorum
3330 5289 3601 5328 annorum

2015 5359 2175 5421 ratio,
2221 5375 2342 5429 quae
2371 5375 2400 5415 a
2431 5361 2636 5417 Christi
2684 5361 2859 5418 Natali
2907 5365 3215 5429 deducitur,
3262 5374 3319 5419 ut
3351 5365 3600 5419 omittam

2015 5449 2085 5502 ab
2126 5448 2453 5520 Dionysiana
2501 5452 2758 5507 methodo
2794 5454 3016 5509 biennio
3061 5456 3238 5511 solido
3285 5453 3600 5525 inscriptio-

2013 5555 2136 5596 nem
2170 5540 2315 5607 illam
2360 5541 2676 5597 abhorrere.

2087 5631 2321 5703 Τοῦτον⁴
2336 5633 2644 5700 διεδέξατο
2672 5633 2896 5703 Δέκιος.
2937 5635 3234 5709 Eutropius
3261 5637 3425 5693 Decio
3455 5637 3596 5694 inte-

2013 5732 2140 5790 gros
2173 5732 2348 5777 annos
2395 5719 2535 5778 duos
2582 5718 2832 5793 imputat,
2862 5733 2924 5779 ιιι
2952 5733 3008 5781 et
3042 5727 3229 5785 Victor
3273 5727 3327 5782 in
3361 5726 3595 5784 Cesari-
