3978 6220
356 396 446 456 εει
1018 367 1022 370 ’
1316 391 1403 446 ne
1440 389 1880 446 ROMANORUM
1920 390 2102 445 IMPP.
2149 391 2670 448 CIIRONOLOGIA.

3508 390 3615 450 562

363 511 476 562 tius.
520 506 586 558 At
623 505 674 558 in
725 502 960 574 Epitome
988 483 1225 563 ‘mcuscs
1277 525 1382 562 xxx
1429 509 1726 578 imperasse
1775 507 1936 571 dicit;
1973 511 2015 567 Α
2045 505 2200 560 Τιιιιε
2226 509 2368 561 ειιίιιι
2407 511 2577 564 multo
2609 524 2771 578 quam
2804 507 2938 562 alias
2972 521 3208 576 unquam
3242 506 3525 562 atrociora‘
3551 524 3615 572 ac

361 597 717 654 Cassiodorus
753 597 1028 650 hiennimu
1079 606 1132 650 ct
1189 614 1405 653 menses
1455 617 1544 665 Iv;
1602 598 1934 666 Epiphanius

361 686 575 741 Eusebii
610 685 902 740 Chronicon
934 693 1154 745 secutus
1185 703 1387 740 annum
1423 705 1458 753 ι,
1499 704 1712 742 ιιιειιεεε
1747 705 1826 742 ιιι.

439 779 533 828 Ἐν
584 775 654 828 δὲ
701 776 826 841 τοῖς
873 778 1113 844 χρόνοις
1158 779 1387 831 Δεκίου.
1428 779 1582 833 Gallo
1635 782 1936 848 imperante

358 867 588 920 moritur
625 865 909 936 Origenes.
944 882 1145 919 ammm
1192 883 1357 937 agens
1392 885 1551 932 inx;
1601 877 1792 923 auctor
1829 867 1936 920 Eu-

357 959 538 1011 sebius
572 956 667 1010 lib.
700 973 795 1019 vn,
828 973 876 1011 c.
913 958 932 1009 l
967 974 980 1020 ;
1015 957 1237 1012 llieron.
1270 959 1323 1010 in
1359 957 1538 1012 Catal.
1577 957 1757 1022 Quare
1787 957 1933 1026 quod

361 1048 502 1099 hunc
542 1048 619 1100 ait
664 1047 999 1116 Epiphanius
1057 1046 1306 1101 ﬂoruisse
1335 1063 1364 1099 a
1402 1046 1548 1100 Decii
1582 1057 1826 1117 tempore
1868 1047 1935 1101 ad

355 1131 566 1184 Gallum
601 1143 653 1185 et
687 1131 1062 1194 Volusianum,
1099 1134 1328 1187 nimium
1368 1143 1663 1202 angustum
1696 1146 1779 1188 est
1811 1151 1936 1204 spa-

355 1223 508 1274 tium.
546 1222 825 1291 Siquidem
853 1225 941 1277 isti
978 1240 1086 1277 non
1121 1226 1243 1293 plus
1303 1225 1520 1277 biennio
1555 1240 1617 1277 ac
1655 1225 1935 1279 mensibus

354 1329 404 1366 IV
435 1314 796 1383 imperarunt.
821 1314 948 1367 Ideo
981 1330 1076 1383 pro
1105 1314 1266 1368 Decio
1292 1315 1538 1370 Severum
1568 1315 1749 1369 dicere
1772 1330 1936 1384 opor-

353 1405 488 1463 tnit:
521 1419 646 1457 nam
681 1406 782 1459 sub
810 1406 912 1458 hoc
945 1406 1273 1474 imperatore
1307 1405 1538 1460 celebris
1582 1413 1666 1460 est
1716 1406 1934 1460 habitus

350 1494 638 1562 Origenes.
672 1493 809 1548 Vide
842 1494 1040 1550 Euseb.
1089 1497 1184 1550 lib.
1211 1512 1330 1561 vm,
1379 1511 1500 1564 cap.
1531 1496 1583 1549 3.
1633 1494 1738 1548 Sed
1788 1495 1934 1563 quod

354 1585 496 1636 ultra
525 1580 663 1635 Galli
694 1589 747 1636 et
777 1583 1055 1636 Volusiani
1093 1583 1382 1653 imperium
1411 1583 1762 1650 superstitem
1796 1581 1935 1636 Ori-

353 1688 542 1740 genem
590 1672 763 1727 fuisse
810 1673 1002 1727 scribit
1051 1674 1427 1743 Epiphanius,
1479 1673 1741 1726 reclamat
1773 1669 1936 1726 Euse-

353 1762 497 1825 bius,
526 1762 618 1830 qui
649 1760 802 1816 Gallo
841 1762 1032 1830 imper.
1058 1777 1123 1816 ex
1159 1764 1258 1816 ltac
1289 1763 1395 1818 vita
1424 1763 1692 1832 migrasse
1730 1762 1936 1817 diserte

351 1860 605 1906 testatur.
648 1851 724 1906 De
749 1867 856 1921 qua
879 1868 937 1907 re
964 1854 1029 1906 ad
1067 1853 1260 1907 meres.
1289 1853 1358 1907 64
1387 1855 1649 1908 diximus.

419 1941 717 2005 Φαϐιανὸς
747 1940 814 1993 δὲ
840 1942 940 1992 ἐπὶ
970 1941 1207 2010 Ῥώμης.
1255 1942 1330 1996 De
1355 1941 1599 1997 Fabiano
1623 1952 1676 1997 et
1700 1943 1936 1997 Alexan-

350 2027 451 2082 dro
492 2030 608 2082 vide
641 2028 937 2084 Eusebium
967 2033 1061 2086 lib.
1095 2048 1169 2096 νι,
1197 2048 1317 2102 cap.
1341 2032 1434 2086 22.

418 2118 534 2170 Kal
563 2118 740 2184 αὐτὸς
767 2118 836 2172 δὲ
859 2123 892 2173 ό
921 2121 1237 2189 Ὠριγένης.
1280 2121 1445 2175 Multa
1474 2136 1572 2189 pro
1599 2121 1806 2176 Christi
1837 2137 1936 2176 no-

350 2207 502 2261 mine
535 2207 770 2263 diversis
802 2212 1138 2280 temporibus
1167 2227 1364 2282 passus
1390 2221 1474 2267 est
1498 2210 1780 2282 Origenes.
1813 2212 1934 2266 Pri-

351 2314 502 2351 mum
537 2299 640 2354 sub
663 2299 900 2366 Severo;
948 2317 1070 2356 cum
1123 2303 1319 2372 saapius
1352 2303 1417 2356 ad
1451 2318 1639 2358 necem
1672 2302 1936 2369 quaesitus

347 2403 494 2456 aagre
520 2388 694 2441 latuit.
726 2389 802 2444 De
829 2406 940 2460 quo
971 2392 1170 2446 Euseb.
1203 2393 1300 2446 lib.
1331 2408 1406 2456 vr,
1439 2406 1560 2461 cap.
1587 2393 1640 2444 5.
1668 2390 1804 2444 Tum
1831 2391 1934 2444 sub

353 2476 702 2542 Alexandro;
739 2493 803 2533 ac
830 2478 1025 2535 deinde
1055 2481 1158 2535 sub
1188 2479 1352 2536 Decio
1383 2497 1395 2532 :
1422 2497 1531 2550 qua
1575 2481 1628 2534 in
1667 2495 1924 2549 persecu—

351 2562 502 2617 tione
557 2563 768 2634 lapsum
822 2566 966 2623 illius
1015 2568 1285 2624 accidisse
1334 2571 1527 2624 merito
1573 2569 1921 2637 conjieimus.

2045 599 2450 652 vehementiora
2483 615 2773 670 perpessus
2804 606 2908 654 est.
2933 598 3009 654 De
3042 598 3242 668 quibus
3270 598 3465 652 Euseb.
3489 613 3612 669 cap.

2039 689 2127 743 39.
2167 687 2228 740 Et
2259 705 2359 744 nos
2401 691 2468 744 ad
2503 690 2950 761 Origenianorum
2987 689 3218 744 haeresin
3247 689 3495 760 quaedam
3528 697 3612 744 at-

2038 779 2280 850 tigimus.

2106 869 2316 937 Εὑρὼν
2369 868 2436 922 δὲ
2483 868 2594 936 τῆς
2641 868 2912 938 πέμπτης
2957 869 3052 922 καὶ
3091 868 3287 937 ἕκτης.
3359 868 3614 935 ρυεειιίιηι

2040 959 2240 1015 fuerint
2272 959 2523 1030 Origenis
2563 959 2829 1026 Tetrapla,
2869 959 3111 1026 Hexapla
3146 968 3198 1014 ct
3241 946 3485 1028 Octapla,
3523 977 3618 1014 nc-

2038 1064 2127 1101 mo
2187 1051 2499 1102 accuratius
2549 1046 2850 1115 Epiphanio
2905 1048 3146 1100 tradidit.
3181 1047 3362 1113 Quare
3400 1065 3467 1103 ex
3497 1047 3618 1117 eius

2037 1139 2188 1193 l'onte
2223 1153 2414 1191 omnes
2447 1137 2769 1200 hauserunt,
2801 1135 2892 1204 qui
2923 1136 3140 1189 illorum
3169 1138 3508 1191 voluminum
3531 1153 3619 1190 ra-

2038 1229 2240 1282 tionem
2291 1229 2632 1297 explicarunt
2683 1247 2695 1282 :
2746 1236 2800 1283 et
2849 1237 3032 1282 tamen
3089 1228 3336 1297 plerique
3395 1231 3448 1282 in
3508 1238 3617 1283 tam

2037 1327 2226 1386 aperto
2295 1316 2583 1387 Epiphanii
2635 1317 2756 1369 loco
2806 1317 3034 1370 multum
3094 1317 3411 1371 hallucinati
3467 1326 3614 1372 sunt.

2037 1407 2292 1460 Omnium
2346 1422 2473 1459 vero
2523 1405 2760 1460 maxime
2812 1405 3090 1460 Marianus
3135 1404 3472 1472 Victorinus,
3508 1408 3618 1475 ,qui

2038 1496 2427 1565 Hieronymum
2478 1497 2769 1551 recensuit.
2805 1495 2910 1560 Qui
2962 1497 3017 1549 in
3057 1496 3283 1550 scholiis
3329 1496 3395 1549 ad
3435 1496 3528 1550 lib.
3579 1512 3612 1550 ιι

2038 1585 2191 1655 Apol.
2251 1587 2305 1638 in
2355 1584 2518 1654 Ruﬁ,
2572 1601 2722 1638 num.
2775 1585 2884 1650 63,
2953 1585 3128 1639 credit
3181 1583 3434 1654 Origenis
3489 1584 3612 1646 Ἐξ-

2035 1679 2201 1733 aratri
2225 1696 2288 1732 ex
2323 1678 2528 1733 Grzecis
2556 1678 2888 1734 editiouibus
2921 1694 2974 1732 vr
3013 1677 3182 1734 fuisse
3209 1686 3465 1732 contexta
3499 1678 3620 1731 :ni-

2037 1770 2234 1823 mirmn
2285 1769 2423 1821 LXX
2455 1769 2766 1831 Seniorum,
2799 1771 3026 1840 Aquilae,
3064 1767 3400 1839 Symmachi,
3437 1767 3618 1821 Thco-
3677 1770 3680 1772 ’

1967 1841 2007 1895 Β
2037 1860 2300 1920 dotionis,
2326 1858 2531 1924 Quinta
2566 1865 2620 1913 et
2655 1857 2819 1912 Sexta
2850 1877 2862 1911 :
2897 1867 2950 1912 et
2987 1857 3274 1910 Erasmum
3308 1857 3464 1909 aliter
3495 1861 3618 1908 sen-

2036 1949 2259 2002 tientem
2301 1948 2578 2018 redarguit
2623 1963 2686 2002 ex
2718 1946 3030 2017 Epiphanii,
3071 1956 3128 1999 ut
3167 1947 3386 2007 asserit,
3421 1953 3616 1997 aucto-

2036 2038 2216 2092 ritate.
2263 2035 2419 2102 Quod
2455 2036 2611 2090 valde
2648 2035 2839 2090 miror.
2877 2036 3058 2104 Neque
3106 2035 3252 2089 enim
3305 2033 3615 2102 cujusmodi

2035 2125 2304 2179 editiones
2336 2126 2440 2178 illae
2473 2125 2674 2178 fuerint
2694 2124 3033 2194 Epiphanius
3063 2124 3297 2177 obscure
3320 2121 3614 2190 signiﬁcat.

2037 2229 2163 2269 cum
2197 2216 2306 2278 hic,
2342 2223 2468 2268 tum
2491 2216 2547 2269 in
2575 2213 2795 2285 Origen.
2832 2214 3049 2278 haeresi,
3077 2229 3197 2282 quae
3224 2223 3308 2268 est
3339 2212 3427 2275 64,
3465 2228 3519 2265 ιι.
3561 2213 3616 2270 5.

2039 2302 2134 2356 sed
2165 2302 2256 2355 hic
2289 2302 2658 2370 potissimum.
2700 2301 2820 2366 Quo
2859 2315 2927 2354 ex
2963 2301 3084 2354 loco
3121 2300 3458 2370 singularum
3508 2297 3617 2350 edi-

2039 2393 2246 2446 tionum
2273 2393 2520 2446 ordinem
2544 2393 2599 2446 in
2627 2392 2828 2462 triplici
2865 2393 3119 2448 codicum
3143 2407 3342 2464 genere
3370 2390 3616 2460 sequenti

2037 2483 2431 2553 diagrammate
2465 2484 2876 2554 proposuimus.

1689 2678 1970 2716 'I'ETRAPLA
2005 2677 2274 2717 OleENIS.

1088 2774 1312 2844 Aquila.
1463 2774 1844 2845 Symmachus.

2015 2774 2392 2845 Septuaginta.

2572 2772 2897 2827 Thcodotio.

1857 2883 2123 2922 ιιειΑιιιΑ.

588 2955 848 3010 llebraica
901 2958 1136 3026 propriis
1277 2957 1540 3012 llebraica
1579 2957 1783 3011 Graii-is

551 3026 832 3081 clementis
889 3037 1168 3096 concepta.
1244 3027 1444 3081 litteris
1481 3028 1812 3096 conscripta.

1891 2957 2107 3026 Aquila.
2185 2956 2567 3028 Symmachus.
2646 2956 3022 3026 Septuaginta.
3100 2952 3422 3009 Theodotio.

1850 3128 2090 3169 OCTAPLA
2103 3151 2116 3165 .

352 3203 620 3258 llebraica
639 3219 765 3273 pro-
785 3203 1048 3259 Hebraica
1067 3203 1210 3259 Grat-

388 3274 528 3344 priis
569 3275 764 3328 litteris
839 3275 916 3345 cis
945 3282 1212 3345 concepta

387 3351 673 3411 concepta.
840 3344 1054 3398 litteris.

1291 3205 1508 3275 Aquila.
1586 3203 1965 3276 Symmachus.
1991 3203 2344 3273 Septuaginta
2435 3203 2756 3260 Theodotio.

2872 3201 2916 3256 V
2947 3203 3135 3258 editio.
3273 3201 3339 3258 Vl
3366 3202 3552 3260 editio.

354 3430 493 3484 Hinc
538 3431 750 3484 illorum
789 3446 944 3485 error
973 3432 1196 3501 insuper
1227 3432 1493 3500 arguitur,
1524 3431 1616 3501 qui
1657 3430 1709 3483 in
1742 3429 1925 3483 Tetrac

2039 3435 2138 3488 inv.
2170 3433 2264 3482 καὶ
2294 3430 2686 3502 ἀντιπαραθεὶς
2723 3430 2978 3502 ἀλλήλαις
3015 3429 3158 3500 μετὰ
3188 3431 3281 3484 καὶ
3307 3431 3480 3502 αὐτῆς
3514 3433 3616 3501 τῆς

351 3521 456 3587 plis
487 3521 713 3589 primam
746 3521 1057 3575 columnam
1085 3519 1222 3574 LXX
1259 3520 1580 3576 Senioribus
1609 3520 1931 3583 attribuunt,

353 3626 495 3679 quos
539 3613 757 3666 tertium
807 3611 862 3665 in
910 3613 1088 3667 locum
1133 3612 1411 3680 conjectos
1460 3611 1790 3682 Epiphanius
1824 3617 1934 3663 tam

354 3702 558 3756 diserte
603 3711 889 3757 memorat.
934 3703 1004 3756 At
1030 3702 1297 3780 Eusebius
1331 3703 1428 3757 lib.
1463 3719 1537 3765 vr,
1577 3718 1700 3772 cap.
1739 3703 1806 3755 i7
1830 3740 1845 3764 ,
1879 3701 1932 3753 in

355 3791 696 3848 Psalmorum
736 3793 1011 3863 Hexaplis,
1038 3803 1161 3864 post
1187 3794 1427 3865 insignes
1462 3811 1525 3849 ac
1551 3795 1708 3848 tritas
1739 3793 1936 3848 editio-

357 3897 456 3937 nes
495 3891 754 3951 quatuor,
803 3885 978 3954 inquit
1009 3903 1022 3939 :
1057 3886 1131 3937 Οὐ
1164 3885 1323 3955 μόνον
1354 3885 1637 3955 πέμπτην,
1679 3885 1814 3936 ἀλλὰ
1841 3883 1936 3936 καὶ

357 3971 524 4039 ἕκτην
568 3972 660 4023 καὶ
680 3973 910 4042 ἑϐδόμην
941 3975 1204 4044 παραθεὶς
1231 3977 1544 4044 ἑρμηνείαν,
1576 3975 1668 4026 ἐπὶ
1693 3976 1821 4042 μιᾶς
1840 3970 1935 4026 αὗ-

361 4057 446 4120 θις
475 4059 859 4127 σεσημείωται,
892 4061 966 4122 ὡς
1009 4063 1066 4113 ὲν
1105 4063 1318 4132 Ἱεριχοῖ
1361 4061 1669 4130 εὑρημένης
1700 4061 1756 4110 ὲν
1794 4059 1936 4130 πίθῳ

360 4147 503 4199 κατὰ
532 4148 660 4210 τοὺς
689 4147 914 4218 χρόνους
949 4149 1264 4204 Ἀντωνίνου
1290 4148 1386 4201 τοῦ
1419 4150 1534 4201 υἱοῦ
1565 4151 1827 4217 Σεὸήρου.
1859 4151 1937 4203 lla

360 4246 569 4308 septem
601 4239 655 4292 in
684 4239 942 4309 Hexaplis
973 4241 1243 4295 editiones
1273 4241 1496 4303 fuerint,
1531 4248 1589 4292 ut
1626 4256 1734 4293 non
1767 4239 1939 4293 Hexa-

356 4330 448 4396 pla
471 4339 674 4394 essent,
708 4332 804 4385 sed
847 4331 1130 4400 Heptapla.
1161 4331 1417 4397 Quantam
1451 4346 1579 4385 vero
1609 4330 1810 4400 ἑϐδόμη
1846 4331 1936 4384 illa

363 4420 500 4473 fuit?
528 4420 809 4488 Graecane,
831 4439 898 4476 an
917 4421 1215 4476 llebraica?
1246 4421 1431 4476 Greca
1452 4421 1507 4474 in
1532 4420 1770 4488 Octaplis
1791 4421 1935 4474 nulla

360 4518 556 4576 praeter
603 4526 696 4565 sex
745 4510 864 4564 fuit.
895 4511 951 4565 Si
986 4510 1306 4566 ilebraicam
1348 4512 1621 4580 intelligit,
1654 4527 1760 4564 non
1789 4510 1938 4564 ἐϐδό-

364 4615 471 4668 μην
498 4601 688 4667 ιιιοε·Ιο,
720 4604 812 4655 sed
840 4602 1032 4672 ὀγδόην
1049 4602 1210 4656 etiam
1236 4601 1292 4654 in
1321 4600 1559 4670 Octaplis
1587 4599 1786 4669 adjecit
1812 4601 1936 4656 Ori-

361 4705 527 4758 genes
561 4709 573 4742 :
610 4707 801 4760 nempe
841 4691 1084 4746 eamdem
1139 4691 1460 4746 Hebraicam
1504 4690 1706 4745 Graecis
1739 4690 1936 4746 litteris

2047 3517 2314 3588 Ἐϐραίων
2348 3519 2722 3590 σημειώσεως,
2755 3518 2824 3571 τὰ
2865 3517 2974 3571 τῶν
2999 3517 3306 3589 λεγομένων
3333 3521 3465 3588 ἡμῖν
3498 3521 3618 3587 Ἐξ-

2036 3607 2222 3661 απλῶν
2251 3608 2557 3678 ἀντίγραφα
2587 3607 2995 3662 καταλέλοιπεν·
3023 3607 3137 3661 Has
3161 3624 3339 3662 omnes
3361 3609 3522 3662 editio
3561 3626 3616 3663 es

2038 3699 2195 3767 (quas
2231 3707 2434 3768 septem
2467 3701 2913 3767 enumeraverat)
2945 3701 3000 3755 in
3034 3715 3198 3752 unum
3241 3715 3418 3753 omnes
3449 3700 3616 3768 conji-
3705 3729 3714 3739 -

2037 3788 2198 3850 ciens,
2227 3795 2273 3840 et
2298 3803 2389 3856 per
2411 3788 2683 3841 columnas
2709 3786 2964 3851 dividens,
2991 3803 3052 3840 ac
3087 3787 3189 3840 sibi
3219 3787 3436 3840 invicem
3463 3803 3619 3856 oppo-

2038 3890 2186 3942 nens,
2213 3891 2331 3927 cum
2378 3873 2644 3949 llebraica
2689 3876 2803 3942 ipsa
2832 3875 3223 3943 signiﬁcatione
3251 3875 3618 3944 I-Iexaplorum

2039 3963 2185 4015 nobis
2237 3964 2560 4029 exemplaria
2609 3964 2839 4032 reliquit.
2874 3963 3086 4028 Quibus
3117 3979 3182 4018 ex
3219 3965 3400 4020 verbis
3445 3967 3619 4034 conji-

2039 4065 2162 4103 cere
2187 4050 2333 4113 licet,
2358 4050 2590 4121 ἑϐδόμην
2621 4051 2790 4114 illam,
2821 4053 2864 4104 si
2901 4052 3060 4105 modo
3088 4052 3297 4121 integra
3328 4053 3488 4106 lectio
3510 4064 3614 4113 est,

2041 4137 2360 4192 Hebraicam
2384 4155 2504 4194 esse
2533 4141 2647 4194 suis
2672 4141 2868 4194 litteris
2889 4141 3279 4209 conscriptam,
3305 4143 3371 4194 ad
3395 4158 3557 4210 quam
3584 4145 3619 4214 ἡ

2042 4228 2360 4297 σημείωσις,
2391 4229 2494 4283 hoc
2528 4238 2612 4285 est
2641 4230 2829 4285 eadem
2865 4229 3131 4283 llebraica
3165 4229 3368 4286 Graecis
3398 4247 3620 4301 expres-

2039 4334 2100 4374 sa
2131 4320 2349 4384 litteris,
2383 4322 2874 4390 accesserit.Atqui
2902 4321 3126 4389 Octapla
3149 4320 3262 4390 jam
3289 4330 3474 4386 erant,
3507 4339 3619 4378 non

2045 4408 2309 4478 Hexapla.
2340 4411 2424 4464 An
2471 4411 2704 4480 Octaplis
2734 4411 2867 4481 ipsis
2904 4409 3269 4479 Hexaplorum
3299 4427 3496 4466 nomen
3528 4413 3614 4466 in-

2039 4499 2210 4553 ditum
2240 4507 2346 4567 est,
2375 4509 2647 4570 quatenus
2677 4517 2770 4555 sex
2801 4500 3007 4554 Graecis
3032 4501 3364 4556 editionibus
3395 4510 3616 4555 consta-

2039 4588 2212 4643 bant?
2240 4587 2384 4644 Sane
2411 4590 2513 4644 hoc
2539 4591 2716 4659 ipsum
2751 4590 2947 4645 docere
2977 4601 3177 4659 printer
3205 4589 3502 4646 Eusebium
3536 4592 3618 4646 vi-

2039 4679 2200 4734 detur
2228 4679 2563 4750 Epiphanius
2605 4681 2799 4736 haeres.
2853 4681 2921 4734 64
2950 4680 3424 4751 Origenianorum,
3465 4697 3520 4735 τι.
3559 4683 3614 4736 5.

359 4789 658 4835 exaratam.
706 4781 760 4835 lu
809 4782 1066 4850 llexuplis
1113 4798 1242 4837 vero
1285 4799 1394 4836 non
1437 4797 1528 4836 sex
1559 4780 1800 4846 Graecas,
1838 4782 1933 4837 sed

2041 4768 2174 4823 Nam
2224 4770 2468 4840 Hexapla
2515 4771 2650 4826 dicit
2700 4781 2896 4842 praeter
2922 4771 3142 4826 Graecas
3191 4772 3456 4827 editiones
3495 4789 3611 4840 sex,

361 4876 596 4937 quatuor
624 4871 891 4924 duntaxat
922 4873 1187 4927 exhibuit.
1219 4870 1400 4937 Quare
1431 4872 1604 4927 mirus
1635 4879 1717 4926 est
1761 4871 1934 4927 Euse-

361 4958 434 5011 bii
476 4960 648 5024 locus,
697 4967 771 5024 ct,
807 4961 911 5015 nisi
966 4961 1142 5024 fallor,
1193 4961 1510 5015 mendosus.
1563 4961 1934 5031 Expungenda

362 5047 526 5116 igitur
559 5049 673 5104 haec
701 5050 956 5114 arbitror,
987 5053 1080 5104 καὶ
1105 5052 1358 5121 ἑϐδόμην.
1394 5050 1632 5105 Tametsi
1672 5053 1816 5120 apud
1843 5050 1937 5105 Ni-

360 5139 656 5208 cephorum
707 5141 868 5194 etiam
920 5142 971 5194 in
1007 5142 1197 5195 Graeco
1221 5142 1408 5195 codice
1432 5157 1535 5198 ms.
1570 5141 1705 5195 Bibl.
1734 5141 1930 5196 Vienn.

361 5244 424 5282 ex
457 5227 690 5284 Eusebio
721 5232 981 5282 translata
1008 5232 1240 5299 reperio.
1268 5230 1590 5296 Quinetiam
1620 5233 1816 5287 vitiosa
1847 5231 1937 5286 illa

364 5334 484 5373 esse
503 5318 849 5383 crediderim,
880 5321 971 5371 ἐπὶ
995 5323 1122 5390 μιᾶς
1136 5317 1310 5384 αὖθις.
1333 5322 1435 5375 Pro
1457 5323 1654 5391 quibus
1674 5322 1933 5387 rescribo,

366 5408 456 5460 ἐπὶ
479 5409 606 5480 μιᾶς
629 5409 901 5479 πέμπτης.
926 5409 1123 5474 Quinta
1155 5411 1298 5463 enim
1325 5410 1508 5464 editio
1538 5409 1853 5465 Jerichunte
1882 5418 1936 5464 ln

368 5497 510 5553 dolio
540 5509 619 5555 est
650 5501 867 5554 inventa
894 5519 906 5554 :
931 5501 1018 5552 cui
1050 5499 1149 5554 soli
1183 5501 1370 5555 titulus
1402 5509 1520 5555 erat
1541 5501 1632 5555 ille
1659 5501 1933 5570 przelixus.

369 5588 497 5642 illud
531 5605 695 5659 porro
715 5591 1153 5647 consideratione
1178 5592 1400 5662 dignum
1429 5599 1533 5654 est,
1563 5592 1708 5662 quod
1739 5594 1808 5647 ab
1834 5594 1938 5646 Eu-

363 5678 518 5735 sebio
559 5689 680 5750 post
717 5681 805 5734 illa
834 5681 995 5737 verba
1047 5683 1352 5738 subtexitur
1393 5701 1405 5736 :
1440 5683 1654 5745 Ταύτας
1682 5683 1738 5735 δὲ
1765 5685 1936 5748 αὑτὰς

375 5772 470 5824 επὶ
502 5770 693 5826 ταυτὸν
741 5771 1060 5840 συναγαγὼν
1092 5773 1326 5839 ἁπάσας,
1351 5773 1536 5831 διελών
1573 5793 1630 5835 τε
1669 5773 1811 5845 πρὸς
1834 5775 1937 5828 κῶ-

2038 4861 2334 4918 chraicas
2364 4864 2620 4918 habuisse
2644 4865 2800 4927 duas,
2830 4863 2971 4917 ὥστε
2997 4862 3133 4918 εἶναι
3171 4866 3270 4936 τὴν
3297 4867 3476 4920 πᾶσαν
3505 4869 3615 4920 Πα-

2038 4953 2195 5008 λαιὰν
2237 4955 2510 5027 Διαθήκην
2551 4956 2620 5008 δι’
2652 4955 2972 5021 Ἐξαπλῶν
2992 4955 3360 5026 καλουμένων,
3391 4958 3486 5011 καὶ
3529 4958 3617 5012 διὰ

2037 5046 2148 5100 τῶν
2195 5045 2288 5098 δύο
2329 5046 2634 5117 Ἑϐραϊκῶν
2679 5047 2958 5119 ῥημάτων.
2990 5045 3133 5115 Lege
3166 5049 3427 5102 attentius
3471 5049 3614 5102 hunc

2044 5136 2246 5191 locum.
2297 5135 2431 5189 Nam
2485 5137 2837 5205 Hea'aplorum
2899 5136 3314 5206 appellationem
3371 5137 3609 5208 Octaplis

2045 5225 2206 5280 etiam
2266 5226 2402 5294 ipsis
2454 5229 2869 5281 accommodare
2897 5228 3142 5290 videtur;
3191 5237 3246 5282 et
3298 5229 3514 5297 quidem
3562 5231 3612 5280 in

2043 5323 2158 5370 toto
2189 5315 2384 5371 Vetere
2412 5315 2783 5383 Testamento,
2814 5317 2958 5386 quod
2993 5317 3059 5371 de
3086 5316 3351 5373 Psalterio
3389 5319 3506 5373 solo
3535 5325 3615 5368 te-

2045 5413 2221 5460 statur
2247 5404 2532 5460 Eusebius.

2114 5496 2275 5552 Μετὰ
2322 5496 2567 5551 Γάλλον
2628 5499 2727 5551 καὶ
2807 5500 3274 5553 Οὐολουσιανόν.
3326 5495 3608 5549 Biennium

2042 5589 2221 5643 caeteri
2255 5587 2365 5642 fere
2399 5590 2505 5643 illis
2539 5590 2874 5654 attribuunt;
2907 5589 3224 5656 Eutropius,
3259 5585 3466 5650 Victor,
3499 5597 3606 5640 etc.

2043 5680 2311 5736 Eusebius
2335 5696 2549 5735 menses
2578 5689 2834 5749 prmterea
2860 5696 2911 5734 iv
2945 5681 3000 5732 in
3038 5678 3240 5732 Chron.
3279 5678 3336 5730 In
3367 5677 3611 5732 Historia

2043 5790 2169 5832 vero
2200 5789 2265 5829 ne
2306 5774 2574 5843 integrum
2599 5770 2818 5840 quidem
2865 5769 3164 5824 biennium.
3196 5768 3264 5824 At
3301 5767 3366 5822 in.
3392 5769 3608 5837 Annal.,
