3978 6220
334 353 439 413 563

1436 349 1779 408 APPENDIX
1823 346 2451 407 DISSERTATIONUM.

3501 350 3615 406 πει

331 471 396 530 Α.
434 469 563 539 256,
607 488 664 528 ιι.
704 471 796 537 55,
837 479 1074 542 quatuor
1108 469 1449 540 imputantur
1492 469 1646 533 anni,
1678 486 1743 525 es
1781 467 1923 522 auti-
1952 468 1993 523 Δ
2024 466 2365 523 wrtentibus
2389 464 2606 536 imperii
2634 463 2795 520 annis
2822 463 3155 535 respondere
3184 463 3418 520 videtur.
3446 463 3605 530 Quod

331 563 458 630 quis
491 563 728 618 tuttumis
757 581 772 617 :
803 562 859 618 in
891 561 1090 632 quibus
1109 558 1395 613 tribuuitia
1414 566 1683 629 potestate
1713 574 1763 613 IV
1790 556 1923 612 Tre-

333 653 464 708 bon.
496 653 687 710 Gallus
722 654 937 723 legitur.
971 650 1104 716 Quae
1154 650 1438 706 tribuuitia
1484 656 1728 720 potestas
1760 648 1923 703 toties

335 743 689 813 multiplicari
725 742 960 805 solebat,
992 749 1125 811 quot
1162 740 1229 795 ad
1256 740 1543 810 imperium
1574 746 1922 794 accesserant

335 834 489 895 anni,
525 843 586 886 ut
632 840 867 888 testatur
912 830 1030 886 Dio.
1065 830 1171 886 Sed
1228 831 1273 885 si
1324 830 1481 884 Gallo
1528 844 1593 883 ac
1617 829 1922 884 Volusiano

334 931 596 993 puzeterea
635 923 918 978 biennium
953 922 1319 994 arrogandum
1356 929 1463 985 est,
1492 936 1783 976 commune
1815 921 1920 975 hoc

334 1014 454 1069 istis
499 1028 625 1069 esse
673 1029 798 1068 cum
830 1011 1120 1068 Valeriano
1176 1012 1482 1068 etGalieno
1533 1013 1738 1067 debet:
1772 1012 1920 1083 quod

290 1162 295 1169 ,
333 1104 532 1157 mirum
582 1111 667 1159 est
692 1104 761 1157 ab
790 1104 1071 1160 historicis
1099 1118 1224 1160 esse
1251 1103 1675 1158 dissimulatum.
1712 1103 1823 1159 Nec
1857 1105 1921 1158 il-

334 1195 427 1249 lud
461 1196 670 1259 nescio,
710 1210 874 1264 quam
922 1194 1083 1251 fallax
1134 1195 1454 1265 plerumque
1479 1196 1792 1264 conjectura
1826 1196 1918 1249 illa

336 1286 430 1347 sit,
457 1300 579 1355 quae
609 1287 673 1340 de
708 1286 874 1355 impp.
912 1286 1073 1340 annis
1090 1301 1154 1339 ex
1181 1285 1476 1339 tribunitiae
1505 1286 1788 1354 potestatis
1810 1301 1883 1339 nu
1903 1316 1917 1328 -

334 1391 491 1429 mero
534 1376 771 1445 capitur,
808 1374 901 1444 qui
934 1374 989 1428 in
1022 1374 1388 1429 marmoribus
1417 1382 1509 1426 aut
1536 1374 1774 1428 nummis
1821 1389 1916 1428 ex-

338 1467 619 1527 hibentur,
650 1474 709 1519 ut
742 1467 795 1519 in
826 1465 1017 1519 Tacito
1048 1466 1210 1534 paulo
1233 1472 1356 1534 post
1407 1472 1458 1517 et
1481 1464 1621 1517 Caro
1645 1446 1915 1517 monstra.-

335 1559 504 1612 bitur.
553 1557 869 1613 Exstinctus
890 1565 975 1613 est
1015 1556 1210 1610 Decius
1252 1570 1396 1610 anno
1428 1555 1634 1613 Christi
1683 1555 1811 1620 252,
1847 1573 1912 1611 ex

334 1665 446 1719 quo
475 1647 612 1705 Galli
649 1664 714 1705 ac
742 1647 1038 1716 Volusiani
1062 1648 1278 1704 initium
1309 1649 1616 1719 consurgit.

419 1741 850 1795 Ἐϐασίλευσεν
899 1740 1319 1809 Οὐαλεριανός.
1361 1739 1681 1806 Quindecim
1738 1754 1915 1795 annos

335 1829 608 1888 Eusebius
640 1833 692 1886 iu
728 1829 991 1889 Chronico
1021 1843 1073 1887 et
1104 1834 1159 1886 in
1192 1831 1435 1886 Historia
1471 1833 1658 1886 tribuit
1685 1852 1699 1888 :
1730 1833 1785 1886 in
1812 1847 1919 1901 quo

334 1929 564 1976 caeteros
593 1920 766 1977 ferme
800 1922 1191 1992 suifragatores
1237 1922 1430 1987 habet;
1473 1938 1596 1976 nam
1630 1920 1922 1976 Valeriano

334 2028 388 2067 vt
421 2020 518 2067 aut
549 2029 648 2076 vn,
684 2012 915 2070 Galieno
943 2014 1045 2070 soli
1088 2030 1183 2068 VIII
1239 2016 1322 2069 vel
1373 2030 1425 2068 rx
1457 2014 1784 2069 concedunt.
1816 2015 1922 2067 Ini-

336 2103 470 2155 tium
498 2100 773 2157 Valeriani
800 2110 856 2157 et
876 2101 1086 2157 Galieni
1112 2104 1368 2158 convenit
1388 2116 1533 2159 anno
1554 2104 1757 2157 Christi
1783 2104 1919 2169 254;

334 2194 519 2248 exitus
546 2209 693 2248 anno
734 2194 859 2248 268.
898 2192 1035 2247 Nam
1079 2210 1147 2248 xv
1182 2209 1387 2251 annum
1425 2193 1686 2251 Galieuus
1722 2196 1917 2265 attigit.

337 2280 542 2337 Tribus
576 2284 738 2338 annis
766 2284 951 2339 minus
979 2284 1113 2339 dicit
1146 2281 1509 2352 Epiphanius.

419 2374 516 2426 Ἐν
541 2374 622 2439 τῷ
649 2373 839 2439 ἐνάτῳ
862 2370 977 2430 οὖν
1014 2374 1135 2431 ἔτει
1174 2377 1409 2431 τούτου.
1451 2375 1732 2433 Manichtei
1768 2394 1922 2445 gras-

337 2465 608 2519 Sationem
654 2466 817 2519 variis
863 2465 1023 2520 annis
1056 2467 1388 2536 consignant
1432 2476 1640 2524 veteres
1668 2469 1921 2526 chrono-

341 2556 470 2624 logi.
504 2554 698 2614 Noster
728 2556 816 2609 hic
854 2551 1075 2625 q'uidem
1107 2556 1318 2611 Galieni
1376 2574 1524 2613 nono
1568 2561 1915 2617 collationem

338 2646 488 2700 illam
514 2646 767 2701 Archelai
800 2662 925 2701 eum
948 2646 1163 2703 Manete
1195 2650 1494 2720 contigisse
1528 2653 1743 2707 scribit.
1771 2655 1839 2708 At
1860 2655 1917 2710 in

339 2733 760 2790 Manichaeorum
800 2737 1014 2800 haeresi,
1047 2753 1193 2792 anno
1210 2739 1490 2795 Aureliani
1515 2741 1627 2798 fere
1653 2759 1723 2799 IV.
1747 2742 1918 2815 Vulgo

337 2841 485 2881 coss.
506 2826 684 2880 Probo
705 2842 767 2881 ac
781 2825 1031 2893 Paulino,
1052 2836 1110 2882 ut
1126 2828 1323 2883 ibidem
1355 2830 1516 2885 latius
1533 2833 1913 2891 disseruimus.

407 2919 571 2972 Μετὰ
598 2921 1003 2989 Οὐαλεριανὸν
1038 2920 1136 2975 καὶ
1173 2923 1501 2989 Γαλιηνόν.
1544 2923 1669 2981 llaec
1697 2943 1763 2982 ex
1804 2929 1914 2983 Ett-

336 3011 508 3065 sebio.
547 3010 802 3081 Plerique
829 3027 1003 3068 annos
1032 3012 1171 3068 duos
1200 3032 1213 3069 :
1240 3030 1380 3084 quos
1419 3017 1698 3074 absolutos
1725 3021 1913 3086 fuisse,

2024 566 2109 612 est
2160 557 2634 615 animadversione
2676 557 2922 628 dignum.
2963 556 3100 612 Vide
3154 555 3298 611 infra
3355 555 3411 609 in
3465 557 3611 611 Caro

2026 651 2373 720 imperatore.

2093 740 2256 796 Μετὰ
2283 740 2504 796 τοῦτον
2533 739 2897 795 ἐϐασίλευσε
2928 739 3170 811 Πρόϐος.
3211 736 3377 792 Probi
3408 737 3602 809 imper.

2023 832 2152 886 anni
2182 833 2344 903 paulo
2373 832 2686 889 accuratius
2716 831 3053 902 expendeudi
3092 837 3241 886 sunt.
3269 829 3331 884 ln
3360 831 3427 885 iis
3458 832 3608 886 enim

2022 921 2388 995 chronologize
2415 920 2742 978 Christiana:
2777 922 2925 976 velut
2955 920 3124 975 cardo
3169 919 3392 989 quidam
3434 924 3605 973 verti-

2023 1026 2146 1081 tur;
2183 1024 2348 1087 atque
2390 1031 2456 1070 eo
2490 1015 2708 1070 demum
2743 1012 3005 1084 perducta
3037 1011 3090 1066 in
3127 1010 3415 1065 Annalium
3454 1010 3611 1065 libris

2019 1122 2287 1161 annorum
2318 1107 2489 1162 series
2521 1105 2591 1161 ab
2609 1120 2797 1160 errore
2827 1105 2881 1157 in
2914 1104 3058 1158 viam
3113 1104 3276 1171 longo
3309 1101 3603 1157 intervallo

2021 1198 2318 1251 reducitur.
2362 1197 2700 1252 Intellectum
2735 1203 2821 1249 est
2862 1194 3130 1249 hactenus
3168 1208 3237 1247 ex
3272 1192 3344 1247 iis
3371 1207 3610 1263 praescr—

2020 1288 2139 1351 tim,
2166 1303 2289 1358 quae
2319 1290 2383 1343 de
2409 1287 2584 1341 Natali
2620 1287 2824 1341 Christi
2855 1299 3002 1339 anno
3037 1283 3105 1338 ad
3141 1284 3270 1339 luer.
3300 1285 3360 1339 51
3405 1299 3611 1353 propo-

2020 1379 2255 1442 suimus,
2297 1380 2608 1448 complures
2637 1376 2930 1430 Annalium
2965 1375 3283 1431 conditores
3314 1376 3367 1429 in
3398 1375 3608 1430 Christi

2019 1469 2184 1525 annis
2210 1484 2335 1524 cum
2378 1468 2626 1525 Romana
2678 1469 2760 1523 vel
2791 1467 2979 1523 Graeca
3020 1467 3249 1523 historia
3282 1481 3612 1536 comparan-

2017 1565 2125 1628 dis,
2158 1564 2383 1619 biennio
2424 1564 2612 1633 lapsos
2656 1577 2780 1618 esse
2804 1578 2818 1628 ;
2843 1562 2981 1615 alios
3007 1577 3117 1615 uno
3146 1561 3408 1614 duntaxat
3440 1575 3608 1613 anno.

2014 1651 2175 1719 Quod
2211 1651 2417 1707 idcirco
2443 1651 2553 1707 illis
2587 1650 2811 1717 accidit,
2841 1649 2969 1721 quia
3003 1648 3376 1704 Christianam
3417 1662 3606 1709 seram,

2019 1758 2140 1813 quae
2185 1745 2241 1799 in
2283 1759 2491 1799 annum
2524 1759 2578 1797 tv
2607 1741 2821 1813 Olymp.
2853 1741 2977 1806 194,
3010 1737 3179 1794 Urbis
3220 1754 3349 1793 vero
3387 1739 3509 1801 753,
3538 1752 3607 1792 ex

2028 1834 2363 1889 Varroniana
2418 1834 2699 1903 putatione
2747 1832 3024 1893 convenit,
3060 1830 3129 1885 ad
3179 1845 3383 1884 annum
3418 1828 3610 1900 Olym-

2023 1925 2200 1996 piadis
2231 1927 2378 1981 illius
2418 1924 2719 1981 secundum
2771 1923 2855 1979 vel
2906 1922 3130 1976 tertium
3152 1962 3166 1982 ,
3199 1919 3363 1975 Urbis
3397 1919 3494 1973 75l
3521 1920 3607 1973 vel

2024 2018 2127 2072 752
2155 2016 2539 2072 retrahendam
2564 2022 2847 2085 putarunt.
2875 2010 3016 2067 llinc
3047 2012 3212 2066 unius
3261 2011 3345 2065 vel
3373 2010 3609 2064 duorum

2023 2128 2293 2166 annorum
2328 2108 2827 2165 metachronismus
2869 2105 3310 2175 imprudentibus
3336 2104 3446 2159 illis
3475 2102 3605 2158 inci.

2021 2202 2133 2265 dit;
2161 2201 2307 2270 quod
2331 2216 2363 2256 e
2397 2199 2705 2255 caelestium
2736 2198 3182 2254 Observationum
3213 2209 3279 2249 ac
3332 2195 3611 2266 cyclorum

2021 2294 2281 2349 methodo
2340 2293 2494 2346 nullo
2549 2292 2770 2361 negotio
2823 2288 3270 2359 deprehenditur.
3317 2285 3427 2341 Sed
3471 2302 3614 2356 quo-

2021 2385 2163 2439 niam
2187 2384 2491 2437 doctrinam
2516 2383 2677 2435 istam
2700 2380 2898 2451 partim
2915 2380 3192 2448 ignorant,
3218 2378 3419 2448 partim
3442 2378 3610 2432 etiam

2019 2480 2382 2529 contemnunt
2430 2472 2622 2539 aliqui,
2657 2478 2712 2525 et
2741 2468 3267 2540 opportunissimam
3317 2468 3399 2522 vel
3433 2467 3608 2522 errori

2018 2567 2100 2620 vel
2146 2566 2377 2620 inscitiae
2430 2563 2696 2618 latebram
2743 2561 2988 2633 pmbent
3031 2558 3357 2615 Consulares
3389 2560 3609 2613 illorum

2020 2666 2328 2726 temporum
2380 2652 2555 2719 Fasti,
2594 2653 2687 2722 qui
2717 2666 3047 2722 magnopere
3075 2650 3274 2705 incerti
3301 2649 3613 2720 depravati-

2019 2763 2127 2817 que
2157 2753 2307 2809 sunt,
2339 2753 2505 2815 atque
2531 2760 2559 2797 a
2595 2759 2655 2799 se
2684 2753 2878 2799 mutuo
2908 2741 3264 2805 dissentiunt,
3295 2756 3406 2794 non
3450 2740 3608 2808 prius

2018 2838 2240 2908 agnitus
2285 2844 2371 2892 est
2419 2850 2602 2899 error,
2631 2850 2795 2905 quam
2845 2835 2912 2890 ad
2961 2835 3233 2905 insignem
3288 2833 3524 2903 aliquam
3555 2838 3613 2885 et

2019 2930 2284 2983 illustrem
2325 2926 2592 2997 epoeham
2640 2934 2967 2995 perventum
3011 2935 3120 2991 est,
3149 2940 3271 2995 quae
3310 2935 3517 2980 certum
3547 2938 3614 2977 ac

2019 3017 2301 3070 definitum
2330 3015 2681 3069 intervallum
2714 3014 3015 3069 clauderet.
3050 3013 3332 3081 Ejusmodi
3363 3020 3447 3068 est
3483 3011 3610 3065 Dio-

337 3105 409 3157 ita
460 3112 515 3158 ut
561 3105 778 3159 tertium
829 3104 1044 3164 inierit,
1086 3105 1426 3161 demonstrat
1466 3107 1754 3166 Baronius.
1817 3113 1922 3171 Nec

2034 3105 2250 3160 rletiani
2284 3104 2667 3176 primordium,
2702 3103 2847 3173 quod
2895 3118 3042 3158 anno
3091 3119 3214 3158 (erm
3266 3104 3611 3174 Dionysianae

337 3194 565 3249 multum
589 3208 904 3263 repugnem.
923 3193 1100 3262 C(Bpit
1121 3195 1382 3251 Claudius
1399 3210 1544 3251 anno
1563 3197 1765 3255 Christi
1790 3200 1916 3265 968.

336 3286 484 3338 circa
519 3299 570 3337 Ix
607 3283 727 3337 Kal.
760 3285 918 3354 Apr.,
951 3291 1011 3338 ut
1038 3283 1243 3341 indicat
1267 3285 1592 3345 Trebellius.
1627 3288 1797 3347 Desiit
1824 3308 1921 3348 an-

337 3388 412 3429 no
435 3373 562 3426 270.

412 3462 635 3516 Τοῦτον
664 3461 998 3533 διαδέχεται
1033 3466 1428 3535 Αὐρηλιανός.
1452 3468 1816 3528 Cousentiunt
1865 3472 1921 3529 in

339 3556 485 3609 hunc
511 3571 782 3611 annorum
834 3573 1124 3612 numerum
1161 3567 1357 3629 praeter
1391 3559 1686 3617 Eusebium
1722 3564 1922 3621 Eutro—

338 3647 481 3715 pius,
500 3645 706 3712 Victor,
731 3647 1116 3715 Cassiodorus,
1139 3660 1246 3705 etc.
1278 3650 1441 3710 Solus
1474 3655 1763 3710 Annalium
1792 3672 1926 3713 con-

268 3727 273 3733 ’
336 3736 485 3790 «litor
528 3752 703 3793 annos
749 3756 824 3793 vn
874 3741 1162 3807 attribuit;
1200 3743 1343 3812 quod
1392 3744 1446 3799 in
1490 3762 1716 3801 nummo
1744 3758 1925 3805 vetere

338 3828 543 3899 septies
577 3815 864 3885 fribunitia
896 3839 1137 3902 potestas
1167 3833 1460 3905 affingitur.
1491 3837 1597 3893 Sed
1644 3838 1925 3893 nihilomi-

338 3936 445 3976 nus
476 3922 788 3978 communis
822 3923 1108 3979 sententim
1141 3925 1383 3980 nondum
1412 3942 1498 3984 me
1522 3928 1768 3998 ptenitet.
1804 3929 1927 3984 (ἰαι-

336 4008 479 4077 perit
520 4010 849 4066 Aurelianus
894 4026 1040 4065 anno
1078 4013 1216 4076 .270,
1250 4013 1551 4071 Februario
1582 4033 1790 4084 mense,
1822 4018 1926 4072 hoc

334 4109 419 4154 est
454 4116 488 4154 ι
518 4094 641 4156 Kal.
682 4100 867 4168 Mart.,
920 4110 979 4157 ut
1025 4120 1090 4160 ex
1125 4105 1364 4176 Vopisco
1416 4108 1584 4165 refert
1614 4108 1882 4167 Onufrius
1907 4128 1935 4178 ;.

337 4188 505 4258 periit
534 4205 681 4246 anno
710 4191 837 4255 275,
868 4192 974 4249 sub
1019 4194 1161 4250 idem
1194 4195 1308 4251 fere
1354 4205 1603 4270 tempus;
1641 4217 1768 4255 nam
1803 4209 1929 4272 post

335 4281 457 4351 ejus
486 4282 695 4340 obitum
723 4284 1095 4356 interregnum
1128 4286 1232 4340 fuit
1256 4303 1351 4343 sex
1383 4292 1678 4356 mensium,
1698 4300 1927 4349 auctore

336 4373 574 4445 Vopisco
603 4391 667 4430 ae
692 4376 931 4441 Victore,
964 4377 1032 4432 ad
1081 4393 1155 4432 vn
1183 4376 1305 4431 Kal.
1346 4380 1493 4445 θοι..
1525 4397 1636 4451 quo
1684 4390 1928 4452 tempore

2022 3197 2129 3252 28s
2161 3196 2430 3267 congruit.
2463 3195 2603 3250 Tum
2632 3194 3035 3262 Valentiniani;
3070 3212 3229 3267 quem
3258 3211 3400 3252 anno
3428 3196 3614 3251 bisex-

2025 3291 2128 3350 tili.
2168 3290 2274 3344 hoc
2304 3298 2389 3344 est
2419 3289 2545 3352 564,
2578 3289 2770 3345 iniisse
2791 3297 3027 3344 constat.
3046 3287 3181 3343 Cum
3215 3289 3381 3359 igitur
3405 3290 3472 3341 ah
3502 3288 3611 3342 ini-
3650 3332 3659 3340 .

2024 3380 2102 3431 tio
2137 3379 2251 3441 illo,
2285 3379 2430 3449 quod
2464 3379 2566 3433 sibi
2603 3378 2691 3434 isti
2723 3378 3089 3450 prmﬁxerant,
3125 3379 3381 3432 nimirum
3415 3379 3483 3431 ab
3515 3393 3613 3431 an—

2025 3487 2096 3524 no
2128 3486 2165 3525 ιι
2201 3467 2416 3541 Olymp.
2454 3468 2575 3535 ι94,
2617 3472 2771 3541 cyclo
2824 3470 2967 3526 lunae
3014 3485 3173 3533 xvm,
3219 3471 3352 3526 solis
3397 3486 3506 3533 vn,
3542 3469 3609 3522 ad

2023 3563 2239 3618 initium
2277 3561 2620 3622 Diocletiani,
2651 3562 2737 3617 cui
2784 3561 2971 3633 cyclus
3024 3562 3166 3617 luna:
3199 3578 3314 3626 χιιι,
3347 3562 3484 3616 solis
3513 3575 3610 3614 xm

2024 3654 2307 3723 competit,
2343 3653 2613 3722 iuterjecti
2647 3667 2770 3707 esse
2800 3651 3034 3707 debeant
3066 3652 3194 3707 anni
3218 3651 3345 3715 286,
3374 3653 3459 3707 vel
3503 3667 3613 3704 uno

2024 3743 2335 3815 pauciores,
2380 3743 2449 3797 ab
2484 3757 2629 3795 anno
2659 3758 2716 3796 ιιι
2750 3739 2961 3813 Olymp.
2992 3741 3261 3810 ejusdem,
3285 3742 3437 3812 cyrlo
3470 3742 3614 3794 lunze

2026 3851 2140 3897 tux,
2178 3834 2315 3890 solis
2346 3849 2465 3895 vm,
2506 3841 2568 3886 ut
2616 3848 2737 3887 eum
2778 3831 3108 3903 Dionysiana
3160 3847 3269 3888 tera
3322 3832 3613 3888 chronolo-

2024 3928 2167 3998 giam
2219 3941 2377 3982 suam
2424 3924 2725 3979 conciliare
2771 3932 3016 3993 possent,
3049 3924 3239 3994 utique
3285 3923 3612 3980 Diocletiani

2024 4019 2234 4088 primus
2269 4018 2323 4071 in
2358 4031 2561 4071 annum
2610 4030 2733 4069 mra:
2782 4030 2895 4070 sua:
2937 4014 3265 4072 Christiana:
3290 4016 3397 4072 284
3447 4015 3611 4072 eade-

2025 4116 2142 4172 ret;
2173 4121 2341 4160 unum
2371 4115 2464 4159 aut
2493 4105 2725 4159 alterum
2773 4119 3001 4170 annum,
3037 4094 3373 4174 totidemque
3420 4112 3616 4160 censu-

2026 4200 2236 4253 latuum
2290 4197 2444 4266 paria
2504 4195 2885 4260 sustulerunt;
2931 4197 3097 4265 quod,
3141 4204 3201 4252 ut
3245 4196 3507 4258 diximus,
3555 4197 3614 4251 in

2027 4286 2117 4339 illa
2151 4284 2283 4339 faece
2311 4282 2543 4337 Routani
2575 4282 2789 4354 imperii
2821 4283 3045 4353 impune
3076 4293 3296 4361 propter
3323 4282 3613 4337 Annalium

2031 4373 2473 4444 perturbationes
2508 4371 2686 4429 facere
2718 4374 2893 4429 licuit.
2931 4374 3109 4444 Atque
3153 4375 3296 4430 hanc
3342 4390 3614 4429 annorum

335 4467 669 4536 subrogatus
709 4475 794 4521 est
822 4482 853 4520 a
893 4474 1087 4521 senatu
1120 4466 1369 4525 Tacitus.
1406 4469 1486 4525 Ita
1513 4478 1733 4527 sextum
1758 4472 1926 4543 impe-
1958 4467 1999 4520 Ι)
2022 4463 2293 4533 iacturam
2345 4463 2633 4533 labemque
2667 4462 2880 4519 Probus
2924 4463 3221 4533 imperator
3257 4464 3414 4519 facile
3450 4466 3618 4522 susti-

335 4556 404 4609 rii
436 4570 640 4609 annum
672 4555 862 4610 leviter
891 4556 1087 4626 attigit.
1123 4554 1351 4614 Veteres
1394 4559 1784 4629 inscriptiones
1814 4576 1921 4617 non

337 4646 575 4714 amplius
604 4659 768 4715 quam
797 4661 827 4699 v
855 4645 1171 4702 tribuuitias
1211 4654 1512 4717 potestates
1546 4648 1816 4706 referunt.

408 4737 571 4792 Μετὰ
625 4736 842 4797 τοῦτον
890 4738 1255 4794 ἐϐασίλευσε
1311 4739 1576 4807 Τάκιτος.
1646 4740 1753 4801 Sex
1804 4742 1925 4799 illos

339 4844 560 4885 menses
609 4829 731 4883 iniit
768 4845 835 4885 ex
881 4830 946 4884 A.
976 4829 1038 4884 D.
1071 4847 1146 4884 vn
1176 4830 1294 4884 Kal.
1332 4829 1454 4887 Oct.
1488 4832 1618 4887 anni
1648 4832 1775 4897 275,
1804 4849 1926 4904 per-

336 4918 605 4989 duxitque
632 4918 700 4975 ad
730 4918 969 4989 Aprilem
1011 4921 1139 4975 anni
1174 4919 1302 4974 276.
1328 4922 1496 4993 Atqui
1532 4922 1587 4976 in
1619 4923 1929 4994 inscriptio-

338 5012 507 5067 nibus
533 5011 774 5074 Gruteri,
795 5027 919 5082 pag.
957 5011 1087 5077 277,
1101 5019 1282 5068 exstat
1311 5028 1438 5078 una,
1464 5029 1586 5084 qua:
1617 5012 1809 5070 Tacito
1841 5014 1929 5070 tri-

336 5102 580 5158 bunitias
614 5111 913 5172 potestates
965 5118 1003 5156 ιι
1059 5110 1295 5174 arrogat.
1323 5102 1439 5157 Non
1473 5104 1637 5174 igitur
1664 5121 1728 5159 ex
1762 5105 1930 5159 tribu-

339 5194 488 5250 nitire
502 5193 790 5264 potestatis
809 5209 1038 5249 numero
1053 5194 1270 5265 imperii
1288 5202 1499 5265 tempus
1518 5196 1925 5252 :estimandum.

340 5284 405 5341 Et
439 5293 698 5355 apparet,
739 5284 846 5339 nisi
876 5283 1212 5339 tribunitiam
1239 5293 1561 5354 potestatem
1605 5292 1732 5339 ante
1759 5286 1931 5354 impe-

340 5377 482 5431 rium
524 5384 720 5430 nactus
760 5375 833 5429 sit
867 5372 1113 5439 Tacitus,
1146 5373 1290 5429 hanc
1328 5375 1401 5429 illi
1435 5374 1765 5445 geminatum
1805 5387 1930 5428 esse

341 5465 788 5523 incunteluliano
802 5480 968 5531 anno,
983 5481 1046 5521 ac
1067 5481 1210 5522 nono
1222 5466 1532 5529 consulatu,
1552 5464 1688 5520 adeo
1704 5471 1765 5519 ut
1777 5463 1929 5532 prior

343 5559 635 5615 tribunitia
659 5564 902 5628 potestas
930 5564 1044 5612 tres
1070 5557 1339 5612 duntaxat
1368 5567 1580 5607 menses
1604 5551 1883 5621 occuparit
1912 5569 1926 5607 :

342 5647 489 5718 quod
525 5657 709 5703 utrum
762 5648 815 5703 iu
862 5649 983 5704 aliis
1015 5648 1323 5704 factitatum
1384 5644 1651 5701 amrmare
1684 5646 1927 5701 nondum

343 5733 536 5793 audeo.
571 5732 714 5790 Sane
739 5737 1027 5809 pOIESlaiiS
1054 5734 1215 5791 istius
1244 5731 1491 5805 repetitio
1523 5747 1634 5788 non
1664 5738 1926 5806 perpetuo

2026 4555 2181 4621 nuit;
2227 4554 2296 4610 de
2338 4554 2500 4624 cujus
2540 4555 2754 4625 imperii
2792 4564 3035 4625 tempore
3075 4556 3336 4610 nonnulla
3367 4558 3616 4612 estinter

2026 4644 2316 4715 primarios
2340 4654 2596 4700 auctores
2622 4644 2901 4701 dissansio
2934 4663 2947 4698 :
2979 4660 3106 4699 nam
3141 4644 3414 4715 Vopiscus
3439 4661 3616 4702 annos

2027 4737 2105 4791 illi
2134 4752 2167 4790 v
2194 4736 2464 4791 duntaxat
2497 4735 2779 4801 attribuit;
2810 4735 2990 4791 caeteri
3032 4751 3087 4790 vr
3131 4746 3234 4790 aut.
3256 4752 3329 4790 vu
3355 4753 3369 4801 ;
3397 4737 3501 4791 hoc
3529 4744 3618 4791 est

2028 4842 2204 4883 annos
2250 4826 2456 4881 solidos
2495 4841 2571 4890 vr,
2597 4834 2653 4881 et
2695 4841 2914 4882 menses
2948 4842 3019 4881 tv.
3058 4824 3134 4880 lta
3177 4825 3493 4896 Eutropius,
3524 4825 3618 4880 Vi-

2027 4928 2168 4984 ctor,
2200 4916 2472 4974 Eusebius
2509 4925 2566 4972 et
2620 4931 2688 4971 ex
2725 4917 2963 4972 Eusebio
3005 4926 3196 4973 noster
3229 4916 3521 4974 :Julianus
3558 4918 3617 4972 in

2030 5007 2355 5072 Crrsaribus,
2392 5006 2780 5072 Cassiodorus,
2827 5007 2919 5062 alii
2955 5006 3127 5065 ferme
3172 5024 3388 5074 omnes,
3417 5016 3618 5078 praeter

2032 5111 2201 5150 unum
2221 5093 2542 5165 Vopiscum.
2567 5095 2935 5164 Quamobrem
2961 5100 3057 5169 qui
3084 5114 3215 5155 suos
3242 5100 3476 5155 Annales
3504 5115 3616 5154 uno

2031 5201 2176 5241 anno
2210 5187 2291 5239 vel
2328 5186 2550 5243 biennio
2590 5187 2857 5245 hactenus
2886 5199 3314 5257 anteverterant,
3358 5191 3615 5246 detractis

2029 5277 2253 5333 totidem
2304 5295 2372 5333 ex
2423 5279 2657 5350 imperio
2709 5281 2893 5345 Probi,
2948 5297 3074 5338 cum
3124 5281 3454 5353 Dionysiana
3505 5297 3615 5337 aera

2029 5367 2289 5440 deinceps
2334 5370 2487 5441 paria
2536 5369 2803 5428 fecerunt.
2833 5372 3119 5443 Augustus
3155 5372 3455 5441 imperator
3477 5371 3617 5426 obiit

2029 5457 2246 5517 duobus
2265 5459 2447 5519 Sextis
2476 5477 2648 5528 coss.,
2675 5472 2735 5519 ut
2766 5475 2959 5520 auctor
2995 5472 3082 5520 est
3105 5463 3400 5520 Suetonius
3419 5459 3609 5518 et'Dio.

2032 5549 2238 5608 [lorum
2269 5570 2398 5610 vero
2432 5556 2775 5623 consulatus,
2805 5565 2865 5612 ut
2912 5564 2968 5612 et
3012 5570 3164 5612 mors
3191 5554 3442 5626 Augusti,
3475 5569 3616 5610 con-

2030 5642 2177 5713 gruit
2214 5658 2359 5699 anno
2388 5641 2608 5700 Iuliano
2636 5644 2727 5711 59,
2770 5643 3120 5716 Dionysiana:
3146 5658 3272 5699 tera:
3295 5656 3382 5699 ιιν
3417 5660 3432 5697 :
3462 5639 3612 5713 quod

2033 5735 2167 5793 solis
2184 5736 2403 5809 eclipsis
2431 5735 2655 5804 indicat,
2687 5751 2807 5810 quae
2832 5739 2938 5793 sub
2974 5735 3096 5809 ejus
3123 5745 3355 5792 mortem
3383 5731 3604 5790 accidir
