3978 6220
360 285 466 344 567

1486 280 1834 337 ΔΡΡΕΝΒΙΧ
1872 280 2481 344 DISSEBTATIONUM

3555 282 3661 340 568

360 404 520 470 bum,
543 403 637 474 qui
665 415 695 456 a
724 401 917 458 Tacito
946 400 1206 473 primum,
1233 407 1291 457 ut
1316 410 1564 471 apparet,
1591 402 1936 458 consulatum
1968 404 2013 462 A
2041 406 2343 461 auctoritas
2366 404 2622 468 accessit,
2674 404 2822 475 quod
2850 404 2919 460 iis
2944 403 3148 460 verbis
3173 399 3468 470 Vopiscus
3492 401 3661 469 signi-

362 496 632 559 obtinuit,
662 492 1123 564 quemadmodum
1152 489 1378 546 Tacitus
1405 493 1636 561 ipsemet
1659 492 1802 562 apud
1832 491 1939 548 Vo-

363 587 578 656 piscum
616 586 675 641 in
715 585 951 657 quadam
984 588 1052 637 ad
1090 582 1327 637 Probum
1359 584 1889 655 epistolqsignilicat
1921 625 1938 651 ,

362 691 525 745 quam
559 676 635 730 ita
674 674 993 731 concludit:
1029 671 1101 728 Te
1140 674 1283 728 enim
1324 684 1500 729 manet
1528 691 1625 744 pro
1657 675 1940 731 uirtutibus

365 765 471 818 tuis
493 763 799 833 Capitolina
824 763 1090 833 palmata.
1127 762 1206 818 Ex
1235 779 1347 834 quo
1377 765 1603 821 minime
1624 773 1783 821 antea
1805 764 1943 820 Pro-

364 855 468 910 bus
524 854 737 909 videtur
791 855 1138 909 consulatum
1193 854 1447 926 adeptus.
1501 855 1773 922 Quocirca
1818 864 1944 926 post

364 945 612 999 Tacitum
661 952 716 1000 et
758 945 1118 1000 Emilianum
1165 946 1493 1016 snbjiciendi
1531 955 1663 1003 sunt
1708 945 1941 1015 Probus,

361 1035 645 1102 Paulinus,
670 1050 736 1090 ac
757 1036 1020 1105 deinceps
1042 1036 1250 1091 caeteri.
1282 1036 1674 1106 Conjecturam
1697 1045 1943 1092 nostram

362 1126 586 1196 adjuvat
616 1127 820 1183 Leonis
859 1128 950 1183 ille
985 1128 1162 1193 locus,
1194 1144 1355 1198 quem
1393 1129 1460 1184 ad
1502 1128 1738 1184 Manich.
1772 1129 1945 1183 haere-

363 1218 450 1271 sin
477 1218 786 1281 attulimus,
820 1218 913 1272 ubi
946 1216 1189 1272 Probum
1225 1219 1367 1287 Aug.
1397 1224 1451 1273 et
1480 1216 1773 1272 Paulinum
1793 1232 1942 1274 coss.

363 1306 631 1360 nominat.
674 1304 857 1361 Redeo
880 1307 990 1375 jam
1024 1306 1092 1361 ad
1125 1307 1289 1362 Probi
1320 1308 1677 1376 imperatoris
1700 1308 1942 1362 initium.

363 1395 537 1460 Quem
573 1410 700 1449 cum
736 1410 941 1450 annum
966 1397 1259 1453 inchoasse
1293 1397 1587 1467 septimum
1614 1397 1789 1467 major
1815 1412 1945 1467 pars

365 1494 611 1540 veterum
646 1487 980 1556 scriptorum
1014 1488 1311 1552 existimet,
1361 1502 1464 1543 nos
1509 1488 1747 1558 cmpisse
1791 1488 1944 1542 illum

366 1577 705 1632 arbitramur
748 1593 894 1632 anno
932 1579 1138 1634 Christi
1171 1579 1300 1644 276,
1338 1578 1530 1634 Tacito
1562 1588 1616 1635 et
1646 1578 1945 1635 Emiliano

365 1681 539 1730 coss.,
581 1681 770 1723 mense
812 1667 1033 1724 circiter
1075 1669 1269 1738 Aprili,
1315 1680 1439 1740 post
1485 1670 1660 1726 Taciti
1689 1680 1943 1739 mortem,

366 1757 460 1825 qui
503 1756 572 1811 iis
606 1772 755 1813 coss.
800 1757 960 1821 obiit,
1005 1773 1128 1813 cum
1160 1774 1255 1815 sex
1287 1761 1573 1817 menSibus
1599 1761 1944 1833 imperasset.

365 1845 516 1900 Obiit
564 1862 695 1902 vero
747 1847 961 1903 Probus
1012 1848 1267 1904 inchoato
1302 1849 1416 1918 jam
1473 1852 1708 1921 septimo
1739 1851 1947 1908 Christi

365 1955 514 1994 anno
540 1939 666 1994 282.
707 1939 927 1996 Primus
960 1941 1082 2012 ejus
1115 1928 1460 2009 consulatus,
1497 1943 1545 1998 si
1579 1943 1825 2015 quinque
1857 1959 1950 1999 so-

365 2032 449 2086 los
479 2034 671 2100 gessit,
703 2047 805 2087 con
819 2033 961 2089 venit
986 2049 1133 2089 anno
1163 2033 1293 2099 277,
1321 2049 1433 2104 quo
1461 2033 1756 2089 Paulinum
1781 2036 1951 2091 colle-

365 2136 490 2192 gam
522 2122 730 2176 habuit.
764 2122 863 2177 Sin
896 2139 947 2177 ι·ι
975 2124 1170 2180 consul
1213 2123 1336 2188 fuit,
1371 2133 1443 2179 ut.
1473 2124 1597 2180 aliis
1628 2124 1807 2181 visum
1843 2136 1947 2192 est,

368 2215 581 2282 primus
608 2214 921 2270 ordinarius
952 2230 1061 2269 non
1090 2215 1282 2280 fuerit,
1321 2215 1416 2270 sed
1454 2214 1717 2272 suffectus
1757 2217 1950 2272 eodem

370 2303 494 2371 ipso
517 2318 682 2369 anno,
706 2320 818 2374 quo
835 2303 1061 2358 Tacitus
1089 2303 1287 2375 gessit;
1320 2303 1376 2358 in
1406 2318 1516 2374 quo
1541 2303 1755 2361 for-toan
1788 2304 1952 2360 Scor-

371 2393 594 2462 pianum
631 2392 894 2465 collegam
924 2401 1120 2448 nactus
1154 2404 1272 2457 est,
1307 2394 1403 2464 qui
1432 2395 1624 2449 eodem
1664 2395 1787 2465 ipso
1807 2409 1952 2450 anno

370 2486 567 2538 consul
615 2485 844 2539 exstitit.
898 2485 1040 2539 Nam
1093 2483 1363 2556 Vopiscus
1409 2486 1465 2539 in
1521 2485 1698 2540 Probo
1737 2486 1950 2553 scribit,

371 2572 580 2626 ditium
617 2572 970 2642 Scorpianum
1004 2591 1115 2628 cos.
1143 2577 1205 2629 de
1247 2574 1413 2629 Probi
1449 2576 1633 2644 imper.
1671 2576 1862 2631 litteris
1884 2577 1954 2630 ad

371 2672 615 2717 senatum
648 2664 919 2719 retulisse.
968 2664 1076 2720 Sed
1106 2681 1175 2721 ex
1204 2666 1394 2721 eodem
1435 2667 1541 2723 isto
1573 2667 1796 2739 Vopisci
1832 2670 1955 2724 loco

372 2754 656 2824 gravisac
699 2754 1028 2824 perdifficilis
1061 2756 1239 2811 oritur
1270 2758 1522 2827 quaastio.
1562 2757 1774 2813 Etenim
1814 2758 1954 2814 Pro«

373 2844 478 2899 bus
506 2845 839 2900 militaribus
861 2846 1137 2916 suffragiis
1161 2847 1455 2916 imperium
1482 2848 1713 2918 adeptus
1743 2849 1954 2906 litteras

373 2937 440 2990 ad
460 2947 708 2993 senatum
731 2937 910 3003 dedit,
935 2955 1166 3010 quarum
1187 2939 1296 2995 hoc
1324 2948 1410 2996 est
1456 2941 1743 2995 exordium
1766 2958 1779 2993 :
1805 2940 1957 2996 Recte

2043 495 2199 551 fieat:
2229 495 2319 550 Ita
2343 497 2392 550 ei
2421 497 2536 550 sine
2564 494 2679 549 ulla
2710 495 2955 549 molestia
2980 494 3169 549 totius
3200 490 3354 545 orbis
3381 492 3662 560 imperium

2040 592 2091 639 et
2122 583 2355 637 militum
2385 591 2434 637 et
2467 594 2685 638 senatus
2719 582 2929 653 judicio
2977 582 3243 637 delatum
3274 591 3380 636 est.
3415 578 3560 633 Tum
3596 580 3664 634 il-

2041 675 2136 730 lud
2168 684 2492 745 argumento
2520 684 2625 741 est,
2655 674 2801 745 quod
2828 673 2975 730 haud
3000 672 3217 744 procul
3242 670 3436 736 Italia,
3468 684 3664 741 nempe

2044 765 2101 820 in
2142 764 2382 836 Illyrico,
2431 772 2491 820 ut
2525 766 2604 820 ait
2630 764 2846 831 Victor,
2880 781 2911 820 a
2951 763 3248 819 militibus
3283 769 3380 817 est
3413 767 3661 816 creatus.

2043 857 2223 923 Quare
2256 857 2450 926 paucis
2472 857 2669 912 diebus
2702 856 2919 913 senatui
2952 849 3431 923 hocsignilicari
3464 850 3661 920 potuit.
3727 898 3731 901 τ

2112 947 2275 1001 Μετὰ
2316 946 2534 1000 τοῦτον
2565 945 2930 1000 ἐϐασίλευσε
2969 943 3205 1013 Κᾶρος.
3270 941 3449 996 Recte
3491 954 3664 995 annos

2043 1036 2185 1092 duos
2221 1036 2398 1091 tribus
2430 1035 2860 1105 imperatoribus
2887 1042 2944 1091 et
2979 1034 3097 1096 hic,
3130 1041 3195 1088 et
3232 1031 3550 1091 Eusebius,
3583 1038 3665 1084 at-

2043 1142 2152 1198 que
2176 1125 2410 1182 Orosius
2444 1126 2720 1196 imputant
2756 1143 2771 1179 :
2802 1125 2872 1180 ab
2901 1124 3065 1179 initio
3102 1122 3391 1179 videlicet
3429 1120 3563 1175 Cari
3601 1122 3665 1175 ad

2045 1220 2262 1273 initium
2279 1217 2626 1274 Diocletiani.
2657 1215 2778 1271 Non
2809 1224 2995 1271 tamen
3026 1215 3207 1272 solidi
3244 1215 3345 1269 isti
3384 1220 3545 1280 sunt,
3573 1213 3665 1268 sed

2045 1311 2254 1381 aliquot
2285 1311 2572 1365 mensibus
2605 1308 2885 1364 secundus
2916 1308 3256 1363 inchoatur.
3320 1304 3382 1359 ln
3436 1303 3665 1357 Annali-

2047 1404 2141 1456 bus
2188 1401 2565 1457 ecclesiasticis
2626 1398 2794 1456 Probi
2850 1399 3108 1470 imperat.
3172 1396 3378 1452 obitus
3435 1401 3660 1448 notatur

2047 1507 2194 1547 anno
2221 1492 2429 1548 Christi
2456 1491 2581 1555 283,
2614 1491 2757 1547 Caro
2787 1499 2844 1547 et
2874 1491 3077 1547 Carino
3118 1504 3313 1553 eoss.;
3356 1488 3667 1558 eodemque

2047 1601 2194 1640 anno
2232 1584 2405 1640 Carus
2438 1598 2562 1639 cum
2609 1582 2812 1638 Carino
2858 1591 2913 1638 et
2938 1580 3294 1637 Numeriano
3336 1578 3472 1635 ﬁliis
3510 1593 3666 1634 exor-

2050 1692 2145 1733 sus
2193 1684 2298 1731 est.
2359 1675 2488 1730 Cari
2538 1684 2718 1730 autem
2764 1675 2945 1730 exitus
2985 1672 3292 1730 confertur
3348 1672 3405 1725 in
3459 1684 3661 1724 annum

2054 1767 2259 1823 Christi
2299 1766 2427 1830 284,
2469 1764 2672 1820 Carino
2705 1762 2747 1817 Il
2782 1775 2838 1819 et
2878 1762 3226 1819 Numeriano
3260 1760 3310 1816 ll
3357 1775 3515 1816 coss.
3548 1757 3664 1826 Quo

2054 1860 2220 1913 etiam
2256 1873 2402 1912 anno
2421 1855 2758 1911 Numeriano
2788 1869 2954 1923 caeso,
2990 1837 3357 1925 subrogatus.
3379 1857 3471 1907 est
3499 1865 3530 1904 a
3559 1850 3660 1904 mi-

2054 1951 2245 2005 litibus
2272 1946 2665 2010 Diocletianus,
2701 1943 2964 2002 Palilibus
2998 1944 3160 2016 ipsis,
3209 1951 3276 2013 ut
3300 1958 3372 1999 ex
3413 1941 3664 2013 Panegy-

2012 2074 2013 2077 η
2057 2042 2174 2096 rico
2213 2040 2500 2111 probatur.
2543 2035 2746 2091 Verum
2786 2052 2854 2092 ex
2893 2052 2961 2092 eo
3009 2035 3297 2106 sequitur,
3336 2034 3433 2088 vix
3488 2030 3663 2087 tribus

2058 2139 2369 2203 quatuorve
2410 2129 2696 2186 mensibus
2730 2128 3035 2198 imperasse
3066 2126 3313 2192 Carum;
3356 2123 3510 2196 quod
3540 2135 3660 2177 cum

2030 2223 2293 2294 ,bistoria
2352 2228 2579 2291 pugnat.
2629 2218 2844 2275 Probus
2898 2217 3208 2288 imperator
3265 2229 3467 2271 mense
3516 2209 3662 2266 Julia

2059 2317 2299 2381 circiter,
2333 2321 2394 2389 ut
2440 2313 2604 2383 paulo
2643 2321 2769 2367 ante
2810 2311 3150 2367 declaratum
3200 2316 3315 2372 est,
3371 2303 3659 2375 imperium

2060 2407 2218 2470 iniit;
2252 2414 2308 2461 et
2343 2410 2547 2475 quarto
2573 2415 2764 2457 mense
2793 2413 2961 2470 supra
2998 2405 3217 2454 sextum
3255 2409 3475 2451 annum
3504 2390 3659 2457 obiit,

2048 2513 2249 2553 mense
2275 2496 2388 2552 fere
2412 2491 2740 2558 Novembri;
2788 2490 2933 2545 unde
2976 2504 3212 2546 exorsus
3253 2496 3345 2544 est
3375 2485 3578 2550 Carus,
3610 2496 3660 2535 tv

2060 2591 2201 2645 Non.
2236 2587 2527 2652 Novemb,
2559 2593 2620 2642 ut
2657 2592 2850 2639 auctor
2877 2589 2963 2638 est
2994 2580 3291 2637 Onufrius.
3332 2577 3417 2633 Ex
3444 2590 3498 2631 a.
3529 2574 3583 2629 d.
3612 2588 3662 2627 tv

2060 2682 2201 2736 Non.
2235 2678 2526 2735 Novembr.
2569 2678 2700 2733 anni
2739 2677 2848 2732 283
2886 2675 2955 2728 ad
2979 2689 3035 2728 ιι
3065 2673 3188 2726 Kal.
3220 2670 3382 2735 Maii,
3411 2667 3530 2723 sive
3557 2663 3658 2718 Pa-

2063 2774 2179 2828 lilia
2211 2768 2343 2826 anni
2380 2769 2685 2841 sequentis,
2718 2781 2829 2838 quo
2858 2765 3027 2835 coepit
3066 2762 3479 2822 Diocletianus,
3512 2770 3660 2810 men-

2064 2881 2155 2922 ses
2179 2873 2308 2922 sunt
2341 2880 2396 2927 v,
2432 2863 2551 2918 dies
2587 2860 2703 2917 fere
2740 2875 2834 2915 xx.
2895 2855 3146 2912 Totidem
3182 2854 3318 2910 Cari
3362 2867 3430 2907 ac
3462 2848 3659 2904 Nume-

2064 2960 2210 3014 riani
2239 2957 2471 3028 imperio
2494 2953 2770 3011 eximendi
2803 2957 2954 3007 sunt.
2986 2950 3064 3003 ita
3092 2948 3277 3004 Carus
3300 2939 3659 3017 paucissimis

376 3039 533 3099 atque
565 3029 769 3097 ordine,
804 3029 872 3084 P.
901 3030 986 3094 0.,
1012 3033 1265 3100 proximo.
1288 3033 1555 3101 superiore
1588 3049 1727 3086 anno
1756 3033 1957 3103 factum

2067 3045 2349 3102 mensibus
2397 3042 2707 3114 imperavit.
2761 3037 2930 3132 Atqui
2976 3036 3064 3093 vel
3115 3034 3520 3132 Numeri-anus,
3547 3029 3658 3097 ipse

374 3129 476 3187 est,
510 3130 566 3174 ut
600 3130 773 3176 vestra
800 3122 1079 3176 clementia
1110 3123 1225 3177 orbi
1256 3132 1524 3178 terrarum
1546 3125 1835 3193 principem
1850 3124 1960 3179 .da-

377 3219 478 3275 ret,
521 3219 627 3265 etc.
669 3210 806 3265 Tum
841 3223 1222 3266 senatuscons.
1256 3212 1553 3282 subjicitur
1582 3230 1596 3265 :
1625 3212 1719 3266 Die
1751 3229 1809 3267 ιιι
1847 3211 1966 3269 Νο-

378 3318 478 3356 nas
528 3300 856 3355 Februarias
906 3304 963 3355 in
1013 3301 1125 3356 wde
1176 3302 1512 3369 Concordiae,
1563 3304 1701 3359 inter
1750 3313 1965 3370 scelera,

380 3391 566 3448 Allius
601 3392 930 3460 Scorpianus
966 3408 1072 3447 cos.
1107 3393 1237 3445 dicit
1271 3408 1290 3447 :
1321 3393 1586 3458 Audistis,
1635 3405 1815 3464 patres
1838 3411 1967 3451 con-

380 3484 592 3553 scripti,
629 3483 839 3538 litteras
892 3484 1099 3538 Aurelii
1156 3482 1358 3538 Valerii
1399 3483 1606 3539 Probi:
1633 3486 1698 3540 de
1730 3488 1812 3542 Itis
1841 3488 1969 3558 quid

380 3576 634 3630 videtur?
676 3573 812 3628 Acta
858 3574 974 3628 haec
1021 3580 1240 3643 oportet
1280 3589 1405 3630 esse
1439 3576 1690 3647 proximo
1718 3593 1867 3633 anno
1900 3579 1970 3635 ab

380 3680 469 3728 co,
517 3679 628 3734 quo
675 3662 900 3718 Tacitus
952 3678 982 3716 a
1026 3670 1221 3717 senatu
1262 3664 1564 3734 imperator
1613 3673 1700 3722 est
1740 3667 1964 3723 factus:

383 3752 532 3823 quod
576 3755 692 3807 hmc
727 3754 892 3808 verba
933 3753 1361 3809 demonstrant:
1404 3758 1649 3825 proximo
1699 3759 1971 3827 superiore

385 3863 525 3901 anno
552 3846 754 3915 factum
783 3855 882 3900 est.
919 3843 1095 3899 Porro
1134 3843 1359 3903 Tacitus
1387 3863 1460 3902 vn
1493 3846 1615 3901 Kal.
1651 3847 1771 3903 Oct.
1800 3849 1967 3920 impe-

384 3946 539 3993 rator
583 3953 614 3992 a
657 3945 851 3994 senatu
891 3936 1242 3993 renuntiatus
1277 3947 1382 4006 est,
1424 3949 1486 3993 ut
1518 3939 1661 3995 idem
1695 3939 1969 4010 V0piscns

386 4027 577 4083 refert.
626 4030 921 4100 imperavit
969 4046 1016 4083 vi
1061 4044 1303 4096 menses,
1358 4030 1495 4096 sive,
1538 4039 1599 4085 ut
1638 4030 1967 4099 ait-Victor,

387 4119 507 4176 dies
535 4135 620 4187 cc,
656 4120 748 4192 qui
779 4136 847 4176 ex
884 4136 936 4175 a.
970 4120 1025 4176 d.
1066 4135 1142 4173 vn
1175 4118 1296 4174 Kal.
1340 4119 1461 4175 Oct.
1506 4121 1677 4190 putati
1708 4121 1971 4176 desinunt

386 4213 443 4269 in
473 4213 616 4284 prid.
649 4214 726 4269 ld.
759 4214 918 4284 Apr.,
946 4214 1063 4270 sive
1086 4212 1292 4282 Aprilis
1322 4228 1424 4267 xu.
1452 4214 1616 4284 Atqui
1652 4228 1758 4267 non
1783 4213 1968 4267 statim

388 4316 515 4378 post
552 4306 729 4361 Taciti
769 4315 1000 4361 mortem
1045 4308 1266 4375 scriptae
1309 4313 1438 4362 sunt
1480 4318 1511 4357 a
1543 4302 1719 4358 Probo
1751 4304 1965 4366 litterae,

2066 3140 2193 3205 post
2238 3130 2366 3187 Cari
2427 3112 2620 3184 necem
2673 3122 2995 3196 aliquandiu
3048 3135 3175 3176 cum
3227 3117 3443 3174 Carino
3496 3112 3659 3168 fratre

2066 3221 2361 3293 imperium
2399 3217 2601 3283 tenuit,
2628 3225 2686 3270 ut
2724 3214 2888 3285 paulo
2917 3217 3042 3282 post
3075 3207 3430 3264 ostendetur.

2136 3310 2375 3367 Necesse
2419 3315 2504 3364 est
2558 3305 2726 3376 igitur
2771 3302 2989 3357 initium
3030 3299 3159 3355 Cari
3204 3306 3458 3354 statuere
3509 3304 3652 3347 anno

2066 3400 2273 3457 Christi
2321 3397 2448 3455 282.
2498 3396 2619 3463 Quo
2664 3401 2914 3457 mortuo,
2968 3391 3238 3446 incertum
3285 3403 3402 3461 quo
3449 3395 3654 3441 mense.

2068 3488 2214 3547 anno
2247 3490 2469 3561 quidem
2497 3488 2626 3552 285,
2659 3501 2724 3541 ac
2756 3485 2997 3540 fortasse
3037 3482 3150 3554 jam
3189 3481 3519 3541 inclinante,
3551 3471 3655 3527 Nu-

2069 3583 2354 3638 merianus
2411 3586 2467 3636 et
2522 3576 2761 3634 Carinus
2821 3574 3033 3644 aliquot
3086 3570 3379 3626 mensibus
3432 3564 3655 3635 imperio

2068 3669 2422 3742 praefuerunt.
2454 3666 2515 3722 In
2548 3675 2655 3722 vet.
2703 3664 2952 3733 inscript.
2982 3658 3267 3715 tribunitia
3302 3649 3652 3742 potestas

2075 3737 2221 3819 Caro
2268 3759 2557 3822 tribuitur,
2607 3756 2750 3829 apud
2796 3753 3097 3809 Gruterum
3138 3766 3264 3821 pag.
3303 3748 3418 3803 277
3449 3752 3503 3799 et
3530 3737 3648 3796 278.

2069 3855 2204 3909 Nam
2231 3861 2347 3909 tres
2371 3852 2613 3924 priorem
2649 3846 2993 3902 tribunitiam
3029 3846 3357 3911 potestatem
3394 3834 3647 3924 indicant.

2069 3943 2207 3998 IMP.
2256 3917 2433 3997 CASS.
2493 3937 2657 3994 AUG.
2714 3932 2919 3990 CARO.
2965 3929 3096 3986 PIO.
3142 3927 3296 3984 FEL.
3354 3917 3648 3981 lNVlCTO.

2069 4034 2279 4091 PONT.
2314 4031 2484 4088 MAX.
2508 4028 2624 4085 TR.
2653 4025 2810 4082 POT.
2843 4025 2906 4078 Ρ.
2926 4022 2988 4077 Ρ.
3014 4011 3312 4076 PROCOS.
3339 4018 3463 4071 Alia
3482 4011 3647 4066 eidem

2071 4127 2416 4183 tribunitiam
2438 4129 2766 4194 potestatem
2790 4134 2827 4173 ιι
2849 4123 3068 4187 arrogat
3110 4113 3244 4179 Quae
3266 4127 3357 4166 res
3388 4117 3443 4165 et
3476 4106 3649 4159 Anna-

2071 4222 2206 4275 lium
2250 4213 2628 4274 observationi
2670 4209 3001 4283 praescribit,
3046 4215 3103 4261 et
3140 4205 3520 4274 conjecturam
3558 4210 3652 4283 no-

2073 4318 2245 4366 stram
2297 4308 2551 4369 allirmat,
2602 4282 2712 4373 qua
2764 4299 3108 4356 tribunitiam
3158 4301 3485 4367 potestatem
3532 4282 3645 4341 Kal.

388 4375 484 4453 sed
510 4406 632 4467 post
657 4410 847 4450 necem
878 4393 1142 4458 Floriani,
1168 4403 1230 4448 ut
1252 4394 1440 4448 eadem
1459 4394 1690 4462 epistola
1707 4392 1974 4450 declarat.
2010 4411 2054 4466 ι)
2081 4400 2204 4454 Jan.
2255 4397 2545 4468 repetitam
2593 4390 2871 4448 interdum
2901 4388 3265 4444 ostendimus.
3298 4383 3487 4454 Neque
3512 4375 3649 4433 enim

388 4489 683 4545 Florianus
720 4501 850 4543 vero
878 4500 1098 4543 menses
1126 4486 1289 4545 duos,
1321 4493 1382 4538 ut
1411 4489 1489 4539 alt
1522 4484 1797 4554 Vopiscus
1817 4525 1831 4548 ,
1859 4487 1976 4542 sive

392 4601 461 4637 ιι
505 4585 646 4646 dies,
693 4589 756 4635 ut
804 4588 996 4635 auctor
1040 4585 1127 4634 est
1175 4576 1387 4639 Victor,
1431 4574 1723 4645 imperium
1774 4574 1974 4641 tenuit,

392 4688 589 4741 nempe
625 4670 692 4724 ad
723 4685 783 4725 ιιι
816 4669 893 4724 ld.
935 4668 1130 4724 Jelias.
1167 4667 1356 4737 Adjice
1403 4680 1549 4720 nunc.
1583 4663 1703 4722 dies
1740 4665 1973 4735 aliquot,

392 4765 486 4832 qui
514 4780 542 4817 a
574 4762 818 4817 Floriani
847 4761 1000 4815 obitu
1028 4761 1093 4815 ad
1123 4761 1277 4814 illum
1310 4759 1454 4814 diem
1484 4757 1656 4827 elapsi
1687 4766 1838 4817 sunt,
1865 4773 1977 4828 quo

394 4855 639 4925 acceptis
688 4855 886 4910 litteris
920 4865 1302 4910 senatuscons.
1342 4851 1428 4905 est
1462 4849 1693 4903 factum.
1737 4849 1979 4915 Quomo-

395 4945 469 4999 do
498 4962 558 4999 ιιι
592 4944 778 5001 Nonas
805 4943 967 5001 Febr.
999 4944 1156 4999 lectae
1187 4942 1243 4998 in
1267 4949 1461 4997 senatu
1490 4939 1652 4994 Probi
1681 4940 1876 4995 littera:
1901 4941 1982 4993 di-

399 5037 636 5089 cuntur?
685 5035 854 5091 Miror
893 5036 1185 5105 diligentes
1225 5034 1513 5095 homines,
1554 5032 1647 5103 qui
1686 5033 1976 5088 historiam

403 5127 551 5180 illam
582 5125 997 5181 commentariis
1018 5124 1136 5179 suis
1167 5124 1534 5188 illustrarunt,
1562 5130 1671 5175 tam
1705 5122 1978 5191 insignem

402 5221 580 5275 locum
614 5218 1057 5289 praetermisisse.
1098 5216 1347 5272 Mendum
1382 5217 1547 5287 igitur
1578 5224 1665 5271 est
1692 5215 1835 5287 apud
1867 5214 1979 5269 Vo-

404 5313 648 5383 piscum;
679 5311 823 5378 quod
849 5311 899 5381 is
924 5309 1227 5372 sustulerit,
1251 5309 1343 5379 qui
1376 5323 1474 5380 pro
1502 5307 1849 5371 Februarias,
1874 5307 1984 5360 Au-

404 5411 589 5477 gusta:
618 5400 987 5456 substituerit.
1018 5398 1207 5472 Neque
1234 5400 1381 5457 enim
1406 5400 1706 5454 verisimile
1725 5409 1829 5460 est,
1858 5405 1984 5467 post

408 5507 480 5551 vn
511 5495 625 5550 fere
658 5507 897 5558 menses,
938 5509 1101 5563 quam
1137 5509 1165 5547 a
1198 5492 1465 5547 militibus
1490 5492 1701 5545 electus
1738 5496 1843 5551 est,
1878 5488 1982 5540 im-

407 5587 617 5653 perium
640 5587 815 5640 Probo
832 5587 900 5640 ab
916 5594 1108 5641 senatu
1127 5600 1248 5640 esse
1267 5582 1674 5644 confirmatum,
1695 5595 1838 5634 anno
1852 5579 1957 5632 277
1970 5619 1982 5634 .

414 5675 550 5742 Qui:
585 5694 693 5733 non
734 5677 895 5752 longe
939 5687 1064 5749 post
1113 5677 1350 5733 militare
1395 5672 1713 5743 suffragium
1763 5681 1986 5728 scimus

2077 4491 2256 4546 Carus
2284 4467 2410 4543 ante
2434 4485 2726 4556 imperium
2758 4483 2907 4538 illam
2934 4488 3020 4536 est
3048 4479 3279 4549 adeptus
3304 4496 3319 4532 :
3347 4488 3474 4531 cum
3509 4467 3651 4542 prior

2079 4577 2367 4634 tribunitia
2408 4582 2673 4647 potestas,
2724 4579 2786 4627 ut
2825 4585 2894 4626 ex
2940 4569 3219 4640 lapidibus
3270 4571 3508 4628 constat,
3543 4558 3648 4629 jam

2080 4671 2326 4740 Augusto
2354 4676 2408 4726 et
2436 4665 2751 4736 imperatori
2779 4660 3092 4733 contigerit.
3127 4658 3194 4713 Et
3225 4668 3410 4713 tamen
3449 4653 3650 4740 vixest

2080 4767 2141 4814 ut
2175 4739 2387 4812 annum
2433 4755 2754 4811 accesserit.
2789 4753 2924 4819 Imo,
2961 4751 3005 4807 si
3040 4765 3148 4820 qua
3180 4746 3314 4803 fides
3340 4739 3649 4801 Annalibus,

2040 4910 2043 4913 _
2082 4849 2449 4922 paucissimos
2489 4859 2709 4901 menses
2740 4843 3048 4913 imperavit.
3086 4841 3350 4909 Superest
3383 4836 3523 4891 alius
3555 4844 3648 4922 no-

2080 4918 2207 5006 dus,
2251 4953 2413 5009 quem
2449 4936 2714 5006 implicat,
2770 4949 2880 4990 non
2914 4932 3168 4989 dissolvit
3217 4928 3485 5000 Scaliger,
3534 4918 3652 4976 Ani—

2082 5032 2347 5088 madvers.
2394 5027 2590 5083 Euseb.
2623 5026 2688 5081 ad
2736 5040 2938 5081 annum
2979 5022 3144 5079 2299.
3197 5020 3411 5075 Etenim
3460 5014 3649 5071 Nume-

2082 5127 2277 5180 rianus
2321 5121 2486 5192 paulo
2534 5129 2654 5190 post
2701 5117 2950 5188 parentis
2993 5128 3187 5170 necem
3233 5110 3410 5168 soceri
3446 5098 3652 5162 insidiis

2083 5219 2307 5274 occisus
2342 5213 2684 5284 perhibetur.
2731 5211 3008 5279 Quomodo
3055 5210 3243 5280 igitur,
3292 5203 3490 5274 inquit,
3540 5210 3650 5253 cou-

2084 5306 2302 5362 stabuut
2328 5304 2448 5371 illa,
2471 5319 2588 5374 qua:
2610 5302 2747 5356 idem
2778 5299 3034 5370 Vopiscus
3063 5298 3191 5352 dicit
3220 5298 3273 5350 in
3305 5294 3533 5350 Carino:
3554 5298 3651 5342 meo

2086 5396 2343 5452 marabile
2370 5396 2621 5459 maxime,
2666 5402 2717 5448 et
2759 5392 2968 5458 Carini,
3009 5400 3058 5444 et
3097 5386 3533 5442 Numerianihoc
3565 5377 3650 5429 ha-

2093 5491 2270 5544 buisse
2295 5487 2595 5557 imperium,
2625 5485 2763 5556 quod
2792 5482 2946 5538 ludos
2974 5482 3241 5536 Romanos
3276 5477 3419 5533 novis
3451 5476 3650 5530 ornatos

2089 5580 2405 5650 spectaculis
2442 5576 2726 5634 dederint?
2765 5576 2872 5643 Qui
2920 5581 3205 5643 potuerunt
3250 5567 3405 5625 ambo
3434 5565 3552 5620 illos
3581 5559 3651 5650 lit-

2090 5672 2183 5728 dos
2222 5669 2405 5740 edere,
2441 5685 2560 5725 cum
2602 5666 2962 5727 Numerianus
3012 5660 3371 5734 Eupliratensi
3402 5645 3656 5728 prouincia
