3978 6220
241 364 346 422 569

1210 349 1297 405 DE
1335 343 1777 406 ROMANORUM
1808 340 1993 396 IMPP.
2035 329 2545 395 CllllONOLOGlA.

3395 317 3500 373 570

239 481 416 548 pedem
451 483 570 545 post
615 471 818 527 obitum
866 468 1038 539 patris
1084 482 1188 521 non
1232 462 1524 519 extulerit?
1555 459 1724 530 igitur
1759 455 1826 510 ab
1855 455 1900 514 A
1933 453 2197 508 Varronis
2227 459 2281 504 et
2321 445 2586 518 Scaligeri
2615 440 2909 503 sententia,
2943 444 3029 494 est
3058 452 3174 508 per.
3201 432 3309 491 Jul.
3344 433 3506 500 5961,

2031 543 2044 548 -
2139 544 2148 548 -
2806 547 2815 548 ,
3117 525 3222 548 οοη
3276 532 3349 548 Μ,
3389 539 3487 548 _____

180 597 183 600 ι
239 586 350 625 uno
403 577 616 622 tantum
645 563 851 618 Carino
886 562 1045 616 datos
1090 559 1216 613 illos
1277 571 1402 612 esse
1431 554 1597 608 ludos
1631 550 1823 606 existi-

239 671 367 719 mat.
395 662 477 714 Ad
509 661 620 713 lucc
653 655 926 726 Olympius
964 651 1312 706 Nemesianus
1343 648 1487 701 dicat
1512 643 1826 714 Cynegetica

239 772 337 812 sua
366 753 592 815 Carino,
609 750 729 818 jam
753 757 904 816 patre
932 743 1074 799 Caro
1104 749 1335 805 mortuo,
1371 748 1429 792 ut
1459 739 1674 805 ipsemet
1711 749 1828 786 ver-

244 845 392 900 sibus
417 845 532 897 suis
582 841 811 894 indicat.
873 837 1086 891 Virente
1133 843 1308 888 autem
1351 830 1681 884 Numeriano
1719 824 1828 878 Iure

237 936 419 989 eadem
444 951 497 987 se
527 933 806 1000 scripsisse
833 928 1120 999 signiﬁcat.
1145 925 1272 979 Haec
1304 923 1568 992 Scaliger.
1600 918 1679 972 Ex
1708 917 1830 988 qui-

251 1030 356 1082 bus
390 1025 673 1096 suspicor,
711 1021 1104 1077 Numerianum
1142 1025 1267 1087 post
1304 1015 1430 1070 Cari
1464 1021 1694 1066 mortem
1726 1010 1828 1062 ali-

237 1126 372 1188 quot
412 1117 702 1171 mensibus
734 1111 1078 1183 superfuisse
1123 1109 1190 1162 ad
1227 1107 1468 1177 Aprilem
1509 1103 1636 1157 anni
1684 1100 1826 1166 284,

238 1226 348 1280 quo
415 1207 708 1263 intervallo
790 1204 1083 1274 imperium
1139 1215 1263 1253 cum
1325 1198 1491 1251 fratre
1549 1193 1827 1248 tenuerit:

236 1303 484 1370 adeoque
533 1297 882 1354 celeberrimi
939 1295 1018 1348 illi
1074 1293 1188 1345 ludi
1243 1291 1536 1358 utriusque
1587 1286 1828 1348 nomine,

238 1395 468 1450 absente
531 1393 664 1446 licet
734 1391 951 1451 altero,
1007 1393 1136 1440 sunt
1193 1383 1446 1437 exhibiti.
1504 1382 1830 1448 Quanquam

240 1483 460 1538 tametsi
513 1479 870 1552 paucissimis
901 1476 1097 1530 diebus
1142 1482 1264 1544 post
1310 1472 1433 1526 Cari
1485 1485 1672 1524 necem
1715 1465 1833 1520 Nu-

239 1575 524 1631 merianus
559 1573 814 1632 vixisset,
847 1575 1142 1636 utrumque
1169 1562 1486 1631 contingere
1517 1559 1693 1629 potuit
1720 1598 1734 1621 ,
1772 1565 1832 1611 ut

239 1675 294 1721 et
324 1665 439 1719 ludi
481 1665 541 1718 in
595 1663 718 1716 illos
753 1661 904 1730 ipsos
932 1659 1048 1712 dies
1084 1654 1408 1716 inciderent,
1455 1663 1510 1705 et
1544 1651 1612 1704 ab
1646 1649 1834 1701 ambo-

243 1759 346 1813 bus
375 1757 697 1817 ederentur,
731 1768 796 1806 ac
825 1749 1154 1822 (Iynegetica
1187 1760 1286 1801 sua
1319 1743 1520 1798 Carino
1555 1740 1833 1795 Nemesia-

241 1865 346 1904 nus
380 1846 740 1901 inscriberet.
803 1842 989 1907 Quare
1029 1839 1155 1909 quis
1211 1837 1429 1891 demum
1479 1831 1831 1886 admirationi

233 1949 406 2006 tanta:
439 1940 600 1994 locus
636 1937 820 2001 fuerit,
865 1949 975 1988 non
1018 1932 1199 1986 video.
1237 1928 1428 1983 Utrum
1463 1926 1635 1988 malit,
1671 1925 1834 1993 eligat

245 2034 452 2099 lector;
515 2031 634 2086 sive
688 2030 886 2083 Carum
946 2027 1182 2080 alterum
1237 2021 1450 2090 imperii
1508 2033 1712 2072 annum
1749 2018 1836 2070 in-

243 2125 496 2188 choasse,
549 2129 603 2176 et
647 2136 676 2174 a
710 2118 1005 2174 Novembri
1055 2113 1183 2169 anni
1235 2113 1342 2166 282
1393 2111 1460 2164 ad
1511 2108 1832 2162 Januarium

244 2215 324 2270 vel
356 2213 722 2267 Februarium
783 2209 912 2263 anni
960 2206 1068 2260 284
1118 2204 1407 2274 imperium
1462 2212 1831 2270 prorogasse:

245 2304 402 2360 ludos
449 2319 584 2359 vero
625 2310 913 2371 appetente
961 2312 1106 2359 vere,
1149 2303 1278 2366 puta
1330 2293 1547 2352 Martio,
1601 2289 1834 2342 indictos

244 2412 400 2461 esse;
439 2396 562 2450 sive
592 2393 798 2448 Carum
835 2406 982 2443 atino
1024 2388 1132 2442 285
1171 2387 1282 2456 jam
1323 2393 1554 2440 exeunte
1591 2395 1790 2437 caesum
1818 2419 1832 2442 ,

246 2488 640 2542 Numerianum
679 2499 808 2539 vero
841 2495 1060 2534 menses
1109 2479 1320 2546 aliquot
1363 2476 1688 2542 imperasse.
1731 2468 1836 2522 P0-

251 2591 454 2633 stremo
509 2575 746 2630 Carinas
802 2581 923 2642 post
997 2568 1242 2640 parentis
1288 2574 1342 2620 et
1388 2563 1574 2618 fratris
1623 2562 1834 2615 obitum

243 2682 448 2720 annum
509 2679 680 2718 unum
722 2670 816 2716 aut
876 2663 1110 2714 alterum
1160 2665 1442 2725 superstes
1495 2653 1630 2715 fuit;
1683 2649 1834 2705 occi-

241 2773 460 2827 susque
493 2764 578 2812 est
619 2771 647 2808 a
697 2754 1063 2815 Diocletiano,
1114 2756 1175 2803 ut
1215 2747 1447 2803 Onulrio
1477 2746 1675 2814 placet,
1711 2741 1838 2795 Dio-

243 2849 488 2903 cletiano
524 2848 560 2901 ll
596 2853 650 2902 et
678 2845 997 2900 Aristobulo
1055 2857 1202 2896 coss.
1254 2838 1355 2892 Alii
1385 2832 1632 2905 sequenti
1669 2847 1834 2895 anno,

247 2941 491 2995 Maximo
524 2949 578 2995 et
601 2939 860 3008 Aquilino
892 2952 1039 2990 coss.
1075 2935 1127 2987 id
1163 2935 1472 2999 assignant.

321 3033 492 3087 Μετὰ
521 3031 738 3085 τοῦτον
764 3026 1210 3096 Διοκλητιανός.
1250 3021 1396 3074 Nihil
1430 3028 1514 3074 est
1545 3016 1836 3079 illustrius,

251 3125 384 3179 nihil
412 3123 694 3194 insignius
752 3135 864 3176 atra
910 3119 1026 3174 sive
1073 3116 1232 3170 initio
1291 3110 1636 3173 Diocletiani,
1671 3123 1700 3160 a
1734 3121 1841 3176 quo
1870 3129 1917 3192 ο

250 3216 559 3273 Christiani
616 3221 832 3269 veteres
885 3219 1132 3279 tempora
1173 3220 1273 3262 sua
1323 3209 1646 3272 computare
1695 3199 1842 3253 sole-

253 3313 403 3374 bant,
442 3311 759 3380 priusquam
803 3303 1136 3372 Dionysiana
1180 3313 1284 3353 aera
1329 3298 1475 3350 illam
1509 3292 1843 3347 excluderet.

256 3401 323 3456 Et
365 3411 555 3455 tamen
609 3395 933 3454 incredibile
981 3393 1131 3447 dictu
1188 3397 1294 3454 est,
1356 3394 1624 3457 quantum
1675 3384 1730 3436 in
1783 3397 1848 3437 ea

255 3493 609 3548 conﬂictatus
685 3489 757 3544 sit
804 3485 1071 3555 Scaliger,
1129 3494 1406 3551 quamque
1459 3475 1718 3546 perplexe
1785 3488 1850 3527 ac

209 3637 213 3639 .
257 3585 491 3638 confuse
535 3582 602 3637 de
644 3597 707 3636 ea
756 3578 1039 3648 scripserit
1068 3595 1081 3630 :
1109 3575 1246 3628 adeo
1277 3580 1336 3625 ιιι
1368 3586 1434 3625 ne
1476 3571 1592 3639 ipse
1627 3567 1848 3638 quidem

257 3674 514 3727 videatur
538 3669 875 3726 intellexisse
897 3683 1018 3737 quae
1040 3665 1264 3720 diceret.
1298 3661 1434 3716 Nam
1473 3661 1650 3715 tribus
1679 3657 1847 3720 locis,

257 3768 365 3822 hoc
408 3773 492 3819 est
537 3764 632 3816 lib.
669 3779 701 3817 v
745 3761 818 3814 De
854 3759 1093 3814 emendat
1133 3767 1290 3823 temp.
1336 3762 1390 3808 et
1440 3754 1496 3807 in
1535 3751 1850 3806 Eusebianis

261 3852 840 3915 Animmlversionibus,
883 3868 946 3905 ac
977 3862 1255 3920 postremo
1284 3847 1376 3899 lib.
1409 3861 1467 3899 ιιι
1512 3844 1660 3913 Isag.
1688 3860 1836 3906 can.,

262 3947 370 3997 tria
421 3945 635 3997 diversa
687 3929 932 4008 tempora
975 3937 1318 4006 designavit,
1366 3949 1541 4008 eaque
1591 3931 1657 3984 ad
1705 3931 1852 3984 illam

263 4035 536 4104 epocham
593 4029 980 4084 illustrandam
1043 4027 1258 4086 attulit,
1332 4004 1454 4093 quae
1506 4019 1853 4074 incertiorem

265 4141 436 4196 quant
465 4133 622 4177 antea
655 4123 910 4175 lectorem
942 4117 1302 4171 dimitterent.

343 4218 584 4271 l‘rimum
621 4212 892 4268 enim-lib.
932 4209 1004 4262 De
1048 4204 1276 4270 emend.,
1321 4219 1375 4267 ν,
1428 4216 1549 4270 pag.
1575 4199 1700 4261 466,
1731 4197 1859 4250 Dio—

268 4305 493 4362 cletiani
525 4300 888 4372 primordium
920 4295 1148 4363 conjicit
1177 4295 1233 4345 in
1260 4307 1465 4345 annum
1500 4287 1706 4342 Christi
1729 4285 1855 4340 287.

271 4393 381 4450 Sed
431 4392 537 4445 alia
591 4389 838 4460 quaedam
890 4385 1062 4447 addit,
1112 4396 1236 4452 qua:
1278 4379 1408 4434 huic
1438 4377 1543 4449 ipsi
1579 4376 1862 4431 sententia:

1926 543 2084 615 cyelo
2138 544 2280 596 luna:
2328 555 2422 599 1x;
2477 550 2655 590 annus
2697 547 2826 586 vero
2869 529 3074 584 Christi
3117 525 3222 580 287
3272 532 3356 579 est
3389 539 3506 594 per.

1925 612 2036 688 tiu.
2069 633 2232 695 5000,
2265 629 2420 700 cyclo
2462 627 2606 680 lunae
2647 639 2728 679 ιιι.
2766 622 2849 676 Ab
2884 634 3029 673 anno
3075 617 3208 672 5961
3246 615 3314 668 ad
3349 612 3508 675 5000,

1927 741 2040 782 non
2097 725 2287 795 plures
2331 733 2494 789 quam
2547 715 2676 769 anni
2734 712 2870 768 1040
2909 730 2922 766 :
2959 711 3034 764 ita
3084 717 3141 762 ut
3187 706 3511 760 millesimus

1929 793 2387 891 quadragesimus
2436 809 2622 864 inierit
2648 823 2679 860 a
2708 804 2970 858 Palilibus
3002 801 3130 855 anni
3162 796 3369 868 periodi
3398 793 3510 851 Jul.

1929 887 2090 974 5000,
2124 904 2328 961 Christi
2360 902 2487 957 287.
2524 898 2642 956 Non
2674 897 2839 966 igitur
2871 893 2961 946 hic
2991 899 3109 946 erat
3144 889 3304 943 toti.
3368 887 3514 940 rm-

1933 1011 2085 1058 terea
2124 1013 2226 1054 nec
2256 994 2390 1051 illud
2424 1006 2609 1047 verum
2639 996 2747 1051 est,
2782 999 2984 1039 annum
3019 982 3182 1037 Urbis
3210 979 3513 1034 Varronia-

1931 1109 2062 1149 num
2117 1090 2250 1146 1011
2305 1102 2430 1142 cum
2481 1097 2626 1138 anno
2684 1077 2929 1135 secundo
2977 1076 3192 1145 Olymp.
3233 1073 3339 1126 26‘}
3381 1087 3516 1125 con-

1933 1197 2181 1239 currere.
2233 1178 2427 1232 Annus
2479 1171 2644 1228 Urbis
2696 1168 2826 1224 1041
2887 1172 2973 1220 est
3021 1180 3138 1233 per.
3191 1161 3299 1215 Jul.
3349 1162 3513 1224 5001,

1933 1274 2208 1345 coepitque
2253 1283 2400 1322 anno
2445 1261 2654 1318 Christi
2707 1258 2835 1322 288,
2867 1271 2978 1325 quo
3007 1253 3170 1308 desiit
3205 1267 3382 1305 annus
3411 1261 3519 1304 ter-

1935 1343 2045 1423 tius
2091 1365 2310 1434 Olymp.
2359 1357 2489 1420 266,
2535 1367 2587 1411 et
2618 1360 2852 1424 quartus
2889 1347 3033 1402 iniit.
3067 1343 3516 1412 Quandoquidem

1932 1475 2000 1514 ex
2034 1454 2304 1524 Scaligcri
2353 1447 2626 1506 sententia
2671 1444 2884 1514 primus
2921 1454 3099 1494 annus
3134 1437 3293 1506 lphiti
3326 1434 3520 1488 incidit

1935 1549 1991 1602 in
2040 1559 2245 1600 annum
2301 1540 2511 1611 periodi
2557 1535 2667 1590 Jul.
2720 1532 2882 1588 5958.
2917 1529 3073 1585 Unde
3104 1526 3266 1588 1062,
3302 1525 3406 1578 hoc
3435 1531 3520 1576 est

1936 1633 2216 1694 secundus
2270 1630 2487 1700 Olymp.
2531 1625 2659 1688 266,
2713 1622 2881 1691 erepit
2943 1632 3088 1672 anno
3151 1613 3363 1686 periodi
3409 1611 3516 1666 Jul.

1935 1730 2096 1784 4999.
2153 1723 2429 1779 Eusebius
2471 1726 2654 1772 autem
2690 1729 2894 1768 annum
2929 1712 3169 1780 primum
3201 1702 3521 1760 Diocletiani

1935 1836 2060 1875 cum
2109 1812 2451 1887 Olympiadis
2504 1809 2610 1863 266
2662 1820 2810 1861 anno
2857 1803 3056 1872 primo,
3091 1814 3203 1852 non
3253 1795 3520 1858 secundo,

1936 1886 2225 1980 componit
2275 1907 2331 1958 in
2375 1903 2620 1957 editione
2668 1899 2786 1967 ipsa
2837 1893 3120 1963 Scaligeri,
3158 1899 3265 1944 tam
3301 1886 3518 1951 Latina,

1940 1978 2103 2074 quam
2127 1999 2338 2054 Graeca.
2367 1994 2467 2048 Hic
2495 1993 2664 2061 igitur
2694 1988 2867 2042 multa
2895 1993 3024 2040 sunt
3051 1978 3288 2036 hominis
3317 1984 3518 2032 errata.

1935 2095 2046 2150 Nec
2093 2091 2371 2162 pauciora,
2405 2093 2499 2139 aut
2537 2083 2739 2137 leviora
2781 2085 2929 2139 sunt,
2961 2089 3082 2145 quae
3112 2074 3168 2126 in
3204 2067 3521 2122 Eusebianis

1935 2158 2499 2241 Animadversionibus
2529 2175 2594 2228 ad
2630 2186 2835 2226 annum
2866 2168 3002 2221 2501
3053 2163 3352 2219 commisit.
3386 2158 3523 2212 Nam

1937 2295 2060 2336 cum
2083 2275 2350 2331 Eusebius
2377 2283 2522 2324 anno
2548 2262 2846 2320 Abrahami
2879 2259 3016 2313 2501
3059 2251 3394 2325 Olympiadis
3417 2247 3524 2302 266

1938 2372 2135 2441 primo,
2161 2361 2487 2420 Diocletiani
2519 2355 2880 2430 primordium
2911 2348 3197 2407 allixisset,
3221 2342 3527 2398 metaehro-

1940 2464 2180 2517 nismum
2219 2459 2310 2522 ille
2353 2453 2485 2508 anni
2529 2449 2692 2504 unius
2719 2460 2844 2501 esse
2893 2441 3106 2501 scribit,
3151 2437 3196 2492 si
3236 2450 3265 2488 a
3296 2432 3524 2488 Kalend.

1935 2554 2162 2610 Januar.
2189 2558 2576 2605 numeremus:
2603 2549 2657 2594 et
2691 2536 2950 2606 amplius,
2983 2534 3028 2587 si
3059 2545 3181 2585 atra:
3207 2525 3526 2581 Diocletiani

1938 2645 2080 2699 ratio
2110 2642 2399 2700 habeatur,
2437 2649 2468 2688 a
2502 2649 2588 2686 χιιι
2617 2627 2873 2700 Augusti.
2927 2633 3162 2678 numero
3198 2617 3362 2671 2500.
3399 2613 3530 2668 Inde

1937 2735 2076 2788 enim
2105 2741 2180 2785 est
2215 2727 2493 2783 exordium
2524 2722 2652 2774 anni
2676 2718 2769 2771 τοῦ
2806 2713 3113 2784 πασχαλίου
3156 2707 3531 2778 Egyptiorum

1941 2824 2384 2879 Christianorum.
2437 2813 2540 2869 Sed
2570 2810 2824 2864 Ecclesia:
2856 2805 3046 2860 Graeca
3087 2811 3136 2856 et
3177 2800 3368 2853 Latina
3401 2796 3536 2849 inci-

1940 2913 2154 2983 piebant
2212 2925 2378 2962 annos
2429 2899 2756 2957 Diocletiani
2802 2915 2835 2950 a
2883 2893 3086 2947 Martio
3131 2889 3334 2943 numeri
3365 2884 3532 2947 2501,

1944 2977 2186 3057 Maximo
2222 2999 2284 3053 11
2310 3006 2358 3052 et
2383 2994 2635 3063 Aquilino
2655 3005 2794 3043 coss.
2832 2987 2899 3039 At
2928 2981 3170 3054 Egyptii
3194 2997 3225 3032 a
3256 2993 3385 3032 nix
3421 2977 3529 3026 Au-

1946 3096 2085 3168 gusti
2158 3091 2362 3146 numeri
2419 3082 2712 3140 Eusebiani
2772 3077 2912 3131 2500
2971 3072 3301 3127 Diocletiano
3372 3067 3433 3120 ΙΙ
3486 3077 3533 3119 et

1953 3159 2260 3241 Aristobulo
2289 3194 2425 3232 coss.
2469 3173 2590 3227 Mox
2629 3173 2731 3225 ista
2763 3164 2986 3233 subjicit
3020 3181 3034 3216 :
3077 3160 3220 3214 Sane
3250 3159 3534 3212 secundum

1951 3277 2272 3347 Dionysium
2318 3281 2364 3324 et
2422 3264 2675 3321 Ecclesia:
2723 3260 2931 3313 Latina:
2976 3254 3300 3313 institutum,
3334 3249 3399 3302 ab
3441 3247 3539 3301 In-

1951 3369 2262 3424 carnatione
2295 3362 2363 3414 ad
2398 3359 2628 3428 primum
2663 3364 2863 3405 nantium
2909 3344 3112 3398 numeri
3155 3341 3302 3394 aurei
3335 3338 3548 3391 Diocle-

1955 3460 2139 3522 tianei,
2176 3464 2298 3511 sunt
2325 3427 2452 3506 anni
2473 3447 2579 3501 281
2613 3439 2882 3499 absoluti;
2916 3444 2966 3490 et
3004 3448 3173 3486 annus
3201 3429 3308 3484 285
3324 3437 3400 3482 est
3428 3427 3542 3495 pri-

1953 3570 2067 3606 mus
2094 3546 2410 3603 Diocletiani
2435 3560 2466 3595 a
2495 3537 2714 3593 Martio.
2743 3531 2867 3584 llaec
2891 3538 3020 3583 sunt
3040 3519 3536 3594 perturbatissima.

1953 3642 2228 3698 Eusebius
2279 3638 2514 3707 primum
2566 3647 2770 3686 annum
2833 3623 3158 3682 Diocletiani
3213 3620 3428 3676 (onlert
3487 3619 3542 3669 in

1957 3750 2163 3788 annum
2198 3727 2493 3783 Abrahami
2528 3725 2692 3779 2501.
2744 3723 2838 3774 Est
2887 3728 3084 3780 autem,
3133 3713 3331 3783 inquit,
3381 3719 3548 3762 meta-

1956 3827 2290 3882 chronisntus
2330 3822 2486 3874 unius
2523 3819 2670 3882 anni,
2695 3817 2742 3868 si
2770 3831 2802 3867 ιι
2825 3810 3063 3865 Kalend.
3104 3807 3338 3860 Januar.
3365 3815 3548 3855 nume-

1958 3934 2132 3973 remus
2164 3933 2179 3969 :
2211 3923 2259 3968 et
2289 3912 2542 3980 amplius,
2584 3910 2632 3961 si
2666 3923 2696 3958 α
2727 3920 2854 3958 ΧΧΙΧ
2883 3901 3128 3971 Augusti.
3168 3897 3334 3966 Igitur
3353 3908 3550 3948 secun-

1959 4010 2087 4063 dum
2136 4009 2428 4064 Romanos,
2473 4001 2564 4070 qui
2599 4014 2627 4050 a
2655 3997 2774 4049 Kal.
2811 3995 2930 4046 Jan.
2964 3991 3275 4047 ordiuntur,
3313 3984 3533 4038 initium

1965 4095 2284 4151 Diocletiani
2315 4091 2613 4160 quadraret
2642 4085 2951 4138 Eusebiano
2978 4093 3210 4133 numero
3239 4075 3404 4129 2500.

2030 4187 2100 4239 At
2131 4182 2431 4239 secundum
2472 4177 2779 4248 Aﬂgyptios,
2830 4172 2923 4242 qui
2963 4187 2994 4225 a
3031 4169 3194 4230 Toth,
3248 4167 3364 4220 sive
3418 4178 3551 4216 χχιχ
3603 4167 3605 4170 ’

1963 4277 2194 4348 Augusti
2257 4275 2467 4336 ineunt,
2505 4267 2790 4324 conveniet
2823 4277 3050 4318 numero
3089 4259 3242 4313 1299.
3275 4254 3392 4308 Non
3423 4267 3554 4320 ergo

1964 4345 2172 4424 Latinae
2205 4381 2268 4419 ac
2315 4363 2520 4418 Graeca:
2563 4357 2822 4414 Ecclesia:
2853 4370 2883 4408 a
2917 4352 3109 4406 Martio
3153 4347 3369 4403 numeri
3414 4345 3548 4399 2501

274 4439 381 4450 ην.-
432 4439 537 4445 ---η
595 4439 745 4460 ,ι----κ
1051 4439 1060 4447 ,
1129 4439 1148 4452 .
1462 4439 1475 4449 .

274 4482 557 4539 contraria
604 4478 879 4533 videntur.
940 4473 1194 4535 Orosius,
1237 4471 1438 4542 inquit,
1478 4468 1693 4529 scribit,
1727 4482 1872 4520 anno
1904 4472 1946 4525 ι)
1977 4461 2312 4532 incipiebant
2345 4475 2358 4512 :
2392 4454 2594 4524 alioqui
2626 4447 3150 4505 metachronismum
3188 4439 3552 4494 Eusebiannm

273 4577 344 4631 ab
396 4573 538 4628 Urbe
588 4570 808 4626 condita
869 4567 1029 4632 1041,
1101 4563 1506 4618 Diocletianum
1557 4561 1857 4630 imperato-

274 4683 392 4723 rem
421 4682 545 4723 esse
573 4665 796 4718 factum.
829 4661 944 4716 Hoc
978 4669 1085 4723 est,
1114 4673 1293 4713 annus
1323 4653 1487 4709 Urbis
1521 4653 1653 4707 1041
1687 4651 1861 4704 inibat

277 4762 346 4816 ab
381 4759 490 4815 illis
531 4757 800 4812 Palilibus
845 4751 1228 4813 Varronianis,
1268 4764 1296 4802 a
1330 4747 1533 4818 quibus
1569 4744 1863 4798 Diocletia~

279 4871 386 4909 nus
430 4851 718 4921 imperium
744 4862 976 4902 exorsus
1009 4853 1114 4901 est.
1150 4843 1293 4913 Ergo
1327 4843 1418 4898 ille
1447 4855 1626 4894 annus
1660 4837 1865 4891 Varro-

281 4947 486 5000 nianus
537 4940 729 4995 incidit
777 4940 833 4991 in
884 4954 975 4991 χιιι
1024 4937 1168 4990 diem
1219 4934 1442 5004 Aprilis,
1486 4932 1617 4986 anni
1659 4929 1864 4984 Christi

280 5037 408 5099 287,
452 5032 664 5104 periodi
705 5030 936 5084 Juliana:
977 5028 1138 5090 5000,
1176 5035 1229 5082 et
1261 5025 1494 5082 secundi
1527 5021 1865 5094 Olympiadis

283 5130 410 5195 266,
452 5127 608 5197 cyclo
643 5125 786 5178 lunae
817 5137 900 5186 Ill,
945 5121 1078 5174 solis
1111 5134 1220 5173 xw.
1251 5117 1432 5182 Quare
1464 5116 1550 5169 bis
1574 5123 1867 5169 consenta-

287 5236 388 5275 nea
421 5217 614 5273 scribit
646 5212 936 5274 Eusebius,
982 5225 1012 5264 e
1044 5209 1263 5278 regione
1287 5207 1417 5259 anni
1452 5205 1679 5259 secundi
1720 5205 1863 5271 ejus-

288 5310 433 5370 dem,
477 5306 692 5374 Olymp.
744 5299 886 5363 266,
963 5305 1017 5353 et
1065 5296 1210 5350 Beda
1271 5295 1365 5348 lib.
1413 5311 1428 5348 ι
1487 5293 1629 5346 Hist.
1682 5293 1866 5362 Angl.,

1968 4529 2347 4626 sequerentur,
2384 4546 2663 4618 quodnon
2700 4549 2853 4612 putat
2891 4537 3172 4603 Scaliger;
3231 4529 3324 4587 sed
3358 4546 3389 4584 e
3421 4543 3555 4581 con-

1968 4647 2140 4702 trario
2176 4644 2324 4697 hunc
2355 4640 2533 4710 ipsum
2579 4630 3102 4689 metachronismum
3139 4640 3203 4678 ex
3245 4622 3555 4676 Graecorum

1969 4748 2022 4796 ct
2049 4736 2371 4792 Latinorum
2395 4729 2605 4800 epocha
2635 4724 2889 4794 castigat.
2928 4717 3133 4774 Deinde
3165 4715 3229 4768 ad
3264 4728 3556 4768 numerum

1968 4832 2106 4886 2501
2151 4826 2295 4898 apud
2325 4821 2622 4878 Eusebium
2659 4815 2954 4872 ascribitur
2997 4805 3391 4863 annusChristi
3427 4802 3556 4864 286,

1973 4939 2096 4977 cum
2123 4894 2267 4973 anno
2308 4916 2488 4986 primo
2519 4910 2733 4981 Olymp.
2788 4906 2916 4967 266,
2957 4911 3012 4958 et
3058 4914 3205 4954 coss.
3241 4895 3479 4949 Maximo
3519 4894 3562 4947 Il

1974 5023 2028 5070 et
2054 5012 2328 5082 Aquilino.
2365 5005 2468 5062 Ubi
2493 5006 2547 5059 in
2573 5016 2718 5056 anno
2751 4994 3092 5068 Olympiadis
3123 4990 3308 5045 nullus
3349 4994 3433 5042 cst
3459 5003 3564 5038 me-

1975 5095 2501 5158 tachronismuszsi
2540 5091 2759 5162 quidem
2818 5085 3091 5141 Eusebius
3139 5080 3267 5134 anni
3319 5085 3485 5146 caput
3533 5090 3562 5128 a

1976 5195 2143 5248 Nisan
2191 5201 2244 5243 et
2269 5188 2536 5242 Paschate
2559 5187 2788 5252 repetat.
2820 5177 2917 5233 Est
2943 5187 3124 5229 autem
3149 5185 3330 5226 annus
3353 5165 3561 5222 Christi

1976 5286 2316 5341 Euscbianus
2345 5279 2472 5344 286,
2507 5274 2852 5345 Dionysiana:
2890 5282 3013 5323 terte
3037 5264 3181 5329 285;
3219 5255 3565 5332 quandoqui-

1978 5383 2100 5435 dem
2141 5375 2410 5431 Eusebius
2441 5369 2687 5424 Natalem
2741 5361 2954 5419 Domini
2997 5362 3053 5415 in
3095 5370 3298 5412 annum
3353 5349 3564 5404 confert

289 5414 412 5468 cap.
447 5397 500 5460 6,
533 5395 626 5449 ubi
672 5388 818 5446 anno
863 5388 1157 5442 Dominicae
1192 5385 1587 5440 incarnationis
1614 5383 1720 5439 286
1754 5382 1872 5436 Dio-

293 5489 589 5541 cletianum
621 5483 689 5537 ab
719 5480 966 5537 exercitu
1012 5478 1089 5530 ait
1125 5477 1382 5530 electum.
1425 5472 1552 5527 llaec
1587 5472 1699 5528 fere
1742 5471 1873 5526 Sca-

296 5567 452 5650 liger.
486 5577 617 5643 Quae
661 5591 772 5630 non
816 5574 992 5629 solum
1036 5571 1103 5624 de
1151 5568 1308 5623 initio
1358 5565 1685 5619 Diocletiani
1736 5564 1873 5619 falsa

297 5678 447 5737 sunt,
472 5677 532 5724 ut
560 5667 720 5738 paulo
751 5675 874 5735 post
899 5663 1108 5718 dicetur
1132 5701 1145 5725 ,
1181 5673 1369 5714 verum
1405 5657 1568 5712 etiam
1600 5657 1704 5710 sibi
1737 5656 1873 5726 ipsis

301 5760 598 5819 contraria.
646 5756 857 5813 Etenim
887 5768 1062 5810 annus
1091 5750 1303 5822 primus
1330 5747 1562 5805 conditae
1591 5743 1777 5814 Urbis,
1811 5761 1876 5802 ex

1980 5471 2192 5541 Olymp.
2238 5465 2340 5520 191
2398 5463 2640 5523 tertium,
2699 5467 2751 5513 et
2805 5471 2914 5510 uno
2978 5466 3124 5507 anno
3170 5442 3560 5513 Dionysianam

1980 5577 2143 5618 seram
2176 5556 2488 5613 antevertit.
2527 5554 2734 5619 Quarto
2772 5548 2992 5603 initium
3047 5533 3371 5592 Diocletiani
3413 5535 3563 5582 recte

1982 5653 2240 5707 tribuitur
2285 5661 2430 5702 anno
2461 5618 2589 5708 286,
2633 5642 2737 5694 hoc
2756 5645 2839 5693 cst
2874 5634 2982 5688 285
3031 5621 3307 5684 communi
3351 5639 3364 5675 :
3399 5618 3560 5686 cujus

1986 5746 2053 5802 ab
2078 5741 2360 5806 Januario,
2410 5737 2495 5795 vel
2541 5733 2736 5790 Martio
2771 5724 2949 5782 Latini
2982 5713 3303 5774 Diocletiani
3346 5709 3563 5766 initium
