3978 6220
484 319 583 374 571

1601 311 1943 371 ΑΡΡΕΝΒΙΧ
1975 311 2057 367 D1!

2161 308 2603 366 lRTATlONUM.
3670 304 3757 360 ΒΕ

486 428 838 501 auspicantur
863 447 875 483 :
902 429 1047 499 quod
1084 425 1324 497 Aigyptii
1357 425 1563 494 aliquot
1608 438 1734 482 ante
1758 427 2057 488 mensibus,
2090 420 2136 486 Α
2164 424 2452 488 cleliauus,
2516 420 2739 494 quando
2784 420 2979 476 consul
3034 434 3079 475 ll
3130 432 3269 475 cum
3305 416 3628 472 Aristobulo
3650 415 3755 473 fuit.

481 530 588 575 hoc
617 533 699 576 est
747 537 871 574 χχιιι
911 520 1161 589 Augusti,
1195 518 1322 571 anni
1369 516 1689 588 Dionysiani
1725 517 1850 573 Ωιι.
1893 517 2061 572 Euse-

487 592 631 661 biani
660 607 765 662 285
794 608 1140 662 inchoarunt.
1171 604 1291 671 Quo
1320 605 1511 660 eodem
1548 620 1692 660 anno
1732 604 1859 667 285,
1895 604 2060 672 erepit

485 698 697 767 Olymp.
732 696 836 749 266
862 697 1090 764 primus.
1124 695 1179 747 In
1226 708 1375 749 coss.
1407 695 1720 750 aberratum
1762 704 1844 750 est
1874 693 1945 749 ab
1969 694 2057 756 iis,

484 785 576 854 qui
638 799 779 838 coss.
842 791 1193 839 attexuerunt
1250 788 1397 854 (nam
1442 785 1699 840 consules
1749 784 2059 854 Hieronymi

486 875 702 928 codices
724 888 831 927 non
856 876 1132 937 exhibent)
1158 895 1172 930 :
1201 877 1400 947 quippe
1429 875 1647 931 Maximi
1667 875 1708 929 11
1735 883 1791 931 ει
1819 875 2060 945 Aquilini

486 966 804 1020 consulatus
833 968 1090 1022 convenit
1121 982 1268 1022 anno
1318 968 1654 1039 Dionysiano
1696 967 1822 1031 286,
1848 968 1946 1037 qui
1976 978 2061 1024 est

486 1054 717 1109 Eusebia
730 1071 833 1110 nus
858 1056 987 1124 287,
1008 1074 1236 1113 numero
1257 1059 1418 1120 2302,
1439 1075 1545 1114 non
1574 1059 1731 1114 2501.
1756 1060 1826 1112 At
1852 1058 2062 1114 Diocle-

483 1146 666 1200 tianus
722 1148 763 1199 ll
819 1155 873 1201 et
928 1149 1275 1204 Aristobulus
1323 1164 1470 1205 coss.
1533 1157 1852 1218 competunt
1911 1164 2058 1203 anno

483 1235 687 1289 Clu-isti
727 1235 1056 1307 Dionysiano
1105 1239 1234 1304 285,
1289 1239 1596 1296 Eusebiano
1646 1240 1774 1304 286,
1832 1241 2058 1310 proinde

485 1339 716 1379 numero
751 1326 912 1380 2501.
948 1327 1107 1382 Anno
1150 1330 1386 1400 denique
1424 1331 1751 1401 Dionysiano
1795 1331 1923 1395 284,
1956 1348 2058 1384 uu-

487 1428 639 1467 mero
660 1413 801 1470 2500
832 1418 1137 1474 ascribendi
1177 1427 1306 1474 sunt
1347 1436 1487 1475 coss.
1524 1420 1760 1476 Carinus
1791 1422 1835 1476 ll
1864 1429 1919 1475 et
1942 1421 2058 1476 Nu—

488 1505 765 1558 merianus
802 1523 814 1558 :
856 1521 964 1575 quo
1011 1522 1157 1563 anno
1196 1508 1563 1565 Diocletianus
1610 1511 1754 1572 iniit,
1793 1512 1946 1582 cyclo
1980 1512 2059 1565 la-

492 1590 656 1646 bente
686 1609 798 1648 xu.
829 1594 1064 1667 Egyptii
1119 1614 1245 1654 vero
1289 1601 1343 1653 in
1393 1601 1675 1655 neomenia
1701 1600 1904 1665 Thoth,
1943 1603 2059 1657 sive

489 1696 615 1736 xm
645 1682 780 1753 Aug.
821 1695 1103 1754 sequente,
1134 1705 1244 1759 quo
1292 1706 1581 1744 numerum
1616 1706 1842 1745 aureum
1870 1695 1891 1745 1
1922 1693 2060 1748 inie—

488 1780 636 1836 runt,
688 1774 1006 1831 Diocletiani
1065 1781 1327 1849 epocham
1387 1780 1641 1836 ﬁxerunt.
1691 1782 2056 1847 Quamobrem

486 1860 774 1916 manifeste
826 1864 930 1919 sibi
977 1865 1079 1935 ipsi
1114 1869 1391 1922 contraria
1431 1869 1593 1925 docet
1640 1868 1902 1939 Scaliger.
1931 1885 2057 1925 cum

486 1959 540 2003 et
572 1949 794 2008 Latinos
817 1954 895 2007 ait
928 1969 1103 2011 annos
1142 1955 1461 2013 Diocletiani
1487 1974 1779 2014 numerare
1805 1975 1838 2013 a
1863 1959 2057 2015 Martio

490 2042 700 2094 numeri
732 2042 895 2107 2501,
924 2043 1162 2099 Maximo
1186 2053 1239 2101 et
1264 2048 1520 2116 Aquilino
1546 2064 1716 2113 coss.;
1754 2056 1808 2104 et
1833 2049 2055 2105 eosdem

489 2133 648 2196 paulo
669 2141 794 2201 post
821 2136 1019 2189 asserit
1065 2136 1206 2191 inire
1258 2139 1326 2191 ab
1354 2137 1550 2193 Martio
1577 2138 1893 2209 Dionysiani
1926 2140 2054 2205 285,

487 2219 824 2277 Diocletiano
851 2222 897 2276 Il
926 2234 982 2278 et
1013 2226 1332 2282 Aristobulo
1363 2242 1536 2295 coss.,
1554 2230 1646 2298 qui
1682 2238 1769 2285 est
1795 2245 2056 2288 numerus

486 2311 649 2366 2500.
690 2311 847 2377 Quod
883 2317 1154 2383 posterius
1181 2332 1366 2372 verum
1399 2326 1483 2374 est
1532 2334 1546 2371 :
1583 2319 1716 2374 illud
1749 2328 1928 2376 autem
1958 2320 2057 2375 fal-

488 2410 633 2450 sum.
688 2398 1155 2462 Quemadmodum
1213 2412 1268 2457 et
1324 2405 1493 2468 illud,
1555 2408 1701 2476 quod
1760 2409 1815 2462 in
1869 2409 2055 2465 eadem

487 2485 951 2543 Animadversionc
1004 2492 1317 2556 subtexuit,
1344 2493 1676 2551 Diocletiano
1692 2496 1733 2550 ll
1763 2506 1817 2552 ct
1844 2498 2057 2555 Aristo-

488 2575 619 2629 bulo
656 2592 800 2633 coss.
838 2579 1186 2636 indictionem
1226 2598 1276 2636 tv
1317 2588 1552 2654 coepisse
1586 2603 1769 2643 mense
1809 2587 2056 2658 Septem-

494 2665 600 2730 bri,
631 2682 698 2721 eo
718 2683 881 2732 anno,
904 2686 1012 2739 quo
1033 2674 1371 2729 novilunimn
1412 2677 1600 2731 incidit
1628 2679 1683 2734 in
1714 2681 2055 2735 neomeniam

489 2752 666 2807 Thoth
708 2754 1082 2825 Diocletianci,
1125 2777 1252 2816 χιιι
1286 2762 1538 2834 Augusti.
1581 2771 1772 2823 Annus
1809 2768 1898 2823 hic
1934 2785 2057 2825 esse

488 2844 648 2898 debet
674 2861 797 2901 mra;
837 2846 1179 2920 Dionysianm
1202 2852 1331 2917 284,
1358 2856 1510 2925 cyclo
1534 2855 1779 2912 Romano
1816 2875 2056 2929 xu,quo

486 2950 634 2990 anno
666 2937 889 2993 indictio
927 2956 988 2995 ιιι
1019 2956 1128 2995 ιιοιι
1163 2959 1214 2995 tv
1242 2947 1410 3014 cmpit
1456 2962 1487 3000 a
1527 2945 1851 3017 Septembri.
1879 2950 2057 3005 Casti-

2162 515 2317 570 llunc
2338 514 2612 569 Ammiani
2642 515 2821 570 locum
2843 513 3064 584 profert
3097 511 3160 565 in
3198 507 3755 564 Animadversioaibus

2161 605 2435 676 Scaliger;
2480 612 2644 677 atque
2687 606 2772 661 his
2828 620 2975 661 coss.
3032 602 3422 659 indictiohem
3482 616 3535 653 tv
3587 601 3757 656 iniisse

2157 695 2293 749 dicit
2349 709 2537 750 mense
2578 692 2936 763 Septembris,
2984 707 3059 748 ac
3101 688 3470 747 navilunium
3518 689 3759 746 incidisse

2156 800 2286 838 xxix
2323 784 2568 854 Augusti.
2610 783 2714 850 Qui
2749 783 2861 839 duo
2890 783 3269 839 characteres
3301 780 3360 833 in
3387 779 3642 834 eumdem
3665 779 3756 833 Ju-

2159 875 2360 927 lianum
2402 889 2604 929 annum
2658 875 2952 930 convenire
2990 877 3322 943 nequeunt.
3364 868 3506 922 Nam
3547 868 3756 924 indictio

2158 979 2209 1018 IV
2228 979 2257 1016 a
2294 963 2598 1031 Septembri
2630 964 2893 1035 competit
2920 979 3073 1018 anno
3097 961 3240 1023 235,
3263 959 3616 1013 novilunium
3639 975 3755 1013 vero

2158 1066 2284 1105 nix
2335 1052 2582 1121 Augusti,
2628 1067 2772 1106 anno
2815 1050 2941 1116 284,
2989 1051 3156 1120 cyclo
3182 1065 3305 1110 ιιι,
3346 1055 3411 1101 ιιι
3448 1048 3609 1115 paulo
3643 1054 3755 1102 ante

2158 1140 2490 1195 monuimus.
2528 1140 2633 1195 Sed
2672 1142 2788 1195 sive
2814 1156 2956 1195 anno
2990 1141 3104 1195 284
3155 1140 3284 1194 sive
3343 1137 3479 1198 285,
3515 1138 3756 1192 consules

2157 1228 2280 1283 illos
2300 1229 2565 1292 delixerit,
2623 1231 2974 1298 perSpicuum
3029 1236 3144 1292 est,
3197 1237 3558 1297 quantopere
3600 1227 3754 1281 falsus

2156 1319 2248 1383 sit,
2282 1335 2404 1374 cum
2436 1327 2621 1389 postea
2662 1320 2716 1372 in
2752 1318 2885 1374 (Jan.
2912 1317 3086 1388 13:19.,
3122 1317 3551 1373 Diocletianum
3581 1317 3753 1372 iniisse

2157 1408 2327 1463 voluit
2371 1424 2512 1464 anno
2549 1408 2689 1475 288;
2724 1416 2945 1478 quarto,
3003 1410 3120 1464 imo
3158 1409 3373 1478 quinto
3404 1422 3576 1473 anno,
3605 1422 3750 1476 quam

2158 1498 2455 1567 imperator
2486 1507 2571 1554 est
2601 1497 2811 1553 factus.-
2833 1499 3034 1568 quippe
3065 1506 3391 1568 antequam
3415 1497 3750 1552 consulatum

2156 1584 2492 1638 ordinarium
2551 1600 2676 1639 cum
2711 1585 3027 1640 Aristobulo
3072 1595 3334 1656 gereret,
3369 1600 3442 1640 ex
3488 1583 3611 1638 Kal.
3638 1583 3748 1636 Jan.

2158 1677 2583 1746 imperatorjam
2611 1693 2642 1732 a
2677 1679 2940 1735 militibus
2968 1686 3089 1735 erat
3129 1678 3514 1739 acclamatus,
3547 1675 3698 1744 idque
3722 1690 3750 1726 a

2091 1758 2132 1811 Β
2160 1766 2442 1830 Palilibus.
2467 1777 2526 1822 ut
2543 1784 2609 1824 ex
2627 1769 2981 1840 Panegyrista
2998 1769 3219 1838 colligit
3238 1769 3523 1837 Scaliger,
3537 1763 3750 1837 proinde

2159 1873 2303 1913 anno
2331 1858 2467 1926 28d;
2516 1876 2645 1914 nam
2700 1859 3084 1916 Diocletianus‘
3108 1869 3167 1914 et
3206 1858 3579 1914 Aristobulus
3619 1855 3746 1911 inci-

2160 1949 2301 2004 dunt
2332 1949 2389 2004 in
2427 1964 2478 2005 a.
2512 1950 2640 2006 285.
2679 1949 2819 2005 Tum
2878 1965 3009 2006 vero
3046 1950 3198 2005 idem
3248 1963 3321 2001 ex
3356 1947 3534 2001 veteri
3567 1944 3747 1999 inscri—

2160 2039 2348 2108 ptione
2368 2040 2744 2104 conﬁrmatur,
2769 2055 2890 2109 qua:
2913 2048 2997 2096 est
3022 2039 3167 2110 apud
3183 2038 3522 2101 Gruterum,
3550 2050 3601 2103 p.
3620 2033 3743 2088 279:

2163 2130 2218 2182 in
2250 2144 2356 2199 qua
2395 2128 2762 2185 Diocletianus
2783 2144 2927 2186 coss.
2962 2129 3006 2184 ll
3033 2137 3087 2183 et
3118 2128 3427 2183 tribunitia
3456 2132 3692 2195 potestas
3710 2138 3743 2176 ιι

2161 2220 2372 2289 legitur.
2407 2218 2586 2285 Quare
2628 2220 2676 2276 si
2721 2221 3066 2274 consulatum
3104 2234 3141 2273 ιι
3189 2217 3324 2273 iniit
3355 2231 3507 2270 anno
3559 2211 3745 2269 Christi

2157 2310 2283 2372 285,
2309 2325 2432 2364 cum
2453 2310 2770 2366 Aristobulo
2794 2310 3019 2379 collega,
3043 2309 3407 2364 tribunitiam
3436 2313 3741 2377 potestatem

2154 2400 2267 2468 jam
2302 2399 2530 2471 adeptus
2562 2408 2679 2456 erat
2706 2414 2850 2454 anno
2874 2400 3181 2470 superiore.
3221 2397 3335 2452 Sed
3371 2398 3429 2450 in
3461 2397 3595 2450 iisce
3627 2408 3745 2447 con-

2159 2492 2429 2547 sulatibus
2458 2491 2771 2563 digerendis
2802 2491 3026 2545 turbant
3059 2489 3322 2544 nonnihil
3367 2486 3638 2555 vulgatam
3667 2498 3743 2535 ra-

2160 2585 2363 2638 tionem
2413 2583 2799 2652 insCriptiones
2842 2592 3071 2638 veteres.
3111 2581 3372 2647 Quarum
3428 2577 3542 2637 illa,
3579 2588 3691 2642 qua:
3716 2586 3741 2622 a

2162 2673 2393 2727 Baronio
2420 2673 2765 2742 producitur,
2806 2672 3152 2727 consulatum
3184 2667 3520 2725 Diocletiani
3556 2664 3596 2717 ll
3626 2677 3736 2716 cum

2159 2764 2441 2819 tribunitia
2485 2770 2754 2832 potestate
2796 2778 2832 2815 ιι
2863 2763 3165 2831 componit.
3200 2761 3397 2815 Altera
3434 2772 3586 2818 vero,
3634 2767 3740 2822 qua:

2158 2853 2301 2922 apud
2330 2852 2618 2908 Gruterum
2657 2869 2709 2922 p.
2749 2853 2854 2907 280
2894 2853 3110 2921 legitur,
3157 2849 3447 2921 ejusmodi
3473 2859 3595 2903 est:
3634 2843 3738 2896 Mt-

2160 2942 2304 2997 XlM.
2366 2941 2602 2998 AUG....
2639 2943 2703 2998 N.
2753 2941 3217 2997 DIOCLETIAN'O
3271 2941 3314 2995 ll
3377 2937 3573 2993 COSS.
3620 2932 3740 2987 SUB

486 3027 721 3095 gandum
747 3045 875 3084 vero
893 3038 977 3086 est
1004 3030 1297 3089 Chronicon
1337 3036 1653 3103 Alexandr.,
1685 3039 1740 3094 in
1781 3056 1889 3110 quo
1919 3042 2058 3096 scri-
2086 3069 2129 3125 ρ
2450 3031 2649 3087 Ρίῖοθ·
2705 3029 2868 3086 AUG-
2996 3030 3271 3125 Imm“
3311 3022 3738 3125 ANTONPAﬁA-

489 3127 641 3187 ptum
698 3128 782 3176 est
834 3136 867 3175 a
921 3137 1068 3178 coss.
1137 3125 1471 3182 Diocletiano
1516 3127 1558 3181 ll
1605 3138 1660 3185 et
1721 3130 2054 3199 Aristobulo,

485 3207 678 3264 indict.
715 3226 764 3263 tv
794 3211 1111 3267 Diocletiani
1162 3231 1336 3271 annos
1375 3220 1430 3272 in
1478 3218 1731 3276 Paschali
1770 3223 1926 3292 cyclo
1980 3223 2063 3277 ιιι-

490 3302 674 3363 gestes
708 3297 894 3353 fuisse.
928 3299 1084 3365 Quod
1116 3311 1202 3358 est
1224 3304 1548 3360 ἀσύστατον.
1583 3306 1716 3361 Nam
1758 3312 2058 3367 secundum

490 3380 800 3452 IEgyptios,
855 3387 947 3456 qui
1003 3389 1072 3442 ab
1099 3388 1238 3461 Aug.
1277 3408 1406 3447 XXIX
1460 3396 1587 3450 anni
1630 3396 1735 3451 284
1770 3400 2060 3470 incipiunt,

491 3474 719 3542 contigit
746 3475 845 3529 hoc
873 3476 1062 3531 indict.
1096 3494 1158 3533 ιιι
1212 3480 1448 3537 ineunte.
1477 3485 1789 3540 Secundum
1815 3486 2060 3555 Latinos,

491 3578 520 3615 a
557 3563 744 3617 Martio
772 3567 901 3621 anni
938 3566 1064 3632 285,
1103 3570 1293 3627 indict.
1321 3572 1546 3642 perinde
1574 3590 1653 3627 ιιι.
1695 3576 1900 3641 Quarta
1933 3595 2062 3634 vero

493 3655 711 3708 nonnisi
740 3656 807 3711 ab
851 3655 999 3728 Sept.
1059 3672 1321 3730 sequente
1377 3667 1653 3721 numerari
1695 3678 1892 3739 empta.
1934 3673 2060 3728 ldeo

493 3742 785 3799 Cltronicon
817 3748 1169 3816 indictionem
1186 3767 1213 3806 a
1242 3753 1545 3825 Septembri
1571 3757 1637 3810 ad
1652 3760 2057 3818 antecedentem

494 3833 745 3890 Martium
799 3839 1076 3896 retrahere
1104 3843 1337 3907 videtur,
1399 3853 1493 3899 aut
1538 3862 1647 3903 uno
1677 3865 1821 3904 anno
1852 3854 2059 3909 tardius

389 3925 403 3939 ‘
495 3933 690 3994 putare
723 3942 735 3978 :
770 3942 892 3982 nam
942 3929 1312 3990 Diocletianus
1341 3945 1397 3990 et
1437 3937 1783 3995 Aristobulus
1810 3944 2064 3998 consula-

493 4026 606 4071 tum
629 4017 869 4073 inierunt
898 4019 1089 4076 indict.
1125 4039 1205 4086 ιιι,
1240 4040 1386 4082 anno
1420 4027 1619 4085 Christi
1650 4032 1776 4098 285,
1806 4048 1912 4088 non
1933 4034 2060 4098 286,

493 4118 551 4162 ιιι
583 4108 739 4164 habet
774 4109 1088 4166 Clironicon.

564 4198 747 4255 Redeo
797 4202 865 4256 ad
911 4202 1267 4275 Scaligcrum,
1326 4207 1418 4276 qui
1472 4216 1749 4277 postremo
1796 4212 1850 4266 in
1910 4212 2057 4286 Isag.

491 4307 612 4346 can.
643 4307 695 4362 p.
741 4293 867 4353 505,
916 4293 1076 4348 docet
1128 4294 1272 4348 aliud
1322 4310 1444 4351 esse
1499 4296 1814 4353 Diocletiani
1873 4318 2059 4366 annm.

2166 3122 2331 3177 DUM.
2370 3122 2542 3193 Vulgo
2568 3125 2888 3179 consulatus
2927 3122 2968 3177 ιι
2996 3122 3327 3178 Diocletiani
3370 3135 3498 3176 cum
3539 3114 3737 3192 Aristo-

2163 3213 2290 3266 bulo
2319 3214 2520 3282 collega
2578 3212 2943 3282 componitur,
2980 3221 3037 3267 ut
3066 3223 3147 3269 est
3201 3215 3260 3267 in
3295 3211 3489 3267 Fastis
3528 3205 3734 3263 Siculis.

2162 3305 2233 3356 At
2273 3304 2324 3357 in
2375 3304 2551 3374 lapide
2579 3318 2702 3357 cum
2736 3303 3065 3359 Maximiano
3101 3305 3382 3374 Augusto.
3423 3301 3591 3355 Siculi
3619 3310 3736 3349 vero

2164 3392 2562 3449 Diocletianum
2593 3392 2657 3446 Ill
2708 3409 2853 3448 coss.
2883 3403 2937 3448 et
2978 3393 3369 3448 Maximianum
3408 3394 3733 3458 conparant.

2163 3479 2526 3535 Cassiodorus
2562 3479 2797 3550 primum
2840 3478 3157 3536 Diocletiani
3214 3480 3569 3536 consulatum
3620 3487 3729 3529 eum

2166 3577 2436 3635 numerat,
2467 3585 2626 3639 quem
2657 3584 2781 3623 cum
2835 3569 3152 3625 Aristobulo
3188 3571 3402 3641 gessit;
3449 3562 3729 3622 51‘0""de

2165 3674 2288 3713 cum
2340 3657 2685 3713 Maximiano.
2748 3657 2856 3714 Sed
2919 3667 3211 3730 utrumque
3262 3662 3516 3729 privatus
3563 3654 3728 3709 adhuc

2164 3750 2400 3805 obtinuit
2433 3764 2498 3804 ex
2531 3761 2709 3805 mente
2727 3749 3060 3805 Cassiodori.
3092 3751 3148 3804 ιιι
3170 3749 3357 3806 Fastis
3388 3748 3586 3805 Siculis
3627 3745 3729 3813 pri-

2165 3857 2312 3894 mum
2356 3842 2700 3896 consulatum
2731 3856 2854 3896 cum
2892 3841 3060 3897 Basso
3108 3842 3358 3912 privatus
3387 3841 3565 3896 adhuc
3596 3835 3723 3889 iniii-

2166 3933 2243 3987 Ad
2264 3934 2376 3987 haec
2394 3933 2779 3986 Maximianum
2806 3933 3018 4003 imperii
3044 3934 3366 4005 participem
3390 3947 3512 3989 esse
3537 3929 3725 3984 factum

2163 4025 2352 4077 volunt
2381 4022 2615 4078 Maximo
2649 4024 2973 4093 etAquilino
3003 4039 3174 4090 coss,
3199 4040 3348 4079 anno
3379 4020 3582 4080 Christi
3606 4016 3718 4072 286.

2165 4112 2374 4178 Quibus
2408 4113 2686 4167 contraria
2743 4121 2890 4176 sunt,
2917 4128 3037 4183 quae
3064 4129 3127 4168 ex
3162 4114 3438 4184 lapidibus
3476 4110 3723 4178 colligun-

2166 4208 2256 4253 tur
2289 4218 2302 4254 :
2333 4214 2457 4253 nam
2482 4199 2751 4269 posterior
2793 4200 3079 4270 inscriptio
3111 4203 3408 4271 persuadet
3457 4195 3722 4253 Diocletia-

2165 4307 2295 4343 num
2330 4292 2382 4344 in
2414 4289 2657 4345 secundo
2680 4291 2968 4345 consulatu
2999 4291 3260 4360 collegam
3284 4291 3543 4346 habuisse
3567 4284 3719 4342 Maxi-

491 4380 639 4439 aliud
708 4380 921 4433 initium
974 4380 1216 4449 ejusdem
1249 4396 1417 4435 :nam
1472 4383 1790 4441 Diocletiani
1842 4405 1949 4443 aera
1996 4392 2061 4446 ad
2096 4388 2139 4443 D
2170 4383 2408 4435 Illialtum
2440 4382 2552 4449 jam
2587 4381 2914 4451 Augustum.
2941 4382 3207 4447 Quoniam
3242 4391 3424 4437 autem
3458 4383 3510 4437 in
3541 4375 3718 4434 inscriv

492 4472 804 4526 methodum
833 4470 969 4540 cycli
997 4470 1274 4526 Paschalis
1305 4476 1599 4528 constituta
1633 4485 1717 4532 est
1754 4493 1902 4533 anno
1936 4481 2061 4537 Dio-

490 4562 722 4633 nysiano
746 4560 871 4626 284,
913 4559 1141 4614 aThoth
1190 4560 1538 4633 Egyptiaco,
1578 4568 1660 4620 vel
1700 4568 1767 4622 ab
1798 4583 2061 4640 sequente

492 4652 707 4710 Martio.
765 4651 1131 4707 Diocletianus
1191 4662 1372 4708 autem
1416 4653 1701 4726 imperium
1760 4659 1879 4714 iniit
1916 4679 2059 4719 atino

490 4743 693 4797 Christi
721 4742 846 4804 288,
871 4750 1105 4811 quatuor
1126 4744 1284 4799 annis
1321 4744 1511 4800 solidis
1531 4756 1653 4816 post
1691 4749 1905 4805 initium
1936 4769 2060 4809 tera:

489 4834 764 4903 paschalis
795 4832 1146 4904 {Egyptiacaa
1185 4836 1260 4889 Ita
1290 4838 1617 4892 sententiam
1659 4850 1852 4907 mutat,
1893 4861 2056 4914 quam

490 4928 587 4980 lib.
630 4942 663 4979 ν
705 4926 774 4980 De
821 4926 1022 4980 emend.
1071 4937 1453 4997 prOpnsuerat,
1513 4930 1603 4984 ubi
1663 4930 2056 4991 Diocletianum

490 5017 725 5086 cmpisse
747 5018 939 5086 probat
973 5034 1117 5071 anno
1139 5019 1270 5073 287.
1306 5017 1413 5073 Sed
1446 5020 1732 5091 utrobique
1760 5025 2056 5093 plurimum

489 5106 879 5161 hallucinatur.
924 5106 1301 5163 Ccrtissimum
1334 5111 1480 5164 enim
1525 5121 1628 5174 est,
1666 5112 2055 5172 Diocletianum

486 5198 677 5252 eodem
716 5213 859 5251 anno
903 5197 1186 5267 imperium
1222 5200 1475 5269 adeptum
1514 5219 1656 5270 esse,
1695 5221 1725 5261 a
1758 5222 1868 5275 quo
1913 5208 2058 5263 illius

484 5298 573 5345 est
616 5305 723 5344 aera
763 5297 950 5359 postea
978 5290 1207 5345 deducta
1238 5309 1253 5348 :
1288 5309 1476 5363 nempe
1520 5309 1664 5349 anno
1695 5296 1895 5353 Christi
1928 5299 2050 5354 284.

487 5375 699 5437 Etenim
755 5381 1075 5436 Ammianus
1130 5381 1288 5437 initio
1332 5384 1427 5438 lib.
1469 5401 1624 5451 χχιιι,
1655 5386 1820 5443 refert
1852 5389 2057 5443 nullum

483 5473 766 5540 privatum
800 5458 1060 5525 hominem
1100 5472 1199 5525 ulli
1249 5473 1482 5546 Augusto
1526 5478 1780 5546 collegam
1822 5480 1988 5548 fuisse
2023 5498 2057 5534 a

490 5563 816 5621 Diocletiano
843 5564 978 5634 Aug.
1005 5562 1071 5618 ΙΙ
1101 5573 1150 5619 et
1198 5565 1501 5621 Aristobulo
1541 5584 1680 5622 coss.
1721 5572 1789 5622 ad
1821 5579 2055 5637 tempora

486 5654 693 5712 Juliani
754 5657 1041 5727 Αροδιαιιε.
1081 5657 1250 5731 Igitur
1301 5659 1596 5730 imperator
1628 5660 1737 5729 jam
1767 5670 1883 5717 erat
1924 5659 2051 5718 Dio-

2168 4474 2352 4543 ptione
2400 4474 2571 4528 altera
2647 4471 3018 4528 Diocletianus
3072 4488 3187 4529 cos.
3238 4472 3305 4538 ll,
3351 4481 3406 4528 et
3454 4465 3716 4526 tribunitia

2167 4572 2409 4634 potestas
2439 4581 2477 4618 ιι
2504 4562 2674 4622 fuisse
2727 4567 2946 4630 dicitur,
2986 4580 3093 4619 non
3137 4565 3292 4618 aliter
3316 4561 3597 4620 conciliari
3626 4560 3717 4611 ista

2168 4667 2417 4726 possunt,
2451 4673 2610 4728 quam
2637 4666 2694 4712 ut
2723 4657 3042 4713 Diocletiani
3070 4655 3111 4709 Il
3176 4662 3231 4710 et
3259 4652 3565 4709 Maximiani
3599 4662 3711 4702 con-

2166 4748 2529 4802 sulatusaute
2558 4748 2849 4804 Maximum
2878 4754 2932 4802 et
2954 4747 3264 4817 Aquiliuum
3298 4760 3442 4801 coss.
3476 4748 3714 4814 ponatur.

2165 4855 2309 4894 anno
2341 4841 2542 4896 Christi
2566 4840 2707 4906 286;
2735 4855 2843 4910 quo
2872 4839 3167 4894 tribunitize
3192 4839 3473 4908 potestatis
3510 4828 3714 4906 perinde

2165 4939 2327 5000 atque
2365 4932 2575 4995 imperii
2630 4932 2906 4986 secundus
2947 4945 3126 4985 annus
3171 4929 3534 4993 decurrebat;
3569 4930 3715 4988 atque

2166 5021 2239 5075 ita
2270 5021 2628 5075 Maximianus
2656 5036 2800 5075 anno
2824 5021 3126 5091 superiore,
3148 5021 3229 5075 vel
3253 5020 3442 5076 eodem
3471 5019 3712 5089 ἰρςονιίυο

2163 5113 2354 5167 consul
2387 5111 2563 5167 factus
2608 5120 2710 5178 est,
2758 5094 3043 5183 imperium
3077 5113 3398 5168 obtinuerit.
3446 5111 3551 5164 Aut
3579 5107 3710 5158 certe

2164 5203 2352 5258 eodem
2376 5218 2540 5266 anno,
2575 5218 2684 5272 quo
2711 5201 2977 5258 Maximus
2998 5203 3358 5272 etAquilinus
3386 5197 3706 5257 consulatum

2164 5311 2194 5348 a
2224 5294 2342 5349 Kal.
2366 5292 2490 5349 Jan.
2544 5296 2810 5367 auspicati
2835 5304 2964 5351 sunt
2991 5315 3006 5363 ;
3033 5311 3157 5350 cum
3190 5294 3569 5351 Maximianum
3606 5281 3708 5338 col-

2164 5388 2337 5458 legam
2396 5386 2768 5444 Diocletianus
2825 5386 3131 5450 ascivisset,
3192 5385 3474 5441 suffectum
3522 5373 3709 5451 ρθτίῑετ

2164 5494 2285 5532 cmn
2309 5479 2400 5537 illo
2455 5479 2800 5533 consulatum
2856 5478 2997 5533 iniit.
3055 5474 3195 5542 Quin
3227 5464 3448 5540 et;illud
3480 5462 3705 5526 conside-

2163 5566 2391 5622 randum
2427 5575 2531 5630 est,
2558 5566 2703 5636 quod
2738 5567 3099 5639 panegyricus
3147 5563 3472 5619 Maximiano
3499 5568 3550 5614 ct
3575 5554 3705 5609 Con-

2165 5660 2406 5716 stantino
2437 5656 2700 5731 Augustis
2726 5657 2904 5714 dictus
2942 5655 3329 5713 Maximianum
3358 5648 3553 5711 asserit
3572 5643 3703 5701 vice-
