3978 6220
270 308 390 363 573

1270 321 1354 376 ne
1389 322 1837 381 nonsuonuu
1872 324 2053 380 iMPP.
2097 325 2611 389 CHRONOLOGIA.

3456 339 3558 395 374'.

267 433 420 484 siino
481 447 639 490 anno
692 435 1099 507 imperatorem,
1141 452 1337 498 octavo
1386 446 1669 501 consulem
1705 448 1876 517 impe-
1906 451 1954 508 Α
1984 448 2080 502 lib.
2110 464 2146 503 ιι
2184 451 2375 506 scribit
2404 466 2434 505 a
2472 452 2761 506 consulatu
2790 452 3036 510 Chilonis
3091 465 3141 511 et
3179 456 3422 522 Libonii,
3450 473 3558 527 quo

269 535 418 574 rium
482 528 797 583 andicasse.
857 529 927 583 Te
968 548 1169 596 rursus,
1214 534 1413 603 inquit,
1459 536 1700 590 vicesimo
1738 553 1875 590 anno

267 614 680 680 imperatorem,
713 629 895 674 octavo
911 623 1176 677 consulem
1210 626 1287 678 ita
1322 626 1436 691 ipsa
1467 627 1710 695 amplexu
1747 643 1876 695 quo-

265 704 396 757 dam
449 722 552 760 suo
599 707 767 761 Ruina
816 712 979 765 voluit
1017 715 1269 775 detinere.
1315 715 1379 769 Et
1422 716 1653 771 subinde
1690 733 1703 768 :
1753 716 1874 771 Non

266 798 505 861 patuisti
564 801 809 854 resistere
861 812 1059 855 sanctte
1107 804 1255 858 illius
1287 808 1520 873 parentis
1551 808 1788 875 imperio,
1824 818 1873 861 et

267 885 469 939 invitus
493 888 617 940 licet
646 892 895 956 paruisti,
920 900 970 944 et
1002 901 1048 944 te
1082 894 1189 947 illis
1222 896 1414 964 vigiliis
1448 897 1656 964 illisque
1707 900 1869 963 curis,

265 994 404 1045 qua?
433 981 630 1045 viginti
658 983 813 1057 armis
851 993 1095 1050 expertus
1124 985 1325 1053 fueras,
1362 986 1659 1040 reddidisti.

337 1064 545 1119 Aunus
584 1075 922 1137 autem,quo
978 1069 1344 1129 Diocletianus
1405 1085 1459 1129 et
1505 1075 1870 1131 Maximianus

266 1154 576 1222 imperium
610 1157 1000 1227 deposuerunt,
1032 1162 1134 1215 fuit
1165 1163 1368 1218 Christi
1405 1165 1532 1223 501.
1579 1173 1638 1218 υι
1670 1165 1871 1219 indicat

267 1244 557 1308 Zosimus,
597 1263 743 1303 coss.
783 1250 1117 1307 Diocletiano
1150 1252 1239 1319 IX,
1269 1263 1322 1308 et
1362 1255 1689 1309 Maximiano
1724 1256 1865 1321 VIII,

266 1338 419 1403 quod
456 1350 513 1392 et
550 1343 930 1410 pancgyristes
982 1344 1284 1412 significat,
1325 1361 1448 1398 cum
1501 1346 1867 1402 Diocletianus

264 1427 605 1482 vicesimum
637 1436 723 1483 vix
765 1432 1064 1500 implesset.
1097 1434 1293 1499 Quaero
1325 1437 1510 1505 igitur,
1541 1452 1666 1490 cum
1705 1441 1867 1493 tertio

267 1533 419 1571 anno
450 1530 581 1588 post
614 1522 1005 1577 Diocletianum
1045 1524 1406 1581 Maximianus
1457 1529 1725 1596 imperare
1751 1544 1866 1583 cte-

266 1610 435 1676 perit,
472 1620 529 1663 et
566 1612 759 1665 eodem
791 1629 900 1681 quo
927 1615 1017 1668 illc
1060 1623 1300 1684 tempore
1341 1617 1586 1677 desierit.
1618 1618 1706 1681 qui
1751 1619 1863 1673 fieri

267 1699 470 1767 possit,
510 1709 574 1752 ut
616 1717 683 1753 xx
729 1717 903 1755 annos
946 1702 1248 1771 imperarit.
1279 1703 1504 1769 Ferunt,
1548 1705 1781 1760 Maximo
1808 1715 1863 1761 et

267 1785 535 1852 Aquilino
560 1801 732 1851 coss.,
771 1788 874 1841 hoc
900 1797 987 1843 est
1021 1805 1164 1843 anno
1190 1791 1393 1844 Christi
1416 1792 1540 1858 286,
1578 1792 1861 1848 Maximia-
1897 1781 1935 1837 P

267 1890 402 1927 tium
437 1890 468 1927 a
504 1875 846 1931 Diocletiano
876 1880 1137 1949 collegam
1169 1885 1423 1937 ascitum.
1460 1888 1505 1936 A
1532 1901 1641 1954 quo
1676 1888 1739 1939 ad
1766 1903 1864 1941 an-

267 1982 402 2019 num
450 1967 585 2030 504,
632 1984 739 2036 quo
789 1971 962 2038 Aprili
1014 1988 1198 2027 mense
1247 1976 1531 2043 imperium
1570 1988 1859 2045 exuerunt,

267 2072 452 2111 anuus
482 2060 749 2113 currebat
780 2059 1091 2115 Maximiani
1134 2079 1290 2128 xvut,
1330 2082 1507 2134 neque
1542 2068 1724 2135 plures
1756 2070 1858 2138 ipsi

268 2152 325 2204 in
358 2152 732 2205 Alexandrino
765 2152 1011 2206 chronica
1056 2156 1394 2208 tribuuntur.
1434 2157 1539 2210 Sed
1573 2159 1618 2211 si
1654 2176 1720 2211 xx
1758 2175 1859 2213 an-

268 2260 401 2297 num
441 2244 755 2306 inchoavit,
806 2246 1055 2317 proximo
1106 2256 1227 2315 post
1275 2248 1860 2305 Diocletianum'anno

269 2345 568 2404 cooptatus
606 2338 677 2389 sit
725 2345 963 2406 oportet,
1014 2346 1074 2391 ut
1121 2340 1509 2408 anticipatione
1560 2343 1793 2410 quadam
1828 2358 1858 2395 a

267 2424 386 2483 Kal.
422 2426 551 2479 Jan.
587 2428 715 2480 anni
746 2429 871 2494 501,
898 2429 1195 2485 vicesimus
1231 2430 1378 2483 illius
1406 2432 1475 2483 ab
1504 2440 1723 2486 oratore
1757 2448 1858 2485 nu-

269 2530 537 2569 meretur.
578 2518 716 2582 Quid
750 2528 931 2573 autem
966 2522 1424 2588 tergiversamur?
1448 2522 1591 2577 Ecce
1619 2524 1714 2577 tibi
1742 2526 1853 2576 Au-

266 2608 436 2661 ιϊΙιιιε
468 2609 660 2661 Victor
706 2626 734 2663 a
766 2610 995 2666 Sehotto
1037 2624 1227 2667 nostro
1270 2614 1600 2681 publicatus,
1644 2615 1857 2670 Diocle-

260 2701 485 2751 tianum
522 2701 783 2775 celebrato
826 2702 969 2771 regni
1015 2704 1255 2756 vicesimo
1295 2720 1434 2757 anno
1486 2722 1670 2759 curam
1710 2706 1856 2775 obje-

261 2794 394 2844 cisse
424 2795 562 2857 reip.
620 2794 825 2860 prodit,
865 2803 912 2845 et
946 2795 999 2846 iit
1034 2796 1343 2848 sententiam
1383 2796 1691 2849 Herculium
1718 2814 1853 2866 a'gre

263 2884 579 2934 traduxisse
615 2899 631 2935 :
674 2885 758 2935 cui
795 2900 932 2936 anno
982 2886 1156 2938 minus
1201 2887 1434 2952 potentia
1484 2888 1671 2951 fuerat.
1713 2888 1851 2956 Ergo

264 2989 356 3026 XIX
423 2989 606 3027 annos
671 2974 1029 3028 Maximianus
1093 2976 1368 3045 explevit,
1436 2980 1514 3030 uti
1568 2977 1852 3037 Diocletia-

264 3081 369 3118 nus
387 3080 468 3117 xx
494 3083 507 3119 :
540 3065 768 3134 ideoque
790 3066 953 3134 cmpit
981 3080 1124 3119 anno
1147 3066 1271 3120 285.
1302 3068 1371 3120 At
1398 3069 1451 3120 in
1475 3069 1721 3137 Epitomc
1755 3084 1851 3121 an-

265 3172 469 3209 norum
496 3173 562 3209 xx
597 3157 889 3225 imperator
911 3156 1127 3210 dicitur.
1163 3157 1466 3212 Videndum
1502 3160 1663 3229 igitur
1687 3159 1850 3213 etiam

265 3256 431 3315 atque
464 3249 625 3300 etiam
660 3258 844 3301 utrum
884 3247 1221 3304 Diocletiano
1250 3258 1302 3304 et
1340 3250 1656 3305 Aristobulo
1682 3267 1851 3314 coss.,

265 3341 569 3408 annoipso
598 3339 704 3394 285
742 3339 1101 3395 Maximianus
1140 3341 1344 3396 ascitus
1394 3342 1576 3405 fuerit,
1622 3350 1676 3395 et
1714 3357 1857 3395 anno

257 3431 595 3501 insequente
627 3447 749 3486 cum
788 3431 1124 3487 Diocletiano
1152 3434 1503 3488 consulatum
1551 3433 1751 3487 inierit.
1778 3432 1855 3487 lta

258 3522 412 3574 enim
445 3537 633 3575 verum
666 3538 790 3577 esse
820 3530 1019 3592 potest,
1052 3524 1197 3592 quod
1226 3523 1436 3592 antiqui
1471 3523 1676 3592 lapides
1721 3538 1854 3591 sug-

258 3620 487 3681 gerunt,
521 3619 579 3664 ut
613 3612 821 3680 primus
870 3611 1179 3665 Maximiani
1230 3612 1552 3667 consulatus
1596 3626 1721 3664 cum
1770 3626 1856 3665 sc-

259 3702 452 3755 (undo
508 3702 844 3769 Diocletiani,
890 3711 943 3757 et
982 3702 1265 3756 U‘ibtlliilia
1320 3712 1561 3770 polesms
1608 3717 1645 3755 ιι
1680 3701 1851 3755 Maxi-

262 3791 437 3843 miani
467 3806 589 3843 cum
624 3791 817 3845 eodem
840 3792 1131 3845 consulatu
1174 3800 1476 3861 congruat;
1510 3807 1572 3844 ac
1616 3790 1855 3859 denique

260 3881 589 3934 consulatus
618 3895 653 3930 ιι
680 3888 734 3933 et
756 3897 791 3932 ιι
810 3881 1037 3949 perinde
1062 3882 1355 3935 tribunitia
1406 3882 1726 3936 Diocletiani
1756 3898 1853 3951 po-

263 3977 439 4022 testas
468 3970 830 4022 consentient.
854 3971 1064 4039 Quippe
1093 3973 1315 4024 ineunte
1338 3987 1482 4025 anno
1503 3973 1708 4027 Christi
1726 3972 1852 4033 286,

259 4066 525 4111 currente
548 4058 831 4111 tribunitia
862 4066 1127 4126 potestate
1185 4075 1220 4111 ιι
1245 4059 1585 4123 Diocletiani,
1614 4059 1854 4128 lapidum

258 4149 402 4203 alter
448 4149 678 4203 inscribi
742 4150 949 4217 potuit;
1022 4149 1159 4201 alter
1215 4163 1342 4202 vero
1406 4156 1528 4217 post
1624 4148 1852 4213 Palilia,

258 4254 385 4293 cum
449 4239 563 4307 jam
635 4239 936 4294 secundum
1000 4238 1210 4308 imperii
1278 4254 1343 4293 ac
1408 4238 1707 4293 tribunitim
1760 4254 1856 4308 po-

257 4330 473 4385 testatis
533 4344 737 4383 annum
789 4330 1153 4385 Maximianus
1210 4337 1353 4385 esset
1415 4331 1734 4400 ingressus,
1802 4337 1856 4384 et

258 4422 490 4484 uterque
572 4416 920 4470 consulatum
997 4426 1229 4487 gereret.

257 4505 452 4559 tandiu
512 4521 614 4560 nos
691 4507 1110 4573 inluerebimus,
1184 4507 1313 4562 dum
1383 4508 1718 4577 exploratius
1784 4526 1849 4565 ac

257 4597 464 4651 certius
547 4598 750 4666 aliquid
841 4599 987 4652 docti
1056 4600 1302 4654 homines
1376 4600 1845 4670 exc0gitaverint,

256 4686 403 4753 quod
449 4688 505 4739 in
555 4689 1054 4757 perturbatissimis
1094 4691 1203 4745 illis
1266 4692 1606 4760 temporibus
1658 4702 1717 4747 ut
1765 4702 1849 4747 est

256 4777 489 4838 dillicile.
528 4779 607 4832 ita
635 4780 966 4847 conjiciendi
1005 4781 1173 4835 multo
1225 4782 1420 4851 major,
1469 4783 1653 4836 minus
1697 4790 1847 4838 certe

256 4867 530 4923 invidiosa
567 4869 789 4924 libertas
819 4885 942 4925 esse
968 4871 1147 4925 debet.
1185 4871 1261 4926 Ex
1311 4873 1378 4926 iis
1418 4875 1675 4929 omnibus
1718 4891 1843 4928 cor-

254 4958 513 5027 rigendus
543 4966 633 5012 est
672 4960 903 5013 vitiosus
946 4959 1235 5028 Epiphanii
1266 4975 1551 5023 numerus,
1584 4962 1675 5029 qui
1718 4960 1845 5014 Dioc

254 5050 488 5104 cletiano
539 5058 595 5104 et.
642 5050 971 5105 Maximiano
1027 5051 1220 5105 tribuit
1283 5066 1456 5105 annos
1511 5068 1629 5105 xui.
1686 5051 1842 5116 Quod

254 5141 475 5195 minimc
498 5142 713 5195 librarii
753 5142 925 5209 culpae
953 5152 1126 5209 potest
1158 5142 1389 5207 ascribi;
1424 5158 1551 5196 nam
1586 5143 1841 5199 distincte

252 5247 423 5287 annos
451 5233 524 5286 ita
548 5249 637 5302 pat
656 5230 808 5291 titur,
838 5239 897 5283 ut
932 5239 1055 5298 post
1087 5248 1180 5296 xu,
1215 5233 1415 5301 quibus
1438 5240 1687 5300 grassata
1716 5248 1840 5301 per-

253 5326 461 5378 sccutio
501 5333 604 5387 est,
658 5339 865 5377 annum
920 5339 1085 5375 unum
1136 5335 1261 5377 ante
1301 5324 1702 5380 abdicationem
1739 5326 1840 5378 im-

252 5415 475 5481 perarit.
512 5416 680 5485 Atqui
732 5431 799 5467 xx
844 5429 1018 5468 annos
1062 5413 1269 5469 solidos
1309 5415 1630 5483 imperavit;
1678 5415 1837 5469 nimi-

252 5519 370 5556 rum
420 5520 449 5557 a
505 5504 772 5561 Palilibus
807 5506 935 5557 anni
987 5504 1093 5557 286
1151 5505 1218 5557 ad
1275 5504 1465 5558 Palilia
1524 5506 1651 5557 anni
1706 5505 1833 5558 50h.

177 5620 189 5632 ο
250 5595 450 5653 Eodem
490 5602 634 5654 enim
686 5602 956 5669 tempore.
1001 5615 1111 5668 quo
1152 5608 1390 5667 coeperat
1439 5599 1831 5663 Diocletianus,

250 5690 534 5760 imperium
604 5693 819 5766 posuit,
878 5698 935 5746 ut
998 5690 1262 5748 Onufrius
1335 5691 1520 5747 tradit.
1578 5691 1832 5751 Zosimus

1983 537 2219 593 Severus
2258 541 2550 597 saiculares
2604 543 2762 599 ludos
2801 546 3151 613 instauravit,
3192 547 3262 601 ad
3297 551 3558 602 consula-

1979 637 2092 683 tum
2164 629 2482 686 Diocletiani
2538 651 2613 697 tx,
2669 635 2985 691 Maximiani
3032 652 3153 705 vm,
3223 656 3399 695 annos
3452 640 3557 694 llu-

1978 720 2124 774 xissc
2153 720 2275 775 101.
2317 720 2390 775 De
2424 722 2625 791 quibus
2658 724 2801 778 ludis
2830 727 3167 783 Censorinus
3199 728 3274 783 ita
3314 732 3509 786 scribit
3540 749 3553 785 :

1977 810 2202 863 Oetaeos
2230 812 2572 879 imperatores
2596 812 2901 881 Septimius,
2933 816 3078 872 etM.
3103 820 3350 873 Aurelius
3387 821 3557 875 Anto-

1974 901 2112 965 nius,
2144 902 2361 955 Chilone
2388 912 2437 956 et
2469 902 2663 956 Libone
2685 919 2844 965 coss.,
2872 920 3009 958 anno
3043 906 3167 961 857.
3187 908 3411 977 Corrigc
3428 908 3553 963 957.

1977 988 2337 1058 Contigerunt
2369 991 2514 1043 enim
2556 1005 2699 1044 anno
2747 989 2913 1046 Urbis
2945 996 3362 1063 nongentesimo
3390 995 3554 1064 quin-

1972 1081 2293 1149 quagcsimo
2340 1082 2592 1150 septimo,
2629 1081 2814 1137 Severi
2877 1096 3022 1137 anno
3063 1097 3170 1147 xu,
3238 1092 3300 1138 ut
3339 1102 3406 1140 ex
3446 1095 3552 1140 vet.

1972 1171 2221 1239 inscript.
2263 1179 2518 1226 constat:
2554 1173 2798 1241 adeoque
2847 1188 2965 1242 per.
3014 1172 3127 1227 Jul.
3173 1174 3330 1237 4917,
3356 1176 3557 1248 Diony-

1970 1260 2135 1313 siame
2166 1276 2287 1315 atrae
2322 1263 2447 1316 €104.
2494 1263 2674 1327 Quare
2713 1263 2778 1315 ad
2819 1278 3019 1317 annum
3052 1264 3176 1326 501,
3205 1279 3312 1333 quo
3342 1282 3399 1320 se
3429 1266 3557 1320 Dio-

1968 1352 2236 1405 cletianus
2266 1360 2319 1405 et
2349 1354 2707 1408 Maximianus
2733 1355 3080 1417 abdicarunt,
3112 1358 3239 1409 anni
3267 1365 3395 1410 sunt
3429 1358 3551 1411 lUl.

1969 1440 2048 1493 Ex
2077 1458 2186 1510 quo
2218 1444 2351 1498 satis
2395 1452 2643 1513 apparet,
2685 1445 2832 1514 quod
2866 1460 3008 1514 saepe
3033 1445 3292 1511 diximus,
3328 1447 3548 1501 biennio

1966 1531 2200 1585 Annales
2225 1534 2609 1587 ecclesiasticos
2640 1549 2761 1590 esse
2783 1535 3100 1590 decurtatos
3129 1553 3142 1589 :
3170 1537 3263 1605 qui
3296 1551 3402 1590 non
3434 1537 3556 1606 plu-

1966 1637 2071 1682 res,
2125 1637 2289 1690 quam
2348 1626 2417 1679 99
2465 1626 2792 1680 consulatus
2852 1627 3229 1695 interponunt.
3292 1625 3445 1681 Unde
3499 1636 3553 1679 ct

1966 1708 2171 1765 frustra
2222 1712 2476 1768 Zosimus
2538 1715 2650 1768 illic
2717 1716 2923 1769 erroris
2988 1715 3254 1785 arguitur.
3309 1714 3550 1768 Indidem

1969 1815 2131 1869 porro
2156 1802 2415 1873 Scaligeri
2460 1819 2625 1872 supra
2656 1820 2687 1857 a
2721 1806 2880 1860 nobis
2921 1804 3236 1860 confutatus
3262 1820 3417 1859 error
3449 1819 3551 1857 va-

1970 1890 2134 1945 lidius
2183 1893 2455 1945 refellitur
2501 1911 2514 1945 :
2560 1894 2655 1962 qtti
2708 1895 2926 1947 initium
2986 1894 3307 1949 Diocletiani
3359 1897 3552 1950 statuit

1967 1993 2111 2032 anno
2140 1979 2344 2034 Christi
2388 1980 2515 2041 287,
2565 1982 2648 2034 vel
2688 1980 2817 2035 288.
2877 1980 3033 2036 Unde
3066 1997 3134 2034 xx
3178 1982 3297 2049 ejus
3348 1981 3550 2036 desinit

1967 2086 2109 2123 anno
2139 2070 2266 2131 507,
2293 2071 2374 2123 vel
2410 2071 2539 2132 508,
2584 2071 2648 2124 ad
2684 2086 2846 2140 quem
2894 2086 3096 2125 annum
3147 2087 3176 2125 a
3213 2088 3289 2125 xu
3341 2071 3550 2137 Severi,

1966 2162 2081 2215 sive
2113 2160 2319 2214 Christi
2353 2160 2481 2225 201,
2512 2162 2637 2214 anni
2666 2170 2795 2216 sunt
2845 2161 2969 2225 104,
3011 2163 3093 2217 vel
3145 2162 3267 2225 105,
3309 2177 3441 2223 non,
3493 2171 3551 2216 ut

1965 2251 2239 2310 Zosimus,
2276 2250 2397 2318 ipso
2426 2251 2763 2319 approbante
2809 2250 3110 2320 Scaligero,
3146 2252 3390 2322 scripsit,
3421 2253 3543 2307 iOl.

2045 2341 2162 2409 Ἐφ’
2206 2334 2294 2393 ὧν
2328 2342 2608 2408 κραταιὸς
2635 2342 2911 2411 διωγμός.
2943 2342 3116 2412 Large
3155 2342 3421 2410 adversus
3467 2344 3552 2396 hi-

1961 2431 2146 2484 storiae
2195 2431 2352 2484 fidem
2397 2431 2485 2483 hic
2528 2442 2813 2500 peccatum
2846 2439 2947 2487 est.
2989 2431 3199 2487 Etenim
3241 2435 3550 2501 persecutio

1964 2524 2076 2586 illa,
2117 2538 2238 2591 qua:
2289 2538 2319 2576 a
2364 2522 2705 2576 Diocletiano
2751 2532 2807 2576 et
2848 2522 3178 2575 Maximiano
3224 2532 3403 2593 coepta
3444 2535 3547 2589 est,

1961 2631 2080 2683 quae
2126 2616 2346 2684 quidem
2386 2613 2646 2683 κραταιὸς
2688 2614 2935 2683 διωγμὸς
2974 2614 3081 2669 dici
3118 2625 3416 2678 mereatur,
3451 2631 3547 2669 ne~

1958 2722 2064 2775 que
2127 2722 2199 2759 xu
2267 2719 2442 2758 annos
2505 2704 2700 2765 tenuit,
2756 2718 2931 2772 neque
2996 2705 3065 2758 ab
3130 2705 3549 2774 imperatoribus

1957 2796 2021 2848 ad
2071 2795 2274 2849 exitum
2343 2809 2409 2863 pe
2432 2794 2600 2847 'ducta
2663 2801 2745 2847 est
2812 2811 2825 2846 :
2895 2808 3020 2846 nam
3086 2794 3213 2847 licet
3268 2802 3382 2848 toto
3438 2793 3549 2847 fere

1958 2886 2170 2937 illorum
2246 2884 2458 2953 imperii
2520 2891 2766 2952 tempore
2838 2874 3086 2938 saivitum
3138 2885 3209 2938 sit
3258 2885 3309 2937 in
3370 2883 3549 2937 Chri—

1955 2976 2192 3037 stianos,
2260 2982 2317 3026 ut
2372 2990 2438 3028 ex
2504 2974 2653 3026 Actis
2714 2973 2989 3027 variorum
3074 2981 3372 3042 martyrum
3428 2974 3545 3027 col-

1956 3066 2069 3132 ligit
2112 3064 2412 3128 Baronius,
2461 3062 2559 3117 fuit
2610 3064 2725 3117 hazc
2775 3074 2954 3117 tamen
3019 3063 3261 3118 velitatio
3299 3064 3543 3134 quaedam

1959 3171 2022 3208 ac
2052 3156 2418 3209 rudimentum
2462 3155 2826 3220 crudelitatis,
2855 3170 2977 3224 qua:
3006 3170 3101 3223 per
3134 3155 3343 3224 aliquot
3388 3170 3538 3209 mar-

1958 3253 2134 3314 tyrum
2171 3257 2358 3298 necem
2393 3251 2558 3313 atque
2591 3260 2657 3299 ex
2698 3245 2918 3297 militari
2978 3246 3288 3314 praesertim
3327 3246 3540 3310 ordine,

1957 3336 2023 3388 ad
2058 3335 2224 3389 totius
2263 3334 2568 3389 Christiani
2624 3334 2862 3389 nominis
2904 3334 3334 3388 internecionem
3386 3334 3545 3388 effer-

1955 3425 2092 3479 buit.
2141 3424 2444 3480 Atrocioris
2492 3439 2625 3478 vero
2688 3423 3094 3493 persecutionis
3147 3423 3362 3477 initium
3395 3439 3544 3477 anno

1958 3516 2277 3570 Diocletiani
2306 3531 2398 3569 xix
2438 3515 2509 3569 ab
2539 3514 2798 3580 Eusebio,
2820 3515 2913 3569 lib.
2945 3529 3064 3569 vut.
3099 3513 3269 3570 Hist..
3319 3529 3440 3583 cap.
3485 3516 3539 3575 5,

1955 3615 2009 3660 et
2050 3606 2104 3659 in
2157 3604 2421 3659 Chronico
2462 3603 2762 3666 tribuitur,
2814 3602 3037 3672 quando
3095 3617 3283 3657 mense
3349 3601 3543 3655 Martio

1955 3696 2192 3749 edictum
2223 3694 2559 3764 propositum
2610 3702 2694 3748 est
2740 3693 2808 3747 de
2856 3693 3239 3748 subvertendis
3269 3692 3540 3747 ecclesiis.

1957 3784 2093 3839 Tum
2120 3784 2265 3838 aliud
2305 3797 2554 3840 secutum
2590 3792 2675 3838 est
2708 3783 2776 3838 de
2827 3784 3154 3853 praesulibus
3184 3784 3544 3854 comprehen-

1956 3876 2173 3940 dendis,
2204 3884 2260 3931 et
2301 3875 2369 3928 ad
2405 3875 2678 3930 idolorum
2726 3875 2935 3927 cultum
2987 3874 3245 3929 omnibus
3275 3875 3543 3928 machinis

1957 3979 2021 4017 ac
2067 3964 2404 4018 cruciatibus
2460 3962 2742 4031 adigendis
2793 3981 2806 4015 ε
2858 3969 3023 4029 atque
3069 3963 3144 4015 ita
3192 3963 3451 4031 paulatim
3486 3964 3541 4017 in

1956 4054 2306 4108 Christianos
2352 4067 2545 4107 omnes
2584 4054 2669 4106 vis
2701 4052 2788 4103 illa
2828 4051 3151 4107 foedissima:
3197 4056 3542 4121 tempestatis

1957 4142 2226 4198 incubuit.
2272 4141 2474 4195 Horum
2502 4143 2744 4194 omnium
2772 4150 2892 4195 erat
2944 4156 3009 4194 ex
3046 4141 3277 4195 Eusebio
3309 4143 3542 4211 scripto-

1956 4236 2220 4303 ribusque
2268 4233 2481 4288 caneris
2527 4248 2635 4286 non
2692 4240 2802 4285 tam
2856 4231 3115 4301 impedita
3157 4234 3316 4295 ratio,
3347 4242 3539 4287 utnon

1955 4341 2074 4381 eam
2105 4325 2189 4379 vel
2234 4323 2582 4378 mediocriter
2616 4322 2757 4376 acuti
2807 4322 3059 4377 homines
3101 4322 3385 4390 pervidere
3411 4338 3540 4392 pos-

1321 4416 1458 4471 lluic
1527 4418 1854 4487 conjectura:
1887 4437 1930 4490 ι)
1962 4427 2101 4472 sent.
2132 4416 2199 4469 At
2229 4414 2502 4483 Josephus
2536 4413 2786 4484 Scaliger
2809 4413 3069 4482 majorem
3092 4413 3145 4467 in
3173 4414 3394 4467 modum
3420 4429 3540 4483 per-

1959 4507 2181 4562 miscuit
2211 4519 2274 4558 ae
2330 4502 2578 4558 confudit
2610 4503 2814 4565 omnia,
2851 4502 2979 4556 dum
3010 4518 3222 4558 errores
3261 4504 3541 4559 erroribus

1956 4607 2201 4660 nectens,
2229 4612 2292 4650 ex
2332 4595 2587 4651 absurdis
2618 4596 2902 4665 principiis
2945 4595 3266 4651 absurdiora
3303 4596 3529 4667 colligit.

1950 4688 2084 4741 Cum
2115 4687 2258 4742 enim
2321 4686 2377 4740 in
2424 4685 2740 4740 Diocletiani
2790 4687 2997 4755 cpocha
3039 4687 3196 4741 valde
3226 4687 3401 4754 illum,
3469 4696 3528 4742 ut

1949 4780 2211 4840 vidimus,
2237 4778 2424 4848 opinio
2454 4777 2727 4841 fefellerit,
2766 4778 2960 4847 ingens
2992 4794 3059 4833 ex
3104 4790 3169 4832 eo
3216 4794 3373 4849 seges
3414 4779 3533 4832 hal-

1951 4871 2345 4924 lucinationum
2393 4869 2447 4921 in
2484 4869 2718 4937 reliqua,
2775 4884 2895 4937 quae
2935 4884 3058 4921 cum
3104 4869 3195 4922 illa
3244 4868 3540 4937 conjuncta

1947 4971 2095 5027 sunt,
2130 4964 2418 5017 intervalla
2451 4962 2805 5016 redundavit.
2833 4960 2993 5027 Quod
3029 4962 3131 5014 hoc
3160 4962 3283 5041 loco
3314 4960 3475 5015 facile
3511 4976 3539 5014 a

1947 5055 2106 5109 nobis
2137 5054 2314 5107 lector
2338 5051 2623 5121 intelliget.

2014 5143 2073 5197 ln
2105 5143 2245 5196 libro
2272 5159 2306 5195 v
2330 5142 2405 5195 De
2426 5142 2625 5195 emend.
2652 5150 2831 5207 temp.,
2867 5156 2989 5210 pag.
3015 5141 3138 5207 467,
3162 5156 3284 5211 cap,
3305 5140 3380 5197 De
3413 5159 3537 5212 pcr-

1944 5234 2224 5290 secutionc
2262 5232 2602 5294 Diocletiani,
2638 5233 2741 5286 hoc
2781 5234 2927 5286 velut
2963 5233 3376 5288 fundamentum
3413 5232 3534 5287 dis-

1943 5323 2238 5394 putationis
2268 5322 2447 5391 posuit
2477 5340 2489 5375 :
2523 5321 2742 5375 Decimo
2773 5337 2919 5375 nono
2957 5322 3301 5388 Diocletiani,
3352 5337 3537 5378 mense

1940 5414 2155 5478 Martio,
2186 5413 2239 5465 in
2271 5413 2464 5467 diebus
2504 5411 2749 5475 Pasclue,
2788 5413 3067 5469 Ecclesias
3114 5415 3294 5469 edicto
3350 5415 3522 5482 impp.

1937 5522 2061 5561 esse
2116 5506 2433 5569 snbversas,
2495 5502 2731 5560 Eusebio
2784 5514 2941 5559 teste.
2980 5503 3058 5557 Ex
3114 5520 3223 5572 quo
3273 5504 3417 5557 hunc
3471 5516 3529 5558 in

1938 5601 2158 5654 modum
2194 5612 2610 5672 argumentatur
2640 5619 2654 5656 :
2695 5602 2763 5655 Ut
2800 5599 3009 5653 Pascha
3048 5596 3099 5647 iu
3135 5594 3389 5646 Martium
3434 5594 3521 5646 in-

1939 5692 2155 5759 cideret,
2201 5695 2509 5765 uouipotuit
2559 5694 2817 5755 accidere,
2856 5690 2959 5742 nisi
2993 5688 3246 5743 terminus
3304 5684 3527 5753 pascha-
