3978 6220
535 326 642 384 575

532 443 599 497 lis
630 442 817 512 fuisset
849 447 904 502 in
946 447 1168 508 Martio.
1212 453 1334 509 Non
1376 458 1546 526 potuit
1577 461 1739 531 igitur
1796 468 2094 539 contingere

529 532 676 601 cyclo
706 537 900 602 primo,
953 556 1113 609 neque
1157 546 1349 610 tertio;
1387 550 1603 620 contigit
1647 568 1769 620 ergo
1819 557 1966 624 cyclo
2023 576 2103 613 se—

528 623 722 678 cundo.
760 626 1034 683 Terminus
1079 634 1345 698 paschalis
1401 653 1505 693 xxv
1551 640 1740 696 Martii
1774 623 1912 700 anno
1950 647 2105 702 Chri-

530 713 600 765 sti
629 714 755 777 505,
783 716 917 782 feria
952 733 992 781 ι,
1029 720 1175 788 cyclo
1204 723 1331 778 solis
1366 741 1439 780 Vl.
1484 728 1663 794 Quare
1696 733 1877 788 eodem
1933 737 2018 790 die
2053 749 2104 793 et

527 813 770 868 quartam
793 805 1050 860 decimam
1079 849 1094 875 ,
1123 820 1171 864 et
1194 816 1392 880 pascha
1431 819 1803 877 celebrarunt:
1829 827 1967 895 quod
1999 845 2104 883 non

527 905 651 941 raro
680 891 839 954 ﬁebat
871 910 931 947 eo
955 904 1203 966 tempore,
1231 915 1352 957 ante
1379 905 1642 964 decretum
1675 911 1974 972 Nicamum.
2013 917 2105 973 Est

524 989 645 1043 ergo
686 976 832 1033 locus
880 981 1137 1050 illustris,
1191 1005 1294 1057 quo
1348 994 1633 1060 probamus
1687 1011 1809 1056 ante
1851 1021 2103 1063 canonem

526 1062 803 1121 Nictnnum
849 1071 1039 1143 Πάσχα
1071 1076 1440 1151 ἀναπὰσιμον
1471 1093 1796 1147 concurrisse
1838 1111 1955 1149 cum
1998 1108 2104 1152 ter-

522 1155 686 1211 mino.
740 1157 883 1213 Tum
946 1178 1185 1220 errorem
1247 1173 1389 1239 apud
1438 1174 1731 1234 Eusebium
1778 1198 1901 1240 esse
1946 1186 2097 1243 dicit.

523 1241 651 1296 Non
670 1247 807 1299 enim
839 1264 975 1302 anno
1000 1254 1170 1319 primo
1200 1255 1410 1328 Olymp.
1435 1263 1560 1328 271,
1593 1268 1685 1336 qui
1709 1271 1918 1337 quidem

521 1349 554 1385 ιι
577 1335 723 1402 cyclo
757 1339 1001 1402 secundo,
1020 1343 1109 1395 sed
1125 1346 1303 1400 eodem
1322 1367 1459 1404 anno
1475 1335 1696 1412 Juliano
1727 1359 1825 1414 hoc
1851 1365 2094 1434 contigit,

522 1440 554 1475 a
576 1424 728 1487 cuius
748 1425 929 1483 diebus
948 1433 1143 1488 wstivis
1167 1439 1320 1505 cwpit
1336 1457 1506 1496 annus
1522 1447 1723 1511 primus
1743 1448 1956 1519 Olymp.
1973 1424 2097 1511 571.

522 1510 710 1581 Itaque
725 1518 958 1572 nondum
983 1521 1264 1591 inceperat
1290 1546 1459 1585 annus
1478 1510 1571 1588 xix
1596 1534 1933 1595 Diocletiani.
1968 1544 2101 1600 Dee-

521 1612 608 1655 rat
626 1605 765 1657 enim
788 1611 982 1665 mensis
1013 1613 1083 1665 ad
1111 1615 1332 1683 Palilia,
1364 1621 1502 1675 unde
1522 1625 1732 1681 initium
1762 1629 2095 1690 Diocletiani.

520 1690 580 1746 In
620 1693 1176 1759 Animadversionibus
1208 1723 1337 1763 vero
1374 1711 1442 1764 ad
1480 1728 1684 1770 annum
1711 1718 1875 1785 2519,
1916 1739 1982 1778 ex
2030 1741 2097 1781 eo

1649 346 2006 443 \APPENDIX
2042 352 2670 426 DISSERTATIONUM.
3678 397 3763 454 5⁸16

2126 476 2168 532 Α
2199 474 2315 542 ρίου
2361 478 2567 545 πάθους
2606 486 2802 556 ἑορτῆς
2849 488 3086 549 initium.
3145 494 3340 568 Neque
3395 502 3537 558 enim
3571 522 3766 567 necesse

2205 574 2309 625 est.
2343 569 2487 637 quod
2518 569 2688 639 jactat
2725 574 2982 649 Scaliger,
3023 585 3082 637 in
3117 589 3362 643 termino
3392 590 3510 660 ipso
3551 598 3763 652 celebra-

2206 658 2323 706 tum
2359 655 2532 713 fuisse
2559 659 2792 720 Pascha.
2836 666 3057 726 Festum
3096 683 3287 730 autem
3320 655 3500 746 ipsum
3532 686 3759 753 Apiilisv

2204 748 2479 801 convenit.
2514 748 2675 809 Vides
2718 771 2882 825 quam
2926 764 3150 833 egregie
3179 768 3372 821 omnia
3404 781 3663 840 constent,
3699 788 3766 834 at-

2202 845 2308 900 que
2339 843 2489 890 extra
2527 837 2927 912 Scaligerianas
2965 850 3220 909 salebras
3275 857 3624 914 consistant:
3658 880 3761 921 nam

2201 919 2525 980 Diocletiani
2556 930 2770 986 initium
2813 939 3136 1008 anticipavit
3174 943 3473 1011 Eusebius,
3516 958 3567 1004 et
3591 966 3619 1005 a
3648 970 3761 1011 neo-

2201 1014 2381 1066 menia
2428 1017 2617 1086 Nisan,
2668 1023 2750 1077 vel
2804 1024 3085 1085 Paschalis
3148 1035 3365 1090 mensis
3418 1052 3615 1094 annum
3664 1046 3761 1114 ejus

2200 1115 2290 1153 nx
2326 1110 2616 1162 antevertit
2644 1130 2657 1164 :
2686 1113 2780 1178 qui
2812 1117 3028 1184 quidem
3060 1123 3238 1191 coepit
3270 1139 3300 1178 a
3338 1124 3595 1185 Palilibus
3653 1110 3758 1189 anui

2199 1187 2324 1243 502.
2356 1190 2511 1257 Quod
2542 1197 2589 1250 si
2617 1213 2761 1255 anno
2794 1202 2914 1271 ipso
2942 1187 3273 1265 Diocletiani
3307 1213 3525 1271 labente
3555 1219 3606 1273 id
3636 1187 3757 1275 acci;

2200 1278 2347 1334 disse
2398 1284 2644 1353 velimus,
2687 1306 2974 1359 possemus
3025 1313 3177 1354 anno
3230 1303 3344 1358 505
3402 1306 3633 1363 tribuere
3667 1330 3679 1367 :
3715 1314 3758 1367 in

2198 1384 2308 1439 quo
2334 1375 2487 1443 cyclo
2516 1378 2658 1433 luna:
2689 1396 2803 1448 xix,
2841 1386 2976 1441 solis
3014 1405 3088 1453 IV,
3120 1391 3309 1447 littera
3339 1394 3403 1459 C,
3447 1399 3756 1456 novilunium

2197 1476 2253 1515 vn
2278 1461 2454 1517 Martii
2485 1467 2738 1524 inciderit
2765 1490 2777 1525 :
2809 1473 3020 1529 decima
3044 1489 3251 1548 quarta
3286 1483 3438 1548 luna,
3471 1485 3638 1540 Martii
3664 1505 3753 1557 xix,

2197 1550 2330 1605 feria
2356 1569 2427 1615 γι,
2450 1555 2655 1612 Pascha
2684 1551 2865 1617 Martii
2897 1581 3008 1631 im,
3042 1570 3088 1623 si
3123 1571 3352 1638 quidem
3381 1572 3604 1630 Judaico
3629 1595 3754 1634 more

2197 1641 2566 1700 embolimaeus
2614 1662 2790 1705 annus
2830 1652 2933 1707 iste
2979 1670 3086 1711 non
3118 1656 3329 1724 fuerit,
3373 1663 3613 1732 adeoque
3652 1675 3754 1723 ante

2197 1732 2605 1802 aequinoctium,
2641 1747 2700 1793 ut
2739 1758 3129 1816 nonnunquam
3163 1750 3277 1806 illis
3313 1756 3644 1823 temporibus
3672 1759 3750 1813 lie-

2261 1785 2279 1800 ι
2390 1785 2401 1786 ί
2423 1785 2605 1802 -ν-----ι
2645 1785 2699 1793 -ν
2739 1785 3129 1816 ιινιιιιυιιιιιιυιιι
3163 1785 3277 1806 uua
3314 1785 3515 1823 ιῦιυμυι
3530 1785 3644 1812 [uua
3672 1785 3748 1813 uc-

519 1785 661 1850 quod
688 1800 863 1844 annus
890 1791 1332 1854 Antiochenusin
1362 1801 1576 1860 Eusebii
1603 1806 1861 1866 Chronico
1888 1814 1987 1870 251
2017 1819 2089 1873 sit
2121 1807 2161 1860 Β
2189 1818 2300 1881 bat,
2357 1819 2567 1877 Pascha
2619 1829 2949 1887 celebratum
3011 1835 3202 1892 fuerit.
3263 1838 3375 1895 Sed
3431 1843 3607 1898 verius
3660 1854 3748 1907 est,

519 1875 796 1907 nnnnoilnr-
834 1878 898 1907 ηδ
930 1896 1017 1907 -ι-
1058 1883 1306 1907 n:_-|-.9_
1365 1892 1374 1902 -
1571 1896 1582 1907 ι
1647 1899 1675 1907 ι.

517 1875 799 1942 appositus
832 1878 898 1932 ad
930 1896 1020 1937 xix
1056 1883 1399 1954 Diocletiani,
1427 1896 1704 1952 concludit
1739 1915 1943 1957 annum
1964 1921 2087 1962 esse

517 1962 716 2018 Christi
744 1964 1132 2039 Dionysianum
1168 1977 1272 2031 505
1311 1994 1480 2037 aureo
1512 2001 1742 2043 numero
1791 2007 1906 2057 nx,
1953 1996 2086 2052 solis

490 2052 669 2121 cyclo
693 2069 764 2108 iv.
796 2055 920 2111 Mox
952 2069 1132 2116 autem
1166 2066 1426 2133 titubans,
1465 2080 1629 2142 atque
1651 2052 1911 2146 aestuans,
1940 2084 2082 2151 quod

515 2156 700 2197 mense
732 2143 946 2213 Martio,
996 2159 1051 2204 et
1094 2152 1149 2206 in
1198 2153 1467 2214 Paschate
1501 2162 1553 2215 id
1584 2168 1853 2224 accidisse
1879 2172 2086 2228 scribat

515 2227 805 2297 Eusebius,
859 2235 915 2290 in
965 2238 1070 2294 504
1142 2245 1392 2304 conferre
1464 2252 1713 2321 videtur;
1794 2258 1902 2315 imo
1959 2278 2084 2320 vero

512 2321 674 2375 etiam
707 2323 760 2376 in
790 2325 914 2382 505.
1093 2333 1203 2397 hic,
1247 2344 1305 2390 ut
1340 2339 1393 2392 in
1420 2342 1696 2415 plerisque
1731 2349 1876 2418 aliis,
1911 2351 2082 2409 Scali-

512 2421 644 2477 gero
663 2412 913 2482 contigit,
946 2423 1007 2471 ut
1041 2417 1276 2478 Eusebio
1318 2424 1457 2482 falsa
1505 2412 1753 2500 quietiam
1801 2412 2080 2511 attingens,

515 2494 597 2548 sic
626 2504 886 2568 tanquam
925 2504 1130 2560 larvam
1174 2515 1465 2580 quamdam
1497 2517 1812 2591 fabricaret,
1847 2494 2081 2598 quacum

512 2594 732 2637 manum
789 2601 1138 2660 consereret;
1195 2614 1319 2653 nam
1369 2606 1514 2672 quod
1563 2594 2083 2677 Eusebium—dicere

513 2669 762 2740 aﬂirmat,
815 2676 1007 2736 Martio
1042 2699 1230 2743 mense
1273 2669 1400 2760 ipso
1421 2692 1706 2755 Paschalis
1737 2704 1967 2762 solemni
1992 2709 2082 2767 die

511 2762 850 2830 publicatum
889 2770 1023 2827 illud
1055 2776 1320 2845 edictum,
1363 2799 1629 2854 nusquam
1675 2791 1779 2849 hoc
1810 2794 2080 2857 Eusebius

509 2852 754 2922 scripsit.
812 2856 987 2930 Hujus
1041 2868 1185 2921 enim
1232 2871 1396 2926 verba
1456 2852 1558 2931 ista
1611 2890 1741 2936 sunt
1799 2885 1896 2942 lib.
1956 2906 2075 2956 vm,

507 2958 629 3014 cap.
660 2947 694 3000 5
722 2965 735 3001 :
774 2951 931 3016 Ἔτος
954 2955 1112 3010 τοῦτο
1133 2956 1199 3031 ἦν
1227 2963 1708 3026 ἐννεακαιδέκατον
1730 2977 1830 3048 τῆς
1856 2981 2077 3054 Διοκλη-

506 3034 686 3089 τιανοῦ
715 3036 1020 3107 βασιλείας’
1050 3047 1286 3123 Δύστρος
1317 3057 1446 3126 μήν.
1489 3060 1713 3130 Λέγοιτο
1745 3034 1887 3122 δῗᾶν
1923 3034 2078 3137 οὗτξς

506 3124 752 3197 Μάρτιος
794 3133 937 3187 κατὰ
1000 3124 1332 3210 Ῥωμαίουςέ
1367 3124 1426 3200 ἐν
1463 3142 1507 3216 ᾧ
1555 3124 1653 3224 τῆς
1685 3156 1778 3209 τοῦ
1809 3124 2075 3234 σωτηρέοις

504 3215 712 3282 πάθους
737 3222 926 3294 ἑορτῆς
952 3228 1367 3305 εἰσελαυνούσης
1396 3215 1619 3309 ἥπλωτο
1633 3215 2076 3324 ⁷πανταχόσεζβαζ

507 3305 699 3391 σιλικὰ,
720 3313 1041 3383 γράμματα,
1080 3329 1187 3374 etc.
1234 3305 1428 3381 Aunus
1462 3346 1575 3385 erat
1624 3335 1722 3391 iste
1761 3305 2076 3401 Diocletiani

506 3488 751 3553 spondet.
781 3491 849 3546 In
872 3511 972 3564 quo
1002 3502 1294 3571 salutifera:
1325 3506 1601 3569 Passionis
1648 3532 1917 3588 appetente
1939 3529 2073 3597 festo

509 3575 663 3597 -.L.-_--
682 3594 693 3597 μ
730 3580 742 3597 ε
935 3595 941 3597 Α
1018 3588 1029 3597 -
1155 3594 1184 3597 --

506 3575 695 3645 ubique
724 3580 1064 3650 imperatoria
1101 3594 1273 3648 edicta
1303 3605 1574 3666 proposita
1600 3575 1825 3674 fuerant.

577 3665 741 3724 Falso
785 3673 968 3745 itaque
1007 3679 1102 3736 lib.
1138 3700 1171 3737 v
1207 3684 1283 3740 De
1315 3665 1512 3749 emend.
1571 3665 1859 3770 scripsisse
1908 3710 2076 3768 refert

506 3752 798 3815 Eusebium
824 3820 827 3825 ,
854 3766 953 3837 τῆς
1001 3770 1193 3842 ἑορτῆς
1241 3778 1335 3831 τοῦ
1391 3782 1582 3856 Πάσχα

1514 3848 1545 3856 ..
1854 3848 2068 3871 τ-ν--ιτν

504 3848 663 3913 quasi
709 3850 916 3910 Pascha
980 3876 1201 3921 necesse
1256 3869 1329 3923 sit
1387 3871 1441 3928 in
1493 3875 1741 3937 Martium
1790 3887 2068 3951 incidisse.

502 3933 717 3993 Etenim
757 3943 825 3998 de
871 3947 1207 4009 solemnibus
1257 3958 1449 4016 diebus
1496 3965 1775 4028 Passionis
1810 3976 2069 4048 loquitur,

504 4025 614 4048 ηε-.-
666 4028 749 4048 ιμ-
790 4031 829 4048 Ir
956 4036 966 4048 ·
1190 4043 1201 4048 -
1260 4046 1287 4048 λλ

503 4025 618 4081 sive
665 4028 1002 4093 hebdomade
1053 4043 1325 4111 paschali,
1378 4066 1500 4120 quae
1547 4025 1770 4116 Pascha.

501 4131 664 4184 quam
696 4125 1017 4196 appellatur,
1048 4141 1107 4187 ut
1147 4136 1216 4192 ad
1251 4140 1374 4197 lidei
1400 4142 1825 4223 Prolessionem,
1857 4176 1978 4228 quae
2013 4163 2066 4218 in

495 4480 749 4534 concludi
780 4494 984 4553 posset,
1016 4500 1313 4557 praesertim
1343 4513 1466 4555 cum
1493 4507 1928 4585 εἰσελαυνούσης,
1965 4521 2067 4578 hoc

495 4573 580 4619 est
632 4577 915 4637 appetente,
966 4581 1437 4650 appropinquante,
1489 4592 1789 4661 scripserit.

494 4657 751 4723 gmentis,
786 4675 910 4729 qua:
943 4663 999 4717 in
1033 4667 1129 4723 lib.
1157 4686 1251 4725 vm
1296 4676 1361 4729 ad
1411 4679 1616 4739 calcem
1645 4686 1890 4756 conjecta
1916 4706 2061 4764 sunt,

499 4742 605 4764 An-
674 4744 783 4764 n—L
847 4748 901 4764 (ει
981 4754 993 4764 ·
1096 4756 1114 4764 ⁸
1149 4759 1160 4764 -
1241 4761 1289 4764 “

493 4742 627 4798 edit.
670 4744 808 4801 Rob.
846 4748 1034 4821 Steph.
1091 4756 1183 4812 fol.
1233 4761 1323 4826 91,
1357 4781 1478 4837 pag.
1521 4769 1577 4835 2,
1610 4742 2064 4845 idem'maiiiii';

494 4832 566 4886 ίίθ
596 4836 905 4906 concipitur
930 4862 943 4896 ε
978 4843 1136 4909 Ἔτος
1174 4850 1331 4905 τοῦτο
1365 4851 1432 4926 ἦν
1464 4860 1936 4927 ἐννεακαιδέκατον
1964 4877 2064 4948 τῆς

499 4924 871 4948 A.---\_-_-__.._"
912 4937 938 4948 ιι
1038 4934 1056 4948 \
1106 4937 1119 4948 ρ
1240 4940 1276 4948 ._.
1354 4945 1361 4948 .

491 4924 872 4996 Διοκλητιανοῦ
909 4934 1205 5003 βασιλείας,
1235 4924 1495 5012 Ξανθίκὸς
1524 4953 1651 5025 μὴν,
1673 4955 1733 5021 ὃς
1761 4924 2062 5031 λέγοιτονέν

502 5013 809 5084 Ἀπρίλλιος
860 5023 1000 5077 κατὰ
1038 5027 1360 5099 Ῥωμαίους.
1391 5035 1489 5092 Hic
1524 5013 1728 5113 'Aprili'
1759 5013 1966 5111 mense

489 5111 636 5157 ctum
678 5106 810 5163 illud
844 5115 1041 5169 asserit
1073 5137 1087 5172 :
1124 5119 1316 5191 nempe
1353 5128 1497 5196 quod
1535 5106 1828 5199 hebdomas
1871 5157 2061 5205 sancta

489 5282 577 5338 hic
609 5300 783 5345 annus
814 5289 1018 5349 Christi
1040 5297 1164 5363 502,
1190 5304 1340 5373 cyclo
1373 5282 1514 5366 lunae
1543 5282 1959 5391 XVIIl,—S(;llS‘lll:

489 5371 553 5437 D,
581 5378 915 5435 novilunium
954 5371 1549 5467 PaschalelNiczenum,
1591 5371 1769 5464 Martii
1804 5428 1912 5467 xvi.
1936 5371 2054 5471 ,Sed

486 5462 806 5523 Diocletiani
835 5480 1075 5544 tempore
1095 5480 1272 5540 adhuc
1298 5485 1544 5548 fortassis
1566 5494 1807 5554 haerebat
1835 5504 1886 5556 in
1921 5521 2053 5561 xvii.

483 5555 656 5625 Igitur
673 5564 1076 5630 quartadecima
1098 5569 1377 5634 Paschalis
1404 5580 1580 5637 Martii
1598 5587 1857 5647 vicesimo
1884 5610 2052 5664 nono,

493 5640 582 5664 ,μί
606 5648 639 5664 ν.
686 5650 697 5661 .
904 5658 916 5664 -
1017 5662 1025 5664 -

1663 5640 1852 5647 -__-----
1884 5640 2051 5664 --_..-,

492 5640 789 5718 Dominica,
833 5658 917 5715 vel
963 5662 1259 5734 tricesimo,
1306 5670 1439 5727 feria
1484 5690 1540 5729 ii.
1579 5676 1716 5736 Ilinc
1748 5685 1840 5739 τοῦ
1874 5704 2051 5764 σωτηκ

2189 1924 2333 1965 anno
2363 1913 2569 1970 Christi
2601 1918 2708 1973 502
2739 1925 3058 1995 contigisse.
3087 1928 3367 1985 Caeterum
3409 1947 3603 1988 annum
3647 1936 3749 1990 Dio-

2186 2002 2402 2057 cletiani
2428 2021 2520 2059 nx
2548 2006 2814 2069 Eusebius
2836 2031 2959 2070 cum
2977 2033 3123 2074 anno
3146 2031 3351 2091 quarto
3371 2023 3580 2095 Olymp.
3601 2042 3749 2083 cem

2186 2094 2489 2161 conjunxit,
2524 2114 2631 2153 non
2656 2117 2780 2156 cum
2818 2108 2991 2173 primo
3013 2109 3412 2169 ducentesima:
3439 2121 3747 2187 septuagesi-

2186 2195 2287 2234 nnr.
2315 2185 2520 2252 primae,
2545 2198 2603 2241 ut
2624 2199 2771 2257 putat
2791 2192 3050 2266 Scaliger,
3090 2185 3742 2262 videlicet-iiuiner095I9.

2183 2270 2385 2329 Annus
2403 2286 2631 2346 quartus
2677 2279 2889 2355 Olymp.
2920 2287 3026 2342 270
3063 2290 3187 2345 iniit
3220 2307 3370 2349 anno
3404 2298 3600 2365 periodi
3637 2298 3731 2353 Jul.

2183 2363 2343 2431 5017,
2388 2368 2591 2426 Christi
2622 2371 2956 2446 Dionysiano
3002 2380 3129 2444 aut,
3190 2363 3508 2443 Eusebiano
3537 2391 3653 2451 δυο,
3694 2401 3741 2443 ut

2183 2462 2267 2509 est
2308 2455 2364 2510 in
2400 2462 2783 2521 vetustissimis
2828 2468 3161 2528 editionibus
3190 2514 3207 2539 ,
3271 2491 3483 2532 necnon
3530 2490 3580 2534 et
3617 2479 3741 2534 Pon-

2184 2546 2310 2600 taci.
2361 2548 2416 2603 In
2456 2551 2819 2625 Scaligeriana
2870 2575 3024 2626 vero,
3081 2564 3208 2619 504.
3262 2567 3367 2623 Sed
3404 2581 3591 2638 praeter
3629 2588 3738 2641 pro-

2182 2636 2554 2696 chronismum
2600 2648 2730 2700 anni
2785 2650 2968 2715 unius,
3008 2670 3118 2723 quo
3172 2656 3561 2731 Dionysianam
3594 2678 3734 2717 telam

2179 2996 2439 3063 epocham
2470 3015 2583 3058 uno
2609 3018 2754 3060 anno
2778 3008 2988 3065 tardius
3017 3027 3405 3085 repraesentat;
3438 3035 3556 3073 nam
3585 3021 3735 3075 ascri-

2103 3117 2147 3176 c
2182 3084 2261 3138 bit
2293 3102 2493 3143 annum
2543 3092 2691 3150 illius
2743 3098 2977 3164 primum
3036 3103 3102 3156 ad
3155 3104 3371 3178 Olymp.
3416 3109 3519 3163 266
3554 3126 3730 3164 annum

2176 3178 2435 3246 primum,
2465 3182 2559 3251 qui
2595 3199 2712 3253 per.
2754 3184 2864 3244 Jul.
2915 3189 3057 3246 4998
3097 3197 3287 3266 cnspit,
3326 3200 3524 3252 Christi
3557 3199 3729 3269 Diony-

2175 3269 2330 3323 siano
2375 3271 2509 3338 285;
2567 3289 2690 3330 cum
2740 3281 3013 3350 superiori
3062 3299 3357 3356 competat.
3407 3305 3547 3344 anno
3591 3291 3729 3344 tertio

2174 3356 2387 3429 Olymp.
2424 3362 2793 3432 2651ahente,
2828 3371 3003 3428 tribus
3044 3378 3329 3437 mensibus
3374 3388 3498 3435 ante
3536 3380 3727 3433 initium

2041 3471 2066 3482 -
2134 3482 2136 3485 ι
2175 3451 2373 3516 quarti.
2410 3449 2563 3508 Unde
2594 3454 2917 3514 Diocletiani
2945 3477 3122 3519 annus
3147 3482 3237 3522 xu
3271 3485 3396 3523 cum
3427 3484 3563 3522 anno
3590 3468 3727 3522 tertio

2175 3534 2389 3607 Olymp.
2424 3540 2531 3596 270
2563 3556 2931 3617 comparatur,
2971 3554 3063 3622 qui
3097 3572 3220 3610 cum
3281 3560 3520 3615 secundo
3566 3556 3728 3626 potius

2173 3628 2418 3694 copulari
2449 3631 2654 3688 debuit.
2688 3635 2864 3708 Cmpit
2898 3642 3042 3696 enim
3084 3645 3169 3699 hic
3205 3662 3353 3702 anno
3380 3649 3572 3704 tbi-isti
3609 3644 3722 3709 202.

2176 3716 2349 3773 tribus
2378 3724 2656 3780 mensibus
2687 3733 2897 3786 exactis
2939 3732 3009 3788 ab
3043 3734 3199 3791 initio
3243 3741 3374 3793 anni
3408 3755 3496 3793 xix
3533 3737 3728 3791 Diocle-

2174 3810 2326 3863 tiani.
2366 3810 2471 3868 Sed
2502 3815 2555 3869 in
2611 3820 2769 3875 annis
2797 3819 2997 3878 Christi
3032 3827 3355 3885 Eusebianis
3382 3831 3575 3884 frustra
3609 3842 3728 3881 con-

2171 3896 2470 3969 ﬂictamur;
2521 3920 2660 3974 quos
2698 3922 2727 3960 a
2773 3910 3008 3968 librariis
3048 3915 3303 3981 intextas,
3335 3935 3442 3973 non
3472 3920 3537 3974 ab
3565 3916 3718 3972 Euse-

2173 3989 2261 4044 bio
2304 3992 2440 4061 ipso,
2469 3996 2569 4050 viri
2601 3997 2743 4052 docti
2777 4003 2970 4057 merito
3002 4009 3353 4074 persuadent.

2244 4079 2504 4150 Superest
2557 4100 2733 4143 annus
2786 4091 3191 4162 Antiochenus,
3241 4102 3333 4169 qui
3409 4100 3715 4169 Scaligeruin

2173 4171 2308 4225 adeo
2329 4175 2637 4231 conturbat.
2658 4178 2804 4236 rEra:
2827 4185 3174 4243 Antiochenaa
3194 4192 3544 4258 primordium
3570 4200 3713 4243 XLVIII

2172 4260 2363 4316 solidis
2398 4264 2556 4320 annis
2582 4266 2965 4339 Dionysianam
3013 4291 3175 4332 seram
3225 4282 3512 4337 antecedit.
3547 4277 3713 4333 Incidit

2171 4349 2314 4403 enim
2354 4351 2409 4406 in
2446 4369 2648 4410 annum
2683 4374 2797 4428 per.
2828 4360 2937 4418 Jul.
2990 4366 3149 4432 4666,
3181 4385 3243 4425 ex
3276 4372 3570 4439 posteriore
3602 4367 3712 4419 Sca-

2171 4435 2322 4505 ligeri
2363 4445 2630 4499 sententia
2663 4446 2716 4500 in
2749 4450 3112 4508 Animadvers.
3143 4465 3197 4511 et
3230 4435 3376 4529 Isag.
3405 4475 3520 4513 can.
3557 4455 3712 4523 Quare

2172 4542 2317 4584 anno
2354 4547 2468 4599 per.
2503 4533 2610 4590 Jul.
2649 4539 2809 4605 5015,
2841 4543 3041 4599 Christi
3094 4545 3424 4618 Dionysiano
3463 4550 3578 4611 503.
3611 4555 3710 4599 003'

2171 4616 2250 4683 pit
2278 4631 2453 4675 annus
2481 4620 2941 4684 Antiochenorum
2972 4632 3077 4687 550
3105 4635 3173 4690 ab
3199 4616 3416 4692 Octobri
3439 4654 3454 4702 ;
3475 4636 3566 4692 551
3599 4644 3710 4686 vero

2170 4719 2315 4761 anno
2356 4708 2686 4782 Dionysiano
2720 4716 2843 4771 505.
2878 4719 3084 4777 Idcirco
3121 4726 3407 4781 manifesta
3439 4733 3517 4781 est
3553 4723 3709 4775 Eusc-

2168 4797 2243 4852 bii
2296 4801 2445 4858 labes
2499 4812 2607 4859 tam
2659 4808 2714 4862 in
2760 4825 2867 4865 aera
2900 4811 3214 4871 Diocletiani
3263 4834 3425 4887 quam
3465 4814 3709 4874 inAntio-

2169 4887 2361 4944 chena.
2412 4894 2600 4949 Annus
2646 4895 2964 4955 Diocletiani
3003 4919 3095 4958 ιιι
3138 4909 3303 4976 cmpit
3349 4923 3489 4964 anno
3533 4903 3705 4959 Antio-

2167 4976 2341 5032 chcno
2371 4980 2475 5036 549
2505 4984 2682 5041 adhuc
2719 4988 2951 5057 labente,
2985 5007 3051 5048 ac
3100 5006 3221 5062 post
3267 5014 3475 5054 menses
3514 4996 3617 5052 fere
3661 5005 3705 5043 τι

2168 5063 2289 5118 iniit
2328 5082 2502 5124 annus
2546 5072 3003 5133 Antiochenorum
3060 5082 3181 5136 550.
3234 5084 3330 5140 Est
3378 5087 3535 5157 igitur
3562 5083 3704 5136 un'us

2165 5157 2295 5210 anni
2353 5160 2797 5228 prochronismus
2855 5171 2995 5239 apud
3069 5171 3399 5243 Eusebium,
3453 5175 3541 5245 qui
3596 5182 3704 5224 cum

2166 5260 2309 5299 anno
2341 5263 2433 5301 nx
2463 5247 2777 5308 Diocletiani
2810 5263 3086 5313 connectit
3116 5277 3318 5317 annum
3353 5267 3472 5320 551.

2231 5338 2312 5391 Ad
2342 5353 2607 5396 summam
2653 5343 2963 5404 Diocletiani
3006 5352 3280 5411 horribilis
3308 5358 3393 5415 illa
3425 5350 3702 5430 persecutio

2162 5427 2327 5496 coepit
2348 5443 2490 5484 anno
2515 5433 2756 5502 ejusdem
2789 5453 2920 5492 xvni
2940 5453 3191 5511 exeunte,
3218 5449 3296 5502 vel
3319 5451 3530 5504 ineunte
3564 5459 3642 5500 xn‘
3675 5453 3700 5491 ὃ

2162 5514 2391 5573 Kalend.
2425 5519 2546 5577 Jan.
2591 5533 2685 5578 aut
2736 5526 2968 5596 Martiis,
2994 5534 3196 5591 Christi
3245 5538 3565 5611 Dionysiano

2163 5604 2317 5666 Unde
2342 5613 2558 5668 nonnisi
2585 5615 2860 5674 biennium
2884 5621 3420 5686 Diocletianusjllam
3447 5624 3698 5688 excreuit;
3772 5664 3780 5673 .

2162 5700 2380 5757 tametsi
2418 5717 2447 5757 a
2486 5703 2700 5763 Galerio
2750 5696 3076 5770 Maximiano
3127 5716 3355 5795 aliyqiie
3408 5715 3697 5775 Diocletiani
