3978 6220
209 339 314 396 577

1183 345 1270 398 DE
1309 343 1746 402 ROMANORUM
1784 345 1963 400 IMPP.
2002 346 2510 406 CllRONOLOGIA.

3387 353 3493 408 573

205 464 262 509 et
293 452 623 510 Maximiani
663 452 904 511 Herculii
955 457 1370 512 successoribus
1414 463 1708 528 propagata
1741 457 1815 511 sit
1843 463 1888 518 Α
1917 465 2019 512 est.
2051 457 2243 528 Itaque
2287 461 2671 516 Maximianum
2700 459 3016 516 Herculium
3047 475 3173 516 eum
3201 459 3494 519 Maximino

206 547 276 602 ad
305 560 488 602 annos
511 547 720 617 plures,
752 547 856 602 hoc
881 556 964 602 est
994 548 1063 602 ad
1101 547 1228 613 ‘5“,
1269 555 1330 602 ut
1355 549 1610 618 opinatur
1634 547 1804 600 Baro-

207 638 358 692 nius.
412 637 493 692 Ex
525 653 637 708 quo
665 647 880 694 constat
907 654 1126 696 errasse
1175 646 1449 706 nostrum,
1474 640 1589 708 qui,
1629 639 1804 708 impe-

206 737 368 784 rante
399 727 766 793 Diocletiano,
803 744 978 786 annos
1017 737 1158 787 totos
1190 746 1291 795 xu,
1338 731 1440 784 hoc
1483 739 1567 785 est
1612 737 1808 799 praeter

207 834 405 882 unum,
432 835 632 876 omnes
659 821 807 877 illius
837 822 1054 892 imperii
1086 837 1260 876 annos
1290 835 1591 890 occupasse
1621 821 1806 874 tradit.

276 908 393 962 Καὶ
415 913 674 966 παύεται
699 911 810 981 τῆς
825 913 1150 980 ,Βασιλείας
1177 913 1621 980 οὐαιτρανίσας.
1650 913 1809 966 Anno

207 999 417 1054 Christi
481 1001 610 1064 501,
674 1004 796 1072 ipso
874 1001 946 1056 IX
1002 1011 1056 1058 et
1109 1003 1440 1057 Maximiano
1498 1001 1611 1056 Vlll
1659 1016 1805 1056 coss.

208 1090 545 1160 Quanquam
584 1094 744 1148 ambo
795 1095 994 1150 iterum
1037 1095 1293 1150 consules
1335 1093 1507 1149 luisse
1560 1094 1806 1164 legantur

208 1197 354 1234 anno
387 1183 520 1246 308,
559 1184 667 1238 nisi
708 1185 955 1240 mendosi
994 1186 1104 1240 sint
1147 1185 1326 1248 Fasti,
1371 1184 1515 1254 quod
1549 1182 1810 1252 quemad-

210 1269 436 1322 modum
468 1272 736 1326 acciderit
759 1312 774 1337 ,
825 1288 1287 1342 supervacaneum
1335 1281 1420 1328 est
1450 1289 1712 1344 qumrere.
1745 1273 1810 1325 Et

210 1361 378 1413 variae
411 1360 788 1417 divinationes
822 1379 946 1418 esse
992 1371 1242 1434 possunt,
1273 1350 1410 1434 quas
1457 1365 1591 1417 nihil
1624 1378 1808 1418 mora-

211 1467 353 1504 mur.
404 1451 768 1508 Ohservanda
803 1469 967 1523 porro
1010 1471 1110 1509 vox
1157 1463 1261 1518 est,
1308 1471 1415 1525 qua
1470 1455 1809 1525 Epiphanius

211 1545 408 1608 utitur,
463 1545 874 1615 οὐαιτρανισας,
928 1545 1072 1615 quod
1131 1547 1265 1600 nihil
1329 1547 1476 1600 aliud
1539 1546 1811 1617 signiﬁcat

211 1649 374 1702 quam
411 1641 797 1689 veteranorum
832 1636 1004 1690 instar
1041 1638 1383 1691 vocationem
1417 1637 1521 1692 sibi
1567 1651 1806 1701 sumere,

213 1740 276 1778 ac
307 1724 605 1792 secedere;
633 1726 780 1796 quod
817 1728 1140 1782 vocabulum
1177 1728 1441 1783 hactenus
1479 1727 1534 1782 in
1567 1727 1807 1783 Onoma-

213 1817 369 1870 sticis
399 1817 824 1872 mistobarharis
853 1817 1216 1873 desideratur.

283 1909 666 1978 Μαξιμιανὸς
698 1909 765 1962 δὲ
788 1910 955 1976 κακῷ
979 1912 1161 1979 μόρῳ.
1197 1909 1272 1965 De
1312 1909 1642 1966 Maximiano
1676 1911 1809 1966 Her-

215 2001 360 2054 culio
395 2000 725 2055 Diocletiani
762 2002 967 2072 collega
1021 2003 1167 2071 loqui
1201 2017 1260 2056 se
1303 2002 1536 2070 putavit,
1585 2003 1645 2056 et
1679 2015 1809 2056 vero

216 2092 402 2146 debuit
435 2092 812 2162 Epiphanius;
843 2092 938 2146 sed
959 2097 1104 2161 quod
1127 2094 1228 2147 hoc
1249 2093 1368 2148 loco
1391 2099 1601 2157 narrat,
1629 2092 1807 2146 neutri

218 2181 596 2246 Maximiano,
643 2184 738 2238 sed
789 2182 1084 2237 Maximino
1121 2185 1372 2253 contigit.
1425 2182 1810 2252 Saepenumero

217 2270 392 2326 Graeci
428 2273 731 2340 scriptores
755 2271 1116 2328 Maximianus
1140 2272 1282 2327 duos
1315 2270 1573 2336 invicem,
1607 2279 1807 2326 etcum

223 2365 523 2420 Maximino
573 2363 938 2419 confundunt.
985 2364 1116 2430 Quae
1159 2380 1248 2419 res
1291 2366 1456 2419 etiam
1504 2363 1809 2418 attentissi-

221 2469 366 2507 mum
395 2457 658 2511 lectorem
719 2456 972 2510 frustrari
1001 2455 1196 2524 possit.
1230 2453 1603 2508 Diocletianus
1626 2459 1680 2508 et
1706 2453 1811 2506 Ma-

222 2547 499 2601 ximianus
539 2547 826 2602 llerculius
856 2547 1238 2601 Constantium
1295 2544 1553 2600 Chlorum
1610 2551 1665 2598 et
1704 2543 1809 2597 Ga-

221 2637 413 2691 lerium
455 2637 848 2692 Maximianum
882 2637 1283 2691 Armentarium
1315 2635 1561 2690 Caesares
1586 2643 1805 2688 creant:

216 2728 308 2796 qui
338 2739 477 2797 post
500 2730 719 2784 illorum
752 2729 1122 2784 secessionem
1149 2727 1381 2796 Augusti
1411 2742 1477 2781 ex
1499 2725 1810 2780 Caesaribus

221 2820 364 2874 l'acti.
400 2819 667 2875 Galerius
695 2819 1055 2874 Maximianus
1083 2819 1222 2874 duos
1248 2818 1495 2873 Caesares
1527 2817 1812 2872 constituit

220 2925 481 2967 sororum
533 2913 708 2978 ﬁlios,
755 2912 818 2968 C.
863 2910 1139 2966 Galerium
1199 2909 1590 2969 Maximinum,
1648 2921 1810 2976 quem

221 3003 438 3060 Orienti
499 3003 778 3075 praefecit,
821 3011 875 3058 et
913 3002 983 3057 M.
1027 3001 1308 3056 Aurelium
1367 2999 1668 3060 Severum,
1724 2997 1811 3050 cui

222 3097 584 3153 Occidentem
616 3094 887 3166 permisit.
927 3091 1166 3148 Severus
1195 3093 1378 3147 Caesar
1410 3106 1438 3142 a
1464 3088 1681 3142 Galerio
1709 3085 1812 3140 Ma-
1837 3122 1884 3182 α

226 3189 476 3243 ximiano
507 3193 698 3242 contra
741 3185 1072 3241 Maxentium
1117 3185 1319 3238 missus
1350 3180 1622 3235 Ravennae
1661 3179 1812 3233 oeci-

226 3281 391 3349 ditur,
437 3281 511 3334 ait
551 3278 820 3334 Eusebius
850 3279 904 3332 in
935 3276 1194 3331 Chronico
1217 3315 1232 3340 ,
1278 3273 1463 3329 Victor
1496 3273 1550 3326 in
1583 3271 1814 3326 Cwsari—

227 3374 342 3437 bus,
392 3381 451 3429 et
491 3372 603 3426 alii.
646 3371 1010 3426 Maximianus
1054 3368 1347 3423 Herculius
1389 3371 1672 3433 resumpto
1713 3362 1815 3414 im-

228 3463 398 3526 peric,
449 3473 572 3513 cum
620 3458 845 3514 insidias
879 3457 1242 3513 Constantino
1293 3468 1492 3524 genero
1539 3460 1809 3515 strueret,

230 3549 485 3604 Massiliae
507 3557 592 3604 est
612 3551 852 3612 occisus,
882 3563 991 3602 non
1023 3547 1204 3611 Tarsi,
1234 3553 1290 3598 ut
1315 3545 1568 3598 Zosimus
1599 3540 1808 3596 scribit.

227 3637 482 3693 Galerius
507 3638 870 3693 Maximianus
894 3638 1242 3691 Christianos
1275 3633 1662 3688 crudelissime
1697 3646 1814 3702 per-

229 3738 476 3794 secutus,
507 3731 851 3800 consumptis
883 3729 1214 3800 genitalibus
1246 3727 1465 3788 defecit,
1499 3726 1574 3777 ait
1605 3723 1809 3777 Victor.

232 3822 408 3891 llujus
443 3821 873 3876 funestissimam
914 3830 1140 3874 mortem
1189 3834 1253 3872 ac
1302 3817 1567 3872 divinitus
1600 3814 1807 3868 immis-

230 3929 324 3970 sos
347 3915 625 3969 cruciatus
642 3913 890 3982 pluribus
910 3911 1227 3980 exsequitur
1254 3908 1520 3963 Eusebius
1552 3906 1648 3960 lib.
1687 3920 1810 3964 vm,

230 4020 354 4075 cap.
437 4005 542 4066 18,
605 4010 658 4057 et
727 4003 814 4057 i9.
880 4001 1132 4056 Galerius
1201 3999 1528 4053 Maximinus
1593 3997 1661 4050 ab
1724 3995 1815 4048 Li-

230 4097 382 4150 cinio
417 4094 596 4149 victus
655 4108 720 4148 ac
755 4092 875 4146 dira
931 4092 1052 4146 tabe
1099 4098 1386 4159 correptus
1428 4088 1584 4142 Tarsi
1630 4087 1809 4156 periit.

233 4183 372 4241 Vide
414 4186 708 4240 Eusebium
745 4183 838 4238 lib.
881 4198 958 4246 ιχ,
987 4197 1108 4252 cap.
1140 4181 1193 4235 8.
1261 4179 1362 4233 Ubi
1395 4179 1539 4248 quod
1573 4176 1814 4246 Epipha-

233 4277 360 4330 nius
391 4276 487 4338 ait,
523 4273 852 4345 ὲξεϐολὸήοη
889 4273 1015 4335 τοὺς
1049 4269 1381 4340 ὀφθαλμούς,
1421 4269 1501 4323 sic
1543 4273 1764 4321 enarrat
1795 4277 1811 4315 :

233 4366 561 4440 Προπηδῶσι
602 4367 700 4438 μὲν
729 4364 875 4434 αὐτῷ
898 4363 966 4417 τὰ
998 4363 1246 4433 ὄμματα,
1278 4359 1372 4413 καὶ
1404 4359 1498 4429 τῆς
1535 4357 1671 4419 ἰδίας
1717 4356 1814 4426 λή-

1915 550 2256 617 permiscuit.

1989 641 2244 706 Τούτους
2296 642 2778 710 τελευτήσαντας
2822 642 3174 712 διαδέχεται.
3228 645 3498 700 Constan-

1915 732 2030 786 tino
2073 731 2367 787 Chronicon
2414 732 2635 787 Eusebii
2675 735 2768 788 dat
2809 750 2980 789 annos
3023 751 3162 802 xxx,
3190 751 3404 792 menses
3440 753 3495 790 x.

1912 823 1981 876 At
2005 823 2146 876 idem
2177 822 2446 878 Eusebius
2470 823 2564 876 lib.
2601 839 2653 877 IV
2688 823 2761 877 De
2791 825 2896 878 vita
2919 824 3282 890 Constantini,
3311 841 3364 882 c.
3393 829 3463 882 55
3482 867 3497 890 ,

1913 913 1990 966 ait
2011 914 2312 982 imperasse
2342 927 2516 966 annos
2545 928 2720 977 xxxii,
2750 915 2932 969 minus
2965 920 3156 984 paucis
3186 920 3490 974 mensibus:

1911 1001 2120 1056 vixisse
2147 1016 2280 1056 vero
2332 1002 2557 1071 duplum
2587 1009 2824 1071 tempus.
2867 1002 3123 1060 Socrates
3158 1014 3213 1060 et
3241 1006 3498 1063 Sozome-

1911 1107 2018 1146 nus
2065 1092 2352 1162 imperium
2391 1093 2550 1147 annis
2595 1108 2724 1147 xxxi
2787 1093 3091 1159 deﬁniunt,
3147 1097 3312 1150 vitam
3357 1113 3494 1152 va.

1914 1179 2281 1252 Hieronymus
2303 1181 2358 1235 in
2387 1182 2767 1251 supplemento
2796 1183 3009 1252 imperii
3043 1201 3191 1250 xxxi,
3224 1188 3350 1240 vita:
3370 1203 3495 1242 1.va

1912 1279 2203 1336 numerat,
2254 1273 2398 1342 quod
2443 1273 2805 1342 ex.Eutropio
2854 1275 3155 1329 transtulit.
3188 1275 3336 1330 Mors
3375 1277 3497 1345 ejus

1913 1361 2222 1417 indubitato
2262 1363 2579 1417 charactere
2627 1371 2866 1424 notatur,
2918 1376 3062 1416 anno
3093 1362 3297 1418 Christi
3356 1365 3492 1429 557,

1915 1455 2203 1508 undecimo
2229 1453 2458 1509 Kalend.
2487 1452 2658 1518 Junii,
2679 1455 2797 1524 ipso
2817 1454 2903 1508 die
2931 1452 3304 1518 Pentecostes,
3339 1457 3494 1525 cyclo

1915 1544 2049 1598 solis
2089 1560 2143 1610 x,
2183 1544 2364 1598 littera
2395 1542 2455 1609 Β,
2488 1543 2766 1598 Feliciano
2795 1554 2848 1597 et
2880 1542 3100 1598 Titiano
3146 1558 3292 1598 coss.
3339 1544 3496 1599 Errat

1912 1649 2044 1688 vero
2075 1634 2340 1706 Scaliger,
2373 1637 2465 1704 qui
2501 1635 2840 1688 tricesimum
2871 1634 3122 1703 explesse
3162 1642 3358 1704 negat;
3401 1635 3496 1689 sed

1915 1738 2090 1782 annos
2130 1727 2335 1780 solidos
2375 1727 2641 1780 duntaxat
2675 1726 2974 1794 imperasse
2999 1741 3151 1790 χχιχ,
3186 1741 3309 1778 cum
3344 1742 3496 1780 men-

1834 1798 1877 1852 B
1912 1818 2065 1873 sibus
2097 1834 2190 1882 vn,
2219 1817 2413 1873 diebus
2434 1834 2629 1880 xxviii,
2657 1833 2725 1871 ex
2759 1831 2810 1871 a.
2842 1818 2897 1871 d.
2925 1833 3018 1870 Vlll
3049 1816 3168 1870 Kal.
3203 1816 3324 1871 Oct.
3360 1817 3494 1886 Ejus

1909 1922 2040 1962 vero
2079 1908 2298 1962 initium
2345 1909 2540 1964 statuit
2573 1908 2628 1961 in
2672 1922 2816 1960 anno
2853 1907 3057 1961 Christi
3103 1907 3227 1961 507.
3279 1907 3398 1972 Quo
3426 1925 3494 1962 ex

1908 2015 2096 2055 errore
2119 2001 2302 2055 caeteri
2327 2000 2608 2071 propagati
2634 2009 2761 2053 sunt
2783 1999 2851 2054 de
2873 1998 3232 2053 indictionum
3259 1999 3492 2068 origine,

1909 2090 2085 2158 deque
2111 2088 2342 2145 Nicaanae
2364 2090 2557 2160 synodi
2588 2096 2855 2158 tempore,
2879 2103 2998 2157 quae
3025 2098 3153 2142 sunt
3176 2088 3316 2158 apud
3342 2089 3494 2143 illum
3535 2091 3546 2102 '

1910 2179 2399 2249 depravatissima;
2447 2194 2572 2232 nam
2616 2187 2670 2233 et
2705 2178 2982 2232 Niemnum
3013 2178 3308 2232 concilium
3345 2179 3492 2232 cele-

1910 2270 2125 2323 bratum
2157 2279 2375 2325 constat
2406 2285 2551 2323 anno
2572 2270 2771 2323 Christi
2791 2270 2916 2331 525,
2946 2269 3170 2322 Paulino
3195 2279 3246 2322 et
3273 2267 3494 2324 Juliano

1909 2372 2080 2422 coss.,
2112 2368 2167 2413 et
2187 2359 2377 2413 eodem
2406 2373 2572 2422 anno,
2606 2359 2822 2426 expleto
2848 2359 3107 2412 vicesimo
3139 2373 3305 2423 anno,
3343 2359 3494 2412 Con-

1911 2451 2212 2504 stantinum
2243 2449 2527 2503 Viennalia
2576 2449 2904 2503 celebrasse.
2957 2449 3111 2512 Quod
3148 2463 3492 2517 nequaquam

1911 2539 2227 2604 accidisset,
2277 2540 2324 2595 si
2369 2554 2514 2594 anno
2557 2539 2776 2595 demum
2823 2538 3024 2593 Christi
3068 2537 3174 2592 507
3215 2539 3492 2608 coepisset.

1913 2629 2171 2682 Socrates
2219 2639 2494 2684 mortuum
2552 2629 2972 2684 Constantinum
3013 2642 3136 2684 esse
3175 2629 3308 2682 dicit
3350 2643 3495 2682 anno

1913 2719 2158 2773 secundo
2188 2720 2294 2774 278
2334 2720 2710 2791 Olympiadis;
2748 2720 3132 2775 Constantium
3173 2735 3303 2774 vero
3331 2718 3494 2773 Chlo-

1913 2824 2034 2863 rum
2066 2810 2273 2865 obiisse
2311 2825 2456 2863 anno
2486 2812 2665 2880 primo
2691 2809 2906 2880 Olymp.
2938 2810 3065 2872 271,
3096 2808 3228 2862 Julii
3261 2826 3388 2863 xxv.
3427 2809 3490 2862 Ut
3555 2869 3559 2874 η

1914 2898 2080 2967 igitur
2117 2899 2338 2952 ineunte
2378 2897 2698 2968 Olympiade
2742 2898 2843 2950 2'“
2892 2896 3283 2952 Constantinus
3332 2897 3479 2965 impe-

1915 2991 2056 3044 rium
2089 2992 2318 3060 ceperit,
2365 3005 2490 3043 cum
2533 2995 2767 3044 exeunte
2809 3002 2953 3042 anno
2989 2988 3233 3042 secundo
3276 2985 3492 3056 Olymp.

1914 3081 2022 3135 278
2063 3090 2317 3134 mortuus
2360 3081 2453 3142 sit,
2497 3079 2741 3134 nondum
2785 3086 2893 3132 χχχ
2943 3091 3118 3132 annos
3162 3077 3492 3145 expleverat.

1915 3171 2080 3241 Atqui
2129 3186 2258 3224 χχχι
2295 3168 2552 3224 Socrates
2598 3168 2868 3222 attribuit.
2899 3165 3060 3220 Falso
3106 3165 3271 3234 igitur
3310 3163 3492 3234 Olym-

1917 3264 2094 3334 piadis
2135 3262 2239 3315 278
2278 3277 2421 3314 .nno
2469 3261 2710 3316 secundo
2755 3259 2964 3314 obitum
3017 3256 3136 3324 ejus
3181 3254 3492 3323 consignat.

1912 3357 2072 3410 Anno
2105 3354 2306 3408 Christi
2357 3353 2481 3416 557,
2521 3353 2634 3406 sive
2671 3366 2790 3421 per.
2815 3347 2924 3402 Jul.
2960 3346 3119 3410 5050,
3153 3346 3272 3399 iniit
3316 3360 3492 3398 anuus

1914 3444 2073 3515 lphiti
2115 3444 2278 3507 1115,
2329 3444 2444 3498 sive
2488 3439 2702 3511 Olymp.
2740 3439 2846 3492 279
2896 3437 3107 3506 primus
3163 3444 3290 3489 ante
3332 3449 3492 3503 quem

1913 3545 2166 3591 mortuus
2211 3545 2294 3591 est
2333 3533 2750 3593 Constantinus,
2779 3537 3011 3585 exeunte
3047 3537 3241 3598 quarto
3277 3525 3492 3597 Olymp.

1910 3627 2041 3682 278.
2075 3625 2196 3681 Jam
2245 3641 2373 3680 vero
2410 3625 2454 3680 si
2487 3639 2550 3681 ex
2605 3620 2822 3676 Eusebii
2869 3619 3160 3682 sententia,
3195 3633 3316 3686 quae
3358 3632 3491 3687 pra:-

1913 3720 2142 3775 l'erenda
2175 3718 2400 3787 reliquis
2433 3714 2664 3778 videtur,
2701 3710 3100 3765 Constantinus
3129 3723 3278 3761 xxxu
3313 3722 3492 3763 annos

1911 3813 2107 3884 paucis
2127 3810 2374 3878 exceptis
2404 3805 2710 3868 mensibus,
2737 3801 3066 3872 impleverit,
3095 3801 3231 3854 adeo
3257 3812 3315 3853 ut
3346 3800 3492 3854 vice~

1913 3905 2088 3959 simus
2117 3901 2314 3956 tertius
2347 3899 2466 3967 ejus
2492 3895 2839 3948 inchoandus
2866 3893 3032 3947 fuerit
3061 3906 3206 3945 anno
3247 3891 3339 3943 illo
3366 3889 3493 3954 5'57,

1912 4008 2021 4063 quo
2062 3999 2312 4044 mortuus
2341 3997 2441 4049 est,
2479 3999 2824 4053 consequens
2855 3990 2961 4044 est,
2998 3997 3201 4034 annum
3239 3981 3360 4048 ejus
3390 3981 3506 4049 pri-

1913 4095 2061 4134 mum
2093 4078 2290 4132 cadere
2334 4077 2388 4128 in
2425 4089 2626 4126 annum
2656 4071 2863 4127 Christi
2897 4072 3022 4134 305,
3062 4085 3170 4140 quo
3200 4087 3266 4124 ex
3301 4071 3492 4128 diebus

1913 4169 2118 4224 aestivis
2170 4166 2333 4234 coepit
2384 4178 2560 4218 annus
2610 4163 2820 4231 primus
2868 4160 3208 4230 Olympiadis
3255 4160 3393 4227 271;
3435 4162 3490 4215 in

1913 4274 2072 4331 quem
2110 4255 2361 4310 Socrates
2392 4252 2698 4306 Constantii
2739 4250 2922 4305 Chlori
2968 4257 3198 4302 mortem
3227 4249 3487 4304 contulit.

1914 4348 2281 4418 Panegyricus
2315 4343 2644 4398 Maximiano
2664 4350 2715 4397 et
2737 4341 3103 4396 Constantino
3137 4340 3400 4409 Augustis
3425 4341 3491 4394 ab

235 4431 370 4524 iam;
395 4431 762 4523 άποπεσίόντα,
809 4431 983 4527 nﬁpr
1013 4431 1178 4506 ac;sz
1216 4452 1461 4522 ἀφίησιν.
1514 4447 1672 4501 Haud
1703 4445 1809 4500 du-

1916 4443 2127 4496 incerto
2183 4445 2408 4491 auctore
2464 4437 2644 4491 dictus
2695 4433 2988 4504 signiﬁcat,
3047 4431 3490 4491 Constantinum,

235 4551 323 4603 hia
367 4551 533 4621 igitur
577 4547 868 4619 Epiphanii
921 4553 1006 4601 est
1059 4543 1448 4605 hallucinatio,
1503 4541 1595 4610 qui
1641 4537 1810 4592 Maxi-

235 4643 420 4696 miano
453 4641 771 4696 Diocletiani
794 4638 1034 4708 collegae,
1056 4637 1160 4691 hoc
1192 4641 1294 4694 est,
1331 4632 1583 4688 Herculio
1618 4629 1809 4684 tribuit

234 4747 355 4802 quae
405 4732 700 4786 Maximino
751 4731 909 4783 Dazre
957 4727 1160 4782 Galerii
1218 4722 1550 4778 Armentarii
1601 4720 1808 4776 sororis

235 4826 346 4880 lilio
387 4825 758 4893 contigerunt.
792 4820 918 4876 Haec
945 4835 1011 4874 ex
1053 4816 1288 4880 Victore,
1326 4814 1573 4878 Zosimo,
1611 4811 1809 4865 Eutro-

235 4918 347 4986 pio,
389 4915 626 4970 Eusebio
656 4913 888 4981 aliisque
921 4910 1260 4980 collegimus.

304 5005 980 5076 ΚαταλείψαςΛικίν-ιον
1021 5002 1120 5056 καὶ
1161 4997 1600 5054 Κωνστάντιον.
1643 4991 1809 5062 Atqui

191 5120 197 5128 ·
235 5099 616 5154 Constantium
660 5110 783 5149 cum
847 5092 1183 5146 Diocletiano
1228 5095 1280 5143 et
1331 5085 1661 5139 Maximiano
1709 5095 1809 5134 xm

237 5204 410 5243 annos
456 5189 760 5257 imperasse
794 5183 1021 5237 dixerat.
1060 5177 1218 5244 Quod
1261 5185 1320 5230 ut
1355 5175 1577 5228 minime
1621 5184 1809 5226 verum

237 5289 341 5346 est,
377 5281 449 5332 ita
483 5278 677 5331 falsum
719 5272 908 5326 ambos
929 5271 1052 5323 illos
1075 5264 1556 5336 οὺαιτρανίσανταις
1589 5273 1812 5314 succes-

239 5387 388 5426 sores
433 5367 721 5439 reliquisse
777 5361 1048 5416 Licinium
1108 5365 1162 5413 et
1211 5355 1629 5417 Constantium;
1684 5363 1810 5403 nam

238 5462 618 5518 Constantium
666 5456 927 5511 Chlorum
996 5458 1050 5506 et
1093 5447 1372 5502 Galerium
1422 5441 1811 5496 Maximianum

240 5553 340 5607 sibi
377 5551 778 5605 substituerunt
807 5564 819 5599 :
849 5541 1094 5598 Licinius
1121 5544 1310 5608 postea
1340 5549 1368 5588 a
1399 5533 1616 5589 Galerio
1640 5530 1813 5584 Maxi-

241 5645 422 5698 miano
473 5641 656 5696 Caasar
694 5639 871 5693 iactus
918 5649 1044 5690 cum
1105 5627 1470 5686 Constantino
1523 5624 1809 5694 imperium

240 5733 430 5796 tenuit.
476 5746 600 5787 cum
649 5744 820 5800 eoque
857 5742 887 5781 a
933 5723 1201 5781 moriente
1242 5715 1542 5774 Maximino
1584 5715 1811 5770 relictus

1913 4545 2036 4586 cum
2067 4529 2122 4581 in
2153 4526 2432 4580 Britannia
2463 4534 2678 4578 mortuo
2719 4531 2873 4594 patre
2907 4522 3192 4592 imperium
3219 4527 3365 4575 esset
3395 4519 3490 4572 ad-

1910 4629 2090 4692 eptus,
2125 4617 2358 4674 Cmsaris
2392 4616 2754 4687 appellatione
2807 4622 3143 4680 contentum,
3175 4612 3400 4682 Augusti
3441 4620 3490 4664 et

1910 4713 2244 4782 imperatoris
2268 4710 2602 4765 abstinuisse
2629 4708 2872 4771 nomine,
2905 4707 3080 4761 donec
3103 4721 3132 4758 a
3158 4703 3490 4758 Maximiano

1911 4820 2082 4876 gener
2110 4803 2338 4863 ascitus,
2367 4816 2472 4853 una
2501 4807 2556 4855 et
2587 4797 2813 4867 Augusti
2837 4810 3034 4850 nomen
3058 4794 3345 4848 obtineret.
3384 4790 3488 4846 Cu-

1911 4898 2016 4962 ius,
2068 4894 2266 4965 inquit,
2314 4902 2464 4946 tanta
2504 4892 2788 4945 maturitas
2820 4897 2926 4954 est,
2955 4896 3014 4941 ut
3048 4903 3167 4941 cum
3208 4886 3302 4938 tibi
3343 4895 3489 4954 pater

1910 4989 2191 5057 imperium
2238 4985 2572 5054 reliquisset,
2621 4980 2850 5038 Cwsaris
2913 4988 3084 5032 tamen
3138 4976 3490 5047 appellatione

1912 5087 2203 5141 contentus,
2237 5085 2538 5148 exspectare
2566 5074 2838 5132 malueris,
2868 5083 2925 5124 ut
2948 5071 3168 5135 idemtc,
3199 5069 3289 5140 qui
3314 5068 3484 5132 illum,

1911 5170 2207 5224 declararet
2234 5170 2547 5237 Augustum.
2580 5164 2736 5230 Quod
2771 5163 2944 5216 altero
2969 5175 3112 5214 anno
3131 5159 3495 5214 ab‘Constan-

1914 5263 1973 5315 tii
2010 5269 2186 5314 morte
2215 5258 2463 5326 contigit.
2496 5256 2575 5308 Ex
2608 5269 2718 5324 quo
2752 5252 2953 5321 duplex
2986 5248 3330 5304 Constantini
3358 5263 3500 5302 con-

1915 5351 2087 5419 surgit
2111 5348 2349 5402 initium.
2375 5345 2740 5412 Quamobrem
2771 5341 3068 5398 verisimile
3096 5345 3200 5402 est,
3223 5338 3495 5392 Constan-

1915 5441 2050 5494 tium
2095 5439 2356 5492 Chiorum
2403 5436 2708 5491 decessisse
2757 5449 2904 5488 anno
2945 5430 3148 5486 Christi
3179 5430 3302 5490 505,
3346 5441 3494 5479 anno

1913 5533 2092 5602 primo
2122 5532 2341 5585 ineunte
2368 5529 2584 5599 Olymp.
2611 5527 2740 5590 27l,
2777 5533 2836 5579 ut
2869 5523 3062 5578 scribit
3101 5520 3386 5576 Socrates;
3425 5528 3488 5566 ac

1914 5629 2029 5676 tum
2063 5619 2490 5675 Constantinum
2527 5632 2556 5670 a
2586 5616 2849 5670 militibus
2881 5613 3183 5679 Augustum
3213 5611 3267 5658 et
3314 5605 3486 5671 impe-

1917 5723 2152 5770 ratorem
2173 5713 2530 5768 acclamatum
2557 5705 2891 5765 abstinuisse
2921 5709 3101 5756 tamen
3159 5695 3358 5754 summi
3387 5694 3490 5750 im—
