3978 6220
443 332 550 391 5ἲο

1537 317 1881 377 APPEXDIX
1920 308 2550 374 DlSSERTATlONUM.

3589 307 3714 365 580

443 445 580 515 perii
607 443 804 509 titulis,
846 441 1020 496 donec
1046 451 1193 493 anno
1223 441 1598 506 consequente
1630 450 1660 489 a
1682 432 2013 489 Maximiano
2044 436 2090 496 Α
2118 431 2197 502 git
2248 442 2437 487 eorum
2477 428 2893 515 imperatorum,
2934 425 3030 497 qui
3054 440 3085 515 a
3108 421 3475 480 Constantino
3508 438 3715 492 magno

439 541 768 590 consecutus
793 541 896 586 est.
923 529 1002 582 Ex
1020 543 1130 598 quo
1150 526 1354 581 factum
1380 532 1658 596 putamus,
1681 532 1740 578 ut
1755 524 1847 578 alii
1871 538 2039 579 sub-

442 625 535 679 alii
554 638 705 677 xxxii
730 634 903 674 annos
923 616 1284 673 Constantino
1310 615 1625 671 tribuerint.
1654 614 1734 670 Ac
1749 610 2018 683 proiecto,

440 713 507 776 si,
535 721 591 765 ut
612 708 880 764 Eusebius
905 704 1160 770 aliirmat,
1192 717 1372 758 annus
1391 702 1605 773 imperii
1629 717 1829 766 xxxiii,
1856 701 2022 757 Chri-

437 803 504 855 sti
537 797 920 854 trecentesimo
958 794 1241 849 tricesimo
1269 802 1466 848 octavo
1515 793 1859 849 inchoandus
1897 793 2017 858 fuit,

440 891 551 950 ﬁeri
583 905 687 943 non
727 897 925 957 potest,
959 887 1091 956 quin
1132 901 1275 939 anno
1306 885 1413 940 305
1439 885 1838 941 Constantinus
1880 884 2018 940 inie-

440 980 528 1033 rit.
547 979 644 1033 Hic
659 980 845 1033 nescio
860 993 981 1047 quae
1000 978 1067 1031 de
1089 976 1280 1031 lustris
1307 973 1542 1030 Julianis
1561 975 1867 1029 hariolatur
1891 973 2023 1027 Sca-

438 1070 570 1139 ligor
589 1085 605 1134 ;
626 1084 747 1139 quae
770 1067 1149 1138 Ozympiadum
1169 1066 1389 1121 nomine
1405 1066 1618 1121 censeri
1640 1081 1762 1119 cum
1781 1067 1851 1119 ab
1876 1065 2017 1127 aliis,

435 1166 551 1211 tum
586 1174 616 1211 a
646 1158 872 1212 Socrate
904 1156 1165 1211 somniat.
1202 1155 1361 1222 Quod
1397 1171 1499 1211 suo
1532 1156 1652 1211 loco
1672 1155 2018 1210 refutabitur.

508 1252 894 1314 Κώνσταντα,
943 1251 1039 1305 καὶ
1082 1248 1523 1305 Κωνστὰντιον.
1557 1247 1907 1303 Constantini
1951 1247 2021 1299 li-

439 1342 698 1397 berorum
749 1341 1008 1395 minuimus
1060 1347 1193 1393 natu
1252 1336 1354 1391 fuit
1401 1336 1696 1402 Constans,
1751 1326 2021 1391 maximus
2064 1362 2069 1369 -

440 1431 856 1494 Constantinus,
890 1429 1105 1485 medius
1130 1427 1508 1484 Constantius.

509 1521 641 1585 Υἱὸς
684 1518 1206 1573 Οὐαλεντινιανοῦ.
1245 1516 1363 1572 Νοιι
1394 1517 1561 1571 dubia
1590 1522 1674 1571 est
1703 1514 2020 1583 conjectura

443 1619 651 1675 nostra,
692 1624 855 1678 quam
885 1609 950 1663 ad
974 1622 1126 1662 oram
1158 1608 1535 1676 ascripsimus,
1566 1604 1851 1675 legendum
1868 1603 2017 1657 ἀδελ-

448 1701 562 1769 φός,
610 1712 713 1769 pro
758 1697 854 1751 τοῦ
908 1695 1170 1766 ἀδελφοῦ,
1229 1697 1334 1753 nisi
1390 1696 1529 1751 forte
1575 1711 1674 1765 pro
1719 1692 2017 1766 Γρατιανοῦ

446 1788 882 1844 substituendum
938 1789 1030 1850 sit,
1069 1787 1388 1850 Οὐάλεντος.
1429 1784 1556 1840 Fuit
1589 1786 1735 1839 enim
1771 1783 2017 1839 Valenti-

451 1879 640 1933 nianus
689 1876 882 1931 Junior
930 1875 1175 1930 Gratiani
1210 1875 1408 1938 frater;
1450 1874 1646 1930 Senior
1676 1881 1857 1928 autem
1905 1872 2016 1928 Va.

446 1968 627 2023 tentis.
678 1966 782 2022 Sed
833 1969 1201 2037 perobscurus
1252 1967 1475 2038 quidam
1530 1968 1685 2021 locus
1738 1973 1823 2021 est
1874 1964 2019 2035 apud

444 2056 825 2116 ’l‘hemistium.
867 2058 1115 2113 oratione
1160 2058 1249 2122 ll,
1280 2071 1444 2127 quam
1480 2055 1672 2109 habuit
1712 2055 1770 2107 in
1808 2053 2020 2107 laudem

455 2145 811 2200 Valentiniani
840 2145 1082 2200 lenioris
1127 2161 1252 2201 cum
1300 2147 1644 2202 consulatum
1690 2146 1923 2207 iniisset,
1963 2145 2018 2198 in

443 2252 554 2305 quo
608 2235 873 2305 collegam
925 2236 1118 2291 habuit
1150 2236 1429 2290 Aurelium
1459 2234 1750 2289 Victorem.
1798 2232 1916 2299 Qua
1961 2235 2015 2288 in

443 2329 714 2392 oratione,
743 2344 866 2398 pag.
896 2328 1023 2393 26!,
1059 2329 1320 2383 nonnulla
1355 2329 1550 2398 injicit,
1582 2329 1781 2398 quibus
1811 2329 2018 2398 signiﬁ-

444 2432 572 2471 care
591 2418 826 2481 videtur,
856 2416 1295 2472 Valentinianum
1319 2417 1600 2473 Juniorcm
1625 2417 1870 2474 Valentis
1891 2434 2017 2475 esse

447 2508 613 2562 ﬁlium
635 2518 690 2563 et
710 2507 1071 2563 Valentiniani
1102 2510 1421 2578 patruelem.
1458 2509 1595 2564 Vide
1618 2526 1741 2580 qua:
1767 2510 1833 2565 ad
1862 2511 2015 2565 illum

447 2599 622 2652 locum
653 2601 1034 2656 annotavimus
1057 2601 1181 2670 :qui
1208 2602 1452 2671 profecto
1475 2602 1637 2656 etiam
1668 2611 1831 2673 atque
1852 2603 2015 2658 etiam

445 2690 881 2745 considerandus
924 2702 1033 2745 est.

515 2775 627 2833 ⁷ον
660 2780 730 2833 τὰ
764 2780 865 2846 ἐτη
894 2780 1066 2850 μέχρι
1093 2781 1203 2849 τῆς
1228 2782 1551 2850 Ἀρκαδίου.
1590 2784 1775 2839 Annos
1811 2784 2014 2838 intelli-

505 2932 672 2947 ..α’-ιιι..
689 2937 825 2946 “.—

2124 521 2196 576 ad
2224 534 2415 576 necem
2449 534 2625 589 usque
2652 506 3022 574 Valentiniani
3053 514 3300 571 Junioris
3348 516 3714 569 exstiterunt.

2121 610 2181 665 In
2204 625 2315 681 quo
2349 624 2458 665 uno
2484 623 2630 664 anno
2652 609 2844 665 saltem
2868 608 3119 662 calculus
3144 606 3383 660 aberrat.
3408 603 3529 657 Non
3558 605 3717 659 enim

2122 701 2252 755 anni
2290 715 2425 766 Lvu,
2457 700 2553 757 sed
2588 714 2679 753 LVI
2721 699 2792 755 ab
2830 698 2984 753 obitu
3029 696 3373 752 Constantini
3408 710 3717 749 numeran-

2123 802 2230 847 tur.
2262 792 2475 848 Etenim
2506 807 2685 847 annus
2712 791 2825 855 ille,
2856 804 2967 860 quo
2992 788 3411 844 Valentinianus
3435 790 3504 840 ah
3526 788 3717 840 Arbo-

2120 892 2272 953 gaste
2326 888 2555 937 necatus
2595 889 2702 944 est,
2755 880 2959 935 dubius
2992 893 3116 934 esse
3164 894 3275 932 non
3308 887 3531 948 potest,
3579 894 3714 931 cum

2121 980 2233 1026 tam
2268 971 2465 1041 insigni
2503 971 2819 1025 charactere
2848 979 3089 1023 notetur.
3131 968 3255 1022 Fuit
3284 969 3431 1021 enim
3466 969 3521 1019 in
3555 982 3711 1020 anno

2121 1061 2216 1115 illo
2245 1061 2525 1115 Dominica
2554 1059 2915 1115 Pentecostes
2943 1058 3069 1113 Maii
3100 1073 3217 1113 xvi.
3252 1056 3489 1112 Proinde
3516 1057 3715 1109 littera

2125 1149 2393 1205 Dominic.
2441 1149 2504 1205 C.
2552 1149 2762 1204 Pascha
2792 1163 2927 1204 vero
2966 1149 3418 1218 quinquagesimo
3452 1155 3583 1201 ante
3616 1147 3717 1199 die

2121 1239 2298 1294 Martii
2339 1254 2535 1295 xxvm.
2580 1239 2753 1310 Igitur
2791 1238 2982 1309 cyclus
3030 1237 3134 1292 fuit.
3190 1239 3334 1291 luna:
3373 1251 3502 1298 xm,
3556 1250 3715 1287 anno

2119 1331 2324 1387 Christi
2361 1330 2490 1397 392,
2520 1331 2673 1401 cyclo
2703 1331 2838 1386 solis
2866 1345 2943 1383 ix.
2972 1326 3091 1382 Jam
3125 1341 3258 1382 vero
3291 1327 3526 1379 moritur
3562 1327 3717 1378 (Zon-

2121 1421 2394 1478 stantinus
2432 1435 2579 1475 anno
2611 1420 2824 1476 Christi
2853 1420 2979 1484 337,
3015 1427 3075 1473 ut
3102 1418 3264 1487 paqu
3298 1424 3426 1472 ante
3451 1417 3713 1472 declara-

2119 1520 2235 1566 tum
2282 1518 2385 1567 est.
2447 1510 2506 1565 Si
2551 1510 2622 1567 ab
2661 1510 2822 1566 annis
2868 1509 2976 1567 592
3024 1509 3266 1565 deducas
3313 1508 3454 1575 556,
3504 1507 3715 1577 reliqui

2119 1611 2282 1660 erunt
2312 1603 2403 1658 56.

2191 1692 2357 1748 Κατὰ
2402 1692 2473 1747 δὲ
2522 1692 2833 1760 Ἕλληνας
2879 1690 3269 1760 Ἀρτεμισίου.
3320 1689 3381 1744 Si
3425 1689 3713 1743 Artemisii

2125 1800 2257 1839 mn
2304 1785 2423 1840 dies
2469 1791 2555 1840 est
2601 1783 2727 1838 Maii
2775 1781 2975 1836 Juliani
3010 1797 3120 1847 xw,
3169 1781 3336 1851 coepit
3369 1781 3713 1836 Artentisins

2121 1876 2322 1946 Aprilis
2356 1892 2502 1931 xxxv.
2538 1875 2617 1929 Ac
2662 1882 2778 1929 tum
2840 1889 2980 1929 nova
3027 1859 3082 1927 et
3135 1873 3377 1927 inaudita
3427 1873 3708 1927 mensium

2121 1967 2408 2038 dispositio
2438 1976 2725 2033 nascetur;
2758 1982 2881 2021 nam
2918 1965 3175 2037 Ἕλληνες
3217 1971 3344 2020 sunt
3376 1962 3711 2034 Syromace-

2120 2060 2289 2116 dones
2310 2065 2366 2114 et
2386 2058 2732 2113 Antiocheni.
2755 2058 2998 2123 Quorum
3053 2072 3267 2110 menses
3310 2071 3462 2111 mere
3492 2054 3707 2109 Juliani

2121 2158 2269 2217 sunt,
2304 2148 2512 2205 Graecis
2541 2149 2857 2204 nominibus
2886 2147 3162 2217 appellati.
3199 2145 3403 2200 Horum
3436 2162 3567 2201 vero
3596 2149 3709 2199 Ar-

2120 2240 2375 2298 temisius
2426 2239 2568 2293 idem
2613 2244 2699 2293 est
2747 2253 2872 2294 cum
2902 2237 3067 2292 Maio.
3103 2236 3283 2302 Quare
3316 2252 3403 2289 xvn
3448 2235 3575 2289 Maii
3618 2245 3711 2290 est

2120 2329 2396 2386 Artemisil
2425 2330 2738 2385 Graecorum
2763 2328 2883 2384 sive
2930 2325 3194 2398 Syrorum
3218 2341 3303 2380 xvi
3333 2342 3348 2390 ;
3379 2325 3544 2393 idque
3574 2324 3706 2393 Epi-

2121 2422 2323 2491 phanio
2359 2421 2478 2490 ipso
2508 2419 2870 2490 sullragante,
2903 2428 2964 2474 ut
2999 2434 3066 2473 cx
3107 2418 3238 2472 hair.
3293 2416 3355 2472 51
3403 2417 3706 2481 Alogorum

2119 2498 2355 2569 constat.
2400 2510 2533 2566 Vide
2559 2526 2681 2581 qua:
2711 2510 2777 2564 ad
2813 2510 2964 2564 illum
2998 2511 3176 2565 locum
3221 2509 3500 2577 disputata
3546 2514 3705 2567 sunt,

2074 2599 2241 2674 'pag.
2292 2603 2416 2657 150.
2469 2601 2569 2655 Hic
2619 2602 2785 2672 igitur
2827 2614 2925 2670 pro
2974 2598 3135 2670 τρίτῃ
3188 2599 3280 2651 καὶ
3316 2597 3511 2656 εἰκάδι.
3580 2598 3706 2664 leg.

2116 2695 2252 2766 ἕκτῃ
2297 2695 2392 2747 aut
2427 2693 2646 2765 δεκάτῃ.
2682 2692 2757 2748 De
2782 2691 3151 2747 Valentiniani
3185 2706 3323 2746 nece
3361 2690 3710 2743 Baronianos

2117 2785 2348 2839 Annales
2370 2785 2616 2840 consule.

1261 3079 1443 3189 DE
1518 3076 1958 3192 FOLLE
2034 3077 2868 3192 MILIARENSI

941 3282 1085 3373 AC.
1150 3283 1864 3378 NUMMORUM
1928 3288 2499 3380 MINUTIIS
2570 3283 3190 3375 DIATBIBA.

1394 3480 1484 3545 (Cf.
1500 3464 1601 3532 lib.
1644 3482 1715 3533 De
1734 3482 1978 3535 mensuris
1998 3489 2044 3535 et
2063 3482 2237 3546 poni,
2260 3482 2357 3534 col.
2383 3482 2495 3544 285,
2517 3487 2621 3532 not.
2662 3480 2768 3543 86.)

2033 3609 2108 3624 .-

519 3662 756 3744 (bwlhg,
785 3656 819 3716 ὃ
858 3663 957 3743 κᾳὶ
987 3662 1500 3744 ταλᾴττιρν.η-Νοη
1529 3672 1612 3744 est
1643 3664 1786 3720 ullus
1821 3665 1967 3744 apud
1991 3667 2361 3744 Epiphaniuni
2393 3667 2766 3744 locus,_quem
2805 3667 3178 3744 vehementius
3217 3668 3417 3744 eruditi
3456 3663 3710 3727 homines

453 3735 796 3807 vexaverint,
819 3734 1019 3801 quique
1063 3734 1301 3807 vicissim
1332 3734 1452 3787 illos
1479 3735 1659 3807 acrius
1693 3734 1996 3807 exercuerit
2036 3734 2064 3791 ἰ
2095 3734 2201 3791 ἰω
2231 3737 2397 3790 variis
2447 3734 2639 3791 modis'
2660 3738 3017 3807 interpolatus
3066 3747 3230 3807 atque
3272 3739 3575 3806 explicatus
3600 3749 3704 3794 est.

450 3805 636 3878 Quatu_
647 3801 970 3878 opinionum
993 3802 1449 3878 varietatein__non_
1495 3803 1612 3870 ipsa
1641 3805 2136 3878 solum‘Epiphanii
2172 3807 2474 3878 verborum
2520 3801 2828 3860 obscuritas
2859 3808 3098 3876 peperit,
3143 3801 3253 3862 'sed
3297 3801 3458 3860 etiam
3499 3811 3573 3861 rei
3608 3824 3705 3878 per
3806 3828 3807 3831 η

451 3887 574 3953 sese
606 3869 892 3953 dilllcultas
913 3892 931 3953 ε.
957 3873 1101 3953 quod
1144 3869 1213 3925 de
1251 3873 1374 3953 folle
1401 3869 1613 3953 diversa
1646 3869 2037 3953 admodum-in
2072 3877 2421 3953 antiquorum
2471 3879 2836 3953 monumentis
2860 3869 3125 3953 ett-pressa
3155 3878 3420 3945 legantur.
3462 3879 3541 3930 Ac
3571 3869 3702 3932 inihi

454 3942 613 4020 vulgo
646 3942 892 4021 vocabuli
920 3943 1081 3995 istius
1114 3942 1416 4021 proprietas
1448 3943 1587 4020 haud
1617 3943 1749 3996 satis
1781 3948 2060 4021 cupierata
2112 3942 2360 4021 videtur;
2389 3955 2615 4021 _et_cuui_
2645 3947 2696 4021 ιιι
2734 3961 2853 4000 eam
2890 3942 3318 4021 investigandum
3351 3951 3511 4021 paulo
3537 3963 3703 4021 actin-

449 4013 624 4064 ratius
654 4012 1042 4070 incubuissent.
1097 4013 1358 4085 nonnulla
1395 4012 1565 4085 reperi
1596 4026 1755 4065 secus
1784 4013 1851 4065 ab
1881 4014 2057 4085 doctis
2084 4022 2138 4069 et
2170 4014 2435 4070 studiosis
2474 4014 2784 4069 hominibus
2820 4012 3320 4085 explicatzi,_qu:tin
3351 4012 3553 4069 veritas
3585 4017 3700 4085 ipsa

447 4087 501 4132 et
533 4088 816 4154 auctorum
861 4081 1455 4154 Veterum_testimunia
1507 4089 1836 4154 paterentur.
1878 4083 2151 4147 Quocirca
2201 4092 2417 4154 utnnon
2466 4085 2591 4138 huic
2615 4094 2825 4137 tantum
2858 4081 3209 4139 illustrando"
3234 4087 3486 4154 scriptori
3538 4081 3700 4154 opera

447 4158 633 4224 nostra
673 4152 893 4224 serviat.
944 4150 1037 4224 sed
1067 4149 1500 4224 ad__conununem
1533 4150 1823 4204 utilitatem
1864 4167 1985 4206 sese
2015 4153 2176 4206 latius
2216 4151 2476 4219 eﬂutidat,
2534 4155 2711 4224 visum
2749 4163 2832 4208 est
2865 4169 2971 4208 non
3014 4155 3111 4207 abs
3138 4170 3195 4209 re
3225 4149 3363 4220 fore:
3396 4156 3440 4209 si
3477 4149 3599 4224 quae
3634 4157 3702 4210 de

446 4219 1066 4299 [allelucuhrationihus
1097 4220 1301 4287 aliquot
1347 4227 1742 4299 commentatus
1783 4232 2081 4299 essetn,_ea
2118 4225 2521 4299 opportunitate
2558 4224 2659 4299 lori
2687 4222 2849 4299 hujus
2870 4225 3150 4299 inductus,
3175 4224 3453 4294 copiosius
3488 4219 3551 4278 ac
3580 4224 3701 4277 dili-

447 4289 662 4367 gentius
705 4304 1063 4367 exponerem;
1107 4305 1228 4366 _non
1284 4290 1427 4367 enim
1493 4287 1768 4354 pueriliter
1805 4291 2100 4350 arcessita,
2135 4287 2692 4367 iisqueemhtematis
2734 4287 3019 4367 instar_ad
3064 4287 3314 4367 pompam
3360 4296 3563 4360 illigata
3599 4297 3702 4347 erit

447 4358 550 4430 ista
584 4355 914 4430 disputatio,
948 4355 1043 4410 sed
1072 4356 1335 4423 ejusmodi
1362 4397 1377 4420 ,
1408 4370 1525 4430 qua)
1557 4367 1925 4430 proponentur
1945 4396 1959 4420 ,
1993 4366 2152 4411 erunt
2180 4355 2363 4430 ciuilia
2385 4400 2399 4421 ,
2445 4369 2501 4413 ut
2531 4364 2623 4429 qui
2658 4377 2721 4414 ea
2756 4377 2879 4414 cum
2916 4355 3209 4430 Epiphanii
3236 4363 3418 4416 verbis
3443 4355 3702 4418 conferre

450 4425 710 4487 voluerit,
744 4427 1018 4501 breviores
1062 4439 1184 4501 esse
1236 4440 1341 4501 nos
1386 4426 1605 4477 minime
1637 4425 1943 4501 oportuisse
1973 4428 2281 4501 _concedat._
2330 4429 2492 4501 Nobis
2541 4425 2668 4501 vero
2703 4430 2759 4485 in
2797 4432 2922 4501 ipso
2955 4425 3161 4501 operis,
3183 4432 3329 4485 exitu
3366 4447 3431 4484 eo
3465 4432 3702 4487 alacrius

449 4505 758 4614 postremus
787 4494 874 4546 hic
907 4494 1245 4615 superandus
1277 4494 1427 4547 labor
1449 4533 1463 4559 ,
1505 4506 1633 4563 quo.
1646 4493 1759 4562 jam
1793 4495 1939 4549 velut
1971 4495 2129 4564 longa
2163 4498 2507 4567 navigatione
2540 4493 2846 4567 perfuncti,
2899 4493 3120 4569 propius
3144 4500 3260 4567 jam
3291 4511 3491 4554 terram
3526 4503 3699 4570 ipsam

450 4579 549 4615 nor
578 4578 774 4615 nmuue
807 4577 908 4615 con
942 4578 1149 4615 ueinur.

449 4577 787 4632 portumun
807 4577 1149 4632 continemur.

519 4630 795 4712 Quidquid
847 4632 1010 4700 igitur
1051 4630 1118 4684 de
1157 4630 1280 4712 folle
1312 4630 1379 4682 ah
1413 4630 1651 4712 antiquis
1688 4631 1968 4712 proditum.
2012 4640 2066 4686 et
2126 4633 2211 4712 ab.
2229 4637 2625 4712 recentioribus
2652 4638 2970 4692 adnotatum
3005 4645 3119 4703 est,
3174 4637 3240 4712 id
3279 4637 3343 4691 ad
3393 4637 3501 4712 duo
3534 4637 3701 4691 ferme

447 4704 623 4770 capita
665 4698 990 4780 revocatur;
1030 4715 1154 4753 nam
1193 4709 1286 4753 aut
1327 4698 1633 4780 ποσρτηξα,
1690 4698 1807 4780 sive
1845 4701 2010 4771 ὁλκήν
2049 4724 2054 4751 ‹

2150 4703 2434 4780 ἄθροισμα
2470 4709 2688 4780 hocest
2741 4722 3008 4780 summam
3050 4698 3293 4775 pecuniae
3341 4710 3423 4761 vel
3464 4712 3699 4776 pondus,

448 4768 542 4823 aut
574 4778 782 4825 certum
813 4772 1047 4839 aliquem
1087 4784 1371 4823 nummum
1397 4768 1687 4838 signiﬁcat.
1733 4768 2032 4840 Utrumque
2072 4788 2174 4827 nos
2213 4768 2384 4844 genus
2422 4777 2525 4830 hac
2562 4768 3485 4846 dissertatiuncula'prosequemur.

448 4946 526 5001 De
560 4945 684 5015 folle
714 4955 768 4998 ut
797 4954 873 4999 est
898 4944 1128 5014 pecunia:
1154 4942 1389 4998 collectio
1419 4943 1662 5014 quadam
1687 4961 1750 4999 ac
1782 4962 2014 5002 summa.
2044 4966 2054 5009 1

2121 4948 2343 5012 Φόλλις
2358 4947 2453 4999 ἐπὶ
2468 4947 2750 5000 Θεοδοσίου
2768 4949 2864 5002 τοῦ
2878 4950 3018 5003 Νέου
3036 4949 3200 5021 φόρος
3213 4950 3452 5021 ἡμιόνων
3472 4949 3699 5022 εἰσήχθη

517 5034 597 5089 Ne
622 5036 835 5105 vulgata
869 5034 1133 5088 duntaxat
1161 5048 1226 5088 ac
1278 5035 1403 5088 trita
1429 5034 1496 5090 de
1530 5034 1674 5091 follis
1706 5035 1881 5105 prima
1911 5037 2016 5093 ista

2121 5041 2234 5100 τοῖς
2275 5037 2683 5091 Κωνσταντίνου
2714 5039 2991 5104 πολίταις,
3040 5040 3248 5094 δεῖσθαι
3295 5040 3406 5095 τῶν
3442 5043 3699 5096 τοιούτων

448 5127 670 5181 notione
702 5128 1057 5196 complectar,
1099 5126 1370 5198 insignem
1407 5127 1548 5182 hanc
1587 5127 2014 5198 disputationem

2126 5128 2434 5196 ὑποζυγίων
2472 5128 2571 5199 τὴν
2605 5130 2663 5181 ὲν
2694 5128 2772 5200 τῷ
2811 5131 3031 5201 πολέμῳ
3067 5130 3256 5201 χρείαν
3280 5134 3697 5203 προϊσχομένου.

450 5217 885 5272 luculentissima
922 5217 1154 5286 quadam
1196 5218 1512 5273 accessione
1547 5217 1764 5281 faciam,
1800 5219 1904 5273 hoc
1933 5226 2018 5274 est

2127 5223 2355 5293 Ἕτερος
2383 5221 2440 5275 δὲ
2468 5224 2496 5275 ὁ
2530 5222 2750 5294 κληθεὶς
2780 5224 2965 5292 φόλλις
2998 5226 3093 5287 τὰς
3122 5224 3229 5278 τῶν
3263 5223 3700 5299 ἀξιολογωτὲρων

447 5310 693 5378 ejusdem
727 5310 781 5363 in
817 5324 909 5363 eas
952 5310 1451 5379 iuterpretamento,
1492 5309 1802 5378 cujusmodi
1842 5308 1899 5362 in
1928 5325 2020 5364 ve-

2126 5313 2270 5368 κατὰ
2293 5313 2475 5377 πόλεις
2496 5314 2674 5378 οἰκίας
2702 5315 3021 5380 κατέλαϐεν,
3049 5317 3133 5368 ὅτι
3151 5312 3222 5387 ἦν
3240 5319 3424 5381 αὐτοῖς
3455 5317 3517 5370 τὸ
3544 5318 3699 5383 γένος

451 5409 568 5455 tere
611 5400 966 5454 Bas‘ilicorum
1000 5399 1283 5456 Glossario
1320 5401 1516 5468 reperi,
1546 5399 1690 5468 quod
1734 5407 1817 5453 est
1854 5414 2021 5467 penes

2121 5405 2235 5459 ἀνω
2269 5407 2370 5477 τῆς
2408 5405 2686 5473 ἀξιώσεως
2725 5410 3061 5480 τετυχηκόςη
3104 5410 3215 5463 Καὶ
3243 5402 3311 5481 ἦν
3344 5411 3603 5482 ἀτύχημα
3641 5415 3702 5465 τὸ

452 5493 516 5546 ll.
549 5492 610 5547 P.
635 5490 897 5546 Iacobum
927 5491 1298 5547 Sirmondum.
1343 5490 1419 5544 Ex
1465 5505 1575 5559 quo
1616 5489 1684 5543 ad
1732 5489 2020 5559 Epiphanii

2121 5500 2367 5567 κρεῖττον
2389 5499 2447 5551 ὲν
2467 5501 2581 5562 τοῖς
2596 5500 2777 5568 γένεσι
2805 5501 2944 5573 πρὸς
2970 5501 3032 5555 τὸ
3060 5501 3291 5572 μέγεθος
3310 5504 3409 5573 τῆς
3420 5505 3699 5568 ἀξιώσεως

450 5588 626 5639 locum
657 5583 1019 5638 enarrandum
1052 5598 1232 5653 opera:
1257 5581 1487 5650 pretium
1519 5582 1738 5651 aliquod
1772 5583 2016 5641 futurum

2121 5586 2525 5667 διακρινόμενον
2552 5588 2632 5660 τῷ
2870 5592 2993 5656 Τοῖς
3020 5591 3122 5663 μὲν
3149 5592 3245 5646 τοῦ
3281 5603 3591 5665 πρωτίστου
3620 5592 3702 5646 τέ-

450 5674 676 5728 conlido.
718 5674 792 5730 Ita
820 5689 951 5743 ergo
978 5675 1044 5728 de
1077 5673 1203 5727 folle
1229 5672 1435 5727 Glossa:
1470 5670 1587 5725 ista:
1612 5672 2002 5741 prodiderunt:

2121 5676 2238 5741 λους
2279 5677 2422 5732 ὀκτὼ
2463 5680 2689 5749 χρυσίου
2731 5680 2910 5752 λίτραι
2933 5698 2949 5713 ο
3005 5686 3119 5747 τοῖς
3167 5684 3224 5738 δὲ
3281 5684 3376 5737 τοῦ
3417 5682 3698 5752 δευτέρου,
