3978 6220
224 365 290 417 58
303 365 322 417 1

1496 349 1586 403 DE
1618 345 1836 404 FOLLE
1874 345 2291 403 MILEARENSL

3371 353 3478 408 εῖδει

228 473 526 540 τέσσαρες⁹
572 471 665 523 καὶ
697 469 789 523 δύο
831 473 941 534 τοῖς
974 473 1178 541 τρίτοις
1198 487 1211 500 ·
1257 470 1329 532 ὥς
1359 485 1523 539 φησιν
1555 465 1802 535 Ἦσύχιος

1914 479 2011 516 sua
2043 466 2284 531 portione
2313 464 2599 538 conferret,
2641 467 2730 533 qui
2765 463 3097 532 pra'bitiones
3127 463 3340 534 implere
3359 438 3480 530 Ἰθί-

232 559 629 630 ὁΊλλούστριος
660 560 686 610 ὁ
711 559 1024 626 φιλοσοφίας
1048 559 1146 628 τῆς
1165 557 1449 627 Μιλησίας,
1480 557 1536 606 ὲν
1556 553 1634 624 τῷ
1663 554 1808 622 ἕκτῳ

233 648 469 718 χρονικῷ
485 649 814 718 διαστήματι
834 648 936 716 τῆς
952 649 1226 719 Ἱστορίας.
1252 647 1536 706 -Φόλλις,
1565 645 1700 697 Σταο
1711 647 1809 713 μός

233 739 369 800 ἐστι,
405 736 698 806 λεγόμενος
737 736 829 788 καὶ
852 735 1207 799 βαλάντιον.
1243 736 1430 789 Ἐλκει
1459 736 1514 788 δὲ
1543 734 1770 804 δηνάρια
1790 735 1805 763 ¹

167 817 170 820 ’
233 827 482 881 διακόσια
521 821 880 898 πεντήκοντα.
910 829 1152 881 τουτέστι
1190 827 1376 897 λίτρας
1406 825 1532 894 τιβ’,
1563 824 1654 877 καὶ
1675 824 1805 890 οὑγ-

235 919 358 985 γίας
386 917 445 982 ἓξ
464 933 479 947 ο
514 917 590 980 ὡς
620 917 836 986 ἔχοντος
871 918 1099 971 ἑκάστου
1133 917 1386 988 δηναρίου
1406 915 1594 984 λίτραν
1624 921 1692 977 α’,
1715 916 1809 966 καὶ

233 1005 458 1072 οὑγγίας
496 1010 564 1071 γ’.
601 1006 756 1057 Ἔστι
782 1005 836 1057 δὲ
862 1007 956 1058 καὶ
979 1005 1163 1073 ἕιιερος
1188 1005 1406 1072 φόλλις
1443 1002 1807 1070 συναγόμενος

235 1096 292 1161 ἐξ
314 1095 594 1166 ἀργυρίων
614 1094 824 1146 λεπτῶν
849 1095 957 1148 τῶν
979 1098 1092 1156 τοῖς
1117 1092 1479 1163 στρατιώταις
1496 1090 1804 1160 διδομένων,

235 1187 328 1240 καὶ
376 1186 465 1237 διά
511 1186 668 1237 τοῦτο
713 1186 1090 1254 μιλιαρισίων
1137 1183 1505 1252 καλουμένων.
1558 1181 1710 1252 Ἔχει
1752 1183 1810 1233 δὲ

235 1275 464 1326 ἕκαστον
489 1273 602 1324 τῶν
630 1273 884 1326 τοιούτων
909 1271 1119 1324 λεπτῶν
1144 1272 1422 1342 ἀργυρίων
1451 1272 1702 1340 κεράτιον
1727 1270 1805 1333 ἓν,

236 1365 429 1433 ἥμισυ,
463 1365 742 1434 τέταρτον.
781 1364 838 1415 '0
862 1363 920 1416 δὲ
939 1364 1157 1431 φόλλις
1178 1361 1414 1432 ἀργύρια
1435 1360 1654 1413 τοιαῦτα
1675 1367 1804 1430 ρκε’,

235 1455 270 1508 ἀ
289 1453 503 1507 ποιοῦσι
528 1455 758 1523 κεράτια
781 1459 906 1523 σιη’,
933 1453 1025 1506 καὶ
1047 1451 1320 1522 νούμμους
1349 1451 1413 1515 0',
1441 1451 1558 1521 ἦτοι
1587 1449 1722 1520 πρὸς
1745 1450 1813 1501 τὸ·

234 1539 328 1594 νῦν
358 1539 598 1608 κρατοῦν
623 1537 939 1609 μιλιαρήσια
961 1538 1038 1609 ρθ¹
1059 1539 1153 1591 καὶ
1167 1537 1438 1608 νούμμους
1461 1536 1524 1602 0',
1549 1538 1808 1606 γινόμενα

236 1634 292 1683 ἐν
312 1630 633 1700 χαράγμασι
655 1631 964 1700 νομίσματα
985 1629 1048 1693 θ’,
1081 1630 1452 1699 μιλλιαρήσιον
1471 1629 1547 1694 ἓν,
1571 1628 1806 1698 νοῦμμοι

235 1717 298 1771 θ’.
324 1719 404 1772 Τὰ
418 1720 602 1772 τοίνυν
623 1724 702 1788 ρκ’
727 1719 821 1771 καὶ
841 1719 1000 1772 πέντε
1026 1717 1263 1789 ἀργύρια
1292 1721 1554 1788 συνήγετο
1575 1719 1655 1780 είς
1680 1718 1807 1771 ἀπό-

1909 550 2038 602 lium
2065 567 2168 604 non
2210 552 2423 606 valeret.
2487 554 2586 608 Ubi
2621 564 2828 622 septem
2871 555 3170 608 solidorum
3208 555 3417 610 lunctio
3445 575 3478 611 a

1910 639 2033 693 l‘olle
2069 643 2352 709 perspicue
2387 645 2956 712 separatur,quamvis
2987 643 3357 700 llotomannus
3381 645 3477 700 lib.

1913 730 1985 784 De
2007 747 2061 784 re
2090 747 2286 785 numm.
2318 747 2440 802 pag.
2467 733 2592 797 570,
2619 733 2954 788 confundere
2986 735 3146 788 ambo
3170 735 3272 789 ism
3297 736 3477 790 videa-

1909 828 2016 875 tur.
2071 823 2248 892 Atque
2287 838 2349 876 ea
2389 825 2680 891 pensitatio
2713 825 3030 894 aliquandiu
3081 827 3471 894 perseveravit.

1909 910 2049 980 Lege
2078 911 2164 977 l2,
2211 915 2296 966 tit.
2329 912 2596 981 ejusdem,
2635 923 2835 981 septem
2870 915 3169 969 solidorum
3202 917 3479 984 pratstatio

1911 1001 2265 1056 tenuissimos
2297 1009 2612 1061 senatorum
2653 1003 2893 1071 obligare
2921 1005 3142 1070 dicitur.
3188 1003 3476 1058 Sublatuzu

1911 1107 2040 1146 vero
2085 1099 2270 1160 postea
2319 1101 2404 1147 est
2458 1108 2598 1153 onus
2647 1093 2800 1156 illud,
2856 1101 2914 1145 ut
2961 1109 3024 1146 ex
3070 1095 3162 1147 hb.
3205 1111 3278 1148 ιιι
3353 1097 3477 1148 cod.

1907 1182 2107 1238 Justin.
2143 1193 2320 1252 patet:
2375 1198 2500 1237 nam
2550 1184 2632 1236 tit.
2675 1184 2731 1247 2,
2763 1184 2858 1238 lib.
2909 1199 2971 1249 ιι,
2999 1184 3212 1239 Valent.
3243 1193 3298 1238 et
3335 1185 3479 1239 Mar-

1909 1275 2088 1328 tianus
2133 1276 2203 1328 ita
2243 1277 2581 1331 rescribunt:
2629 1273 2842 1329 Clebam
2884 1277 2959 1330 vel
3020 1277 3218 1344 follem,
3247 1278 3354 1330 sive
3395 1294 3478 1330 δε·-

1905 1375 2044 1433 ptem
2088 1365 2380 1418 solidorum
2428 1367 2770 1430 (unctionem,
2815 1367 2920 1420 sive
2970 1366 3254 1435 quamlibet
3300 1367 3483 1436 hujus-

1908 1453 2050 1506 modi
2095 1454 2455 1518 collationem,
2499 1465 2606 1507 tam
2640 1456 2781 1508 circa
2814 1471 3090 1524 personas,
3126 1472 3282 1525 quant
3321 1472 3402 1509 res
3431 1468 3480 1510 et

1904 1543 2128 1611 praedia,
2171 1546 2412 1612 funditus
2441 1545 2687 1613 jubemus
2719 1545 2941 1608 aboleri,
2985 1554 3042 1598 ut
3087 1547 3256 1599 omnis
3296 1545 3481 1614 hujus-

1907 1634 2050 1686 mudi
2083 1643 2328 1701 perpetuo
2363 1639 2697 1704 conquiescat
2724 1637 2952 1689 exactio.
3002 1637 3141 1690 Ante
3172 1636 3312 1688 hanc
3343 1650 3478 1688 con-

1908 1724 2247 1777 stitutionem
2296 1725 2586 1778 durissima
2635 1726 2736 1778 luit
2774 1726 2984 1779 ordinis
3043 1726 3305 1778 senatorii
3343 1740 3476 1779 con-

235 1808 426 1878 δεσμον
457 1809 557 1862 ἕνα
579 1827 591 1840 ·
626 1811 718 1862 καὶ
742 1803 894 1872 οὗτος
923 1809 1165 1862 ἐκαλεῖτο
1187 1810 1424 1878 φόλλις.
1447 1811 1601 1862 Ἔστι
1629 1810 1686 1862 δὲ
1708 1811 1801 1863 καὶ

1906 1814 2061 1876 ditio,
2093 1829 2158 1868 ac
2190 1829 2364 1884 preme
2409 1816 2530 1868 loco
2563 1817 2843 1870 nonnullis
2873 1815 3158 1882 imposita;
3213 1815 3334 1868 aliis
3374 1831 3472 1883 pro

233 1898 414 1968 ἕτερος
443 1899 665 1966 φόλλις
687 1898 971 1969 διαφόρους
995 1897 1131 1968 ἔχων
1164 1899 1483 1969 ποσότητας.
1537 1898 1669 1950 Ἀπὸ
1693 1897 1800 1970 γὰρ

233 1985 324 2040 δύο
346 1987 574 2056 χρυσίου
601 1986 796 2056 λιτρῶν
817 1987 1133 2056 ἀρχόμενος,
1153 1989 1231 2049 εἰς
1263 1986 1406 2039 ὀκτὼ
1441 1986 1634 2057 προῄει
1662 1987 1803 2040 κατὰ

233 2077 329 2143 τὴν
360 2075 544 2141 ἀξίαν,
577 2076 671 2128 καὶ
699 2076 797 2145 τὴν
830 2074 1087 2145 εὐπορίαν
1117 2074 1225 2127 τῶν
1252 2075 1684 2146 ἀπαιτουμένων.
1727 2068 1802 2128 Οὗ

238 2166 506 2235 μέμνηται
536 2165 633 2235 μὲν
657 2166 750 2218 καὶ
781 2164 1030 2234 Ἠσύχιος
1056 2165 1086 2216 ό
1111 2164 1458 2235 Ἰλλούστριος
1481 2166 1540 2218 ὲν
1572 2164 1649 2232 τῷ
1675 2182 1802 2233 χρο-

235 2254 365 2325 νικῷ
405 2255 739 2324 διαστήματι
773 2254 876 2324 τῆς
929 2255 1205 2326 Ἱστορίας.
1263 2256 1550 2326 Μέμνηται
1591 2255 1648 2308 δὲ
1708 2256 1803 2308 καὶ

235 2347 524 2410 Θαλέλαιος
557 2349 613 2399 ὲν
643 2349 710 2417 τῇ
741 2345 785 2416 β’
811 2346 1044 2412 διατάξει
1074 2345 1167 2398 τοῦ
1196 2345 1239 2416 β’
1271 2346 1468 2409 τίτλου,
1502 2345 1595 2398 τοῦ
1633 2345 1696 2415 ιβ’
1725 2346 1805 2415 βι-

237 2438 380 2492 ϐλίου
429 2438 543 2491 τῶν
579 2436 742 2500 Κωδ.,
799 2431 1004 2499 οὗτινος
1043 2435 1222 2490 τίτλου
1265 2437 1431 2506 ἠμὲν
1486 2443 1531 2488 α’
1565 2436 1804 2500 διάταξις

237 2527 502 2599 ἓξελήφθη
536 2530 602 2604 ὲν,
636 2527 802 2598 βίϐλῳ
826 2528 933 2580 τῶν
962 2527 1262 2580 Βασιλικῶν
1309 2532 1383 2592 ς’,
1418 2527 1582 2596 τίτλῳ
1609 2527 1674 2591 ζ’,
1707 2543 1803 2579 κε-

235 2620 358 2687 φαλ.
384 2620 424 2672 δ’
445 2637 460 2649 ·
526 2621 560 2690 ἡ
588 2620 644 2671 δὲ
674 2619 716 2688 β’
762 2618 1119 2689 παρελείφθη,
1156 2618 1230 2681 ὡς
1263 2617 1424 2671 πάλαι
1457 2619 1805 2689 ἀναιρεθεῖσα

233 2709 378 2782 παρὰ
404 2708 506 2762 τοῦ
545 2709 686 2762 Θείου
707 2708 1046 2779 Μαρκιανοῦ.

299 2799 586 2854 Hactenus
624 2798 848 2853 Glossze.
898 2800 1044 2864 Quas
1076 2799 1319 2854 Alciatus
1355 2798 1574 2852 laudat:
1617 2815 1680 2851 ex
1713 2813 1807 2852 eo-

241 2900 343 2953 que
387 2884 704 2939 Ludovicus
732 2884 892 2941 Vives
940 2887 990 2937 in
1023 2885 1314 2940 Comment.
1356 2885 1422 2938 ad
1459 2886 1547 2938 lib.
1581 2901 1690 2939 uti
1735 2887 1807 2939 De

237 2974 373 3027 civit.
407 2973 531 3036 Dei,
567 2987 686 3041 cap.
716 2973 769 3027 3.
807 2972 911 3026 Sed
951 2974 1060 3026 illic
1096 2973 1280 3027 Latine
1331 2973 1574 3042 quaedam
1613 2989 1803 3041 parum

1904 1905 2104 1975 ingenti
2143 1905 2405 1960 beneﬂcio
2443 1915 2526 1960 est
2577 1907 2849 1975 adempta,
2889 1915 2946 1958 ut
2981 1922 3044 1959 ex
3077 1907 3240 1973 epist.
3275 1906 3343 1958 58
3375 1903 3478 1974 Sy-

1901 1997 2038 2052 nesii
2068 2004 2310 2062 constat,
2354 2012 2565 2050 necnon
2597 1997 2901 2058 Ammiano,
2935 1997 3026 2049 lib.
3067 2011 3202 2058 xxn,
3237 1993 3475 2058 Juliano,

1901 2090 2060 2158 epist.
2077 2089 2165 2142 25.
2201 2090 2354 2155 Quod
2376 2089 2636 2145 etGlossa
2661 2091 2910 2159 superior
2931 2091 3191 2143 ostendit.
3228 2088 3477 2143 Secunda

1904 2176 2046 2232 follis
2071 2178 2394 2246 signiﬁcatio
2431 2189 2535 2242 est,
2584 2195 2690 2247 qua
2745 2195 2842 2248 pro
2880 2180 3117 2246 pondere
3147 2178 3380 2232 sumitur
3411 2179 3471 2231 li-

1903 2266 2124 2319 brarum
2154 2282 2354 2331 cccxu,
2385 2275 2440 2322 et
2473 2270 2758 2322 unciarum
2794 2283 2910 2322 sex.
2945 2269 3073 2332 Qua:
3105 2278 3231 2321 sunt
3263 2269 3474 2322 denarii

1906 2371 2036 2410 CCL:
2085 2373 2314 2427 quorum
2360 2359 2557 2427 singuli
2600 2361 2792 2412 libram
2834 2375 2998 2412 unam
3037 2361 3256 2425 habent,
3290 2361 3480 2413 uncias

1905 2455 2048 2514 tres;
2079 2449 2242 2501 donas
2271 2451 2518 2505 Alciatus
2542 2451 2723 2504 vertit.
2759 2449 2898 2515 Quid
2934 2458 3112 2502 autem
3149 2451 3278 2514 sint,
3314 2451 3481 2503 liben-

1905 2551 1986 2591 ter
2027 2541 2211 2592 docerl
2266 2554 2352 2593 me
2383 2541 2638 2608 cupiam;
2693 2556 2816 2593 nam
2861 2547 2914 2592 et
2951 2540 3119 2592 codex
3173 2540 3480 2593 manuscri-

1906 2636 2030 2696 ptus
2079 2627 2300 2698 δονάρια
2353 2640 2749 2699 repracsentare
2798 2629 3031 2683 videtur.
3095 2629 3277 2682 Tertio
3331 2629 3482 2684 follis

1905 2718 2192 2787 ἄθροισμα,
2208 2735 2584 2788 summamque
2599 2722 2838 2788 pecuniae
2855 2721 3211 2789 signiticat,ex
3232 2720 3474 2772 mnmnis

1914 2810 2139 2863 minutis
2161 2811 2432 2878 argenteis
2449 2809 2756 2872 conﬂatam,
2775 2827 2965 2878 nempe
2985 2826 3049 2863 ex
3077 2811 3478 2864 miliarcnsibus

1907 2914 2134 2953 numero
2162 2914 2300 2952 cxxv
2329 2917 2342 2952 :
2371 2914 2604 2970 quorum
2647 2900 2842 2968 singuli
2878 2900 3140 2952 ceratium
3169 2899 3476 2967 pendebant

1908 2989 2279 3044 cum'semisse
2302 2998 2354 3043 et
2384 2990 2698 3058 quadrante.
2733 2989 2810 3040 lta
2842 2987 2987 3042 follis
3019 2989 3120 3041 iste
3143 2990 3343 3042 cei-alia
3369 2990 3480 3042 eol-

235 3081 496 3136 exprcssa
531 3067 764 3128 sincere,
802 3073 858 3117 ut
893 3065 947 3118 in
977 3065 1249 3118 mendosis
1277 3065 1677 3133 exemplaribus
1708 3080 1797 3118 ac-

1910 3077 2024 3146 ligit
2053 3090 2277 3138 ccxvm,
2309 3091 2560 3130 nummos
2589 3091 2804 3129 novem.
2855 3077 3048 3128 Alciati
3083 3076 3254 3128 codex
3289 3077 3390 3128 hoc
3427 3078 3480 3128 in

238 3154 383 3219 cidit,
432 3169 556 3222 qua:
591 3168 656 3206 ex
676 3150 878 3206 Graecis
909 3154 1112 3207 nostris
1147 3153 1438 3206 emendare
1471 3154 1652 3206 lict-at.
1679 3153 1800 3206 'l‘ri—

239 3245 356 3315 jlex
391 3259 527 3298 vero
571 3243 806 3296 indidem
838 3243 981 3297 follis
1017 3243 1166 3296 notio
1194 3242 1514 3296 deducitur:
1567 3259 1689 3295 nam
1720 3249 1803 3296 est

240 3335 410 3404 primo
443 3335 629 3388 tributi
655 3341 709 3387 et
754 3333 1131 3402 pensitationis
1158 3347 1350 3402 genus,
1382 3332 1541 3400 idque
1573 3333 1791 3401 duplex:

238 3426 468 3479 alterum
510 3425 717 3478 mulare
757 3426 1058 3493 (perperam
1085 3421 1224 3492 apud
1261 3420 1438 3475 Vivem
1490 3421 1797 3485 multorum,

239 3531 334 3583 pro
386 3515 672 3577 mulorum,
718 3517 936 3580 exstat),
978 3515 1204 3567 alterum
1245 3513 1606 3566 nobilioribus
1645 3514 1804 3566 lami—

239 3605 325 3658 liis
351 3605 640 3666 indictum,
688 3603 846 3671 cujus
875 3611 1065 3657 auctor
1089 3613 1173 3658 est
1199 3603 1506 3674 Hesychius
1531 3607 1803 3660 Illustrius

240 3695 329 3748 lib.
359 3711 435 3749 vr.
471 3693 626 3760 Quod
657 3696 926 3763 posterius
956 3695 1261 3748 institutum
1290 3711 1321 3748 a
1352 3696 1710 3750 Constantino
1728 3695 1798 3750 Μ.

238 3785 432 3839 scribit
473 3783 722 3838 Zosimus
770 3785 860 3838 lib.
896 3801 973 3838 It:
1017 3784 1394 3854 Ἀπεγρὰψατο
1444 3785 1499 3838 δὲ
1550 3788 1652 3849 τὰς
1695 3787 1802 3840 τῶν

237 3874 636 3942 λαμπροτάτων
684 3873 869 3934 οὐσίας
899 3873 1050 3935 τέλος
1083 3874 1322 3938 ἐπιθεὶς,
1373 3869 1523 3941 ᾧτινι
1581 3877 1804 3943 φόλλιν

236 3963 400 4024 αὐτὸς
439 3962 702 4030 ἐπέθηκεν
733 3962 918 4032 ὄνομα.
958 3963 1237 4031 Ejusmodi
1272 3964 1476 4029 follem,
1511 3968 1623 4020 sive
1663 3983 1803 4034 prte-

237 4055 532 4107 statiouem
570 4053 894 4105 senatoriam
945 4054 1206 4120 gradatim
1243 4069 1337 4122 per
1373 4055 1565 4122 triplex
1603 4057 1804 4109 discri-

239 4159 367 4196 men
411 4143 765 4210 processisse,
793 4141 998 4196 Glossat
1035 4142 1448 4197 demonstrant:
1498 4145 1572 4196 ita
1608 4155 1664 4198 ut
1692 4147 1803 4214 pri-

239 4249 364 4288 mus
396 4234 599 4304 gradus
623 4232 840 4286 follibus
866 4233 1078 4288 duobus
1105 4241 1252 4288 esset
1271 4233 1541 4288 obnoxius
1560 4275 1573 4299 ,
1605 4251 1796 4290 secun-

239 4324 342 4378 dus
381 4331 647 4390 quatuor,
687 4322 880 4376 tertius
911 4332 1056 4376 octo.
1091 4321 1165 4376 De
1213 4323 1281 4377 iis
1317 4323 1534 4377 follibus
1601 4326 1802 4378 mentio

1911 3167 2031 3219 loco
2061 3167 2387 3234 depravatus
2417 3171 2556 3218 erat.
2600 3165 2692 3217 Sic
2721 3164 2866 3216 enim
2901 3165 3094 3217 vertit:
3133 3163 3230 3217 Est
3259 3173 3306 3217 et
3339 3165 3480 3217 alius

1906 3257 2053 3324 follis
2091 3265 2302 3309 coactus
2339 3271 2403 3309 ea;
2446 3258 2704 3324 argenteis
2733 3257 2903 3322 lepiis,
2937 3255 3026 3324 qui
3053 3255 3328 3320 militibus,
3353 3272 3480 3324 quos

1907 3347 2168 3400 miliarias
2199 3347 2475 3410 vocabant,
2509 3346 2758 3399 (labatur.
2819 3344 2967 3412 Lepti
3006 3356 3180 3398 autem
3222 3347 3478 3399 reratium

1906 3452 2064 3488 unum
2094 3453 2210 3488 cum
2241 3435 2462 3488 dimidio
2496 3437 2784 3489 continent.
2845 3434 2932 3487 Ita
2964 3435 3108 3504 follis
3138 3437 3235 3488 iste
3269 3435 3472 3503 argenti

1905 3527 2104 3579 ceratia
2139 3540 2300 3578 ccvnt
2335 3526 2486 3579 habet
2529 3536 2578 3578 et
2623 3541 2862 3578 nummos
2919 3541 2994 3578 ix.
3048 3525 3189 3594 Ergo
3233 3525 3470 3594 argentei

1906 3632 2097 3672 omnes
2143 3618 2222 3670 illi
2275 3619 2331 3670 iu
2386 3618 2662 3670 sacculum
2717 3632 2884 3670 unum
2932 3616 3189 3684 conjecti.
3229 3613 3382 3669 Unde
3425 3621 3478 3668 ct

1908 3705 2050 3759 follis
2078 3706 2367 3774 appellatio
2401 3705 2652 3759 deducta.

1973 3794 2150 3863 Atque
2172 3811 2237 3849 ex
2281 3796 2552 3862 argenteis
2585 3795 2692 3849 illis
2717 3809 2855 3848 cxxv
2912 3795 3025 3849 sive
3051 3795 3475 3855 miliarensibus,

1905 3885 2145 3936 conﬁunt
2173 3885 2402 3949 nuuuui,
2443 3887 2553 3938 sive
2583 3885 2741 3939 solidi
2777 3886 2947 3947 aurei,
2990 3900 3202 3938 novem.
3263 3884 3475 3939 Etenim

1905 3974 2104 4026 ceratia
2131 3988 2326 4026 ccxuu
2369 3974 2413 4027 si
2455 3989 2549 4041 per
2577 3989 2770 4026 novem
2801 3975 3057 4040 partiare,
3082 3975 3311 4041 singulis
3344 3990 3470 4026 xxiv

1904 4069 2231 4128 competent,
2265 4072 2530 4128 quantum
2581 4062 2738 4114 solidi
2794 4063 3007 4128 pondus
3037 4073 3171 4115 crat.
3235 4064 3475 4117 Isidorus

1907 4150 1996 4200 lib.
2016 4164 2124 4213 xw,
2153 4165 2271 4216 cap.
2294 4149 2391 4202 9.4:
2450 4149 2656 4218 Siliqua
2685 4151 2926 4203 vicesima
2953 4161 3144 4219 quarta
3167 4166 3290 4218 pars
3313 4152 3471 4204 solidi

1903 4245 2000 4300 est,
2031 4235 2094 4288 ab
2120 4238 2325 4289 arboris
2352 4239 2543 4291 semine
2573 4237 2880 4290 vocabulum
2905 4248 3100 4292 tenens.
3135 4238 3371 4292 Tametsi
3405 4241 3474 4292 si-

1903 4326 2105 4395 liquam
2141 4327 2282 4381 inter
2329 4336 2383 4381 et
2413 4328 2662 4397 κεράτιον
2692 4327 2955 4382 interesse
2999 4329 3230 4382 videtur.
3269 4328 3468 4397 Sequi-

239 4419 322 4466 est
357 4412 446 4465 lib.
483 4427 593 4476 xxI,
626 4413 709 4464 tit.
739 4411 773 4463 2
799 4413 917 4465 cod.
944 4410 1149 4466 Theod.
1176 4412 1250 4466 De
1276 4413 1466 4480 praeit,
1492 4430 1613 4468 cum
1643 4431 1800 4470 sena-
1837 4445 1878 4499 ο
1907 4425 1994 4470 tur
2021 4406 2164 4471 enim
2196 4419 2338 4486 apud
2364 4418 2628 4471 lsidorum
2661 4433 2674 4470 :
2729 4418 2942 4472 Cerates
2989 4419 3129 4504 oboli
3152 4435 3276 4487 pars
3308 4419 3478 4472 media

242 4501 442 4554 torium
471 4503 716 4556 ordinem
740 4500 1004 4555 trifariam
1034 4502 1387 4564 distribuens,
1421 4505 1554 4559 alios
1588 4507 1641 4558 in
1674 4523 1800 4576 pro-

242 4591 531 4646 fessionem
575 4593 774 4645 hahere
815 4591 969 4648 folles
1018 4594 1093 4646 ait
1131 4595 1270 4648 duos
1296 4634 1311 4657 ,
1351 4595 1488 4650 alios
1519 4609 1756 4665 quatuor
1782 4639 1797 4663 ,

240 4687 375 4736 alios
413 4684 664 4752 amplius.
719 4683 926 4737 Glossaa
963 4685 1192 4753 singulis
1229 4684 1445 4740 follibus
1483 4703 1644 4741 unam
1680 4691 1797 4743 auri

240 4771 432 4824 libram
462 4773 750 4840 imputant.
787 4772 892 4826 Sed
922 4772 977 4825 in
1007 4774 1312 4827 tenuiorum
1347 4778 1576 4845 gratiam
1612 4787 1800 4846 postea

237 4862 305 4916 de
333 4861 542 4915 can'one
571 4861 897 4926 detractum,
947 4872 1000 4918 et
1033 4864 1099 4918 ad
1133 4873 1385 4933 septenos
1413 4869 1617 4922 solidos
1640 4871 1708 4921 mi
1719 4871 1801 4922 ni-

239 4964 326 5004 ma
354 4959 667 5005 senatorum
717 4953 932 5006 redacta
984 4954 1302 5021 pcnsitatio;
1360 4971 1480 5024 qua:
1513 4957 1742 5024 proinde
1769 4975 1799 5012 a

241 5043 368 5096 folle
392 5042 761 5112 distinguitur.
792 5042 1002 5097 Etenim
1041 5043 1134 5097 lib.
1164 5060 1214 5097 γι
1243 5045 1363 5098 cod.
1389 5044 1618 5108 Theod..
1637 5049 1721 5101 tit.
1747 5051 1796 5113 l,

241 5129 356 5199 lege
374 5131 394 5183 ί
411 5168 424 5192 ,
446 5146 566 5183 cum
586 5128 1174 5190 Gratianus,Valentin.
1192 5141 1244 5184 et
1261 5131 1464 5186 Thcod.
1489 5137 1568 5188 sic
1597 5138 1798 5192 edixis-

240 5233 384 5277 sent:
415 5221 650 5274 Duorum
675 5237 790 5273 vero
817 5221 1024 5288 follium
1046 5234 1250 5275 maneat
1276 5234 1489 5278 cunctos
1515 5226 1799 5282 indiscreta

238 5313 515 5381 professio,
560 5312 768 5365 etiamsi
798 5312 1176 5379 possessionem
1224 5313 1359 5381 forte
1392 5332 1496 5368 non
1537 5316 1797 5381 habeant;

241 5408 427 5470 postea
455 5400 798 5465 aValentin.,
819 5399 1023 5455 Theod.
1043 5410 1094 5454 et
1117 5402 1306 5455 Arcad.
1343 5405 1626 5459 imminuta
1663 5423 1798 5476 pra:-

240 5491 400 5543 stalio
426 5497 542 5556 est;
584 5499 638 5545 et
683 5492 1145 5560 amplissimorum
1178 5493 1416 5546 virorum
1445 5497 1676 5550 consilio
1703 5499 1798 5551 de-

237 5578 448 5635 ﬁnitum
492 5581 707 5647 dicitur,
749 5591 807 5636 ut
844 5592 1096 5653 septenos
1141 5585 1434 5651 quotannis
1472 5585 1672 5641 solidos
1700 5603 1795 5656 pro

239 5678 247 5685 '
309 5697 330 5728 ι
375 5693 488 5753 Vel.
519 5697 652 5754 Cod.
684 5699 884 5782 habere
912 5697 1123 5754 videtur
1153 5696 1397 5770 δονάρια.

1900 4518 1997 4568 est,
2041 4509 2290 4577 siliquam
2323 4509 2515 4562 habens
2556 4526 2716 4562 unam
2757 4520 2805 4562 et
2843 4511 3022 4563 semis.
3088 4510 3239 4561 llunc
3295 4510 3478 4563 Latini

1901 4600 2238 4656 semiobolum
2285 4609 2490 4653 vocant.
2565 4599 2780 4653 (ierates
2825 4610 3002 4653 autem
3054 4598 3252 4663 Crwce,
3291 4597 3476 4654 Latine

1902 4692 2099 4758 siliqua
2147 4705 2414 4741 cornuum
2457 4689 2859 4756 interpretatur.
2907 4688 3103 4742 Obolus
3144 4689 3350 4758 siliquis
3381 4690 3476 4741 tri-

1902 4779 1994 4832 bus
2025 4779 2356 4848 appenditur,
2383 4779 2576 4831 habens
2606 4791 2804 4832 cerales
2829 4779 2980 4843 duos,
3005 4779 3213 4831 cltalcos
3228 4789 3472 4847 quatuor.

1900 4871 2151 4924 Continet
2188 4886 2316 4940 ergo
2349 4870 2597 4940 κεράτιον
2627 4872 3043 4938 sesquisilicam.
3077 4869 3226 4922 Unde
3263 4871 3314 4922 in
3349 4871 3474 4923 dra-

1901 4960 2058 5013 chma
2089 4976 2218 5014 xvnt
2247 4961 2456 5028 siliqua:
2485 4968 2635 5021 sunt,
2657 4962 2858 5014 ceratia
2889 4976 3022 5013 χχιι.
3063 4959 3120 5012 ln
3155 4959 3473 5013 didrachmo

1901 5052 2109 5120 siliqua:
2141 5067 2325 5114 χχχιιι,
2357 5052 2558 5105 ceratia
2596 5068 2744 5104 xxxv.
2776 5052 3043 5116 Quoniam
3077 5053 3253 5120 itaque
3281 5059 3468 5114 stator,

1901 5145 2014 5195 sive
2067 5157 2266 5195 aureus
2317 5141 2511 5209 primis
2569 5142 2908 5210 temporibus
2962 5143 3176 5211 pondus
3235 5143 3470 5195 habebat

1899 5234 2282 5286 drachmarum
2340 5233 2606 5297 duarum,
2679 5235 2753 5286 ita
2811 5245 2865 5287 ut
2903 5234 3152 5303 quaterni
3204 5233 3474 5286 duntaxat

1899 5327 2229 5378 cuderentur
2263 5325 2316 5377 in
2344 5325 2596 5377 unciam:
2633 5324 2752 5377 ideo
2780 5332 2892 5377 tum
2925 5325 3146 5395 κεράτια
3177 5340 3321 5386 xxiv,
3355 5323 3473 5376 sili-

1898 5428 2035 5482 quas
2067 5429 2225 5466 xxxvl
2249 5413 2541 5480 pendebat.
2577 5410 2774 5468 Postea
2805 5414 2870 5468 de
2904 5415 3137 5483 pondere
3165 5414 3320 5466 tertia
3345 5425 3471 5478 pars

1897 5513 1981 5558 est
2013 5504 2267 5568 deducta,
2313 5504 2386 5556 ita
2421 5511 2479 5556 ut
2520 5503 2636 5558 seni
2694 5504 2748 5557 in
2785 5507 2998 5558 unciam
3035 5505 3189 5557 solidi
3218 5499 3468 5571 percussi

1900 5594 2048 5648 sint:
2091 5607 2154 5647 ac
2183 5604 2296 5648 tum
2330 5593 2541 5648 sextula
2571 5603 2902 5664 nuncupata.
2935 5596 3210 5650 Isidorus:
3252 5589 3470 5646 Solidus
