  <div class='ocr_page' id='page_1' title='image "/cluster/home/n/w/nwhite01/storage/ocr_20150623/43/mdp.39015013284818/331.png"; bbox 0 0 3978 6220; ppageno 0'>
   <div class='ocr_carea' id='block_1_1' title="bbox 496 354 605 410">
    <p class='ocr_par' dir='ltr' id='par_1_1' title="bbox 496 354 605 410">
     <span class='ocr_line' id='line_1_1' title="bbox 496 354 605 410; baseline -0.009 0"><span class='ocrx_word' id='word_1_1' title='bbox 496 354 605 410; x_wconf 75' lang='lat'><strong>583</strong></span> 
     </span>
    </p>
   </div>
   <div class='ocr_carea' id='block_1_2' title="bbox 1582 331 2605 392">
    <p class='ocr_par' dir='ltr' id='par_1_2' title="bbox 1582 331 2605 392">
     <span class='ocr_line' id='line_1_2' title="bbox 1582 331 2605 392; baseline -0.005 0"><span class='ocrx_word' id='word_1_2' title='bbox 1582 334 1929 392; x_wconf 78' lang='lat' dir='ltr'><strong>APPENDIX</strong></span> <span class='ocrx_word' id='word_1_3' title='bbox 1963 331 2605 390; x_wconf 73' lang='lat' dir='ltr'><strong>DISSEBTATIONUM.</strong></span> 
     </span>
    </p>
   </div>
   <div class='ocr_carea' id='block_1_3' title="bbox 3659 330 3755 393">
    <p class='ocr_par' dir='ltr' id='par_1_3' title="bbox 3659 330 3755 393">
     <span class='ocr_line' id='line_1_3' title="bbox 3659 330 3755 393; baseline 0.01 -10"><span class='ocrx_word' id='word_1_4' title='bbox 3659 330 3755 393; x_wconf 64' lang='grc' dir='ltr'><strong>ειθι</strong></span> 
     </span>
    </p>
   </div>
   <div class='ocr_carea' id='block_1_4' title="bbox 493 435 2087 529">
    <p class='ocr_par' dir='ltr' id='par_1_4' title="bbox 493 441 2077 529">
     <span class='ocr_line' id='line_1_4' title="bbox 493 441 2077 529; baseline -0.014 -12"><span class='ocrx_word' id='word_1_5' title='bbox 493 460 638 529; x_wconf 77' lang='lat' dir='ltr'><strong>apud</strong></span> <span class='ocrx_word' id='word_1_6' title='bbox 651 458 874 514; x_wconf 81' lang='lat' dir='ltr'><strong>Latinos</strong></span> <span class='ocrx_word' id='word_1_7' title='bbox 905 455 1012 510; x_wconf 84' lang='lat' dir='ltr'><strong>alio</strong></span> <span class='ocrx_word' id='word_1_8' title='bbox 1039 453 1246 508; x_wconf 76' lang='lat' dir='ltr'><strong>nomine</strong></span> <span class='ocrx_word' id='word_1_9' title='bbox 1281 448 1488 503; x_wconf 77' lang='lat' dir='ltr'><strong>sextula</strong></span> <span class='ocrx_word' id='word_1_10' title='bbox 1512 446 1740 509; x_wconf 84' lang='lat' dir='ltr'><strong>dicitur;</strong></span> <span class='ocrx_word' id='word_1_11' title='bbox 1761 444 1900 515; x_wconf 85' lang='lat' dir='ltr'><strong>quod</strong></span> <span class='ocrx_word' id='word_1_12' title='bbox 1927 442 1990 497; x_wconf 84' lang='lat' dir='ltr'><strong>de</strong></span> <span class='ocrx_word' id='word_1_13' title='bbox 2012 441 2077 496; x_wconf 85' lang='lat' dir='ltr'><strong>iis</strong></span> 
     </span>
    </p>
   </div>
   <div class='ocr_carea' id='block_1_5' title="bbox 2192 435 3756 529">
    <p class='ocr_par' dir='ltr' id='par_1_5' title="bbox 2192 435 3756 512">
     <span class='ocr_line' id='line_1_5' title="bbox 2192 435 3756 512; baseline -0.001 -18"><span class='ocrx_word' id='word_1_14' title='bbox 2192 440 2268 494; x_wconf 72' lang='grc' dir='ltr'><strong>τὸν</strong></span> <span class='ocrx_word' id='word_1_15' title='bbox 2296 441 2391 494; x_wconf 74' lang='grc' dir='ltr'><strong>ἕνα</strong></span> <span class='ocrx_word' id='word_1_16' title='bbox 2420 440 2583 512; x_wconf 79' lang='grc' dir='ltr'><strong>ἄρτον</strong></span> <span class='ocrx_word' id='word_1_17' title='bbox 2610 439 2816 509; x_wconf 84' lang='grc' dir='ltr'>φόλεων</span> <span class='ocrx_word' id='word_1_18' title='bbox 2841 437 3031 510; x_wconf 84' lang='grc' dir='ltr'><strong>τριῶν,</strong></span> <span class='ocrx_word' id='word_1_19' title='bbox 3064 435 3132 493; x_wconf 86' lang='lat' dir='ltr'><strong>ad</strong></span> <span class='ocrx_word' id='word_1_20' title='bbox 3155 435 3311 494; x_wconf 83' lang='lat' dir='ltr'><strong>folles</strong></span> <span class='ocrx_word' id='word_1_21' title='bbox 3362 438 3480 494; x_wconf 86' lang='lat' dir='ltr'><strong>sive</strong></span> <span class='ocrx_word' id='word_1_22' title='bbox 3511 454 3756 493; x_wconf 85' lang='lat' dir='ltr'><strong>nummos</strong></span> 
     </span>
    </p>
   </div>
   <div class='ocr_carea' id='block_1_6' title="bbox 497 534 2075 615">
    <p class='ocr_par' dir='ltr' id='par_1_6' title="bbox 497 534 2075 615">
     <span class='ocr_line' id='line_1_6' title="bbox 497 534 2075 615; baseline -0.014 -7"><span class='ocrx_word' id='word_1_23' title='bbox 497 567 593 607; x_wconf 80' lang='lat' dir='ltr'><strong>sea:</strong></span> <span class='ocrx_word' id='word_1_24' title='bbox 617 551 775 606; x_wconf 81' lang='lat' dir='ltr'><strong>uncia</strong></span> <span class='ocrx_word' id='word_1_25' title='bbox 803 550 1145 615; x_wconf 82' lang='lat' dir='ltr'><strong>compleatur.</strong></span> <span class='ocrx_word' id='word_1_26' title='bbox 1168 541 1307 595; x_wconf 85' lang='lat' dir='ltr'><strong>Tum</strong></span> <span class='ocrx_word' id='word_1_27' title='bbox 1340 553 1470 609; x_wconf 90' lang='lat' dir='ltr'><strong>ergo</strong></span> <span class='ocrx_word' id='word_1_28' title='bbox 1502 539 1712 592; x_wconf 82' lang='lat' dir='ltr'><strong>solidus</strong></span> <span class='ocrx_word' id='word_1_29' title='bbox 1745 537 1809 591; x_wconf 91' lang='lat' dir='ltr'><strong>ad</strong></span> <span class='ocrx_word' id='word_1_30' title='bbox 1841 551 1968 590; x_wconf 71' lang='lat' dir='ltr'><strong>xmv</strong></span> <span class='ocrx_word' id='word_1_31' title='bbox 1996 534 2075 589; x_wconf 82' lang='lat' dir='ltr'><strong>si-</strong></span> 
     </span>
    </p>
   </div>
   <div class='ocr_carea' id='block_1_7' title="bbox 498 624 2077 709">
    <p class='ocr_par' dir='ltr' id='par_1_7' title="bbox 498 624 2077 709">
     <span class='ocr_line' id='line_1_7' title="bbox 498 624 2077 709; baseline -0.012 -12"><span class='ocrx_word' id='word_1_32' title='bbox 498 643 699 709; x_wconf 86' lang='lat' dir='ltr'><strong>liquas,</strong></span> <span class='ocrx_word' id='word_1_33' title='bbox 731 638 957 707; x_wconf 80' lang='grc' dir='ltr'><strong>κεράτια</strong></span> <span class='ocrx_word' id='word_1_34' title='bbox 1002 648 1136 687; x_wconf 86' lang='lat' dir='ltr'><strong>xvnt</strong></span> <span class='ocrx_word' id='word_1_35' title='bbox 1166 630 1425 685; x_wconf 90' lang='lat' dir='ltr'><strong>redactus</strong></span> <span class='ocrx_word' id='word_1_36' title='bbox 1455 636 1561 685; x_wconf 89' lang='lat' dir='ltr'><strong>est.</strong></span> <span class='ocrx_word' id='word_1_37' title='bbox 1604 626 1807 683; x_wconf 84' lang='lat' dir='ltr'><strong>Verum</strong></span> <span class='ocrx_word' id='word_1_38' title='bbox 1846 624 2077 696; x_wconf 72' lang='grc' dir='ltr'><strong>κεράτια.</strong></span> 
     </span>
    </p>
   </div>
   <div class='ocr_carea' id='block_1_8' title="bbox 498 715 2080 793">
    <p class='ocr_par' dir='ltr' id='par_1_8' title="bbox 498 715 2080 793">
     <span class='ocr_line' id='line_1_8' title="bbox 498 715 2080 793; baseline -0.009 -12"><span class='ocrx_word' id='word_1_39' title='bbox 498 742 623 781; x_wconf 90' lang='lat' dir='ltr'><strong>cum</strong></span> <span class='ocrx_word' id='word_1_40' title='bbox 655 724 872 793; x_wconf 83' lang='lat' dir='ltr'><strong>siliquis</strong></span> <span class='ocrx_word' id='word_1_41' title='bbox 903 721 1163 789; x_wconf 85' lang='lat' dir='ltr'><strong>deinceps</strong></span> <span class='ocrx_word' id='word_1_42' title='bbox 1196 718 1429 773; x_wconf 88' lang='lat' dir='ltr'><strong>confusa</strong></span> <span class='ocrx_word' id='word_1_43' title='bbox 1457 723 1618 783; x_wconf 89' lang='lat' dir='ltr'><strong>sunt;</strong></span> <span class='ocrx_word' id='word_1_44' title='bbox 1675 715 1919 784; x_wconf 82' lang='lat' dir='ltr'><strong>adeoque</strong></span> <span class='ocrx_word' id='word_1_45' title='bbox 1951 727 2080 767; x_wconf 78' lang='lat' dir='ltr'><strong>xxiv</strong></span> 
     </span>
    </p>
   </div>
   <div class='ocr_carea' id='block_1_9' title="bbox 498 801 2078 885">
    <p class='ocr_par' dir='ltr' id='par_1_9' title="bbox 498 801 2078 885">
     <span class='ocr_line' id='line_1_9' title="bbox 498 801 2078 885; baseline -0.009 -16"><span class='ocrx_word' id='word_1_46' title='bbox 498 816 748 885; x_wconf 78' lang='grc' dir='ltr'><strong>κεράτια,</strong></span> <span class='ocrx_word' id='word_1_47' title='bbox 796 810 1018 882; x_wconf 83' lang='lat' dir='ltr'><strong>perinde</strong></span> <span class='ocrx_word' id='word_1_48' title='bbox 1067 823 1131 862; x_wconf 89' lang='lat' dir='ltr'><strong>ac</strong></span> <span class='ocrx_word' id='word_1_49' title='bbox 1180 807 1394 875; x_wconf 66' lang='lat' dir='ltr'><strong>siliquae</strong></span> <span class='ocrx_word' id='word_1_50' title='bbox 1443 820 1591 869; x_wconf 88' lang='lat' dir='ltr'><strong>xxtv,</strong></span> <span class='ocrx_word' id='word_1_51' title='bbox 1644 803 1821 861; x_wconf 90' lang='lat' dir='ltr'><strong>solido</strong></span> <span class='ocrx_word' id='word_1_52' title='bbox 1874 801 2078 856; x_wconf 85' lang='lat' dir='ltr'><strong>tributa</strong></span> 
     </span>
    </p>
   </div>
   <div class='ocr_carea' id='block_1_10' title="bbox 498 895 2080 970">
    <p class='ocr_par' dir='ltr' id='par_1_10' title="bbox 498 895 2080 970">
     <span class='ocr_line' id='line_1_10' title="bbox 498 895 2080 970; baseline -0.009 -11"><span class='ocrx_word' id='word_1_53' title='bbox 498 914 645 960; x_wconf 87' lang='lat' dir='ltr'><strong>sunt.</strong></span> <span class='ocrx_word' id='word_1_54' title='bbox 684 903 951 956; x_wconf 86' lang='lat' dir='ltr'><strong>Drachma</strong></span> <span class='ocrx_word' id='word_1_55' title='bbox 981 898 1181 970; x_wconf 83' lang='lat' dir='ltr'><strong>(inquit</strong></span> <span class='ocrx_word' id='word_1_56' title='bbox 1203 896 1468 965; x_wconf 85' lang='lat' dir='ltr'><strong>Isidorus)</strong></span> <span class='ocrx_word' id='word_1_57' title='bbox 1499 895 1665 950; x_wconf 89' lang='lat' dir='ltr'><strong>tribus</strong></span> <span class='ocrx_word' id='word_1_58' title='bbox 1691 902 1897 949; x_wconf 81' lang='lat' dir='ltr'><strong>constat</strong></span> <span class='ocrx_word' id='word_1_59' title='bbox 1928 908 2080 946; x_wconf 81' lang='lat' dir='ltr'><strong>scru-</strong></span> 
     </span>
    </p>
   </div>
   <div class='ocr_carea' id='block_1_11' title="bbox 498 987 2083 1065">
    <p class='ocr_par' dir='ltr' id='par_1_11' title="bbox 498 987 2083 1065">
     <span class='ocr_line' id='line_1_11' title="bbox 498 987 2083 1065; baseline -0.004 -17"><span class='ocrx_word' id='word_1_60' title='bbox 498 997 660 1065; x_wconf 81' lang='lat' dir='ltr'><strong>pulis,</strong></span> <span class='ocrx_word' id='word_1_61' title='bbox 684 995 741 1047; x_wconf 86' lang='lat' dir='ltr'><strong>id</strong></span> <span class='ocrx_word' id='word_1_62' title='bbox 763 1004 839 1047; x_wconf 88' lang='lat' dir='ltr'><strong>est</strong></span> <span class='ocrx_word' id='word_1_63' title='bbox 866 1007 1001 1047; x_wconf 87' lang='lat' dir='ltr'><strong>xvnt</strong></span> <span class='ocrx_word' id='word_1_64' title='bbox 1022 990 1254 1058; x_wconf 82' lang='lat' dir='ltr'><strong>siliquis.</strong></span> <span class='ocrx_word' id='word_1_65' title='bbox 1294 990 1434 1059; x_wconf 88' lang='lat' dir='ltr'><strong>Ergo</strong></span> <span class='ocrx_word' id='word_1_66' title='bbox 1459 988 1512 1041; x_wconf 89' lang='lat' dir='ltr'><strong>in</strong></span> <span class='ocrx_word' id='word_1_67' title='bbox 1520 989 1695 1053; x_wconf 69' lang='lat' dir='ltr'><strong>,uncia</strong></span> <span class='ocrx_word' id='word_1_68' title='bbox 1718 987 1930 1057; x_wconf 66' lang='lat' dir='ltr'><strong>siliqua;</strong></span> <span class='ocrx_word' id='word_1_69' title='bbox 1953 995 2083 1041; x_wconf 90' lang='lat' dir='ltr'><strong>sunt</strong></span> 
     </span>
    </p>
   </div>
   <div class='ocr_carea' id='block_1_12' title="bbox 498 1076 2083 1151">
    <p class='ocr_par' dir='ltr' id='par_1_12' title="bbox 498 1076 2083 1151">
     <span class='ocr_line' id='line_1_12' title="bbox 498 1076 2083 1151; baseline -0.007 -11"><span class='ocrx_word' id='word_1_70' title='bbox 498 1101 678 1140; x_wconf 82' lang='lat' dir='ltr'><strong>cxuv.</strong></span> <span class='ocrx_word' id='word_1_71' title='bbox 737 1083 870 1150; x_wconf 64' lang='lat' dir='ltr'><strong>Qum</strong></span> <span class='ocrx_word' id='word_1_72' title='bbox 892 1083 968 1137; x_wconf 83' lang='lat' dir='ltr'><strong>.si</strong></span> <span class='ocrx_word' id='word_1_73' title='bbox 1002 1095 1098 1151; x_wconf 90' lang='lat' dir='ltr'><strong>per</strong></span> <span class='ocrx_word' id='word_1_74' title='bbox 1129 1086 1365 1148; x_wconf 82' lang='lat' dir='ltr'><strong>quatuor</strong></span> <span class='ocrx_word' id='word_1_75' title='bbox 1398 1078 1736 1139; x_wconf 86' lang='lat' dir='ltr'><strong>dividantur,</strong></span> <span class='ocrx_word' id='word_1_76' title='bbox 1790 1076 1925 1131; x_wconf 89' lang='lat' dir='ltr'><strong>dant</strong></span> <span class='ocrx_word' id='word_1_77' title='bbox 1954 1077 2083 1131; x_wconf 90' lang='lat' dir='ltr'><strong>uni-</strong></span> 
     </span>
    </p>
   </div>
   <div class='ocr_carea' id='block_1_13' title="bbox 500 1168 2083 1245">
    <p class='ocr_par' dir='ltr' id='par_1_13' title="bbox 500 1168 2083 1245">
     <span class='ocr_line' id='line_1_13' title="bbox 500 1168 2083 1245; baseline -0.006 -15"><span class='ocrx_word' id='word_1_78' title='bbox 500 1179 702 1245; x_wconf 84' lang='lat' dir='ltr'><strong>cuique</strong></span> <span class='ocrx_word' id='word_1_79' title='bbox 735 1173 913 1228; x_wconf 90' lang='lat' dir='ltr'><strong>solido</strong></span> <span class='ocrx_word' id='word_1_80' title='bbox 935 1170 1109 1227; x_wconf 87' lang='lat' dir='ltr'><strong>veteri</strong></span> <span class='ocrx_word' id='word_1_81' title='bbox 1138 1170 1367 1239; x_wconf 86' lang='lat' dir='ltr'><strong>siliquas</strong></span> <span class='ocrx_word' id='word_1_82' title='bbox 1388 1184 1551 1223; x_wconf 87' lang='lat' dir='ltr'><strong>xxva</strong></span> <span class='ocrx_word' id='word_1_83' title='bbox 1581 1184 1597 1233; x_wconf 91' lang='lat'><strong>;</strong></span> <span class='ocrx_word' id='word_1_84' title='bbox 1637 1169 1685 1223; x_wconf 88' lang='lat' dir='ltr'><strong>si</strong></span> <span class='ocrx_word' id='word_1_85' title='bbox 1717 1183 1813 1237; x_wconf 91' lang='lat' dir='ltr'><strong>per</strong></span> <span class='ocrx_word' id='word_1_86' title='bbox 1838 1183 1956 1229; x_wconf 88' lang='lat' dir='ltr'><strong>sex,</strong></span> <span class='ocrx_word' id='word_1_87' title='bbox 1986 1168 2083 1222; x_wconf 89' lang='lat' dir='ltr'><strong>da-</strong></span> 
     </span>
    </p>
   </div>
   <div class='ocr_carea' id='block_1_14' title="bbox 504 1257 2084 1329">
    <p class='ocr_par' dir='ltr' id='par_1_14' title="bbox 504 1257 2084 1329">
     <span class='ocr_line' id='line_1_14' title="bbox 504 1257 2084 1329; baseline -0.006 -8"><span class='ocrx_word' id='word_1_88' title='bbox 504 1269 638 1321; x_wconf 88' lang='lat' dir='ltr'><strong>bunt</strong></span> <span class='ocrx_word' id='word_1_89' title='bbox 659 1264 885 1321; x_wconf 63' lang='lat' dir='ltr'><strong>sextula:</strong></span> <span class='ocrx_word' id='word_1_90' title='bbox 931 1262 1046 1319; x_wconf 85' lang='lat' dir='ltr'><strong>sive</strong></span> <span class='ocrx_word' id='word_1_91' title='bbox 1067 1259 1245 1317; x_wconf 88' lang='lat' dir='ltr'><strong>solido</strong></span> <span class='ocrx_word' id='word_1_92' title='bbox 1272 1260 1500 1329; x_wconf 87' lang='lat' dir='ltr'><strong>siliquas</strong></span> <span class='ocrx_word' id='word_1_93' title='bbox 1517 1274 1663 1322; x_wconf 86' lang='lat' dir='ltr'><strong>xxtv,</strong></span> <span class='ocrx_word' id='word_1_94' title='bbox 1691 1273 1811 1326; x_wconf 80' lang='lat' dir='ltr'><strong>quae</strong></span> <span class='ocrx_word' id='word_1_95' title='bbox 1840 1266 1895 1312; x_wconf 91' lang='lat' dir='ltr'><strong>et</strong></span> <span class='ocrx_word' id='word_1_96' title='bbox 1918 1257 2084 1329; x_wconf 87' lang='grc' dir='ltr'><strong>κερά-</strong></span> 
     </span>
    </p>
   </div>
   <div class='ocr_carea' id='block_1_15' title="bbox 500 1347 2074 1420">
    <p class='ocr_par' dir='ltr' id='par_1_15' title="bbox 500 1347 2074 1420">
     <span class='ocr_line' id='line_1_15' title="bbox 500 1347 2074 1420; baseline -0.005 -9"><span class='ocrx_word' id='word_1_97' title='bbox 500 1372 596 1412; x_wconf 71' lang='grc' dir='ltr'><strong>ιιιει</strong></span> <span class='ocrx_word' id='word_1_98' title='bbox 645 1360 930 1410; x_wconf 85' lang='lat' dir='ltr'><strong>vocarunt.</strong></span> <span class='ocrx_word' id='word_1_99' title='bbox 986 1352 1222 1420; x_wconf 83' lang='lat' dir='ltr'><strong>Apparet</strong></span> <span class='ocrx_word' id='word_1_100' title='bbox 1258 1365 1388 1419; x_wconf 86' lang='lat' dir='ltr'><strong>ergo</strong></span> <span class='ocrx_word' id='word_1_101' title='bbox 1418 1364 1620 1403; x_wconf 76' lang='lat' dir='ltr'><strong>ccxvut</strong></span> <span class='ocrx_word' id='word_1_102' title='bbox 1663 1347 1894 1418; x_wconf 73' lang='grc' dir='ltr'><strong>κεράτια</strong></span> <span class='ocrx_word' id='word_1_103' title='bbox 1926 1357 2074 1403; x_wconf 89' lang='lat' dir='ltr'><strong>recte</strong></span> 
     </span>
    </p>
   </div>
   <div class='ocr_carea' id='block_1_16' title="bbox 501 1438 2085 1507">
    <p class='ocr_par' dir='ltr' id='par_1_16' title="bbox 501 1438 2085 1507">
     <span class='ocr_line' id='line_1_16' title="bbox 501 1438 2085 1507; baseline -0.004 -7"><span class='ocrx_word' id='word_1_104' title='bbox 501 1459 700 1500; x_wconf 78' lang='lat' dir='ltr'><strong>novem</strong></span> <span class='ocrx_word' id='word_1_105' title='bbox 739 1444 978 1498; x_wconf 88' lang='lat' dir='ltr'><strong>nummis</strong></span> <span class='ocrx_word' id='word_1_106' title='bbox 1029 1442 1146 1496; x_wconf 85' lang='lat' dir='ltr'><strong>sive</strong></span> <span class='ocrx_word' id='word_1_107' title='bbox 1204 1440 1395 1495; x_wconf 82' lang='lat' dir='ltr'><strong>solidis</strong></span> <span class='ocrx_word' id='word_1_108' title='bbox 1446 1438 1912 1507; x_wconf 88' lang='lat' dir='ltr'><strong>imputari;quos</strong></span> <span class='ocrx_word' id='word_1_109' title='bbox 1961 1453 2085 1493; x_wconf 89' lang='lat' dir='ltr'><strong>esse</strong></span> 
     </span>
    </p>
   </div>
   <div class='ocr_carea' id='block_1_17' title="bbox 502 1529 2083 1593">
    <p class='ocr_par' dir='ltr' id='par_1_17' title="bbox 502 1529 2083 1593">
     <span class='ocr_line' id='line_1_17' title="bbox 502 1529 2083 1593; baseline -0.006 -2"><span class='ocrx_word' id='word_1_110' title='bbox 502 1537 696 1591; x_wconf 79' lang='lat' dir='ltr'><strong>Glossa</strong></span> <span class='ocrx_word' id='word_1_111' title='bbox 730 1536 863 1589; x_wconf 89' lang='lat' dir='ltr'><strong>dicit</strong></span> <span class='ocrx_word' id='word_1_112' title='bbox 896 1533 1238 1587; x_wconf 88' lang='lat' dir='ltr'><strong>miliarenses</strong></span> <span class='ocrx_word' id='word_1_113' title='bbox 1270 1529 1502 1593; x_wconf 83' lang='grc' dir='ltr'><strong>λεπτούς</strong></span> <span class='ocrx_word' id='word_1_114' title='bbox 1531 1544 1692 1583; x_wconf 75' lang='lat' dir='ltr'><strong>cxxv.</strong></span> <span class='ocrx_word' id='word_1_115' title='bbox 1745 1530 1788 1583; x_wconf 91' lang='lat' dir='ltr'><strong>Ii</strong></span> <span class='ocrx_word' id='word_1_116' title='bbox 1831 1529 1886 1583; x_wconf 92' lang='lat' dir='ltr'><strong>in</strong></span> <span class='ocrx_word' id='word_1_117' title='bbox 1915 1543 2083 1582; x_wconf 88' lang='lat' dir='ltr'><strong>unum</strong></span> 
     </span>
    </p>
   </div>
   <div class='ocr_carea' id='block_1_18' title="bbox 505 1620 2057 1692">
    <p class='ocr_par' dir='ltr' id='par_1_18' title="bbox 505 1620 2057 1692">
     <span class='ocr_line' id='line_1_18' title="bbox 505 1620 2057 1692; baseline -0.004 -14"><span class='ocrx_word' id='word_1_118' title='bbox 505 1624 786 1678; x_wconf 71' lang='lat' dir='ltr'><strong>sarculum</strong></span> <span class='ocrx_word' id='word_1_119' title='bbox 818 1624 1001 1692; x_wconf 89' lang='lat' dir='ltr'><strong>iniecti</strong></span> <span class='ocrx_word' id='word_1_120' title='bbox 1034 1623 1215 1677; x_wconf 80' lang='lat' dir='ltr'><strong>follem</strong></span> <span class='ocrx_word' id='word_1_121' title='bbox 1249 1620 1634 1677; x_wconf 84' lang='lat' dir='ltr'><strong>conficiebant.</strong></span> <span class='ocrx_word' id='word_1_122' title='bbox 1658 1620 1853 1674; x_wconf 89' lang='lat' dir='ltr'><strong>Iisdem</strong></span> <span class='ocrx_word' id='word_1_123' title='bbox 1878 1635 1945 1673; x_wconf 86' lang='lat' dir='ltr'><strong>ex</strong></span> <span class='ocrx_word' id='word_1_124' title='bbox 1962 1634 2057 1673; x_wconf 87' lang='lat' dir='ltr'><strong>sae</strong></span> 
     </span>
    </p>
   </div>
   <div class='ocr_carea' id='block_1_19' title="bbox 504 1709 2085 1779">
    <p class='ocr_par' dir='ltr' id='par_1_19' title="bbox 504 1709 2085 1779">
     <span class='ocr_line' id='line_1_19' title="bbox 504 1709 2085 1779; baseline -0.001 -13"><span class='ocrx_word' id='word_1_125' title='bbox 504 1713 647 1766; x_wconf 82' lang='lat' dir='ltr'><strong>culis</strong></span> <span class='ocrx_word' id='word_1_126' title='bbox 691 1713 1017 1779; x_wconf 84' lang='lat' dir='ltr'><strong>stipendium</strong></span> <span class='ocrx_word' id='word_1_127' title='bbox 1062 1712 1320 1774; x_wconf 83' lang='lat' dir='ltr'><strong>militare,</strong></span> <span class='ocrx_word' id='word_1_128' title='bbox 1358 1712 1442 1765; x_wconf 89' lang='lat' dir='ltr'><strong>vel</strong></span> <span class='ocrx_word' id='word_1_129' title='bbox 1485 1711 1805 1765; x_wconf 91' lang='lat' dir='ltr'><strong>donativum</strong></span> <span class='ocrx_word' id='word_1_130' title='bbox 1847 1709 1901 1763; x_wconf 92' lang='lat' dir='ltr'><strong>in</strong></span> <span class='ocrx_word' id='word_1_131' title='bbox 1932 1709 2085 1778; x_wconf 82' lang='lat' dir='ltr'><strong>cius-</strong></span> 
     </span>
    </p>
   </div>
   <div class='ocr_carea' id='block_1_20' title="bbox 507 1800 2091 1870">
    <p class='ocr_par' dir='ltr' id='par_1_20' title="bbox 507 1800 2091 1870">
     <span class='ocr_line' id='line_1_20' title="bbox 507 1800 2091 1870; baseline -0.002 -16"><span class='ocrx_word' id='word_1_132' title='bbox 507 1802 652 1855; x_wconf 83' lang='lat' dir='ltr'><strong>modi</strong></span> <span class='ocrx_word' id='word_1_133' title='bbox 680 1802 1097 1856; x_wconf 80' lang='lat' dir='ltr'><strong>miliariensium</strong></span> <span class='ocrx_word' id='word_1_134' title='bbox 1129 1802 1310 1870; x_wconf 83' lang='lat' dir='ltr'><strong>specie</strong></span> <span class='ocrx_word' id='word_1_135' title='bbox 1334 1800 1764 1870; x_wconf 85' lang='lat' dir='ltr'><strong>persolvebatur.</strong></span> <span class='ocrx_word' id='word_1_136' title='bbox 1800 1800 1955 1854; x_wconf 90' lang='lat' dir='ltr'><strong>Unde</strong></span> <span class='ocrx_word' id='word_1_137' title='bbox 1987 1800 2091 1852; x_wconf 90' lang='lat' dir='ltr'><strong>mi-</strong></span> 
     </span>
    </p>
   </div>
   <div class='ocr_carea' id='block_1_21' title="bbox 507 1889 2082 1960">
    <p class='ocr_par' dir='ltr' id='par_1_21' title="bbox 507 1889 2082 1960">
     <span class='ocr_line' id='line_1_21' title="bbox 507 1889 2082 1960; baseline 0.001 -18"><span class='ocrx_word' id='word_1_138' title='bbox 507 1892 852 1946; x_wconf 75' lang='lat' dir='ltr'><strong>liariensibus</strong></span> <span class='ocrx_word' id='word_1_139' title='bbox 879 1906 1076 1945; x_wconf 90' lang='lat' dir='ltr'><strong>nomen</strong></span> <span class='ocrx_word' id='word_1_140' title='bbox 1102 1891 1333 1945; x_wconf 91' lang='lat' dir='ltr'><strong>inditum</strong></span> <span class='ocrx_word' id='word_1_141' title='bbox 1351 1889 1524 1946; x_wconf 65' lang='lat' dir='ltr'><strong>Graeci</strong></span> <span class='ocrx_word' id='word_1_142' title='bbox 1553 1890 1756 1960; x_wconf 84' lang='lat' dir='ltr'><strong>passim</strong></span> <span class='ocrx_word' id='word_1_143' title='bbox 1779 1897 2082 1943; x_wconf 83' lang='lat' dir='ltr'><strong>autumant.</strong></span> 
     </span>
    </p>
   </div>
   <div class='ocr_carea' id='block_1_22' title="bbox 504 1977 2086 2051">
    <p class='ocr_par' dir='ltr' id='par_1_22' title="bbox 504 1977 2086 2051">
     <span class='ocr_line' id='line_1_22' title="bbox 504 1977 2086 2051; baseline -0.002 -18"><span class='ocrx_word' id='word_1_144' title='bbox 504 1979 659 2047; x_wconf 84' lang='lat' dir='ltr'><strong>Apud</strong></span> <span class='ocrx_word' id='word_1_145' title='bbox 680 1979 897 2035; x_wconf 86' lang='lat' dir='ltr'><strong>easdem</strong></span> <span class='ocrx_word' id='word_1_146' title='bbox 931 1980 1052 2036; x_wconf 83' lang='lat' dir='ltr'><strong>illas</strong></span> <span class='ocrx_word' id='word_1_147' title='bbox 1064 1978 1314 2040; x_wconf 85' lang='lat' dir='ltr'><strong>Glossas.</strong></span> <span class='ocrx_word' id='word_1_148' title='bbox 1340 1979 1672 2051; x_wconf 70' lang='grc' dir='ltr'><strong>μιλιαρῐσιον</strong></span> <span class='ocrx_word' id='word_1_149' title='bbox 1700 1977 2086 2049; x_wconf 80' lang='grc' dir='ltr'><strong>στρατιωτικὸν</strong></span> 
     </span>
    </p>
   </div>
   <div class='ocr_carea' id='block_1_23' title="bbox 505 2069 2086 2142">
    <p class='ocr_par' dir='ltr' id='par_1_23' title="bbox 505 2069 2086 2142">
     <span class='ocr_line' id='line_1_23' title="bbox 505 2069 2086 2142; baseline -0.002 -17"><span class='ocrx_word' id='word_1_150' title='bbox 505 2070 702 2142; x_wconf 80' lang='grc' dir='ltr'><strong>δῶρον,</strong></span> <span class='ocrx_word' id='word_1_151' title='bbox 740 2078 797 2127; x_wconf 91' lang='lat' dir='ltr'><strong>et</strong></span> <span class='ocrx_word' id='word_1_152' title='bbox 828 2071 956 2125; x_wconf 90' lang='lat' dir='ltr'><strong>alibi</strong></span> <span class='ocrx_word' id='word_1_153' title='bbox 984 2071 1211 2141; x_wconf 87' lang='lat' dir='ltr'><strong>passim.</strong></span> <span class='ocrx_word' id='word_1_154' title='bbox 1247 2070 1357 2125; x_wconf 88' lang='lat' dir='ltr'><strong>Nec</strong></span> <span class='ocrx_word' id='word_1_155' title='bbox 1387 2071 1549 2124; x_wconf 89' lang='lat' dir='ltr'><strong>aliam</strong></span> <span class='ocrx_word' id='word_1_156' title='bbox 1579 2072 1649 2125; x_wconf 90' lang='lat' dir='ltr'><strong>ab</strong></span> <span class='ocrx_word' id='word_1_157' title='bbox 1674 2070 1786 2124; x_wconf 91' lang='lat' dir='ltr'><strong>ullo</strong></span> <span class='ocrx_word' id='word_1_158' title='bbox 1814 2069 2086 2140; x_wconf 80' lang='lat' dir='ltr'><strong>proditam</strong></span> 
     </span>
    </p>
   </div>
   <div class='ocr_carea' id='block_1_24' title="bbox 507 2160 2088 2231">
    <p class='ocr_par' dir='ltr' id='par_1_24' title="bbox 507 2160 2088 2231">
     <span class='ocr_line' id='line_1_24' title="bbox 507 2160 2088 2231; baseline -0.003 -15"><span class='ocrx_word' id='word_1_159' title='bbox 507 2162 758 2218; x_wconf 81' lang='lat' dir='ltr'><strong>vocabuli</strong></span> <span class='ocrx_word' id='word_1_160' title='bbox 808 2162 970 2218; x_wconf 88' lang='lat' dir='ltr'><strong>istius</strong></span> <span class='ocrx_word' id='word_1_161' title='bbox 1016 2162 1282 2231; x_wconf 84' lang='lat' dir='ltr'><strong>originem</strong></span> <span class='ocrx_word' id='word_1_162' title='bbox 1331 2168 1550 2216; x_wconf 75' lang='lat' dir='ltr'><strong>exstare</strong></span> <span class='ocrx_word' id='word_1_163' title='bbox 1583 2160 1844 2223; x_wconf 88' lang='lat' dir='ltr'><strong>memini;</strong></span> <span class='ocrx_word' id='word_1_164' title='bbox 1889 2173 2013 2227; x_wconf 74' lang='lat' dir='ltr'><strong>quae</strong></span> <span class='ocrx_word' id='word_1_165' title='bbox 2056 2173 2088 2212; x_wconf 90' lang='lat' dir='ltr'><strong>a</strong></span> 
     </span>
    </p>
   </div>
   <div class='ocr_carea' id='block_1_25' title="bbox 507 2248 2091 2319">
    <p class='ocr_par' dir='ltr' id='par_1_25' title="bbox 507 2248 2091 2319">
     <span class='ocr_line' id='line_1_25' title="bbox 507 2248 2091 2319; baseline -0.006 -12"><span class='ocrx_word' id='word_1_166' title='bbox 507 2253 712 2309; x_wconf 89' lang='lat' dir='ltr'><strong>nostris</strong></span> <span class='ocrx_word' id='word_1_167' title='bbox 743 2260 925 2307; x_wconf 90' lang='lat' dir='ltr'><strong>tamen</strong></span> <span class='ocrx_word' id='word_1_168' title='bbox 958 2252 1156 2305; x_wconf 89' lang='lat' dir='ltr'><strong>merito</strong></span> <span class='ocrx_word' id='word_1_169' title='bbox 1185 2249 1473 2319; x_wconf 88' lang='lat' dir='ltr'><strong>reiicitur;</strong></span> <span class='ocrx_word' id='word_1_170' title='bbox 1532 2263 1657 2303; x_wconf 88' lang='lat' dir='ltr'><strong>nam</strong></span> <span class='ocrx_word' id='word_1_171' title='bbox 1693 2264 1727 2301; x_wconf 91' lang='lat' dir='ltr'><strong>a</strong></span> <span class='ocrx_word' id='word_1_172' title='bbox 1769 2248 1965 2301; x_wconf 84' lang='lat' dir='ltr'><strong>militia</strong></span> <span class='ocrx_word' id='word_1_173' title='bbox 1996 2253 2091 2299; x_wconf 90' lang='lat' dir='ltr'><strong>aut</strong></span> 
     </span>
    </p>
   </div>
   <div class='ocr_carea' id='block_1_26' title="bbox 508 2336 2086 2404">
    <p class='ocr_par' dir='ltr' id='par_1_26' title="bbox 508 2336 2086 2404">
     <span class='ocr_line' id='line_1_26' title="bbox 508 2336 2086 2404; baseline -0.004 -7"><span class='ocrx_word' id='word_1_174' title='bbox 508 2344 675 2397; x_wconf 81' lang='lat' dir='ltr'><strong>milite</strong></span> <span class='ocrx_word' id='word_1_175' title='bbox 697 2357 807 2396; x_wconf 91' lang='lat' dir='ltr'><strong>non</strong></span> <span class='ocrx_word' id='word_1_176' title='bbox 839 2341 1208 2404; x_wconf 86' lang='lat' dir='ltr'><strong>miliariensis,</strong></span> <span class='ocrx_word' id='word_1_177' title='bbox 1235 2339 1330 2395; x_wconf 90' lang='lat' dir='ltr'><strong>sed</strong></span> <span class='ocrx_word' id='word_1_178' title='bbox 1354 2339 1703 2393; x_wconf 83' lang='lat' dir='ltr'><strong>militarensis</strong></span> <span class='ocrx_word' id='word_1_179' title='bbox 1732 2338 1848 2391; x_wconf 86' lang='lat' dir='ltr'><strong>fieri</strong></span> <span class='ocrx_word' id='word_1_180' title='bbox 1873 2336 2086 2391; x_wconf 90' lang='lat' dir='ltr'><strong>debuit.</strong></span> 
     </span>
    </p>
   </div>
   <div class='ocr_carea' id='block_1_27' title="bbox 508 2425 2088 2498">
    <p class='ocr_par' dir='ltr' id='par_1_27' title="bbox 508 2425 2088 2498">
     <span class='ocr_line' id='line_1_27' title="bbox 508 2425 2088 2498; baseline -0.004 -13"><span class='ocrx_word' id='word_1_181' title='bbox 508 2431 689 2498; x_wconf 81' lang='lat' dir='ltr'><strong>Quare</strong></span> <span class='ocrx_word' id='word_1_182' title='bbox 719 2432 766 2485; x_wconf 89' lang='lat' dir='ltr'><strong>si</strong></span> <span class='ocrx_word' id='word_1_183' title='bbox 814 2429 950 2484; x_wconf 89' lang='lat' dir='ltr'><strong>mihi</strong></span> <span class='ocrx_word' id='word_1_184' title='bbox 987 2429 1042 2483; x_wconf 92' lang='lat' dir='ltr'><strong>in</strong></span> <span class='ocrx_word' id='word_1_185' title='bbox 1086 2429 1320 2483; x_wconf 86' lang='lat' dir='ltr'><strong>obscura</strong></span> <span class='ocrx_word' id='word_1_186' title='bbox 1364 2443 1426 2482; x_wconf 92' lang='lat' dir='ltr'><strong>re</strong></span> <span class='ocrx_word' id='word_1_187' title='bbox 1453 2426 1773 2496; x_wconf 84' lang='lat' dir='ltr'><strong>conjectura</strong></span> <span class='ocrx_word' id='word_1_188' title='bbox 1811 2426 1939 2480; x_wconf 90' lang='lat' dir='ltr'><strong>licet</strong></span> <span class='ocrx_word' id='word_1_189' title='bbox 1970 2425 2088 2490; x_wconf 87' lang='lat' dir='ltr'><strong>uti;</strong></span> 
     </span>
    </p>
   </div>
   <div class='ocr_carea' id='block_1_28' title="bbox 509 2517 2094 2593">
    <p class='ocr_par' dir='ltr' id='par_1_28' title="bbox 509 2517 2094 2593">
     <span class='ocr_line' id='line_1_28' title="bbox 509 2517 2094 2593; baseline -0.003 -17"><span class='ocrx_word' id='word_1_190' title='bbox 509 2521 659 2593; x_wconf 89' lang='lat' dir='ltr'><strong>quod</strong></span> <span class='ocrx_word' id='word_1_191' title='bbox 695 2536 795 2574; x_wconf 90' lang='lat' dir='ltr'><strong>cur</strong></span> <span class='ocrx_word' id='word_1_192' title='bbox 825 2520 1050 2575; x_wconf 90' lang='lat' dir='ltr'><strong>minime</strong></span> <span class='ocrx_word' id='word_1_193' title='bbox 1073 2519 1425 2582; x_wconf 87' lang='lat' dir='ltr'><strong>concedatur,</strong></span> <span class='ocrx_word' id='word_1_194' title='bbox 1471 2534 1577 2571; x_wconf 91' lang='lat' dir='ltr'><strong>non</strong></span> <span class='ocrx_word' id='word_1_195' title='bbox 1611 2518 1802 2584; x_wconf 86' lang='lat' dir='ltr'><strong>video;</strong></span> <span class='ocrx_word' id='word_1_196' title='bbox 1833 2517 2094 2573; x_wconf 84' lang='lat' dir='ltr'><strong>libentius</strong></span> 
     </span>
    </p>
   </div>
   <div class='ocr_carea' id='block_1_29' title="bbox 515 2610 2087 2669">
    <p class='ocr_par' dir='ltr' id='par_1_29' title="bbox 515 2610 2087 2669">
     <span class='ocr_line' id='line_1_29' title="bbox 515 2610 2087 2669; baseline -0.004 0"><span class='ocrx_word' id='word_1_197' title='bbox 515 2614 884 2669; x_wconf 86' lang='lat' dir='ltr'><strong>miliarcnsem</strong></span> <span class='ocrx_word' id='word_1_198' title='bbox 925 2626 954 2663; x_wconf 89' lang='lat' dir='ltr'><strong>a</strong></span> <span class='ocrx_word' id='word_1_199' title='bbox 988 2611 1293 2665; x_wconf 89' lang='lat' dir='ltr'><strong>millenario</strong></span> <span class='ocrx_word' id='word_1_200' title='bbox 1325 2626 1554 2665; x_wconf 83' lang='lat' dir='ltr'><strong>numero</strong></span> <span class='ocrx_word' id='word_1_201' title='bbox 1585 2611 1861 2665; x_wconf 87' lang='lat' dir='ltr'><strong>detortum</strong></span> <span class='ocrx_word' id='word_1_202' title='bbox 1901 2610 2087 2665; x_wconf 85' lang='lat' dir='ltr'><strong>existi-</strong></span> 
     </span>
    </p>
   </div>
   <div class='ocr_carea' id='block_1_30' title="bbox 511 2698 2090 2772">
    <p class='ocr_par' dir='ltr' id='par_1_30' title="bbox 511 2698 2090 2772">
     <span class='ocr_line' id='line_1_30' title="bbox 511 2698 2090 2772; baseline -0.003 -15"><span class='ocrx_word' id='word_1_203' title='bbox 511 2718 683 2758; x_wconf 86' lang='lat' dir='ltr'><strong>mem:</strong></span> <span class='ocrx_word' id='word_1_204' title='bbox 715 2700 860 2772; x_wconf 92' lang='lat' dir='ltr'><strong>quod</strong></span> <span class='ocrx_word' id='word_1_205' title='bbox 897 2699 1148 2754; x_wconf 84' lang='lat' dir='ltr'><strong>videlicet</strong></span> <span class='ocrx_word' id='word_1_206' title='bbox 1172 2700 1319 2754; x_wconf 92' lang='lat' dir='ltr'><strong>mille</strong></span> <span class='ocrx_word' id='word_1_207' title='bbox 1362 2698 1673 2755; x_wconf 86' lang='lat' dir='ltr'><strong>istiusmodi</strong></span> <span class='ocrx_word' id='word_1_208' title='bbox 1701 2700 1941 2754; x_wconf 91' lang='lat' dir='ltr'><strong>nummis</strong></span> <span class='ocrx_word' id='word_1_209' title='bbox 1971 2698 2090 2753; x_wconf 87' lang='lat' dir='ltr'><strong>auri</strong></span> 
     </span>
    </p>
   </div>
   <div class='ocr_carea' id='block_1_31' title="bbox 511 2790 2093 2853">
    <p class='ocr_par' dir='ltr' id='par_1_31' title="bbox 511 2790 2093 2853">
     <span class='ocr_line' id='line_1_31' title="bbox 511 2790 2093 2853; baseline -0.003 -6"><span class='ocrx_word' id='word_1_210' title='bbox 511 2794 647 2850; x_wconf 88' lang='lat' dir='ltr'><strong>libra</strong></span> <span class='ocrx_word' id='word_1_211' title='bbox 673 2791 942 2847; x_wconf 82' lang='lat' dir='ltr'><strong>aestimata</strong></span> <span class='ocrx_word' id='word_1_212' title='bbox 966 2790 1148 2846; x_wconf 90' lang='lat' dir='ltr'><strong>fuerit.</strong></span> <span class='ocrx_word' id='word_1_213' title='bbox 1178 2790 1389 2846; x_wconf 87' lang='lat' dir='ltr'><strong>Etenim</strong></span> <span class='ocrx_word' id='word_1_214' title='bbox 1412 2790 1868 2853; x_wconf 87' lang='lat' dir='ltr'><strong>solidorum,sive</strong></span> <span class='ocrx_word' id='word_1_215' title='bbox 1898 2804 2093 2843; x_wconf 90' lang='lat' dir='ltr'><strong>aureo-</strong></span> 
     </span>
    </p>
   </div>
   <div class='ocr_carea' id='block_1_32' title="bbox 510 2874 2092 2951">
    <p class='ocr_par' dir='ltr' id='par_1_32' title="bbox 510 2874 2092 2951">
     <span class='ocr_line' id='line_1_32' title="bbox 510 2874 2092 2951; baseline -0.002 -11"><span class='ocrx_word' id='word_1_216' title='bbox 510 2900 631 2941; x_wconf 88' lang='lat' dir='ltr'><strong>rum</strong></span> <span class='ocrx_word' id='word_1_217' title='bbox 680 2884 737 2939; x_wconf 91' lang='lat' dir='ltr'><strong>in</strong></span> <span class='ocrx_word' id='word_1_218' title='bbox 762 2874 975 2938; x_wconf 55' lang='lat' dir='ltr'><strong>&#39;libram</strong></span> <span class='ocrx_word' id='word_1_219' title='bbox 1025 2896 1292 2939; x_wconf 88' lang='lat' dir='ltr'><strong>numerus</strong></span> <span class='ocrx_word' id='word_1_220' title='bbox 1323 2897 1448 2937; x_wconf 91' lang='lat' dir='ltr'><strong>cum</strong></span> <span class='ocrx_word' id='word_1_221' title='bbox 1496 2882 1748 2937; x_wconf 89' lang='lat' dir='ltr'><strong>diversus</strong></span> <span class='ocrx_word' id='word_1_222' title='bbox 1795 2880 2092 2951; x_wconf 87' lang='lat' dir='ltr'><strong>aliquando</strong></span> 
     </span>
    </p>
   </div>
   <div class='ocr_carea' id='block_1_33' title="bbox 511 2972 2090 3042">
    <p class='ocr_par' dir='ltr' id='par_1_33' title="bbox 511 2972 2090 3042">
     <span class='ocr_line' id='line_1_33' title="bbox 511 2972 2090 3042; baseline -0.002 -12"><span class='ocrx_word' id='word_1_223' title='bbox 511 2978 693 3040; x_wconf 87' lang='lat' dir='ltr'><strong>fuerit,</strong></span> <span class='ocrx_word' id='word_1_224' title='bbox 746 2975 962 3030; x_wconf 89' lang='lat' dir='ltr'><strong>tandem</strong></span> <span class='ocrx_word' id='word_1_225' title='bbox 994 2972 1063 3029; x_wconf 90' lang='lat' dir='ltr'><strong>ad</strong></span> <span class='ocrx_word' id='word_1_226' title='bbox 1111 2989 1258 3028; x_wconf 78' lang='lat' dir='ltr'><strong>Lxxu</strong></span> <span class='ocrx_word' id='word_1_227' title='bbox 1305 2973 1572 3042; x_wconf 86' lang='lat' dir='ltr'><strong>pervenit.</strong></span> <span class='ocrx_word' id='word_1_228' title='bbox 1633 2972 1741 3027; x_wconf 59' lang='lat' dir='ltr'><strong>Ssx</strong></span> <span class='ocrx_word' id='word_1_229' title='bbox 1793 2975 1961 3035; x_wconf 87' lang='lat' dir='ltr'><strong>enim,</strong></span> <span class='ocrx_word' id='word_1_230' title='bbox 2013 2973 2090 3027; x_wconf 85' lang='lat' dir='ltr'><strong>uti</strong></span> 
     </span>
    </p>
   </div>
   <div class='ocr_carea' id='block_1_34' title="bbox 509 3061 2090 3133">
    <p class='ocr_par' dir='ltr' id='par_1_34' title="bbox 509 3061 2090 3133">
     <span class='ocr_line' id='line_1_34' title="bbox 509 3061 2090 3133; baseline -0.004 -10"><span class='ocrx_word' id='word_1_231' title='bbox 509 3069 714 3124; x_wconf 89' lang='lat' dir='ltr'><strong>dictum</strong></span> <span class='ocrx_word' id='word_1_232' title='bbox 744 3073 849 3132; x_wconf 89' lang='lat' dir='ltr'><strong>est,</strong></span> <span class='ocrx_word' id='word_1_233' title='bbox 892 3065 947 3119; x_wconf 89' lang='lat' dir='ltr'><strong>in</strong></span> <span class='ocrx_word' id='word_1_234' title='bbox 1006 3064 1224 3120; x_wconf 90' lang='lat' dir='ltr'><strong>unciam</strong></span> <span class='ocrx_word' id='word_1_235' title='bbox 1259 3064 1530 3133; x_wconf 84' lang='lat' dir='ltr'><strong>percussi.</strong></span> <span class='ocrx_word' id='word_1_236' title='bbox 1583 3061 1707 3117; x_wconf 84' lang='lat' dir='ltr'><strong>Ideo</strong></span> <span class='ocrx_word' id='word_1_237' title='bbox 1753 3062 1962 3117; x_wconf 71' lang='lat' dir='ltr'><strong>sextula</strong></span> <span class='ocrx_word' id='word_1_238' title='bbox 1991 3078 2090 3116; x_wconf 86' lang='lat' dir='ltr'><strong>vo-</strong></span> 
     </span>
    </p>
   </div>
   <div class='ocr_carea' id='block_1_35' title="bbox 509 3152 2089 3227">
    <p class='ocr_par' dir='ltr' id='par_1_35' title="bbox 509 3152 2089 3227">
     <span class='ocr_line' id='line_1_35' title="bbox 509 3152 2089 3227; baseline -0.004 -15"><span class='ocrx_word' id='word_1_239' title='bbox 509 3169 650 3220; x_wconf 88' lang='lat' dir='ltr'><strong>cata,</strong></span> <span class='ocrx_word' id='word_1_240' title='bbox 690 3155 838 3227; x_wconf 90' lang='lat' dir='ltr'><strong>quod</strong></span> <span class='ocrx_word' id='word_1_241' title='bbox 865 3163 1074 3211; x_wconf 89' lang='lat' dir='ltr'><strong>sextam</strong></span> <span class='ocrx_word' id='word_1_242' title='bbox 1096 3154 1269 3209; x_wconf 71' lang='lat' dir='ltr'><strong>uncia:</strong></span> <span class='ocrx_word' id='word_1_243' title='bbox 1300 3162 1506 3223; x_wconf 89' lang='lat' dir='ltr'><strong>partem</strong></span> <span class='ocrx_word' id='word_1_244' title='bbox 1531 3152 1806 3221; x_wconf 84' lang='lat' dir='ltr'><strong>penderet.</strong></span> <span class='ocrx_word' id='word_1_245' title='bbox 1844 3152 2089 3206; x_wconf 80' lang='lat' dir='ltr'><strong>Zonaras</strong></span> 
     </span>
    </p>
   </div>
   <div class='ocr_carea' id='block_1_36' title="bbox 509 3241 2092 3316">
    <p class='ocr_par' dir='ltr' id='par_1_36' title="bbox 509 3241 2092 3316">
     <span class='ocr_line' id='line_1_36' title="bbox 509 3241 2092 3316; baseline -0.006 -13"><span class='ocrx_word' id='word_1_246' title='bbox 509 3251 578 3304; x_wconf 84' lang='lat' dir='ltr'><strong>de</strong></span> <span class='ocrx_word' id='word_1_247' title='bbox 603 3248 910 3316; x_wconf 85' lang='lat' dir='ltr'><strong>Nicephoro</strong></span> <span class='ocrx_word' id='word_1_248' title='bbox 937 3245 1149 3301; x_wconf 88' lang='lat' dir='ltr'><strong>Phoca:</strong></span> <span class='ocrx_word' id='word_1_249' title='bbox 1203 3241 1313 3297; x_wconf 85' lang='grc' dir='ltr'><strong>Ἦν</strong></span> <span class='ocrx_word' id='word_1_250' title='bbox 1342 3244 1400 3297; x_wconf 85' lang='grc' dir='ltr'><strong>δὲ</strong></span> <span class='ocrx_word' id='word_1_251' title='bbox 1439 3243 1576 3314; x_wconf 85' lang='grc' dir='ltr'><strong>πρὸς</strong></span> <span class='ocrx_word' id='word_1_252' title='bbox 1608 3245 1723 3305; x_wconf 81' lang='grc' dir='ltr'><strong>τοῖς</strong></span> <span class='ocrx_word' id='word_1_253' title='bbox 1776 3242 1956 3305; x_wconf 74' lang='grc' dir='ltr'><strong>ἄλλοις</strong></span> <span class='ocrx_word' id='word_1_254' title='bbox 1995 3243 2092 3295; x_wconf 74' lang='grc' dir='ltr'><strong>καὶ</strong></span> 
     </span>
    </p>
   </div>
   <div class='ocr_carea' id='block_1_37' title="bbox 509 3334 2092 3410">
    <p class='ocr_par' dir='ltr' id='par_1_37' title="bbox 509 3334 2092 3410">
     <span class='ocr_line' id='line_1_37' title="bbox 509 3334 2092 3410; baseline -0.003 -19"><span class='ocrx_word' id='word_1_255' title='bbox 509 3339 810 3410; x_wconf 79' lang='grc' dir='ltr'><strong>χρημάτων</strong></span> <span class='ocrx_word' id='word_1_256' title='bbox 836 3338 1037 3407; x_wconf 76' lang='grc' dir='ltr'><strong>ἥττων,</strong></span> <span class='ocrx_word' id='word_1_257' title='bbox 1068 3335 1145 3398; x_wconf 77' lang='grc' dir='ltr'><strong>ὡς</strong></span> <span class='ocrx_word' id='word_1_258' title='bbox 1175 3335 1341 3389; x_wconf 73' lang='grc' dir='ltr'><strong>ἔοικε.</strong></span> <span class='ocrx_word' id='word_1_259' title='bbox 1378 3334 1558 3404; x_wconf 80' lang='grc' dir='ltr'><strong>Μέχρι</strong></span> <span class='ocrx_word' id='word_1_260' title='bbox 1586 3334 1695 3404; x_wconf 83' lang='grc' dir='ltr'><strong>γὰρ</strong></span> <span class='ocrx_word' id='word_1_261' title='bbox 1723 3335 1930 3387; x_wconf 75' lang='grc' dir='ltr'><strong>ἐκείνου</strong></span> <span class='ocrx_word' id='word_1_262' title='bbox 1954 3352 2092 3387; x_wconf 84' lang='grc' dir='ltr'><strong>παν-</strong></span> 
     </span>
    </p>
   </div>
   <div class='ocr_carea' id='block_1_38' title="bbox 510 3424 2094 3498">
    <p class='ocr_par' dir='ltr' id='par_1_38' title="bbox 510 3424 2094 3498">
     <span class='ocr_line' id='line_1_38' title="bbox 510 3424 2094 3498; baseline -0.003 -16"><span class='ocrx_word' id='word_1_263' title='bbox 510 3431 601 3492; x_wconf 80' lang='grc' dir='ltr'><strong>τὸς</strong></span> <span class='ocrx_word' id='word_1_264' title='bbox 644 3428 973 3498; x_wconf 79' lang='grc' dir='ltr'><strong>νομίσματος</strong></span> <span class='ocrx_word' id='word_1_265' title='bbox 1022 3425 1239 3494; x_wconf 78' lang='grc' dir='ltr'><strong>ὲξαγίου</strong></span> <span class='ocrx_word' id='word_1_266' title='bbox 1288 3424 1527 3495; x_wconf 81' lang='grc' dir='ltr'><strong>σταθμὸν</strong></span> <span class='ocrx_word' id='word_1_267' title='bbox 1574 3425 1843 3489; x_wconf 72' lang='grc' dir='ltr'><strong>ἕλκοντος,</strong></span> <span class='ocrx_word' id='word_1_268' title='bbox 1886 3427 2094 3488; x_wconf 74' lang='grc' dir='ltr'><strong>ἐκεῖνος</strong></span> 
     </span>
    </p>
   </div>
   <div class='ocr_carea' id='block_1_39' title="bbox 510 3515 2094 3590">
    <p class='ocr_par' dir='ltr' id='par_1_39' title="bbox 510 3515 2094 3590">
     <span class='ocr_line' id='line_1_39' title="bbox 510 3515 2094 3590; baseline -0.001 -18"><span class='ocrx_word' id='word_1_269' title='bbox 510 3520 572 3573; x_wconf 86' lang='grc' dir='ltr'><strong>τὸ</strong></span> <span class='ocrx_word' id='word_1_270' title='bbox 598 3517 933 3590; x_wconf 86' lang='grc' dir='ltr'><strong>τεταρτηρὸν</strong></span> <span class='ocrx_word' id='word_1_271' title='bbox 975 3517 1259 3588; x_wconf 74' lang='grc' dir='ltr'><strong>ἐπενόησε,</strong></span> <span class='ocrx_word' id='word_1_272' title='bbox 1309 3515 1617 3580; x_wconf 80' lang='grc' dir='ltr'><strong>κολοὸώσας</strong></span> <span class='ocrx_word' id='word_1_273' title='bbox 1661 3516 1792 3570; x_wconf 77' lang='grc' dir='ltr'><strong>αὐτὸ</strong></span> <span class='ocrx_word' id='word_1_274' title='bbox 1835 3517 1975 3571; x_wconf 78' lang='grc' dir='ltr'><strong>κατὰ</strong></span> <span class='ocrx_word' id='word_1_275' title='bbox 2001 3517 2094 3571; x_wconf 84' lang='grc' dir='ltr'><strong>τὸν</strong></span> 
     </span>
    </p>
   </div>
   <div class='ocr_carea' id='block_1_40' title="bbox 514 3609 776 3679">
    <p class='ocr_par' dir='ltr' id='par_1_40' title="bbox 514 3609 776 3679">
     <span class='ocr_line' id='line_1_40' title="bbox 514 3609 776 3679; baseline 0.004 -17"><span class='ocrx_word' id='word_1_276' title='bbox 514 3609 776 3679; x_wconf 81' lang='grc' dir='ltr'><strong>σταθμόν.</strong></span> 
     </span>
    </p>
   </div>
   <div class='ocr_carea' id='block_1_41' title="bbox 585 3702 2094 3772">
    <p class='ocr_par' dir='ltr' id='par_1_41' title="bbox 585 3702 2094 3772">
     <span class='ocr_line' id='line_1_41' title="bbox 585 3702 2094 3772; baseline 0.001 -14"><span class='ocrx_word' id='word_1_277' title='bbox 585 3703 643 3758; x_wconf 91' lang='lat' dir='ltr'><strong>Si</strong></span> <span class='ocrx_word' id='word_1_278' title='bbox 695 3703 863 3772; x_wconf 91' lang='lat' dir='ltr'><strong>igitur</strong></span> <span class='ocrx_word' id='word_1_279' title='bbox 913 3702 1255 3757; x_wconf 86' lang='lat' dir='ltr'><strong>miliarenses</strong></span> <span class='ocrx_word' id='word_1_280' title='bbox 1313 3717 1452 3758; x_wconf 87' lang='lat' dir='ltr'><strong>cxxv</strong></span> <span class='ocrx_word' id='word_1_281' title='bbox 1503 3717 1695 3757; x_wconf 85' lang='lat' dir='ltr'><strong>novem</strong></span> <span class='ocrx_word' id='word_1_282' title='bbox 1741 3703 1947 3759; x_wconf 89' lang='lat' dir='ltr'><strong>solidos</strong></span> <span class='ocrx_word' id='word_1_283' title='bbox 1995 3719 2094 3759; x_wconf 64' lang='grc' dir='ltr'><strong>ειη</strong></span> 
     </span>
    </p>
   </div>
   <div class='ocr_carea' id='block_1_42' title="bbox 510 3793 2095 3866">
    <p class='ocr_par' dir='ltr' id='par_1_42' title="bbox 510 3793 2095 3866">
     <span class='ocr_line' id='line_1_42' title="bbox 510 3793 2095 3866; baseline 0 -19"><span class='ocrx_word' id='word_1_284' title='bbox 510 3801 758 3864; x_wconf 84' lang='lat' dir='ltr'><strong>aequant,</strong></span> <span class='ocrx_word' id='word_1_285' title='bbox 805 3801 861 3848; x_wconf 92' lang='lat' dir='ltr'><strong>et</strong></span> <span class='ocrx_word' id='word_1_286' title='bbox 909 3809 1006 3848; x_wconf 86' lang='lat' dir='ltr'><strong>cet.</strong></span> <span class='ocrx_word' id='word_1_287' title='bbox 1058 3793 1265 3849; x_wconf 91' lang='lat' dir='ltr'><strong>solidos</strong></span> <span class='ocrx_word' id='word_1_288' title='bbox 1330 3794 1672 3859; x_wconf 81' lang='lat' dir='ltr'><strong>octodecim;</strong></span> <span class='ocrx_word' id='word_1_289' title='bbox 1719 3810 1851 3865; x_wconf 89' lang='lat' dir='ltr'><strong>ergo</strong></span> <span class='ocrx_word' id='word_1_290' title='bbox 1898 3803 2095 3866; x_wconf 85' lang='lat' dir='ltr'><strong>quater</strong></span> 
     </span>
    </p>
   </div>
   <div class='ocr_carea' id='block_1_43' title="bbox 512 3884 2092 3955">
    <p class='ocr_par' dir='ltr' id='par_1_43' title="bbox 512 3884 2092 3955">
     <span class='ocr_line' id='line_1_43' title="bbox 512 3884 2092 3955; baseline 0.002 -16"><span class='ocrx_word' id='word_1_291' title='bbox 512 3884 732 3939; x_wconf 85' lang='lat' dir='ltr'><strong>ducenti</strong></span> <span class='ocrx_word' id='word_1_292' title='bbox 785 3884 1179 3955; x_wconf 72' lang='lat' dir='ltr'><strong>quinquaginta</strong></span> <span class='ocrx_word' id='word_1_293' title='bbox 1230 3885 1589 3949; x_wconf 87' lang='lat' dir='ltr'><strong>miliarenses,</strong></span> <span class='ocrx_word' id='word_1_294' title='bbox 1659 3885 1769 3939; x_wconf 89' lang='lat' dir='ltr'><strong>hoc</strong></span> <span class='ocrx_word' id='word_1_295' title='bbox 1812 3896 1896 3940; x_wconf 88' lang='lat' dir='ltr'><strong>est</strong></span> <span class='ocrx_word' id='word_1_296' title='bbox 1946 3888 2092 3942; x_wconf 90' lang='lat' dir='ltr'><strong>mille</strong></span> 
     </span>
    </p>
   </div>
   <div class='ocr_carea' id='block_1_44' title="bbox 513 3974 2091 4044">
    <p class='ocr_par' dir='ltr' id='par_1_44' title="bbox 513 3974 2091 4044">
     <span class='ocr_line' id='line_1_44' title="bbox 513 3974 2091 4044; baseline -0.002 -13"><span class='ocrx_word' id='word_1_297' title='bbox 513 3975 720 4031; x_wconf 87' lang='lat' dir='ltr'><strong>solidos</strong></span> <span class='ocrx_word' id='word_1_298' title='bbox 766 3974 1061 4044; x_wconf 87' lang='lat' dir='ltr'><strong>explebunt</strong></span> <span class='ocrx_word' id='word_1_299' title='bbox 1101 3989 1273 4038; x_wconf 78' lang='lat' dir='ltr'><strong>Lxxn,</strong></span> <span class='ocrx_word' id='word_1_300' title='bbox 1324 3990 1446 4044; x_wconf 67' lang='lat' dir='ltr'><strong>quae</strong></span> <span class='ocrx_word' id='word_1_301' title='bbox 1484 3984 1564 4030; x_wconf 87' lang='lat' dir='ltr'><strong>est</strong></span> <span class='ocrx_word' id='word_1_302' title='bbox 1607 3974 1724 4029; x_wconf 90' lang='lat' dir='ltr'><strong>auri</strong></span> <span class='ocrx_word' id='word_1_303' title='bbox 1761 3974 1915 4029; x_wconf 86' lang='lat' dir='ltr'><strong>libra.</strong></span> <span class='ocrx_word' id='word_1_304' title='bbox 1954 3974 2091 4030; x_wconf 85' lang='lat' dir='ltr'><strong>Vera</strong></span> 
     </span>
    </p>
   </div>
   <div class='ocr_carea' id='block_1_45' title="bbox 515 4065 2091 4137">
    <p class='ocr_par' dir='ltr' id='par_1_45' title="bbox 515 4065 2091 4137">
     <span class='ocr_line' id='line_1_45' title="bbox 515 4065 2091 4137; baseline 0 -19"><span class='ocrx_word' id='word_1_305' title='bbox 515 4067 711 4137; x_wconf 91' lang='lat' dir='ltr'><strong>igitur,</strong></span> <span class='ocrx_word' id='word_1_306' title='bbox 765 4072 1029 4134; x_wconf 90' lang='lat' dir='ltr'><strong>quantum</strong></span> <span class='ocrx_word' id='word_1_307' title='bbox 1078 4073 1337 4134; x_wconf 86' lang='lat' dir='ltr'><strong>apparet,</strong></span> <span class='ocrx_word' id='word_1_308' title='bbox 1389 4065 1722 4121; x_wconf 82' lang='lat' dir='ltr'><strong>miliarensis</strong></span> <span class='ocrx_word' id='word_1_309' title='bbox 1768 4065 1977 4120; x_wconf 87' lang='lat' dir='ltr'><strong>notatio</strong></span> <span class='ocrx_word' id='word_1_310' title='bbox 2025 4081 2091 4119; x_wconf 87' lang='lat' dir='ltr'><strong>ex</strong></span> 
     </span>
    </p>
   </div>
   <div class='ocr_carea' id='block_1_46' title="bbox 511 4156 2093 4227">
    <p class='ocr_par' dir='ltr' id='par_1_46' title="bbox 511 4156 2093 4227">
     <span class='ocr_line' id='line_1_46' title="bbox 511 4156 2093 4227; baseline 0 -16"><span class='ocrx_word' id='word_1_311' title='bbox 511 4158 737 4227; x_wconf 88' lang='lat' dir='ltr'><strong>optimis</strong></span> <span class='ocrx_word' id='word_1_312' title='bbox 767 4157 875 4211; x_wconf 87' lang='lat' dir='ltr'><strong>illis</strong></span> <span class='ocrx_word' id='word_1_313' title='bbox 906 4156 1119 4211; x_wconf 87' lang='lat' dir='ltr'><strong>Glossis</strong></span> <span class='ocrx_word' id='word_1_314' title='bbox 1145 4163 1302 4210; x_wconf 87' lang='lat' dir='ltr'><strong>eruta</strong></span> <span class='ocrx_word' id='word_1_315' title='bbox 1330 4164 1435 4219; x_wconf 88' lang='lat' dir='ltr'><strong>est,</strong></span> <span class='ocrx_word' id='word_1_316' title='bbox 1467 4171 1588 4225; x_wconf 53' lang='lat' dir='ltr'><strong>quas</strong></span> <span class='ocrx_word' id='word_1_317' title='bbox 1619 4157 1885 4211; x_wconf 78' lang='lat' dir='ltr'><strong>hactenus</strong></span> <span class='ocrx_word' id='word_1_318' title='bbox 1918 4158 2093 4211; x_wconf 87' lang='lat' dir='ltr'><strong>latue-</strong></span> 
     </span>
    </p>
   </div>
   <div class='ocr_carea' id='block_1_47' title="bbox 510 4248 2093 4319">
    <p class='ocr_par' dir='ltr' id='par_1_47' title="bbox 510 4248 2093 4319">
     <span class='ocr_line' id='line_1_47' title="bbox 510 4248 2093 4319; baseline -0.001 -15"><span class='ocrx_word' id='word_1_319' title='bbox 510 4257 617 4315; x_wconf 87' lang='lat' dir='ltr'><strong>rat,</strong></span> <span class='ocrx_word' id='word_1_320' title='bbox 663 4259 719 4304; x_wconf 93' lang='lat' dir='ltr'><strong>et</strong></span> <span class='ocrx_word' id='word_1_321' title='bbox 767 4265 797 4303; x_wconf 84' lang='lat' dir='ltr'><strong>a</strong></span> <span class='ocrx_word' id='word_1_322' title='bbox 849 4248 1135 4313; x_wconf 65' lang='lat' dir='ltr'><strong>Graeculis,</strong></span> <span class='ocrx_word' id='word_1_323' title='bbox 1175 4257 1238 4304; x_wconf 89' lang='lat' dir='ltr'><strong>ut</strong></span> <span class='ocrx_word' id='word_1_324' title='bbox 1270 4249 1497 4312; x_wconf 85' lang='lat' dir='ltr'><strong>assolet,</strong></span> <span class='ocrx_word' id='word_1_325' title='bbox 1531 4248 1826 4319; x_wconf 87' lang='lat' dir='ltr'><strong>depravata</strong></span> <span class='ocrx_word' id='word_1_326' title='bbox 1859 4264 1923 4303; x_wconf 88' lang='lat' dir='ltr'><strong>ac</strong></span> <span class='ocrx_word' id='word_1_327' title='bbox 1958 4249 2093 4303; x_wconf 77' lang='lat' dir='ltr'><strong>&#39;dis-</strong></span> 
     </span>
    </p>
   </div>
   <div class='ocr_carea' id='block_1_48' title="bbox 511 4339 2091 4409">
    <p class='ocr_par' dir='ltr' id='par_1_48' title="bbox 511 4339 2091 4409">
     <span class='ocr_line' id='line_1_48' title="bbox 511 4339 2091 4409; baseline 0.001 -13"><span class='ocrx_word' id='word_1_328' title='bbox 511 4341 766 4396; x_wconf 90' lang='lat' dir='ltr'><strong>simulata</strong></span> <span class='ocrx_word' id='word_1_329' title='bbox 800 4341 996 4395; x_wconf 90' lang='lat' dir='ltr'><strong>fuerat.</strong></span> <span class='ocrx_word' id='word_1_330' title='bbox 1028 4340 1133 4395; x_wconf 88' lang='lat' dir='ltr'><strong>Sed</strong></span> <span class='ocrx_word' id='word_1_331' title='bbox 1164 4339 1231 4395; x_wconf 91' lang='lat' dir='ltr'><strong>de</strong></span> <span class='ocrx_word' id='word_1_332' title='bbox 1260 4342 1668 4397; x_wconf 87' lang='lat' dir='ltr'><strong>miliarensibus</strong></span> <span class='ocrx_word' id='word_1_333' title='bbox 1705 4342 1825 4396; x_wconf 88' lang='lat' dir='ltr'><strong>istis</strong></span> <span class='ocrx_word' id='word_1_334' title='bbox 1857 4341 2091 4409; x_wconf 82' lang='lat' dir='ltr'><strong>amplius</strong></span> 
     </span>
    </p>
   </div>
   <div class='ocr_carea' id='block_1_49' title="bbox 511 4430 2165 4513">
    <p class='ocr_par' dir='ltr' id='par_1_49' title="bbox 511 4430 2165 4513">
     <span class='ocr_line' id='line_1_49' title="bbox 511 4430 2165 4513; baseline 0.001 -27"><span class='ocrx_word' id='word_1_335' title='bbox 511 4442 724 4503; x_wconf 78' lang='lat' dir='ltr'><strong>agetur,</strong></span> <span class='ocrx_word' id='word_1_336' title='bbox 774 4447 898 4486; x_wconf 92' lang='lat' dir='ltr'><strong>cum</strong></span> <span class='ocrx_word' id='word_1_337' title='bbox 928 4432 996 4485; x_wconf 89' lang='lat' dir='ltr'><strong>ad</strong></span> <span class='ocrx_word' id='word_1_338' title='bbox 1040 4430 1222 4485; x_wconf 70' lang='lat' dir='ltr'><strong>follem</strong></span> <span class='ocrx_word' id='word_1_339' title='bbox 1258 4443 1573 4502; x_wconf 84' lang='lat' dir='ltr'><strong>argenteum</strong></span> <span class='ocrx_word' id='word_1_340' title='bbox 1603 4441 1822 4487; x_wconf 91' lang='lat' dir='ltr'><strong>ventum</strong></span> <span class='ocrx_word' id='word_1_341' title='bbox 1855 4433 1992 4488; x_wconf 88' lang='lat' dir='ltr'><strong>erit:</strong></span> <span class='ocrx_word' id='word_1_342' title='bbox 2021 4434 2086 4489; x_wconf 90' lang='lat' dir='ltr'><strong>ad</strong></span> <span class='ocrx_word' id='word_1_343' title='bbox 2122 4457 2165 4513; x_wconf 74' lang='grc' dir='ltr'>υ</span> 
     </span>
    </p>
   </div>
   <div class='ocr_carea' id='block_1_50' title="bbox 511 4523 2089 4593">
    <p class='ocr_par' dir='ltr' id='par_1_50' title="bbox 511 4523 2089 4593">
     <span class='ocr_line' id='line_1_50' title="bbox 511 4523 2089 4593; baseline 0.002 -15"><span class='ocrx_word' id='word_1_344' title='bbox 511 4540 673 4593; x_wconf 81' lang='lat' dir='ltr'><strong>quem</strong></span> <span class='ocrx_word' id='word_1_345' title='bbox 705 4523 1025 4593; x_wconf 83' lang='lat' dir='ltr'><strong>priusquam</strong></span> <span class='ocrx_word' id='word_1_346' title='bbox 1047 4523 1351 4577; x_wconf 89' lang='lat' dir='ltr'><strong>orationem</strong></span> <span class='ocrx_word' id='word_1_347' title='bbox 1375 4524 1766 4589; x_wconf 88' lang='lat' dir='ltr'><strong>convertimus,</strong></span> <span class='ocrx_word' id='word_1_348' title='bbox 1793 4524 1862 4580; x_wconf 92' lang='lat' dir='ltr'><strong>de</strong></span> <span class='ocrx_word' id='word_1_349' title='bbox 1888 4527 2089 4590; x_wconf 88' lang='lat' dir='ltr'><strong>aureis,</strong></span> 
     </span>
    </p>
   </div>
   <div class='ocr_carea' id='block_1_51' title="bbox 513 4611 2091 4687">
    <p class='ocr_par' dir='ltr' id='par_1_51' title="bbox 513 4611 2091 4687">
     <span class='ocr_line' id='line_1_51' title="bbox 513 4611 2091 4687; baseline 0.002 -19"><span class='ocrx_word' id='word_1_350' title='bbox 513 4612 676 4683; x_wconf 91' lang='lat' dir='ltr'><strong>siqui</strong></span> <span class='ocrx_word' id='word_1_351' title='bbox 710 4611 934 4678; x_wconf 82' lang='lat' dir='ltr'><strong>fuerint,</strong></span> <span class='ocrx_word' id='word_1_352' title='bbox 982 4612 1393 4683; x_wconf 88' lang='lat' dir='ltr'><strong>disputandum.</strong></span> <span class='ocrx_word' id='word_1_353' title='bbox 1438 4614 1713 4670; x_wconf 85' lang='lat' dir='ltr'><strong>Hactenus</strong></span> <span class='ocrx_word' id='word_1_354' title='bbox 1745 4616 1888 4670; x_wconf 90' lang='lat' dir='ltr'><strong>enim</strong></span> <span class='ocrx_word' id='word_1_355' title='bbox 1917 4617 2091 4687; x_wconf 90' lang='lat' dir='ltr'><strong>prima</strong></span> 
     </span>
    </p>
   </div>
   <div class='ocr_carea' id='block_1_52' title="bbox 514 4704 2088 4781">
    <p class='ocr_par' dir='ltr' id='par_1_52' title="bbox 514 4704 2088 4781">
     <span class='ocr_line' id='line_1_52' title="bbox 514 4704 2088 4781; baseline 0.003 -22"><span class='ocrx_word' id='word_1_356' title='bbox 514 4704 658 4759; x_wconf 88' lang='lat' dir='ltr'><strong>follis</strong></span> <span class='ocrx_word' id='word_1_357' title='bbox 726 4712 810 4759; x_wconf 86' lang='lat' dir='ltr'><strong>est</strong></span> <span class='ocrx_word' id='word_1_358' title='bbox 874 4704 1145 4774; x_wconf 88' lang='lat' dir='ltr'><strong>explicata</strong></span> <span class='ocrx_word' id='word_1_359' title='bbox 1223 4707 1409 4774; x_wconf 90' lang='lat' dir='ltr'><strong>notio,</strong></span> <span class='ocrx_word' id='word_1_360' title='bbox 1476 4714 1749 4777; x_wconf 88' lang='lat' dir='ltr'><strong>quatenus</strong></span> <span class='ocrx_word' id='word_1_361' title='bbox 1810 4707 1973 4781; x_wconf 78' lang='grc' dir='ltr'><strong>ὁλκήν</strong></span> <span class='ocrx_word' id='word_1_362' title='bbox 2037 4719 2088 4766; x_wconf 88' lang='lat' dir='ltr'><strong>et</strong></span> 
     </span>
    </p>
   </div>
   <div class='ocr_carea' id='block_1_53' title="bbox 511 4793 1496 4866">
    <p class='ocr_par' dir='ltr' id='par_1_53' title="bbox 511 4793 1496 4866">
     <span class='ocr_line' id='line_1_53' title="bbox 511 4793 1496 4866; baseline 0.003 -18"><span class='ocrx_word' id='word_1_363' title='bbox 511 4793 787 4866; x_wconf 77' lang='grc' dir='ltr'><strong>ἄθροισμα</strong></span> <span class='ocrx_word' id='word_1_364' title='bbox 821 4809 1172 4849; x_wconf 90' lang='lat' dir='ltr'><strong>nummorum</strong></span> <span class='ocrx_word' id='word_1_365' title='bbox 1204 4796 1496 4866; x_wconf 87' lang='lat' dir='ltr'><strong>significat.</strong></span> 
     </span>
    </p>
   </div>
   <div class='ocr_carea' id='block_1_54' title="bbox 511 4901 2088 4983">
    <p class='ocr_par' dir='ltr' id='par_1_54' title="bbox 511 4901 2088 4983">
     <span class='ocr_line' id='line_1_54' title="bbox 511 4901 2088 4983; baseline 0.008 -26"><span class='ocrx_word' id='word_1_366' title='bbox 511 4901 589 4958; x_wconf 89' lang='lat' dir='ltr'><strong>De</strong></span> <span class='ocrx_word' id='word_1_367' title='bbox 626 4904 775 4976; x_wconf 80' lang='lat' dir='ltr'><strong>folle,</strong></span> <span class='ocrx_word' id='word_1_368' title='bbox 833 4913 891 4957; x_wconf 85' lang='lat' dir='ltr'><strong>ut</strong></span> <span class='ocrx_word' id='word_1_369' title='bbox 935 4905 1093 4983; x_wconf 81' lang='lat' dir='ltr'><strong>inter_</strong></span> <span class='ocrx_word' id='word_1_370' title='bbox 1120 4923 1370 4983; x_wconf 66' lang='lat' dir='ltr'><strong>nummos</strong></span> <span class='ocrx_word' id='word_1_371' title='bbox 1396 4918 1635 4963; x_wconf 85' lang='lat' dir='ltr'><strong>censetur</strong></span> <span class='ocrx_word' id='word_1_372' title='bbox 1664 4927 1694 4983; x_wconf 88' lang='lat'><strong>_:_</strong></span> <span class='ocrx_word' id='word_1_373' title='bbox 1730 4928 1792 4965; x_wconf 84' lang='lat' dir='ltr'><strong>ac</strong></span> <span class='ocrx_word' id='word_1_374' title='bbox 1835 4914 2088 4983; x_wconf 85' lang='lat' dir='ltr'><strong>primum,</strong></span> 
     </span>
    </p>
   </div>
   <div class='ocr_carea' id='block_1_55' title="bbox 811 4976 1806 5045">
    <p class='ocr_par' dir='ltr' id='par_1_55' title="bbox 811 4976 1806 5045">
     <span class='ocr_line' id='line_1_55' title="bbox 811 4976 1806 5045; baseline 0.008 -17"><span class='ocrx_word' id='word_1_375' title='bbox 811 4990 1031 5030; x_wconf 84' lang='lat' dir='ltr'><strong>aureum</strong></span> <span class='ocrx_word' id='word_1_376' title='bbox 1064 4976 1230 5045; x_wconf 78' lang='lat' dir='ltr'><strong>fuisse</strong></span> <span class='ocrx_word' id='word_1_377' title='bbox 1255 4977 1460 5033; x_wconf 84' lang='lat' dir='ltr'><strong>nullum</strong></span> <span class='ocrx_word' id='word_1_378' title='bbox 1488 4979 1806 5036; x_wconf 82' lang='lat' dir='ltr'><strong>ostenditur.</strong></span> 
     </span>
    </p>
   </div>
   <div class='ocr_carea' id='block_1_56' title="bbox 589 5084 2095 5166">
    <p class='ocr_par' dir='ltr' id='par_1_56' title="bbox 589 5084 2095 5166">
     <span class='ocr_line' id='line_1_56' title="bbox 589 5084 2095 5166; baseline 0.009 -29"><span class='ocrx_word' id='word_1_379' title='bbox 589 5084 755 5139; x_wconf 80' lang='lat' dir='ltr'><strong>Follis</strong></span> <span class='ocrx_word' id='word_1_380' title='bbox 786 5087 935 5141; x_wconf 84' lang='lat' dir='ltr'><strong>aurei</strong></span> <span class='ocrx_word' id='word_1_381' title='bbox 964 5089 1168 5142; x_wconf 85' lang='lat' dir='ltr'><strong>nummi</strong></span> <span class='ocrx_word' id='word_1_382' title='bbox 1193 5106 1355 5159; x_wconf 87' lang='lat' dir='ltr'><strong>genus</strong></span> <span class='ocrx_word' id='word_1_383' title='bbox 1384 5099 1484 5158; x_wconf 91' lang='lat' dir='ltr'><strong>est,</strong></span> <span class='ocrx_word' id='word_1_384' title='bbox 1525 5092 1703 5164; x_wconf 91' lang='lat' dir='ltr'><strong>inquit</strong></span> <span class='ocrx_word' id='word_1_385' title='bbox 1733 5093 1991 5166; x_wconf 89' lang='lat' dir='ltr'><strong>Cuiacius</strong></span> <span class='ocrx_word' id='word_1_386' title='bbox 2022 5084 2095 5153; x_wconf 86' lang='lat' dir='ltr'><strong>ad</strong></span> 
     </span>
    </p>
   </div>
   <div class='ocr_carea' id='block_1_57' title="bbox 513 5176 2091 5256">
    <p class='ocr_par' dir='ltr' id='par_1_57' title="bbox 513 5176 2091 5256">
     <span class='ocr_line' id='line_1_57' title="bbox 513 5176 2091 5256; baseline 0.008 -26"><span class='ocrx_word' id='word_1_387' title='bbox 513 5176 614 5246; x_wconf 88' lang='lat' dir='ltr'><strong>leg.</strong></span> <span class='ocrx_word' id='word_1_388' title='bbox 649 5176 717 5230; x_wconf 80' lang='grc'><strong>12</strong></span> <span class='ocrx_word' id='word_1_389' title='bbox 741 5178 866 5232; x_wconf 90' lang='lat' dir='ltr'><strong>cod.</strong></span> <span class='ocrx_word' id='word_1_390' title='bbox 896 5176 1218 5243; x_wconf 85' lang='lat' dir='ltr'><strong>Justiniani,</strong></span> <span class='ocrx_word' id='word_1_391' title='bbox 1263 5181 1345 5235; x_wconf 88' lang='lat' dir='ltr'><strong>tit.</strong></span> <span class='ocrx_word' id='word_1_392' title='bbox 1375 5181 1431 5247; x_wconf 88' lang='grc'><strong>2,</strong></span> <span class='ocrx_word' id='word_1_393' title='bbox 1482 5183 1586 5254; x_wconf 89' lang='lat' dir='ltr'><strong>leg.</strong></span> <span class='ocrx_word' id='word_1_394' title='bbox 1622 5185 1675 5238; x_wconf 95' lang='grc'><strong>2.</strong></span> <span class='ocrx_word' id='word_1_395' title='bbox 1716 5185 1880 5256; x_wconf 90' lang='lat' dir='ltr'><strong>quue</strong></span> <span class='ocrx_word' id='word_1_396' title='bbox 1911 5204 1979 5243; x_wconf 82' lang='lat' dir='ltr'><strong>ex</strong></span> <span class='ocrx_word' id='word_1_397' title='bbox 2014 5188 2091 5243; x_wconf 89' lang='lat' dir='ltr'><strong>le-</strong></span> 
     </span>
    </p>
   </div>
   <div class='ocr_carea' id='block_1_58' title="bbox 510 5267 2090 5337">
    <p class='ocr_par' dir='ltr' id='par_1_58' title="bbox 510 5267 2090 5337">
     <span class='ocr_line' id='line_1_58' title="bbox 510 5267 2090 5337; baseline 0.008 -18"><span class='ocrx_word' id='word_1_398' title='bbox 510 5281 638 5336; x_wconf 87' lang='lat' dir='ltr'><strong>gum</strong></span> <span class='ocrx_word' id='word_1_399' title='bbox 683 5267 890 5337; x_wconf 89' lang='lat' dir='ltr'><strong>aliquot</strong></span> <span class='ocrx_word' id='word_1_400' title='bbox 919 5267 1289 5324; x_wconf 87' lang='lat' dir='ltr'><strong>Theodosiani</strong></span> <span class='ocrx_word' id='word_1_401' title='bbox 1338 5272 1546 5329; x_wconf 90' lang='lat' dir='ltr'><strong>codicis</strong></span> <span class='ocrx_word' id='word_1_402' title='bbox 1599 5276 1925 5331; x_wconf 89' lang='lat' dir='ltr'><strong>auctoritate</strong></span> <span class='ocrx_word' id='word_1_403' title='bbox 1955 5293 2090 5332; x_wconf 90' lang='lat' dir='ltr'><strong>con-</strong></span> 
     </span>
    </p>
   </div>
   <div class='ocr_carea' id='block_1_59' title="bbox 513 5358 2088 5436">
    <p class='ocr_par' dir='ltr' id='par_1_59' title="bbox 513 5358 2088 5436">
     <span class='ocr_line' id='line_1_59' title="bbox 513 5358 2088 5436; baseline 0.007 -25"><span class='ocrx_word' id='word_1_404' title='bbox 513 5358 727 5413; x_wconf 84' lang='lat' dir='ltr'><strong>ﬁrmat:</strong></span> <span class='ocrx_word' id='word_1_405' title='bbox 776 5359 944 5414; x_wconf 82' lang='lat' dir='ltr'><strong>veluti</strong></span> <span class='ocrx_word' id='word_1_406' title='bbox 971 5359 1073 5431; x_wconf 89' lang='lat' dir='ltr'><strong>leg.</strong></span> <span class='ocrx_word' id='word_1_407' title='bbox 1108 5359 1143 5414; x_wconf 87' lang='grc'><strong>2</strong></span> <span class='ocrx_word' id='word_1_408' title='bbox 1171 5368 1226 5417; x_wconf 88' lang='lat' dir='ltr'><strong>et</strong></span> <span class='ocrx_word' id='word_1_409' title='bbox 1255 5362 1309 5425; x_wconf 76' lang='lat'><strong>3,</strong></span> <span class='ocrx_word' id='word_1_410' title='bbox 1342 5362 1509 5430; x_wconf 90' lang='lat' dir='ltr'><strong>Quor.</strong></span> <span class='ocrx_word' id='word_1_411' title='bbox 1542 5365 1642 5436; x_wconf 87' lang='lat' dir='ltr'><strong>Ap.</strong></span> <span class='ocrx_word' id='word_1_412' title='bbox 1676 5382 1783 5420; x_wconf 91' lang='lat' dir='ltr'><strong>non</strong></span> <span class='ocrx_word' id='word_1_413' title='bbox 1816 5384 1925 5423; x_wconf 86' lang='lat' dir='ltr'><strong>rec.</strong></span> <span class='ocrx_word' id='word_1_414' title='bbox 1959 5367 2088 5422; x_wconf 90' lang='lat' dir='ltr'><strong>Item</strong></span> 
     </span>
    </p>
   </div>
   <div class='ocr_carea' id='block_1_60' title="bbox 512 5448 2089 5526">
    <p class='ocr_par' dir='ltr' id='par_1_60' title="bbox 512 5448 2089 5526">
     <span class='ocr_line' id='line_1_60' title="bbox 512 5448 2089 5526; baseline 0.006 -23"><span class='ocrx_word' id='word_1_415' title='bbox 512 5449 627 5519; x_wconf 87' lang='lat' dir='ltr'><strong>lege</strong></span> <span class='ocrx_word' id='word_1_416' title='bbox 656 5451 690 5505; x_wconf 81' lang='lat'><strong>‘5</strong></span> <span class='ocrx_word' id='word_1_417' title='bbox 715 5448 784 5506; x_wconf 88' lang='lat' dir='ltr'><strong>de</strong></span> <span class='ocrx_word' id='word_1_418' title='bbox 817 5451 1042 5516; x_wconf 86' lang='lat' dir='ltr'><strong>suariis,</strong></span> <span class='ocrx_word' id='word_1_419' title='bbox 1074 5451 1190 5523; x_wconf 89' lang='lat' dir='ltr'><strong>lege</strong></span> <span class='ocrx_word' id='word_1_420' title='bbox 1220 5453 1254 5508; x_wconf 84' lang='lat'><strong>5</strong></span> <span class='ocrx_word' id='word_1_421' title='bbox 1280 5463 1334 5510; x_wconf 89' lang='lat' dir='ltr'><strong>et</strong></span> <span class='ocrx_word' id='word_1_422' title='bbox 1360 5455 1419 5510; x_wconf 84' lang='grc'><strong>21</strong></span> <span class='ocrx_word' id='word_1_423' title='bbox 1454 5455 1522 5511; x_wconf 91' lang='lat' dir='ltr'><strong>de</strong></span> <span class='ocrx_word' id='word_1_424' title='bbox 1555 5459 1897 5526; x_wconf 62' lang='lat' dir='ltr'><strong>prastoribus.</strong></span> <span class='ocrx_word' id='word_1_425' title='bbox 1934 5457 2089 5525; x_wconf 85' lang='lat' dir='ltr'><strong>Quod</strong></span> 
     </span>
    </p>
   </div>
   <div class='ocr_carea' id='block_1_61' title="bbox 510 5542 2091 5615">
    <p class='ocr_par' dir='ltr' id='par_1_61' title="bbox 510 5542 2091 5615">
     <span class='ocr_line' id='line_1_61' title="bbox 510 5542 2091 5615; baseline 0.005 -19"><span class='ocrx_word' id='word_1_426' title='bbox 510 5549 569 5597; x_wconf 86' lang='lat' dir='ltr'><strong>et</strong></span> <span class='ocrx_word' id='word_1_427' title='bbox 583 5542 704 5599; x_wconf 87' lang='lat' dir='ltr'><strong>aliis</strong></span> <span class='ocrx_word' id='word_1_428' title='bbox 723 5542 1016 5612; x_wconf 87' lang='lat' dir='ltr'><strong>persuasit.</strong></span> <span class='ocrx_word' id='word_1_429' title='bbox 1044 5542 1229 5615; x_wconf 89' lang='lat' dir='ltr'><strong>Itaque</strong></span> <span class='ocrx_word' id='word_1_430' title='bbox 1247 5546 1329 5600; x_wconf 91' lang='lat' dir='ltr'><strong>vir</strong></span> <span class='ocrx_word' id='word_1_431' title='bbox 1350 5546 1546 5601; x_wconf 90' lang='lat' dir='ltr'><strong>doctus</strong></span> <span class='ocrx_word' id='word_1_432' title='bbox 1560 5547 1908 5602; x_wconf 76' lang='lat' dir='ltr'><strong>Alexandrini</strong></span> <span class='ocrx_word' id='word_1_433' title='bbox 1937 5549 2091 5603; x_wconf 72' lang='lat' dir='ltr'><strong>cli-ro-</strong></span> 
     </span>
    </p>
   </div>
   <div class='ocr_carea' id='block_1_62' title="bbox 510 5631 2090 5705">
    <p class='ocr_par' dir='ltr' id='par_1_62' title="bbox 510 5631 2090 5705">
     <span class='ocr_line' id='line_1_62' title="bbox 510 5631 2090 5705; baseline 0.003 -20"><span class='ocrx_word' id='word_1_434' title='bbox 510 5631 620 5686; x_wconf 83' lang='lat' dir='ltr'><strong>nici</strong></span> <span class='ocrx_word' id='word_1_435' title='bbox 651 5632 829 5686; x_wconf 90' lang='lat' dir='ltr'><strong>locum</strong></span> <span class='ocrx_word' id='word_1_436' title='bbox 863 5632 1037 5698; x_wconf 89' lang='lat' dir='ltr'><strong>illum,</strong></span> <span class='ocrx_word' id='word_1_437' title='bbox 1067 5649 1189 5705; x_wconf 87' lang='lat' dir='ltr'><strong>pag.</strong></span> <span class='ocrx_word' id='word_1_438' title='bbox 1224 5635 1344 5701; x_wconf 68' lang='grc'><strong>742,</strong></span> <span class='ocrx_word' id='word_1_439' title='bbox 1385 5634 1511 5687; x_wconf 76' lang='grc' dir='ltr'><strong>Ἐπὶ</strong></span> <span class='ocrx_word' id='word_1_440' title='bbox 1538 5634 1743 5689; x_wconf 76' lang='grc' dir='ltr'><strong>τούτων</strong></span> <span class='ocrx_word' id='word_1_441' title='bbox 1765 5634 1876 5690; x_wconf 84' lang='grc' dir='ltr'><strong>τῶν</strong></span> <span class='ocrx_word' id='word_1_442' title='bbox 1908 5635 2090 5691; x_wconf 86' lang='grc' dir='ltr'><strong>αὐτῶν</strong></span> 
     </span>
    </p>
   </div>
   <div class='ocr_carea' id='block_1_63' title="bbox 523 5723 2090 5800">
    <p class='ocr_par' dir='ltr' id='par_1_63' title="bbox 523 5723 2090 5800">
     <span class='ocr_line' id='line_1_63' title="bbox 523 5723 2090 5800; baseline 0.005 -23"><span class='ocrx_word' id='word_1_443' title='bbox 523 5723 734 5781; x_wconf 68' lang='grc' dir='ltr'><strong>ὑπάτων</strong></span> <span class='ocrx_word' id='word_1_444' title='bbox 774 5724 949 5793; x_wconf 74' lang='grc' dir='ltr'>λεῖψις</span> <span class='ocrx_word' id='word_1_445' title='bbox 990 5726 1211 5794; x_wconf 81' lang='grc' dir='ltr'><strong>γέγονεν</strong></span> <span class='ocrx_word' id='word_1_446' title='bbox 1254 5726 1348 5780; x_wconf 84' lang='grc' dir='ltr'><strong>τοῦ</strong></span> <span class='ocrx_word' id='word_1_447' title='bbox 1388 5726 1575 5797; x_wconf 82' lang='grc' dir='ltr'><strong>ἄρτου,</strong></span> <span class='ocrx_word' id='word_1_448' title='bbox 1610 5725 1750 5780; x_wconf 71' lang='grc' dir='ltr'><strong>ὥστε</strong></span> <span class='ocrx_word' id='word_1_449' title='bbox 1776 5726 2090 5800; x_wconf 75' lang='grc' dir='ltr'><strong>πειραθῆναι</strong></span> 
     </span>
    </p>
   </div>
   <div class='ocr_carea' id='block_1_64' title="bbox 2179 528 3757 600">
    <p class='ocr_par' dir='ltr' id='par_1_64' title="bbox 2179 528 3757 600">
     <span class='ocr_line' id='line_1_64' title="bbox 2179 528 3757 600; baseline 0 -16"><span class='ocrx_word' id='word_1_450' title='bbox 2179 546 2377 587; x_wconf 86' lang='lat' dir='ltr'><strong>aureos</strong></span> <span class='ocrx_word' id='word_1_451' title='bbox 2408 532 2613 586; x_wconf 90' lang='lat' dir='ltr'><strong>retulit.</strong></span> <span class='ocrx_word' id='word_1_452' title='bbox 2662 530 2862 587; x_wconf 79' lang='lat' dir='ltr'><strong>Verum</strong></span> <span class='ocrx_word' id='word_1_453' title='bbox 2888 546 2954 586; x_wconf 79' lang='lat' dir='ltr'><strong>ex</strong></span> <span class='ocrx_word' id='word_1_454' title='bbox 2983 530 3168 586; x_wconf 86' lang='lat' dir='ltr'><strong>allatis</strong></span> <span class='ocrx_word' id='word_1_455' title='bbox 3197 546 3226 585; x_wconf 91' lang='lat' dir='ltr'><strong>a</strong></span> <span class='ocrx_word' id='word_1_456' title='bbox 3261 545 3457 600; x_wconf 88' lang='lat' dir='ltr'><strong>magno</strong></span> <span class='ocrx_word' id='word_1_457' title='bbox 3484 528 3757 599; x_wconf 85' lang='lat' dir='ltr'><strong>iuriscon-</strong></span> 
     </span>
    </p>
   </div>
   <div class='ocr_carea' id='block_1_65' title="bbox 2181 621 3757 693">
    <p class='ocr_par' dir='ltr' id='par_1_65' title="bbox 2181 621 3757 693">
     <span class='ocr_line' id='line_1_65' title="bbox 2181 621 3757 693; baseline -0.002 -14"><span class='ocrx_word' id='word_1_458' title='bbox 2181 623 2326 679; x_wconf 90' lang='lat' dir='ltr'><strong>sulto</strong></span> <span class='ocrx_word' id='word_1_459' title='bbox 2351 622 2561 693; x_wconf 80' lang='lat' dir='ltr'><strong>legibus</strong></span> <span class='ocrx_word' id='word_1_460' title='bbox 2593 621 2733 677; x_wconf 87' lang='lat' dir='ltr'><strong>adeo</strong></span> <span class='ocrx_word' id='word_1_461' title='bbox 2766 621 2906 676; x_wconf 82' lang='lat' dir='ltr'><strong>nihil</strong></span> <span class='ocrx_word' id='word_1_462' title='bbox 2934 622 3002 677; x_wconf 88' lang='lat' dir='ltr'><strong>de</strong></span> <span class='ocrx_word' id='word_1_463' title='bbox 3022 636 3192 676; x_wconf 88' lang='lat' dir='ltr'><strong>aureo</strong></span> <span class='ocrx_word' id='word_1_464' title='bbox 3222 621 3407 691; x_wconf 87' lang='lat' dir='ltr'><strong>aliquo</strong></span> <span class='ocrx_word' id='word_1_465' title='bbox 3427 622 3757 676; x_wconf 75' lang='lat' dir='ltr'><strong>nomismata</strong></span> 
     </span>
    </p>
   </div>
   <div class='ocr_carea' id='block_1_66' title="bbox 2180 709 3757 783">
    <p class='ocr_par' dir='ltr' id='par_1_66' title="bbox 2180 709 3757 783">
     <span class='ocr_line' id='line_1_66' title="bbox 2180 709 3757 783; baseline -0.004 -14"><span class='ocrx_word' id='word_1_466' title='bbox 2180 714 2477 783; x_wconf 87' lang='lat' dir='ltr'><strong>colligitur,</strong></span> <span class='ocrx_word' id='word_1_467' title='bbox 2508 721 2568 767; x_wconf 91' lang='lat' dir='ltr'><strong>ut</strong></span> <span class='ocrx_word' id='word_1_468' title='bbox 2599 712 2934 768; x_wconf 88' lang='lat' dir='ltr'><strong>contrarium</strong></span> <span class='ocrx_word' id='word_1_469' title='bbox 2974 712 3159 782; x_wconf 72' lang='lat' dir='ltr'><strong>potius</strong></span> <span class='ocrx_word' id='word_1_470' title='bbox 3188 726 3255 767; x_wconf 87' lang='lat' dir='ltr'><strong>ex</strong></span> <span class='ocrx_word' id='word_1_471' title='bbox 3278 711 3562 781; x_wconf 86' lang='lat' dir='ltr'><strong>plerisque</strong></span> <span class='ocrx_word' id='word_1_472' title='bbox 3590 709 3757 765; x_wconf 87' lang='lat' dir='ltr'><strong>mani-</strong></span> 
     </span>
    </p>
   </div>
   <div class='ocr_carea' id='block_1_67' title="bbox 2183 798 3756 873">
    <p class='ocr_par' dir='ltr' id='par_1_67' title="bbox 2183 798 3756 873">
     <span class='ocr_line' id='line_1_67' title="bbox 2183 798 3756 873; baseline -0.001 -15"><span class='ocrx_word' id='word_1_473' title='bbox 2183 804 2478 859; x_wconf 84' lang='lat' dir='ltr'><strong>festissime</strong></span> <span class='ocrx_word' id='word_1_474' title='bbox 2506 803 2762 859; x_wconf 89' lang='lat' dir='ltr'><strong>concludi</strong></span> <span class='ocrx_word' id='word_1_475' title='bbox 2789 802 2986 873; x_wconf 87' lang='lat' dir='ltr'><strong>possit.</strong></span> <span class='ocrx_word' id='word_1_476' title='bbox 3041 801 3153 857; x_wconf 88' lang='lat' dir='ltr'><strong>Lex</strong></span> <span class='ocrx_word' id='word_1_477' title='bbox 3182 798 3270 857; x_wconf 83' lang='lat' dir='ltr'><strong>est</strong></span> <span class='ocrx_word' id='word_1_478' title='bbox 3304 803 3506 872; x_wconf 89' lang='lat' dir='ltr'><strong>prima,</strong></span> <span class='ocrx_word' id='word_1_479' title='bbox 3538 816 3664 872; x_wconf 67' lang='lat' dir='ltr'><strong>qua:</strong></span> <span class='ocrx_word' id='word_1_480' title='bbox 3681 811 3756 857; x_wconf 91' lang='lat' dir='ltr'><strong>te-</strong></span> 
     </span>
    </p>
   </div>
   <div class='ocr_carea' id='block_1_68' title="bbox 2182 891 3756 962">
    <p class='ocr_par' dir='ltr' id='par_1_68' title="bbox 2182 891 3756 962">
     <span class='ocr_line' id='line_1_68' title="bbox 2182 891 3756 962; baseline -0.001 -15"><span class='ocrx_word' id='word_1_481' title='bbox 2182 893 2429 949; x_wconf 68' lang='lat' dir='ltr'><strong>merariae</strong></span> <span class='ocrx_word' id='word_1_482' title='bbox 2462 893 2811 962; x_wconf 80' lang='lat' dir='ltr'><strong>appellationi</strong></span> <span class='ocrx_word' id='word_1_483' title='bbox 2852 893 3112 947; x_wconf 89' lang='lat' dir='ltr'><strong>mulctam</strong></span> <span class='ocrx_word' id='word_1_484' title='bbox 3154 892 3349 946; x_wconf 89' lang='lat' dir='ltr'><strong>indicit</strong></span> <span class='ocrx_word' id='word_1_485' title='bbox 3369 891 3593 947; x_wconf 61' lang='lat' dir='ltr'><strong>tollium</strong></span> <span class='ocrx_word' id='word_1_486' title='bbox 3622 907 3756 958; x_wconf 82' lang='lat' dir='ltr'><strong>xxx;</strong></span> 
     </span>
    </p>
   </div>
   <div class='ocr_carea' id='block_1_69' title="bbox 2182 985 3758 1056">
    <p class='ocr_par' dir='ltr' id='par_1_69' title="bbox 2182 985 3758 1056">
     <span class='ocr_line' id='line_1_69' title="bbox 2182 985 3758 1056; baseline -0.003 -14"><span class='ocrx_word' id='word_1_487' title='bbox 2182 988 2489 1056; x_wconf 79' lang='lat' dir='ltr'><strong>cuiusmodi</strong></span> <span class='ocrx_word' id='word_1_488' title='bbox 2535 987 2619 1042; x_wconf 86' lang='lat' dir='ltr'><strong>vel</strong></span> <span class='ocrx_word' id='word_1_489' title='bbox 2661 986 2903 1056; x_wconf 87' lang='lat' dir='ltr'><strong>argentei</strong></span> <span class='ocrx_word' id='word_1_490' title='bbox 2947 986 3158 1042; x_wconf 84' lang='lat' dir='ltr'><strong>nummi</strong></span> <span class='ocrx_word' id='word_1_491' title='bbox 3201 985 3489 1042; x_wconf 89' lang='lat' dir='ltr'><strong>commode</strong></span> <span class='ocrx_word' id='word_1_492' title='bbox 3539 994 3758 1055; x_wconf 89' lang='lat' dir='ltr'><strong>possunt</strong></span> 
     </span>
    </p>
   </div>
   <div class='ocr_carea' id='block_1_70' title="bbox 2183 1073 3761 1146">
    <p class='ocr_par' dir='ltr' id='par_1_70' title="bbox 2183 1073 3761 1146">
     <span class='ocr_line' id='line_1_70' title="bbox 2183 1073 3761 1146; baseline -0.002 -17"><span class='ocrx_word' id='word_1_493' title='bbox 2183 1076 2433 1146; x_wconf 84' lang='lat' dir='ltr'><strong>intelligi,</strong></span> <span class='ocrx_word' id='word_1_494' title='bbox 2460 1077 2545 1130; x_wconf 91' lang='lat' dir='ltr'><strong>vel</strong></span> <span class='ocrx_word' id='word_1_495' title='bbox 2571 1090 2919 1130; x_wconf 90' lang='lat' dir='ltr'><strong>nummorum</strong></span> <span class='ocrx_word' id='word_1_496' title='bbox 2972 1082 3122 1130; x_wconf 90' lang='lat' dir='ltr'><strong>certa</strong></span> <span class='ocrx_word' id='word_1_497' title='bbox 3152 1073 3403 1129; x_wconf 89' lang='lat' dir='ltr'><strong>collectio</strong></span> <span class='ocrx_word' id='word_1_498' title='bbox 3436 1073 3558 1129; x_wconf 90' lang='lat' dir='ltr'><strong>sive</strong></span> <span class='ocrx_word' id='word_1_499' title='bbox 3587 1087 3761 1128; x_wconf 86' lang='lat' dir='ltr'><strong>saecu-</strong></span> 
     </span>
    </p>
   </div>
   <div class='ocr_carea' id='block_1_71' title="bbox 2183 1163 3757 1234">
    <p class='ocr_par' dir='ltr' id='par_1_71' title="bbox 2183 1163 3757 1234">
     <span class='ocr_line' id='line_1_71' title="bbox 2183 1163 3757 1234; baseline -0.002 -15"><span class='ocrx_word' id='word_1_500' title='bbox 2183 1165 2290 1220; x_wconf 90' lang='lat' dir='ltr'><strong>Ius.</strong></span> <span class='ocrx_word' id='word_1_501' title='bbox 2352 1163 2596 1234; x_wconf 75' lang='lat' dir='ltr'><strong>Reliquis</strong></span> <span class='ocrx_word' id='word_1_502' title='bbox 2630 1165 2685 1218; x_wconf 90' lang='lat' dir='ltr'><strong>in</strong></span> <span class='ocrx_word' id='word_1_503' title='bbox 2735 1164 2946 1234; x_wconf 87' lang='lat' dir='ltr'><strong>legibus</strong></span> <span class='ocrx_word' id='word_1_504' title='bbox 2987 1165 3187 1219; x_wconf 90' lang='lat' dir='ltr'><strong>mirum</strong></span> <span class='ocrx_word' id='word_1_505' title='bbox 3228 1171 3573 1233; x_wconf 81' lang='lat' dir='ltr'><strong>quantOpere</strong></span> <span class='ocrx_word' id='word_1_506' title='bbox 3617 1164 3757 1218; x_wconf 88' lang='lat' dir='ltr'><strong>illum</strong></span> 
     </span>
    </p>
   </div>
   <div class='ocr_carea' id='block_1_72' title="bbox 2182 1253 3760 1327">
    <p class='ocr_par' dir='ltr' id='par_1_72' title="bbox 2182 1253 3760 1327">
     <span class='ocr_line' id='line_1_72' title="bbox 2182 1253 3760 1327; baseline 0.001 -18"><span class='ocrx_word' id='word_1_507' title='bbox 2182 1255 2323 1309; x_wconf 89' lang='lat' dir='ltr'><strong>ratio</strong></span> <span class='ocrx_word' id='word_1_508' title='bbox 2354 1253 2571 1325; x_wconf 89' lang='lat' dir='ltr'><strong>fugerit.</strong></span> <span class='ocrx_word' id='word_1_509' title='bbox 2610 1254 2751 1327; x_wconf 88' lang='lat' dir='ltr'><strong>Lege</strong></span> <span class='ocrx_word' id='word_1_510' title='bbox 2780 1257 2815 1310; x_wconf 78' lang='grc'><strong>5</strong></span> <span class='ocrx_word' id='word_1_511' title='bbox 2848 1255 2916 1311; x_wconf 90' lang='lat' dir='ltr'><strong>de</strong></span> <span class='ocrx_word' id='word_1_512' title='bbox 2945 1254 3169 1322; x_wconf 88' lang='lat' dir='ltr'><strong>suariis,</strong></span> <span class='ocrx_word' id='word_1_513' title='bbox 3202 1256 3339 1310; x_wconf 88' lang='lat' dir='ltr'><strong>libra</strong></span> <span class='ocrx_word' id='word_1_514' title='bbox 3372 1255 3555 1310; x_wconf 63' lang='lat' dir='ltr'><strong>suillae</strong></span> <span class='ocrx_word' id='word_1_515' title='bbox 3586 1256 3760 1310; x_wconf 86' lang='lat' dir='ltr'><strong>carnis</strong></span> 
     </span>
    </p>
   </div>
   <div class='ocr_carea' id='block_1_73' title="bbox 2184 1348 3761 1416">
    <p class='ocr_par' dir='ltr' id='par_1_73' title="bbox 2184 1348 3761 1416">
     <span class='ocr_line' id='line_1_73' title="bbox 2184 1348 3761 1416; baseline -0.003 -10"><span class='ocrx_word' id='word_1_516' title='bbox 2184 1351 2331 1406; x_wconf 85' lang='lat' dir='ltr'><strong>senis</strong></span> <span class='ocrx_word' id='word_1_517' title='bbox 2356 1348 2583 1406; x_wconf 79' lang='lat' dir='ltr'><strong>follibus</strong></span> <span class='ocrx_word' id='word_1_518' title='bbox 2606 1358 2849 1406; x_wconf 77' lang='lat' dir='ltr'><strong>taxatur.</strong></span> <span class='ocrx_word' id='word_1_519' title='bbox 2897 1349 3032 1416; x_wconf 85' lang='lat' dir='ltr'><strong>Quis</strong></span> <span class='ocrx_word' id='word_1_520' title='bbox 3067 1349 3249 1405; x_wconf 90' lang='lat' dir='ltr'><strong>aureis</strong></span> <span class='ocrx_word' id='word_1_521' title='bbox 3280 1349 3528 1404; x_wconf 87' lang='lat' dir='ltr'><strong>nummis</strong></span> <span class='ocrx_word' id='word_1_522' title='bbox 3553 1363 3650 1404; x_wconf 86' lang='lat' dir='ltr'><strong>sex</strong></span> <span class='ocrx_word' id='word_1_523' title='bbox 3677 1363 3761 1402; x_wconf 85' lang='lat' dir='ltr'><strong>va-</strong></span> 
     </span>
    </p>
   </div>
   <div class='ocr_carea' id='block_1_74' title="bbox 2185 1439 3761 1512">
    <p class='ocr_par' dir='ltr' id='par_1_74' title="bbox 2185 1439 3761 1512">
     <span class='ocr_line' id='line_1_74' title="bbox 2185 1439 3761 1512; baseline -0.001 -19"><span class='ocrx_word' id='word_1_524' title='bbox 2185 1441 2354 1496; x_wconf 88' lang='lat' dir='ltr'><strong>luisse</strong></span> <span class='ocrx_word' id='word_1_525' title='bbox 2395 1442 2672 1511; x_wconf 87' lang='lat' dir='ltr'><strong>porcinam</strong></span> <span class='ocrx_word' id='word_1_526' title='bbox 2715 1441 3051 1496; x_wconf 86' lang='lat' dir='ltr'><strong>arbitretur?</strong></span> <span class='ocrx_word' id='word_1_527' title='bbox 3074 1439 3217 1512; x_wconf 88' lang='lat' dir='ltr'><strong>Ergo</strong></span> <span class='ocrx_word' id='word_1_528' title='bbox 3247 1456 3317 1497; x_wconf 89' lang='lat' dir='ltr'><strong>ne</strong></span> <span class='ocrx_word' id='word_1_529' title='bbox 3345 1439 3626 1512; x_wconf 87' lang='lat' dir='ltr'><strong>argenteis</strong></span> <span class='ocrx_word' id='word_1_530' title='bbox 3650 1440 3761 1508; x_wconf 83' lang='lat' dir='ltr'><strong>qui-</strong></span> 
     </span>
    </p>
   </div>
   <div class='ocr_carea' id='block_1_75' title="bbox 2185 1529 3759 1601">
    <p class='ocr_par' dir='ltr' id='par_1_75' title="bbox 2185 1529 3759 1601">
     <span class='ocr_line' id='line_1_75' title="bbox 2185 1529 3759 1601; baseline 0.003 -18"><span class='ocrx_word' id='word_1_531' title='bbox 2185 1529 2306 1585; x_wconf 87' lang='lat' dir='ltr'><strong>dem</strong></span> <span class='ocrx_word' id='word_1_532' title='bbox 2337 1531 2561 1585; x_wconf 88' lang='lat' dir='ltr'><strong>totidem</strong></span> <span class='ocrx_word' id='word_1_533' title='bbox 2588 1539 2754 1601; x_wconf 88' lang='lat' dir='ltr'><strong>puto:</strong></span> <span class='ocrx_word' id='word_1_534' title='bbox 2808 1539 2863 1584; x_wconf 83' lang='lat' dir='ltr'><strong>et</strong></span> <span class='ocrx_word' id='word_1_535' title='bbox 2904 1530 3060 1585; x_wconf 90' lang='lat' dir='ltr'><strong>folles</strong></span> <span class='ocrx_word' id='word_1_536' title='bbox 3092 1529 3183 1585; x_wconf 89' lang='lat' dir='ltr'><strong>hic</strong></span> <span class='ocrx_word' id='word_1_537' title='bbox 3216 1545 3390 1585; x_wconf 69' lang='lat' dir='ltr'><strong>aereos</strong></span> <span class='ocrx_word' id='word_1_538' title='bbox 3437 1545 3505 1585; x_wconf 89' lang='lat' dir='ltr'><strong>ac</strong></span> <span class='ocrx_word' id='word_1_539' title='bbox 3530 1530 3759 1587; x_wconf 85' lang='lat' dir='ltr'><strong>minutos</strong></span> 
     </span>
    </p>
   </div>
   <div class='ocr_carea' id='block_1_76' title="bbox 2186 1620 3803 1689">
    <p class='ocr_par' dir='ltr' id='par_1_76' title="bbox 2186 1620 3803 1689">
     <span class='ocr_line' id='line_1_76' title="bbox 2186 1620 3803 1689; baseline 0.001 -16"><span class='ocrx_word' id='word_1_540' title='bbox 2186 1620 2537 1689; x_wconf 88' lang='lat' dir='ltr'><strong>interpretor.</strong></span> <span class='ocrx_word' id='word_1_541' title='bbox 3798 1626 3803 1627; x_wconf 57' lang='lat'><em>&#39;</em></span> 
     </span>
    </p>
   </div>
   <div class='ocr_carea' id='block_1_77' title="bbox 2259 1706 3753 1778">
    <p class='ocr_par' dir='ltr' id='par_1_77' title="bbox 2259 1706 3753 1778">
     <span class='ocr_line' id='line_1_77' title="bbox 2259 1706 3753 1778; baseline -0.001 -15"><span class='ocrx_word' id='word_1_542' title='bbox 2259 1708 2522 1778; x_wconf 83' lang='lat' dir='ltr'><strong>Sequitur</strong></span> <span class='ocrx_word' id='word_1_543' title='bbox 2565 1708 2647 1763; x_wconf 89' lang='lat' dir='ltr'><strong>lex</strong></span> <span class='ocrx_word' id='word_1_544' title='bbox 2678 1708 2732 1771; x_wconf 79' lang='lat'><strong>5,</strong></span> <span class='ocrx_word' id='word_1_545' title='bbox 2761 1708 2838 1762; x_wconf 89' lang='lat' dir='ltr'><strong>De</strong></span> <span class='ocrx_word' id='word_1_546' title='bbox 2868 1706 3195 1778; x_wconf 67' lang='lat' dir='ltr'><strong>praetoribus</strong></span> <span class='ocrx_word' id='word_1_547' title='bbox 3218 1726 3237 1762; x_wconf 72' lang='grc' dir='ltr'><em>ς</em></span> <span class='ocrx_word' id='word_1_548' title='bbox 3271 1723 3393 1776; x_wconf 77' lang='lat' dir='ltr'><strong>qua:</strong></span> <span class='ocrx_word' id='word_1_549' title='bbox 3420 1706 3753 1777; x_wconf 82' lang='lat' dir='ltr'><strong>erogationis</strong></span> 
     </span>
    </p>
   </div>
   <div class='ocr_carea' id='block_1_78' title="bbox 2124 1788 3760 1869">
    <p class='ocr_par' dir='ltr' id='par_1_78' title="bbox 2124 1788 3760 1869">
     <span class='ocr_line' id='line_1_78' title="bbox 2124 1788 3760 1869; baseline -0.002 -14"><span class='ocrx_word' id='word_1_550' title='bbox 2124 1788 2165 1841; x_wconf 77' lang='grc' dir='ltr'><strong>Β</strong></span> <span class='ocrx_word' id='word_1_551' title='bbox 2194 1800 2417 1855; x_wconf 90' lang='lat' dir='ltr'><strong>modum</strong></span> <span class='ocrx_word' id='word_1_552' title='bbox 2462 1800 2519 1853; x_wconf 92' lang='lat' dir='ltr'><strong>in</strong></span> <span class='ocrx_word' id='word_1_553' title='bbox 2573 1800 2828 1869; x_wconf 68' lang='lat' dir='ltr'><strong>praetoris</strong></span> <span class='ocrx_word' id='word_1_554' title='bbox 2872 1800 3080 1854; x_wconf 77' lang='lat' dir='ltr'><strong>deﬁnit.</strong></span> <span class='ocrx_word' id='word_1_555' title='bbox 3121 1797 3319 1853; x_wconf 64' lang='lat' dir='ltr'><strong>Primae</strong></span> <span class='ocrx_word' id='word_1_556' title='bbox 3344 1806 3622 1868; x_wconf 63' lang='lat' dir='ltr'><strong>praeturae,</strong></span> <span class='ocrx_word' id='word_1_557' title='bbox 3652 1814 3760 1867; x_wconf 68' lang='lat' dir='ltr'><strong>quae</strong></span> 
     </span>
    </p>
   </div>
   <div class='ocr_carea' id='block_1_79' title="bbox 2190 1888 3761 1959">
    <p class='ocr_par' dir='ltr' id='par_1_79' title="bbox 2190 1888 3761 1959">
     <span class='ocr_line' id='line_1_79' title="bbox 2190 1888 3761 1959; baseline 0 -17"><span class='ocrx_word' id='word_1_558' title='bbox 2190 1888 2448 1944; x_wconf 88' lang='lat' dir='ltr'><strong>Flavialis</strong></span> <span class='ocrx_word' id='word_1_559' title='bbox 2475 1889 2695 1953; x_wconf 87' lang='lat' dir='ltr'><strong>dicitur,</strong></span> <span class='ocrx_word' id='word_1_560' title='bbox 2724 1889 3096 1959; x_wconf 86' lang='lat' dir='ltr'><strong>erogationem</strong></span> <span class='ocrx_word' id='word_1_561' title='bbox 3133 1889 3444 1958; x_wconf 68' lang='lat' dir='ltr'><strong>praescribit</strong></span> <span class='ocrx_word' id='word_1_562' title='bbox 3475 1888 3667 1957; x_wconf 86' lang='lat' dir='ltr'><strong>viginti</strong></span> <span class='ocrx_word' id='word_1_563' title='bbox 3714 1899 3761 1942; x_wconf 88' lang='lat' dir='ltr'><strong>et</strong></span> 
     </span>
    </p>
   </div>
   <div class='ocr_carea' id='block_1_80' title="bbox 2188 1977 3760 2049">
    <p class='ocr_par' dir='ltr' id='par_1_80' title="bbox 2188 1977 3760 2049">
     <span class='ocr_line' id='line_1_80' title="bbox 2188 1977 3760 2049; baseline -0.001 -17"><span class='ocrx_word' id='word_1_564' title='bbox 2188 1979 2429 2049; x_wconf 87' lang='lat' dir='ltr'><strong>quinque</strong></span> <span class='ocrx_word' id='word_1_565' title='bbox 2462 1978 2690 2032; x_wconf 90' lang='lat' dir='ltr'><strong>millium</strong></span> <span class='ocrx_word' id='word_1_566' title='bbox 2738 1978 2948 2031; x_wconf 80' lang='lat' dir='ltr'><strong>folliuin</strong></span> <span class='ocrx_word' id='word_1_567' title='bbox 3009 1992 3073 2030; x_wconf 90' lang='lat' dir='ltr'><strong>ac</strong></span> <span class='ocrx_word' id='word_1_568' title='bbox 3106 1977 3328 2045; x_wconf 86' lang='lat' dir='ltr'><strong>triginta</strong></span> <span class='ocrx_word' id='word_1_569' title='bbox 3369 1977 3636 2031; x_wconf 87' lang='lat' dir='ltr'><strong>librarum</strong></span> <span class='ocrx_word' id='word_1_570' title='bbox 3680 1993 3760 2031; x_wconf 82' lang='lat' dir='ltr'><strong>ar—</strong></span> 
     </span>
    </p>
   </div>
   <div class='ocr_carea' id='block_1_81' title="bbox 2191 2066 3762 2141">
    <p class='ocr_par' dir='ltr' id='par_1_81' title="bbox 2191 2066 3762 2141">
     <span class='ocr_line' id='line_1_81' title="bbox 2191 2066 3762 2141; baseline -0.003 -15"><span class='ocrx_word' id='word_1_571' title='bbox 2191 2072 2372 2140; x_wconf 80' lang='lat' dir='ltr'><strong>genti;</strong></span> <span class='ocrx_word' id='word_1_572' title='bbox 2412 2072 2683 2137; x_wconf 71' lang='lat' dir='ltr'><strong>secundte,</strong></span> <span class='ocrx_word' id='word_1_573' title='bbox 2716 2066 3187 2126; x_wconf 76' lang='lat' dir='ltr'><strong>Constantiniana:</strong></span> <span class='ocrx_word' id='word_1_574' title='bbox 3212 2071 3391 2133; x_wconf 68' lang='lat' dir='ltr'><strong>dictae,</strong></span> <span class='ocrx_word' id='word_1_575' title='bbox 3421 2071 3618 2141; x_wconf 83' lang='lat' dir='ltr'><strong>viginti</strong></span> <span class='ocrx_word' id='word_1_576' title='bbox 3652 2069 3762 2122; x_wconf 84' lang='lat' dir='ltr'><strong>mil-</strong></span> 
     </span>
    </p>
   </div>
   <div class='ocr_carea' id='block_1_82' title="bbox 2188 2160 3758 2232">
    <p class='ocr_par' dir='ltr' id='par_1_82' title="bbox 2188 2160 3758 2232">
     <span class='ocr_line' id='line_1_82' title="bbox 2188 2160 3758 2232; baseline -0.001 -16"><span class='ocrx_word' id='word_1_577' title='bbox 2188 2161 2261 2216; x_wconf 89' lang='lat' dir='ltr'><strong>lia</strong></span> <span class='ocrx_word' id='word_1_578' title='bbox 2321 2160 2532 2217; x_wconf 77' lang='lat' dir='ltr'><strong>follium</strong></span> <span class='ocrx_word' id='word_1_579' title='bbox 2583 2169 2640 2216; x_wconf 86' lang='lat' dir='ltr'><strong>et</strong></span> <span class='ocrx_word' id='word_1_580' title='bbox 2685 2160 3042 2232; x_wconf 82' lang='lat' dir='ltr'><strong>quadraginta</strong></span> <span class='ocrx_word' id='word_1_581' title='bbox 3088 2161 3258 2216; x_wconf 87' lang='lat' dir='ltr'><strong>libras</strong></span> <span class='ocrx_word' id='word_1_582' title='bbox 3304 2162 3556 2231; x_wconf 88' lang='lat' dir='ltr'><strong>argenti;</strong></span> <span class='ocrx_word' id='word_1_583' title='bbox 3596 2162 3758 2216; x_wconf 66' lang='lat' dir='ltr'><strong>tertiae</strong></span> 
     </span>
    </p>
   </div>
   <div class='ocr_carea' id='block_1_83' title="bbox 2194 2253 3760 2325">
    <p class='ocr_par' dir='ltr' id='par_1_83' title="bbox 2194 2253 3760 2325">
     <span class='ocr_line' id='line_1_83' title="bbox 2194 2253 3760 2325; baseline -0.001 -17"><span class='ocrx_word' id='word_1_584' title='bbox 2194 2253 2564 2325; x_wconf 84' lang='lat' dir='ltr'><strong>Triumphali,</strong></span> <span class='ocrx_word' id='word_1_585' title='bbox 2603 2255 2913 2325; x_wconf 86' lang='lat' dir='ltr'><strong>quindecim</strong></span> <span class='ocrx_word' id='word_1_586' title='bbox 2947 2253 3115 2308; x_wconf 88' lang='lat' dir='ltr'><strong>millia</strong></span> <span class='ocrx_word' id='word_1_587' title='bbox 3164 2253 3393 2321; x_wconf 86' lang='lat' dir='ltr'><strong>follium,</strong></span> <span class='ocrx_word' id='word_1_588' title='bbox 3444 2271 3515 2309; x_wconf 89' lang='lat' dir='ltr'><strong>ac</strong></span> <span class='ocrx_word' id='word_1_589' title='bbox 3555 2255 3760 2325; x_wconf 81' lang='lat' dir='ltr'><strong>triginta</strong></span> 
     </span>
    </p>
   </div>
   <div class='ocr_carea' id='block_1_84' title="bbox 2197 2344 3759 2416">
    <p class='ocr_par' dir='ltr' id='par_1_84' title="bbox 2197 2344 3759 2416">
     <span class='ocr_line' id='line_1_84' title="bbox 2197 2344 3759 2416; baseline 0.001 -18"><span class='ocrx_word' id='word_1_590' title='bbox 2197 2345 2367 2401; x_wconf 89' lang='lat' dir='ltr'><strong>libras</strong></span> <span class='ocrx_word' id='word_1_591' title='bbox 2405 2346 2640 2416; x_wconf 88' lang='lat' dir='ltr'><strong>argenti.</strong></span> <span class='ocrx_word' id='word_1_592' title='bbox 2680 2344 2791 2402; x_wconf 82' lang='lat' dir='ltr'><strong>Hos</strong></span> <span class='ocrx_word' id='word_1_593' title='bbox 2819 2362 2947 2403; x_wconf 87' lang='lat' dir='ltr'><strong>vere</strong></span> <span class='ocrx_word' id='word_1_594' title='bbox 2978 2346 3135 2402; x_wconf 85' lang='lat' dir='ltr'><strong>folles</strong></span> <span class='ocrx_word' id='word_1_595' title='bbox 3185 2360 3382 2403; x_wconf 87' lang='lat' dir='ltr'><strong>aureos</strong></span> <span class='ocrx_word' id='word_1_596' title='bbox 3432 2362 3564 2402; x_wconf 86' lang='lat' dir='ltr'><strong>esse</strong></span> <span class='ocrx_word' id='word_1_597' title='bbox 3612 2362 3759 2400; x_wconf 90' lang='lat' dir='ltr'><strong>num-</strong></span> 
     </span>
    </p>
   </div>
   <div class='ocr_carea' id='block_1_85' title="bbox 2193 2436 3762 2508">
    <p class='ocr_par' dir='ltr' id='par_1_85' title="bbox 2193 2436 3762 2508">
     <span class='ocr_line' id='line_1_85' title="bbox 2193 2436 3762 2508; baseline -0.001 -18"><span class='ocrx_word' id='word_1_598' title='bbox 2193 2450 2332 2500; x_wconf 92' lang='lat' dir='ltr'><strong>mos,</strong></span> <span class='ocrx_word' id='word_1_599' title='bbox 2369 2438 2491 2507; x_wconf 89' lang='lat' dir='ltr'><strong>quis</strong></span> <span class='ocrx_word' id='word_1_600' title='bbox 2522 2437 2737 2493; x_wconf 89' lang='lat' dir='ltr'><strong>tandem</strong></span> <span class='ocrx_word' id='word_1_601' title='bbox 2782 2438 3151 2506; x_wconf 78' lang='lat' dir='ltr'><strong>persuadeat?</strong></span> <span class='ocrx_word' id='word_1_602' title='bbox 3181 2436 3369 2508; x_wconf 80' lang='lat' dir='ltr'><strong>Neque</strong></span> <span class='ocrx_word' id='word_1_603' title='bbox 3395 2440 3547 2492; x_wconf 89' lang='lat' dir='ltr'><strong>enim</strong></span> <span class='ocrx_word' id='word_1_604' title='bbox 3588 2436 3762 2492; x_wconf 82' lang='lat' dir='ltr'><strong>verisi-</strong></span> 
     </span>
    </p>
   </div>
   <div class='ocr_carea' id='block_1_86' title="bbox 2193 2528 3759 2599">
    <p class='ocr_par' dir='ltr' id='par_1_86' title="bbox 2193 2528 3759 2599">
     <span class='ocr_line' id='line_1_86' title="bbox 2193 2528 3759 2599; baseline 0 -17"><span class='ocrx_word' id='word_1_605' title='bbox 2193 2529 2320 2585; x_wconf 87' lang='lat' dir='ltr'><strong>mile</strong></span> <span class='ocrx_word' id='word_1_606' title='bbox 2344 2537 2428 2584; x_wconf 88' lang='lat' dir='ltr'><strong>est</strong></span> <span class='ocrx_word' id='word_1_607' title='bbox 2460 2536 2613 2583; x_wconf 85' lang='lat' dir='ltr'><strong>tanto</strong></span> <span class='ocrx_word' id='word_1_608' title='bbox 2641 2528 2905 2599; x_wconf 84' lang='lat' dir='ltr'><strong>majorem</strong></span> <span class='ocrx_word' id='word_1_609' title='bbox 2939 2530 3060 2584; x_wconf 88' lang='lat' dir='ltr'><strong>auri</strong></span> <span class='ocrx_word' id='word_1_610' title='bbox 3096 2530 3456 2599; x_wconf 86' lang='lat' dir='ltr'><strong>quantitatem</strong></span> <span class='ocrx_word' id='word_1_611' title='bbox 3489 2530 3545 2584; x_wconf 91' lang='lat' dir='ltr'><strong>in</strong></span> <span class='ocrx_word' id='word_1_612' title='bbox 3576 2528 3759 2585; x_wconf 80' lang='lat' dir='ltr'><strong>editio-</strong></span> 
     </span>
    </p>
   </div>
   <div class='ocr_carea' id='block_1_87' title="bbox 2193 2620 3757 2690">
    <p class='ocr_par' dir='ltr' id='par_1_87' title="bbox 2193 2620 3757 2690">
     <span class='ocr_line' id='line_1_87' title="bbox 2193 2620 3757 2690; baseline 0 -19"><span class='ocrx_word' id='word_1_613' title='bbox 2193 2632 2312 2682; x_wconf 87' lang='lat' dir='ltr'><strong>nes,</strong></span> <span class='ocrx_word' id='word_1_614' title='bbox 2344 2632 2509 2688; x_wconf 88' lang='lat' dir='ltr'><strong>quam</strong></span> <span class='ocrx_word' id='word_1_615' title='bbox 2546 2620 2756 2689; x_wconf 85' lang='lat' dir='ltr'><strong>argenti</strong></span> <span class='ocrx_word' id='word_1_616' title='bbox 2801 2621 2888 2675; x_wconf 76' lang='lat' dir='ltr'><strong>vel</strong></span> <span class='ocrx_word' id='word_1_617' title='bbox 2936 2621 3268 2690; x_wconf 91' lang='lat' dir='ltr'><strong>insumptam</strong></span> <span class='ocrx_word' id='word_1_618' title='bbox 3325 2621 3408 2676; x_wconf 87' lang='lat' dir='ltr'><strong>vel</strong></span> <span class='ocrx_word' id='word_1_619' title='bbox 3448 2633 3757 2675; x_wconf 83' lang='lat' dir='ltr'><strong>concessam</strong></span> 
     </span>
    </p>
   </div>
   <div class='ocr_carea' id='block_1_88' title="bbox 2194 2708 3758 2777">
    <p class='ocr_par' dir='ltr' id='par_1_88' title="bbox 2194 2708 3758 2777">
     <span class='ocr_line' id='line_1_88' title="bbox 2194 2708 3758 2777; baseline 0 -15"><span class='ocrx_word' id='word_1_620' title='bbox 2194 2708 2388 2764; x_wconf 86' lang='lat' dir='ltr'><strong>fuisse.</strong></span> <span class='ocrx_word' id='word_1_621' title='bbox 2420 2709 2491 2762; x_wconf 81' lang='lat' dir='ltr'><strong>At</strong></span> <span class='ocrx_word' id='word_1_622' title='bbox 2515 2725 2617 2763; x_wconf 85' lang='lat' dir='ltr'><strong>xxv</strong></span> <span class='ocrx_word' id='word_1_623' title='bbox 2644 2708 2877 2777; x_wconf 89' lang='lat' dir='ltr'><strong>follium,</strong></span> <span class='ocrx_word' id='word_1_624' title='bbox 2904 2710 2949 2765; x_wconf 89' lang='lat' dir='ltr'><strong>si</strong></span> <span class='ocrx_word' id='word_1_625' title='bbox 2981 2712 3132 2765; x_wconf 90' lang='lat' dir='ltr'><strong>aurei</strong></span> <span class='ocrx_word' id='word_1_626' title='bbox 3160 2712 3370 2766; x_wconf 90' lang='lat' dir='ltr'><strong>nummi</strong></span> <span class='ocrx_word' id='word_1_627' title='bbox 3403 2719 3559 2775; x_wconf 90' lang='lat' dir='ltr'><strong>sunt,</strong></span> <span class='ocrx_word' id='word_1_628' title='bbox 3584 2710 3758 2772; x_wconf 86' lang='lat' dir='ltr'><strong>millia,</strong></span> 
     </span>
    </p>
   </div>
   <div class='ocr_carea' id='block_1_89' title="bbox 2196 2800 3757 2872">
    <p class='ocr_par' dir='ltr' id='par_1_89' title="bbox 2196 2800 3757 2872">
     <span class='ocr_line' id='line_1_89' title="bbox 2196 2800 3757 2872; baseline -0.001 -18"><span class='ocrx_word' id='word_1_629' title='bbox 2196 2806 2474 2870; x_wconf 87' lang='lat' dir='ltr'><strong>utcunque</strong></span> <span class='ocrx_word' id='word_1_630' title='bbox 2521 2800 2590 2854; x_wconf 90' lang='lat' dir='ltr'><strong>ad</strong></span> <span class='ocrx_word' id='word_1_631' title='bbox 2628 2801 2797 2855; x_wconf 85' lang='lat' dir='ltr'><strong>libras</strong></span> <span class='ocrx_word' id='word_1_632' title='bbox 2838 2801 3171 2872; x_wconf 81' lang='lat' dir='ltr'><strong>redigantur,</strong></span> <span class='ocrx_word' id='word_1_633' title='bbox 3220 2803 3458 2857; x_wconf 84' lang='lat' dir='ltr'><strong>immane</strong></span> <span class='ocrx_word' id='word_1_634' title='bbox 3503 2807 3757 2871; x_wconf 87' lang='lat' dir='ltr'><strong>quantum</strong></span> 
     </span>
    </p>
   </div>
   <div class='ocr_carea' id='block_1_90' title="bbox 2194 2891 3760 2964">
    <p class='ocr_par' dir='ltr' id='par_1_90' title="bbox 2194 2891 3760 2964">
     <span class='ocr_line' id='line_1_90' title="bbox 2194 2891 3760 2964; baseline 0 -19"><span class='ocrx_word' id='word_1_635' title='bbox 2194 2899 2576 2961; x_wconf 85' lang='lat' dir='ltr'><strong>argentearum</strong></span> <span class='ocrx_word' id='word_1_636' title='bbox 2610 2907 2900 2947; x_wconf 88' lang='lat' dir='ltr'><strong>numerum</strong></span> <span class='ocrx_word' id='word_1_637' title='bbox 2931 2894 3220 2949; x_wconf 84' lang='lat' dir='ltr'><strong>excedant.</strong></span> <span class='ocrx_word' id='word_1_638' title='bbox 3274 2892 3415 2964; x_wconf 86' lang='lat' dir='ltr'><strong>Ergo</strong></span> <span class='ocrx_word' id='word_1_639' title='bbox 3456 2892 3619 2948; x_wconf 88' lang='lat' dir='ltr'><strong>folles</strong></span> <span class='ocrx_word' id='word_1_640' title='bbox 3648 2891 3760 2947; x_wconf 82' lang='lat' dir='ltr'><strong>istic</strong></span> 
     </span>
    </p>
   </div>
   <div class='ocr_carea' id='block_1_91' title="bbox 2192 2982 3760 3056">
    <p class='ocr_par' dir='ltr' id='par_1_91' title="bbox 2192 2982 3760 3056">
     <span class='ocr_line' id='line_1_91' title="bbox 2192 2982 3760 3056; baseline 0.001 -20"><span class='ocrx_word' id='word_1_641' title='bbox 2192 2982 2317 3037; x_wconf 82' lang='lat' dir='ltr'><strong>:rrei</strong></span> <span class='ocrx_word' id='word_1_642' title='bbox 2352 2984 2561 3037; x_wconf 89' lang='lat' dir='ltr'><strong>nummi</strong></span> <span class='ocrx_word' id='word_1_643' title='bbox 2609 2984 2726 3038; x_wconf 89' lang='lat' dir='ltr'><strong>sive</strong></span> <span class='ocrx_word' id='word_1_644' title='bbox 2780 2984 3071 3041; x_wconf 73' lang='lat' dir='ltr'><strong>follserales</strong></span> <span class='ocrx_word' id='word_1_645' title='bbox 3119 2985 3390 3051; x_wconf 90' lang='lat' dir='ltr'><strong>videntur,</strong></span> <span class='ocrx_word' id='word_1_646' title='bbox 3439 3000 3582 3056; x_wconf 90' lang='lat' dir='ltr'><strong>quos</strong></span> <span class='ocrx_word' id='word_1_647' title='bbox 3614 2982 3760 3038; x_wconf 83' lang='lat' dir='ltr'><strong>Lam-</strong></span> 
     </span>
    </p>
   </div>
   <div class='ocr_carea' id='block_1_92' title="bbox 2195 3072 3759 3147">
    <p class='ocr_par' dir='ltr' id='par_1_92' title="bbox 2195 3072 3759 3147">
     <span class='ocr_line' id='line_1_92' title="bbox 2195 3072 3759 3147; baseline 0 -20"><span class='ocrx_word' id='word_1_648' title='bbox 2195 3073 2335 3143; x_wconf 89' lang='lat' dir='ltr'><strong>prid.</strong></span> <span class='ocrx_word' id='word_1_649' title='bbox 2381 3073 2436 3128; x_wconf 91' lang='lat' dir='ltr'><strong>in</strong></span> <span class='ocrx_word' id='word_1_650' title='bbox 2468 3073 2768 3144; x_wconf 82' lang='lat' dir='ltr'><strong>Alagabalo</strong></span> <span class='ocrx_word' id='word_1_651' title='bbox 2806 3074 2963 3132; x_wconf 90' lang='lat' dir='ltr'><strong>folles</strong></span> <span class='ocrx_word' id='word_1_652' title='bbox 2991 3078 3116 3132; x_wconf 72' lang='lat' dir='ltr'><strong>aeris</strong></span> <span class='ocrx_word' id='word_1_653' title='bbox 3156 3075 3409 3147; x_wconf 89' lang='lat' dir='ltr'><strong>appellat.</strong></span> <span class='ocrx_word' id='word_1_654' title='bbox 3446 3072 3759 3147; x_wconf 90' lang='lat' dir='ltr'><strong>Cuiusmodi</strong></span> 
     </span>
    </p>
   </div>
   <div class='ocr_carea' id='block_1_93' title="bbox 2193 3162 3759 3235">
    <p class='ocr_par' dir='ltr' id='par_1_93' title="bbox 2193 3162 3759 3235">
     <span class='ocr_line' id='line_1_93' title="bbox 2193 3162 3759 3235; baseline 0.002 -19"><span class='ocrx_word' id='word_1_655' title='bbox 2193 3162 2418 3218; x_wconf 71' lang='lat' dir='ltr'><strong>minuta:</strong></span> <span class='ocrx_word' id='word_1_656' title='bbox 2465 3164 2697 3233; x_wconf 89' lang='lat' dir='ltr'><strong>species,</strong></span> <span class='ocrx_word' id='word_1_657' title='bbox 2734 3175 2788 3220; x_wconf 90' lang='lat' dir='ltr'><strong>et</strong></span> <span class='ocrx_word' id='word_1_658' title='bbox 2817 3180 2972 3221; x_wconf 57' lang='lat' dir='ltr'><strong>terea;</strong></span> <span class='ocrx_word' id='word_1_659' title='bbox 3008 3181 3132 3219; x_wconf 92' lang='lat' dir='ltr'><strong>cum</strong></span> <span class='ocrx_word' id='word_1_660' title='bbox 3173 3165 3448 3235; x_wconf 86' lang='lat' dir='ltr'><strong>argenteis</strong></span> <span class='ocrx_word' id='word_1_661' title='bbox 3500 3174 3557 3221; x_wconf 89' lang='lat' dir='ltr'><strong>et</strong></span> <span class='ocrx_word' id='word_1_662' title='bbox 3588 3164 3759 3220; x_wconf 82' lang='lat' dir='ltr'><strong>aureis</strong></span> 
     </span>
    </p>
   </div>
   <div class='ocr_carea' id='block_1_94' title="bbox 2190 3253 3760 3323">
    <p class='ocr_par' dir='ltr' id='par_1_94' title="bbox 2190 3253 3760 3323">
     <span class='ocr_line' id='line_1_94' title="bbox 2190 3253 3760 3323; baseline 0.001 -16"><span class='ocrx_word' id='word_1_663' title='bbox 2190 3253 2525 3323; x_wconf 86' lang='lat' dir='ltr'><strong>coniunctim</strong></span> <span class='ocrx_word' id='word_1_664' title='bbox 2561 3256 2614 3309; x_wconf 94' lang='lat' dir='ltr'><strong>in</strong></span> <span class='ocrx_word' id='word_1_665' title='bbox 2651 3256 2911 3311; x_wconf 89' lang='lat' dir='ltr'><strong>salarium</strong></span> <span class='ocrx_word' id='word_1_666' title='bbox 2949 3256 3183 3311; x_wconf 90' lang='lat' dir='ltr'><strong>ducibus</strong></span> <span class='ocrx_word' id='word_1_667' title='bbox 3223 3257 3547 3311; x_wconf 90' lang='lat' dir='ltr'><strong>nominatim</strong></span> <span class='ocrx_word' id='word_1_668' title='bbox 3578 3263 3760 3310; x_wconf 64' lang='lat' dir='ltr'><strong>taxata!</strong></span> 
     </span>
    </p>
   </div>
   <div class='ocr_carea' id='block_1_95' title="bbox 2192 3345 3758 3418">
    <p class='ocr_par' dir='ltr' id='par_1_95' title="bbox 2192 3345 3758 3418">
     <span class='ocr_line' id='line_1_95' title="bbox 2192 3345 3758 3418; baseline 0 -19"><span class='ocrx_word' id='word_1_669' title='bbox 2192 3346 2448 3415; x_wconf 87' lang='lat' dir='ltr'><strong>leguntur</strong></span> <span class='ocrx_word' id='word_1_670' title='bbox 2512 3345 2655 3414; x_wconf 88' lang='lat' dir='ltr'><strong>apud</strong></span> <span class='ocrx_word' id='word_1_671' title='bbox 2712 3348 2965 3416; x_wconf 68' lang='lat' dir='ltr'><strong>Augusta</strong></span> <span class='ocrx_word' id='word_1_672' title='bbox 3021 3346 3264 3403; x_wconf 75' lang='lat' dir='ltr'><strong>historia:</strong></span> <span class='ocrx_word' id='word_1_673' title='bbox 3319 3350 3641 3418; x_wconf 86' lang='lat' dir='ltr'><strong>scriptores.</strong></span> <span class='ocrx_word' id='word_1_674' title='bbox 3691 3347 3758 3400; x_wconf 89' lang='lat' dir='ltr'><strong>lta</strong></span> 
     </span>
    </p>
   </div>
   <div class='ocr_carea' id='block_1_96' title="bbox 2191 3436 3758 3507">
    <p class='ocr_par' dir='ltr' id='par_1_96' title="bbox 2191 3436 3758 3507">
     <span class='ocr_line' id='line_1_96' title="bbox 2191 3436 3758 3507; baseline 0.003 -20"><span class='ocrx_word' id='word_1_675' title='bbox 2191 3445 2409 3489; x_wconf 85' lang='lat' dir='ltr'><strong>centum</strong></span> <span class='ocrx_word' id='word_1_676' title='bbox 2442 3437 2569 3491; x_wconf 72' lang='lat' dir='ltr'><strong>terei</strong></span> <span class='ocrx_word' id='word_1_677' title='bbox 2608 3436 2791 3491; x_wconf 91' lang='lat' dir='ltr'><strong>diurni</strong></span> <span class='ocrx_word' id='word_1_678' title='bbox 2827 3438 2968 3507; x_wconf 87' lang='lat' dir='ltr'><strong>apud</strong></span> <span class='ocrx_word' id='word_1_679' title='bbox 3007 3436 3301 3507; x_wconf 82' lang='lat' dir='ltr'><strong>Vopiscum</strong></span> <span class='ocrx_word' id='word_1_680' title='bbox 3332 3440 3388 3494; x_wconf 92' lang='lat' dir='ltr'><strong>in</strong></span> <span class='ocrx_word' id='word_1_681' title='bbox 3435 3440 3758 3494; x_wconf 78' lang='lat' dir='ltr'><strong>Aureliano:</strong></span> 
     </span>
    </p>
   </div>
   <div class='ocr_carea' id='block_1_97' title="bbox 2190 3525 3758 3600">
    <p class='ocr_par' dir='ltr' id='par_1_97' title="bbox 2190 3525 3758 3600">
     <span class='ocr_line' id='line_1_97' title="bbox 2190 3525 3758 3600; baseline 0.002 -20"><span class='ocrx_word' id='word_1_682' title='bbox 2190 3541 2458 3580; x_wconf 74' lang='lat' dir='ltr'><strong>acreorum</strong></span> <span class='ocrx_word' id='word_1_683' title='bbox 2512 3525 2922 3598; x_wconf 89' lang='lat' dir='ltr'><strong>Philippeorum</strong></span> <span class='ocrx_word' id='word_1_684' title='bbox 2972 3544 3153 3584; x_wconf 89' lang='lat' dir='ltr'><strong>annua</strong></span> <span class='ocrx_word' id='word_1_685' title='bbox 3186 3530 3373 3584; x_wconf 87' lang='lat' dir='ltr'><strong>decem</strong></span> <span class='ocrx_word' id='word_1_686' title='bbox 3413 3530 3586 3585; x_wconf 90' lang='lat' dir='ltr'><strong>millia</strong></span> <span class='ocrx_word' id='word_1_687' title='bbox 3626 3528 3758 3600; x_wconf 89' lang='lat' dir='ltr'><strong>apud</strong></span> 
     </span>
    </p>
   </div>
   <div class='ocr_carea' id='block_1_98' title="bbox 2191 3616 3616 3676">
    <p class='ocr_par' dir='ltr' id='par_1_98' title="bbox 2191 3616 3616 3676">
     <span class='ocr_line' id='line_1_98' title="bbox 2191 3616 3616 3676; baseline 0.003 -5"><span class='ocrx_word' id='word_1_688' title='bbox 2191 3616 2440 3671; x_wconf 89' lang='lat' dir='ltr'><strong>eumdem</strong></span> <span class='ocrx_word' id='word_1_689' title='bbox 2470 3616 2523 3671; x_wconf 91' lang='lat' dir='ltr'><strong>in</strong></span> <span class='ocrx_word' id='word_1_690' title='bbox 2552 3616 2749 3671; x_wconf 84' lang='lat' dir='ltr'><strong>Probo.</strong></span> <span class='ocrx_word' id='word_1_691' title='bbox 2790 3617 2938 3673; x_wconf 66' lang='lat' dir='ltr'><strong>Eris</strong></span> <span class='ocrx_word' id='word_1_692' title='bbox 2968 3617 3057 3673; x_wconf 85' lang='lat' dir='ltr'><strong>IlS</strong></span> <span class='ocrx_word' id='word_1_693' title='bbox 3084 3620 3266 3676; x_wconf 87' lang='lat' dir='ltr'><strong>decies</strong></span> <span class='ocrx_word' id='word_1_694' title='bbox 3300 3621 3353 3674; x_wconf 92' lang='lat' dir='ltr'><strong>in</strong></span> <span class='ocrx_word' id='word_1_695' title='bbox 3387 3618 3616 3675; x_wconf 83' lang='lat' dir='ltr'><strong>Bonoso.</strong></span> 
     </span>
    </p>
   </div>
   <div class='ocr_carea' id='block_1_99' title="bbox 2261 3704 3759 3779">
    <p class='ocr_par' dir='ltr' id='par_1_99' title="bbox 2261 3704 3759 3779">
     <span class='ocr_line' id='line_1_99' title="bbox 2261 3704 3759 3779; baseline 0.003 -20"><span class='ocrx_word' id='word_1_696' title='bbox 2261 3704 2546 3762; x_wconf 90' lang='lat' dir='ltr'><strong>Postremo</strong></span> <span class='ocrx_word' id='word_1_697' title='bbox 2578 3707 2692 3778; x_wconf 88' lang='lat' dir='ltr'><strong>lege</strong></span> <span class='ocrx_word' id='word_1_698' title='bbox 2718 3708 2782 3761; x_wconf 84' lang='grc'><strong>21</strong></span> <span class='ocrx_word' id='word_1_699' title='bbox 2817 3707 2892 3764; x_wconf 90' lang='lat' dir='ltr'><strong>De</strong></span> <span class='ocrx_word' id='word_1_700' title='bbox 2922 3710 3322 3779; x_wconf 72' lang='lat' dir='ltr'><strong>prtet.,follium</strong></span> <span class='ocrx_word' id='word_1_701' title='bbox 3360 3711 3521 3779; x_wconf 84' lang='lat' dir='ltr'><strong>plane</strong></span> <span class='ocrx_word' id='word_1_702' title='bbox 3546 3711 3759 3765; x_wconf 81' lang='lat' dir='ltr'><strong>diversa</strong></span> 
     </span>
    </p>
   </div>
   <div class='ocr_carea' id='block_1_100' title="bbox 2192 3798 3760 3872">
    <p class='ocr_par' dir='ltr' id='par_1_100' title="bbox 2192 3798 3760 3872">
     <span class='ocr_line' id='line_1_100' title="bbox 2192 3798 3760 3872; baseline 0.001 -20"><span class='ocrx_word' id='word_1_703' title='bbox 2192 3806 2246 3852; x_wconf 91' lang='lat' dir='ltr'><strong>et</strong></span> <span class='ocrx_word' id='word_1_704' title='bbox 2274 3798 2576 3854; x_wconf 86' lang='lat' dir='ltr'><strong>abhorrens</strong></span> <span class='ocrx_word' id='word_1_705' title='bbox 2617 3799 2686 3853; x_wconf 89' lang='lat' dir='ltr'><strong>ab</strong></span> <span class='ocrx_word' id='word_1_706' title='bbox 2719 3800 2867 3853; x_wconf 90' lang='lat' dir='ltr'><strong>omni</strong></span> <span class='ocrx_word' id='word_1_707' title='bbox 2925 3817 3270 3856; x_wconf 87' lang='lat' dir='ltr'><strong>nummorum</strong></span> <span class='ocrx_word' id='word_1_708' title='bbox 3315 3817 3513 3872; x_wconf 85' lang='lat' dir='ltr'><strong>genere</strong></span> <span class='ocrx_word' id='word_1_709' title='bbox 3555 3801 3760 3872; x_wconf 84' lang='lat' dir='ltr'><strong>signiti-</strong></span> 
     </span>
    </p>
   </div>
   <div class='ocr_carea' id='block_1_101' title="bbox 2191 3887 3755 3963">
    <p class='ocr_par' dir='ltr' id='par_1_101' title="bbox 2191 3887 3755 3963">
     <span class='ocr_line' id='line_1_101' title="bbox 2191 3887 3755 3963; baseline 0.003 -22"><span class='ocrx_word' id='word_1_710' title='bbox 2191 3890 2335 3943; x_wconf 90' lang='lat' dir='ltr'><strong>catio</strong></span> <span class='ocrx_word' id='word_1_711' title='bbox 2364 3900 2467 3944; x_wconf 90' lang='lat' dir='ltr'><strong>est.</strong></span> <span class='ocrx_word' id='word_1_712' title='bbox 2504 3887 2581 3943; x_wconf 88' lang='lat' dir='ltr'><strong>lbi</strong></span> <span class='ocrx_word' id='word_1_713' title='bbox 2609 3892 2755 3944; x_wconf 87' lang='lat' dir='ltr'><strong>enim</strong></span> <span class='ocrx_word' id='word_1_714' title='bbox 2787 3891 3056 3960; x_wconf 88' lang='lat' dir='ltr'><strong>triplicem</strong></span> <span class='ocrx_word' id='word_1_715' title='bbox 3089 3894 3353 3948; x_wconf 89' lang='lat' dir='ltr'><strong>senatorii</strong></span> <span class='ocrx_word' id='word_1_716' title='bbox 3384 3893 3601 3949; x_wconf 87' lang='lat' dir='ltr'><strong>ordinis</strong></span> <span class='ocrx_word' id='word_1_717' title='bbox 3639 3906 3755 3963; x_wconf 89' lang='lat' dir='ltr'><strong>gra-</strong></span> 
     </span>
    </p>
   </div>
   <div class='ocr_carea' id='block_1_102' title="bbox 2192 3979 3759 4052">
    <p class='ocr_par' dir='ltr' id='par_1_102' title="bbox 2192 3979 3759 4052">
     <span class='ocr_line' id='line_1_102' title="bbox 2192 3979 3759 4052; baseline 0 -20"><span class='ocrx_word' id='word_1_718' title='bbox 2192 3979 2321 4032; x_wconf 90' lang='lat' dir='ltr'><strong>dum</strong></span> <span class='ocrx_word' id='word_1_719' title='bbox 2373 3979 2655 4046; x_wconf 90' lang='lat' dir='ltr'><strong>discernit,</strong></span> <span class='ocrx_word' id='word_1_720' title='bbox 2696 3995 2797 4050; x_wconf 84' lang='lat' dir='ltr'><strong>pro</strong></span> <span class='ocrx_word' id='word_1_721' title='bbox 2839 3980 3058 4036; x_wconf 89' lang='lat' dir='ltr'><strong>diversa</strong></span> <span class='ocrx_word' id='word_1_722' title='bbox 3099 3982 3465 4052; x_wconf 88' lang='lat' dir='ltr'><strong>professione,</strong></span> <span class='ocrx_word' id='word_1_723' title='bbox 3522 3983 3580 4037; x_wconf 92' lang='lat' dir='ltr'><strong>in</strong></span> <span class='ocrx_word' id='word_1_724' title='bbox 3609 3995 3759 4051; x_wconf 83' lang='lat' dir='ltr'><strong>quam</strong></span> 
     </span>
    </p>
   </div>
   <div class='ocr_carea' id='block_1_103' title="bbox 2192 4068 3758 4142">
    <p class='ocr_par' dir='ltr' id='par_1_103' title="bbox 2192 4068 3758 4142">
     <span class='ocr_line' id='line_1_103' title="bbox 2192 4068 3758 4142; baseline 0.002 -22"><span class='ocrx_word' id='word_1_725' title='bbox 2192 4069 2282 4121; x_wconf 89' lang='lat' dir='ltr'><strong>alii</strong></span> <span class='ocrx_word' id='word_1_726' title='bbox 2314 4068 2453 4123; x_wconf 89' lang='lat' dir='ltr'><strong>duos</strong></span> <span class='ocrx_word' id='word_1_727' title='bbox 2492 4068 2670 4133; x_wconf 91' lang='lat' dir='ltr'><strong>folles,</strong></span> <span class='ocrx_word' id='word_1_728' title='bbox 2716 4070 2807 4123; x_wconf 83' lang='lat' dir='ltr'><strong>alii</strong></span> <span class='ocrx_word' id='word_1_729' title='bbox 2850 4078 3109 4140; x_wconf 85' lang='lat' dir='ltr'><strong>quatuor,</strong></span> <span class='ocrx_word' id='word_1_730' title='bbox 3170 4071 3263 4125; x_wconf 89' lang='lat' dir='ltr'><strong>alii</strong></span> <span class='ocrx_word' id='word_1_731' title='bbox 3315 4072 3550 4142; x_wconf 88' lang='lat' dir='ltr'><strong>amplius</strong></span> <span class='ocrx_word' id='word_1_732' title='bbox 3600 4072 3758 4126; x_wconf 85' lang='lat' dir='ltr'><strong>habe-</strong></span> 
     </span>
    </p>
   </div>
   <div class='ocr_carea' id='block_1_104' title="bbox 2194 4157 3760 4231">
    <p class='ocr_par' dir='ltr' id='par_1_104' title="bbox 2194 4157 3760 4231">
     <span class='ocr_line' id='line_1_104' title="bbox 2194 4157 3760 4231; baseline -0.002 -18"><span class='ocrx_word' id='word_1_733' title='bbox 2194 4160 2346 4213; x_wconf 85' lang='lat' dir='ltr'><strong>bant.</strong></span> <span class='ocrx_word' id='word_1_734' title='bbox 2367 4157 2536 4214; x_wconf 90' lang='lat' dir='ltr'><strong>Follis</strong></span> <span class='ocrx_word' id='word_1_735' title='bbox 2554 4174 2682 4215; x_wconf 91' lang='lat' dir='ltr'><strong>vero</strong></span> <span class='ocrx_word' id='word_1_736' title='bbox 2700 4174 2809 4213; x_wconf 92' lang='lat' dir='ltr'><strong>non</strong></span> <span class='ocrx_word' id='word_1_737' title='bbox 2828 4175 2928 4230; x_wconf 89' lang='lat' dir='ltr'><strong>pro</strong></span> <span class='ocrx_word' id='word_1_738' title='bbox 2946 4164 3201 4224; x_wconf 66' lang='lat' dir='ltr'><strong>“nummo,</strong></span> <span class='ocrx_word' id='word_1_739' title='bbox 3217 4159 3310 4216; x_wconf 91' lang='lat' dir='ltr'><strong>sed</strong></span> <span class='ocrx_word' id='word_1_740' title='bbox 3329 4175 3428 4231; x_wconf 92' lang='lat' dir='ltr'><strong>pro</strong></span> <span class='ocrx_word' id='word_1_741' title='bbox 3444 4175 3657 4215; x_wconf 88' lang='lat' dir='ltr'><strong>canone</strong></span> <span class='ocrx_word' id='word_1_742' title='bbox 3671 4158 3760 4212; x_wconf 89' lang='lat' dir='ltr'><strong>tri-</strong></span> 
     </span>
    </p>
   </div>
   <div class='ocr_carea' id='block_1_105' title="bbox 2195 4249 3760 4320">
    <p class='ocr_par' dir='ltr' id='par_1_105' title="bbox 2195 4249 3760 4320">
     <span class='ocr_line' id='line_1_105' title="bbox 2195 4249 3760 4320; baseline -0.001 -17"><span class='ocrx_word' id='word_1_743' title='bbox 2195 4249 2307 4303; x_wconf 84' lang='lat' dir='ltr'><strong>buti</strong></span> <span class='ocrx_word' id='word_1_744' title='bbox 2356 4262 2421 4303; x_wconf 88' lang='lat' dir='ltr'><strong>ac</strong></span> <span class='ocrx_word' id='word_1_745' title='bbox 2450 4249 2818 4318; x_wconf 84' lang='lat' dir='ltr'><strong>praestationis</strong></span> <span class='ocrx_word' id='word_1_746' title='bbox 2850 4250 3103 4315; x_wconf 88' lang='lat' dir='ltr'><strong>sumitur,</strong></span> <span class='ocrx_word' id='word_1_747' title='bbox 3121 4252 3213 4320; x_wconf 90' lang='lat' dir='ltr'><strong>qui</strong></span> <span class='ocrx_word' id='word_1_748' title='bbox 3233 4266 3262 4305; x_wconf 92' lang='lat' dir='ltr'><strong>a</strong></span> <span class='ocrx_word' id='word_1_749' title='bbox 3292 4251 3644 4307; x_wconf 84' lang='lat' dir='ltr'><strong>senatoribus</strong></span> <span class='ocrx_word' id='word_1_750' title='bbox 3672 4263 3760 4319; x_wconf 88' lang='lat' dir='ltr'><strong>pro</strong></span> 
     </span>
    </p>
   </div>
   <div class='ocr_carea' id='block_1_106' title="bbox 2192 4326 3761 4412">
    <p class='ocr_par' dir='ltr' id='par_1_106' title="bbox 2192 4326 3761 4412">
     <span class='ocr_line' id='line_1_106' title="bbox 2192 4326 3761 4412; baseline -0.001 -19"><span class='ocrx_word' id='word_1_751' title='bbox 2192 4340 2461 4408; x_wconf 89' lang='lat' dir='ltr'><strong>cuiusque</strong></span> <span class='ocrx_word' id='word_1_752' title='bbox 2494 4338 2756 4393; x_wconf 87' lang='lat' dir='ltr'><strong>facultate</strong></span> <span class='ocrx_word' id='word_1_753' title='bbox 2786 4354 2849 4393; x_wconf 86' lang='lat' dir='ltr'><strong>ac</strong></span> <span class='ocrx_word' id='word_1_754' title='bbox 2879 4340 3144 4411; x_wconf 87' lang='lat' dir='ltr'><strong>dignitate</strong></span> <span class='ocrx_word' id='word_1_755' title='bbox 3166 4326 3387 4397; x_wconf 89' lang='lat' dir='ltr'><strong>solebat</strong></span> <span class='ocrx_word' id='word_1_756' title='bbox 3416 4343 3593 4412; x_wconf 80' lang='lat' dir='ltr'><strong>exigi:</strong></span> <span class='ocrx_word' id='word_1_757' title='bbox 3634 4341 3761 4395; x_wconf 75' lang='grc' dir='ltr'><strong>κατὰ</strong></span> 
     </span>
    </p>
   </div>
   <div class='ocr_carea' id='block_1_107' title="bbox 2193 4430 3758 4504">
    <p class='ocr_par' dir='ltr' id='par_1_107' title="bbox 2193 4430 3758 4504">
     <span class='ocr_line' id='line_1_107' title="bbox 2193 4430 3758 4504; baseline -0.001 -19"><span class='ocrx_word' id='word_1_758' title='bbox 2193 4433 2290 4503; x_wconf 77' lang='grc' dir='ltr'><strong>τὴν</strong></span> <span class='ocrx_word' id='word_1_759' title='bbox 2345 4432 2503 4497; x_wconf 79' lang='grc' dir='ltr'><strong>ἀξίαν</strong></span> <span class='ocrx_word' id='word_1_760' title='bbox 2545 4431 2640 4486; x_wconf 76' lang='grc' dir='ltr'><strong>καὶ</strong></span> <span class='ocrx_word' id='word_1_761' title='bbox 2684 4430 2782 4503; x_wconf 82' lang='grc' dir='ltr'><strong>τὴν</strong></span> <span class='ocrx_word' id='word_1_762' title='bbox 2814 4432 3096 4504; x_wconf 82' lang='grc' dir='ltr'><strong>εὐπορίαν,</strong></span> <span class='ocrx_word' id='word_1_763' title='bbox 3128 4440 3187 4487; x_wconf 91' lang='lat' dir='ltr'><strong>ut</strong></span> <span class='ocrx_word' id='word_1_764' title='bbox 3226 4434 3420 4504; x_wconf 72' lang='lat' dir='ltr'><strong>glossa!</strong></span> <span class='ocrx_word' id='word_1_765' title='bbox 3453 4433 3758 4504; x_wconf 87' lang='lat' dir='ltr'><strong>loquuntur.</strong></span> 
     </span>
    </p>
   </div>
   <div class='ocr_carea' id='block_1_108' title="bbox 2195 4520 3758 4592">
    <p class='ocr_par' dir='ltr' id='par_1_108' title="bbox 2195 4520 3758 4592">
     <span class='ocr_line' id='line_1_108' title="bbox 2195 4520 3758 4592; baseline -0.003 -15"><span class='ocrx_word' id='word_1_766' title='bbox 2195 4522 2464 4589; x_wconf 88' lang='lat' dir='ltr'><strong>Quocirca</strong></span> <span class='ocrx_word' id='word_1_767' title='bbox 2495 4522 2633 4577; x_wconf 90' lang='lat' dir='ltr'><strong>nihil</strong></span> <span class='ocrx_word' id='word_1_768' title='bbox 2664 4521 2933 4578; x_wconf 89' lang='lat' dir='ltr'><strong>hactenus</strong></span> <span class='ocrx_word' id='word_1_769' title='bbox 2971 4522 3196 4576; x_wconf 88' lang='lat' dir='ltr'><strong>allatum</strong></span> <span class='ocrx_word' id='word_1_770' title='bbox 3222 4521 3401 4585; x_wconf 89' lang='lat' dir='ltr'><strong>video,</strong></span> <span class='ocrx_word' id='word_1_771' title='bbox 3434 4522 3583 4592; x_wconf 91' lang='lat' dir='ltr'><strong>quod</strong></span> <span class='ocrx_word' id='word_1_772' title='bbox 3621 4520 3758 4575; x_wconf 90' lang='lat' dir='ltr'><strong>aurei</strong></span> 
     </span>
    </p>
   </div>
   <div class='ocr_carea' id='block_1_109' title="bbox 2193 4613 3759 4686">
    <p class='ocr_par' dir='ltr' id='par_1_109' title="bbox 2193 4613 3759 4686">
     <span class='ocr_line' id='line_1_109' title="bbox 2193 4613 3759 4686; baseline -0.004 -16"><span class='ocrx_word' id='word_1_773' title='bbox 2193 4615 2402 4670; x_wconf 90' lang='lat' dir='ltr'><strong>nmnmi</strong></span> <span class='ocrx_word' id='word_1_774' title='bbox 2431 4631 2606 4686; x_wconf 89' lang='lat' dir='ltr'><strong>genus</strong></span> <span class='ocrx_word' id='word_1_775' title='bbox 2633 4613 2805 4670; x_wconf 90' lang='lat' dir='ltr'><strong>fuisse</strong></span> <span class='ocrx_word' id='word_1_776' title='bbox 2839 4615 3021 4670; x_wconf 89' lang='lat' dir='ltr'><strong>follem</strong></span> <span class='ocrx_word' id='word_1_777' title='bbox 3061 4621 3383 4686; x_wconf 88' lang='lat' dir='ltr'><strong>argumento</strong></span> <span class='ocrx_word' id='word_1_778' title='bbox 3421 4629 3546 4670; x_wconf 88' lang='lat' dir='ltr'><strong>esse</strong></span> <span class='ocrx_word' id='word_1_779' title='bbox 3578 4613 3759 4685; x_wconf 83' lang='lat' dir='ltr'><strong>possit,</strong></span> 
     </span>
    </p>
   </div>
   <div class='ocr_carea' id='block_1_110' title="bbox 2194 4705 3758 4781">
    <p class='ocr_par' dir='ltr' id='par_1_110' title="bbox 2194 4705 3758 4781">
     <span class='ocr_line' id='line_1_110' title="bbox 2194 4705 3758 4781; baseline -0.005 -18"><span class='ocrx_word' id='word_1_780' title='bbox 2194 4706 2291 4763; x_wconf 90' lang='lat' dir='ltr'><strong>scd</strong></span> <span class='ocrx_word' id='word_1_781' title='bbox 2331 4705 2417 4761; x_wconf 91' lang='lat' dir='ltr'><strong>vel</strong></span> <span class='ocrx_word' id='word_1_782' title='bbox 2468 4707 2585 4761; x_wconf 90' lang='lat' dir='ltr'><strong>auri</strong></span> <span class='ocrx_word' id='word_1_783' title='bbox 2623 4706 2946 4778; x_wconf 87' lang='lat' dir='ltr'><strong>argentique</strong></span> <span class='ocrx_word' id='word_1_784' title='bbox 2996 4720 3285 4775; x_wconf 87' lang='lat' dir='ltr'><strong>summam,</strong></span> <span class='ocrx_word' id='word_1_785' title='bbox 3322 4707 3409 4763; x_wconf 85' lang='lat' dir='ltr'><strong>vel</strong></span> <span class='ocrx_word' id='word_1_786' title='bbox 3455 4715 3758 4781; x_wconf 87' lang='lat' dir='ltr'><strong>argenteum</strong></span> 
     </span>
    </p>
   </div>
   <div class='ocr_carea' id='block_1_111' title="bbox 2193 4806 3056 4865">
    <p class='ocr_par' dir='ltr' id='par_1_111' title="bbox 2193 4806 3056 4865">
     <span class='ocr_line' id='line_1_111' title="bbox 2193 4806 3056 4865; baseline 0.002 -12"><span class='ocrx_word' id='word_1_787' title='bbox 2193 4806 2342 4854; x_wconf 86' lang='lat' dir='ltr'><strong>certe</strong></span> <span class='ocrx_word' id='word_1_788' title='bbox 2370 4814 2674 4865; x_wconf 89' lang='lat' dir='ltr'><strong>nummum,</strong></span> <span class='ocrx_word' id='word_1_789' title='bbox 2709 4806 2803 4853; x_wconf 91' lang='lat' dir='ltr'><strong>aut</strong></span> <span class='ocrx_word' id='word_1_790' title='bbox 2834 4814 3056 4855; x_wconf 62' lang='lat' dir='ltr'><strong>aereum.</strong></span> 
     </span>
    </p>
   </div>
   <div class='ocr_carea' id='block_1_112' title="bbox 2266 4911 3695 4986">
    <p class='ocr_par' dir='ltr' id='par_1_112' title="bbox 2266 4911 3695 4986">
     <span class='ocr_line' id='line_1_112' title="bbox 2266 4911 3695 4986; baseline 0.003 -21"><span class='ocrx_word' id='word_1_791' title='bbox 2266 4911 2344 4965; x_wconf 88' lang='lat' dir='ltr'><strong>De</strong></span> <span class='ocrx_word' id='word_1_792' title='bbox 2369 4912 2665 4967; x_wconf 87' lang='lat' dir='ltr'><strong>miliarensi</strong></span> <span class='ocrx_word' id='word_1_793' title='bbox 2695 4923 2960 4983; x_wconf 86' lang='lat' dir='ltr'><strong>argenteo,</strong></span> <span class='ocrx_word' id='word_1_794' title='bbox 2992 4931 3109 4985; x_wconf 67' lang='lat' dir='ltr'><strong>qua:</strong></span> <span class='ocrx_word' id='word_1_795' title='bbox 3135 4930 3260 4984; x_wconf 85' lang='lat' dir='ltr'><strong>pars</strong></span> <span class='ocrx_word' id='word_1_796' title='bbox 3293 4916 3436 4986; x_wconf 79' lang='lat' dir='ltr'><strong>follis</strong></span> <span class='ocrx_word' id='word_1_797' title='bbox 3471 4916 3695 4970; x_wconf 75' lang='lat' dir='ltr'><strong>videtur.</strong></span> 
     </span>
    </p>
   </div>
   <div class='ocr_carea' id='block_1_113' title="bbox 2263 5001 3757 5080">
    <p class='ocr_par' dir='ltr' id='par_1_113' title="bbox 2263 5001 3757 5080">
     <span class='ocr_line' id='line_1_113' title="bbox 2263 5001 3757 5080; baseline 0.004 -25"><span class='ocrx_word' id='word_1_798' title='bbox 2263 5001 2568 5072; x_wconf 82' lang='lat' dir='ltr'><strong>Antequam</strong></span> <span class='ocrx_word' id='word_1_799' title='bbox 2612 5003 2681 5060; x_wconf 89' lang='lat' dir='ltr'><strong>de</strong></span> <span class='ocrx_word' id='word_1_800' title='bbox 2713 5004 2842 5061; x_wconf 88' lang='lat' dir='ltr'><strong>folle</strong></span> <span class='ocrx_word' id='word_1_801' title='bbox 2874 5017 3132 5076; x_wconf 87' lang='lat' dir='ltr'><strong>argenteo</strong></span> <span class='ocrx_word' id='word_1_802' title='bbox 3174 5009 3311 5063; x_wconf 88' lang='lat' dir='ltr'><strong>certi</strong></span> <span class='ocrx_word' id='word_1_803' title='bbox 3365 5009 3572 5080; x_wconf 89' lang='lat' dir='ltr'><strong>aliquid</strong></span> <span class='ocrx_word' id='word_1_804' title='bbox 3605 5022 3757 5063; x_wconf 83' lang='lat' dir='ltr'><strong>erua-</strong></span> 
     </span>
    </p>
   </div>
   <div class='ocr_carea' id='block_1_114' title="bbox 2194 5095 3758 5170">
    <p class='ocr_par' dir='ltr' id='par_1_114' title="bbox 2194 5095 3758 5170">
     <span class='ocr_line' id='line_1_114' title="bbox 2194 5095 3758 5170; baseline 0.002 -24"><span class='ocrx_word' id='word_1_805' title='bbox 2194 5101 2306 5157; x_wconf 93' lang='lat' dir='ltr'><strong>tur,</strong></span> <span class='ocrx_word' id='word_1_806' title='bbox 2339 5108 2565 5149; x_wconf 87' lang='lat' dir='ltr'><strong>necesse</strong></span> <span class='ocrx_word' id='word_1_807' title='bbox 2594 5103 2679 5150; x_wconf 92' lang='lat' dir='ltr'><strong>est</strong></span> <span class='ocrx_word' id='word_1_808' title='bbox 2714 5095 2781 5150; x_wconf 90' lang='lat' dir='ltr'><strong>de</strong></span> <span class='ocrx_word' id='word_1_809' title='bbox 2825 5096 3153 5159; x_wconf 84' lang='lat' dir='ltr'><strong>miliarensi,</strong></span> <span class='ocrx_word' id='word_1_810' title='bbox 3191 5097 3337 5168; x_wconf 89' lang='lat' dir='ltr'><strong>quod</strong></span> <span class='ocrx_word' id='word_1_811' title='bbox 3367 5099 3606 5170; x_wconf 78' lang='grc' dir='ltr'><strong>ἄργυρον</strong></span> <span class='ocrx_word' id='word_1_812' title='bbox 3642 5096 3758 5167; x_wconf 86' lang='lat' dir='ltr'><strong>Epi-</strong></span> 
     </span>
    </p>
   </div>
   <div class='ocr_carea' id='block_1_115' title="bbox 2194 5172 3758 5259">
    <p class='ocr_par' dir='ltr' id='par_1_115' title="bbox 2194 5172 3758 5259">
     <span class='ocr_line' id='line_1_115' title="bbox 2194 5172 3758 5259; baseline 0.003 -23"><span class='ocrx_word' id='word_1_813' title='bbox 2194 5184 2430 5253; x_wconf 89' lang='lat' dir='ltr'><strong>phanius</strong></span> <span class='ocrx_word' id='word_1_814' title='bbox 2466 5186 2734 5252; x_wconf 89' lang='lat' dir='ltr'><strong>nominat,</strong></span> <span class='ocrx_word' id='word_1_815' title='bbox 2762 5202 2935 5258; x_wconf 87' lang='lat' dir='ltr'><strong>pauca</strong></span> <span class='ocrx_word' id='word_1_816' title='bbox 2958 5188 3207 5259; x_wconf 60' lang='lat' dir='ltr'><strong>quaedam</strong></span> <span class='ocrx_word' id='word_1_817' title='bbox 3245 5172 3596 5258; x_wconf 65' lang='lat' dir='ltr'><strong>praemittere,</strong></span> <span class='ocrx_word' id='word_1_818' title='bbox 3629 5202 3758 5259; x_wconf 81' lang='lat' dir='ltr'><strong>quo-</strong></span> 
     </span>
    </p>
   </div>
   <div class='ocr_carea' id='block_1_116' title="bbox 2195 5277 3756 5351">
    <p class='ocr_par' dir='ltr' id='par_1_116' title="bbox 2195 5277 3756 5351">
     <span class='ocr_line' id='line_1_116' title="bbox 2195 5277 3756 5351; baseline 0.002 -21"><span class='ocrx_word' id='word_1_819' title='bbox 2195 5277 2342 5331; x_wconf 91' lang='lat' dir='ltr'><strong>niam</strong></span> <span class='ocrx_word' id='word_1_820' title='bbox 2396 5292 2463 5332; x_wconf 85' lang='lat' dir='ltr'><strong>ex</strong></span> <span class='ocrx_word' id='word_1_821' title='bbox 2506 5293 2571 5333; x_wconf 90' lang='lat' dir='ltr'><strong>eo</strong></span> <span class='ocrx_word' id='word_1_822' title='bbox 2627 5294 2975 5335; x_wconf 90' lang='lat' dir='ltr'><strong>nummorum</strong></span> <span class='ocrx_word' id='word_1_823' title='bbox 3025 5297 3224 5351; x_wconf 84' lang='lat' dir='ltr'><strong>genere</strong></span> <span class='ocrx_word' id='word_1_824' title='bbox 3274 5282 3527 5351; x_wconf 84' lang='lat' dir='ltr'><strong>componi</strong></span> <span class='ocrx_word' id='word_1_825' title='bbox 3586 5278 3756 5335; x_wconf 88' lang='lat' dir='ltr'><strong>follem</strong></span> 
     </span>
    </p>
   </div>
   <div class='ocr_carea' id='block_1_117' title="bbox 2194 5365 3756 5442">
    <p class='ocr_par' dir='ltr' id='par_1_117' title="bbox 2194 5365 3756 5442">
     <span class='ocr_line' id='line_1_117' title="bbox 2194 5365 3756 5442; baseline 0.001 -22"><span class='ocrx_word' id='word_1_826' title='bbox 2194 5365 2338 5421; x_wconf 88' lang='lat' dir='ltr'><strong>idem</strong></span> <span class='ocrx_word' id='word_1_827' title='bbox 2368 5367 2461 5422; x_wconf 85' lang='lat' dir='ltr'><strong>ille</strong></span> <span class='ocrx_word' id='word_1_828' title='bbox 2491 5368 2762 5426; x_wconf 73' lang='lat' dir='ltr'><strong>afﬁrmare</strong></span> <span class='ocrx_word' id='word_1_829' title='bbox 2794 5371 3026 5427; x_wconf 89' lang='lat' dir='ltr'><strong>videtur.</strong></span> <span class='ocrx_word' id='word_1_830' title='bbox 3060 5369 3426 5427; x_wconf 79' lang='lat' dir='ltr'><strong>Miliarensem</strong></span> <span class='ocrx_word' id='word_1_831' title='bbox 3452 5379 3756 5442; x_wconf 87' lang='lat' dir='ltr'><strong>argenteum</strong></span> 
     </span>
    </p>
   </div>
   <div class='ocr_carea' id='block_1_118' title="bbox 2194 5457 3756 5528">
    <p class='ocr_par' dir='ltr' id='par_1_118' title="bbox 2194 5457 3756 5528">
     <span class='ocr_line' id='line_1_118' title="bbox 2194 5457 3756 5528; baseline 0.002 -18"><span class='ocrx_word' id='word_1_832' title='bbox 2194 5457 2365 5513; x_wconf 85' lang='lat' dir='ltr'><strong>fuisse</strong></span> <span class='ocrx_word' id='word_1_833' title='bbox 2422 5476 2707 5516; x_wconf 89' lang='lat' dir='ltr'><strong>nummum</strong></span> <span class='ocrx_word' id='word_1_834' title='bbox 2757 5477 2867 5517; x_wconf 93' lang='lat' dir='ltr'><strong>non</strong></span> <span class='ocrx_word' id='word_1_835' title='bbox 2921 5478 3180 5528; x_wconf 85' lang='lat' dir='ltr'><strong>aureum,</strong></span> <span class='ocrx_word' id='word_1_836' title='bbox 3238 5464 3484 5520; x_wconf 82' lang='lat' dir='ltr'><strong>declarat</strong></span> <span class='ocrx_word' id='word_1_837' title='bbox 3544 5460 3756 5517; x_wconf 80' lang='lat' dir='ltr'><strong>Novella</strong></span> 
     </span>
    </p>
   </div>
   <div class='ocr_carea' id='block_1_119' title="bbox 2185 5542 3754 5622">
    <p class='ocr_par' dir='ltr' id='par_1_119' title="bbox 2185 5542 3754 5622">
     <span class='ocr_line' id='line_1_119' title="bbox 2185 5542 3754 5622; baseline -0.001 -21"><span class='ocrx_word' id='word_1_838' title='bbox 2185 5542 2492 5603; x_wconf 62' lang='lat' dir='ltr'><strong>lustiniani</strong></span> <span class='ocrx_word' id='word_1_839' title='bbox 2542 5563 2643 5616; x_wconf 90' lang='lat' dir='ltr'><strong>cv,</strong></span> <span class='ocrx_word' id='word_1_840' title='bbox 2693 5551 2748 5605; x_wconf 91' lang='lat' dir='ltr'><strong>in</strong></span> <span class='ocrx_word' id='word_1_841' title='bbox 2802 5566 2910 5622; x_wconf 88' lang='lat' dir='ltr'><strong>qua</strong></span> <span class='ocrx_word' id='word_1_842' title='bbox 2962 5553 3412 5622; x_wconf 90' lang='lat' dir='ltr'><strong>magistratibus,</strong></span> <span class='ocrx_word' id='word_1_843' title='bbox 3465 5548 3754 5622; x_wconf 69' lang='lat' dir='ltr'><strong>praesertim</strong></span> 
     </span>
    </p>
   </div>
   <div class='ocr_carea' id='block_1_120' title="bbox 2192 5639 3756 5713">
    <p class='ocr_par' dir='ltr' id='par_1_120' title="bbox 2192 5639 3756 5713">
     <span class='ocr_line' id='line_1_120' title="bbox 2192 5639 3756 5713; baseline -0.001 -20"><span class='ocrx_word' id='word_1_844' title='bbox 2192 5651 2338 5695; x_wconf 90' lang='lat' dir='ltr'><strong>coss.</strong></span> <span class='ocrx_word' id='word_1_845' title='bbox 2358 5639 2697 5710; x_wconf 86' lang='lat' dir='ltr'><strong>profusionis</strong></span> <span class='ocrx_word' id='word_1_846' title='bbox 2715 5644 2933 5698; x_wconf 89' lang='lat' dir='ltr'><strong>modum</strong></span> <span class='ocrx_word' id='word_1_847' title='bbox 2954 5644 3283 5713; x_wconf 75' lang='lat' dir='ltr'><strong>praescribit.</strong></span> <span class='ocrx_word' id='word_1_848' title='bbox 3322 5652 3579 5712; x_wconf 76' lang='lat' dir='ltr'><strong>vetatque</strong></span> <span class='ocrx_word' id='word_1_849' title='bbox 3606 5652 3756 5696; x_wconf 57' lang='lat' dir='ltr'><strong>nume</strong></span> 
     </span>
    </p>
   </div>
   <div class='ocr_carea' id='block_1_121' title="bbox 2192 5727 3756 5807">
    <p class='ocr_par' dir='ltr' id='par_1_121' title="bbox 2192 5727 3756 5807">
     <span class='ocr_line' id='line_1_121' title="bbox 2192 5727 3756 5807; baseline 0.001 -21"><span class='ocrx_word' id='word_1_850' title='bbox 2192 5746 2313 5788; x_wconf 89' lang='lat' dir='ltr'><strong>mos</strong></span> <span class='ocrx_word' id='word_1_851' title='bbox 2340 5746 2538 5790; x_wconf 88' lang='lat' dir='ltr'><strong>aureos</strong></span> <span class='ocrx_word' id='word_1_852' title='bbox 2559 5748 2843 5806; x_wconf 81' lang='lat' dir='ltr'><strong>spargere,</strong></span> <span class='ocrx_word' id='word_1_853' title='bbox 2885 5746 3175 5807; x_wconf 86' lang='lat' dir='ltr'><strong>argenteos</strong></span> <span class='ocrx_word' id='word_1_854' title='bbox 3218 5734 3502 5807; x_wconf 87' lang='lat' dir='ltr'><strong>permittit.</strong></span> <span class='ocrx_word' id='word_1_855' title='bbox 3539 5733 3615 5787; x_wconf 83' lang='grc' dir='ltr'><strong>Οὐ</strong></span> <span class='ocrx_word' id='word_1_856' title='bbox 3654 5727 3756 5802; x_wconf 63' lang='grc' dir='ltr'><strong>μὴ’</strong></span> 
     </span>
    </p>
   </div>
  </div>
