3978 6220
328 405 442 466 B85

1546 406 1642 462 ’ΒΕ
1681 407 1902 464 FOL'LE
1942 400 2353 462 M'ILIA'RENSI.

3477 405 3578 462 586

336 519 562 593 χρυσίον
605 515 816 591 ῥίπτειν
865 519 1117 590 ἐφίεμεν,
1166 520 1226 572 οὐ
1280 522 1601 592 μικροτέρου
1652 523 1815 586 τινος,
1871 522 1904 593 ἢ

2016 537 2138 575 cum
2175 521 2408 576 duorum
2443 521 2797 577 denariorum
2844 520 3141 592 legitimum
3176 521 3324 577 aurei
3364 521 3578 594 pondus

339 608 584 680 μείζονος
631 609 788 673 ὅλως,
840 607 872 678 ἢ
925 609 1090 677 μέσου
1137 609 1511 678 χαράγματος,
1560 609 1593 678 ἢ
1646 609 1906 680 σταθμοῦ,

331 700 450 754 ’ἀλλ’
481 699 720 772 ἀργύρου
757 700 1028 771 (καθάπερ
1051 700 1294 762 εἰπόντες
1326 698 1590 770 ἔφθημεν)
1626 700 1808 770 μόνον.
1839 697 1912 753 Τὸ

331 790 437 862 ’μὲν
477 790 586 862 γὰρ
619 791 842 861 χρυσίον
872 791 1206 863 διαρρίπτειν
1250 790 1481 844 ἀνείσοω
1525 793 1589 862 τῇ
1637 789 1907 862 βασιλείᾳ,

336 877 480 958 ᾗπερ
510 881 648 954 μόνῃ
676 883 770 935 καὶ
802 883 1025 953 χρυσίου
1065 885 1413 953 περιφρονεῖν
1449 883 1478 934 ὁ
1504 882 1606 952 τῆς
1635 882 1804 953 τύχης
1832 883 1910 936 δί-

333 978 494 1027 δωσιν
529 973 710 1042 ὄγκος.
747 976 1020 1046 Ἀργυρος
1063 975 1119 1028 δὲ
1167 976 1194 1028 ὁ
1245 975 1382 1045 μετὰ
1409 973 1611 1045 χρυσὸν
1635 974 1794 1036 εὐθὺς
1832 993 1912 1028 τι-

337 1063 608 1134 μιώτατος
635 1065 847 1134 γένοιτο
874 1065 938 1118 ἂν
971 1066 1066 1119 καὶ
1097 1067 1210 1129 τοῖς
1242 1065 1423 1129 ἄλλοις
1453 1065 1680 1129 ὑπάτοις
1717 1066 1913 1136 φιλοτι-

339 1155 437 1224 μία
468 1153 773 1225 πρέπουσα.
820 1155 1019 1208 Τοῦτον
1048 1155 1273 1224 ἐφίεμεν
1301 1155 1497 1218 αὐτοὺς
1529 1156 1739 1225 ῥίπτειν
1765 1155 1822 1208 ἕν
1852 1171 1911 1208 τε

333 1250 446 1310 τοῖς
483 1247 836 1319 καλουμένοις
868 1246 1252 1316 μιλιαρησίοις,
1277 1249 1372 1300 καὶ
1414 1246 1624 1318 μήλοις,
1653 1249 1748 1301 καὶ⁹
1781 1263 1914 1301 καυ-

336 1339 495 1402 κίοις,
535 1339 628 1392 καὶ
669 1337 1074 1409 τετραγωνίοις,
1110 1338 1204 1391 καὶ
1244 1341 1358 1401 τοῖς
1392 1339 1674 1403 τοιούτοις.
1713 1339 1910 1394 Millia-

337 1445 552 1485 reusem
584 1427 964 1483 duodecimam
997 1429 1157 1482 solidi
1192 1437 1400 1499 partem
1447 1427 1644 1495 fuisse,
1695 1430 1798 1484 hoc
1829 1437 1912 1486 cst

338 1521 572 1578 solidum
616 1535 840 1574 aureum
879 1520 1145 1574 duodenis
1177 1521 1599 1577 milliarensibus
1647 1522 1909 1588 valuisse,

338 1613 440 1666 viri
478 1612 623 1668 docti
668 1611 876 1681 pridem
928 1611 1332 1679 observarunt;
1392 1614 1728 1683 proindeque
1774 1614 1912 1671 duas

341 1705 570 1774 siliquas
601 1703 719 1756 auri
765 1703 930 1757 unius
963 1703 1312 1759 milliarensis
1352 1704 1714 1760 aestimatione
1753 1712 1914 1759 "taxa-

341 1807 425 1851 tas
457 1812 471 1849 :
515 1797 714 1865 quippe
744 1796 952 1851 solidus
985 1812 1113 1852 xxiv
1149 1797 1365 1866 siliquis
1394 1798 1702 1852 constabat.
1736 1797 1912 1866 Atque

2012 620 2179 666 esset.
2239 611 2604 676 Quamobrem
2667 613 2786 667 auri
2839 613 2977 666 libra
3027 610 3304 667 drachmis
3363 613 3580 668 valebat

2013 702 2175 766 1152,
2208 696 2544 757 didrachmis
2561 703 2674 758 sive
2696 702 3124 758 milliarensibus
3155 702 3277 758 576.
3307 700 3413 758 Per
3438 715 3578 774 quos

2013 794 2058 848 si
2085 793 2229 848 ’1728
2269 795 2520 863 siliquas,
2561 802 2696 864 quot
2743 795 2800 848 in
2845 796 2986 849 libra
3023 803 3401 861 numerantur,
3439 796 3580 850 divi-

2013 885 2133 950 das,
2180 893 2490 956 competent
2527 885 2627 940 uni
2661 885 2976 940 didrachmo
3025 886 3236 955 siliqua:
3277 893 3418 950 tres,
3468 900 3579 941 non

2014 977 2153 1033 dum.
2182 977 2403 1042 Postea,
2451 993 2576 1032 cum
2611 993 2817 1033 Lxxxtv
2856 979 2911 1032 in
2935 977 3126 1032 libram
3161 980 3408 1048 percussi
3456 988 3585 1036 sunt

2014 1068 2198 1132 solidi,
2238 1068 2284 1124 si
2341 1068 2588 1138 singulos
2635 1067 2987 1123 nihilominus
3023 1069 3170 1137 paris
3217 1084 3338 1123 cum
3389 1071 3586 1124 veteri-

2017 1159 2142 1222 bus,
2177 1159 2446 1228 longeque
2490 1159 2854 1227 gravioribus,
2887 1160 3046 1229 pretii
3100 1157 3272 1214 l‘uisse
3329 1161 3455 1230 quis
3500 1161 3584 1216 di-

2015 1250 2182 1313 xerit,
2215 1249 2511 1304 absurdum
2549 1249 2802 1319 quiddam
2842 1265 2906 1304 ex
2941 1265 3006 1305 eo
3026 1259 3416 1320 consequetur.
3449 1251 3586 1305 Nam

2015 1347 2072 1392 ut
2098 1354 2300 1393 Lxxxtv
2327 1355 2424 1410 per
2462 1357 2592 1394 xxrv
2623 1342 2977 1411 multiplices,
3005 1341 3249 1398 invenies
3282 1345 3435 1399 libra:
3467 1360 3586 1399 aurI

2014 1429 2248 1500 pretium
2300 1430 2686 1484 drachmarum
2759 1447 2884 1486 esse
2930 1430 3096 1497 2016,
3141 1433 3585 1488 didrachmorum

2015 1535 2109 1575 seu
2167 1519 2586 1574 milliarensium
2645 1521 3141 1590 Scaligerianorum
3212 1523 3372 1576 1008.
3431 1525 3589 1578 Unde

2015 1611 2150 1665 illud
2179 1627 2522 1681 consequens
2547 1619 2650 1677 est,
2676 1613 2936 1682 quoniam
2965 1614 3242 1669 drachmze
3272 1616 3323 1668 in
3348 1616 3587 1670 ltquana

2017 1703 2155 1756 libra
2212 1710 2338 1757 sunt
2390 1718 2510 1757 xcw
2541 1703 2632 1773 ‘(in
2675 1704 2892 1757 unciam
2939 1705 3348 1760 enim‘octonze
3391 1722 3588 1761 convc—

2015 1793 2224 1863 niuut),
2255 1793 2409 1848 librae
2436 1801 2616 1848 autem
2647 1810 2740 1847 xxI
2767 1795 3059 1850 drachmas
3092 1795 3341 1858 totidem,
3373 1796 3475 1850 hoc
3505 1806 3591 1852 est

340 1863 547 1939 idcirco
584 1863 972 1941 miﬁlliarensem
1011 1863 1300 1955 δικέρατον
1337 1885 1617 1941 Cedrenus
1644 1863 1909 1940 nominat.
1945 1863 1986 1917 Β
2013 1882 2154 1936 2016
2204 1883 2311 1937 sibi
2360 1883 2661 1946 vindicant,
2712 1883 2956 1937 eamdem
2996 1884 3340 1938 Constantini
3387 1887 3588 1940 sacculo

337 1976 539 2033 Verum
583 1977 726 2032 istud
766 1985 1085 2047 perpetuum
1132 1993 1256 2032 esse
1288 1977 1510 2031 minime
1553 1978 1752 2048 potuit.
1802 1977 1910 2033 Do-

337 2075 460 2122 cent
489 2068 633 2123 enim
680 2067 886 2122 Glossae
917 2068 1139 2138 νομικαί
1195 2083 1389 2122 novem
1443 2069 1664 2123 circiter
1710 2070 1914 2125 solidos

340 2160 709 2214 milliarenses
745 2158 1001 2213 habuisse
1031 2173 1192 2222 cxxv,
1237 2160 1436 2228 quibus
1479 2169 1790 2229 competunt
1820 2177 1916 2212 xa-

341 2251 499 2320 ράτια
547 2264 770 2304 ccxvm.
809 2249 1044 2306 Proinde
1091 2250 1324 2321 singulis
1362 2250 1787 2306 milliarensibus
1835 2259 1915 2304 a’t-

338 2342 623 2396 tribuenda
661 2352 788 2396 sunt
816 2342 1045 2413 κεράτια
1087 2343 1301 2412 singula
1328 2357 1450 2396 cum
1485 2341 1774 2407 dodrante,
1808 2341 1911 2396 hoc

331 2439 421 2487 est
450 2447 576 2487 cum
612 2434 839 2488 semisse
861 2441 913 2488 et
937 2433 1274 2507 quadrante;
1310 2433 1519 2488 solidus
1549 2447 1680 2488 vero
1703 2433 1900 2486 millia-

333 2525 477 2580 τειιεί
524 2527 827 2581 aestimatur
859 2527 880 2580 1
913 2527 1037 2597 8/9,
1073 2536 1132 2582 ut
1167 2542 1332 2598 supra
1363 2527 1564 2582 dictum
1594 2533 1698 2582 est.

411 2613 676 2684 Scaliger,
708 2615 850 2669 libro
880 2615 954 2669 De
985 2631 1038 2669 re
1073 2615 1412 2680 Nummuria,
1438 2613 1819 2670 milliarensem
1837 2614 1915 2668 ait

338 2718 461 2759 esse
493 2703 796 2759 δωδέκατον
824 2708 918 2760 τοῦ
942 2708 1296 2779 νομίσματος,
1321 2719 1372 2762 ct
1407 2707 1631 2762 Suidam
1655 2707 1910 2776 corrigit,

338 2797 431 2864 qui
454 2796 687 2850 δέκατον
723 2814 845 2854 esse
888 2800 1169 2854 docuerat.
1207 2799 1576 2868 Eumdemque
1618 2806 1671 2853 et
1701 2799 1913 2855 duabus

339 2888 459 2942 auri
507 2889 725 2958 siliquis
777 2891 1034 2957 valuisse,
1083 2901 1136 2947 et
1185 2892 1354 2948 fuisse
1389 2893 1792 2957 didrachmum,
1843 2893 1914 2946 ob

340 2994 482 3043 eam,
516 2995 679 3049 quam
718 2983 852 3049 dixi,
899 2986 1186 3050 rationem,
1239 2985 1383 3054 quod
1433 2985 1716 3056 δικέρατον
1753 2984 1911 3047 foret,

341 3079 395 3124 et
426 3069 657 3123 duarum
694 3071 1021 3141 siliquarum
1056 3074 1471 3128 aestimationem
1503 3071 1745 3133 haberet,
1779 3085 1913 3139 qua-

342 3175 466 3214 rum
497 3161 724 3230 singulae
773 3160 1035 3215 drachma
1081 3169 1339 3230 argentea
1373 3161 1634 3215 valerent.
1677 3159 1832 3224 Quod
1867 3158 1910 3214 si
1940 3191 1983 3248 ϐ

342 3250 468 3320 quis
498 3250 786 3320 diligenter
811 3258 1068 3306 excutere
1102 3251 1250 3316 velit,
1288 3252 1484 3305 falsum
1519 3258 1573 3306 et
1618 3249 1910 3304 absurdum

342 3354 468 3395 esse
490 3340 740 3409 reperiet.
776 3339 996 3395 Falsum
1029 3348 1132 3402 cst,
1170 3340 1416 3410 inquam,
1451 3347 1504 3395 et
1535 3339 1766 3408 siliquas
1792 3339 1914 3391 auri

342 3431 571 3502 singulis
621 3432 861 3487 valuisse
911 3431 1190 3486 drachmis
1230 3433 1521 3500 argenteis,
1572 3441 1624 3485 et
1678 3430 1912 3486 solidum

340 3537 471 3577 xxiv
504 3523 781 3578 drachmis
809 3523 1134 3594 aestimatum
1171 3521 1359 3579 fuisse.
1398 3522 1528 3588 Qua:
1559 3522 1719 3577 ambo
1751 3521 1912 3577 simul

340 3631 462 3670 esse
495 3629 618 3669 vera
652 3631 759 3668 non
793 3622 1040 3684 possunt.

413 3705 624 3761 Etenim
656 3707 872 3775 triplex,
898 3705 1048 3775 quod
1081 3704 1146 3757 ad
1173 3720 1414 3774 praesens
1443 3705 1752 3761 institutum
1785 3707 1911 3761 atti-

340 3802 455 3859 net,
489 3796 638 3850 aurei
685 3795 939 3859 Romani,
991 3796 1082 3866 qui
1134 3803 1320 3864 postea
1366 3797 1574 3851 solidus
1609 3798 1909 3867 appellatus

303 3891 317 3909 ί
340 3894 448 3948 est,
484 3886 681 3939 modus
728 3887 795 3939 ab
837 3887 1170 3941 doctissimis
1202 3887 1612 3955 iurisconsultis
1647 3890 1714 3942 ad
1743 3889 1910 3944 Justio

341 3976 491 4029 niani
523 3976 716 4028 saltem
747 3983 994 4044 tempora
1025 3977 1299 4032 deﬁnitur.
1350 3977 1567 4033 Primus
1612 3980 1908 4047 antiquior,

343 4060 402 4113 in
435 4075 544 4130 quo
576 4062 823 4129 quaterni
861 4063 915 4116 in
947 4064 1162 4116 unciam
1192 4065 1311 4117 auri
1346 4065 1708 4130 cudcbantur,
1744 4068 1798 4120 in
1842 4068 1912 4120 li-

341 4150 495 4204 bram
528 4166 736 4216 vam;
783 4153 917 4206 alter
943 4153 1090 4207 circa
1127 4154 1473 4210 Constantini
1516 4163 1752 4218 mtatem,
1789 4174 1910 4211 cum

342 4240 552 4308 septeni
598 4240 652 4293 in
685 4239 902 4294 unciam
949 4241 1106 4296 solidi
1145 4243 1391 4310 percussi
1443 4252 1589 4306 sunt,
1625 4243 1678 4295 in
1719 4244 1911 4297 libram

341 4347 561 4396 uxxw,
598 4340 658 4387 ut
702 4349 767 4387 ex
807 4334 900 4388 lib.
948 4350 964 4387 I
999 4335 1119 4388 cod.
1161 4334 1368 4388 Theod.
1409 4333 1484 4388 De
1515 4334 1786 4402 ponderat.
1818 4350 1914 4405 pa-

341 4430 450 4488 tet;
485 4424 679 4478 tertius
712 4439 741 4476 a
773 4423 1155 4478 Valentiniano
1183 4425 1534 4491 constitutus,
1570 4429 1623 4479 in
1655 4441 1763 4495 quo
1793 4426 1912 4481 seni

2013 1974 2426 2043 proportionem
2471 1975 2591 2027 auri
2624 1972 2824 2038 fuisse,
2861 1989 2981 2043 quae
3020 1982 3105 2029 est
3141 1976 3203 2028 21
3245 1975 3312 2030 ad
3348 1975 3396 2030 ’1.
3433 1975 3588 2041 Quod

2014 2067 2253 2120 immane
2287 2073 2341 2119 ct
2375 2065 2610 2136 prodigii
2662 2066 2841 2120 simile
2883 2075 3008 2132 est;
3042 2081 3167 2120 nam
3201 2069 3267 2121 ad
3314 2082 3588 2122 summum

2014 2156 2434 2227 quatuordecim
2482 2157 2771 2221 duntaxat,
2821 2165 2874 2212 et
2906 2172 2972 2212 eo
2999 2159 3233 2228 amplius
3265 2160 3474 2229 argenti
3505 2174 3593 2214 se-

2014 2245 2177 2310 libra,
2213 2246 2330 2299 auri
2365 2246 2560 2300 libram
2596 2255 2834 2300 taxatam
2875 2263 3018 2312 esse,
3055 2250 3211 2304 ﬁdem
3256 2248 3390 2304 facit
3425 2249 3592 2304 Hoto-

2014 2349 2272 2397 mannus,
2303 2336 2467 2406 idque
2492 2337 2710 2392 Arcadii
2731 2347 2783 2392 et
2816 2335 3037 2392 Honorii
3067 2348 3329 2409 tempore.
3361 2339 3497 2395 Tum
3533 2350 3593 2396 ut

2015 2425 2147 2478 illud
2200 2427 2590 2494 concedamus,
2646 2431 2868 2484 totidem
2921 2428 3276 2493 didraclunis,
3336 2433 3438 2486 hoc
3491 2441 3576 2487 est

2017 2516 2155 2571 1008
2201 2519 2320 2571 auri
2368 2519 2563 2573 libram
2612 2521 2938 2575 mstimatam
2988 2521 3176 2587 fuisse,
3215 2523 3411 2579 falsum
3442 2525 3588 2579 aliud

2014 2609 2138 2672 erit,
2186 2611 2302 2664 auri
2344 2611 2571 2680 siliquas
2620 2611 2756 2666 duas
2798 2612 3102 2667 didrachmi
3148 2616 3324 2685 pretio
3368 2624 3590 2671 taxatas

2017 2715 2139 2755 esse
2173 2717 2186 2754 :
2224 2715 2348 2754 nam
2382 2700 2425 2756 si
2469 2701 2697 2771 siliquas
2734 2702 2867 2756 1728
2897 2719 2992 2774 ρει·
3042 2706 3414 2761 milliarenses
3453 2706 3590 2760 1008

2016 2791 2336 2860 distribuas,
2381 2793 2582 2862 singuli
2629 2794 2932 2863 siliquaml
2970 2795 3072 2865 5/7
3113 2795 3376 2851 duntaxat
3424 2797 3577 2852 aufe-

2018 2890 2156 2936 rent.

2088 2972 2349 3042 Superest
2380 2975 2598 3028 tertium
2637 2974 2770 3029 illud
2799 2983 3038 3046 tempus,
3064 2977 3130 3031 ad
3161 2978 3306 3046 quod
3338 2976 3588 3049 Scaliger

2018 3064 2367 3134 potissimum
2402 3056 2713 3135 respexisse
2760 3067 3012 3134 videtur;
3046 3083 3170 3121 nam
3209 3069 3274 3123 de
3305 3071 3482 3124 solido
3506 3072 3588 3125 lo-

2018 3157 2224 3224 quitur,
2271 3156 2578 3225 cujusmodi
2613 3158 2730 3212 seni
2768 3159 2822 3211 in
2869 3160 3084 3213 unciam
3121 3160 3413 3236 quadrant,
3445 3165 3590 3218 unde

2015 3254 2068 3300 et
2098 3246 2309 3300 sextula
2343 3248 2677 3300 nominatur.
2707 3249 2884 3318 Atque
2926 3249 3029 3303 hac
3065 3237 3357 3319 postrema
3375 3254 3589 3307 ratione

2017 3339 2230 3393 solidus
2277 3340 2520 3393 scxtulas
2566 3339 2744 3394 aufert
2779 3357 2923 3395 xxw.
2991 3342 3268 3412 Siquidem
3318 3344 3372 3396 in
3416 3345 3586 3414 priori

2016 3429 2231 3498 siliquis
2251 3431 2534 3484 constabat
2553 3447 2733 3494 xxxvr,
2767 3433 2818 3484 in
2857 3433 3091 3486 secunda
3116 3435 3327 3503 siliquis
3348 3435 3418 3488 20
3454 3436 3584 3507 4/7.

2015 3517 2298 3574 Postrema
2334 3521 2503 3591 igitur
2533 3523 2712 3576 solido
2755 3524 2983 3592 siliquas
3024 3525 3274 3578 attribuit
3300 3541 3450 3582 xxiv.
3485 3525 3590 3581 Ve-

2015 3627 2134 3664 rum
2165 3627 2341 3680 neque
2373 3621 2484 3665 tum
2519 3612 2731 3682 siliqua:
2757 3613 2876 3667 duae
2916 3614 3219 3668 didrachmi
3255 3619 3430 3685 pretio
3462 3633 3591 3672 cen-

2015 3706 2124 3761 seri
2175 3713 2448 3775 possunt,
2495 3722 2673 3773 neque
2719 3707 3073 3762 milliarensis
3104 3708 3218 3762 sive
3267 3710 3586 3764 duodecima

2016 3812 2142 3867 pars
2196 3795 2357 3851 solidi
2411 3797 2728 3851 didrachmo
2782 3799 2941 3852 valet.
2992 3797 3125 3851 Nam
3177 3800 3222 3852 si
3272 3800 3337 3852 72
3384 3816 3483 3869 per
3518 3802 3590 3856 24

2017 3888 2471 3957 multiplicentur,
2526 3887 2799 3940 drachmae
2845 3887 3084 3940 contient
3121 3890 3173 3941 in
3224 3892 3342 3944 auri
3390 3893 3584 3945 lihram

2018 3976 2178 4040 1728,
2219 3977 2561 4030 Iniliarcnses
2611 3975 2714 4029 864
2753 3995 2765 4029 :
2802 3984 2934 4045 quot
2967 3987 3093 4030 sunt
3142 3978 3418 4050 δικέρατα.
3451 3980 3588 4033 Nam

2017 4067 2247 4135 siliquas
2277 4067 2332 4119 in
2371 4067 2508 4119 libra
2545 4083 2669 4123 csse
2718 4069 2922 4122 scimus
2957 4069 3125 4135 1728ς
3159 4069 3435 4124 drat-hmae
3458 4087 3588 4126 vero

2016 4157 2240 4211 totidem
2273 4157 2443 4212 libras
2472 4159 2770 4212 coniiciunt
2805 4175 2955 4212 xvm.
2996 4161 3068 4213 Ita
3109 4161 3225 4213 auri
3260 4162 3395 4215 Iihra
3430 4173 3588 4217 octo-

2014 4249 2190 4310 decim
2239 4250 2510 4320 argenteis
2554 4252 2776 4312 valcbit,
2822 4252 2966 4321 quod
3009 4265 3091 4307 est
3142 4252 3466 4308 inauditum.
3504 4253 3586 4308 0b

2014 4355 2106 4396 eas
2145 4355 2343 4396 causas
2372 4358 2508 4396 vana
2543 4350 2628 4398 est
2672 4343 2759 4396 illa
2790 4342 3050 4413 Scaligcri
3095 4344 3360 4411 deﬁnitio,
3386 4346 3584 4399 millia-

2013 4448 2232 4488 rensem
2267 4433 2643 4488 didrachmum
2677 4425 2882 4496 Tuisse,
2928 4446 2981 4489 et
3013 4436 3177 4489 simul
3219 4436 3434 4491 duabus
3464 4439 3582 4491 auri

339 4529 406 4569 ex
437 4515 599 4568 uncia
629 4516 768 4579 cusi,
805 4530 834 4570 e
863 4515 999 4568 libra
1033 4530 1203 4580 Lxxu,
1233 4516 1326 4584 qui
1352 4522 1406 4569 et
1439 4515 1696 4585 deinceps
1729 4516 1910 4572 obser-

2017 4523 2235 4592 siliquis
2257 4525 2518 4579 valuisse.
2553 4524 2846 4579 Acceditet
2881 4523 3224 4586 Glossarum,
3256 4541 3391 4595 quas
3420 4541 3585 4596 supra

341 4615 499 4662 vatus
546 4607 779 4661 videtur.
821 4606 986 4676 Atqui
1033 4607 1086 4660 in
1131 4605 1330 4676 triplici
1373 4606 1464 4659 illa
1499 4607 1654 4661 solidi
1699 4607 1912 4663 ratione

343 4695 451 4751 duo
485 4697 574 4750 illa
608 4696 865 4767 Scaligeri
903 4696 1239 4751 ﬁrmamen-ta
1277 4697 1580 4751 consistere
1608 4706 1908 4766 nequeunt.

343 4786 496 4854 Quod
523 4796 584 4843 ut
613 4789 962 4844 manifestum
1004 4789 1112 4851 ﬁat,
1140 4788 1272 4842 illud
1299 4789 1354 4842 in
1391 4789 1584 4858 primis
1609 4789 1794 4844 animo
1825 4806 1912 4846 re-

343 4880 656 4950 petendum,
709 4879 1024 4933 drachmam
1075 4896 1170 4935 sex
1199 4881 1392 4935 obolos
1437 4883 1738 4947 continere,
1776 4883 1912 4937 obo-

344 4971 455 5026 lum
493 4972 718 5042 siliquas
760 4978 894 5026 tres.
941 4971 1017 5026 lta
1050 4973 1184 5027 ﬁunt
1236 4973 1291 5028 i—n
1333 4973 1648 5030 drachmam
1698 4975 1911 5046 siliquae

341 5079 500 5129 xvm,
534 5064 590 5117 in
638 5065 852 5118 unciam
895 5078 1072 5130 chIv,
1104 5081 1223 5135 quae
1259 5065 1551 5121 drachmas
1600 5075 1723 5122 octo
1754 5083 1908 5122 com-

343 5157 620 5228 plectitur.
655 5155 816 5210 Libra
853 5156 1084 5224 siliquas
1113 5158 1352 5213 continet
1384 5159 1541 5213 1728.

409 5248 526 5302 Jam
556 5264 666 5319 quo
696 5258 942 5317 tempore
965 5249 1114 5302 aurei
1139 5249 1193 5302 in
1217 5250 1432 5303 unciam
1451 5253 1696 5320 quaterni
1714 5268 1910 5322 percu-

339 5339 677 5406 tiebantur,e
690 5341 823 5396 libra
838 5356 1023 5403 XLVIII,
1037 5340 1461 5410 singuliquidem
1480 5346 1626 5399 aurei
1641 5361 1768 5400 xxw
1785 5347 1910 5399 dra-

342 5432 538 5496 chmis,
571 5432 685 5488 sive
718 5431 960 5487 denariis
989 5431 1241 5491 aestimati
1265 5441 1430 5499 sunt;
1459 5450 1770 5504 quanquam
1793 5437 1909 5490 scio

341 5539 451 5576 xxv
475 5532 530 5576 et
558 5538 586 5574 a
619 5522 807 5588 Dione,
845 5530 899 5576 ct
931 5522 1001 5576 ab
1035 5522 1158 5578 aliis
1183 5523 1458 5593 imputari.
1495 5523 1599 5579 Sed
1636 5533 1695 5578 ιιι
1727 5543 1907 5598 μικρο-

336 5609 499 5680 λογίᾳ
528 5611 963 5680 circumscripta,
1009 5613 1303 5666 rotundum
1349 5613 1582 5668 maxime
1619 5631 1904 5670 numerum

340 5709 742 5766 consectetnur,
786 5719 910 5755 xxiv
953 5703 1302 5758 denariorum
1335 5721 1534 5760 aureus
1574 5706 1720 5760 fuit:
1762 5715 1907 5762 erat-

340 5808 447 5866 que
474 5810 588 5850 tum
636 5795 971 5864 duodecupla
1007 5782 1124 5847 auri
1165 5795 1229 5847 ad
1263 5807 1549 5866 argentum
1600 5800 1910 5870 proportio,

579 5889 846 5949 PATBOL.
895 5892 1009 5952 Gs,
1063 5891 1264 5952 XLIII.

2014 4616 2589 4680 commemoravimus,
2632 4615 3129 4670 luculentissimum
3171 4617 3300 4670 illud
3336 4619 3587 4672 testimo-

2015 4704 2186 4767 nium,
2211 4720 2320 4773 quo
2339 4705 2765 4759 milliarensibus
2801 4706 2993 4775 siliqua
3024 4707 3290 4761 duntaxat
3324 4724 3428 4761 una
3461 4725 3584 4763 cum

2014 4795 2302 4860 dodrante,
2330 4797 2415 4851 vel
2451 4798 2628 4852 tribus
2649 4797 3052 4866 quadrantibus
3079 4800 3400 4868 imputatur.
3427 4816 3587 4854 num-

2013 4887 2118 4943 mis
2147 4903 2278 4942 vero
2308 4889 2499 4944 solidis
2519 4890 2632 4944 fere
2658 4904 2871 4952 novem,
2899 4891 3265 4946 milliarenses
3297 4891 3399 4945 125
3424 4908 3436 4954 ;
3459 4897 3586 4960 qui-

2013 4977 2116 5033 bus
2165 4979 2395 5050 κεράτια
2429 4985 2740 5048 congruunt
2777 4977 2903 5042 218,
2949 4994 3057 5033 non
3093 4979 3216 5047 250,
3248 4989 3308 5034 ιιι
3341 4981 3584 5052 Scalige-

2012 5068 2168 5122 riana
2197 5069 2512 5137 conjectura
2547 5069 2873 5138 postulabat.

2082 5157 2255 5229 Roget
2309 5160 2508 5228 aliquis
2547 5178 2560 5213 :
2595 5159 2804 5229 ecquod
2845 5161 3058 5214 demum
3101 5161 3452 5218 milliarensis
3500 5178 3586 5216 ar-

2012 5251 2190 5320 gentei
2238 5251 2470 5321 pondus,
2497 5267 2559 5306 ac
2586 5253 2843 5319 pretium,
2875 5269 3064 5322 quzeve
3095 5255 3158 5306 ad
3193 5272 3422 5309 aureum
3455 5256 3585 5309 soli-

2010 5341 2162 5405 dum,
2193 5358 2257 5397 ac
2305 5343 2463 5397 solidi
2512 5351 2695 5414 partes
2750 5346 3032 5414 proportio
3081 5345 3288 5399 fuerit?
3319 5345 3579 5413 Equidem

2009 5434 2146 5488 nihil
2177 5443 2328 5488 certo
2359 5451 2422 5489 ea
2471 5435 2538 5489 de
2583 5450 2643 5489 re
2677 5451 2851 5504 neque
2892 5435 3158 5488 aﬁirmare
3193 5437 3309 5504 ipse
3336 5451 3580 5504 possum,

2010 5543 2188 5596 neque
2219 5528 2287 5581 ab
2333 5528 2446 5580 ullo
2490 5527 2744 5580 aﬁirmari
2775 5544 2935 5596 posse
2962 5528 3169 5595 judico.
3199 5526 3401 5578 Pendet
3436 5527 3580 5577 enim

2009 5635 2070 5674 ca
2105 5635 2196 5674 res
2223 5635 2290 5673 ex
2324 5620 2482 5674 solidi
2517 5620 2749 5688 primum
2791 5619 3152 5673 :estimatione
3176 5633 3190 5680 ;
3217 5623 3330 5669 tum
3365 5630 3428 5667 ex
3463 5618 3582 5669 auri

2009 5713 2076 5766 ad
2125 5721 2410 5782 argentum
2454 5713 2714 5768 ratione:
2749 5710 2892 5773 quod
2944 5715 3233 5774 utrumque
3279 5706 3581 5772 diversum,

2009 5818 2070 5856 ac
2093 5819 2229 5874 pene
2260 5804 2610 5860 arbitrarium
2631 5802 2754 5856 fuit.
2784 5801 3192 5855 Verumtamen.
3216 5806 3273 5848 ut
3305 5797 3360 5850 in
3389 5798 3586 5853 obscu-

3207 5889 3272 5950 19
