  <div class='ocr_page' id='page_1' title='image "/cluster/home/n/w/nwhite01/storage/ocr_20150623/43/mdp.39015013284818/333.png"; bbox 0 0 3978 6220; ppageno 0'>
   <div class='ocr_carea' id='block_1_1' title="bbox 406 403 511 466">
    <p class='ocr_par' dir='ltr' id='par_1_1' title="bbox 406 403 511 466">
     <span class='ocr_line' id='line_1_1' title="bbox 406 403 511 466; baseline -0.067 0"><span class='ocrx_word' id='word_1_1' title='bbox 406 403 511 466; x_wconf 72' lang='lat'><strong>537</strong></span> 
     </span>
    </p>
   </div>
   <div class='ocr_carea' id='block_1_2' title="bbox 1520 385 2531 451">
    <p class='ocr_par' dir='ltr' id='par_1_2' title="bbox 1520 385 2531 451">
     <span class='ocr_line' id='line_1_2' title="bbox 1520 385 2531 451; baseline 0.005 -8"><span class='ocrx_word' id='word_1_2' title='bbox 1520 385 1861 447; x_wconf 75' lang='lat' dir='ltr'><strong>APPENDIX</strong></span> <span class='ocrx_word' id='word_1_3' title='bbox 1901 386 2531 451; x_wconf 77' lang='lat' dir='ltr'><strong>DlSSERTATIONUM.</strong></span> 
     </span>
    </p>
   </div>
   <div class='ocr_carea' id='block_1_3' title="bbox 3553 384 3663 442">
    <p class='ocr_par' dir='ltr' id='par_1_3' title="bbox 3553 384 3663 442">
     <span class='ocr_line' id='line_1_3' title="bbox 3553 384 3663 442; baseline -0.018 0"><span class='ocrx_word' id='word_1_4' title='bbox 3553 384 3663 442; x_wconf 77' lang='lat'><strong>5&#39;88</strong></span> 
     </span>
    </p>
   </div>
   <div class='ocr_carea' id='block_1_4' title="bbox 407 496 3660 586">
    <p class='ocr_par' dir='ltr' id='par_1_4' title="bbox 407 496 3660 586">
     <span class='ocr_line' id='line_1_4' title="bbox 407 496 3660 586; baseline -0.007 -10"><span class='ocrx_word' id='word_1_5' title='bbox 407 520 623 578; x_wconf 89' lang='lat' dir='ltr'><strong>rissima</strong></span> <span class='ocrx_word' id='word_1_6' title='bbox 680 532 738 573; x_wconf 89' lang='lat' dir='ltr'><strong>re</strong></span> <span class='ocrx_word' id='word_1_7' title='bbox 788 522 952 586; x_wconf 90' lang='lat' dir='ltr'><strong>atque</strong></span> <span class='ocrx_word' id='word_1_8' title='bbox 999 509 1278 581; x_wconf 85' lang='lat' dir='ltr'><strong>ambigua,</strong></span> <span class='ocrx_word' id='word_1_9' title='bbox 1319 506 1652 577; x_wconf 69' lang='lat' dir='ltr'><strong>conjecturae</strong></span> <span class='ocrx_word' id='word_1_10' title='bbox 1705 505 1972 577; x_wconf 81' lang='lat' dir='ltr'><strong>probabili</strong></span> <span class='ocrx_word' id='word_1_11' title='bbox 2008 509 2053 566; x_wconf 77' lang='grc' dir='ltr'><strong>Δ</strong></span> <span class='ocrx_word' id='word_1_12' title='bbox 2083 507 2378 567; x_wconf 84' lang='lat' dir='ltr'><strong>dracltmas</strong></span> <span class='ocrx_word' id='word_1_13' title='bbox 2418 503 3073 569; x_wconf 85' lang='lat' dir='ltr'><strong>exbauriant,habebunt</strong></span> <span class='ocrx_word' id='word_1_14' title='bbox 3106 499 3306 573; x_wconf 80' lang='lat' dir='ltr'><strong>singuli</strong></span> <span class='ocrx_word' id='word_1_15' title='bbox 3334 496 3660 555; x_wconf 81' lang='lat' dir='ltr'><strong>drachmam</strong></span> 
     </span>
    </p>
   </div>
   <div class='ocr_carea' id='block_1_5' title="bbox 406 599 1975 681">
    <p class='ocr_par' dir='ltr' id='par_1_5' title="bbox 406 599 1975 681">
     <span class='ocr_line' id='line_1_5' title="bbox 406 599 1975 681; baseline -0.01 -14"><span class='ocrx_word' id='word_1_16' title='bbox 406 615 559 668; x_wconf 90' lang='lat' dir='ltr'><strong>locus</strong></span> <span class='ocrx_word' id='word_1_17' title='bbox 596 626 719 669; x_wconf 89' lang='lat' dir='ltr'><strong>esse</strong></span> <span class='ocrx_word' id='word_1_18' title='bbox 748 615 947 681; x_wconf 88' lang='lat' dir='ltr'><strong>potest.</strong></span> <span class='ocrx_word' id='word_1_19' title='bbox 979 605 1110 671; x_wconf 60' lang='lat' dir='ltr'><strong>Quae</strong></span> <span class='ocrx_word' id='word_1_20' title='bbox 1139 599 1449 671; x_wconf 82' lang='lat' dir='ltr'><strong>cujusmodi</strong></span> <span class='ocrx_word' id='word_1_21' title='bbox 1495 599 1629 654; x_wconf 88' lang='lat' dir='ltr'><strong>mihi</strong></span> <span class='ocrx_word' id='word_1_22' title='bbox 1653 600 1708 653; x_wconf 91' lang='lat' dir='ltr'><strong>in</strong></span> <span class='ocrx_word' id='word_1_23' title='bbox 1737 606 1975 653; x_wconf 82' lang='lat' dir='ltr'><strong>mentem</strong></span> 
     </span>
    </p>
   </div>
   <div class='ocr_carea' id='block_1_6' title="bbox 407 693 1975 777">
    <p class='ocr_par' dir='ltr' id='par_1_6' title="bbox 407 693 1975 777">
     <span class='ocr_line' id='line_1_6' title="bbox 407 693 1975 777; baseline -0.013 -12"><span class='ocrx_word' id='word_1_24' title='bbox 407 708 635 770; x_wconf 83' lang='lat' dir='ltr'><strong>venerit,</strong></span> <span class='ocrx_word' id='word_1_25' title='bbox 664 704 853 777; x_wconf 81' lang='lat' dir='ltr'><strong>paucis</strong></span> <span class='ocrx_word' id='word_1_26' title='bbox 884 699 1125 771; x_wconf 81' lang='lat' dir='ltr'><strong>aperiam</strong></span> <span class='ocrx_word' id='word_1_27' title='bbox 1156 716 1169 752; x_wconf 91' lang='lat'>:</span> <span class='ocrx_word' id='word_1_28' title='bbox 1198 696 1311 768; x_wconf 85' lang='lat' dir='ltr'><strong>Ego</strong></span> <span class='ocrx_word' id='word_1_29' title='bbox 1338 710 1465 750; x_wconf 86' lang='lat' dir='ltr'><strong>vero</strong></span> <span class='ocrx_word' id='word_1_30' title='bbox 1496 693 1858 749; x_wconf 80' lang='lat' dir='ltr'><strong>milliareuses</strong></span> <span class='ocrx_word' id='word_1_31' title='bbox 1880 706 1975 745; x_wconf 81' lang='lat' dir='ltr'><strong>ar-</strong></span> 
     </span>
    </p>
   </div>
   <div class='ocr_carea' id='block_1_7' title="bbox 407 788 1974 867">
    <p class='ocr_par' dir='ltr' id='par_1_7' title="bbox 407 788 1974 867">
     <span class='ocr_line' id='line_1_7' title="bbox 407 788 1974 867; baseline -0.013 -9"><span class='ocrx_word' id='word_1_32' title='bbox 407 803 584 858; x_wconf 89' lang='lat' dir='ltr'><strong>bitror</strong></span> <span class='ocrx_word' id='word_1_33' title='bbox 605 801 674 855; x_wconf 92' lang='lat' dir='ltr'><strong>ab</strong></span> <span class='ocrx_word' id='word_1_34' title='bbox 697 795 968 867; x_wconf 84' lang='lat' dir='ltr'><strong>argenteis</strong></span> <span class='ocrx_word' id='word_1_35' title='bbox 992 791 1332 848; x_wconf 86' lang='lat' dir='ltr'><strong>didrachmis</strong></span> <span class='ocrx_word' id='word_1_36' title='bbox 1374 788 1637 858; x_wconf 73' lang='lat' dir='ltr'><strong>paulatim</strong></span> <span class='ocrx_word' id='word_1_37' title='bbox 1665 793 1848 841; x_wconf 92' lang='lat' dir='ltr'><strong>ortum</strong></span> <span class='ocrx_word' id='word_1_38' title='bbox 1878 799 1974 838; x_wconf 89' lang='lat' dir='ltr'><strong>ac-</strong></span> 
     </span>
    </p>
   </div>
   <div class='ocr_carea' id='block_1_8' title="bbox 404 876 1974 963">
    <p class='ocr_par' dir='ltr' id='par_1_8' title="bbox 404 876 1974 963">
     <span class='ocr_line' id='line_1_8' title="bbox 404 876 1974 963; baseline -0.013 -16"><span class='ocrx_word' id='word_1_39' title='bbox 404 893 654 963; x_wconf 89' lang='lat' dir='ltr'><strong>cepisse;</strong></span> <span class='ocrx_word' id='word_1_40' title='bbox 684 887 887 943; x_wconf 84' lang='lat' dir='ltr'><strong>etenim</strong></span> <span class='ocrx_word' id='word_1_41' title='bbox 933 884 1094 940; x_wconf 91' lang='lat' dir='ltr'><strong>initio</strong></span> <span class='ocrx_word' id='word_1_42' title='bbox 1117 897 1242 937; x_wconf 90' lang='lat' dir='ltr'><strong>cum</strong></span> <span class='ocrx_word' id='word_1_43' title='bbox 1291 879 1445 935; x_wconf 89' lang='lat' dir='ltr'><strong>aurei</strong></span> <span class='ocrx_word' id='word_1_44' title='bbox 1488 876 1741 950; x_wconf 90' lang='lat' dir='ltr'><strong>quaterni</strong></span> <span class='ocrx_word' id='word_1_45' title='bbox 1773 878 1828 930; x_wconf 89' lang='lat' dir='ltr'><strong>in</strong></span> <span class='ocrx_word' id='word_1_46' title='bbox 1870 890 1974 928; x_wconf 90' lang='lat' dir='ltr'><strong>un-</strong></span> 
     </span>
    </p>
   </div>
   <div class='ocr_carea' id='block_1_9' title="bbox 405 965 1976 1052">
    <p class='ocr_par' dir='ltr' id='par_1_9' title="bbox 405 965 1976 1052">
     <span class='ocr_line' id='line_1_9' title="bbox 405 965 1976 1052; baseline -0.015 -13"><span class='ocrx_word' id='word_1_47' title='bbox 405 983 546 1039; x_wconf 86' lang='lat' dir='ltr'><strong>ciam</strong></span> <span class='ocrx_word' id='word_1_48' title='bbox 573 985 1012 1052; x_wconf 88' lang='lat' dir='ltr'><strong>percutercntur,</strong></span> <span class='ocrx_word' id='word_1_49' title='bbox 1039 990 1104 1031; x_wconf 90' lang='lat' dir='ltr'><strong>ac</strong></span> <span class='ocrx_word' id='word_1_50' title='bbox 1132 973 1334 1043; x_wconf 90' lang='lat' dir='ltr'><strong>singuli</strong></span> <span class='ocrx_word' id='word_1_51' title='bbox 1366 985 1494 1025; x_wconf 87' lang='lat' dir='ltr'><strong>xxtv</strong></span> <span class='ocrx_word' id='word_1_52' title='bbox 1528 967 1827 1030; x_wconf 82' lang='lat' dir='ltr'><strong>drachmis,</strong></span> <span class='ocrx_word' id='word_1_53' title='bbox 1859 965 1976 1022; x_wconf 80' lang='lat' dir='ltr'><strong>sive</strong></span> 
     </span>
    </p>
   </div>
   <div class='ocr_carea' id='block_1_10' title="bbox 404 1059 1976 1129">
    <p class='ocr_par' dir='ltr' id='par_1_10' title="bbox 404 1059 1976 1129">
     <span class='ocr_line' id='line_1_10' title="bbox 404 1059 1976 1129; baseline -0.01 -2"><span class='ocrx_word' id='word_1_54' title='bbox 404 1087 481 1128; x_wconf 86' lang='lat' dir='ltr'><strong>xu</strong></span> <span class='ocrx_word' id='word_1_55' title='bbox 531 1068 871 1127; x_wconf 85' lang='lat' dir='ltr'><strong>didrachmis</strong></span> <span class='ocrx_word' id='word_1_56' title='bbox 923 1067 1187 1126; x_wconf 90' lang='lat' dir='ltr'><strong>valerent,</strong></span> <span class='ocrx_word' id='word_1_57' title='bbox 1239 1071 1353 1119; x_wconf 87' lang='lat' dir='ltr'><strong>tres</strong></span> <span class='ocrx_word' id='word_1_58' title='bbox 1398 1062 1517 1116; x_wconf 83' lang='lat' dir='ltr'><strong>auri</strong></span> <span class='ocrx_word' id='word_1_59' title='bbox 1574 1059 1806 1129; x_wconf 72' lang='lat' dir='ltr'><strong>siliquae,</strong></span> <span class='ocrx_word' id='word_1_60' title='bbox 1857 1074 1976 1128; x_wconf 75' lang='lat' dir='ltr'><strong>qua.-</strong></span> 
     </span>
    </p>
   </div>
   <div class='ocr_carea' id='block_1_11' title="bbox 400 1149 1975 1234">
    <p class='ocr_par' dir='ltr' id='par_1_11' title="bbox 400 1149 1975 1234">
     <span class='ocr_line' id='line_1_11' title="bbox 400 1149 1975 1234; baseline -0.011 -15"><span class='ocrx_word' id='word_1_61' title='bbox 400 1171 531 1219; x_wconf 87' lang='lat' dir='ltr'><strong>sunt</strong></span> <span class='ocrx_word' id='word_1_62' title='bbox 569 1163 797 1234; x_wconf 77' lang='grc' dir='ltr'><strong>κεράτια</strong></span> <span class='ocrx_word' id='word_1_63' title='bbox 828 1176 893 1215; x_wconf 92' lang='lat' dir='ltr'><strong>ex</strong></span> <span class='ocrx_word' id='word_1_64' title='bbox 920 1157 1115 1214; x_wconf 89' lang='lat' dir='ltr'><strong>lsidori</strong></span> <span class='ocrx_word' id='word_1_65' title='bbox 1148 1156 1473 1211; x_wconf 90' lang='lat' dir='ltr'><strong>auctoritate</strong></span> <span class='ocrx_word' id='word_1_66' title='bbox 1506 1152 1637 1216; x_wconf 91' lang='lat' dir='ltr'><strong>duo,</strong></span> <span class='ocrx_word' id='word_1_67' title='bbox 1669 1149 1975 1207; x_wconf 88' lang='lat' dir='ltr'><strong>didrachmi</strong></span> 
     </span>
    </p>
   </div>
   <div class='ocr_carea' id='block_1_12' title="bbox 383 1240 1976 1326">
    <p class='ocr_par' dir='ltr' id='par_1_12' title="bbox 383 1240 1976 1326">
     <span class='ocr_line' id='line_1_12' title="bbox 383 1240 1976 1326; baseline -0.009 -18"><span class='ocrx_word' id='word_1_68' title='bbox 383 1254 584 1326; x_wconf 72' lang='lat' dir='ltr'><strong>pretio</strong></span> <span class='ocrx_word' id='word_1_69' title='bbox 640 1252 1029 1310; x_wconf 87' lang='lat' dir='ltr'><strong>censebantur.</strong></span> <span class='ocrx_word' id='word_1_70' title='bbox 1098 1247 1268 1302; x_wconf 86' lang='lat' dir='ltr'><strong>Erant</strong></span> <span class='ocrx_word' id='word_1_71' title='bbox 1322 1246 1512 1308; x_wconf 89' lang='lat' dir='ltr'><strong>enim,</strong></span> <span class='ocrx_word' id='word_1_72' title='bbox 1582 1242 1660 1297; x_wconf 90' lang='lat' dir='ltr'><strong>uti</strong></span> <span class='ocrx_word' id='word_1_73' title='bbox 1724 1240 1976 1311; x_wconf 84' lang='lat' dir='ltr'><strong>superius</strong></span> 
     </span>
    </p>
   </div>
   <div class='ocr_carea' id='block_1_13' title="bbox 404 1334 1973 1413">
    <p class='ocr_par' dir='ltr' id='par_1_13' title="bbox 404 1334 1973 1413">
     <span class='ocr_line' id='line_1_13' title="bbox 404 1334 1973 1413; baseline -0.01 -12"><span class='ocrx_word' id='word_1_74' title='bbox 404 1344 767 1408; x_wconf 82' lang='lat' dir='ltr'><strong>ostendimus,</strong></span> <span class='ocrx_word' id='word_1_75' title='bbox 798 1338 1009 1413; x_wconf 84' lang='lat' dir='ltr'><strong>siliquae</strong></span> <span class='ocrx_word' id='word_1_76' title='bbox 1051 1340 1106 1394; x_wconf 93' lang='lat' dir='ltr'><strong>in</strong></span> <span class='ocrx_word' id='word_1_77' title='bbox 1142 1352 1310 1393; x_wconf 90' lang='lat' dir='ltr'><strong>aureo</strong></span> <span class='ocrx_word' id='word_1_78' title='bbox 1342 1352 1529 1402; x_wconf 77' lang='lat' dir='ltr'><strong>xxxvi,</strong></span> <span class='ocrx_word' id='word_1_79' title='bbox 1564 1334 1770 1391; x_wconf 88' lang='lat' dir='ltr'><strong>ceratia</strong></span> <span class='ocrx_word' id='word_1_80' title='bbox 1802 1347 1927 1388; x_wconf 80' lang='lat' dir='ltr'><strong>xxw</strong></span> <span class='ocrx_word' id='word_1_81' title='bbox 1960 1349 1973 1385; x_wconf 91' lang='lat'><strong>:</strong></span> 
     </span>
    </p>
   </div>
   <div class='ocr_carea' id='block_1_14' title="bbox 410 1423 1974 1506">
    <p class='ocr_par' dir='ltr' id='par_1_14' title="bbox 410 1423 1974 1506">
     <span class='ocr_line' id='line_1_14' title="bbox 410 1423 1974 1506; baseline -0.009 -15"><span class='ocrx_word' id='word_1_82' title='bbox 410 1450 584 1506; x_wconf 88' lang='lat' dir='ltr'><strong>quare</strong></span> <span class='ocrx_word' id='word_1_83' title='bbox 620 1444 732 1488; x_wconf 88' lang='lat' dir='ltr'><strong>tum</strong></span> <span class='ocrx_word' id='word_1_84' title='bbox 779 1433 1065 1504; x_wconf 82' lang='grc' dir='ltr'><strong>δικέρατος</strong></span> <span class='ocrx_word' id='word_1_85' title='bbox 1110 1439 1227 1485; x_wconf 89' lang='lat' dir='ltr'><strong>erat</strong></span> <span class='ocrx_word' id='word_1_86' title='bbox 1264 1435 1556 1499; x_wconf 89' lang='lat' dir='ltr'><strong>argenteus</strong></span> <span class='ocrx_word' id='word_1_87' title='bbox 1600 1423 1974 1480; x_wconf 78' lang='lat' dir='ltr'><strong>didrachmas.</strong></span> 
     </span>
    </p>
   </div>
   <div class='ocr_carea' id='block_1_15' title="bbox 404 1513 1972 1592">
    <p class='ocr_par' dir='ltr' id='par_1_15' title="bbox 404 1513 1972 1592">
     <span class='ocr_line' id='line_1_15' title="bbox 404 1513 1972 1592; baseline -0.009 -11"><span class='ocrx_word' id='word_1_88' title='bbox 404 1526 615 1582; x_wconf 65' lang='lat' dir='ltr'><strong>Postea</strong></span> <span class='ocrx_word' id='word_1_89' title='bbox 661 1524 729 1581; x_wconf 91' lang='lat' dir='ltr'><strong>de</strong></span> <span class='ocrx_word' id='word_1_90' title='bbox 766 1525 929 1581; x_wconf 86' lang='lat' dir='ltr'><strong>solidi</strong></span> <span class='ocrx_word' id='word_1_91' title='bbox 981 1524 1097 1578; x_wconf 84' lang='lat' dir='ltr'><strong>sive</strong></span> <span class='ocrx_word' id='word_1_92' title='bbox 1128 1521 1281 1575; x_wconf 91' lang='lat' dir='ltr'><strong>aurei</strong></span> <span class='ocrx_word' id='word_1_93' title='bbox 1327 1518 1585 1592; x_wconf 89' lang='lat' dir='ltr'><strong>pondere,</strong></span> <span class='ocrx_word' id='word_1_94' title='bbox 1630 1532 1694 1572; x_wconf 93' lang='lat' dir='ltr'><strong>ac</strong></span> <span class='ocrx_word' id='word_1_95' title='bbox 1743 1513 1972 1587; x_wconf 87' lang='lat' dir='ltr'><strong>proinde</strong></span> 
     </span>
    </p>
   </div>
   <div class='ocr_carea' id='block_1_16' title="bbox 408 1606 1979 1673">
    <p class='ocr_par' dir='ltr' id='par_1_16' title="bbox 408 1606 1979 1673">
     <span class='ocr_line' id='line_1_16' title="bbox 408 1606 1979 1673; baseline -0.009 0"><span class='ocrx_word' id='word_1_96' title='bbox 408 1616 659 1673; x_wconf 87' lang='lat' dir='ltr'><strong>nonnihil</strong></span> <span class='ocrx_word' id='word_1_97' title='bbox 706 1617 871 1673; x_wconf 90' lang='lat' dir='ltr'><strong>etiam</strong></span> <span class='ocrx_word' id='word_1_98' title='bbox 916 1616 983 1671; x_wconf 91' lang='lat' dir='ltr'><strong>de</strong></span> <span class='ocrx_word' id='word_1_99' title='bbox 1011 1615 1196 1669; x_wconf 90' lang='lat' dir='ltr'><strong>valore</strong></span> <span class='ocrx_word' id='word_1_100' title='bbox 1243 1606 1358 1669; x_wconf 86' lang='lat' dir='ltr'><strong>sive</strong></span> <span class='ocrx_word' id='word_1_101' title='bbox 1394 1610 1755 1668; x_wconf 67' lang='lat' dir='ltr'><strong>aestimatione</strong></span> <span class='ocrx_word' id='word_1_102' title='bbox 1796 1606 1979 1662; x_wconf 92' lang='lat' dir='ltr'><strong>detra-</strong></span> 
     </span>
    </p>
   </div>
   <div class='ocr_carea' id='block_1_17' title="bbox 400 1695 1979 1774">
    <p class='ocr_par' dir='ltr' id='par_1_17' title="bbox 400 1695 1979 1774">
     <span class='ocr_line' id='line_1_17' title="bbox 400 1695 1979 1774; baseline -0.009 -10"><span class='ocrx_word' id='word_1_103' title='bbox 400 1718 578 1764; x_wconf 82' lang='lat' dir='ltr'><strong>ctum.</strong></span> <span class='ocrx_word' id='word_1_104' title='bbox 610 1707 883 1774; x_wconf 81' lang='lat' dir='ltr'><strong>Quamvis</strong></span> <span class='ocrx_word' id='word_1_105' title='bbox 912 1707 1058 1762; x_wconf 89' lang='lat' dir='ltr'><strong>enim</strong></span> <span class='ocrx_word' id='word_1_106' title='bbox 1094 1719 1383 1759; x_wconf 83' lang='lat' dir='ltr'><strong>aureorum</strong></span> <span class='ocrx_word' id='word_1_107' title='bbox 1418 1702 1635 1774; x_wconf 92' lang='lat' dir='ltr'><strong>pondus</strong></span> <span class='ocrx_word' id='word_1_108' title='bbox 1669 1700 1723 1754; x_wconf 92' lang='lat' dir='ltr'><strong>in</strong></span> <span class='ocrx_word' id='word_1_109' title='bbox 1755 1713 1879 1755; x_wconf 89' lang='lat' dir='ltr'><strong>eum</strong></span> <span class='ocrx_word' id='word_1_110' title='bbox 1911 1695 1979 1750; x_wconf 72' lang='lat' dir='ltr'><strong>{i-</strong></span> 
     </span>
    </p>
   </div>
   <div class='ocr_carea' id='block_1_18' title="bbox 406 1790 1977 1867">
    <p class='ocr_par' dir='ltr' id='par_1_18' title="bbox 406 1790 1977 1867">
     <span class='ocr_line' id='line_1_18' title="bbox 406 1790 1977 1867; baseline -0.006 -14"><span class='ocrx_word' id='word_1_111' title='bbox 406 1814 531 1854; x_wconf 87' lang='lat' dir='ltr'><strong>nem</strong></span> <span class='ocrx_word' id='word_1_112' title='bbox 573 1799 893 1867; x_wconf 90' lang='lat' dir='ltr'><strong>plerumque</strong></span> <span class='ocrx_word' id='word_1_113' title='bbox 917 1797 1219 1859; x_wconf 85' lang='lat' dir='ltr'><strong>minuatur,</strong></span> <span class='ocrx_word' id='word_1_114' title='bbox 1251 1795 1526 1864; x_wconf 83' lang='lat' dir='ltr'><strong>ac-plures</strong></span> <span class='ocrx_word' id='word_1_115' title='bbox 1558 1793 1612 1848; x_wconf 90' lang='lat' dir='ltr'><strong>in</strong></span> <span class='ocrx_word' id='word_1_116' title='bbox 1644 1790 1839 1845; x_wconf 84' lang='lat' dir='ltr'><strong>libram</strong></span> <span class='ocrx_word' id='word_1_117' title='bbox 1876 1804 1977 1844; x_wconf 89' lang='lat' dir='ltr'><strong>cu-</strong></span> 
     </span>
    </p>
   </div>
   <div class='ocr_carea' id='block_1_19' title="bbox 2086 592 3665 662">
    <p class='ocr_par' dir='ltr' id='par_1_19' title="bbox 2086 592 3665 662">
     <span class='ocr_line' id='line_1_19' title="bbox 2086 592 3665 662; baseline -0.006 -9"><span class='ocrx_word' id='word_1_118' title='bbox 2086 613 2273 662; x_wconf 89' lang='lat' dir='ltr'><strong>unam.</strong></span> <span class='ocrx_word' id='word_1_119' title='bbox 2304 608 2359 655; x_wconf 91' lang='lat' dir='ltr'><strong>et</strong></span> <span class='ocrx_word' id='word_1_120' title='bbox 2384 613 2548 654; x_wconf 91' lang='lat' dir='ltr'><strong>unam</strong></span> <span class='ocrx_word' id='word_1_121' title='bbox 2582 595 2695 652; x_wconf 77' lang='lat' dir='ltr'><strong>fere</strong></span> <span class='ocrx_word' id='word_1_122' title='bbox 2719 595 2960 661; x_wconf 82' lang='lat' dir='ltr'><strong>tertiam,</strong></span> <span class='ocrx_word' id='word_1_123' title='bbox 2990 593 3095 648; x_wconf 90' lang='lat' dir='ltr'><strong>hoc</strong></span> <span class='ocrx_word' id='word_1_124' title='bbox 3124 601 3212 649; x_wconf 88' lang='lat' dir='ltr'><strong>est</strong></span> <span class='ocrx_word' id='word_1_125' title='bbox 3237 592 3427 647; x_wconf 86' lang='lat' dir='ltr'><strong>obolos</strong></span> <span class='ocrx_word' id='word_1_126' title='bbox 3461 604 3665 660; x_wconf 90' lang='lat' dir='ltr'><strong>prope-</strong></span> 
     </span>
    </p>
   </div>
   <div class='ocr_carea' id='block_1_20' title="bbox 2085 680 3660 757">
    <p class='ocr_par' dir='ltr' id='par_1_20' title="bbox 2085 680 3660 757">
     <span class='ocr_line' id='line_1_20' title="bbox 2085 680 3660 757; baseline -0.005 -14"><span class='ocrx_word' id='word_1_127' title='bbox 2085 688 2307 743; x_wconf 89' lang='lat' dir='ltr'><strong>modum</strong></span> <span class='ocrx_word' id='word_1_128' title='bbox 2358 697 2506 752; x_wconf 88' lang='lat' dir='ltr'><strong>octo,</strong></span> <span class='ocrx_word' id='word_1_129' title='bbox 2555 687 2669 743; x_wconf 87' lang='lat' dir='ltr'><strong>sive</strong></span> <span class='ocrx_word' id='word_1_130' title='bbox 2713 685 2942 757; x_wconf 84' lang='lat' dir='ltr'><strong>siliquas</strong></span> <span class='ocrx_word' id='word_1_131' title='bbox 2986 691 3272 755; x_wconf 87' lang='lat' dir='ltr'><strong>argenteas</strong></span> <span class='ocrx_word' id='word_1_132' title='bbox 3311 698 3461 737; x_wconf 77' lang='lat' dir='ltr'><strong>xxiv.</strong></span> <span class='ocrx_word' id='word_1_133' title='bbox 3501 680 3660 748; x_wconf 87' lang='lat' dir='ltr'><strong>Quod</strong></span> 
     </span>
    </p>
   </div>
   <div class='ocr_carea' id='block_1_21' title="bbox 2085 772 3662 852">
    <p class='ocr_par' dir='ltr' id='par_1_21' title="bbox 2085 772 3662 852">
     <span class='ocr_line' id='line_1_21' title="bbox 2085 772 3662 852; baseline -0.006 -16"><span class='ocrx_word' id='word_1_134' title='bbox 2085 782 2406 852; x_wconf 89' lang='lat' dir='ltr'><strong>siliquarum</strong></span> <span class='ocrx_word' id='word_1_135' title='bbox 2441 781 2562 836; x_wconf 85' lang='lat' dir='ltr'><strong>auri</strong></span> <span class='ocrx_word' id='word_1_136' title='bbox 2601 780 2831 835; x_wconf 89' lang='lat' dir='ltr'><strong>duarum</strong></span> <span class='ocrx_word' id='word_1_137' title='bbox 2877 777 3109 847; x_wconf 85' lang='lat' dir='ltr'><strong>pretium</strong></span> <span class='ocrx_word' id='word_1_138' title='bbox 3143 790 3270 831; x_wconf 84' lang='lat' dir='ltr'><strong>esse</strong></span> <span class='ocrx_word' id='word_1_139' title='bbox 3300 774 3528 841; x_wconf 88' lang='lat' dir='ltr'><strong>debuit;</strong></span> <span class='ocrx_word' id='word_1_140' title='bbox 3560 772 3662 829; x_wconf 89' lang='lat' dir='ltr'><strong>sed</strong></span> 
     </span>
    </p>
   </div>
   <div class='ocr_carea' id='block_1_22' title="bbox 2086 866 3664 945">
    <p class='ocr_par' dir='ltr' id='par_1_22' title="bbox 2086 866 3664 945">
     <span class='ocr_line' id='line_1_22' title="bbox 2086 866 3664 945; baseline -0.003 -20"><span class='ocrx_word' id='word_1_141' title='bbox 2086 874 2132 926; x_wconf 89' lang='lat' dir='ltr'><strong>si</strong></span> <span class='ocrx_word' id='word_1_142' title='bbox 2174 874 2292 928; x_wconf 86' lang='lat' dir='ltr'><strong>auri</strong></span> <span class='ocrx_word' id='word_1_143' title='bbox 2324 873 2390 927; x_wconf 92' lang='lat' dir='ltr'><strong>ad</strong></span> <span class='ocrx_word' id='word_1_144' title='bbox 2430 882 2716 945; x_wconf 77' lang='lat' dir='ltr'><strong>argentum</strong></span> <span class='ocrx_word' id='word_1_145' title='bbox 2748 871 2890 925; x_wconf 84' lang='lat' dir='ltr'><strong>ratio</strong></span> <span class='ocrx_word' id='word_1_146' title='bbox 2922 869 3028 924; x_wconf 86' lang='lat' dir='ltr'><strong>ista</strong></span> <span class='ocrx_word' id='word_1_147' title='bbox 3057 867 3275 933; x_wconf 80' lang='lat' dir='ltr'><strong>fuisset,</strong></span> <span class='ocrx_word' id='word_1_148' title='bbox 3298 866 3440 921; x_wconf 88' lang='lat' dir='ltr'><strong>nihil</strong></span> <span class='ocrx_word' id='word_1_149' title='bbox 3475 881 3542 921; x_wconf 89' lang='lat' dir='ltr'><strong>ex</strong></span> <span class='ocrx_word' id='word_1_150' title='bbox 3570 880 3664 921; x_wconf 80' lang='lat' dir='ltr'><strong>so-</strong></span> 
     </span>
    </p>
   </div>
   <div class='ocr_carea' id='block_1_23' title="bbox 2086 959 3656 1020">
    <p class='ocr_par' dir='ltr' id='par_1_23' title="bbox 2086 959 3656 1020">
     <span class='ocr_line' id='line_1_23' title="bbox 2086 959 3656 1020; baseline -0.001 -2"><span class='ocrx_word' id='word_1_151' title='bbox 2086 964 2318 1020; x_wconf 88' lang='lat' dir='ltr'><strong>lidorum</strong></span> <span class='ocrx_word' id='word_1_152' title='bbox 2352 974 2521 1020; x_wconf 90' lang='lat' dir='ltr'><strong>aucto</strong></span> <span class='ocrx_word' id='word_1_153' title='bbox 2560 964 2617 1020; x_wconf 90' lang='lat' dir='ltr'><strong>in</strong></span> <span class='ocrx_word' id='word_1_154' title='bbox 2660 965 2854 1019; x_wconf 88' lang='lat' dir='ltr'><strong>libram</strong></span> <span class='ocrx_word' id='word_1_155' title='bbox 2880 975 3113 1017; x_wconf 88' lang='lat' dir='ltr'><strong>numero</strong></span> <span class='ocrx_word' id='word_1_156' title='bbox 3142 959 3656 1017; x_wconf 80' lang='lat' dir='ltr'><strong>ﬁscuslucraretur.</strong></span> 
     </span>
    </p>
   </div>
   <div class='ocr_carea' id='block_1_24' title="bbox 2082 1052 3660 1129">
    <p class='ocr_par' dir='ltr' id='par_1_24' title="bbox 2082 1052 3660 1129">
     <span class='ocr_line' id='line_1_24' title="bbox 2082 1052 3660 1129; baseline -0.003 -16"><span class='ocrx_word' id='word_1_157' title='bbox 2082 1057 2167 1113; x_wconf 82' lang='lat' dir='ltr'><strong>0b</strong></span> <span class='ocrx_word' id='word_1_158' title='bbox 2191 1057 2243 1112; x_wconf 89' lang='lat' dir='ltr'><strong>id</strong></span> <span class='ocrx_word' id='word_1_159' title='bbox 2273 1057 2450 1129; x_wconf 88' lang='lat' dir='ltr'><strong>majus</strong></span> <span class='ocrx_word' id='word_1_160' title='bbox 2483 1064 2865 1129; x_wconf 79' lang='lat' dir='ltr'><strong>argenteorum</strong></span> <span class='ocrx_word' id='word_1_161' title='bbox 2888 1053 3225 1126; x_wconf 86' lang='lat' dir='ltr'><strong>singulorum</strong></span> <span class='ocrx_word' id='word_1_162' title='bbox 3253 1052 3423 1108; x_wconf 79' lang='lat' dir='ltr'><strong>fuisse</strong></span> <span class='ocrx_word' id='word_1_163' title='bbox 3443 1052 3660 1124; x_wconf 85' lang='lat' dir='ltr'><strong>pondus</strong></span> 
     </span>
    </p>
   </div>
   <div class='ocr_carea' id='block_1_25' title="bbox 2085 1149 2344 1205">
    <p class='ocr_par' dir='ltr' id='par_1_25' title="bbox 2085 1149 2344 1205">
     <span class='ocr_line' id='line_1_25' title="bbox 2085 1149 2344 1205; baseline 0.008 -2"><span class='ocrx_word' id='word_1_164' title='bbox 2085 1149 2344 1205; x_wconf 79' lang='lat' dir='ltr'><strong>arbitror.</strong></span> 
     </span>
    </p>
   </div>
   <div class='ocr_carea' id='block_1_26' title="bbox 2157 1235 3661 1307">
    <p class='ocr_par' dir='ltr' id='par_1_26' title="bbox 2157 1235 3661 1307">
     <span class='ocr_line' id='line_1_26' title="bbox 2157 1235 3661 1307; baseline -0.004 -14"><span class='ocrx_word' id='word_1_165' title='bbox 2157 1239 2534 1295; x_wconf 83' lang='lat' dir='ltr'><strong>Ilotomanuus</strong></span> <span class='ocrx_word' id='word_1_166' title='bbox 2554 1237 2650 1293; x_wconf 90' lang='lat' dir='ltr'><strong>lib.</strong></span> <span class='ocrx_word' id='word_1_167' title='bbox 2673 1237 2753 1292; x_wconf 81' lang='lat' dir='ltr'><strong>De</strong></span> <span class='ocrx_word' id='word_1_168' title='bbox 2772 1254 2828 1294; x_wconf 71' lang='lat' dir='ltr'><strong>rs</strong></span> <span class='ocrx_word' id='word_1_169' title='bbox 2851 1237 3172 1292; x_wconf 82' lang='lat' dir='ltr'><strong>Numman‘a</strong></span> <span class='ocrx_word' id='word_1_170' title='bbox 3200 1250 3322 1307; x_wconf 86' lang='lat' dir='ltr'><strong>pag.</strong></span> <span class='ocrx_word' id='word_1_171' title='bbox 3346 1235 3473 1300; x_wconf 75' lang='grc'><strong>547,</strong></span> <span class='ocrx_word' id='word_1_172' title='bbox 3489 1236 3661 1305; x_wconf 82' lang='lat' dir='ltr'><strong>impp.</strong></span> 
     </span>
    </p>
   </div>
   <div class='ocr_carea' id='block_1_27' title="bbox 2084 1322 3659 1398">
    <p class='ocr_par' dir='ltr' id='par_1_27' title="bbox 2084 1322 3659 1398">
     <span class='ocr_line' id='line_1_27' title="bbox 2084 1322 3659 1398; baseline -0.008 -9"><span class='ocrx_word' id='word_1_173' title='bbox 2084 1329 2305 1389; x_wconf 86' lang='lat' dir='ltr'><strong>Arcadii</strong></span> <span class='ocrx_word' id='word_1_174' title='bbox 2343 1337 2399 1385; x_wconf 88' lang='lat' dir='ltr'><strong>et</strong></span> <span class='ocrx_word' id='word_1_175' title='bbox 2431 1327 2658 1384; x_wconf 85' lang='lat' dir='ltr'><strong>Honorii</strong></span> <span class='ocrx_word' id='word_1_176' title='bbox 2690 1326 3031 1398; x_wconf 88' lang='lat' dir='ltr'><strong>temporibus</strong></span> <span class='ocrx_word' id='word_1_177' title='bbox 3056 1323 3438 1380; x_wconf 80' lang='lat' dir='ltr'><strong>animadvertit</strong></span> <span class='ocrx_word' id='word_1_178' title='bbox 3460 1322 3659 1378; x_wconf 84' lang='lat' dir='ltr'><strong>libram</strong></span> 
     </span>
    </p>
   </div>
   <div class='ocr_carea' id='block_1_28' title="bbox 2060 1411 3663 1490">
    <p class='ocr_par' dir='ltr' id='par_1_28' title="bbox 2060 1411 3663 1490">
     <span class='ocr_line' id='line_1_28' title="bbox 2060 1411 3663 1490; baseline -0.006 -15"><span class='ocrx_word' id='word_1_179' title='bbox 2060 1422 2205 1476; x_wconf 75' lang='lat' dir='ltr'><strong>:auri</strong></span> <span class='ocrx_word' id='word_1_180' title='bbox 2240 1418 2656 1490; x_wconf 85' lang='lat' dir='ltr'><strong>quatuordecim</strong></span> <span class='ocrx_word' id='word_1_181' title='bbox 2690 1415 2920 1487; x_wconf 76' lang='lat' dir='ltr'><strong>argenti</strong></span> <span class='ocrx_word' id='word_1_182' title='bbox 2973 1415 3130 1470; x_wconf 88' lang='lat' dir='ltr'><strong>libris</strong></span> <span class='ocrx_word' id='word_1_183' title='bbox 3186 1428 3249 1469; x_wconf 92' lang='lat' dir='ltr'><strong>ac</strong></span> <span class='ocrx_word' id='word_1_184' title='bbox 3300 1412 3411 1468; x_wconf 81' lang='lat' dir='ltr'><strong>fere</strong></span> <span class='ocrx_word' id='word_1_185' title='bbox 3458 1411 3663 1467; x_wconf 88' lang='lat' dir='ltr'><strong>selibra</strong></span> 
     </span>
    </p>
   </div>
   <div class='ocr_carea' id='block_1_29' title="bbox 2083 1499 3663 1578">
    <p class='ocr_par' dir='ltr' id='par_1_29' title="bbox 2083 1499 3663 1578">
     <span class='ocr_line' id='line_1_29' title="bbox 2083 1499 3663 1578; baseline -0.007 -14"><span class='ocrx_word' id='word_1_186' title='bbox 2083 1510 2406 1565; x_wconf 81' lang='lat' dir='ltr'><strong>:estimatam</strong></span> <span class='ocrx_word' id='word_1_187' title='bbox 2439 1508 2627 1573; x_wconf 82' lang='lat' dir='ltr'><strong>fuisse,</strong></span> <span class='ocrx_word' id='word_1_188' title='bbox 2671 1523 2743 1565; x_wconf 73' lang='lat' dir='ltr'><strong>ex</strong></span> <span class='ocrx_word' id='word_1_189' title='bbox 2771 1507 2879 1578; x_wconf 88' lang='lat' dir='ltr'><strong>leg.</strong></span> <span class='ocrx_word' id='word_1_190' title='bbox 2923 1520 2964 1568; x_wconf 86' lang='grc' dir='ltr'>ι,</span> <span class='ocrx_word' id='word_1_191' title='bbox 2998 1519 3051 1559; x_wconf 93' lang='lat' dir='ltr'><strong>c.</strong></span> <span class='ocrx_word' id='word_1_192' title='bbox 3098 1503 3172 1558; x_wconf 90' lang='lat' dir='ltr'><strong>De</strong></span> <span class='ocrx_word' id='word_1_193' title='bbox 3202 1518 3317 1573; x_wconf 88' lang='lat' dir='ltr'><strong>arg.</strong></span> <span class='ocrx_word' id='word_1_194' title='bbox 3348 1509 3486 1573; x_wconf 89' lang='lat' dir='ltr'><strong>pret.</strong></span> <span class='ocrx_word' id='word_1_195' title='bbox 3522 1499 3663 1554; x_wconf 86' lang='lat' dir='ltr'><strong>Nam</strong></span> 
     </span>
    </p>
   </div>
   <div class='ocr_carea' id='block_1_30' title="bbox 2084 1593 3664 1671">
    <p class='ocr_par' dir='ltr' id='par_1_30' title="bbox 2084 1593 3664 1671">
     <span class='ocr_line' id='line_1_30' title="bbox 2084 1593 3664 1671; baseline -0.006 -16"><span class='ocrx_word' id='word_1_196' title='bbox 2084 1601 2224 1656; x_wconf 84' lang='lat' dir='ltr'><strong>libra</strong></span> <span class='ocrx_word' id='word_1_197' title='bbox 2250 1600 2467 1671; x_wconf 82' lang='lat' dir='ltr'><strong>argenti</strong></span> <span class='ocrx_word' id='word_1_198' title='bbox 2519 1598 2708 1670; x_wconf 90' lang='lat' dir='ltr'><strong>quinis</strong></span> <span class='ocrx_word' id='word_1_199' title='bbox 2769 1597 2955 1653; x_wconf 88' lang='lat' dir='ltr'><strong>aureis</strong></span> <span class='ocrx_word' id='word_1_200' title='bbox 2988 1596 3179 1651; x_wconf 88' lang='lat' dir='ltr'><strong>solidis</strong></span> <span class='ocrx_word' id='word_1_201' title='bbox 3226 1602 3481 1659; x_wconf 81' lang='lat' dir='ltr'><strong>taxatur,</strong></span> <span class='ocrx_word' id='word_1_202' title='bbox 3521 1593 3664 1649; x_wconf 84' lang='lat' dir='ltr'><strong>libra</strong></span> 
     </span>
    </p>
   </div>
   <div class='ocr_carea' id='block_1_31' title="bbox 2084 1683 3660 1758">
    <p class='ocr_par' dir='ltr' id='par_1_31' title="bbox 2084 1683 3660 1758">
     <span class='ocr_line' id='line_1_31' title="bbox 2084 1683 3660 1758; baseline -0.004 -14"><span class='ocrx_word' id='word_1_203' title='bbox 2084 1699 2285 1746; x_wconf 85' lang='lat' dir='ltr'><strong>autem&#39;</strong></span> <span class='ocrx_word' id='word_1_204' title='bbox 2310 1689 2428 1744; x_wconf 83' lang='lat' dir='ltr'><strong>auri</strong></span> <span class='ocrx_word' id='word_1_205' title='bbox 2471 1688 2687 1745; x_wconf 86' lang='lat' dir='ltr'><strong>duobus</strong></span> <span class='ocrx_word' id='word_1_206' title='bbox 2720 1698 2783 1743; x_wconf 73' lang='lat' dir='ltr'><strong>ct</strong></span> <span class='ocrx_word' id='word_1_207' title='bbox 2830 1687 3175 1758; x_wconf 84' lang='lat' dir='ltr'><strong>septuaginta</strong></span> <span class='ocrx_word' id='word_1_208' title='bbox 3206 1685 3406 1740; x_wconf 84' lang='lat' dir='ltr'><strong>solidis</strong></span> <span class='ocrx_word' id='word_1_209' title='bbox 3450 1683 3660 1738; x_wconf 76' lang='lat' dir='ltr'><strong>aureis.</strong></span> 
     </span>
    </p>
   </div>
   <div class='ocr_carea' id='block_1_32' title="bbox 2084 1776 3664 1851">
    <p class='ocr_par' dir='ltr' id='par_1_32' title="bbox 2084 1776 3664 1851">
     <span class='ocr_line' id='line_1_32' title="bbox 2084 1776 3664 1851; baseline -0.006 -14"><span class='ocrx_word' id='word_1_210' title='bbox 2084 1781 2293 1837; x_wconf 75' lang='lat' dir='ltr'><strong>Glosszze</strong></span> <span class='ocrx_word' id='word_1_211' title='bbox 2318 1796 2446 1836; x_wconf 89' lang='lat' dir='ltr'><strong>vero</strong></span> <span class='ocrx_word' id='word_1_212' title='bbox 2484 1796 2647 1851; x_wconf 89' lang='lat' dir='ltr'><strong>supra</strong></span> <span class='ocrx_word' id='word_1_213' title='bbox 2682 1780 2861 1834; x_wconf 78' lang='lat' dir='ltr'><strong>citata:</strong></span> <span class='ocrx_word' id='word_1_214' title='bbox 2908 1779 3310 1848; x_wconf 85' lang='lat' dir='ltr'><strong>proportionem</strong></span> <span class='ocrx_word' id='word_1_215' title='bbox 3362 1776 3506 1831; x_wconf 87' lang='lat' dir='ltr'><strong>illam</strong></span> <span class='ocrx_word' id='word_1_216' title='bbox 3562 1790 3664 1830; x_wconf 83' lang='lat' dir='ltr'><strong>ex-</strong></span> 
     </span>
    </p>
   </div>
   <div class='ocr_carea' id='block_1_33' title="bbox 403 1863 3664 1954">
    <p class='ocr_par' dir='ltr' id='par_1_33' title="bbox 403 1863 3664 1954">
     <span class='ocr_line' id='line_1_33' title="bbox 403 1863 3664 1954; baseline -0.003 -25"><span class='ocrx_word' id='word_1_217' title='bbox 403 1863 626 1952; x_wconf 61' lang='lat' dir='ltr'><strong>.jamu},</strong></span> <span class='ocrx_word' id='word_1_218' title='bbox 666 1896 726 1943; x_wconf 74' lang='grc' dir='ltr'><strong>ιιι</strong></span> <span class='ocrx_word' id='word_1_219' title='bbox 758 1863 817 1942; x_wconf 50' lang='lat' dir='ltr'><strong>ir;</strong></span> <span class='ocrx_word' id='word_1_220' title='bbox 847 1888 1038 1944; x_wconf 73' lang='lat' dir='ltr'><strong>[iscum</strong></span> <span class='ocrx_word' id='word_1_221' title='bbox 1075 1902 1140 1941; x_wconf 67' lang='grc' dir='ltr'>ει</span> <span class='ocrx_word' id='word_1_222' title='bbox 1182 1863 1500 1942; x_wconf 53' lang='lat' dir='ltr'><strong>cnumcri</strong></span> <span class='ocrx_word' id='word_1_223' title='bbox 1538 1882 1742 1954; x_wconf 69' lang='lat' dir='ltr'><strong>aliquid</strong></span> <span class='ocrx_word' id='word_1_224' title='bbox 1773 1863 2052 1937; x_wconf 58' lang='grc' dir='ltr'><strong>κάκη-Ἦ</strong></span> <span class='ocrx_word' id='word_1_225' title='bbox 2081 1872 2256 1928; x_wconf 91' lang='lat' dir='ltr'><strong>actius</strong></span> <span class='ocrx_word' id='word_1_226' title='bbox 2290 1874 2523 1928; x_wconf 86' lang='lat' dir='ltr'><strong>retinere</strong></span> <span class='ocrx_word' id='word_1_227' title='bbox 2550 1870 2820 1934; x_wconf 86' lang='lat' dir='ltr'><strong>videntur,</strong></span> <span class='ocrx_word' id='word_1_228' title='bbox 2849 1886 2968 1941; x_wconf 69' lang='lat' dir='ltr'><strong>qure</strong></span> <span class='ocrx_word' id='word_1_229' title='bbox 2994 1877 3079 1925; x_wconf 91' lang='lat' dir='ltr'><strong>est</strong></span> <span class='ocrx_word' id='word_1_230' title='bbox 3108 1870 3271 1925; x_wconf 88' lang='lat' dir='ltr'><strong>unius</strong></span> <span class='ocrx_word' id='word_1_231' title='bbox 3301 1868 3368 1923; x_wconf 90' lang='lat' dir='ltr'><strong>ad</strong></span> <span class='ocrx_word' id='word_1_232' title='bbox 3396 1875 3664 1938; x_wconf 83' lang='lat' dir='ltr'><strong>quatuor-</strong></span> 
     </span>
    </p>
   </div>
   <div class='ocr_carea' id='block_1_34' title="bbox 403 1971 1977 2042">
    <p class='ocr_par' dir='ltr' id='par_1_34' title="bbox 403 1971 1977 2042">
     <span class='ocr_line' id='line_1_34' title="bbox 403 1971 1977 2042; baseline -0.006 -9"><span class='ocrx_word' id='word_1_233' title='bbox 403 1978 529 2042; x_wconf 87' lang='lat' dir='ltr'><strong>det;</strong></span> <span class='ocrx_word' id='word_1_234' title='bbox 571 1992 681 2031; x_wconf 94' lang='lat' dir='ltr'><strong>non</strong></span> <span class='ocrx_word' id='word_1_235' title='bbox 710 1985 894 2030; x_wconf 91' lang='lat' dir='ltr'><strong>tamen</strong></span> <span class='ocrx_word' id='word_1_236' title='bbox 920 1975 1112 2030; x_wconf 90' lang='lat' dir='ltr'><strong>eadem</strong></span> <span class='ocrx_word' id='word_1_237' title='bbox 1142 1974 1301 2029; x_wconf 86' lang='lat' dir='ltr'><strong>solidi</strong></span> <span class='ocrx_word' id='word_1_238' title='bbox 1336 1974 1580 2038; x_wconf 87' lang='lat' dir='ltr'><strong>levioris,</strong></span> <span class='ocrx_word' id='word_1_239' title='bbox 1606 1987 1730 2042; x_wconf 72' lang='lat' dir='ltr'><strong>qua:</strong></span> <span class='ocrx_word' id='word_1_240' title='bbox 1759 1971 1977 2041; x_wconf 77' lang='lat' dir='ltr'><strong>gravio-</strong></span> 
     </span>
    </p>
   </div>
   <div class='ocr_carea' id='block_1_35' title="bbox 402 2061 1972 2139">
    <p class='ocr_par' dir='ltr' id='par_1_35' title="bbox 402 2061 1972 2139">
     <span class='ocr_line' id='line_1_35' title="bbox 402 2061 1972 2139; baseline -0.007 -14"><span class='ocrx_word' id='word_1_241' title='bbox 402 2072 483 2125; x_wconf 88' lang='lat' dir='ltr'><strong>ris</strong></span> <span class='ocrx_word' id='word_1_242' title='bbox 520 2069 729 2124; x_wconf 80' lang='lat' dir='ltr'><strong>taxatio</strong></span> <span class='ocrx_word' id='word_1_243' title='bbox 757 2083 881 2124; x_wconf 90' lang='lat' dir='ltr'><strong>esse</strong></span> <span class='ocrx_word' id='word_1_244' title='bbox 912 2074 1111 2138; x_wconf 87' lang='lat' dir='ltr'><strong>potest.</strong></span> <span class='ocrx_word' id='word_1_245' title='bbox 1142 2066 1361 2139; x_wconf 83' lang='lat' dir='ltr'><strong>Alioqui</strong></span> <span class='ocrx_word' id='word_1_246' title='bbox 1405 2064 1636 2120; x_wconf 88' lang='lat' dir='ltr'><strong>nimium</strong></span> <span class='ocrx_word' id='word_1_247' title='bbox 1670 2063 1857 2133; x_wconf 87' lang='lat' dir='ltr'><strong>iniqua</strong></span> <span class='ocrx_word' id='word_1_248' title='bbox 1891 2061 1972 2115; x_wconf 85' lang='lat' dir='ltr'><strong>lex</strong></span> 
     </span>
    </p>
   </div>
   <div class='ocr_carea' id='block_1_36' title="bbox 399 2153 1979 2226">
    <p class='ocr_par' dir='ltr' id='par_1_36' title="bbox 399 2153 1979 2226">
     <span class='ocr_line' id='line_1_36' title="bbox 399 2153 1979 2226; baseline -0.006 -9"><span class='ocrx_word' id='word_1_249' title='bbox 399 2168 571 2225; x_wconf 90' lang='lat' dir='ltr'><strong>esset,</strong></span> <span class='ocrx_word' id='word_1_250' title='bbox 607 2169 663 2217; x_wconf 89' lang='lat' dir='ltr'><strong>et</strong></span> <span class='ocrx_word' id='word_1_251' title='bbox 700 2160 954 2216; x_wconf 84' lang='lat' dir='ltr'><strong>immanis</strong></span> <span class='ocrx_word' id='word_1_252' title='bbox 986 2159 1104 2213; x_wconf 89' lang='lat' dir='ltr'><strong>auri</strong></span> <span class='ocrx_word' id='word_1_253' title='bbox 1139 2158 1205 2213; x_wconf 91' lang='lat' dir='ltr'><strong>ad</strong></span> <span class='ocrx_word' id='word_1_254' title='bbox 1254 2165 1540 2226; x_wconf 88' lang='lat' dir='ltr'><strong>argentum</strong></span> <span class='ocrx_word' id='word_1_255' title='bbox 1568 2153 1887 2226; x_wconf 81' lang='lat' dir='ltr'><strong>proportio,</strong></span> <span class='ocrx_word' id='word_1_256' title='bbox 1919 2163 1979 2207; x_wconf 90' lang='lat' dir='ltr'><strong>ut</strong></span> 
     </span>
    </p>
   </div>
   <div class='ocr_carea' id='block_1_37' title="bbox 403 2239 1979 2319">
    <p class='ocr_par' dir='ltr' id='par_1_37' title="bbox 403 2239 1979 2319">
     <span class='ocr_line' id='line_1_37' title="bbox 403 2239 1979 2319; baseline -0.005 -17"><span class='ocrx_word' id='word_1_257' title='bbox 403 2253 566 2319; x_wconf 81' lang='lat' dir='ltr'><strong>paulo</strong></span> <span class='ocrx_word' id='word_1_258' title='bbox 594 2257 722 2303; x_wconf 82' lang='lat' dir='ltr'><strong>ante</strong></span> <span class='ocrx_word' id='word_1_259' title='bbox 749 2246 1268 2304; x_wconf 85' lang='lat' dir='ltr'><strong>demonstravimus.</strong></span> <span class='ocrx_word' id='word_1_260' title='bbox 1301 2244 1489 2314; x_wconf 86' lang='lat' dir='ltr'><strong>Neque</strong></span> <span class='ocrx_word' id='word_1_261' title='bbox 1522 2251 1705 2298; x_wconf 85' lang='lat' dir='ltr'><strong>tamen</strong></span> <span class='ocrx_word' id='word_1_262' title='bbox 1740 2240 1858 2312; x_wconf 91' lang='lat' dir='ltr'><strong>pari</strong></span> <span class='ocrx_word' id='word_1_263' title='bbox 1882 2239 1979 2295; x_wconf 88' lang='lat' dir='ltr'><strong>de-</strong></span> 
     </span>
    </p>
   </div>
   <div class='ocr_carea' id='block_1_38' title="bbox 401 2334 1976 2406">
    <p class='ocr_par' dir='ltr' id='par_1_38' title="bbox 401 2334 1976 2406">
     <span class='ocr_line' id='line_1_38' title="bbox 401 2334 1976 2406; baseline -0.005 -13"><span class='ocrx_word' id='word_1_264' title='bbox 401 2347 683 2394; x_wconf 83' lang='lat' dir='ltr'><strong>crementa</strong></span> <span class='ocrx_word' id='word_1_265' title='bbox 717 2338 875 2394; x_wconf 89' lang='lat' dir='ltr'><strong>solidi</strong></span> <span class='ocrx_word' id='word_1_266' title='bbox 902 2336 1116 2406; x_wconf 83' lang='lat' dir='ltr'><strong>pondus</strong></span> <span class='ocrx_word' id='word_1_267' title='bbox 1145 2351 1210 2390; x_wconf 86' lang='lat' dir='ltr'><strong>ac</strong></span> <span class='ocrx_word' id='word_1_268' title='bbox 1232 2339 1466 2406; x_wconf 82' lang='lat' dir='ltr'><strong>pretium</strong></span> <span class='ocrx_word' id='word_1_269' title='bbox 1494 2342 1579 2390; x_wconf 87' lang='lat' dir='ltr'><strong>est</strong></span> <span class='ocrx_word' id='word_1_270' title='bbox 1607 2334 1976 2398; x_wconf 88' lang='lat' dir='ltr'><strong>imminutum,</strong></span> 
     </span>
    </p>
   </div>
   <div class='ocr_carea' id='block_1_39' title="bbox 406 2423 1981 2498">
    <p class='ocr_par' dir='ltr' id='par_1_39' title="bbox 406 2423 1981 2498">
     <span class='ocr_line' id='line_1_39' title="bbox 406 2423 1981 2498; baseline -0.003 -16"><span class='ocrx_word' id='word_1_271' title='bbox 406 2437 466 2482; x_wconf 93' lang='grc' dir='ltr'><strong>ιιι</strong></span> <span class='ocrx_word' id='word_1_272' title='bbox 492 2445 640 2493; x_wconf 86' lang='lat' dir='ltr'><strong>cum,</strong></span> <span class='ocrx_word' id='word_1_273' title='bbox 666 2429 894 2498; x_wconf 84' lang='lat' dir='ltr'><strong>exempli</strong></span> <span class='ocrx_word' id='word_1_274' title='bbox 920 2426 1347 2492; x_wconf 79' lang='lat' dir='ltr'><strong>causa,-solidus</strong></span> <span class='ocrx_word' id='word_1_275' title='bbox 1375 2426 1512 2481; x_wconf 81' lang='lat' dir='ltr'><strong>duas</strong></span> <span class='ocrx_word' id='word_1_276' title='bbox 1539 2433 1826 2496; x_wconf 75' lang='lat' dir='ltr'><strong>argenteas</strong></span> <span class='ocrx_word' id='word_1_277' title='bbox 1851 2423 1981 2479; x_wconf 87' lang='lat' dir='ltr'><strong>dra-</strong></span> 
     </span>
    </p>
   </div>
   <div class='ocr_carea' id='block_1_40' title="bbox 394 2516 1979 2591">
    <p class='ocr_par' dir='ltr' id='par_1_40' title="bbox 394 2516 1979 2591">
     <span class='ocr_line' id='line_1_40' title="bbox 394 2516 1979 2591; baseline -0.005 -17"><span class='ocrx_word' id='word_1_278' title='bbox 394 2520 595 2575; x_wconf 88' lang='lat' dir='ltr'><strong>chmas</strong></span> <span class='ocrx_word' id='word_1_279' title='bbox 612 2518 898 2591; x_wconf 88' lang='lat' dir='ltr'><strong>penderet,</strong></span> <span class='ocrx_word' id='word_1_280' title='bbox 949 2533 1014 2574; x_wconf 90' lang='lat' dir='ltr'><strong>ac</strong></span> <span class='ocrx_word' id='word_1_281' title='bbox 1062 2534 1190 2572; x_wconf 83' lang='lat' dir='ltr'><strong>xxtv</strong></span> <span class='ocrx_word' id='word_1_282' title='bbox 1238 2516 1516 2573; x_wconf 87' lang='lat' dir='ltr'><strong>drachmis</strong></span> <span class='ocrx_word' id='word_1_283' title='bbox 1560 2518 1784 2577; x_wconf 82' lang='lat' dir='ltr'><strong>valeret,</strong></span> <span class='ocrx_word' id='word_1_284' title='bbox 1830 2522 1979 2585; x_wconf 88' lang='lat' dir='ltr'><strong>post-</strong></span> 
     </span>
    </p>
   </div>
   <div class='ocr_carea' id='block_1_41' title="bbox 403 2606 1978 2682">
    <p class='ocr_par' dir='ltr' id='par_1_41' title="bbox 403 2606 1978 2682">
     <span class='ocr_line' id='line_1_41' title="bbox 403 2606 1978 2682; baseline -0.002 -16"><span class='ocrx_word' id='word_1_285' title='bbox 403 2627 570 2682; x_wconf 87' lang='lat' dir='ltr'><strong>quam</strong></span> <span class='ocrx_word' id='word_1_286' title='bbox 615 2611 683 2665; x_wconf 90' lang='lat' dir='ltr'><strong>ad</strong></span> <span class='ocrx_word' id='word_1_287' title='bbox 735 2611 1122 2681; x_wconf 87' lang='lat' dir='ltr'><strong>scrupulorum</strong></span> <span class='ocrx_word' id='word_1_288' title='bbox 1166 2617 1406 2681; x_wconf 85' lang='lat' dir='ltr'><strong>quatuor</strong></span> <span class='ocrx_word' id='word_1_289' title='bbox 1458 2609 1673 2680; x_wconf 89' lang='lat' dir='ltr'><strong>pondus</strong></span> <span class='ocrx_word' id='word_1_290' title='bbox 1727 2617 1813 2663; x_wconf 83' lang='lat' dir='ltr'><strong>est</strong></span> <span class='ocrx_word' id='word_1_291' title='bbox 1855 2606 1978 2663; x_wconf 80' lang='lat' dir='ltr'><strong>red-</strong></span> 
     </span>
    </p>
   </div>
   <div class='ocr_carea' id='block_1_42' title="bbox 411 2698 1979 2773">
    <p class='ocr_par' dir='ltr' id='par_1_42' title="bbox 411 2698 1979 2773">
     <span class='ocr_line' id='line_1_42' title="bbox 411 2698 1979 2773; baseline -0.003 -17"><span class='ocrx_word' id='word_1_292' title='bbox 411 2712 590 2767; x_wconf 86' lang='lat' dir='ltr'><strong>actus,</strong></span> <span class='ocrx_word' id='word_1_293' title='bbox 633 2717 698 2758; x_wconf 86' lang='lat' dir='ltr'><strong>ac</strong></span> <span class='ocrx_word' id='word_1_294' title='bbox 737 2701 896 2757; x_wconf 89' lang='lat' dir='ltr'><strong>tertia</strong></span> <span class='ocrx_word' id='word_1_295' title='bbox 945 2709 1099 2773; x_wconf 89' lang='lat' dir='ltr'><strong>parte</strong></span> <span class='ocrx_word' id='word_1_296' title='bbox 1140 2700 1480 2765; x_wconf 79' lang='lat' dir='ltr'><strong>decurtatus,</strong></span> <span class='ocrx_word' id='word_1_297' title='bbox 1529 2715 1639 2755; x_wconf 88' lang='lat' dir='ltr'><strong>non</strong></span> <span class='ocrx_word' id='word_1_298' title='bbox 1673 2698 1885 2762; x_wconf 82' lang='lat' dir='ltr'><strong>eadem,</strong></span> <span class='ocrx_word' id='word_1_299' title='bbox 1921 2705 1979 2751; x_wconf 77' lang='lat' dir='ltr'><strong>ut</strong></span> 
     </span>
    </p>
   </div>
   <div class='ocr_carea' id='block_1_43' title="bbox 403 2790 1974 2866">
    <p class='ocr_par' dir='ltr' id='par_1_43' title="bbox 403 2790 1974 2866">
     <span class='ocr_line' id='line_1_43' title="bbox 403 2790 1974 2866; baseline -0.004 -16"><span class='ocrx_word' id='word_1_300' title='bbox 403 2795 623 2866; x_wconf 88' lang='lat' dir='ltr'><strong>opinor,</strong></span> <span class='ocrx_word' id='word_1_301' title='bbox 658 2792 1013 2864; x_wconf 86' lang='lat' dir='ltr'><strong>proportione</strong></span> <span class='ocrx_word' id='word_1_302' title='bbox 1055 2791 1215 2847; x_wconf 82' lang='lat' dir='ltr'><strong>solidi</strong></span> <span class='ocrx_word' id='word_1_303' title='bbox 1263 2792 1497 2863; x_wconf 82' lang='lat' dir='ltr'><strong>pretium</strong></span> <span class='ocrx_word' id='word_1_304' title='bbox 1540 2807 1573 2846; x_wconf 83' lang='lat' dir='ltr'><strong>a</strong></span> <span class='ocrx_word' id='word_1_305' title='bbox 1623 2807 1750 2845; x_wconf 76' lang='lat' dir='ltr'><strong>xxiv</strong></span> <span class='ocrx_word' id='word_1_306' title='bbox 1784 2790 1852 2845; x_wconf 90' lang='lat' dir='ltr'><strong>ad</strong></span> <span class='ocrx_word' id='word_1_307' title='bbox 1884 2806 1974 2844; x_wconf 77' lang='lat' dir='ltr'><strong>xvi</strong></span> 
     </span>
    </p>
   </div>
   <div class='ocr_carea' id='block_1_44' title="bbox 396 2883 1978 2953">
    <p class='ocr_par' dir='ltr' id='par_1_44' title="bbox 396 2883 1978 2953">
     <span class='ocr_line' id='line_1_44' title="bbox 396 2883 1978 2953; baseline -0.004 -13"><span class='ocrx_word' id='word_1_308' title='bbox 396 2883 696 2940; x_wconf 84' lang='lat' dir='ltr'><strong>dracbmas</strong></span> <span class='ocrx_word' id='word_1_309' title='bbox 723 2883 1029 2939; x_wconf 85' lang='lat' dir='ltr'><strong>descendit.</strong></span> <span class='ocrx_word' id='word_1_310' title='bbox 1064 2884 1279 2953; x_wconf 87' lang='lat' dir='ltr'><strong>Alioqui</strong></span> <span class='ocrx_word' id='word_1_311' title='bbox 1321 2883 1530 2938; x_wconf 91' lang='lat' dir='ltr'><strong>nullum</strong></span> <span class='ocrx_word' id='word_1_312' title='bbox 1562 2884 1789 2937; x_wconf 91' lang='lat' dir='ltr'><strong>omnino</strong></span> <span class='ocrx_word' id='word_1_313' title='bbox 1819 2898 1978 2937; x_wconf 69' lang='lat' dir='ltr'><strong>com.</strong></span> 
     </span>
    </p>
   </div>
   <div class='ocr_carea' id='block_1_45' title="bbox 395 2972 1975 3046">
    <p class='ocr_par' dir='ltr' id='par_1_45' title="bbox 395 2972 1975 3046">
     <span class='ocr_line' id='line_1_45' title="bbox 395 2972 1975 3046; baseline -0.004 -14"><span class='ocrx_word' id='word_1_314' title='bbox 395 2976 659 3046; x_wconf 76' lang='lat' dir='ltr'><strong>pendium</strong></span> <span class='ocrx_word' id='word_1_315' title='bbox 690 2991 755 3031; x_wconf 91' lang='lat' dir='ltr'><strong>ex</strong></span> <span class='ocrx_word' id='word_1_316' title='bbox 797 2989 863 3030; x_wconf 92' lang='lat' dir='ltr'><strong>eo</strong></span> <span class='ocrx_word' id='word_1_317' title='bbox 895 2974 1147 3045; x_wconf 89' lang='lat' dir='ltr'><strong>princeps</strong></span> <span class='ocrx_word' id='word_1_318' title='bbox 1190 2974 1413 3031; x_wconf 83' lang='lat' dir='ltr'><strong>faceret.</strong></span> <span class='ocrx_word' id='word_1_319' title='bbox 1451 2972 1647 3030; x_wconf 84' lang='lat' dir='ltr'><strong>Verum</strong></span> <span class='ocrx_word' id='word_1_320' title='bbox 1691 2974 1842 3043; x_wconf 85' lang='lat' dir='ltr'><strong>jnsta</strong></span> <span class='ocrx_word' id='word_1_321' title='bbox 1873 2973 1975 3026; x_wconf 88' lang='lat' dir='ltr'><strong>ali-</strong></span> 
     </span>
    </p>
   </div>
   <div class='ocr_carea' id='block_1_46' title="bbox 400 3066 1973 3138">
    <p class='ocr_par' dir='ltr' id='par_1_46' title="bbox 400 3066 1973 3138">
     <span class='ocr_line' id='line_1_46' title="bbox 400 3066 1973 3138; baseline -0.001 -16"><span class='ocrx_word' id='word_1_322' title='bbox 400 3083 509 3138; x_wconf 89' lang='lat' dir='ltr'><strong>qua</strong></span> <span class='ocrx_word' id='word_1_323' title='bbox 547 3075 602 3123; x_wconf 84' lang='lat' dir='ltr'><strong>et</strong></span> <span class='ocrx_word' id='word_1_324' title='bbox 644 3066 926 3123; x_wconf 88' lang='lat' dir='ltr'><strong>moderata</strong></span> <span class='ocrx_word' id='word_1_325' title='bbox 968 3067 1336 3124; x_wconf 72' lang='lat' dir='ltr'><strong>aestimatione</strong></span> <span class='ocrx_word' id='word_1_326' title='bbox 1370 3074 1586 3122; x_wconf 86' lang='lat' dir='ltr'><strong>taxatns</strong></span> <span class='ocrx_word' id='word_1_327' title='bbox 1619 3072 1703 3122; x_wconf 89' lang='lat' dir='ltr'><strong>est</strong></span> <span class='ocrx_word' id='word_1_328' title='bbox 1745 3080 1973 3128; x_wconf 87' lang='lat' dir='ltr'><strong>aureus,</strong></span> 
     </span>
    </p>
   </div>
   <div class='ocr_carea' id='block_1_47' title="bbox 2078 1962 3666 2032">
    <p class='ocr_par' dir='ltr' id='par_1_47' title="bbox 2078 1962 3666 2032">
     <span class='ocr_line' id='line_1_47' title="bbox 2078 1962 3666 2032; baseline -0.003 -14"><span class='ocrx_word' id='word_1_329' title='bbox 2078 1962 2288 2032; x_wconf 89' lang='lat' dir='ltr'><strong>decim;</strong></span> <span class='ocrx_word' id='word_1_330' title='bbox 2331 1980 2455 2018; x_wconf 88' lang='lat' dir='ltr'><strong>nam</strong></span> <span class='ocrx_word' id='word_1_331' title='bbox 2504 1964 2622 2018; x_wconf 90' lang='lat' dir='ltr'><strong>auri</strong></span> <span class='ocrx_word' id='word_1_332' title='bbox 2664 1962 2841 2019; x_wconf 91' lang='lat' dir='ltr'><strong>solido</strong></span> <span class='ocrx_word' id='word_1_333' title='bbox 2878 1962 3239 2018; x_wconf 85' lang='lat' dir='ltr'><strong>milliareuses</strong></span> <span class='ocrx_word' id='word_1_334' title='bbox 3279 1967 3666 2032; x_wconf 81' lang='lat' dir='ltr'><strong>permutantur</strong></span> 
     </span>
    </p>
   </div>
   <div class='ocr_carea' id='block_1_48' title="bbox 2080 2051 3665 2128">
    <p class='ocr_par' dir='ltr' id='par_1_48' title="bbox 2080 2051 3665 2128">
     <span class='ocr_line' id='line_1_48' title="bbox 2080 2051 3665 2128; baseline -0.003 -16"><span class='ocrx_word' id='word_1_335' title='bbox 2080 2056 2195 2112; x_wconf 79' lang='lat' dir='ltr'><strong>fere</strong></span> <span class='ocrx_word' id='word_1_336' title='bbox 2239 2055 2676 2128; x_wconf 84' lang='lat' dir='ltr'><strong>quatuordecim,</strong></span> <span class='ocrx_word' id='word_1_337' title='bbox 2712 2070 3018 2111; x_wconf 84' lang='lat' dir='ltr'><strong>cumcxxv</strong></span> <span class='ocrx_word' id='word_1_338' title='bbox 3065 2053 3426 2108; x_wconf 81' lang='lat' dir='ltr'><strong>milliareuses</strong></span> <span class='ocrx_word' id='word_1_339' title='bbox 3468 2051 3665 2108; x_wconf 88' lang='lat' dir='ltr'><strong>solidis</strong></span> 
     </span>
    </p>
   </div>
   <div class='ocr_carea' id='block_1_49' title="bbox 2060 2143 3664 2217">
    <p class='ocr_par' dir='ltr' id='par_1_49' title="bbox 2060 2143 3664 2217">
     <span class='ocr_line' id='line_1_49' title="bbox 2060 2143 3664 2217; baseline -0.001 -17"><span class='ocrx_word' id='word_1_340' title='bbox 2060 2162 2277 2202; x_wconf 81' lang='lat' dir='ltr'><strong>novem</strong></span> <span class='ocrx_word' id='word_1_341' title='bbox 2302 2147 2537 2202; x_wconf 88' lang='lat' dir='ltr'><strong>valeant.</strong></span> <span class='ocrx_word' id='word_1_342' title='bbox 2579 2144 2709 2201; x_wconf 87' lang='lat' dir='ltr'><strong>Esto</strong></span> <span class='ocrx_word' id='word_1_343' title='bbox 2743 2146 2909 2217; x_wconf 87' lang='lat' dir='ltr'><strong>igitur</strong></span> <span class='ocrx_word' id='word_1_344' title='bbox 2935 2144 3055 2199; x_wconf 81' lang='lat' dir='ltr'><strong>auri</strong></span> <span class='ocrx_word' id='word_1_345' title='bbox 3091 2143 3159 2198; x_wconf 89' lang='lat' dir='ltr'><strong>ad</strong></span> <span class='ocrx_word' id='word_1_346' title='bbox 3196 2151 3484 2214; x_wconf 86' lang='lat' dir='ltr'><strong>argentum</strong></span> <span class='ocrx_word' id='word_1_347' title='bbox 3517 2144 3664 2199; x_wconf 85' lang='lat' dir='ltr'><strong>ratio</strong></span> 
     </span>
    </p>
   </div>
   <div class='ocr_carea' id='block_1_50' title="bbox 2065 2239 3666 2312">
    <p class='ocr_par' dir='ltr' id='par_1_50' title="bbox 2065 2239 3666 2312">
     <span class='ocr_line' id='line_1_50' title="bbox 2065 2239 3666 2312; baseline -0.001 -16"><span class='ocrx_word' id='word_1_348' title='bbox 2065 2251 2141 2297; x_wconf 24' lang='lat' dir='ltr'><strong>rut</strong></span> <span class='ocrx_word' id='word_1_349' title='bbox 2166 2240 2335 2296; x_wconf 88' lang='lat' dir='ltr'><strong>unius</strong></span> <span class='ocrx_word' id='word_1_350' title='bbox 2371 2240 2438 2295; x_wconf 88' lang='lat' dir='ltr'><strong>ad</strong></span> <span class='ocrx_word' id='word_1_351' title='bbox 2473 2239 2911 2312; x_wconf 87' lang='lat' dir='ltr'><strong>quatuordecim.</strong></span> <span class='ocrx_word' id='word_1_352' title='bbox 2945 2239 3083 2294; x_wconf 75' lang='lat' dir='ltr'><strong>Tum</strong></span> <span class='ocrx_word' id='word_1_353' title='bbox 3114 2239 3220 2295; x_wconf 70' lang='lat'><strong>864</strong></span> <span class='ocrx_word' id='word_1_354' title='bbox 3254 2240 3489 2310; x_wconf 58' lang='lat' dir='ltr'><strong>siliqua},</strong></span> <span class='ocrx_word' id='word_1_355' title='bbox 3523 2247 3666 2311; x_wconf 83' lang='lat' dir='ltr'><strong>quot</strong></span> 
     </span>
    </p>
   </div>
   <div class='ocr_carea' id='block_1_51' title="bbox 2060 2331 3663 2405">
    <p class='ocr_par' dir='ltr' id='par_1_51' title="bbox 2060 2331 3663 2405">
     <span class='ocr_line' id='line_1_51' title="bbox 2060 2331 3663 2405; baseline -0.002 -16"><span class='ocrx_word' id='word_1_356' title='bbox 2060 2335 2135 2390; x_wconf 44' lang='grc' dir='ltr'><strong>βίη</strong></span> <span class='ocrx_word' id='word_1_357' title='bbox 2167 2335 2305 2389; x_wconf 89' lang='lat' dir='ltr'><strong>libra</strong></span> <span class='ocrx_word' id='word_1_358' title='bbox 2330 2334 2448 2389; x_wconf 88' lang='lat' dir='ltr'><strong>auri</strong></span> <span class='ocrx_word' id='word_1_359' title='bbox 2479 2341 2612 2390; x_wconf 87' lang='lat' dir='ltr'><strong>sunt</strong></span> <span class='ocrx_word' id='word_1_360' title='bbox 2636 2333 2918 2405; x_wconf 78' lang='grc' dir='ltr'><strong>δικέρατα,</strong></span> <span class='ocrx_word' id='word_1_361' title='bbox 2949 2348 3045 2404; x_wconf 89' lang='lat' dir='ltr'><strong>per</strong></span> <span class='ocrx_word' id='word_1_362' title='bbox 3072 2333 3142 2388; x_wconf 74' lang='lat' dir='ltr'><strong>M</strong></span> <span class='ocrx_word' id='word_1_363' title='bbox 3169 2331 3502 2399; x_wconf 87' lang='lat' dir='ltr'><strong>dividantur,</strong></span> <span class='ocrx_word' id='word_1_364' title='bbox 3523 2346 3663 2387; x_wconf 84' lang='lat' dir='ltr'><strong>con-</strong></span> 
     </span>
    </p>
   </div>
   <div class='ocr_carea' id='block_1_52' title="bbox 2062 2424 3661 2497">
    <p class='ocr_par' dir='ltr' id='par_1_52' title="bbox 2062 2424 3661 2497">
     <span class='ocr_line' id='line_1_52' title="bbox 2062 2424 3661 2497; baseline -0.001 -16"><span class='ocrx_word' id='word_1_365' title='bbox 2062 2432 2308 2497; x_wconf 84' lang='lat' dir='ltr'><strong>surgent</strong></span> <span class='ocrx_word' id='word_1_366' title='bbox 2335 2426 2391 2480; x_wconf 91' lang='lat' dir='ltr'><strong>in</strong></span> <span class='ocrx_word' id='word_1_367' title='bbox 2426 2438 2867 2495; x_wconf 89' lang='lat' dir='ltr'><strong>unamquamque</strong></span> <span class='ocrx_word' id='word_1_368' title='bbox 2914 2425 3108 2479; x_wconf 88' lang='lat' dir='ltr'><strong>libram</strong></span> <span class='ocrx_word' id='word_1_369' title='bbox 3154 2424 3397 2496; x_wconf 83' lang='lat' dir='ltr'><strong>argentei</strong></span> <span class='ocrx_word' id='word_1_370' title='bbox 3428 2424 3493 2480; x_wconf 87' lang='lat'><strong>6|</strong></span> <span class='ocrx_word' id='word_1_371' title='bbox 3529 2425 3661 2496; x_wconf 81' lang='lat'><strong>5/7.</strong></span> 
     </span>
    </p>
   </div>
   <div class='ocr_carea' id='block_1_53' title="bbox 2077 2516 3662 2593">
    <p class='ocr_par' dir='ltr' id='par_1_53' title="bbox 2077 2516 3662 2593">
     <span class='ocr_line' id='line_1_53' title="bbox 2077 2516 3662 2593; baseline 0.001 -21"><span class='ocrx_word' id='word_1_372' title='bbox 2077 2517 2378 2589; x_wconf 82' lang='lat' dir='ltr'><strong>Fingamus</strong></span> <span class='ocrx_word' id='word_1_373' title='bbox 2394 2533 2514 2575; x_wconf 83' lang='lat' dir='ltr'><strong>esse</strong></span> <span class='ocrx_word' id='word_1_374' title='bbox 2528 2517 2621 2572; x_wconf 75' lang='lat'><strong>62.</strong></span> <span class='ocrx_word' id='word_1_375' title='bbox 2638 2517 2676 2571; x_wconf 93' lang='lat' dir='ltr'><strong>li</strong></span> <span class='ocrx_word' id='word_1_376' title='bbox 2694 2518 2754 2573; x_wconf 75' lang='lat' dir='ltr'><strong>si</strong></span> <span class='ocrx_word' id='word_1_377' title='bbox 2783 2516 2853 2571; x_wconf 83' lang='lat' dir='ltr'><strong>ad</strong></span> <span class='ocrx_word' id='word_1_378' title='bbox 2878 2516 3264 2571; x_wconf 82' lang='lat' dir='ltr'><strong>drachmarum</strong></span> <span class='ocrx_word' id='word_1_379' title='bbox 3280 2518 3579 2593; x_wconf 73' lang='lat' dir='ltr'><strong>legitimum</strong></span> <span class='ocrx_word' id='word_1_380' title='bbox 3600 2517 3662 2573; x_wconf 78' lang='lat' dir='ltr'><strong>iu</strong></span> 
     </span>
    </p>
   </div>
   <div class='ocr_carea' id='block_1_54' title="bbox 2082 2610 3662 2687">
    <p class='ocr_par' dir='ltr' id='par_1_54' title="bbox 2082 2610 3662 2687">
     <span class='ocr_line' id='line_1_54' title="bbox 2082 2610 3662 2687; baseline -0.002 -19"><span class='ocrx_word' id='word_1_381' title='bbox 2082 2613 2222 2669; x_wconf 79' lang='lat' dir='ltr'><strong>libra</strong></span> <span class='ocrx_word' id='word_1_382' title='bbox 2250 2627 2537 2668; x_wconf 86' lang='lat' dir='ltr'><strong>numerum</strong></span> <span class='ocrx_word' id='word_1_383' title='bbox 2567 2612 2882 2687; x_wconf 66' lang='lat' dir='ltr'><strong>exigantur,</strong></span> <span class='ocrx_word' id='word_1_384' title='bbox 2908 2611 3107 2682; x_wconf 86' lang='lat' dir='ltr'><strong>singuli</strong></span> <span class='ocrx_word' id='word_1_385' title='bbox 3137 2610 3662 2681; x_wconf 84' lang='lat' dir='ltr'><strong>pondus-habebunt</strong></span> 
     </span>
    </p>
   </div>
   <div class='ocr_carea' id='block_1_55' title="bbox 2080 2701 3660 2774">
    <p class='ocr_par' dir='ltr' id='par_1_55' title="bbox 2080 2701 3660 2774">
     <span class='ocr_line' id='line_1_55' title="bbox 2080 2701 3660 2774; baseline -0.001 -15"><span class='ocrx_word' id='word_1_386' title='bbox 2080 2704 2356 2759; x_wconf 68' lang='lat' dir='ltr'><strong>drachma:</strong></span> <span class='ocrx_word' id='word_1_387' title='bbox 2380 2702 2564 2770; x_wconf 89' lang='lat' dir='ltr'><strong>unius,</strong></span> <span class='ocrx_word' id='word_1_388' title='bbox 2580 2704 2865 2759; x_wconf 88' lang='lat' dir='ltr'><strong>obolorum</strong></span> <span class='ocrx_word' id='word_1_389' title='bbox 2891 2701 3081 2767; x_wconf 87' lang='lat' dir='ltr'><strong>trium,</strong></span> <span class='ocrx_word' id='word_1_390' title='bbox 3104 2714 3154 2757; x_wconf 89' lang='lat' dir='ltr'><strong>et</strong></span> <span class='ocrx_word' id='word_1_391' title='bbox 3170 2702 3291 2774; x_wconf 71' lang='lat'><strong>9/5!</strong></span> <span class='ocrx_word' id='word_1_392' title='bbox 3320 2704 3484 2758; x_wconf 89' lang='lat' dir='ltr'><strong>unius</strong></span> <span class='ocrx_word' id='word_1_393' title='bbox 3510 2702 3660 2759; x_wconf 88' lang='lat' dir='ltr'><strong>oboli</strong></span> 
     </span>
    </p>
   </div>
   <div class='ocr_carea' id='block_1_56' title="bbox 2065 2796 3661 2867">
    <p class='ocr_par' dir='ltr' id='par_1_56' title="bbox 2065 2796 3661 2867">
     <span class='ocr_line' id='line_1_56' title="bbox 2065 2796 3661 2867; baseline -0.001 -14"><span class='ocrx_word' id='word_1_394' title='bbox 2065 2798 2199 2853; x_wconf 78' lang='lat' dir='ltr'><strong>sive</strong></span> <span class='ocrx_word' id='word_1_395' title='bbox 2241 2796 2521 2852; x_wconf 65' lang='lat' dir='ltr'><strong>drachma:</strong></span> <span class='ocrx_word' id='word_1_396' title='bbox 2577 2798 2781 2863; x_wconf 86' lang='lat' dir='ltr'><strong>unius,</strong></span> <span class='ocrx_word' id='word_1_397' title='bbox 2830 2796 3155 2867; x_wconf 85' lang='lat' dir='ltr'><strong>siliquarum</strong></span> <span class='ocrx_word' id='word_1_398' title='bbox 3206 2797 3305 2864; x_wconf 76' lang='lat' dir='ltr'><strong>i0;</strong></span> <span class='ocrx_word' id='word_1_399' title='bbox 3345 2813 3469 2867; x_wconf 68' lang='lat' dir='ltr'><strong>quae</strong></span> <span class='ocrx_word' id='word_1_400' title='bbox 3527 2807 3661 2852; x_wconf 79' lang='lat' dir='ltr'><strong>sunt</strong></span> 
     </span>
    </p>
   </div>
   <div class='ocr_carea' id='block_1_57' title="bbox 2078 2884 3659 2959">
    <p class='ocr_par' dir='ltr' id='par_1_57' title="bbox 2078 2884 3659 2959">
     <span class='ocr_line' id='line_1_57' title="bbox 2078 2884 3659 2959; baseline -0.003 -14"><span class='ocrx_word' id='word_1_401' title='bbox 2078 2888 2296 2959; x_wconf 83' lang='lat' dir='ltr'><strong>siliquae</strong></span> <span class='ocrx_word' id='word_1_402' title='bbox 2340 2888 2431 2943; x_wconf 67' lang='grc' dir='ltr'><strong>εδ.</strong></span> <span class='ocrx_word' id='word_1_403' title='bbox 2478 2885 2578 2943; x_wconf 91' lang='lat' dir='ltr'><strong>llic</strong></span> <span class='ocrx_word' id='word_1_404' title='bbox 2621 2885 2847 2953; x_wconf 90' lang='lat' dir='ltr'><strong>modus,</strong></span> <span class='ocrx_word' id='word_1_405' title='bbox 2910 2897 3074 2957; x_wconf 87' lang='lat' dir='ltr'><strong>atque</strong></span> <span class='ocrx_word' id='word_1_406' title='bbox 3120 2885 3388 2956; x_wconf 89' lang='lat' dir='ltr'><strong>ejusmodi</strong></span> <span class='ocrx_word' id='word_1_407' title='bbox 3442 2884 3659 2957; x_wconf 84' lang='lat' dir='ltr'><strong>pondus</strong></span> 
     </span>
    </p>
   </div>
   <div class='ocr_carea' id='block_1_58' title="bbox 2063 2976 3661 3049">
    <p class='ocr_par' dir='ltr' id='par_1_58' title="bbox 2063 2976 3661 3049">
     <span class='ocr_line' id='line_1_58' title="bbox 2063 2976 3661 3049; baseline -0.001 -15"><span class='ocrx_word' id='word_1_408' title='bbox 2063 2993 2205 3034; x_wconf 76' lang='lat' dir='ltr'><strong>esse</strong></span> <span class='ocrx_word' id='word_1_409' title='bbox 2257 2978 2432 3049; x_wconf 92' lang='lat' dir='ltr'><strong>potuit</strong></span> <span class='ocrx_word' id='word_1_410' title='bbox 2499 2985 2888 3049; x_wconf 84' lang='lat' dir='ltr'><strong>argenteorum</strong></span> <span class='ocrx_word' id='word_1_411' title='bbox 2945 2978 3094 3032; x_wconf 91' lang='lat' dir='ltr'><strong>circa</strong></span> <span class='ocrx_word' id='word_1_412' title='bbox 3171 2976 3533 3034; x_wconf 81' lang='lat' dir='ltr'><strong>Valentiniani</strong></span> <span class='ocrx_word' id='word_1_413' title='bbox 3601 2992 3661 3033; x_wconf 85' lang='lat' dir='ltr'><strong>et</strong></span> 
     </span>
    </p>
   </div>
   <div class='ocr_carea' id='block_1_59' title="bbox 2080 3068 3661 3141">
    <p class='ocr_par' dir='ltr' id='par_1_59' title="bbox 2080 3068 3661 3141">
     <span class='ocr_line' id='line_1_59' title="bbox 2080 3068 3661 3141; baseline 0 -18"><span class='ocrx_word' id='word_1_414' title='bbox 2080 3069 2300 3124; x_wconf 87' lang='lat' dir='ltr'><strong>Arcadii</strong></span> <span class='ocrx_word' id='word_1_415' title='bbox 2330 3077 2596 3141; x_wconf 88' lang='lat' dir='ltr'><strong>tempora,</strong></span> <span class='ocrx_word' id='word_1_416' title='bbox 2615 3068 2822 3139; x_wconf 80' lang='lat' dir='ltr'><strong>quibus</strong></span> <span class='ocrx_word' id='word_1_417' title='bbox 2851 3069 2918 3124; x_wconf 90' lang='lat' dir='ltr'><strong>ad</strong></span> <span class='ocrx_word' id='word_1_418' title='bbox 2939 3069 3011 3124; x_wconf 72' lang='lat'><strong>.72</strong></span> <span class='ocrx_word' id='word_1_419' title='bbox 3038 3068 3336 3124; x_wconf 90' lang='lat' dir='ltr'><strong>solidorum</strong></span> <span class='ocrx_word' id='word_1_420' title='bbox 3367 3084 3661 3125; x_wconf 88' lang='lat' dir='ltr'><strong>numerum</strong></span> 
     </span>
    </p>
   </div>
   <div class='ocr_carea' id='block_1_60' title="bbox 401 3158 3657 3246">
    <p class='ocr_par' dir='ltr' id='par_1_60' title="bbox 401 3158 3657 3246">
     <span class='ocr_line' id='line_1_60' title="bbox 401 3158 3657 3246; baseline 0 -31"><span class='ocrx_word' id='word_1_421' title='bbox 401 3168 462 3215; x_wconf 90' lang='lat' dir='ltr'><strong>ut</strong></span> <span class='ocrx_word' id='word_1_422' title='bbox 494 3168 642 3217; x_wconf 88' lang='lat' dir='ltr'><strong>esset</strong></span> <span class='ocrx_word' id='word_1_423' title='bbox 668 3160 1028 3216; x_wconf 87' lang='lat' dir='ltr'><strong>nihilominus</strong></span> <span class='ocrx_word' id='word_1_424' title='bbox 1061 3162 1238 3230; x_wconf 85' lang='lat' dir='ltr'><strong>major</strong></span> <span class='ocrx_word' id='word_1_425' title='bbox 1259 3174 1422 3231; x_wconf 84' lang='lat' dir='ltr'><strong>quam</strong></span> <span class='ocrx_word' id='word_1_426' title='bbox 1449 3166 1610 3214; x_wconf 87' lang='lat' dir='ltr'><strong>antea</strong></span> <span class='ocrx_word' id='word_1_427' title='bbox 1640 3158 1761 3213; x_wconf 80' lang='lat' dir='ltr'><strong>auri</strong></span> <span class='ocrx_word' id='word_1_428' title='bbox 1784 3158 1851 3214; x_wconf 86' lang='lat' dir='ltr'><strong>ad</strong></span> <span class='ocrx_word' id='word_1_429' title='bbox 1870 3159 2370 3246; x_wconf 34' lang='lat' dir='ltr'><strong>mar-,c‘deductam</strong></span> <span class='ocrx_word' id='word_1_430' title='bbox 2402 3161 2522 3217; x_wconf 89' lang='lat' dir='ltr'><strong>auri</strong></span> <span class='ocrx_word' id='word_1_431' title='bbox 2545 3161 2739 3216; x_wconf 90' lang='lat' dir='ltr'><strong>libram</strong></span> <span class='ocrx_word' id='word_1_432' title='bbox 2773 3168 2932 3216; x_wconf 82' lang='lat' dir='ltr'><strong>antea</strong></span> <span class='ocrx_word' id='word_1_433' title='bbox 2959 3161 3198 3217; x_wconf 80' lang='lat' dir='ltr'><strong>diximus</strong></span> <span class='ocrx_word' id='word_1_434' title='bbox 3235 3179 3249 3216; x_wconf 91' lang='lat'><strong>:</strong></span> <span class='ocrx_word' id='word_1_435' title='bbox 3278 3168 3394 3216; x_wconf 90' lang='lat' dir='ltr'><strong>tum</strong></span> <span class='ocrx_word' id='word_1_436' title='bbox 3426 3160 3657 3225; x_wconf 83' lang='lat' dir='ltr'><strong>scilicet,</strong></span> 
     </span>
    </p>
   </div>
   <div class='ocr_carea' id='block_1_61' title="bbox 399 3251 969 3324">
    <p class='ocr_par' dir='ltr' id='par_1_61' title="bbox 399 3251 969 3324">
     <span class='ocr_line' id='line_1_61' title="bbox 399 3251 969 3324; baseline 0 -16"><span class='ocrx_word' id='word_1_437' title='bbox 399 3262 622 3324; x_wconf 88' lang='lat' dir='ltr'><strong>gcutum</strong></span> <span class='ocrx_word' id='word_1_438' title='bbox 663 3251 969 3322; x_wconf 86' lang='lat' dir='ltr'><strong>proportio.</strong></span> 
     </span>
    </p>
   </div>
   <div class='ocr_carea' id='block_1_62' title="bbox 467 3340 1978 3398">
    <p class='ocr_par' dir='ltr' id='par_1_62' title="bbox 467 3340 1978 3398">
     <span class='ocr_line' id='line_1_62' title="bbox 467 3340 1978 3398; baseline -0.002 -1"><span class='ocrx_word' id='word_1_439' title='bbox 467 3343 721 3397; x_wconf 79' lang='lat' dir='ltr'><strong>Diximus</strong></span> <span class='ocrx_word' id='word_1_440' title='bbox 744 3342 1092 3398; x_wconf 84' lang='lat' dir='ltr'><strong>Constantini</strong></span> <span class='ocrx_word' id='word_1_441' title='bbox 1115 3342 1229 3397; x_wconf 80' lang='lat' dir='ltr'><strong>fere</strong></span> <span class='ocrx_word' id='word_1_442' title='bbox 1252 3340 1453 3397; x_wconf 65' lang='lat' dir='ltr'><strong>saetdo</strong></span> <span class='ocrx_word' id='word_1_443' title='bbox 1469 3355 1758 3396; x_wconf 86' lang='lat' dir='ltr'><strong>aureorum</strong></span> <span class='ocrx_word' id='word_1_444' title='bbox 1782 3355 1978 3395; x_wconf 83' lang='lat' dir='ltr'><strong>nume-</strong></span> 
     </span>
    </p>
   </div>
   <div class='ocr_carea' id='block_1_63' title="bbox 400 3430 1979 3498">
    <p class='ocr_par' dir='ltr' id='par_1_63' title="bbox 400 3430 1979 3498">
     <span class='ocr_line' id='line_1_63' title="bbox 400 3430 1979 3498; baseline 0 -13"><span class='ocrx_word' id='word_1_445' title='bbox 400 3447 525 3486; x_wconf 90' lang='lat' dir='ltr'><strong>rum</strong></span> <span class='ocrx_word' id='word_1_446' title='bbox 574 3432 630 3485; x_wconf 91' lang='lat' dir='ltr'><strong>in</strong></span> <span class='ocrx_word' id='word_1_447' title='bbox 679 3431 873 3486; x_wconf 90' lang='lat' dir='ltr'><strong>libram</strong></span> <span class='ocrx_word' id='word_1_448' title='bbox 912 3431 1272 3486; x_wconf 78' lang='lat' dir='ltr'><strong>vehementer</strong></span> <span class='ocrx_word' id='word_1_449' title='bbox 1322 3439 1544 3485; x_wconf 88' lang='lat' dir='ltr'><strong>auctum</strong></span> <span class='ocrx_word' id='word_1_450' title='bbox 1595 3430 1784 3498; x_wconf 76' lang='lat' dir='ltr'><strong>fuisse,</strong></span> <span class='ocrx_word' id='word_1_451' title='bbox 1817 3438 1878 3485; x_wconf 91' lang='lat' dir='ltr'><strong>ut</strong></span> <span class='ocrx_word' id='word_1_452' title='bbox 1910 3430 1979 3486; x_wconf 85' lang='lat' dir='ltr'><strong>ad</strong></span> 
     </span>
    </p>
   </div>
   <div class='ocr_carea' id='block_1_64' title="bbox 398 3519 1979 3593">
    <p class='ocr_par' dir='ltr' id='par_1_64' title="bbox 398 3519 1979 3593">
     <span class='ocr_line' id='line_1_64' title="bbox 398 3519 1979 3593; baseline -0.001 -16"><span class='ocrx_word' id='word_1_453' title='bbox 398 3537 604 3577; x_wconf 76' lang='lat' dir='ltr'><strong>Lxxxtv</strong></span> <span class='ocrx_word' id='word_1_454' title='bbox 627 3521 958 3592; x_wconf 69' lang='lat' dir='ltr'><strong>perveniret,</strong></span> <span class='ocrx_word' id='word_1_455' title='bbox 984 3531 1148 3592; x_wconf 90' lang='lat' dir='ltr'><strong>atque</strong></span> <span class='ocrx_word' id='word_1_456' title='bbox 1188 3521 1260 3574; x_wconf 92' lang='lat' dir='ltr'><strong>ita</strong></span> <span class='ocrx_word' id='word_1_457' title='bbox 1286 3529 1479 3591; x_wconf 87' lang='lat' dir='ltr'><strong>quarta</strong></span> <span class='ocrx_word' id='word_1_458' title='bbox 1506 3519 1617 3576; x_wconf 82' lang='lat' dir='ltr'><strong>fere</strong></span> <span class='ocrx_word' id='word_1_459' title='bbox 1646 3531 1801 3591; x_wconf 86' lang='lat' dir='ltr'><strong>parte</strong></span> <span class='ocrx_word' id='word_1_460' title='bbox 1838 3537 1979 3593; x_wconf 86' lang='lat' dir='ltr'><strong>pon-</strong></span> 
     </span>
    </p>
   </div>
   <div class='ocr_carea' id='block_1_65' title="bbox 400 3610 1978 3669">
    <p class='ocr_par' dir='ltr' id='par_1_65' title="bbox 400 3610 1978 3669">
     <span class='ocr_line' id='line_1_65' title="bbox 400 3610 1978 3669; baseline -0.001 -1"><span class='ocrx_word' id='word_1_461' title='bbox 400 3614 507 3669; x_wconf 88' lang='lat' dir='ltr'><strong>dus</strong></span> <span class='ocrx_word' id='word_1_462' title='bbox 542 3627 838 3667; x_wconf 89' lang='lat' dir='ltr'><strong>aureorum</strong></span> <span class='ocrx_word' id='word_1_463' title='bbox 882 3612 1317 3666; x_wconf 87' lang='lat' dir='ltr'><strong>imminueretur.</strong></span> <span class='ocrx_word' id='word_1_464' title='bbox 1358 3610 1553 3666; x_wconf 82' lang='lat' dir='ltr'><strong>Postea</strong></span> <span class='ocrx_word' id='word_1_465' title='bbox 1594 3611 1699 3666; x_wconf 88' lang='lat' dir='ltr'><strong>sub</strong></span> <span class='ocrx_word' id='word_1_466' title='bbox 1733 3610 1978 3667; x_wconf 82' lang='lat' dir='ltr'><strong>Valenti-</strong></span> 
     </span>
    </p>
   </div>
   <div class='ocr_carea' id='block_1_66' title="bbox 412 3702 1975 3766">
    <p class='ocr_par' dir='ltr' id='par_1_66' title="bbox 412 3702 1975 3766">
     <span class='ocr_line' id='line_1_66' title="bbox 412 3702 1975 3766; baseline -0.001 -5"><span class='ocrx_word' id='word_1_467' title='bbox 412 3706 579 3761; x_wconf 86' lang='lat' dir='ltr'><strong>niano</strong></span> <span class='ocrx_word' id='word_1_468' title='bbox 606 3719 701 3759; x_wconf 89' lang='lat' dir='ltr'><strong>sex</strong></span> <span class='ocrx_word' id='word_1_469' title='bbox 734 3704 787 3756; x_wconf 92' lang='lat' dir='ltr'><strong>iu</strong></span> <span class='ocrx_word' id='word_1_470' title='bbox 818 3703 1039 3757; x_wconf 82' lang='lat' dir='ltr'><strong>unciam</strong></span> <span class='ocrx_word' id='word_1_471' title='bbox 1075 3704 1247 3756; x_wconf 83' lang='lat' dir='ltr'><strong>taxati</strong></span> <span class='ocrx_word' id='word_1_472' title='bbox 1284 3710 1436 3766; x_wconf 86' lang='lat' dir='ltr'><strong>sunt,</strong></span> <span class='ocrx_word' id='word_1_473' title='bbox 1478 3703 1530 3757; x_wconf 90' lang='lat' dir='ltr'><strong>in</strong></span> <span class='ocrx_word' id='word_1_474' title='bbox 1569 3702 1761 3757; x_wconf 89' lang='lat' dir='ltr'><strong>libram</strong></span> <span class='ocrx_word' id='word_1_475' title='bbox 1801 3719 1975 3761; x_wconf 79' lang='lat' dir='ltr'><strong>Lxxu.</strong></span> 
     </span>
    </p>
   </div>
   <div class='ocr_carea' id='block_1_67' title="bbox 400 3793 1976 3865">
    <p class='ocr_par' dir='ltr' id='par_1_67' title="bbox 400 3793 1976 3865">
     <span class='ocr_line' id='line_1_67' title="bbox 400 3793 1976 3865; baseline 0 -16"><span class='ocrx_word' id='word_1_476' title='bbox 400 3793 519 3850; x_wconf 75' lang='lat' dir='ltr'><strong>Hoc</strong></span> <span class='ocrx_word' id='word_1_477' title='bbox 570 3794 738 3865; x_wconf 88' lang='lat' dir='ltr'><strong>igitur</strong></span> <span class='ocrx_word' id='word_1_478' title='bbox 787 3800 1053 3862; x_wconf 89' lang='lat' dir='ltr'><strong>tempore,</strong></span> <span class='ocrx_word' id='word_1_479' title='bbox 1105 3807 1229 3846; x_wconf 93' lang='lat' dir='ltr'><strong>cum</strong></span> <span class='ocrx_word' id='word_1_480' title='bbox 1291 3808 1419 3848; x_wconf 76' lang='lat' dir='ltr'><strong>xxrv</strong></span> <span class='ocrx_word' id='word_1_481' title='bbox 1483 3793 1711 3863; x_wconf 83' lang='lat' dir='ltr'><strong>siliquas</strong></span> <span class='ocrx_word' id='word_1_482' title='bbox 1767 3793 1976 3849; x_wconf 87' lang='lat' dir='ltr'><strong>solidus</strong></span> 
     </span>
    </p>
   </div>
   <div class='ocr_carea' id='block_1_68' title="bbox 398 3883 1976 3958">
    <p class='ocr_par' dir='ltr' id='par_1_68' title="bbox 398 3883 1976 3958">
     <span class='ocr_line' id='line_1_68' title="bbox 398 3883 1976 3958; baseline -0.001 -16"><span class='ocrx_word' id='word_1_483' title='bbox 398 3886 685 3958; x_wconf 80' lang='lat' dir='ltr'><strong>penderet,</strong></span> <span class='ocrx_word' id='word_1_484' title='bbox 718 3892 852 3956; x_wconf 84' lang='lat' dir='ltr'><strong>quot</strong></span> <span class='ocrx_word' id='word_1_485' title='bbox 890 3883 1121 3955; x_wconf 82' lang='grc' dir='ltr'><strong>κεράτια</strong></span> <span class='ocrx_word' id='word_1_486' title='bbox 1155 3901 1219 3940; x_wconf 79' lang='lat' dir='ltr'><strong>cx</strong></span> <span class='ocrx_word' id='word_1_487' title='bbox 1242 3884 1444 3941; x_wconf 73' lang='lat' dir='ltr'><strong>lsidori</strong></span> <span class='ocrx_word' id='word_1_488' title='bbox 1478 3884 1794 3941; x_wconf 76' lang='lat' dir='ltr'><strong>definitione</strong></span> <span class='ocrx_word' id='word_1_489' title='bbox 1820 3892 1976 3941; x_wconf 83' lang='lat' dir='ltr'><strong>vetus</strong></span> 
     </span>
    </p>
   </div>
   <div class='ocr_carea' id='block_1_69' title="bbox 403 3977 1973 4049">
    <p class='ocr_par' dir='ltr' id='par_1_69' title="bbox 403 3977 1973 4049">
     <span class='ocr_line' id='line_1_69' title="bbox 403 3977 1973 4049; baseline -0.001 -15"><span class='ocrx_word' id='word_1_490' title='bbox 403 3979 706 4043; x_wconf 75' lang='lat' dir='ltr'><strong>auferebat,</strong></span> <span class='ocrx_word' id='word_1_491' title='bbox 744 3978 1008 4049; x_wconf 75' lang='lat' dir='ltr'><strong>suspicor</strong></span> <span class='ocrx_word' id='word_1_492' title='bbox 1049 3977 1265 4033; x_wconf 86' lang='lat' dir='ltr'><strong>duabus</strong></span> <span class='ocrx_word' id='word_1_493' title='bbox 1315 3978 1437 4032; x_wconf 77' lang='lat' dir='ltr'><strong>auri</strong></span> <span class='ocrx_word' id='word_1_494' title='bbox 1477 3978 1694 4048; x_wconf 89' lang='lat' dir='ltr'><strong>siliquis</strong></span> <span class='ocrx_word' id='word_1_495' title='bbox 1730 3978 1973 4049; x_wconf 75' lang='lat' dir='ltr'><strong>argentei</strong></span> 
     </span>
    </p>
   </div>
   <div class='ocr_carea' id='block_1_70' title="bbox 398 4069 1976 4143">
    <p class='ocr_par' dir='ltr' id='par_1_70' title="bbox 398 4069 1976 4143">
     <span class='ocr_line' id='line_1_70' title="bbox 398 4069 1976 4143; baseline -0.001 -17"><span class='ocrx_word' id='word_1_496' title='bbox 398 4074 565 4127; x_wconf 75' lang='lat' dir='ltr'><strong>unius</strong></span> <span class='ocrx_word' id='word_1_497' title='bbox 604 4071 836 4143; x_wconf 89' lang='lat' dir='ltr'><strong>pretium</strong></span> <span class='ocrx_word' id='word_1_498' title='bbox 876 4069 1143 4125; x_wconf 91' lang='lat' dir='ltr'><strong>indictum</strong></span> <span class='ocrx_word' id='word_1_499' title='bbox 1175 4086 1189 4125; x_wconf 92' lang='lat'><strong>:</strong></span> <span class='ocrx_word' id='word_1_500' title='bbox 1231 4072 1321 4139; x_wconf 88' lang='lat' dir='ltr'><strong>qui</strong></span> <span class='ocrx_word' id='word_1_501' title='bbox 1371 4069 1590 4140; x_wconf 85' lang='lat' dir='ltr'><strong>quidem</strong></span> <span class='ocrx_word' id='word_1_502' title='bbox 1632 4071 1859 4127; x_wconf 86' lang='lat' dir='ltr'><strong>minime</strong></span> <span class='ocrx_word' id='word_1_503' title='bbox 1893 4071 1976 4125; x_wconf 90' lang='lat' dir='ltr'><strong>di-</strong></span> 
     </span>
    </p>
   </div>
   <div class='ocr_carea' id='block_1_71' title="bbox 396 4160 1968 4225">
    <p class='ocr_par' dir='ltr' id='par_1_71' title="bbox 396 4160 1968 4225">
     <span class='ocr_line' id='line_1_71' title="bbox 396 4160 1968 4225; baseline 0 -8"><span class='ocrx_word' id='word_1_504' title='bbox 396 4163 693 4219; x_wconf 78' lang='lat' dir='ltr'><strong>drachmas</strong></span> <span class='ocrx_word' id='word_1_505' title='bbox 716 4170 883 4225; x_wconf 87' lang='lat' dir='ltr'><strong>esset,</strong></span> <span class='ocrx_word' id='word_1_506' title='bbox 921 4160 1015 4218; x_wconf 88' lang='lat' dir='ltr'><strong>sed</strong></span> <span class='ocrx_word' id='word_1_507' title='bbox 1044 4160 1099 4214; x_wconf 92' lang='lat' dir='ltr'><strong>in</strong></span> <span class='ocrx_word' id='word_1_508' title='bbox 1120 4160 1425 4216; x_wconf 89' lang='lat' dir='ltr'><strong>didrachmi</strong></span> <span class='ocrx_word' id='word_1_509' title='bbox 1455 4161 1633 4216; x_wconf 89' lang='lat' dir='ltr'><strong>locum</strong></span> <span class='ocrx_word' id='word_1_510' title='bbox 1663 4163 1968 4218; x_wconf 88' lang='lat' dir='ltr'><strong>successis-</strong></span> 
     </span>
    </p>
   </div>
   <div class='ocr_carea' id='block_1_72' title="bbox 396 4252 1972 4326">
    <p class='ocr_par' dir='ltr' id='par_1_72' title="bbox 396 4252 1972 4326">
     <span class='ocr_line' id='line_1_72' title="bbox 396 4252 1972 4326; baseline -0.002 -14"><span class='ocrx_word' id='word_1_511' title='bbox 396 4264 500 4321; x_wconf 88' lang='lat' dir='ltr'><strong>set,</strong></span> <span class='ocrx_word' id='word_1_512' title='bbox 547 4270 611 4311; x_wconf 90' lang='lat' dir='ltr'><strong>ae</strong></span> <span class='ocrx_word' id='word_1_513' title='bbox 654 4253 882 4326; x_wconf 87' lang='lat' dir='ltr'><strong>proinde</strong></span> <span class='ocrx_word' id='word_1_514' title='bbox 928 4252 1223 4322; x_wconf 89' lang='lat' dir='ltr'><strong>bisiliquus</strong></span> <span class='ocrx_word' id='word_1_515' title='bbox 1264 4253 1424 4319; x_wconf 79' lang='lat' dir='ltr'><strong>foret,</strong></span> <span class='ocrx_word' id='word_1_516' title='bbox 1470 4254 1548 4308; x_wconf 90' lang='lat' dir='ltr'><strong>uti</strong></span> <span class='ocrx_word' id='word_1_517' title='bbox 1583 4253 1725 4324; x_wconf 88' lang='lat' dir='ltr'><strong>apud</strong></span> <span class='ocrx_word' id='word_1_518' title='bbox 1758 4264 1972 4309; x_wconf 85' lang='lat' dir='ltr'><strong>veteres</strong></span> 
     </span>
    </p>
   </div>
   <div class='ocr_carea' id='block_1_73' title="bbox 394 4328 1973 4418">
    <p class='ocr_par' dir='ltr' id='par_1_73' title="bbox 394 4328 1973 4418">
     <span class='ocr_line' id='line_1_73' title="bbox 394 4328 1973 4418; baseline -0.003 -15"><span class='ocrx_word' id='word_1_519' title='bbox 394 4363 597 4404; x_wconf 86' lang='lat' dir='ltr'><strong>aureus</strong></span> <span class='ocrx_word' id='word_1_520' title='bbox 630 4346 985 4400; x_wconf 87' lang='lat' dir='ltr'><strong>didrachmus</strong></span> <span class='ocrx_word' id='word_1_521' title='bbox 1026 4344 1314 4414; x_wconf 82' lang='grc' dir='ltr'><strong>δικέρατος</strong></span> <span class='ocrx_word' id='word_1_522' title='bbox 1351 4344 1472 4410; x_wconf 75' lang='lat' dir='ltr'><strong>fuit,</strong></span> <span class='ocrx_word' id='word_1_523' title='bbox 1505 4353 1778 4416; x_wconf 88' lang='lat' dir='ltr'><strong>quatenus</strong></span> <span class='ocrx_word' id='word_1_524' title='bbox 1804 4328 1973 4418; x_wconf 78' lang='grc' dir='ltr'><strong>κὲρά-</strong></span> 
     </span>
    </p>
   </div>
   <div class='ocr_carea' id='block_1_74' title="bbox 392 4436 1972 4508">
    <p class='ocr_par' dir='ltr' id='par_1_74' title="bbox 392 4436 1972 4508">
     <span class='ocr_line' id='line_1_74' title="bbox 392 4436 1972 4508; baseline 0 -16"><span class='ocrx_word' id='word_1_525' title='bbox 392 4457 508 4493; x_wconf 82' lang='grc' dir='ltr'><strong>τιον</strong></span> <span class='ocrx_word' id='word_1_526' title='bbox 540 4454 568 4491; x_wconf 89' lang='lat' dir='ltr'><strong>a</strong></span> <span class='ocrx_word' id='word_1_527' title='bbox 595 4439 792 4508; x_wconf 86' lang='lat' dir='ltr'><strong>siliqua</strong></span> <span class='ocrx_word' id='word_1_528' title='bbox 823 4436 1178 4490; x_wconf 85' lang='lat' dir='ltr'><strong>discernitur.</strong></span> <span class='ocrx_word' id='word_1_529' title='bbox 1219 4437 1355 4490; x_wconf 84' lang='lat' dir='ltr'><strong>Cum</strong></span> <span class='ocrx_word' id='word_1_530' title='bbox 1397 4445 1579 4491; x_wconf 86' lang='lat' dir='ltr'><strong>autem</strong></span> <span class='ocrx_word' id='word_1_531' title='bbox 1616 4438 1850 4493; x_wconf 88' lang='lat' dir='ltr'><strong>subinde</strong></span> <span class='ocrx_word' id='word_1_532' title='bbox 1878 4455 1972 4492; x_wconf 84' lang='grc' dir='ltr'><strong>κε-</strong></span> 
     </span>
    </p>
   </div>
   <div class='ocr_carea' id='block_1_75' title="bbox 2068 3252 3660 3325">
    <p class='ocr_par' dir='ltr' id='par_1_75' title="bbox 2068 3252 3660 3325">
     <span class='ocr_line' id='line_1_75' title="bbox 2068 3252 3660 3325; baseline -0.001 -15"><span class='ocrx_word' id='word_1_533' title='bbox 2068 3269 2211 3310; x_wconf 87' lang='lat' dir='ltr'><strong>-cum</strong></span> <span class='ocrx_word' id='word_1_534' title='bbox 2241 3254 2458 3312; x_wconf 87' lang='lat' dir='ltr'><strong>duabus</strong></span> <span class='ocrx_word' id='word_1_535' title='bbox 2489 3256 2607 3308; x_wconf 90' lang='lat' dir='ltr'><strong>auri</strong></span> <span class='ocrx_word' id='word_1_536' title='bbox 2638 3254 2857 3324; x_wconf 89' lang='lat' dir='ltr'><strong>siliquis</strong></span> <span class='ocrx_word' id='word_1_537' title='bbox 2892 3254 3135 3325; x_wconf 72' lang='lat' dir='ltr'><strong>argentei</strong></span> <span class='ocrx_word' id='word_1_538' title='bbox 3159 3252 3362 3323; x_wconf 89' lang='lat' dir='ltr'><strong>singuli</strong></span> <span class='ocrx_word' id='word_1_539' title='bbox 3387 3254 3660 3317; x_wconf 76' lang='lat' dir='ltr'><strong>valerem,</strong></span> 
     </span>
    </p>
   </div>
   <div class='ocr_carea' id='block_1_76' title="bbox 2080 3344 3654 3416">
    <p class='ocr_par' dir='ltr' id='par_1_76' title="bbox 2080 3344 3654 3416">
     <span class='ocr_line' id='line_1_76' title="bbox 2080 3344 3654 3416; baseline -0.001 -16"><span class='ocrx_word' id='word_1_540' title='bbox 2080 3361 2146 3401; x_wconf 86' lang='lat' dir='ltr'><strong>ac</strong></span> <span class='ocrx_word' id='word_1_541' title='bbox 2202 3345 2413 3402; x_wconf 89' lang='lat' dir='ltr'><strong>solidus</strong></span> <span class='ocrx_word' id='word_1_542' title='bbox 2465 3344 2695 3416; x_wconf 90' lang='lat' dir='ltr'><strong>siliquas</strong></span> <span class='ocrx_word' id='word_1_543' title='bbox 2747 3345 3007 3415; x_wconf 83' lang='lat' dir='ltr'><strong>penderet</strong></span> <span class='ocrx_word' id='word_1_544' title='bbox 3056 3353 3294 3415; x_wconf 87' lang='lat' dir='ltr'><strong>quatuor</strong></span> <span class='ocrx_word' id='word_1_545' title='bbox 3337 3353 3394 3400; x_wconf 86' lang='lat' dir='ltr'><strong>et</strong></span> <span class='ocrx_word' id='word_1_546' title='bbox 3438 3344 3654 3415; x_wconf 83' lang='lat' dir='ltr'><strong>viginti.</strong></span> 
     </span>
    </p>
   </div>
   <div class='ocr_carea' id='block_1_77' title="bbox 2080 3425 3652 3502">
    <p class='ocr_par' dir='ltr' id='par_1_77' title="bbox 2080 3425 3652 3502">
     <span class='ocr_line' id='line_1_77' title="bbox 2080 3425 3652 3502; baseline 0.001 -18"><span class='ocrx_word' id='word_1_547' title='bbox 2080 3425 2270 3501; x_wconf 83' lang='lat' dir='ltr'><strong>Neque</strong></span> <span class='ocrx_word' id='word_1_548' title='bbox 2298 3439 2481 3486; x_wconf 90' lang='lat' dir='ltr'><strong>tamen</strong></span> <span class='ocrx_word' id='word_1_549' title='bbox 2516 3430 2573 3486; x_wconf 90' lang='lat' dir='ltr'><strong>in</strong></span> <span class='ocrx_word' id='word_1_550' title='bbox 2611 3446 2677 3486; x_wconf 93' lang='lat' dir='ltr'><strong>eo</strong></span> <span class='ocrx_word' id='word_1_551' title='bbox 2710 3432 2924 3502; x_wconf 91' lang='lat' dir='ltr'><strong>pondus</strong></span> <span class='ocrx_word' id='word_1_552' title='bbox 2962 3441 3342 3501; x_wconf 85' lang='lat' dir='ltr'><strong>argenteorum</strong></span> <span class='ocrx_word' id='word_1_553' title='bbox 3383 3432 3652 3488; x_wconf 89' lang='lat' dir='ltr'><strong>constitit.</strong></span> 
     </span>
    </p>
   </div>
   <div class='ocr_carea' id='block_1_78' title="bbox 2082 3519 3655 3593">
    <p class='ocr_par' dir='ltr' id='par_1_78' title="bbox 2082 3519 3655 3593">
     <span class='ocr_line' id='line_1_78' title="bbox 2082 3519 3655 3593; baseline 0 -15"><span class='ocrx_word' id='word_1_554' title='bbox 2082 3519 2189 3578; x_wconf 85' lang='lat' dir='ltr'><strong>Sed</strong></span> <span class='ocrx_word' id='word_1_555' title='bbox 2224 3536 2445 3577; x_wconf 89' lang='lat' dir='ltr'><strong>rursum</strong></span> <span class='ocrx_word' id='word_1_556' title='bbox 2479 3529 2636 3578; x_wconf 81' lang='lat' dir='ltr'><strong>sexta</strong></span> <span class='ocrx_word' id='word_1_557' title='bbox 2670 3521 2783 3579; x_wconf 79' lang='lat' dir='ltr'><strong>fere</strong></span> <span class='ocrx_word' id='word_1_558' title='bbox 2820 3532 2977 3593; x_wconf 87' lang='lat' dir='ltr'><strong>parte</strong></span> <span class='ocrx_word' id='word_1_559' title='bbox 3007 3522 3263 3577; x_wconf 90' lang='lat' dir='ltr'><strong>diminuti</strong></span> <span class='ocrx_word' id='word_1_560' title='bbox 3308 3530 3461 3591; x_wconf 89' lang='lat' dir='ltr'><strong>sunt,</strong></span> <span class='ocrx_word' id='word_1_561' title='bbox 3502 3530 3565 3578; x_wconf 90' lang='lat' dir='ltr'><strong>ut</strong></span> <span class='ocrx_word' id='word_1_562' title='bbox 3597 3524 3655 3578; x_wconf 83' lang='lat' dir='ltr'><strong>&#39;m</strong></span> 
     </span>
    </p>
   </div>
   <div class='ocr_carea' id='block_1_79' title="bbox 2081 3611 3654 3684">
    <p class='ocr_par' dir='ltr' id='par_1_79' title="bbox 2081 3611 3654 3684">
     <span class='ocr_line' id='line_1_79' title="bbox 2081 3611 3654 3684; baseline 0.001 -17"><span class='ocrx_word' id='word_1_563' title='bbox 2081 3612 2201 3668; x_wconf 87' lang='lat' dir='ltr'><strong>auri</strong></span> <span class='ocrx_word' id='word_1_564' title='bbox 2260 3612 2454 3667; x_wconf 88' lang='lat' dir='ltr'><strong>libram</strong></span> <span class='ocrx_word' id='word_1_565' title='bbox 2516 3627 2626 3668; x_wconf 92' lang='lat' dir='ltr'><strong>non</strong></span> <span class='ocrx_word' id='word_1_566' title='bbox 2678 3612 2792 3682; x_wconf 89' lang='lat' dir='ltr'><strong>jam</strong></span> <span class='ocrx_word' id='word_1_567' title='bbox 2838 3611 2943 3668; x_wconf 66' lang='lat'><strong>864</strong></span> <span class='ocrx_word' id='word_1_568' title='bbox 2993 3611 3283 3684; x_wconf 89' lang='lat' dir='ltr'><strong>argentei,</strong></span> <span class='ocrx_word' id='word_1_569' title='bbox 3350 3613 3446 3668; x_wconf 87' lang='lat' dir='ltr'><strong>sed</strong></span> <span class='ocrx_word' id='word_1_570' title='bbox 3503 3613 3654 3669; x_wconf 89' lang='lat' dir='ltr'><strong>mille</strong></span> 
     </span>
    </p>
   </div>
   <div class='ocr_carea' id='block_1_80' title="bbox 2066 3703 3651 3775">
    <p class='ocr_par' dir='ltr' id='par_1_80' title="bbox 2066 3703 3651 3775">
     <span class='ocr_line' id='line_1_80' title="bbox 2066 3703 3651 3775; baseline 0.002 -19"><span class='ocrx_word' id='word_1_571' title='bbox 2066 3705 2341 3775; x_wconf 86' lang='lat' dir='ltr'><strong>deinceps</strong></span> <span class='ocrx_word' id='word_1_572' title='bbox 2364 3705 2782 3774; x_wconf 88' lang='lat' dir='ltr'><strong>imputarentur.</strong></span> <span class='ocrx_word' id='word_1_573' title='bbox 2801 3703 2957 3770; x_wconf 84' lang='lat' dir='ltr'><strong>Quod</strong></span> <span class='ocrx_word' id='word_1_574' title='bbox 2980 3712 3274 3775; x_wconf 91' lang='lat' dir='ltr'><strong>utrumque</strong></span> <span class='ocrx_word' id='word_1_575' title='bbox 3298 3710 3448 3760; x_wconf 83' lang='lat' dir='ltr'><strong>certa</strong></span> <span class='ocrx_word' id='word_1_576' title='bbox 3470 3703 3651 3774; x_wconf 79' lang='lat' dir='ltr'><strong>aliqua</strong></span> 
     </span>
    </p>
   </div>
   <div class='ocr_carea' id='block_1_81' title="bbox 2078 3793 3653 3852">
    <p class='ocr_par' dir='ltr' id='par_1_81' title="bbox 2078 3793 3653 3852">
     <span class='ocr_line' id='line_1_81' title="bbox 2078 3793 3653 3852; baseline -0.002 0"><span class='ocrx_word' id='word_1_577' title='bbox 2078 3797 2406 3852; x_wconf 86' lang='lat' dir='ltr'><strong>auctoritate</strong></span> <span class='ocrx_word' id='word_1_578' title='bbox 2441 3794 2790 3850; x_wconf 76' lang='lat' dir='ltr'><strong>ﬁrmandum.</strong></span> <span class='ocrx_word' id='word_1_579' title='bbox 2828 3793 3090 3849; x_wconf 79' lang='lat' dir='ltr'><strong>Scribant</strong></span> <span class='ocrx_word' id='word_1_580' title='bbox 3132 3793 3343 3851; x_wconf 66' lang='lat' dir='ltr'><strong>Glossaz</strong></span> <span class='ocrx_word' id='word_1_581' title='bbox 3391 3795 3653 3851; x_wconf 87' lang='lat' dir='ltr'><strong>Basilieo-</strong></span> 
     </span>
    </p>
   </div>
   <div class='ocr_carea' id='block_1_82' title="bbox 2072 3887 3688 3960">
    <p class='ocr_par' dir='ltr' id='par_1_82' title="bbox 2072 3887 3688 3960">
     <span class='ocr_line' id='line_1_82' title="bbox 2072 3887 3688 3960; baseline -0.002 -13"><span class='ocrx_word' id='word_1_582' title='bbox 2072 3906 2199 3947; x_wconf 85' lang='lat' dir='ltr'><strong>rum</strong></span> <span class='ocrx_word' id='word_1_583' title='bbox 2225 3889 2367 3960; x_wconf 87' lang='lat' dir='ltr'><strong>apud</strong></span> <span class='ocrx_word' id='word_1_584' title='bbox 2391 3887 2687 3945; x_wconf 82' lang='lat' dir='ltr'><strong>Meursium</strong></span> <span class='ocrx_word' id='word_1_585' title='bbox 2725 3887 3088 3944; x_wconf 89' lang='lat' dir='ltr'><strong>milliareuses</strong></span> <span class='ocrx_word' id='word_1_586' title='bbox 3111 3887 3399 3944; x_wconf 85' lang='lat' dir='ltr'><strong>duo.lecim</strong></span> <span class='ocrx_word' id='word_1_587' title='bbox 3425 3903 3651 3944; x_wconf 81' lang='lat' dir='ltr'><strong>aureum</strong></span> <span class='ocrx_word' id='word_1_588' title='bbox 3680 3909 3688 3919; x_wconf 96' lang='grc'>·</span> 
     </span>
    </p>
   </div>
   <div class='ocr_carea' id='block_1_83' title="bbox 2078 3978 3650 4049">
    <p class='ocr_par' dir='ltr' id='par_1_83' title="bbox 2078 3978 3650 4049">
     <span class='ocr_line' id='line_1_83' title="bbox 2078 3978 3650 4049; baseline -0.004 -11"><span class='ocrx_word' id='word_1_589' title='bbox 2078 3983 2337 4049; x_wconf 85' lang='lat' dir='ltr'><strong>solidum,</strong></span> <span class='ocrx_word' id='word_1_590' title='bbox 2361 3982 2464 4035; x_wconf 91' lang='lat' dir='ltr'><strong>hoc</strong></span> <span class='ocrx_word' id='word_1_591' title='bbox 2486 3990 2574 4035; x_wconf 85' lang='lat' dir='ltr'><strong>est</strong></span> <span class='ocrx_word' id='word_1_592' title='bbox 2598 3978 2803 4033; x_wconf 85' lang='lat' dir='ltr'><strong>ceratia</strong></span> <span class='ocrx_word' id='word_1_593' title='bbox 2830 3994 2957 4033; x_wconf 75' lang='lat' dir='ltr'><strong>xxtv</strong></span> <span class='ocrx_word' id='word_1_594' title='bbox 2985 3978 3182 4042; x_wconf 86' lang='lat' dir='ltr'><strong>valere,</strong></span> <span class='ocrx_word' id='word_1_595' title='bbox 3202 3978 3308 4034; x_wconf 85' lang='lat' dir='ltr'><strong>ecl.</strong></span> <span class='ocrx_word' id='word_1_596' title='bbox 3342 3994 3501 4033; x_wconf 79' lang='lat' dir='ltr'><strong>xxttt.</strong></span> <span class='ocrx_word' id='word_1_597' title='bbox 3528 3979 3650 4049; x_wconf 71' lang='grc' dir='ltr'><strong>Χρὴ</strong></span> 
     </span>
    </p>
   </div>
   <div class='ocr_carea' id='block_1_84' title="bbox 2074 4067 3649 4144">
    <p class='ocr_par' dir='ltr' id='par_1_84' title="bbox 2074 4067 3649 4144">
     <span class='ocr_line' id='line_1_84' title="bbox 2074 4067 3649 4144; baseline -0.005 -16"><span class='ocrx_word' id='word_1_598' title='bbox 2074 4074 2385 4144; x_wconf 70' lang='grc' dir='ltr'><strong>γινώσκειν,</strong></span> <span class='ocrx_word' id='word_1_599' title='bbox 2419 4069 2587 4127; x_wconf 80' lang='grc' dir='ltr'><strong>ὅτιτὸ</strong></span> <span class='ocrx_word' id='word_1_600' title='bbox 2624 4069 2689 4123; x_wconf 81' lang='grc' dir='ltr'><strong>ἒν</strong></span> <span class='ocrx_word' id='word_1_601' title='bbox 2716 4070 2974 4140; x_wconf 74' lang='grc' dir='ltr'><strong>κεράτιον</strong></span> <span class='ocrx_word' id='word_1_602' title='bbox 3023 4068 3237 4138; x_wconf 78' lang='grc' dir='ltr'><strong>φόλλεις</strong></span> <span class='ocrx_word' id='word_1_603' title='bbox 3279 4069 3387 4123; x_wconf 74' lang='grc' dir='ltr'><strong>εἰσὶ</strong></span> <span class='ocrx_word' id='word_1_604' title='bbox 3421 4067 3649 4133; x_wconf 77' lang='grc' dir='ltr'><strong>δώδεκα,</strong></span> 
     </span>
    </p>
   </div>
   <div class='ocr_carea' id='block_1_85' title="bbox 2073 4156 3649 4235">
    <p class='ocr_par' dir='ltr' id='par_1_85' title="bbox 2073 4156 3649 4235">
     <span class='ocr_line' id='line_1_85' title="bbox 2073 4156 3649 4235; baseline -0.002 -19"><span class='ocrx_word' id='word_1_605' title='bbox 2073 4163 2195 4235; x_wconf 67' lang='grc' dir='ltr'><strong>ἦτοι</strong></span> <span class='ocrx_word' id='word_1_606' title='bbox 2228 4159 2558 4233; x_wconf 81' lang='grc' dir='ltr'><strong>μιλιαρισίου</strong></span> <span class='ocrx_word' id='word_1_607' title='bbox 2591 4157 2654 4212; x_wconf 79' lang='grc' dir='ltr'><strong>τὸ</strong></span> <span class='ocrx_word' id='word_1_608' title='bbox 2686 4159 2855 4228; x_wconf 78' lang='grc' dir='ltr'><strong>ἥμισυ</strong></span> <span class='ocrx_word' id='word_1_609' title='bbox 2878 4174 2892 4190; x_wconf 75' lang='grc' dir='ltr'><strong>σ</strong></span> <span class='ocrx_word' id='word_1_610' title='bbox 2922 4157 2993 4210; x_wconf 77' lang='grc' dir='ltr'><strong>τὰ</strong></span> <span class='ocrx_word' id='word_1_611' title='bbox 3031 4156 3126 4212; x_wconf 77' lang='grc' dir='ltr'><strong>οὖν</strong></span> <span class='ocrx_word' id='word_1_612' title='bbox 3160 4157 3225 4228; x_wconf 83' lang='grc' dir='ltr'><strong>ιβ’</strong></span> <span class='ocrx_word' id='word_1_613' title='bbox 3270 4158 3502 4228; x_wconf 74' lang='grc' dir='ltr'><strong>κεράτιά</strong></span> <span class='ocrx_word' id='word_1_614' title='bbox 3542 4160 3649 4213; x_wconf 67' lang='lat' dir='ltr'><strong>stat</strong></span> 
     </span>
    </p>
   </div>
   <div class='ocr_carea' id='block_1_86' title="bbox 2073 4249 3647 4327">
    <p class='ocr_par' dir='ltr' id='par_1_86' title="bbox 2073 4249 3647 4327">
     <span class='ocr_line' id='line_1_86' title="bbox 2073 4249 3647 4327; baseline -0.004 -17"><span class='ocrx_word' id='word_1_615' title='bbox 2073 4255 2406 4327; x_wconf 79' lang='grc' dir='ltr'><strong>νομίσματος</strong></span> <span class='ocrx_word' id='word_1_616' title='bbox 2451 4253 2658 4323; x_wconf 67' lang='grc' dir='ltr'><strong>ἥμισυν</strong></span> <span class='ocrx_word' id='word_1_617' title='bbox 2702 4250 2764 4304; x_wconf 85' lang='grc' dir='ltr'><strong>τὸ</strong></span> <span class='ocrx_word' id='word_1_618' title='bbox 2805 4249 2915 4321; x_wconf 85' lang='grc' dir='ltr'><strong>γὰρ</strong></span> <span class='ocrx_word' id='word_1_619' title='bbox 2954 4250 3214 4321; x_wconf 76' lang='grc' dir='ltr'><strong>ἀκέραιον</strong></span> <span class='ocrx_word' id='word_1_620' title='bbox 3254 4250 3497 4321; x_wconf 82' lang='grc' dir='ltr'><strong>νόμισμα</strong></span> <span class='ocrx_word' id='word_1_621' title='bbox 3537 4249 3647 4321; x_wconf 64' lang='grc' dir='ltr'><strong>ἔχει</strong></span> 
     </span>
    </p>
   </div>
   <div class='ocr_carea' id='block_1_87' title="bbox 2077 4339 3649 4416">
    <p class='ocr_par' dir='ltr' id='par_1_87' title="bbox 2077 4339 3649 4416">
     <span class='ocr_line' id='line_1_87' title="bbox 2077 4339 3649 4416; baseline -0.002 -18"><span class='ocrx_word' id='word_1_622' title='bbox 2077 4345 2381 4416; x_wconf 83' lang='grc' dir='ltr'><strong>μιλιαρίσια</strong></span> <span class='ocrx_word' id='word_1_623' title='bbox 2417 4342 2504 4413; x_wconf 81' lang='grc' dir='ltr'><strong>ιβ’,</strong></span> <span class='ocrx_word' id='word_1_624' title='bbox 2531 4343 2650 4412; x_wconf 69' lang='grc' dir='ltr'><strong>ἢτοι</strong></span> <span class='ocrx_word' id='word_1_625' title='bbox 2682 4343 2916 4412; x_wconf 74' lang='grc' dir='ltr'><strong>κεράτια</strong></span> <span class='ocrx_word' id='word_1_626' title='bbox 2951 4339 3037 4411; x_wconf 76' lang='grc' dir='ltr'><strong>ιβ’.</strong></span> <span class='ocrx_word' id='word_1_627' title='bbox 3065 4343 3193 4397; x_wconf 89' lang='lat' dir='ltr'><strong>Item</strong></span> <span class='ocrx_word' id='word_1_628' title='bbox 3232 4342 3371 4397; x_wconf 78' lang='grc' dir='ltr'><strong>κατὰ</strong></span> <span class='ocrx_word' id='word_1_629' title='bbox 3408 4343 3649 4414; x_wconf 70' lang='grc' dir='ltr'><strong>νόμισμα</strong></span> 
     </span>
    </p>
   </div>
   <div class='ocr_carea' id='block_1_88' title="bbox 2071 4433 3648 4508">
    <p class='ocr_par' dir='ltr' id='par_1_88' title="bbox 2071 4433 3648 4508">
     <span class='ocr_line' id='line_1_88' title="bbox 2071 4433 3648 4508; baseline -0.001 -17"><span class='ocrx_word' id='word_1_630' title='bbox 2071 4438 2328 4508; x_wconf 77' lang='grc' dir='ltr'><strong>λαγχάνει</strong></span> <span class='ocrx_word' id='word_1_631' title='bbox 2375 4434 2681 4508; x_wconf 85' lang='grc' dir='ltr'><strong>μιλιαρίσια</strong></span> <span class='ocrx_word' id='word_1_632' title='bbox 2726 4433 2813 4505; x_wconf 86' lang='grc' dir='ltr'><strong>ιβ’.</strong></span> <span class='ocrx_word' id='word_1_633' title='bbox 2875 4433 3015 4488; x_wconf 89' lang='lat' dir='ltr'><strong>Tum</strong></span> <span class='ocrx_word' id='word_1_634' title='bbox 3080 4435 3224 4490; x_wconf 83' lang='lat' dir='ltr'><strong>idem</strong></span> <span class='ocrx_word' id='word_1_635' title='bbox 3265 4444 3321 4491; x_wconf 84' lang='lat' dir='ltr'><strong>et</strong></span> <span class='ocrx_word' id='word_1_636' title='bbox 3365 4434 3648 4491; x_wconf 84' lang='lat' dir='ltr'><strong>Cedrenus</strong></span> 
     </span>
    </p>
   </div>
   <div class='ocr_carea' id='block_1_89' title="bbox 393 4525 3647 4600">
    <p class='ocr_par' dir='ltr' id='par_1_89' title="bbox 393 4525 3647 4600">
     <span class='ocr_line' id='line_1_89' title="bbox 393 4525 3647 4600; baseline -0.001 -16"><span class='ocrx_word' id='word_1_637' title='bbox 393 4530 556 4600; x_wconf 64' lang='lat' dir='ltr'><strong>pana</strong></span> <span class='ocrx_word' id='word_1_638' title='bbox 585 4543 683 4598; x_wconf 91' lang='lat' dir='ltr'><strong>pro</strong></span> <span class='ocrx_word' id='word_1_639' title='bbox 723 4527 941 4596; x_wconf 87' lang='lat' dir='ltr'><strong>siliquis</strong></span> <span class='ocrx_word' id='word_1_640' title='bbox 968 4527 1281 4596; x_wconf 86' lang='lat' dir='ltr'><strong>promiscue</strong></span> <span class='ocrx_word' id='word_1_641' title='bbox 1315 4528 1569 4597; x_wconf 90' lang='lat' dir='ltr'><strong>usurpari</strong></span> <span class='ocrx_word' id='word_1_642' title='bbox 1608 4536 1789 4597; x_wconf 86' lang='lat' dir='ltr'><strong>coepta</strong></span> <span class='ocrx_word' id='word_1_643' title='bbox 1816 4537 1967 4595; x_wconf 88' lang='lat' dir='ltr'><strong>sunt,</strong></span> <span class='ocrx_word' id='word_1_644' title='bbox 2003 4536 2049 4592; x_wconf 79' lang='grc' dir='ltr'><strong>ο</strong></span> <span class='ocrx_word' id='word_1_645' title='bbox 2076 4527 2384 4592; x_wconf 78' lang='lat' dir='ltr'><strong>conﬁrmat,</strong></span> <span class='ocrx_word' id='word_1_646' title='bbox 2425 4527 2520 4596; x_wconf 90' lang='lat' dir='ltr'><strong>qui</strong></span> <span class='ocrx_word' id='word_1_647' title='bbox 2566 4525 2846 4597; x_wconf 77' lang='grc' dir='ltr'><strong>δικέρατον</strong></span> <span class='ocrx_word' id='word_1_648' title='bbox 2901 4541 3002 4595; x_wconf 91' lang='lat' dir='ltr'><strong>pro</strong></span> <span class='ocrx_word' id='word_1_649' title='bbox 3053 4527 3373 4583; x_wconf 86' lang='lat' dir='ltr'><strong>milliarensi</strong></span> <span class='ocrx_word' id='word_1_650' title='bbox 3413 4526 3647 4598; x_wconf 70' lang='lat' dir='ltr'><strong>accipit.</strong></span> 
     </span>
    </p>
   </div>
   <div class='ocr_carea' id='block_1_90' title="bbox 389 4618 1967 4691">
    <p class='ocr_par' dir='ltr' id='par_1_90' title="bbox 389 4618 1967 4691">
     <span class='ocr_line' id='line_1_90' title="bbox 389 4618 1967 4691; baseline 0.001 -16"><span class='ocrx_word' id='word_1_651' title='bbox 389 4624 556 4675; x_wconf 82' lang='lat' dir='ltr'><strong>etiam</strong></span> <span class='ocrx_word' id='word_1_652' title='bbox 604 4626 897 4689; x_wconf 84' lang='lat' dir='ltr'><strong>argenteus</strong></span> <span class='ocrx_word' id='word_1_653' title='bbox 934 4618 1023 4673; x_wconf 92' lang='lat' dir='ltr'><strong>ille</strong></span> <span class='ocrx_word' id='word_1_654' title='bbox 1053 4618 1338 4690; x_wconf 81' lang='grc' dir='ltr'><strong>δικέρατος</strong></span> <span class='ocrx_word' id='word_1_655' title='bbox 1384 4627 1471 4674; x_wconf 90' lang='lat' dir='ltr'><strong>est</strong></span> <span class='ocrx_word' id='word_1_656' title='bbox 1520 4618 1765 4684; x_wconf 88' lang='lat' dir='ltr'><strong>habitus,</strong></span> <span class='ocrx_word' id='word_1_657' title='bbox 1820 4621 1967 4691; x_wconf 86' lang='lat' dir='ltr'><strong>quod</strong></span> 
     </span>
    </p>
   </div>
   <div class='ocr_carea' id='block_1_91' title="bbox 391 4708 1968 4780">
    <p class='ocr_par' dir='ltr' id='par_1_91' title="bbox 391 4708 1968 4780">
     <span class='ocr_line' id='line_1_91' title="bbox 391 4708 1968 4780; baseline 0.003 -15"><span class='ocrx_word' id='word_1_658' title='bbox 391 4710 620 4780; x_wconf 87' lang='lat' dir='ltr'><strong>siliquas</strong></span> <span class='ocrx_word' id='word_1_659' title='bbox 667 4710 824 4774; x_wconf 91' lang='lat' dir='ltr'><strong>duas,</strong></span> <span class='ocrx_word' id='word_1_660' title='bbox 869 4708 983 4763; x_wconf 90' lang='lat' dir='ltr'><strong>sive</strong></span> <span class='ocrx_word' id='word_1_661' title='bbox 1022 4710 1250 4780; x_wconf 77' lang='grc' dir='ltr'><strong>κεράτια</strong></span> <span class='ocrx_word' id='word_1_662' title='bbox 1284 4710 1506 4766; x_wconf 80' lang='lat' dir='ltr'><strong>valeret.</strong></span> <span class='ocrx_word' id='word_1_663' title='bbox 1540 4710 1864 4780; x_wconf 78' lang='lat' dir='ltr'><strong>ilujnsmodi</strong></span> <span class='ocrx_word' id='word_1_664' title='bbox 1912 4714 1968 4769; x_wconf 81' lang='lat' dir='ltr'><strong>in</strong></span> 
     </span>
    </p>
   </div>
   <div class='ocr_carea' id='block_1_92' title="bbox 390 4802 1963 4877">
    <p class='ocr_par' dir='ltr' id='par_1_92' title="bbox 390 4802 1963 4877">
     <span class='ocr_line' id='line_1_92' title="bbox 390 4802 1963 4877; baseline 0.001 -19"><span class='ocrx_word' id='word_1_665' title='bbox 390 4804 583 4859; x_wconf 91' lang='lat' dir='ltr'><strong>libram</strong></span> <span class='ocrx_word' id='word_1_666' title='bbox 614 4810 772 4858; x_wconf 90' lang='lat' dir='ltr'><strong>erant</strong></span> <span class='ocrx_word' id='word_1_667' title='bbox 796 4802 903 4858; x_wconf 75' lang='grc'><strong>864</strong></span> <span class='ocrx_word' id='word_1_668' title='bbox 934 4820 947 4856; x_wconf 90' lang='lat'><strong>:</strong></span> <span class='ocrx_word' id='word_1_669' title='bbox 984 4813 1114 4877; x_wconf 80' lang='lat' dir='ltr'><strong>sunt</strong></span> <span class='ocrx_word' id='word_1_670' title='bbox 1144 4804 1288 4857; x_wconf 88' lang='lat' dir='ltr'><strong>cnim</strong></span> <span class='ocrx_word' id='word_1_671' title='bbox 1320 4804 1533 4873; x_wconf 60' lang='lat' dir='ltr'><strong>siliqua</strong></span> <span class='ocrx_word' id='word_1_672' title='bbox 1558 4804 1613 4858; x_wconf 91' lang='lat' dir='ltr'><strong>in</strong></span> <span class='ocrx_word' id='word_1_673' title='bbox 1644 4804 1781 4859; x_wconf 90' lang='lat' dir='ltr'><strong>libra</strong></span> <span class='ocrx_word' id='word_1_674' title='bbox 1805 4806 1963 4861; x_wconf 75' lang='lat' dir='ltr'><strong>i728.</strong></span> 
     </span>
    </p>
   </div>
   <div class='ocr_carea' id='block_1_93' title="bbox 389 4893 1995 4963">
    <p class='ocr_par' dir='ltr' id='par_1_93' title="bbox 389 4893 1995 4963">
     <span class='ocr_line' id='line_1_93' title="bbox 389 4893 1995 4963; baseline 0.005 -18"><span class='ocrx_word' id='word_1_675' title='bbox 389 4893 677 4962; x_wconf 80' lang='lat' dir='ltr'><strong>Quodnam</strong></span> <span class='ocrx_word' id='word_1_676' title='bbox 739 4904 921 4949; x_wconf 85' lang='lat' dir='ltr'><strong>autem</strong></span> <span class='ocrx_word' id='word_1_677' title='bbox 974 4894 1175 4963; x_wconf 88' lang='lat' dir='ltr'><strong>singuli</strong></span> <span class='ocrx_word' id='word_1_678' title='bbox 1228 4894 1445 4963; x_wconf 90' lang='lat' dir='ltr'><strong>pondus</strong></span> <span class='ocrx_word' id='word_1_679' title='bbox 1487 4895 1801 4961; x_wconf 88' lang='lat' dir='ltr'><strong>habuerint,</strong></span> <span class='ocrx_word' id='word_1_680' title='bbox 1857 4910 1995 4953; x_wconf 85' lang='lat' dir='ltr'><strong>uon&#39;</strong></span> 
     </span>
    </p>
   </div>
   <div class='ocr_carea' id='block_1_94' title="bbox 388 4980 1965 5054">
    <p class='ocr_par' dir='ltr' id='par_1_94' title="bbox 388 4980 1965 5054">
     <span class='ocr_line' id='line_1_94' title="bbox 388 4980 1965 5054; baseline 0 -16"><span class='ocrx_word' id='word_1_681' title='bbox 388 4982 608 5038; x_wconf 83' lang='lat' dir='ltr'><strong>aliunde</strong></span> <span class='ocrx_word' id='word_1_682' title='bbox 653 4998 818 5053; x_wconf 83' lang='lat' dir='ltr'><strong>quam</strong></span> <span class='ocrx_word' id='word_1_683' title='bbox 863 4998 931 5037; x_wconf 89' lang='lat' dir='ltr'><strong>ex</strong></span> <span class='ocrx_word' id='word_1_684' title='bbox 986 4981 1106 5035; x_wconf 91' lang='lat' dir='ltr'><strong>auri</strong></span> <span class='ocrx_word' id='word_1_685' title='bbox 1150 4980 1219 5035; x_wconf 90' lang='lat' dir='ltr'><strong>ad</strong></span> <span class='ocrx_word' id='word_1_686' title='bbox 1270 4993 1557 5052; x_wconf 85' lang='lat' dir='ltr'><strong>argentum</strong></span> <span class='ocrx_word' id='word_1_687' title='bbox 1609 4983 1965 5054; x_wconf 85' lang='lat' dir='ltr'><strong>pr0portionc</strong></span> 
     </span>
    </p>
   </div>
   <div class='ocr_carea' id='block_1_95' title="bbox 388 5072 1968 5146">
    <p class='ocr_par' dir='ltr' id='par_1_95' title="bbox 388 5072 1968 5146">
     <span class='ocr_line' id='line_1_95' title="bbox 388 5072 1968 5146; baseline 0 -15"><span class='ocrx_word' id='word_1_688' title='bbox 388 5074 605 5131; x_wconf 88' lang='lat' dir='ltr'><strong>deliniri</strong></span> <span class='ocrx_word' id='word_1_689' title='bbox 637 5081 834 5143; x_wconf 85' lang='lat' dir='ltr'><strong>potest.</strong></span> <span class='ocrx_word' id='word_1_690' title='bbox 872 5072 1172 5145; x_wconf 82' lang='lat' dir='ltr'><strong>Fingamus</strong></span> <span class='ocrx_word' id='word_1_691' title='bbox 1212 5073 1404 5129; x_wconf 89' lang='lat' dir='ltr'><strong>eodem</strong></span> <span class='ocrx_word' id='word_1_692' title='bbox 1436 5074 1531 5130; x_wconf 91' lang='lat' dir='ltr'><strong>illo</strong></span> <span class='ocrx_word' id='word_1_693' title='bbox 1561 5084 1806 5146; x_wconf 88' lang='lat' dir='ltr'><strong>tempore</strong></span> <span class='ocrx_word' id='word_1_694' title='bbox 1831 5080 1968 5134; x_wconf 88' lang='lat' dir='ltr'><strong>duo-</strong></span> 
     </span>
    </p>
   </div>
   <div class='ocr_carea' id='block_1_96' title="bbox 387 5166 1964 5239">
    <p class='ocr_par' dir='ltr' id='par_1_96' title="bbox 387 5166 1964 5239">
     <span class='ocr_line' id='line_1_96' title="bbox 387 5166 1964 5239; baseline 0.003 -16"><span class='ocrx_word' id='word_1_695' title='bbox 387 5168 675 5239; x_wconf 90' lang='lat' dir='ltr'><strong>decuplam</strong></span> <span class='ocrx_word' id='word_1_696' title='bbox 708 5168 1009 5222; x_wconf 88' lang='lat' dir='ltr'><strong>exstitisse.</strong></span> <span class='ocrx_word' id='word_1_697' title='bbox 1041 5166 1176 5221; x_wconf 86' lang='lat' dir='ltr'><strong>Cum</strong></span> <span class='ocrx_word' id='word_1_698' title='bbox 1217 5180 1349 5235; x_wconf 85' lang='lat' dir='ltr'><strong>ergo</strong></span> <span class='ocrx_word' id='word_1_699' title='bbox 1392 5168 1511 5222; x_wconf 89' lang='lat' dir='ltr'><strong>auri</strong></span> <span class='ocrx_word' id='word_1_700' title='bbox 1544 5169 1683 5224; x_wconf 88' lang='lat' dir='ltr'><strong>libra</strong></span> <span class='ocrx_word' id='word_1_701' title='bbox 1726 5171 1831 5227; x_wconf 72' lang='grc' dir='ltr'><strong>εει</strong></span> <span class='ocrx_word' id='word_1_702' title='bbox 1874 5189 1964 5228; x_wconf 84' lang='lat' dir='ltr'><strong>ar-</strong></span> 
     </span>
    </p>
   </div>
   <div class='ocr_carea' id='block_1_97' title="bbox 386 5259 1961 5332">
    <p class='ocr_par' dir='ltr' id='par_1_97' title="bbox 386 5259 1961 5332">
     <span class='ocr_line' id='line_1_97' title="bbox 386 5259 1961 5332; baseline 0.003 -16"><span class='ocrx_word' id='word_1_703' title='bbox 386 5262 599 5330; x_wconf 88' lang='lat' dir='ltr'><strong>genteis</strong></span> <span class='ocrx_word' id='word_1_704' title='bbox 640 5259 966 5323; x_wconf 72' lang='lat' dir='ltr'><strong>aestimetur,</strong></span> <span class='ocrx_word' id='word_1_705' title='bbox 1002 5273 1126 5327; x_wconf 72' lang='lat' dir='ltr'><strong>qua!</strong></span> <span class='ocrx_word' id='word_1_706' title='bbox 1155 5266 1285 5313; x_wconf 87' lang='lat' dir='ltr'><strong>sunt</strong></span> <span class='ocrx_word' id='word_1_707' title='bbox 1325 5264 1537 5331; x_wconf 89' lang='lat' dir='ltr'><strong>argenti</strong></span> <span class='ocrx_word' id='word_1_708' title='bbox 1582 5263 1734 5319; x_wconf 76' lang='lat' dir='ltr'><strong>libra:</strong></span> <span class='ocrx_word' id='word_1_709' title='bbox 1768 5280 1884 5332; x_wconf 88' lang='lat' dir='ltr'><strong>xu;</strong></span> <span class='ocrx_word' id='word_1_710' title='bbox 1915 5266 1961 5322; x_wconf 91' lang='lat' dir='ltr'><strong>si</strong></span> 
     </span>
    </p>
   </div>
   <div class='ocr_carea' id='block_1_98' title="bbox 384 5350 1962 5424">
    <p class='ocr_par' dir='ltr' id='par_1_98' title="bbox 384 5350 1962 5424">
     <span class='ocr_line' id='line_1_98' title="bbox 384 5350 1962 5424; baseline 0.002 -17"><span class='ocrx_word' id='word_1_711' title='bbox 384 5368 483 5423; x_wconf 85' lang='lat' dir='ltr'><strong>per</strong></span> <span class='ocrx_word' id='word_1_712' title='bbox 516 5351 583 5405; x_wconf 68' lang='lat'><strong>12</strong></span> <span class='ocrx_word' id='word_1_713' title='bbox 605 5366 895 5406; x_wconf 90' lang='lat' dir='ltr'><strong>numerum</strong></span> <span class='ocrx_word' id='word_1_714' title='bbox 920 5351 1074 5405; x_wconf 86' lang='lat' dir='ltr'><strong>illum</strong></span> <span class='ocrx_word' id='word_1_715' title='bbox 1105 5350 1342 5415; x_wconf 89' lang='lat' dir='ltr'><strong>dividas,</strong></span> <span class='ocrx_word' id='word_1_716' title='bbox 1370 5352 1607 5408; x_wconf 70' lang='lat' dir='ltr'><strong>confiunt</strong></span> <span class='ocrx_word' id='word_1_717' title='bbox 1632 5355 1686 5409; x_wconf 91' lang='lat' dir='ltr'><strong>in</strong></span> <span class='ocrx_word' id='word_1_718' title='bbox 1717 5355 1962 5424; x_wconf 90' lang='lat' dir='ltr'><strong>singulas</strong></span> 
     </span>
    </p>
   </div>
   <div class='ocr_carea' id='block_1_99' title="bbox 384 5442 1960 5517">
    <p class='ocr_par' dir='ltr' id='par_1_99' title="bbox 384 5442 1960 5517">
     <span class='ocr_line' id='line_1_99' title="bbox 384 5442 1960 5517; baseline 0.001 -18"><span class='ocrx_word' id='word_1_719' title='bbox 384 5444 596 5517; x_wconf 89' lang='lat' dir='ltr'><strong>argenti</strong></span> <span class='ocrx_word' id='word_1_720' title='bbox 639 5444 810 5499; x_wconf 88' lang='lat' dir='ltr'><strong>libras</strong></span> <span class='ocrx_word' id='word_1_721' title='bbox 836 5442 1078 5514; x_wconf 88' lang='lat' dir='ltr'><strong>argentei</strong></span> <span class='ocrx_word' id='word_1_722' title='bbox 1104 5458 1276 5507; x_wconf 74' lang='lat' dir='ltr'><strong>Lxxtt,</strong></span> <span class='ocrx_word' id='word_1_723' title='bbox 1303 5454 1436 5514; x_wconf 90' lang='lat' dir='ltr'><strong>quot</strong></span> <span class='ocrx_word' id='word_1_724' title='bbox 1477 5447 1627 5502; x_wconf 90' lang='lat' dir='ltr'><strong>aurei</strong></span> <span class='ocrx_word' id='word_1_725' title='bbox 1669 5446 1723 5500; x_wconf 92' lang='lat' dir='ltr'><strong>in</strong></span> <span class='ocrx_word' id='word_1_726' title='bbox 1767 5447 1960 5501; x_wconf 89' lang='lat' dir='ltr'><strong>libram</strong></span> 
     </span>
    </p>
   </div>
   <div class='ocr_carea' id='block_1_100' title="bbox 385 5537 1961 5607">
    <p class='ocr_par' dir='ltr' id='par_1_100' title="bbox 385 5537 1961 5607">
     <span class='ocr_line' id='line_1_100' title="bbox 385 5537 1961 5607; baseline 0.001 -15"><span class='ocrx_word' id='word_1_727' title='bbox 385 5540 675 5595; x_wconf 90' lang='lat' dir='ltr'><strong>incurrunt</strong></span> <span class='ocrx_word' id='word_1_728' title='bbox 704 5555 717 5591; x_wconf 93' lang='lat'>:</span> <span class='ocrx_word' id='word_1_729' title='bbox 743 5550 809 5591; x_wconf 91' lang='lat' dir='ltr'><strong>ac</strong></span> <span class='ocrx_word' id='word_1_730' title='bbox 856 5545 969 5590; x_wconf 90' lang='lat' dir='ltr'><strong>tmn</strong></span> <span class='ocrx_word' id='word_1_731' title='bbox 999 5551 1076 5591; x_wconf 89' lang='lat' dir='ltr'><strong>xu</strong></span> <span class='ocrx_word' id='word_1_732' title='bbox 1108 5537 1374 5607; x_wconf 84' lang='lat' dir='ltr'><strong>argentei,</strong></span> <span class='ocrx_word' id='word_1_733' title='bbox 1405 5537 1567 5592; x_wconf 82' lang='lat' dir='ltr'><strong>solidi</strong></span> <span class='ocrx_word' id='word_1_734' title='bbox 1597 5538 1828 5606; x_wconf 82' lang='lat' dir='ltr'><strong>pretium</strong></span> <span class='ocrx_word' id='word_1_735' title='bbox 1865 5554 1961 5593; x_wconf 86' lang='lat' dir='ltr'><strong>ex-</strong></span> 
     </span>
    </p>
   </div>
   <div class='ocr_carea' id='block_1_101' title="bbox 384 5626 1959 5699">
    <p class='ocr_par' dir='ltr' id='par_1_101' title="bbox 384 5626 1959 5699">
     <span class='ocr_line' id='line_1_101' title="bbox 384 5626 1959 5699; baseline 0.002 -16"><span class='ocrx_word' id='word_1_736' title='bbox 384 5637 622 5697; x_wconf 82' lang='lat' dir='ltr'><strong>aequant.</strong></span> <span class='ocrx_word' id='word_1_737' title='bbox 647 5628 996 5697; x_wconf 80' lang='lat' dir='ltr'><strong>Singulorum</strong></span> <span class='ocrx_word' id='word_1_738' title='bbox 1018 5642 1147 5683; x_wconf 86' lang='lat' dir='ltr'><strong>vero</strong></span> <span class='ocrx_word' id='word_1_739' title='bbox 1174 5626 1388 5697; x_wconf 88' lang='lat' dir='ltr'><strong>pondus</strong></span> <span class='ocrx_word' id='word_1_740' title='bbox 1419 5643 1484 5682; x_wconf 87' lang='lat' dir='ltr'><strong>ex</strong></span> <span class='ocrx_word' id='word_1_741' title='bbox 1512 5628 1664 5682; x_wconf 80' lang='lat' dir='ltr'><strong>librae</strong></span> <span class='ocrx_word' id='word_1_742' title='bbox 1689 5636 1959 5699; x_wconf 74' lang='lat' dir='ltr'><strong>argentea:</strong></span> 
     </span>
    </p>
   </div>
   <div class='ocr_carea' id='block_1_102' title="bbox 386 5717 1957 5791">
    <p class='ocr_par' dir='ltr' id='par_1_102' title="bbox 386 5717 1957 5791">
     <span class='ocr_line' id='line_1_102' title="bbox 386 5717 1957 5791; baseline 0.004 -19"><span class='ocrx_word' id='word_1_743' title='bbox 386 5722 796 5791; x_wconf 86' lang='lat' dir='ltr'><strong>comparatione</strong></span> <span class='ocrx_word' id='word_1_744' title='bbox 812 5719 1108 5790; x_wconf 86' lang='lat' dir='ltr'><strong>colligitur.</strong></span> <span class='ocrx_word' id='word_1_745' title='bbox 1136 5718 1307 5773; x_wconf 87' lang='lat' dir='ltr'><strong>liabet</strong></span> <span class='ocrx_word' id='word_1_746' title='bbox 1328 5717 1469 5771; x_wconf 84' lang='lat' dir='ltr'><strong>enim</strong></span> <span class='ocrx_word' id='word_1_747' title='bbox 1491 5718 1625 5773; x_wconf 89' lang='lat' dir='ltr'><strong>libra</strong></span> <span class='ocrx_word' id='word_1_748' title='bbox 1647 5720 1957 5789; x_wconf 87' lang='lat' dir='ltr'><strong>ponderalis</strong></span> 
     </span>
    </p>
   </div>
   <div class='ocr_carea' id='block_1_103' title="bbox 385 5807 1952 5879">
    <p class='ocr_par' dir='ltr' id='par_1_103' title="bbox 385 5807 1952 5879">
     <span class='ocr_line' id='line_1_103' title="bbox 385 5807 1952 5879; baseline 0.006 -17"><span class='ocrx_word' id='word_1_749' title='bbox 385 5807 677 5868; x_wconf 83' lang='lat' dir='ltr'><strong>drachmas</strong></span> <span class='ocrx_word' id='word_1_750' title='bbox 710 5824 855 5869; x_wconf 77' lang='lat' dir='ltr'><strong>xcvi.</strong></span> <span class='ocrx_word' id='word_1_751' title='bbox 881 5810 1064 5877; x_wconf 90' lang='lat' dir='ltr'><strong>Quare</strong></span> <span class='ocrx_word' id='word_1_752' title='bbox 1100 5824 1222 5865; x_wconf 90' lang='lat' dir='ltr'><strong>cum</strong></span> <span class='ocrx_word' id='word_1_753' title='bbox 1264 5809 1508 5879; x_wconf 88' lang='lat' dir='ltr'><strong>argentei</strong></span> <span class='ocrx_word' id='word_1_754' title='bbox 1547 5824 1697 5865; x_wconf 77' lang='lat' dir='ltr'><strong>Lxxn</strong></span> <span class='ocrx_word' id='word_1_755' title='bbox 1729 5812 1952 5871; x_wconf 90' lang='lat' dir='ltr'><strong>totidem</strong></span> 
     </span>
    </p>
   </div>
   <div class='ocr_carea' id='block_1_104' title="bbox 2073 4619 3650 4691">
    <p class='ocr_par' dir='ltr' id='par_1_104' title="bbox 2073 4619 3650 4691">
     <span class='ocr_line' id='line_1_104' title="bbox 2073 4619 3650 4691; baseline 0.001 -15"><span class='ocrx_word' id='word_1_756' title='bbox 2073 4622 2415 4691; x_wconf 86' lang='lat' dir='ltr'><strong>Quapropter</strong></span> <span class='ocrx_word' id='word_1_757' title='bbox 2441 4634 2566 4676; x_wconf 91' lang='lat' dir='ltr'><strong>cum</strong></span> <span class='ocrx_word' id='word_1_758' title='bbox 2600 4620 2813 4691; x_wconf 67' lang='lat' dir='ltr'><strong>siliqua:</strong></span> <span class='ocrx_word' id='word_1_759' title='bbox 2834 4620 2947 4676; x_wconf 90' lang='lat' dir='ltr'><strong>sint</strong></span> <span class='ocrx_word' id='word_1_760' title='bbox 2976 4619 3029 4675; x_wconf 93' lang='lat' dir='ltr'><strong>in</strong></span> <span class='ocrx_word' id='word_1_761' title='bbox 3062 4620 3201 4675; x_wconf 89' lang='lat' dir='ltr'><strong>libra</strong></span> <span class='ocrx_word' id='word_1_762' title='bbox 3233 4619 3397 4684; x_wconf 68' lang='grc'><strong>1728,</strong></span> <span class='ocrx_word' id='word_1_763' title='bbox 3420 4635 3650 4678; x_wconf 85' lang='lat' dir='ltr'><strong>necesse</strong></span> 
     </span>
    </p>
   </div>
   <div class='ocr_carea' id='block_1_105' title="bbox 2071 4712 3650 4788">
    <p class='ocr_par' dir='ltr' id='par_1_105' title="bbox 2071 4712 3650 4788">
     <span class='ocr_line' id='line_1_105' title="bbox 2071 4712 3650 4788; baseline -0.001 -17"><span class='ocrx_word' id='word_1_764' title='bbox 2071 4723 2158 4773; x_wconf 87' lang='lat' dir='ltr'><strong>est</strong></span> <span class='ocrx_word' id='word_1_765' title='bbox 2186 4714 2504 4788; x_wconf 67' lang='lat' dir='ltr'><strong>atxspd&#39;coo;</strong></span> <span class='ocrx_word' id='word_1_766' title='bbox 2533 4722 2823 4785; x_wconf 88' lang='lat' dir='ltr'><strong>argenteos</strong></span> <span class='ocrx_word' id='word_1_767' title='bbox 2863 4713 2918 4768; x_wconf 92' lang='lat' dir='ltr'><strong>in</strong></span> <span class='ocrx_word' id='word_1_768' title='bbox 2950 4712 3098 4768; x_wconf 69' lang='lat' dir='ltr'><strong>auri«</strong></span> <span class='ocrx_word' id='word_1_769' title='bbox 3121 4713 3316 4769; x_wconf 87' lang='lat' dir='ltr'><strong>libram</strong></span> <span class='ocrx_word' id='word_1_770' title='bbox 3362 4716 3650 4770; x_wconf 79' lang='lat' dir='ltr'><strong>incurrere</strong></span> 
     </span>
    </p>
   </div>
   <div class='ocr_carea' id='block_1_106' title="bbox 2070 4806 3650 4879">
    <p class='ocr_par' dir='ltr' id='par_1_106' title="bbox 2070 4806 3650 4879">
     <span class='ocr_line' id='line_1_106' title="bbox 2070 4806 3650 4879; baseline -0.001 -15"><span class='ocrx_word' id='word_1_771' title='bbox 2070 4807 2199 4872; x_wconf 67' lang='lat'><strong>864,</strong></span> <span class='ocrx_word' id='word_1_772' title='bbox 2224 4823 2457 4877; x_wconf 86' lang='lat' dir='ltr'><strong>quorum</strong></span> <span class='ocrx_word' id='word_1_773' title='bbox 2490 4807 2691 4879; x_wconf 89' lang='lat' dir='ltr'><strong>singuli</strong></span> <span class='ocrx_word' id='word_1_774' title='bbox 2725 4806 2941 4876; x_wconf 91' lang='lat' dir='ltr'><strong>pondus</strong></span> <span class='ocrx_word' id='word_1_775' title='bbox 2980 4806 3180 4862; x_wconf 88' lang='lat' dir='ltr'><strong>habent</strong></span> <span class='ocrx_word' id='word_1_776' title='bbox 3224 4817 3494 4878; x_wconf 63' lang='lat' dir='ltr'><strong>argenteae</strong></span> <span class='ocrx_word' id='word_1_777' title='bbox 3519 4807 3650 4862; x_wconf 80' lang='lat' dir='ltr'><strong>dra-</strong></span> 
     </span>
    </p>
   </div>
   <div class='ocr_carea' id='block_1_107' title="bbox 2071 4898 3647 4971">
    <p class='ocr_par' dir='ltr' id='par_1_107' title="bbox 2071 4898 3647 4971">
     <span class='ocr_line' id='line_1_107' title="bbox 2071 4898 3647 4971; baseline 0 -16"><span class='ocrx_word' id='word_1_778' title='bbox 2071 4900 2247 4955; x_wconf 64' lang='lat' dir='ltr'><strong>clamas</strong></span> <span class='ocrx_word' id='word_1_779' title='bbox 2298 4899 2486 4962; x_wconf 86' lang='lat' dir='ltr'><strong>unius,</strong></span> <span class='ocrx_word' id='word_1_780' title='bbox 2514 4905 2568 4954; x_wconf 67' lang='grc' dir='ltr'><strong>α</strong></span> <span class='ocrx_word' id='word_1_781' title='bbox 2612 4898 2897 4955; x_wconf 89' lang='lat' dir='ltr'><strong>obolorum</strong></span> <span class='ocrx_word' id='word_1_782' title='bbox 2937 4899 3101 4953; x_wconf 92' lang='lat' dir='ltr'><strong>trium</strong></span> <span class='ocrx_word' id='word_1_783' title='bbox 3133 4906 3188 4955; x_wconf 91' lang='lat' dir='ltr'><strong>et</strong></span> <span class='ocrx_word' id='word_1_784' title='bbox 3220 4900 3383 4955; x_wconf 88' lang='lat' dir='ltr'><strong>unius</strong></span> <span class='ocrx_word' id='word_1_785' title='bbox 3413 4901 3647 4971; x_wconf 70' lang='lat' dir='ltr'><strong>siliquae,</strong></span> 
     </span>
    </p>
   </div>
   <div class='ocr_carea' id='block_1_108' title="bbox 2071 4989 3647 5063">
    <p class='ocr_par' dir='ltr' id='par_1_108' title="bbox 2071 4989 3647 5063">
     <span class='ocr_line' id='line_1_108' title="bbox 2071 4989 3647 5063; baseline -0.002 -12"><span class='ocrx_word' id='word_1_786' title='bbox 2071 4995 2187 5052; x_wconf 89' lang='lat' dir='ltr'><strong>sive</strong></span> <span class='ocrx_word' id='word_1_787' title='bbox 2211 4993 2281 5049; x_wconf 80' lang='lat'><strong>28</strong></span> <span class='ocrx_word' id='word_1_788' title='bbox 2300 4993 2648 5063; x_wconf 87' lang='lat' dir='ltr'><strong>siliquarum.</strong></span> <span class='ocrx_word' id='word_1_789' title='bbox 2668 4989 2825 5046; x_wconf 87' lang='lat' dir='ltr'><strong>Unde</strong></span> <span class='ocrx_word' id='word_1_790' title='bbox 2848 4989 3106 5061; x_wconf 87' lang='lat' dir='ltr'><strong>quoniam</strong></span> <span class='ocrx_word' id='word_1_791' title='bbox 3126 4991 3251 5046; x_wconf 82' lang='lat' dir='ltr'><strong>auri</strong></span> <span class='ocrx_word' id='word_1_792' title='bbox 3283 4991 3497 5063; x_wconf 70' lang='lat' dir='ltr'><strong>siliquae</strong></span> <span class='ocrx_word' id='word_1_793' title='bbox 3523 4992 3647 5048; x_wconf 68' lang='lat' dir='ltr'><strong>duae</strong></span> 
     </span>
    </p>
   </div>
   <div class='ocr_carea' id='block_1_109' title="bbox 2069 5083 3647 5156">
    <p class='ocr_par' dir='ltr' id='par_1_109' title="bbox 2069 5083 3647 5156">
     <span class='ocr_line' id='line_1_109' title="bbox 2069 5083 3647 5156; baseline 0.001 -15"><span class='ocrx_word' id='word_1_794' title='bbox 2069 5086 2280 5156; x_wconf 87' lang='lat' dir='ltr'><strong>argenti</strong></span> <span class='ocrx_word' id='word_1_795' title='bbox 2321 5085 2538 5155; x_wconf 89' lang='lat' dir='ltr'><strong>siliquis</strong></span> <span class='ocrx_word' id='word_1_796' title='bbox 2576 5084 2757 5140; x_wconf 86' lang='lat' dir='ltr'><strong>valent</strong></span> <span class='ocrx_word' id='word_1_797' title='bbox 2788 5084 2879 5149; x_wconf 72' lang='lat'><strong>28,</strong></span> <span class='ocrx_word' id='word_1_798' title='bbox 2915 5084 3033 5139; x_wconf 89' lang='lat' dir='ltr'><strong>auri</strong></span> <span class='ocrx_word' id='word_1_799' title='bbox 3093 5084 3303 5155; x_wconf 69' lang='lat' dir='ltr'><strong>siliqua:</strong></span> <span class='ocrx_word' id='word_1_800' title='bbox 3333 5083 3405 5140; x_wconf 75' lang='grc'><strong>24</strong></span> <span class='ocrx_word' id='word_1_801' title='bbox 3434 5089 3647 5155; x_wconf 79' lang='lat' dir='ltr'><strong>argenti</strong></span> 
     </span>
    </p>
   </div>
   <div class='ocr_carea' id='block_1_110' title="bbox 2068 5172 3648 5244">
    <p class='ocr_par' dir='ltr' id='par_1_110' title="bbox 2068 5172 3648 5244">
     <span class='ocr_line' id='line_1_110' title="bbox 2068 5172 3648 5244; baseline 0.001 -13"><span class='ocrx_word' id='word_1_802' title='bbox 2068 5175 2328 5231; x_wconf 84' lang='lat' dir='ltr'><strong>valebunt</strong></span> <span class='ocrx_word' id='word_1_803' title='bbox 2353 5172 2478 5229; x_wconf 78' lang='lat'><strong>356.</strong></span> <span class='ocrx_word' id='word_1_804' title='bbox 2512 5172 2643 5240; x_wconf 74' lang='lat' dir='ltr'><strong>Quae</strong></span> <span class='ocrx_word' id='word_1_805' title='bbox 2672 5188 2775 5244; x_wconf 87' lang='lat' dir='ltr'><strong>per</strong></span> <span class='ocrx_word' id='word_1_806' title='bbox 2804 5175 2873 5229; x_wconf 72' lang='lat'><strong>28</strong></span> <span class='ocrx_word' id='word_1_807' title='bbox 2902 5174 3089 5230; x_wconf 78' lang='lat' dir='ltr'><strong>divisa.-</strong></span> <span class='ocrx_word' id='word_1_808' title='bbox 3129 5174 3262 5229; x_wconf 85' lang='lat' dir='ltr'><strong>dant</strong></span> <span class='ocrx_word' id='word_1_809' title='bbox 3296 5173 3385 5232; x_wconf 75' lang='grc'><strong>12.</strong></span> <span class='ocrx_word' id='word_1_810' title='bbox 3426 5172 3648 5233; x_wconf 64' lang='grc' dir='ltr'><strong>υιιοάοέ</strong></span> 
     </span>
    </p>
   </div>
   <div class='ocr_carea' id='block_1_111' title="bbox 2068 5266 3647 5338">
    <p class='ocr_par' dir='ltr' id='par_1_111' title="bbox 2068 5266 3647 5338">
     <span class='ocr_line' id='line_1_111' title="bbox 2068 5266 3647 5338; baseline 0.004 -17"><span class='ocrx_word' id='word_1_811' title='bbox 2068 5267 2174 5322; x_wconf 91' lang='lat' dir='ltr'><strong>cim</strong></span> <span class='ocrx_word' id='word_1_812' title='bbox 2205 5267 2371 5337; x_wconf 88' lang='lat' dir='ltr'><strong>igitur</strong></span> <span class='ocrx_word' id='word_1_813' title='bbox 2408 5266 2651 5338; x_wconf 82' lang='lat' dir='ltr'><strong>argentei</strong></span> <span class='ocrx_word' id='word_1_814' title='bbox 2694 5281 2782 5328; x_wconf 88' lang='lat' dir='ltr'><strong>eo.</strong></span> <span class='ocrx_word' id='word_1_815' title='bbox 2809 5280 2920 5336; x_wconf 87' lang='lat' dir='ltr'><strong>quo</strong></span> <span class='ocrx_word' id='word_1_816' title='bbox 2952 5266 3089 5328; x_wconf 84' lang='lat' dir='ltr'><strong>dixi.</strong></span> <span class='ocrx_word' id='word_1_817' title='bbox 3130 5269 3370 5337; x_wconf 82' lang='lat' dir='ltr'><strong>pondere</strong></span> <span class='ocrx_word' id='word_1_818' title='bbox 3402 5268 3543 5335; x_wconf 87' lang='lat' dir='ltr'><strong>cusi,</strong></span> <span class='ocrx_word' id='word_1_819' title='bbox 3573 5270 3647 5327; x_wconf 66' lang='lat'><strong>24</strong></span> 
     </span>
    </p>
   </div>
   <div class='ocr_carea' id='block_1_112' title="bbox 2067 5356 3647 5428">
    <p class='ocr_par' dir='ltr' id='par_1_112' title="bbox 2067 5356 3647 5428">
     <span class='ocr_line' id='line_1_112' title="bbox 2067 5356 3647 5428; baseline 0.003 -15"><span class='ocrx_word' id='word_1_820' title='bbox 2067 5359 2188 5413; x_wconf 80' lang='lat' dir='ltr'><strong>auri</strong></span> <span class='ocrx_word' id='word_1_821' title='bbox 2212 5358 2443 5428; x_wconf 87' lang='lat' dir='ltr'><strong>siliquas</strong></span> <span class='ocrx_word' id='word_1_822' title='bbox 2464 5358 2736 5421; x_wconf 85' lang='lat' dir='ltr'><strong>valebant,</strong></span> <span class='ocrx_word' id='word_1_823' title='bbox 2752 5359 2867 5414; x_wconf 91' lang='lat' dir='ltr'><strong>sive</strong></span> <span class='ocrx_word' id='word_1_824' title='bbox 2891 5356 3126 5415; x_wconf 88' lang='lat' dir='ltr'><strong>solidum</strong></span> <span class='ocrx_word' id='word_1_825' title='bbox 3149 5375 3398 5426; x_wconf 86' lang='lat' dir='ltr'><strong>aureum,</strong></span> <span class='ocrx_word' id='word_1_826' title='bbox 3420 5369 3475 5417; x_wconf 90' lang='lat' dir='ltr'><strong>et</strong></span> <span class='ocrx_word' id='word_1_827' title='bbox 3497 5362 3647 5417; x_wconf 78' lang='grc' dir='ltr'><strong>δικέ-</strong></span> 
     </span>
    </p>
   </div>
   <div class='ocr_carea' id='block_1_113' title="bbox 2068 5449 3645 5521">
    <p class='ocr_par' dir='ltr' id='par_1_113' title="bbox 2068 5449 3645 5521">
     <span class='ocr_line' id='line_1_113' title="bbox 2068 5449 3645 5521; baseline 0.005 -20"><span class='ocrx_word' id='word_1_828' title='bbox 2068 5466 2220 5521; x_wconf 84' lang='grc' dir='ltr'><strong>ρατοι</strong></span> <span class='ocrx_word' id='word_1_829' title='bbox 2252 5450 2471 5519; x_wconf 87' lang='lat' dir='ltr'><strong>proprie</strong></span> <span class='ocrx_word' id='word_1_830' title='bbox 2496 5449 2853 5515; x_wconf 79' lang='lat' dir='ltr'><strong>vocabantur,</strong></span> <span class='ocrx_word' id='word_1_831' title='bbox 2877 5449 3216 5507; x_wconf 89' lang='lat' dir='ltr'><strong>didrachmis</strong></span> <span class='ocrx_word' id='word_1_832' title='bbox 3243 5453 3484 5509; x_wconf 86' lang='lat' dir='ltr'><strong>minores</strong></span> <span class='ocrx_word' id='word_1_833' title='bbox 3514 5464 3645 5510; x_wconf 77' lang='lat' dir='ltr'><strong>orto</strong></span> 
     </span>
    </p>
   </div>
   <div class='ocr_carea' id='block_1_114' title="bbox 2066 5539 3640 5611">
    <p class='ocr_par' dir='ltr' id='par_1_114' title="bbox 2066 5539 3640 5611">
     <span class='ocr_line' id='line_1_114' title="bbox 2066 5539 3640 5611; baseline 0.003 -15"><span class='ocrx_word' id='word_1_834' title='bbox 2066 5541 2302 5611; x_wconf 88' lang='lat' dir='ltr'><strong>siliquis.</strong></span> <span class='ocrx_word' id='word_1_835' title='bbox 2342 5540 2463 5596; x_wconf 74' lang='lat' dir='ltr'><strong>Jam</strong></span> <span class='ocrx_word' id='word_1_836' title='bbox 2505 5555 2638 5596; x_wconf 91' lang='lat' dir='ltr'><strong>vero</strong></span> <span class='ocrx_word' id='word_1_837' title='bbox 2676 5555 2742 5595; x_wconf 81' lang='lat' dir='ltr'><strong>ex</strong></span> <span class='ocrx_word' id='word_1_838' title='bbox 2791 5539 3069 5597; x_wconf 89' lang='lat' dir='ltr'><strong>Glossario</strong></span> <span class='ocrx_word' id='word_1_839' title='bbox 3118 5541 3182 5597; x_wconf 78' lang='grc' dir='ltr'><strong>Β.</strong></span> <span class='ocrx_word' id='word_1_840' title='bbox 3226 5542 3286 5597; x_wconf 85' lang='grc' dir='ltr'><strong>Ρ.</strong></span> <span class='ocrx_word' id='word_1_841' title='bbox 3335 5545 3640 5611; x_wconf 81' lang='lat' dir='ltr'><strong>Sismondi,</strong></span> 
     </span>
    </p>
   </div>
   <div class='ocr_carea' id='block_1_115' title="bbox 2063 5631 3640 5705">
    <p class='ocr_par' dir='ltr' id='par_1_115' title="bbox 2063 5631 3640 5705">
     <span class='ocr_line' id='line_1_115' title="bbox 2063 5631 3640 5705; baseline 0.004 -17"><span class='ocrx_word' id='word_1_842' title='bbox 2063 5632 2211 5705; x_wconf 89' lang='lat' dir='ltr'><strong>quod</strong></span> <span class='ocrx_word' id='word_1_843' title='bbox 2240 5633 2497 5704; x_wconf 85' lang='lat' dir='ltr'><strong>superius</strong></span> <span class='ocrx_word' id='word_1_844' title='bbox 2526 5631 2871 5695; x_wconf 85' lang='lat' dir='ltr'><strong>adduximus,</strong></span> <span class='ocrx_word' id='word_1_845' title='bbox 2907 5641 3075 5702; x_wconf 70' lang='lat' dir='ltr'><strong>patet,</strong></span> <span class='ocrx_word' id='word_1_846' title='bbox 3105 5649 3249 5689; x_wconf 86' lang='lat' dir='ltr'><strong>cxxv</strong></span> <span class='ocrx_word' id='word_1_847' title='bbox 3276 5636 3640 5695; x_wconf 74' lang='lat' dir='ltr'><strong>milliareuses</strong></span> 
     </span>
    </p>
   </div>
   <div class='ocr_carea' id='block_1_116' title="bbox 2064 5722 3636 5798">
    <p class='ocr_par' dir='ltr' id='par_1_116' title="bbox 2064 5722 3636 5798">
     <span class='ocr_line' id='line_1_116' title="bbox 2064 5722 3636 5798; baseline 0.001 -18"><span class='ocrx_word' id='word_1_848' title='bbox 2064 5732 2351 5798; x_wconf 88' lang='lat' dir='ltr'><strong>argenteos</strong></span> <span class='ocrx_word' id='word_1_849' title='bbox 2382 5738 2575 5779; x_wconf 90' lang='lat' dir='ltr'><strong>novem</strong></span> <span class='ocrx_word' id='word_1_850' title='bbox 2611 5722 3002 5793; x_wconf 89' lang='lat' dir='ltr'><strong>propemodum</strong></span> <span class='ocrx_word' id='word_1_851' title='bbox 3035 5724 3228 5781; x_wconf 88' lang='lat' dir='ltr'><strong>solidis</strong></span> <span class='ocrx_word' id='word_1_852' title='bbox 3283 5728 3488 5784; x_wconf 79' lang='lat' dir='ltr'><strong>valere.</strong></span> <span class='ocrx_word' id='word_1_853' title='bbox 3518 5726 3636 5793; x_wconf 85' lang='lat' dir='ltr'><strong>Qua</strong></span> 
     </span>
    </p>
   </div>
   <div class='ocr_carea' id='block_1_117' title="bbox 2062 5813 3638 5890">
    <p class='ocr_par' dir='ltr' id='par_1_117' title="bbox 2062 5813 3638 5890">
     <span class='ocr_line' id='line_1_117' title="bbox 2062 5813 3638 5890; baseline 0 -16"><span class='ocrx_word' id='word_1_854' title='bbox 2062 5817 2279 5874; x_wconf 86' lang='lat' dir='ltr'><strong>ratione</strong></span> <span class='ocrx_word' id='word_1_855' title='bbox 2320 5829 2467 5871; x_wconf 75' lang='lat' dir='ltr'><strong>Lxxu</strong></span> <span class='ocrx_word' id='word_1_856' title='bbox 2509 5813 2669 5873; x_wconf 86' lang='lat' dir='ltr'><strong>solidi</strong></span> <span class='ocrx_word' id='word_1_857' title='bbox 2704 5815 2956 5872; x_wconf 88' lang='lat' dir='ltr'><strong>millenos</strong></span> <span class='ocrx_word' id='word_1_858' title='bbox 2995 5817 3221 5890; x_wconf 86' lang='lat' dir='ltr'><strong>exigunt</strong></span> <span class='ocrx_word' id='word_1_859' title='bbox 3249 5819 3638 5875; x_wconf 70' lang='lat' dir='ltr'><strong>milliareuses.</strong></span> 
     </span>
    </p>
   </div>
  </div>
