3978 6220
343 371 449 430 589

1561 367 1654 422 DE
1686 363 1914 423 FOLLE
1964 357 2380 421 MILIARENSL

3483 365 3584 424 suo

343 486 653 540 Detraetum
708 491 793 540 est
853 483 1020 556 igitur
1074 482 1141 540 de
1190 491 1572 556 argenteorum
1631 481 1908 552 pondere,
1939 487 1984 543 Α
2016 479 2178 533 tnodo
2215 487 2270 534 et
2325 477 2583 535 denarius
2617 485 2775 533 antea
2815 478 2964 534 librae
2997 479 3159 535 unius
3198 488 3255 535 ὀι
3296 483 3582 551 unciarum

345 578 579 647 indeque
620 577 982 634 milliarenses
1025 578 1285 647 appellari
1324 577 1507 646 empti,
1553 582 1909 645 posteaquam

347 669 496 724 mille
521 669 575 724 in
603 681 824 723 auream
859 667 1052 722 libram
1086 666 1336 737 imputati
1369 673 1514 722 sunt.
1546 663 1754 719 llorum
1779 676 1912 716 vero

345 759 410 815 ad
439 759 649 829 argenti
684 758 876 814 libram
910 757 1202 822 rationem,
1237 772 1302 811 ac
1334 757 1546 828 pondus
1577 754 1766 811 eadem
1799 755 1909 819 via,

343 863 506 920 quam
538 849 790 918 superius
833 847 1153 913 institimus,
1200 847 1328 902 licet
1372 847 1667 917 inquirere.
1715 846 1912 900 Millia-

343 957 531 996 renses
584 942 640 995 in
693 942 904 1012 argenti
946 943 1113 997 libras
1159 943 1573 1013 quatuordeeim
1623 942 1737 995 sive
1781 941 1912 994 dra-

344 1033 533 1088 chmas
570 1033 727 1100 1541,
761 1035 1147 1105 percutiuntur
1177 1036 1345 1090 mille.
1387 1033 1598 1088 Habent
1635 1048 1765 1104 ergo
1799 1033 1915 1088 sin-

343 1123 454 1193 guli
488 1123 806 1178 drachmam
841 1140 1025 1187 unam,
1052 1133 1111 1181 et
1151 1136 1410 1196 praeterea
1442 1125 1633 1182 obolos
1667 1126 1824 1191 duos,
1860 1132 1914 1180 et

345 1215 448 1287 1/5
464 1216 708 1288 siliquae;
734 1217 835 1272 hoc
862 1224 948 1272 est
985 1217 1213 1287 siliquas
1239 1217 1310 1272 21
1336 1217 1459 1287 1/5.
1492 1215 1596 1272 Sed
1617 1217 1689 1272 21
1705 1217 1917 1287 siliquae

345 1316 656 1365 sumantur.
700 1307 865 1364 [idem
900 1310 1142 1381 argentei
1185 1310 1566 1380 superioribus
1613 1310 1916 1381 δικεράτοις

347 1400 592 1456 minores
636 1407 766 1454 sunt
806 1408 960 1456 sexta
996 1401 1108 1457 fere
1140 1401 1228 1456 sui
1275 1410 1450 1472 parte,
1483 1400 1750 1472 majorum
1784 1397 1917 1456 vero

348 1490 606 1558 septima.
640 1488 874 1546 Proinde
905 1490 948 1547 si
979 1491 1048 1546 28
1073 1492 1288 1562 siliquae
1309 1492 1429 1546 auri
1461 1492 1674 1562 siliquis
1703 1491 1916 1548 duabus

347 1581 729 1648 aestimantur,
766 1582 821 1636 in
871 1581 1306 1653 quartadecupla
1346 1583 1464 1636 auri
1515 1582 1584 1637 ad
1635 1591 1914 1652 argentum

348 1673 725 1742 proportione,
753 1673 824 1728 24
854 1675 1066 1745 argenti
1097 1675 1336 1746 siliquae,
1369 1675 1491 1730 auri
1531 1675 1728 1746 siliqua
1771 1676 1918 1730 valc-

345 1762 482 1816 bunt
516 1763 542 1815 1
578 1762 705 1832 5/6.
725 1764 901 1834 Atque
918 1766 1104 1821 eadem
1124 1765 1406 1836 proportio
1423 1766 1480 1820 in
1508 1767 1780 1836 argenteis
1803 1766 1919 1821 sin-

345 1854 487 1924 gulis
544 1854 688 1908 inter
745 1871 867 1912 sese
925 1858 1254 1926 comparatis
1281 1857 1527 1913 cernitur
1577 1877 1592 1913 :

349 1961 692 2001 summarum
729 1948 1010 2020 ipsarum,
1074 1965 1196 2020 quae
1251 1951 1543 2020 utrobique
1594 1952 1649 2005 in
1709 1951 1920 2022 argenti

348 2035 520 2092 libras
570 2039 990 2108 quatuordecim
1047 2042 1398 2096 conveniunt.
1439 2037 1512 2097 Ut
1551 2043 1698 2097 enim
1744 2042 1921 2098 mille-

347 2130 543 2186 narius
568 2145 828 2186 numerus
850 2132 1078 2203 septima
1105 2133 1216 2190 fere
1245 2135 1330 2190 sui
1357 2142 1531 2205 parte,
1558 2135 1662 2189 hoc
1690 2145 1774 2190 est
1799 2128 1921 2200 136,

347 2219 526 2290 major
556 2230 639 2278 est
677 2237 843 2293 quam
873 2223 1002 2287 864,
1054 2225 1212 2296 cujus
1261 2232 1414 2281 sexta
1463 2223 1576 2281 fere
1616 2239 1744 2295 pars
1796 2233 1924 2279 sunt

349 2312 484 2368 156:
517 2313 596 2367 ita
623 2313 693 2368 28
717 2314 926 2386 siliquae
958 2325 1222 2385 superant
1253 2315 1323 2370 21
1366 2318 1598 2387 septima
1625 2315 1712 2370 sui
1746 2323 1923 2386 parte,

347 2419 552 2474 nempe
572 2404 629 2468 4,
664 2421 784 2475 quae
815 2415 898 2462 est
927 2415 1080 2462 sexta
1115 2423 1244 2476 pars
1270 2407 1360 2462 24.
1393 2407 1759 2474 Quamobrem
1789 2422 1916 2462 cum

349 2495 588 2550 duarum
625 2497 945 2568 siliquarum
993 2499 1110 2553 auri
1147 2502 1377 2569 pretium
1426 2499 1671 2570 argentei
1720 2499 1924 2570 singuli

349 2604 460 2642 non
504 2597 813 2659 exaequent,
843 2590 940 2648 sed
981 2591 1195 2648 duabus
1225 2592 1476 2662 septimis
1511 2592 1677 2648 unius
1711 2593 1926 2662 siliquae

352 2680 544 2735 minus
599 2680 877 2747 habeant,
928 2697 1037 2736 non
1077 2682 1192 2752 jam
1244 2698 1320 2737 xu
1387 2682 1660 2753 argenteis
1719 2682 1927 2738 solidus

352 2769 741 2833 mstimabitur,
767 2769 863 2825 sed
897 2770 1310 2840 quatuordecim
1345 2768 1476 2826 fere.

427 2860 637 2915 Verum
667 2860 931 2919 Glossarii
961 2863 1051 2917 ille
1077 2863 1230 2918 locus
1275 2862 1586 2916 accuratius
1616 2861 1927 2933 expenden-

355 2953 462 3008 dus
515 2961 676 3023 atque
733 2953 1090 3009 illustrandus
1137 2954 1370 3010 videtur.
1419 2951 1516 3010 Est
1566 2954 1709 3009 enim
1776 2968 1970 3010 seru-~

357 3048 555 3115 pulosa
601 3056 656 3101 et
697 3047 861 3101 anxia
914 3047 1267 3101 minutiarum
1303 3047 1414 3101 illic
1461 3045 1674 3101 fractio.
1725 3045 1932 3101 Folletn

358 3138 533 3209 igitur
560 3137 830 3192 afﬁrmant
868 3153 1135 3194 summam
1165 3153 1287 3194 esse
1323 3145 1702 3210 argenteorum
1735 3137 1934 3192 millia-

358 3230 607 3284 rensium
659 3243 836 3284 cxxv:
892 3242 1126 3298 quorum
1177 3227 1406 3298 quilibet
1457 3226 1711 3297 siliquam
1765 3241 1931 3281 uuam

361 3321 532 3377 habet
568 3337 692 3376 eum
733 3321 1032 3386 dodrante,
1073 3320 1176 3376 hoc
1208 3331 1292 3376 est
1335 3333 1495 3375 unam
1532 3319 1847 3384 dimidiam,
1880 3325 1936 3374 et

365 3427 534 3466 unam
564 3419 824 3482 praeterea
862 3419 1134 3483 quartam.
1176 3412 1233 3466 Ὁ
1261 3411 1318 3464 δὲ
1351 3408 1534 3482 eam;
1561 3410 1802 3484 ἀργύρια
1823 3427 1935 3464 τοι·

363 3502 512 3556 αὕτα
544 3510 683 3575 pars"
720 3501 754 3557 ἃ
781 3503 991 3557 ποιοῦσι
1023 3503 1247 3574 κεράτια
1282 3509 1406 3574 σιη’,
1436 3501 1530 3556 καὶ
1555 3501 1830 3573 νούμμους
1858 3501 1933 3554 0¹⁶

365 3595 492 3666 ἦτοι
525 3595 661 3666 πρὸς
689 3594 750 3647 τὸ
783 3595 878 3650 νῦν
910 3595 1142 3667 κρατοῦν
1186 3594 1506 3667 μιλιαρίσια,
1534 3593 1632 3665 ρθν,
1657 3594 1753 3647 καὶ
1780 3592 1940 3663 νούμ.

371 3704 512 3757 μους
533 3687 599 3752 θ’,
625 3687 882 3758 γινόμενα
909 3689 967 3741 ὲν
992 3689 1309 3759 χαράγμασι
1338 3685 1647 3756 νομίσματα
1670 3683 1712 3737 0'
1754 3684 1937 3755 μιλια-

373 3779 547 3849 ρίσιον
579 3778 662 3841 ἓν,
687 3778 919 3848 νοῦμμοι
947 3778 1011 3832 θ’.
1057 3777 1156 3833 llic
1184 3777 1458 3849 νούμμους
1496 3791 1606 3830 non
1636 3776 1832 3832 usitata
1864 3777 1941 3831 si-

370 3868 726 3938 gniﬁcatione
751 3869 870 3921 ἀντὶ
901 3866 994 3921 τοῦ
1037 3867 1387 3938 νομίσματος,
1433 3880 1532 3935 pro
1574 3864 1748 3925 solido
1790 3863 1942 3918 vide-

375 3949 506 4013 licet
564 3966 618 4012 et
675 3972 841 4012 aureo
894 3959 1170 4029 sumpsit,
1231 3955 1689 4028 quemadmodum
1741 3954 1942 4008 eaedem

375 4049 584 4104 Glossze
620 4047 890 4118 νούμμους
917 4049 985 4102 τὰ
1019 4049 1327 4119 νομίσματα
1356 4048 1800 4118 interpretantur.
1839 4046 1946 4102 Sed

376 4159 483 4214 pro
523 4140 768 4195 minutiis
803 4141 915 4195 sive
965 4141 1301 4209 ponderum,
1350 4141 1464 4195 sive
1512 4141 1943 4202 nummulorum,

376 4249 504 4304 quae
531 4231 796 4288 duodena:
839 4231 893 4285 in
945 4231 1197 4300 siliquam
1248 4230 1576 4294 incurrunt,
1628 4229 1708 4283 uti
1758 4228 1942 4283 statim

375 4326 601 4397 planum
656 4322 922 4379 cilicium:
973 4321 1214 4392 νόμισμα
1265 4335 1394 4375 vero
1446 4319 1664 4390 proprie
1711 4319 1948 4377 solidum

378 4414 676 4485 appellant,
715 4427 835 4482 qua:
875 4411 976 4466 fuit
1029 4413 1230 4468 usitata
1269 4412 1420 4467 illius
1472 4412 1734 4482 acceptio.
1792 4413 1951 4468 Glos-

2017 572 2180 622 trium
2213 569 2429 638 pondus
2475 577 2628 635 erat;
2673 571 2758 626 vel
2801 573 3105 628 tenuissimi
3136 575 3364 642 nummi,
3397 576 3586 645 cujus-

2015 659 2162 714 modi
2221 661 2278 714 in
2342 661 2598 731 siliquam
2650 679 2759 729 xu,
2796 665 2850 718 in
2899 665 3180 737 δικέρατον
3231 677 3584 739 argenteum,

2019 764 2144 805 ntv
2197 752 2362 804 tax-ali
2411 763 2556 807 sunt.
2605 753 2848 824 Cumque
2889 756 3149 828 χάραγμα
3185 758 3453 829 νόμισμα,
3498 762 3584 814 vel

2017 842 2250 907 solidus,
2300 844 2516 914 siliquis
2546 852 2759 900 constet
2798 863 2955 911 χχιιι,
3011 864 3202 902 novem
3259 865 3390 904 vero
3425 851 3584 905 solidi

2017 935 2234 1004 siliquis
2262 950 2417 990 ccxvt
2454 935 2850 993 :milliarenses
2874 954 3034 1002 cxxv,
3060 942 3222 1010 paulo
3247 941 3369 1010 plus
3395 944 3584 999 solidis

2017 1040 2210 1081 novem
2238 1027 2599 1092 aestimantur,
2630 1043 2823 1097 nempe
2848 1030 3060 1085 duabus
3109 1035 3339 1102 amplius
3371 1035 3584 1106 siliquis

2016 1125 2070 1172 et
2103 1117 2387 1173 dodrante.
2412 1117 2486 1172 Ex
2511 1134 2619 1188 quo
2651 1123 2895 1190 sequitur
2919 1123 3276 1182 milliarenses
3297 1138 3583 1198 argenteos

2016 1208 2184 1272 mille,
2221 1208 2436 1279 siliquis
2469 1210 2588 1263 auri
2615 1212 2794 1266 valere
2829 1212 2990 1279 1750,
3025 1216 3116 1283 qui
3154 1225 3282 1272 sunt
3322 1219 3481 1274 solidi
3507 1221 3576 1275 72

2017 1307 2067 1354 et
2103 1299 2315 1370 siliquae
2341 1300 2432 1365 22,
2467 1317 2576 1372 quo
2618 1303 2938 1374 siliquarum
2973 1322 3202 1364 numero
3245 1311 3435 1366 libram
3485 1329 3584 1368 auo

2017 1404 2167 1444 ream
2202 1392 2494 1447 excedunt.
2543 1393 2677 1448 Nam
2713 1397 2756 1450 si
2805 1397 3038 1476 solidum
3072 1415 3196 1454 xxrv
3238 1403 3453 1474 siliquis
3487 1406 3616 1462 de—'

2019 1479 2200 1540 ﬁnias.
2232 1481 2303 1535 72
2336 1483 2521 1550 solidi,
2547 1494 2685 1555 quot
2711 1486 2768 1541 in
2797 1487 2991 1542 libram
3026 1492 3143 1546 cusi
3173 1501 3325 1558 sunt,
3357 1495 3585 1567 siliquas

2018 1569 2273 1627 auferunt
2317 1572 2459 1628 1728
2498 1592 2511 1628 :
2571 1577 2772 1645 quibus
2822 1581 3084 1636 accedunt
3137 1584 3258 1638 dua:
3294 1595 3348 1641 et
3395 1589 3587 1660 viginti

2020 1662 2342 1732 superﬂuat,
2403 1681 2527 1734 qua:
2581 1677 2963 1738 argenteorum
3019 1676 3378 1733 millenarium
3425 1683 3582 1752 peril-

2023 1759 2197 1810 ciunt.
2221 1756 2357 1812 Nam
2385 1760 2597 1829 siliquae
2631 1761 2771 1817 1728
2804 1765 3162 1822 milliarenses
3190 1769 3454 1827 duntaxat
3484 1768 3587 1830 987

1663 1873 1786 1929 qua;
1835 1866 1920 1912 εει
1953 1829 1995 1886 Β
2019 1857 2074 1902 et
2100 1849 2207 1918 5/7
2224 1851 2466 1920 exigunt,
2506 1853 2772 1922 siquidem
2809 1856 3021 1925 siliqua:
3052 1858 3188 1914 1750
3230 1829 3590 1922 miiliarenscs

2024 1940 2092 1994 12
2114 1940 2219 2010 4/7
2238 1944 2522 2012 requirunt
2547 1962 2561 1999 :
2597 1955 2654 2000 ut
2673 1949 3043 2018 unusquisque
3074 1952 3301 2022 siliquas
3318 1954 3454 2011 duas
3483 1973 3590 2011 uno

2017 2035 2320 2103 quadrante
2341 2039 2526 2094 minus
2556 2038 2772 2107 habeat,
2792 2056 2886 2097 seu
2919 2044 3170 2114 siliquam
3204 2063 3364 2102 unam
3393 2058 3445 2105 et
3460 2051 3588 2122 5/1.

2021 2128 2200 2196 Atque
2225 2127 2327 2182 hoc
2359 2137 2538 2198 pacto,
2565 2131 2610 2185 si
2645 2133 2943 2190 constituta
2972 2137 3080 2192 illis
3107 2142 3442 2209 temporibus
3471 2145 3588 2199 auri

2023 2217 2093 2271 ad
2139 2229 2424 2288 argentum
2476 2227 2758 2294 proportio
2789 2229 3218 2300 quartadecupla
3267 2238 3588 2303 retineatur,

2021 2306 2182 2363 divisi
2211 2307 2311 2363 987
2354 2312 2714 2370 milliareuses
2739 2332 2837 2386 per
2867 2319 2934 2373 1-1
2965 2320 3171 2376 dabunt
3200 2325 3254 2378 in
3285 2325 3452 2382 libras
3479 2329 3593 2383 sin-

2023 2401 2180 2472 gulas
2210 2402 2573 2461 milliarenses
2608 2406 2721 2462 fere
2763 2410 2829 2465 70
2859 2411 2982 2481 1/2.
3015 2413 3116 2479 Qui
3139 2431 3203 2468 ex
3233 2416 3507 2474 drachmis
3524 2419 3594 2474 96

2026 2493 2243 2550 deducti
2275 2497 2490 2567 pondus
2543 2501 2841 2570 unicuique
2892 2505 3210 2562 milliarensi
3279 2511 3594 2580 relinquunt

2026 2581 2302 2640 drachmis
2349 2588 2551 2654 unitas,
2597 2597 2651 2644 et
2704 2591 3026 2662 siliquarum
3076 2610 3172 2651 sex
3208 2595 3339 2665 fere,
3366 2599 3470 2654 hoc
3513 2608 3598 2655 est

2034 2675 2360 2747 siliquarum
2395 2679 2486 2734 24.
2529 2680 2692 2752 Atqui
2727 2692 2856 2738 tunc
2889 2685 3230 2745 miliarenses
3259 2691 3406 2745 mille
3433 2693 3597 2762 paulo

2037 2766 2160 2836 plus
2189 2767 2308 2821 auri
2333 2767 2470 2822 libra
2488 2769 2797 2826 conﬁcient.
2819 2771 3085 2838 Quocirca
3099 2775 3388 2830 videndum
3409 2791 3478 2832 an
3503 2789 3600 2848 per

2032 2857 2163 2912 illud
2188 2865 2402 2927 tempus
2427 2860 2635 2915 solidus
2659 2863 2821 2930 paulo
2844 2863 2966 2932 plus
2985 2863 3055 2918 24
3078 2864 3290 2936 siliquis
3317 2867 3596 2936 penderet,

2033 2948 2136 3001 hoc
2157 2957 2241 3003 est
2269 2957 2528 3019 prmterea
2574 2951 2756 3022 22/72
2799 2954 2914 3009 sive
2947 2955 3007 3008 11
3017 2955 3123 3023 /56
3174 2958 3335 3014 unius
3367 2958 3596 3030 siliquae.

2033 3039 2142 3094 Aut
2172 3049 2320 3096 certe
2347 3056 2414 3096 ex
2454 3043 2572 3097 auri
2609 3044 2743 3099 libra
2777 3053 2970 3116 praeter
2997 3047 3068 3100 72
3117 3049 3343 3116 solidos,
3379 3059 3598 3120 septuas

2037 3131 2277 3201 gesimus
2304 3133 2500 3188 tertius
2540 3134 2730 3200 levior,
2765 3151 2828 3188 ac
2857 3135 3182 3206 siliquarum
3220 3143 3598 3196 tantummodo

2035 3219 2106 3275 22
2151 3223 2587 3290 pereutiebatur;
2626 3233 2682 3278 ut
2728 3239 2852 3278 cmn
2896 3227 3321 3284 milliarensibus
3365 3231 3599 3288 millenis

2037 3313 2155 3368 auri
2187 3313 2324 3368 libra
2355 3316 2572 3384 penitus
2602 3316 2997 3388 adaequaretur.
3028 3319 3210 3390 Pergit
3239 3319 3598 3383 Glossarium,

2041 3412 2096 3460 et
2122 3405 2482 3462 milliarenses
2514 3407 2654 3462 istos
2688 3407 2815 3467 125.
2849 3409 2893 3464 si
2930 3409 2997 3462 ad
3041 3425 3304 3464 novorum
3338 3421 3600 3467 eanoneut

2039 3497 2358 3568 exigantur,
2403 3513 2524 3554 esse
2571 3498 2703 3552 dicit
2750 3499 2888 3565 109,
2943 3514 3006 3553 ac
3052 3516 3304 3557 nummos
3349 3511 3604 3571 prasterea

2039 3605 2272 3655 novem;
2323 3591 2466 3645 unde
2508 3591 2641 3646 ﬁunt
2679 3592 2837 3647 solidi
2880 3592 3339 3665 δῖνα-νομίσματα
3391 3611 3603 3658 novem,

2041 3697 2166 3737 cum
2198 3697 2308 3737 uno
2342 3683 2701 3750 milliarensi,
2737 3693 2790 3738 et
2818 3685 3058 3740 nummis
3109 3685 3216 3741 illis
3250 3687 3477 3757 reliquis
3507 3704 3608 3744 uo.-

2041 3789 2182 3828 vem.
2215 3773 2347 3840 Quae
2379 3777 2543 3830 verba
2589 3778 2726 3831 satis
2769 3777 3011 3833 indicant
3046 3780 3279 3834 reditum
3319 3789 3504 3850 postea
3539 3782 3606 3834 ad

2044 3864 2405 3920 milliarenses
2457 3865 2578 3921 illos
2614 3867 2930 3938 δικεράτους
2976 3868 3165 3925 fuisse.
3215 3870 3349 3923 Nam
3407 3873 3610 3925 ceratia

2043 3951 2149 4004 218
2183 3952 2226 4005 si
2258 3952 2314 4006 in
2354 3953 2455 4007 109
2495 3955 2752 4022 partiare,
2788 3955 2921 4009 dant
2955 3957 3247 4026 unicuique
3287 3959 3608 4014 milliarensi

2047 4042 2275 4110 siliquas
2319 4043 2439 4096 auri
2479 4044 2656 4100 duas:
2700 4045 3007 4114 cujusmodi
3055 4048 3380 4118 μιλιαρίετιον
3420 4050 3478 4102 τὸ
3519 4051 3613 4104 νῦν

2047 4132 2306 4204 κρατοῦν,
2345 4135 2541 4204 inquit,
2578 4137 2682 4191 hoc
2717 4144 2801 4192 est
2829 4138 2970 4207 ejus,
3005 4155 3115 4209 quo
3151 4141 3446 4206 scribebat,
3478 4151 3614 4197 tem-

2049 4222 2202 4291 poris
2246 4225 2567 4294 proprium,
2623 4226 2802 4296 majus
2849 4238 2965 4283 erat
3015 4229 3230 4299 priore,
3280 4232 3441 4300 paulo
3491 4233 3617 4303 plus

2052 4311 2283 4382 septima
2314 4325 2486 4384 parte.
2522 4315 2701 4381 Quare
2731 4317 2777 4372 si
2810 4317 2912 4372 109
2953 4318 3223 4388 ejusmodi
3263 4335 3455 4375 novem
3490 4323 3618 4377 solis

2054 4402 2154 4458 dos
2183 4403 2462 4468 exhibent,
2493 4405 2562 4458 72
2610 4407 2770 4462 solidi
2815 4407 2928 4465 sive
2973 4409 3112 4464 libra
3154 4411 3311 4478 auri,
3354 4411 3459 4467 872
3499 4415 3620 4468 mila

379 4506 586 4562 sarium
616 4504 835 4560 llenriei
866 4503 1126 4574 Stephani
1157 4505 1415 4576 νόμισμα,
1450 4504 1683 4569 solidus,-
1708 4512 1782 4571 et,
1816 4501 1947 4560 soli-
1981 4523 2028 4582 υ
2055 4495 2316 4550 “menses
2343 4495 2555 4552 elﬁciei-

379 4599 516 4665 dus,
559 4598 819 4669 νόμισμα.
869 4595 1014 4650 ldetn
1059 4604 1113 4650 et
1145 4595 1405 4667 χάραγμα
1453 4597 1797 4660 nominatur,
1829 4612 1950 4666 qua:

381 4702 469 4750 est
493 4692 709 4762 prOprie
739 4691 910 4748 forma
949 4697 1003 4744 et
1031 4686 1253 4759 eﬂigies,
1285 4703 1448 4758 quam
1479 4689 1642 4742 etiam
1671 4688 1764 4742 τοῦ
1803 4688 1954 4759 νομί-

386 4800 592 4855 σματος
617 4797 721 4837 vox
753 4780 1026 4850 exprimit,
1058 4787 1279 4835 auctore
1313 4779 1479 4834 Suida
1505 4795 1519 4843 ;
1545 4793 1684 4832 cxxv
1714 4781 1952 4849 argentei

388 4876 746 4930 milliarenses
787 4872 989 4928 eeratia
1031 4872 1290 4942 colligunt
1323 4886 1554 4936 ccxvut,
1600 4877 1654 4925 et
1701 4885 1955 4925 nummos

389 4982 468 5030 ιιι,
501 4966 596 5035 qui
649 4971 778 5020 sunt
825 4962 1122 5019 secundum
1159 4962 1501 5026 hodiernum,
1544 4960 1741 5032 inquit,
1771 4976 1954 5028 usuin,

391 5057 752 5112 milliarenses
766 5071 875 5120 δικ,
894 5065 949 5110 et
973 5054 1178 5109 nummi
1204 5054 1362 5108 solidi
1392 5071 1466 5119 ix,
1491 5069 1614 5108 cum
1642 5054 1958 5110 tnilliarcnsi

395 5162 504 5202 uno
543 5153 597 5203 et
636 5145 876 5200 nummis
921 5145 1111 5199 tribus.
1142 5143 1297 5209 Quod
1331 5159 1431 5213 ego
1465 5144 1546 5199 sic
1586 5145 1956 5213 interpretor:

397 5240 757 5294 milliarenses
797 5235 994 5304 singuli
1031 5236 1260 5305 pretium
1286 5237 1484 5291 habent
1526 5252 1704 5291 aurea:
1748 5237 1963 5306 siliqua:

399 5329 563 5384 unius
588 5326 1043 5399 etquadrantium
1077 5323 1258 5378 trium.
1287 5324 1412 5379 Ideo
1435 5340 1574 5378 cvxv
1601 5323 1962 5379 milliarenses

402 5421 628 5492 siliquas
663 5433 858 5474 aureas
889 5416 1068 5471 valent
1098 5430 1296 5470 ccxvtu
1321 5430 1440 5469 cum
1474 5415 1650 5470 tribus
1690 5413 1965 5484 quadran-

401 5513 568 5568 tibus.
626 5511 738 5567 llos
799 5510 1132 5580 quadrantes
1188 5505 1426 5561 nummis
1483 5521 1677 5561 novem
1753 5507 1963 5562 deﬁnit.

403 5602 637 5658 Proinde
681 5603 876 5672 siliqua
910 5598 1197 5655 duodecim
1230 5612 1482 5653 nummos
1517 5597 1698 5661 habet,
1728 5613 1962 5667 quorum

407 5686 644 5749 dodrans
678 5695 791 5749 sive
816 5705 927 5750 tres
948 5691 1276 5764 quadrantes
1299 5698 1429 5746 sum
1462 5705 1676 5746 novem.
1720 5689 1966 5760 Suntque

409 5786 635 5854 nummi,
669 5786 752 5843 vel
807 5785 1164 5858 ponderales,
1200 5784 1281 5840 uti
1329 5783 1463 5850 dixi,
1511 5781 1772 5851 minutim,
1825 5799 1968 5858 quo-

2129 4586 2235 4642 llas
2296 4605 2643 4644 nummorum
2690 4591 2879 4659 tricas,
2941 4608 3006 4646 ac
3057 4593 3318 4652 minutias
3359 4613 3468 4653 non
3504 4598 3624 4653 sine

2055 4681 2239 4750 aliquo
2267 4683 2499 4738 fortasse
2523 4684 2783 4738 lectorum
2813 4684 2992 4749 taedio,
3022 4689 3398 4758 scrupulosius
3429 4706 3625 4745 excus-

2056 4774 2250 4828 simus.
2290 4771 2486 4827 Verum
2525 4774 2657 4827 tanti
2689 4772 2832 4839 fuit,
2870 4775 3221 4831 milliarensis
3249 4791 3313 4830 ac
3360 4777 3523 4842 follis,
3556 4778 3623 4832 de

2058 4865 2260 4934 quibus
2293 4865 2404 4934 agit
2442 4865 2531 4918 hic
2582 4865 2942 4934 Epiphanius,
2985 4867 3115 4931 vim,
3171 4868 3460 4938 originem,
3496 4888 3624 4942 pro-

2061 4957 2452 5026 prietatemque
2484 4970 2815 5026 cognoscere
2848 4975 2860 5011 :
2893 4964 3006 5012 tum
3049 4959 3407 5017 inveteratum
3449 4964 3623 5035 illum,

2061 5055 2117 5101 et
2155 5063 2186 5100 a
2228 5045 2506 5118 Scaligero
2559 5048 2846 5117 probatum
2900 5064 3165 5114 errorem,
3211 5052 3278 5108 de
3308 5053 3628 5112 didrachmo

2064 5139 2380 5193 milliarensi
2420 5154 2484 5192 ae
2515 5140 2914 5195 tetradrachmo
2935 5141 3061 5197 folle
3090 5123 3435 5202 convincere.
3471 5147 3630 5214 Quod

2063 5230 2131 5286 de
2154 5229 2280 5285 folle
2313 5239 2435 5302 post
2465 5232 2625 5302 paulo
2651 5233 2954 5288 docebitur.
2972 5233 3052 5288 Ad
3086 5236 3470 5294 milliareusem
3501 5253 3628 5293 vero

2064 5325 2208 5394 quod
2260 5325 2474 5385 attinet,
2544 5335 2733 5378 eorum
2792 5341 2912 5395 quae
2963 5326 3227 5383 hactenus
3273 5312 3398 5383 sunt
3444 5329 3632 5398 dispu-

2067 5425 2178 5472 tata
2227 5432 2436 5472 summa
2478 5417 2548 5471 sit
2593 5435 2606 5471 :
2648 5418 3033 5474 milliareusem
3097 5425 3412 5488 argenteum
3462 5417 3632 5473 fuisse
3715 5457 3727 5464 υ

2068 5525 2370 5569 nummum,
2402 5525 2508 5563 non
2542 5509 2941 5573 didrachmum,
3003 5510 3096 5564 sed
3143 5509 3423 5577 aliquanto
3453 5508 3633 5562 mino:

2068 5617 2203 5666 rem,
2231 5602 2323 5674 qui
2357 5603 2491 5657 alias
2519 5603 2731 5658 duabus
2763 5604 2880 5657 auri
2915 5601 3147 5669 siliquis,
3185 5601 3320 5653 alias
3354 5599 3512 5669 paulo
3533 5599 3637 5654 mla

2070 5708 2203 5749 uore
2242 5694 2416 5764 pretio
2447 5704 2781 5764 permutatas
2805 5703 2906 5755 est,
2938 5691 3233 5759 itidemque
3266 5691 3432 5745 levior
3471 5691 3629 5761 alias,

2072 5784 2206 5841 alias
2237 5785 2453 5857 gravior
2479 5783 2706 5840 exstitit.
2747 5781 2823 5836 Ac
2850 5789 2962 5835 tum
2993 5793 3115 5836 cum
3154 5777 3323 5834 levior
3344 5775 3482 5850 fuit,
3513 5769 3638 5832 mil-
