3978 6220
371 323 463 379 591

1489 312 1827 369 APPENDI‘K
1870 310 2496 369 DISSERTATIONUM.

3526 309 3627 356 me

3524 335 3635 363 υ.ῐῦ

376 439 560 493 lcsima
597 450 724 506 pars
780 435 880 491 fuit
932 451 1110 491 aureae
1149 434 1322 499 librae,
1370 431 1515 486 unde
1557 429 1884 503 μιλιαρίσιον
1924 446 1954 485 a
1989 440 2028 497 Α
2061 437 2228 495 retur,
2259 445 2324 485 ex
2348 437 2522 494 certo,
2549 435 2606 482 ut
2636 434 2884 500 apparet,
2920 440 3269 482 nummorum
3296 408 3495 498 genere
3519 427 3639 480 col-

373 532 596 599 Grtecis,
619 548 649 587 a
666 530 873 587 Latinis
900 525 1249 583 milliarensis
1283 523 1542 594 appellari
1568 525 1751 594 coepit.
1773 522 1947 589 Quam

373 626 536 681 etiam
564 626 636 681 ob
660 637 881 679 causam
930 616 1128 672 λεπτὸν
1158 615 1425 690 ἀργύριον
1471 623 1723 671 vocatum
1752 622 1855 679 est,
1893 620 1951 667 ut

375 728 407 768 a
431 713 768 778 didrachmo,
808 709 891 764 vel
932 705 1202 777 gravioris
1233 704 1493 775 ponderis
1537 714 1794 775 argenteo
1838 702 1950 755 dis-

374 814 636 874 creparet.
674 802 940 856 Caeterum
977 796 1247 867 ejusmodi
1283 795 1703 850 milliarensium
1738 792 1952 863 species

376 894 626 948 militaris
648 890 823 946 fuisse
855 889 1092 952 videtur,
1131 885 1274 957 quod
1312 885 1628 941 donativum
1660 899 1723 939 ac
1755 884 1955 953 stipen-

377 987 525 1042 dium
549 985 604 1039 in
621 999 686 1040 eo
707 996 905 1055 genere
930 982 1354 1052 persolveretur,
1381 993 1595 1033 necnon
1642 977 1953 1046 sparsioncs

376 1084 432 1131 et
460 1074 800 1145 erogationes
843 1073 898 1127 in
922 1071 1182 1142 populum
1216 1069 1405 1126 eodem
1427 1068 1522 1122 illo
1555 1065 1768 1133 ﬂerent,
1801 1071 1860 1120 ut
1886 1078 1952 1119 ex

374 1165 599 1221 Novella
627 1163 945 1229 Justiniani,
973 1177 1135 1233 quam
1177 1176 1342 1232 supra
1370 1161 1753 1232 produximus,
1787 1171 1954 1228 appa-

375 1266 479 1312 ret.
512 1254 651 1310 Hinc
681 1253 1068 1327 στρατιωτικὸν
1102 1251 1263 1323 δόμα,
1303 1251 1389 1307 vel
1416 1249 1589 1322 δῶρον
1621 1247 1954 1318 Epiphanius

372 1347 788 1416 interpretatur,
828 1351 883 1397 et
914 1342 1124 1397 Glossae
1153 1355 1277 1396 cum
1309 1354 1376 1396 eo
1410 1339 1520 1394 fere
1538 1352 1752 1393 omnes.
1790 1334 1955 1391 Glos-

372 1438 579 1491 sarium
609 1434 992 1490 P.Sirmondi:
1018 1431 1323 1485 Στιπένδιον
1358 1430 1392 1502 ἢ
1422 1428 1720 1501 τριϐοὖτον,
1749 1427 1812 1480 τὸ
1847 1426 1954 1480 ἀπὺ

370 1526 583 1582 λεπτῶν
627 1524 907 1599 ἀργυρίων
974 1523 1355 1594 συναγόμενον.
1420 1520 1550 1576 Item
1608 1537 1623 1573 :
1673 1517 1955 1571 Στιπένδια

371 1619 589 1687 λέγεται
620 1615 692 1670 τὰ
720 1615 959 1686 δημόσια
980 1652 996 1676 ,
1036 1612 1124 1666 διὰ
1161 1613 1223 1665 τὸ
1254 1612 1364 1665 ἀπὸ
1396 1609 1607 1663 λεπτῶν
1628 1606 1954 1676 συνάγεσθαι

374 1707 679 1782 ἀργυρίων.·
703 1707 783 1760 Τὰ
816 1705 955 1761 αὐτὰ
974 1704 1029 1757 δὲ
1051 1704 1145 1757 καὶ
1164 1702 1424 1774 τριϐοὖτα
1454 1701 1691 1766 λέγεται,
1728 1698 1835 1754 ἀπὸ
1860 1696 1953 1752 τοῦ

377 1774 699 1851 ὲέτίκλᾶσοαι
757 1799 867 1861 τοῖς
926 1795 1353 1850 καταϐάλλουσιν
1378 1832 1393 1858 ,
1450 1794 1484 1865 ἢ
1535 1791 1949 1865 ὲπιμερὶξεσθαι
1985 1774 2023 1832 Β

374 1891 490 1953 τοῖς
518 1888 894 1960 στρατιώταις.
931 1887 1072 1959 Ergo
1091 1886 1425 1956 stipendium
1466 1899 1496 1937 a
1539 1886 1700 1954 stipe,
1739 1884 1843 1938 hoc
1864 1889 1950 1939 est

375 1980 662 2035 minutulis
722 1978 983 2042 nummis,
1016 1993 1140 2049 quae
1178 1977 1350 2031 λεπτὰ
1394 1976 1632 2047 ἀργύρια
1659 1981 1948 2031 vocantur.

374 2067 617 2124 Tametsi
654 2069 1073 2125 milliarensium
1105 2069 1301 2124 modus
1316 2068 1451 2123 satis
1469 2081 1698 2137 magnus
1716 2065 1947 2121 videtur.

379 2160 486 2221 Sed
518 2160 876 2217 nihilominus
907 2167 963 2215 et
1016 2160 1159 2214 inter
1188 2160 1361 2214 λεπτά
1395 2166 1712 2214 numeratus
1742 2165 1847 2213 est.
1878 2156 1952 2213 De

377 2251 595 2315 λεπτοῖς
645 2251 894 2322 sequenti
939 2251 1141 2321 capite,
1191 2251 1284 2306 ubi
1327 2250 1396 2305 de
1442 2250 1567 2305 folle
1607 2248 1950 2311 disserimus,

379 2344 615 2413 amplius
647 2341 1016 2414 ageturallaec
1057 2358 1161 2398 nos
1199 2342 1399 2412 partim
1452 2341 1767 2411 conjectura
1807 2340 1948 2403 freti,

382 2435 580 2503 partim
610 2434 917 2491 cettissima
973 2433 1295 2490 Glossarum
1341 2441 1583 2489 veterum
1623 2434 1952 2489 auctoritate

380 2525 518 2589 nixi,
551 2525 620 2581 de
650 2525 971 2582 milliarensi
1006 2525 1356 2596 protulimus.
1387 2524 1560 2580 Erunt
1593 2525 1686 2596 qui
1716 2525 1951 2580 certiora

382 2616 617 2673 fortasse
660 2616 962 2672 conferent.
1000 2616 1208 2682 Quibus
1243 2633 1350 2674 non
1376 2618 1548 2672 modo
1585 2632 1694 2671 non
1737 2616 1950 2671 invide-

380 2708 582 2773 bimus,
615 2707 878 2764 sed-illud
914 2708 1050 2763 citra
1078 2709 1385 2764 convicium
1413 2716 1467 2763 et
1499 2707 1949 2763 obtrectationem

382 2798 431 2852 si
467 2797 714 2861 fecerint,
735 2797 880 2869 quod
901 2813 1103 2870 aegrea
1125 2799 1400 2869 plerisque
1432 2798 1723 2869 impetrare
1746 2799 1950 2869 possis,

384 2888 748 2945 libentissime
779 2889 834 2945 id
869 2904 971 2945 nos
1006 2900 1362 2959 accepturos;
1413 2890 1496 2945 sin
1531 2897 1810 2960 utcunque
1837 2905 1952 2946 me-

388 2980 523 3034 liora
555 2979 863 3042 docucrint,
897 2994 1224 3037 assensuros
1245 2996 1369 3036 esse
1407 2983 1750 3052 pollicemur.

389 3068 671 3171 Epipltam'i
708 3069 771 3124 de
825 3069 951 3133 [olle
990 3072 1136 3127 locus
1172 3070 1497 3142 expenditur
1532 3087 1596 3126 ac
1622 3072 1949 3128 declaratur.
1980 3112 2023 3171 ο

456 3160 644 3226 Follis,
695 3163 871 3233 inquit
922 3162 1292 3234 Epiphanius,
1348 3164 1633 3218 ταλάντων
1669 3165 1951 3234 aculeis-at;

385 3261 575 3320 estque
617 3251 838 3320 duplex,
870 3252 1126 3307 nimirum
1160 3253 1375 3309 duobus
1406 3268 1475 3308 ex
1523 3255 1796 3323 argenteis
1826 3271 1957 3311 con-

386 3341 568 3403 flatus,
588 3341 680 3411 qui
708 3349 837 3396 sunt
853 3356 1016 3396 ccvnt
1045 3343 1276 3399 denarii.
1312 3344 1486 3398 Paulo
1503 3354 1631 3399 ante
1647 3346 1879 3411 dixerat,
1892 3347 1957 3401 τὸ

384 3432 810 3501 ἀργύσιον,θιιιη
838 3448 963 3489 esse
994 3436 1301 3500 nummum,
1332 3436 1426 3505 qui
1461 3450 1493 3490 a
1537 3435 1816 3503 Romanis,
1853 3439 1957 3496 hoc

384 3531 468 3575 est
523 3520 1170 3593 Constantinopolitanis,
1236 3525 1593 3582 milliarensis
1627 3528 1952 3597 appellatur.

384 3611 541 3668 Nunc
569 3628 634 3668 ex
664 3613 874 3669 duobus
913 3614 1186 3685 argenteis
1220 3614 1343 3669 istis
1376 3624 1632 3672 constare
1661 3615 1843 3673 follem
1867 3631 1957 3672 as-

387 3714 620 3761 several.
662 3703 988 3774 Hocipsum
1022 3704 1309 3776 Epiphanii
1334 3709 1500 3763 verba
1531 3723 1642 3779 prae
1669 3724 1728 3764 se
1750 3708 1954 3777 ferunt,

386 3796 495 3852 nisi
525 3796 684 3852 aliter
711 3797 1027 3868 castiganda
1057 3796 1364 3853 videantur.
1392 3799 1558 3865 Quod
1596 3799 1746 3855 varie
1790 3814 1821 3854 a
1851 3801 1958 3870 ple-

385 3888 575 3956 risque
605 3893 897 3940 tentatum.
934 3885 1181 3957 Scaliger
1213 3875 1551 3958 in'postumo
1573 3888 1757 3944 libello
1787 3887 1867 3944 De
1902 3905 1957 3944 re

388 3974 729 4030 Numman'a.
758 3991 810 4046 p.
832 3974 940 4042 ~56,
975 3976 1336 4047 Epiphaniam
1366 3977 1446 4034 sic
1465 3978 1735 4042 emendat,
1772 3988 1829 4034 ut
1857 3994 1957 4050 pro

383 4068 687 4133 ταλάντων,
713 4067 997 4138 βαλάντιον
1013 4076 1239 4139 reponat
1264 4085 1279 4132 ;
1306 4075 1419 4123 tum
1452 4084 1550 4138 pro
1593 4077 1675 4141 ση¹
1703 4071 1953 4143 δηνάρια,

389 4159 491 4212 hoc
524 4163 610 4211 est
639 4171 825 4222 cerui,
858 4165 1004 4229 στιν,
1037 4157 1619 4216 οειχχινιιιμιῐεόηεω
1649 4160 1830 4231 itaque
1854 4161 1956 4215 du-

385 4249 535 4315 plum
561 4262 684 4303 esse
720 4248 812 4301 τοῦ
846 4248 1213 4320 μιλιαρησίου,
1256 4263 1318 4303 ac
1347 4250 1808 4304 tetradrachmum
1840 4251 1957 4305 exi-

385 4338 590 4403 stimat,
604 4338 858 4407 quoniam
874 4338 1253 4405 milliarenses,
1267 4347 1324 4391 ut
1339 4339 1592 4399 vidimus.
1611 4339 1959 4397 didrachmos

2052 521 2212 586 lecta,
2243 527 2297 574 et
2326 520 2383 573 in
2410 535 2578 573 unum
2606 518 2821 573 inclusa
2856 516 3063 583 follem,
3087 528 3190 572 usu
3211 526 3397 587 postea
3430 514 3641 569 factum

2051 621 2157 677 est,
2185 621 2244 667 ιιι
2273 612 2430 669 folles
2463 613 2626 669 etiam
2658 611 2887 681 singula:
2911 609 3006 663 τοῦ
3039 608 3408 680 ἀθροίσματος
3427 614 3636 679 partes,

2053 718 2117 758 ac
2138 704 2348 758 nummi
2379 704 2481 774 ipsi
2507 710 2852 758 vocarentur.
2870 701 3111 771 Denique
3131 700 3273 771 quod
3304 701 3372 755 ad
3392 698 3633 772 Epipha-

2052 795 2128 850 nii
2155 811 2423 852 summam
2453 796 2728 865 octoginta
2749 793 3006 849 denarios
3020 793 3248 858 addidit,
3265 808 3489 848 causam
3513 792 3639 847 nul-

2052 886 2161 941 lam
2191 885 2528 952 aut'hahuit,
2561 895 2653 940 aut
2686 899 2849 955 quam
2886 884 3128 948 haberet,
3178 883 3438 939 ostendit.
3473 881 3639 937 Hoto-

2054 993 2289 1034 manuus
2316 978 2410 1032 lib.
2450 977 2527 1032 De
2556 993 2611 1031 re
2646 975 2864 1030 Numm.
2884 975 3031 1031 hunc
3051 975 3230 1046 ipsum
3249 974 3637 1045 Epiphaniilo-

2054 1081 2177 1122 cum
2210 1083 2322 1122 non
2358 1081 2552 1137 capere
2584 1081 2706 1122 sese
2754 1068 2874 1122 sine
2925 1067 3153 1137 ambage
3193 1065 3496 1137 proﬁtetur.
3527 1067 3634 1120 Alii

2053 1158 2184 1230 quid
2218 1159 2288 1214 de
2316 1159 2408 1214 illo
2446 1159 2687 1214 sentiant
2708 1157 2955 1213 dicturos
2982 1172 3043 1213 se
3067 1156 3365 1227 aliquando
3398 1158 3636 1229 promit-

2055 1256 2192 1305 tunt.
2235 1249 2346 1321 Ego
2376 1251 2510 1304 nihil
2556 1251 2611 1304 in
2673 1248 2959 1320 Epiphanii
3003 1250 3185 1306 verbis
3230 1251 3631 1316 animadverto,

2054 1341 2198 1410 quod
2239 1346 2347 1394 tam
2383 1339 2701 1409 impeditum
2747 1347 2801 1393 et
2836 1339 3212 1393 inextricabile
3237 1338 3407 1394 videri
3436 1341 3632 1410 possit,

2055 1440 2107 1486 ut
2145 1430 2514 1485 vadimonium
2548 1438 2837 1500 propterea
2856 1429 3160 1485 deseratur.
3181 1428 3295 1485 Hoc
3329 1430 3471 1485 enim
3506 1430 3634 1485 sim-

2056 1523 2290 1593 pliciter,
2322 1536 2386 1576 ae
2416 1522 2555 1576 citra
2615 1522 2782 1576 ullam
2826 1520 3262 1577 emendationem
3300 1529 3355 1576 et
3392 1521 3637 1592 interpo—

2057 1614 2306 1669 lationem
2342 1612 2523 1684 colligi
2556 1629 2620 1668 ex
2666 1613 2772 1668 illis
2817 1620 2997 1684 potest
3032 1611 3276 1669 :Follem
3317 1621 3636 1684 argenteum

2056 1722 2177 1762 esse
2196 1720 2502 1768 nummum,
2540 1703 2685 1775 quod
2708 1696 3198 1776 talentum'parvum
3216 1703 3421 1759 dictum
3448 1701 3633 1764 fuerit,

2051 1813 2117 1854 ex
2156 1795 2433 1868 argenteis
2470 1795 2685 1851 duobus
2716 1794 3029 1859 conﬂatum,
3058 1796 3114 1849 in
3151 1808 3260 1864 quo
3289 1792 3497 1849 denarii
3531 1793 3638 1846 mi-

2052 1888 2225 1943 nutuli
2281 1892 2642 1941 numerantur
2677 1899 2864 1950 ccvtu,
2910 1885 3016 1939 hoc
3057 1891 3143 1940 est
3180 1884 3234 1939 in
3285 1884 3517 1954 singulis
3540 1898 3636 1937 ar-

2052 1979 2259 2049 genteis
2296 1994 2405 2033 etv.
2432 1977 2543 2032 Cur
2574 1978 2833 2032 talentum
2862 1968 3130 2047 ejusmodi
3155 1991 3413 2032 nummus
3439 1976 3622 2046 appelv

2052 2070 2194 2124 latus
2216 2068 2398 2135 fuerit,
2439 2069 2524 2123 vel
2563 2068 2776 2141 nescire
2827 2084 2912 2124 me
2960 2067 3104 2132 dico,
3138 2069 3355 2138 quando
3404 2067 3458 2122 id
3502 2067 3635 2138 Epi—

2053 2161 2284 2232 phanius
2321 2161 2514 2227 tacuit,
2548 2160 2635 2215 vel
2683 2173 2905 2214 causam
2941 2160 3184 2231 aliquam
3215 2161 3449 2231 reperio.
3471 2176 3636 2231 quam

2054 2267 2161 2308 non
2188 2251 2421 2322 probare
2458 2250 2633 2319 magis
2673 2250 2944 2320 quispiam
2992 2251 3186 2320 possit,
3234 2267 3397 2319 qttam
3426 2251 3641 2304 ratione

2055 2349 2208 2396 certa
2258 2340 2527 2396 refellere.
2557 2340 2703 2395 Idem
2759 2346 2815 2394 et
2858 2340 2926 2395 de
2962 2339 3203 2397 denariis
3232 2341 3341 2397 illis
3370 2356 3637 2405 asseram,

2054 2445 2289 2500 quorum
2320 2431 2505 2485 varius
2564 2429 2707 2501 apud
2738 2430 2984 2487 diversas
3033 2432 3283 2487 nationes
3314 2446 3446 2487 usus
3491 2435 3643 2488 testi-

2056 2523 2330 2592 matioque
2396 2521 2518 2576 fuit.
2573 2521 2710 2576 Cum
2750 2532 2857 2576 tam
2892 2521 3049 2583 facile
3079 2521 3299 2594 defungi
3342 2523 3448 2578 loci
3489 2523 3640 2578 illius

2055 2609 2505 2681 interpretatione
2533 2611 2713 2675 liceat,
2748 2619 2929 2666 tamen
2983 2626 3050 2666 ne
3095 2611 3296 2666 frustra
3329 2619 3409 2666 tot
3438 2612 3638 2666 eruditi

2056 2702 2304 2757 homines
2332 2703 2388 2756 in
2413 2716 2479 2756 eo
2505 2701 2787 2756 laborasse
2833 2710 2996 2772 atque
3016 2702 3299 2758 hazsitasse
3325 2703 3637 2764 videantur.

2056 2809 2158 2848 nos
2191 2794 2294 2863 ipsi
2316 2808 2535 2863 quoque
2564 2792 2801 2862 simplici
2848 2793 2941 2847 illa
2966 2795 3353 2858 declaratione,
3382 2802 3436 2850 et
3474 2796 3634 2850 obvia

2057 2885 2281 2939 minime
2303 2884 2566 2949 contenti,
2607 2885 2742 2939 alias
2782 2886 3235 2957 excogitavimus,
3273 2901 3410 2957 quas
3448 2886 3634 2956 singil-

2058 2975 2209 3029 latim
2237 2990 2560 3046 percensere
2576 2989 2788 3037 omnes,
2816 2984 2979 3047 atque
3004 2992 3298 3047 exponere,
3322 2978 3445 3048 plus
3467 2979 3631 3039 taedii,

2058 3082 2220 3137 quam
2254 3067 2506 3123 utilitatis
2550 3068 2844 3122 lectoribus
2876 3068 3081 3124 afferet.
3121 3068 3291 3124 Unam
3324 3069 3489 3141 igitur
3517 3085 3636 3140 pro-

2056 3174 2253 3230 ponam
2285 3168 2379 3213 aut
2404 3159 2655 3222 alteram,
2681 3159 2725 3212 si
2767 3159 2901 3212 illud
2934 3160 2989 3212 in
3025 3161 3212 3229 primis
3248 3161 3584 3215 admonuero
3615 3179 3628 3214 :

2055 3253 2110 3306 in
2138 3252 2514 3321 manuscripto
2529 3252 2652 3305 cod.
2673 3250 2920 3307 biblioth.
2948 3266 3060 3322 reg.
3083 3252 3244 3322 paulo
3271 3253 3426 3308 aliter
3456 3254 3633 3308 locum

2054 3342 2205 3396 illum
2256 3342 2490 3412 concipi.
2526 3341 2603 3395 Ita
2630 3343 2772 3397 enim
2803 3344 3064 3413 scriptum
3094 3342 3521 3414 γεροτίεφὸλλης
3536 3344 3633 3398 ὅσα

2057 3432 2288 3486 πάντιον
2318 3431 2590 3486 καλεῖται.
2621 3432 2852 3498 Διπλοῦν
2888 3433 2945 3487 δέ
2966 3435 3102 3499 ἐστι,
3135 3422 3239 3488 ὑπὸ
3267 3433 3360 3488 δύο
3381 3435 3633 3507 ἁργύρων

2057 3520 2432 3590 συγκείμενον,
2461 3519 2512 3573 οἳ
2534 3520 2773 3588 γίνονται
2806 3535 2887 3572 σοι
2916 3526 2963 3573 κ’
2984 3521 3230 3592 δηνάρια.
3252 3518 3369 3576 Non
3400 3520 3503 3593 ση’,
3532 3524 3632 3575 hoc

2054 3618 2139 3666 est
2168 3625 2354 3675 ccvnt,
2381 3611 2620 3676 denarii,
2644 3614 2736 3668 sed
2770 3626 2836 3665 xx
2874 3611 2986 3665 folli
3022 3612 3151 3666 huic
3179 3620 3521 3683 arrogantur.

2124 3703 2256 3770 Quae
2288 3704 2451 3759 lectio
2486 3705 2616 3758 mihi
2654 3718 2762 3758 non
2797 3708 3193 3759 contemnenda
3226 3706 3456 3760 videtur.
3484 3704 3632 3770 Qun-

2055 3794 2201 3850 circa
2231 3794 2375 3850 follis
2414 3795 2557 3866 apud
2587 3795 2946 3865 Epiphanium
2992 3811 3251 3851 nummus
3293 3804 3379 3851 est
3413 3812 3477 3851 ex
3500 3798 3631 3851 duo-

2057 3886 2159 3942 bus
2188 3889 2458 3958 argenteis
2491 3888 2827 3958 compositus
2860 3909 2871 3944 :
2903 3904 3041 3958 quos
3087 3889 3445 3943 milliarenses
3480 3886 3633 3941 intel-

2058 3978 2297 4049 ligimus,
2327 3994 2558 4050 quorum
2591 3980 2789 4050 singuli
2819 3980 3072 4035 denarios
3105 3980 3288 4035 decem
3332 3980 3628 4034 continent.

2063 4066 2329 4123 Denarios
2357 4082 2486 4123 vero
2518 4084 2627 4123 non
2668 4077 2880 4125 veteres
2920 4071 3043 4126 illos
3085 4079 3140 4125 et
3187 4070 3492 4133 Romanos,
3536 4069 3630 4125 sed

2069 4161 2309 4217 minores
2338 4162 2550 4232 aliquos
2582 4177 2869 4230 nummos;
2911 4163 3003 4233 qui
3029 4170 3082 4218 et
3110 4162 3233 4217 ideo
3263 4163 3469 4217 denarii
3494 4179 3632 4217 nun-

2058 4253 2240 4321 cupati
2276 4253 2546 4316 videntur,
2576 4255 2720 4324 quod
2750 4255 2974 4309 totidem
3027 4255 3081 4309 in
3125 4261 3441 4325 argenteum
3476 4270 3633 4308 num.

2057 4356 2206 4395 mum
2244 4354 2632 4413 competerent.
2675 4346 2783 4401 Cur
2811 4357 2992 4400 autem
3030 4346 3217 4400 talenti
3254 4348 3406 4416 parvi
3435 4361 3631 4401 nomen

384 4428 670 4486 constituit
700 4446 713 4495 ;
738 4428 937 4483 habere
959 4442 1090 4482 vero
1105 4427 1386 4494 denarios,
1410 4429 1514 4483 hoc
1544 4439 1626 4484 est
1652 4428 1952 4485 minutulos
1986 4441 2031 4496 1)
2059 4433 2107 4487 ei
2161 4449 2383 4489 nummo
2426 4438 2498 4491 sit
2548 4438 2880 4507 impositum,
2916 4453 3095 4494 causa:
3141 4440 3451 4508 complures
3489 4439 3626 4492 divi.

384 4533 641 4574 nummos
672 4532 998 4571 cccxxxvm.
1033 4516 1137 4572 Sed
1161 4518 1215 4571 in
1248 4533 1310 4573 ea
1347 4516 1607 4589 Scaligeri
1637 4519 1956 4588 conjectura

384 4610 622 4678 primum
680 4607 810 4662 illud
845 4614 930 4663 est
963 4622 992 4660 a
1024 4609 1184 4663 nobis
1228 4610 1496 4679 superiori
1528 4610 1706 4678 capite
1734 4610 1960 4669 validis-

384 4703 523 4754 sime
536 4698 857 4764 refutatum,
872 4699 1016 4769 quod
1042 4699 1401 4756 milliarenses
1415 4700 1766 4757 didrachmas
1789 4700 1813 4755 f
1811 4702 1958 4757 uisse

386 4790 663 4855 defendit;
705 4791 970 4853 alterum,
1010 4791 1152 4860 quod
1194 4806 1293 4860 pro
1332 4790 1634 4858 ταλάντων,
1676 4791 1956 4863 βαλάντιον

386 4883 537 4952 legit,
568 4895 760 4935 vereor
810 4886 869 4934 ut
925 4879 1172 4936 obtinere
1211 4881 1382 4950 possit
1413 4897 1427 4935 :
1457 4881 1659 4937 etenim
1705 4883 1956 4952 quamvis
2012 4874 2023 4888 “

390 4974 536 5029 follis
564 4973 705 5026 idem
732 4973 829 5036 sit,
860 4971 1005 5043 quod
1035 4971 1226 5028 Graece
1259 4971 1562 5043 βαλάντιον,
1597 4973 1955 5029 nihilominus

388 5080 419 5119 a
446 5063 651 5119 Graecis
678 5062 962 5134 βαλαντίου
988 5077 1107 5118 νοχι
1125 5078 1234 5118 non
1259 5061 1396 5129 folli,
1428 5072 1493 5119 ut
1516 5064 1826 5134 singularis
1870 5072 1956 5120 est

387 5157 668 5217 nummus,
709 5153 1028 5222 imponitur,
1088 5152 1184 5208 sed
1220 5160 1279 5207 ut
1320 5163 1405 5209 est
1434 5154 1680 5223 pecunia:
1712 5168 1952 5220 summa,

387 5251 443 5299 et
504 5256 849 5296 nummorum
888 5240 1179 5311 ἄθροισμα,
1218 5240 1305 5294 ινθι
1359 5240 1617 5311 σταθμός,
1657 5248 1717 5296 ut
1748 5240 1955 5297 Glossze

385 5333 716 5406 signiﬁcant.
760 5332 837 5388 De
876 5331 1003 5387 folle
1046 5339 1302 5402 argenteo
1331 5346 1553 5386 nummo
1576 5348 1760 5402 neque
1799 5348 1956 5388 men-

386 5429 592 5486 tionem
644 5425 749 5481 illae
780 5424 1024 5488 faciunt,
1082 5438 1259 5493 neque
1300 5422 1581 5493 βαλάντιον
1623 5423 1950 5494 appellatum

382 5537 506 5580 esse
528 5526 682 5593 puto,
729 5517 945 5574 tametsi
979 5524 1037 5572 ut
1081 5515 1134 5570 id
1167 5516 1416 5587 analogia
1442 5515 1676 5585 quadam
1724 5532 1954 5586 usurpa-

386 5625 500 5671 tum
537 5612 720 5680 fuerit,
742 5626 851 5666 non
878 5609 1035 5666 valde
1061 5622 1377 5678 repugnem.
1407 5605 1544 5661 Cum
1566 5606 1710 5661 enim
1737 5609 1952 5677 proprie

388 5704 531 5762 follis
559 5711 709 5761 certa
748 5704 840 5759 illa
889 5715 1237 5761 nummorum
1268 5698 1325 5757 ὁλ
1371 5699 1426 5771 ‘q,
1456 5712 1524 5754 ae
1555 5714 1768 5756 summa
1802 5700 1951 5757 dice-

2061 4526 2180 4578 nari
2214 4536 2458 4595 possunt.
2490 4525 2664 4582 Veluti
2694 4531 2837 4599 quod
2870 4529 3076 4584 denarii
3107 4530 3196 4583 isti
3228 4530 3280 4583 in
3312 4546 3403 4585 sex
3436 4530 3627 4584 iterum

2060 4615 2282 4672 ehalcos
2319 4617 2478 4675 divisi
2526 4618 2766 4674 fuerint:
2801 4622 2876 4675 ita
2919 4628 2978 4676 ut
3022 4621 3077 4675 in
3110 4621 3495 4676 milliarensem
3527 4636 3630 4675 cxx

2059 4708 2445 4777 convenirent;
2499 4717 2633 4779 quot
2689 4711 2744 4764 in
2798 4712 3059 4766 talentum
3108 4710 3429 4781 Epiphanii,
3488 4713 3632 4779 quod

2057 4812 2197 4853 cxxv
2235 4800 2495 4856 librarum
2542 4810 2646 4867 est,
2699 4797 2891 4858 Atticae
2938 4794 3098 4858 minae
3149 4813 3477 4874 congruunt.
3524 4805 3634 4858 Aut

2057 4887 2173 4943 haec
2200 4890 2384 4960 igitur,
2410 4900 2505 4946 aut
2535 4893 2641 4947 alia
2669 4894 2937 4964 quaepiam
2971 4894 3239 4963 ejusmodi
3273 4897 3415 4949 ratio
3448 4894 3629 4960 fuerit,

2056 4993 2157 5033 cur
2193 4980 2379 5035 talenti
2418 4997 2614 5037 nomen
2643 4984 2697 5037 in
2727 4992 2984 5054 argenteo
3028 4986 3154 5040 folle
3175 4986 3455 5041 resederit.
3490 4985 3634 5042 Sane

2057 5084 2179 5125 cum
2212 5070 2547 5140 Epiphanius
2579 5072 2756 5129 follem
2793 5076 2990 5131 asserit
3017 5075 3155 5131 duos
3184 5086 3468 5145 argenteos
3493 5093 3638 5133 com-

2055 5160 2242 5229 plecti,
2272 5161 2397 5214 licet
2432 5171 2717 5232 argenteos
2757 5181 2867 5220 non
2901 5167 3261 5224 milliarenses
3311 5169 3632 5238 intelligere,

2058 5250 2163 5304 hoc
2194 5257 2279 5304 est
2307 5251 2568 5317 minores,
2596 5268 2660 5307 ac
2689 5270 2798 5310 non
2833 5257 3097 5326 legitimos
3136 5258 3280 5322 illos,
3321 5258 3415 5314 sed
3448 5259 3637 5313 didra-

2053 5341 2267 5407 ehmos,
2295 5344 2389 5412 qui
2428 5343 2482 5398 in
2516 5361 2617 5401 usu
2650 5347 3012 5404 nihilominus
3045 5358 3249 5405 essent.
3282 5348 3448 5405 Plura
3487 5352 3635 5406 enim

2052 5431 2158 5485 τῶν
2187 5434 2443 5506 ἀργύρων
2482 5452 2680 5507 genera
2737 5437 2977 5505 fuerunt,
3020 5456 3252 5510 quorum
3311 5443 3403 5496 uni
3435 5442 3638 5496 millia-

2054 5524 2230 5580 rensis
2278 5527 2605 5583 vocabulum
2656 5530 2930 5596 inditum;
2991 5548 3099 5588 non
3156 5542 3338 5589 tamen
3392 5534 3637 5604 argentei

2054 5628 2243 5669 omnes
2297 5617 2661 5675 milliarenses
2709 5622 2981 5691 appellati.
3027 5621 3153 5679 Ideo
3186 5623 3327 5680 follis
3367 5625 3637 5681 tetradra-

2055 5704 2249 5761 ehmus
2277 5721 2398 5764 esse
2416 5708 2619 5777 potuit,
2645 5724 2711 5765 es
2745 5710 2962 5768 duobus
2989 5712 3321 5770 didrachmis
3360 5712 3633 5783 conmisi-
