3978 6220
325 363 432 420 593

1575 377 1664 432 DE
1704 378 1924 436 FOLLE
1965 382 2380 442 MILIARENSI.

3500 397 3602 453 5M

327 486 442 544 tus,
470 477 623 549 quod
653 486 705 534 ct
733 479 1007 554 Scaligero
1035 484 1213 540 visum
1246 494 1351 553 est,
1385 489 1480 545 sed
1512 489 1646 546 falsa
1687 493 1918 558 ratione,

2028 496 2280 567 στοτέλης
2306 499 2478 566 λέγει,
2520 499 2789 571 τέσσαρας
2825 483 2928 555 διαὶ
2960 501 3131 556 εἴκοσι
3173 501 3478 576 νούμμους·
3541 508 3603 559 τὸ

333 572 594 640 quoniam
621 572 780 628 solidi
814 576 1047 644 pretium
1083 595 1207 632 xxrv
1246 579 1540 639 drachmas
1573 600 1696 640 esse
1742 584 1921 639 credi-

331 663 433 731 dit,
464 671 519 718 et
546 665 776 719 duarum
809 669 924 722 auri
953 669 1281 741 siliquarum
1299 671 1594 731 drachmas
1623 675 1782 736 duas.
1807 676 1922 732 sive

331 749 726 809 milliarensem
757 772 949 812 unum.
985 759 1147 830 Atqui
1182 762 1390 833 siliquae
1443 765 1499 818 in
1546 766 1722 821 solido
1767 775 1923 821 erant

330 858 486 908 xxiv,
522 844 578 898 in
605 845 927 904 didrachmo
965 868 1152 907 xxxvr.
1198 852 1431 911 Proinde
1465 858 1582 912 auri
1630 860 1911 929 proportio

331 934 399 987 ad
439 944 724 1005 argentum
759 939 920 995 fuerit
985 951 1044 996 ut
1080 944 1144 998 18
1193 945 1260 1000 ad
1319 949 1370 1012 1,
1402 949 1546 1018 quod
1597 950 1814 1005 abunde
1866 951 1920 1005 in

329 1027 602 1111 superi-ori
629 1030 807 1100 capite
850 1033 1143 1089 refutatum
1172 1045 1276 1092 est.
1311 1037 1466 1105 Quod
1512 1041 1558 1096 si
1606 1058 1672 1098 ex
1708 1043 1922 1100 duobus

328 1109 603 1182 ejusmodi
651 1123 921 1190 argenteis
989 1123 1328 1182 didrachmis
1388 1131 1675 1186 constabat
1735 1131 1914 1196 follis,

327 1206 521 1262 obolos
558 1209 807 1280 capiebat
843 1229 993 1280 xxtv,
1024 1224 1156 1284 quot
1203 1219 1410 1274 scilicet
1459 1222 1514 1276 in
1566 1222 1741 1277 solido
1795 1231 1922 1278 sunt

326 1295 564 1366 siliquae.
602 1297 782 1364 Quare
806 1317 928 1355 cum
965 1305 1173 1360 solidus
1206 1308 1396 1364 talenti
1431 1311 1651 1367 nomine
1681 1312 1752 1368 sit
1784 1312 1918 1368 alie-

328 1398 470 1452 ctus,
505 1390 587 1444 uti
612 1399 802 1462 postea
837 1394 1068 1462 dicetur,
1107 1401 1284 1468 potuit
1316 1409 1369 1456 et
1400 1403 1540 1458 idem
1568 1404 1680 1459 folli
1721 1421 1923 1462 nomen

329 1481 578 1550 attribui,
612 1485 870 1552 quoniam
904 1489 1126 1545 totidem
1173 1492 1229 1546 in
1267 1508 1333 1548 eo
1362 1505 1722 1552 censerentur
1753 1499 1922 1564 oboli,

327 1581 460 1643 quot
487 1574 547 1629 in
583 1578 760 1632 solido
791 1580 1020 1650 siliquae.
1059 1583 1238 1655 Atque
1281 1586 1426 1642 haud
1451 1591 1566 1644 scio
1599 1606 1667 1645 an
1705 1607 1810 1646 non
1845 1591 1926 1646 id-

329 1670 510 1739 ipsum
541 1678 724 1725 vetera
755 1672 846 1726 illa
880 1673 1116 1731 Matthaai
1151 1676 1390 1742 Scholia,
1427 1697 1548 1751 qua:
1585 1698 1653 1736 ex
1687 1683 1924 1740 Budensi

325 1759 520 1815 codice
557 1769 714 1817 antea
767 1763 1132 1831 laudavimus,
1172 1771 1504 1838 persuadere
1537 1773 1771 1842 possint,
1804 1790 1926 1843 quae

2024 586 2081 638 δὲ
2114 585 2338 658 ὕστερον
2359 589 2698 646 δυοκαίδεκα.
2732 591 3016 648 Talentum
3046 609 3174 650 ecce
3199 611 3331 651 xxiv
3357 613 3608 653 nummo-

2025 692 2145 731 rum
2179 680 2420 744 exstitit;
2451 682 2543 750 qui
2579 683 2778 752 singuli
2819 685 2967 738 vclut
3015 686 3175 740 mina:
3210 687 3394 742 talenti
3429 688 3603 744 mino-

2024 770 2104 825 ris
2134 779 2337 825 essent.
2373 769 2574 826 Scribit
2613 777 2757 828 enim
2791 776 2987 832 Suidas
3021 779 3163 849 apud
3193 779 3411 835 eosdem
3449 780 3604 836 Sicu-

2025 861 2140 924 los,
2193 862 2252 914 τὸ
2294 863 2390 932 μὲν
2441 864 2664 934 ἀρχαῖον
2706 865 2877 921 fuisse
2919 864 3066 938 μνῶν
3107 869 3202 936 κδ’,
3254 874 3371 924 νυνὶ
3410 872 3466 925 δὲ
3515 869 3600 942 ιβ’.

2025 953 2346 1023 Quanquam
2387 971 2482 1024 pro
2523 956 2688 1025 μνῶν,
2740 957 2984 1029 Scaliger
3038 962 3296 1033 νούμμων
3335 965 3599 1020 rescribit.

2024 1045 2094 1097 At
2155 1044 2376 1100 totidem
2435 1047 2581 1100 oboli
2634 1047 2688 1102 in
2743 1052 3147 1106 telradracbmo
3200 1054 3438 1110 fuerunt.
3483 1057 3605 1111 Pari

2025 1151 2154 1206 ergo
2202 1136 2326 1205 jure
2378 1137 2684 1203 ταλάντιον,
2733 1141 2964 1211 alicujus
3014 1146 3216 1214 populi,
3265 1162 3328 1202 ac
3376 1147 3606 1204 fortasse

2026 1226 2348 1298 Cypriorum
2388 1231 2806 1298 consuetudine,
2836 1232 2980 1289 follis
3011 1235 3448 1294 tetradrachmus
3475 1257 3613 1299 nun-

2027 1320 2214 1387 cupari
2269 1321 2468 1389 potuit.
2526 1319 2812 1376 Postremo
2858 1325 3295 1397 quandoquidem
3339 1345 3404 1382 ex
3453 1330 3638 1398 Glos-,

2025 1414 2173 1465 sario
2205 1411 2431 1467 Nomico
2463 1413 2594 1469 illud
2625 1415 2910 1481 habemus,
2949 1415 3128 1471 follem
3161 1434 3281 1473 esse
3313 1420 3475 1491 ὁλκὴν
3513 1423 3602 1493 ἀρ-

2025 1502 2227 1572 γυρίων
2253 1518 2413 1570 cxxv,
2447 1521 2568 1574 quae
2605 1507 2856 1578 κεράτια,
2909 1508 3024 1564 sive
3078 1510 3307 1581 siliquas
3351 1514 3469 1566 auri
3518 1531 3607 1568 va-

2025 1582 2139 1652 ient
2164 1612 2392 1662 ccxvm,
2418 1601 2766 1670 cogitandum
2802 1603 2995 1672 ecquid
3027 1604 3313 1674 Epiphanii
3354 1605 3516 1659 verba
3545 1607 3609 1659 ad

2025 1706 2148 1746 eam
2204 1691 2526 1747 Glossarum
2589 1695 2974 1749 auctoritatem
3035 1697 3299 1766 exigenda
3354 1698 3494 1763 sint,
3554 1709 3606 1752 ut

2027 1784 2262 1853 primum
2303 1800 2401 1854 pro
2438 1785 2530 1839 δύο
2562 1787 2837 1858 ἀργυρίων
2869 1788 3112 1856 legamus
3165 1795 3293 1860 ρκε’.
3336 1788 3474 1843 Tum
3517 1806 3610 1860 pro

323 1859 592 1908 staterem
627 1863 941 1925 argenteum
994 1860 1464 1916 tetradrachmum
1521 1865 1788 1936 σωτῆρος
1814 1881 1916 1920 ηο-

2027 1881 2107 1946 ση’
2141 1875 2392 1948 δηνάρια,
2419 1877 2524 1947 σιη⁹
2560 1857 2809 1948 κεράτια,
2845 1879 2950 1932 nisi
2993 1878 3130 1935 forte
3166 1857 3403 1954 ’κεράτια
3447 1857 3608 1938 etiam

323 1959 446 2000 men
478 1945 606 2002 ideo
635 1950 887 2003 sortitum
913 1965 1035 2006 esse
1058 1951 1429 2022 dicunt,quod
1459 1953 1709 2009 bifariam
1739 1957 1920 2014 divisa

323 2039 486 2094 uncia
543 2049 596 2095 et
659 2040 714 2096 in
771 2043 909 2098 duas
961 2044 1143 2100 lances
1191 2045 1490 2116 imposita,
1555 2048 1921 2119 aequilibrium

324 2129 530 2188 faciat:
561 2133 722 2187 Ὅθεν
759 2138 822 2206 τῇ
868 2137 1156 2210 ἱσορῤοπὶᾳ
1207 2136 1300 2191 τοῦ
1342 2139 1585 2206 κανόνος,
1637 2139 1779 2194 κατὰ
1822 2143 1920 2216 τὴν

322 2223 415 2276 τοῦ
463 2223 636 2294 ζυγοῦ
683 2227 901 2298 ἰσότητα
949 2230 1160 2300 στατὴρ
1206 2230 1504 2302 ἐπεκλήθη.
1544 2231 1679 2286 Nam
1739 2240 1792 2288 et
1853 2234 1921 2289 ad

321 2315 592 2370 ταλάντου
622 2334 810 2374 vocem
844 2335 904 2373 ac
945 2321 1220 2375 notionem
1258 2321 1402 2375 istud
1434 2322 1660 2389 alludit;
1713 2331 1766 2378 et
1817 2326 1918 2379 τά-

321 2405 538 2472 λαντον,
569 2410 793 2479 perinde
832 2426 896 2466 ac
937 2411 1200 2483 στατῆρα,
1229 2414 1488 2467 trutinam
1529 2429 1651 2469 esse
1688 2415 1918 2478 scimus,

322 2495 403 2551 0b
457 2497 518 2552 id
567 2515 696 2570 ergo
747 2500 1029 2555 ταλάντιον
1085 2501 1250 2567 follis,
1293 2504 1340 2558 si
1382 2503 1600 2575 quidem
1651 2506 1921 2561 tetradra-

324 2588 526 2644 rhmus
547 2598 684 2654 erat,
709 2591 969 2660 appellari
997 2595 1189 2662 potuit.
1218 2593 1416 2650 Suidas
1439 2610 1675 2667 quoque,
1699 2599 1921 2654 tametsi

323 2689 589 2751 corrupta
639 2681 784 2738 illius
831 2685 995 2738 verba
1039 2693 1186 2747 sunt,
1239 2689 1502 2742 nonnulla
1555 2690 1744 2744 eodem
1797 2707 1916 2763 spe-

325 2773 536 2826 ctantia
565 2773 758 2850 scribit
788 2774 842 2828 in
876 2790 1011 2831 voce
1055 2776 1295 2841 Ὀϐολός⁶
1333 2780 1406 2832 Τὸ
1444 2780 1500 2832 δὲ
1540 2781 1804 2836 τάλαντον
1827 2783 1919 2836 τοῦ

325 2855 593 2937 ἀργυρίου
617 2867 722 2921 τῶν
748 2867 862 2932 νῦν,
888 2868 1150 2940 τέσσαρα,
1171 2870 1262 2922 καὶ
1293 2870 1627 2943 νομίσματος
1653 2880 1703 2943 η’
1726 2873 1819 2926 καὶ
1844 2880 1917 2938 ς’.

325 2957 430 3011 Sed
463 2957 677 3012 lubrica
709 2968 786 3014 cst
815 2960 1148 3043 plerumque
1201 2959 1383 3016 Suidae
1423 2963 1599 3031 fides;
1644 2965 1790 3034 quod
1837 2965 1922 3018 in-

324 3049 541 3103 terdum
597 3052 762 3105 tacito
803 3053 1046 3116 nomine,
1089 3061 1375 3109 auctorum
1426 3057 1570 3110 nuda
1619 3057 1784 3112 verba
1827 3058 1918 3113 de-

2023 1967 2253 2040 δηνάρια
2308 1969 2674 2025 nominentur.
2735 1969 2874 2024 Tuin
2937 1970 3082 2026 enim
3143 1972 3286 2028 follis
3347 1975 3612 2030 talentum

2022 2075 2250 2131 parvum
2277 2059 2509 2125 dicetur,
2549 2062 2696 2132 quod
2725 2079 2864 2118 cxxv
2893 2071 3181 2134 argenteos
3216 2065 3455 2121 minutos
3481 2081 3612 2120 con-

2025 2150 2181 2213 tinet,
2217 2158 2348 2219 quot
2379 2150 2530 2205 libra:
2580 2153 2774 2221 majori
2827 2167 2891 2207 ac
2937 2153 3217 2223 ponderali
3271 2155 3474 2209 talento
3509 2155 3610 2208 tri-

2022 2243 2283 2298 buuntur.
2315 2242 2420 2298 Sed
2447 2243 2499 2297 in
2534 2245 2601 2299 iis
2624 2245 2878 2300 omnibus
2909 2246 3079 2300 nihilo
3107 2247 3227 2315 plus
3259 2247 3416 2301 nobis
3445 2263 3609 2317 quam

2023 2345 2227 2386 meram
2264 2331 2635 2400 conjecturam
2681 2347 2745 2386 ac
2785 2332 3177 2386 divinationem
3220 2332 3608 2402 permittimus,

2023 2437 2091 2477 ne
2125 2423 2248 2492 quis
2288 2423 2405 2477 haec
2453 2438 2482 2475 a
2530 2423 2688 2477 nobis
2733 2423 2873 2477 bona
2909 2423 3012 2478 ﬁde
3046 2439 3110 2477 ac
3157 2423 3299 2478 serio
3331 2438 3428 2494 pro
3467 2424 3610 2478 veris

2022 2523 2076 2570 et
2105 2515 2400 2584 compertis
2433 2515 2595 2569 allata
2631 2515 2966 2585 suspicetur.

2093 2603 2170 2658 Ex
2206 2604 2272 2659 iis
2300 2619 2428 2659 vero
2463 2604 2697 2659 maxime
2739 2605 2868 2658 illud
2905 2604 3223 2674 amplector,
3255 2604 3344 2658 hic
3376 2605 3557 2659 haereo
3590 2623 3605 2659 :

2022 2693 2224 2750 Follem
2257 2694 2541 2765 Epiphanii
2575 2703 2891 2765 argenteum
2915 2711 3038 2751 esse
3065 2711 3344 2749 nummum
3378 2695 3609 2750 duorum

2023 2795 2400 2858 argenteorum
2435 2786 2676 2852 λεπτῶν,
2705 2788 2795 2858 qui
2849 2795 2902 2842 et
2936 2787 3295 2842 milliarenses
3327 2803 3448 2843 esse
3482 2802 3611 2858 pos-

2025 2886 2170 2942 sunt,
2197 2879 2558 2932 aestimatione
2597 2893 2660 2932 ac
2705 2877 2963 2947 pondere,
2999 2894 3230 2947 quorum
3273 2879 3472 2949 singuli
3513 2879 3608 2934 de-

2023 2984 2142 3024 cem
2171 2968 2425 3023 denarios
2453 2967 2654 3022 habent
2685 2985 2697 3021 ;
2728 2968 2803 3022 ita
2833 2975 2892 3020 ut
2923 2967 3066 3023 foliis
3108 2975 3154 3021 κ’
3193 2968 3420 3040 δηνάρια
3453 2968 3610 3023 οοῐιί-

2024 3066 2133 3126 gat,
2173 3074 2294 3128 qua:
2336 3067 2418 3114 est
2456 3057 2814 3128 manuscripti
2859 3057 3064 3113 codicis
3109 3075 3222 3130 reg.
3287 3060 3466 3114 lectio.
3501 3061 3610 3113 Aut

326 3144 544 3198 scribit.
598 3142 743 3200 Sane
795 3145 936 3200 idem
989 3145 1079 3201 ille
1125 3146 1470 3213 scholiastes,
1502 3156 1562 3202 ut
1618 3157 1779 3203 antea
1823 3148 1921 3204 do-
1949 3191 1991 3250 Ο
2027 3150 2072 3204 si
2115 3150 2364 3221 vulgatus
2411 3165 2673 3205 numerus
2717 3149 3038 3207 retinendus
3071 3151 3342 3216 videatur,
3381 3153 3609 3222 quilibet

325 3237 567 3302 cuimus,
602 3245 860 3292 staterem
899 3245 1215 3308 argenteum
1261 3238 1535 3310 significat
1565 3247 1786 3294 centum
1826 3241 1920 3296 dc-

327 3329 514 3384 narios
583 3329 877 3400 colligere;
943 3345 1178 3400 quorum
1261 3331 1459 3401 singuli
1517 3347 1584 3385 1.x
1639 3332 1922 3388 continent

329 3436 507 3486 asses,
534 3432 696 3493 prout
723 3423 895 3477 altera
927 3423 1091 3479 lectio
1124 3423 1385 3494 concipit.
1415 3422 1530 3478 lloc
1562 3425 1726 3479 modo
1749 3440 1841 3482 sex
1867 3425 1921 3479 in

329 3519 535 3567 statere
592 3520 721 3567 sunt
774 3513 978 3568 assium
1025 3513 1216 3579 millia,
1248 3521 1382 3583 quot
1435 3515 1489 3568 in
1543 3514 1747 3570 talento
1797 3515 1924 3569 dra-

328 3602 522 3658 chmaa.
580 3601 796 3660 Scimus
846 3612 1027 3660 autem
1086 3605 1273 3660 talenti
1327 3621 1525 3660 nomen
1581 3622 1688 3661 non
1743 3607 1919 3662 solum

328 3695 543 3766 exiguis
581 3697 833 3762 summis,
867 3713 1057 3750 verum
1110 3698 1274 3751 etiam
1322 3698 1627 3753 minoribus
1680 3699 1922 3753 nummis

328 3801 397 3842 cx
431 3803 532 3842 usu
571 3787 935 3857 quorumdam
969 3788 1295 3858 populorum
1329 3788 1559 3843 inditum
1605 3787 1793 3845 fuisse.
1821 3788 1922 3846 Fe-

331 3889 449 3933 stus
493 3878 909 3949 Neapolitanum
959 3882 1223 3936 talentum
1277 3897 1372 3938 scx
1413 3882 1697 3937 denarium
1745 3883 1916 3938 facit:

333 3967 743 4038 Syracusanum
776 3972 937 4024 trium
987 3969 1272 4026 denarium
1307 3988 1320 4025 :
1362 3970 1695 4042 Rheginum,
1733 3973 1922 4028 Victo-

333 4059 483 4114 riati.
540 4057 733 4114 Pollux
783 4061 880 4115 lib.
932 4061 1208 4131 tx,cap.6
1240 4081 1254 4117 :
1292 4063 1365 4115 Τὸ
1413 4064 1594 4132 μέντοι
1642 4065 1921 4118 Σικελικὸν

331 4150 594 4206 τάλαντον
639 4150 920 4222 ἐλάχιστον
951 4151 1121 4222 ἴσχυε.
1153 4153 1225 4205 Τὸ
1257 4153 1354 4223 μὲν
1389 4153 1632 4224 ἀρχαῖον,
1665 4153 1740 4217 ὡς
1779 4154 1922 4222 Ἀρι-

403 4283 484 4355 (ω)
523 4281 862 4356 Scripseram
901 4283 968 4339 de
1007 4283 1329 4340 milliarensi
1385 4299 1642 4350 nummo,
1677 4293 1732 4342 et
1761 4301 1924 4356 supe-

329 4353 482 4408 riora
515 4353 630 4423 jam
680 4355 771 4407 illa
813 4363 1212 4411 commentatus
1253 4369 1402 4409 eram
1444 4371 1512 4408 ex
1547 4353 1917 4412 veteribus—1’.

336 4423 614 4493 _Sirmondi
640 4423 872 4488 Glossis,
897 4439 1034 4493 quas
1093 4424 1183 4478 ille
1221 4424 1535 4479 dimidiatas
1583 4441 1646 4480 ac
1698 4427 1920 4483 mutilas

331 4491 520 4548 Romae
563 4491 949 4564 descripserat,
975 4510 1097 4548 cum
1140 4510 1242 4550 nec
1291 4496 1514 4564 opinato
1545 4495 1676 4550 mihi
1708 4495 1918 4552 Glossre

331 4564 614 4620 Basilicam
643 4565 838 4637 oblatae
863 4573 1013 4629 sunt,
1059 4580 1092 4618 a
1132 4565 1338 4637 ‘Carolo
1381 4564 1613 4637 Labbaeo
1637 4577 1761 4623 ante
1797 4568 1918 4637 plu-

331 4649 424 4706 res
455 4635 833 4706 annosueditaa,
866 4650 1098 4706 quarum
1129 4635 1396 4691 hactenus
1423 4636 1635 4706 copiam
1677 4635 1917 4694 non—ha-

333 4705 592 4778 bueram.
613 4703 723 4761 llas
757 4703 897 4778 cum‘
931 4705 1087 4778 avide
1119 4703 1510 4778 perlegissem;
1528 4715 1581 4760 et
1598 4721 1737 4778 cum
1764 4710 1914 4778 prio-

334 4776 490 4847 ribus
521 4776 627 4847 illis
650 4776 906 4847 conferre
931 4777 1242 4844 ccepissem,
1273 4791 1396 4847 cum
1421 4776 1524 4847 alia
1560 4776 1819 4847 pleraque
1859 4778 1913 4833 in

333 4845 460 4901 istis
481 4845 710 4917 roll'endi,
734 4862 855 4917 quae
880 4847 937 4899 in
961 4848 1164 4917 nostris
1184 4846 1471 4900 exstabant
1495 4845 1829 4917 (quanquam
1859 4851 1915 4903 in

333 4916 524 4987 multis
553 4915 780 4971 alterum
810 4917 981 4972 altero
1009 4915 1343 4972 Glossarium
1371 4915 1605 4986 amplius
1633 4915 1770 4987 erat)
1798 4926 1914 4972 tum

333 4986 487 5042 illum
515 4987 716 5055 ipsum,
748 4987 1209 5057 quemgintegrum
1247 4987 1498 5056 ascripsi,
1535 4987 1603 5041 de
1657 4986 1784 5043 folle
1832 4989 1915 5042 lo—

334 5071 461 5112 cum
486 5075 499 5110 :
532 5070 594 5110 ac
621 5055 971 5126 praetereade
999 5055 1314 5112 milliarensi
1345 5055 1574 5110 alterum
1599 5071 1731 5112 sane
1759 5058 1915 5113 lucu-

336 5127 565 5198 lentum,
601 5125 694 5196 qui
743 5127 797 5179 in
842 5125 1226 5198 Sirmondiano
1255 5126 1630 5198 desideratur.
1695 5127 1773 5182 De
1806 5144 1916 5198 quo

336 5195 656 5269 priusquam
687 5209 846 5269 agere
883 5196 1105 5266 incipio,
1141 5197 1210 5269 de
1247 5195 1392 5269 follis
1427 5195 1768 5269 Glossemate
1817 5195 1915 5253 ad-

337 5265 645 5324 inonendus
674 5265 979 5336 es’tilector,
999 5265 1252 5336 quaedam
1280 5266 1334 5320 in
1357 5265 1675 5322 Labbteanis
1703 5267 1916 5325 Glossis

339 5338 601 5392 mendose
627 5335 863 5404 concipi.
897 5335 1118 5405 quieex
1156 5337 1362 5405 nostris
1392 5335 1726 5390 emendanda
1765 5350 1910 5393 sunt.

337 5408 486 5463 lnter
521 5421 657 5476 quas
694 5403 1028 5476 praecipuum
1068 5412 1185 5476 est,
1205 5403 1350 5472 quod
1397 5418 1674 5476 perperam
1718 5408 1770 5460 in
1807 5410 1914 5464 illis

337 5472 600 5546 scriptum
625 5472 876 5546 οεί,-ἦτοι
899 5475 1034 5546 πρὸς
1058 5475 1118 5528 τὸ
1134 5474 1230 5546 νῦν
1263 5472 1494 5543 κρατοῦν
1520 5474 1702 5546 μίλλια
1726 5477 1788 5532 θ’.
1825 5477 1919 5535 Le.

341 5543 576 5623 gendum
615 5543 894 5623 enim'__e_st
934 5543 1240 5616 μιλιαρίσια
1292 5545 1729 5623 p_0',_pqstulante
1789 5564 1917 5604 sen-

340 5612 551 5673 tentia:
584 5632 708 5670 nam
737 5612 1103 5672 milliarenses
1126 5614 1441 5683 posterioris
1473 5612 1659 5669 formae
1681 5631 1792 5682 cxx,
1823 5637 1916 5673 κε-

344 5688 504 5759 ράτια
543 5689 1086 5759 ccxvureontinent.
1142 5685 1271 5759 Item
1320 5684 1639 5759 pauloante
1678 5689 1816 5759 male
1859 5690 1916 5744 in

341 5754 532 5828 iisdem
563 5757 686 5828 legi,
719 5757 809 5828 ubi
845 5757 911 5812 de
956 5757 1083 5828 folle
1110 5754 1392 5828 ponderali
1425 5756 1636 5828 agitur,
1671 5757 1914 5828 singulos

341 5825 458 5898 ejus
488 5825 742 5886 denarios
769 5827 964 5904 habere
997 5825 1185 5899 λίτραν
1206 5833 1274 5910 α’,
1303 5826 1395 5880 καὶ
1427 5826 1650 5898 οὑγγίας
1679 5825 1781 5896 ιγ’.“
1805 5828 1913 5888 Βο-

1949 4545 1993 4600 D
2021 4498 2214 4620 ξρρνου
2255 4497 2459 4569 λίτρας·
2496 4498 2648 4570 μιλλε
2681 4518 2716 4569 γ

2052 4586 2192 4620 ουσι.
2222 4570 2315 4620 καὶ
2336 4568 2478 4620 οὕτω
2504 4587 2716 4620 κατεκει

2025 3242 2375 3299 milliarensis
2411 3258 2499 3298 CIV
2525 3243 2777 3298 denarios
2823 3245 3059 3315 colliget,
3099 3244 3241 3300 follis
3279 3261 3462 3300 ccvnr.
3500 3244 3606 3299 Sed

2023 3351 2139 3406 reg.
2199 3337 2402 3392 codicis
2457 3336 2760 3392 auctoritas
2806 3337 3166 3407 praaferenda.
3220 3337 3297 3391 lta
3345 3338 3464 3392 sine
3497 3337 3608 3390 ullo

2023 3426 2149 3481 fuco
2188 3435 2241 3481 et
2268 3427 2610 3499 ambagibus,
2646 3431 2779 3483 suus
2804 3437 2887 3483 est
2916 3428 3331 3491 obscurissime,
3367 3434 3423 3482 ut
3450 3427 3608 3497 vulgo

2022 3519 2274 3583 habetur,
2306 3519 2595 3590 Epiphanii
2627 3520 2748 3575 loco
2777 3521 3063 3576 restitutus
3093 3522 3256 3574 nitor.
3291 3519 3403 3574 lloc
3446 3520 3608 3590 igitur

2022 3612 2261 3668 contenti
2293 3612 2486 3675 simus,
2519 3613 2646 3667 dum
2689 3613 2834 3668 aliud
2877 3630 2977 3668 nos
3021 3614 3270 3677 doceant,
3303 3613 3394 3684 qui
3423 3612 3607 3667 omnia

2024 3719 2084 3759 se
2113 3706 2254 3760 scire
2291 3705 2478 3759 dicunt
2502 3713 2556 3759 et
2587 3705 2721 3758 mira
2752 3706 3078 3774 pollicentur
3106 3703 3209 3777 (a).

2146 3839 2224 3894 De
2252 3839 2379 3909 [olle
2405 3857 2559 3905 wreo,
2599 3842 2816 3894 minutis
2844 3857 2906 3894 ac
2931 3841 3146 3910 reliquis
3174 3841 3482 3895 nummulis.

2093 3971 2299 4041 Duplex
2335 3971 2476 4042 apud
2507 3971 2870 4042 Epiphaniam
2917 3972 3063 4028 follis
3103 3989 3271 4043 genus
3305 3980 3408 4038 est,
3444 3980 3504 4027 ut
3539 3989 3606 4028 ex

2023 4063 2142 4133 ejus
2173 4065 2354 4118 verbis
2387 4072 2647 4134 apparet;
2675 4081 2800 4118 nam
2840 4073 2933 4118 aut
2963 4065 3105 4118 κατὰ
3140 4065 3232 4117 τὸν
3264 4065 3607 4136 ἀργυρισμόν

2023 4161 2357 4222 usurpatur;
2385 4162 2478 4209 aut
2507 4154 2646 4208 κατὰ
2668 4155 2759 4207 τὸν
2786 4155 3138 4228 δηναρισμόν,
3164 4155 3266 4209 hoc
3285 4163 3388 4220 est,
3418 4164 3477 4209 ut
3505 4171 3606 4227 ego

2024 4285 2278 4359 cteenim
2310 4287 2365 4342 in
2402 4286 2802 4343 Sirmondianis
2826 4288 3062 4359 οὑγγίαςί
3080 4295 3146 4359 γ’.

2095 4355 2265 4411 Venio
2289 4373 2434 4412 nunc
2477 4360 2542 4412 ad
2587 4355 2968 4414 milliarensem
2995 4379 3009 4413 :
3035 4355 3102 4414 de
3129 4374 3238 4428 quo
3255 4355 3441 4416 haecin
3463 4357 3608 4414 Lab-

2022 4427 2229 4500 hmanis
2256 4428 2456 4500 reperi
2496 4448 2509 4484 :
2544 4429 2889 4500 Μιλιαρίσιον
2943 4430 3005 4484 τὸ
3057 4427 3322 4500 χιλιοστὸν
3364 4431 3465 4500 τῆς
3510 4431 3604 4484 τοῦ

2720 4446 2889 4552 Ξισιον
2943 4446 3005 4484 το
3057 4446 3322 4500 χιΑιοστον
3365 4446 3465 4498 της
3510 4447 3604 4484 του

2759 4502 2878 4582 ριοὶ
2915 4498 3461 4582 Ῥωμαῖοιμὰχίλιρι
3507 4518 3606 4554 κα-

2052 4568 2199 4657 eain,
2222 4570 2315 4657 καὶ
2336 4568 2478 4656 opt-«.3
2494 4568 2963 4657 ξατεκερμάρτωσε
2992 4569 3052 4657 τὸ
3079 4570 3250 4657 ποσὸν
3262 4568 3360 4657 τῇς
3386 4571 3603 4657 λίτρας-ι’

2023 4587 2192 4630 Αουσι,
2222 4587 2315 4622 και
2336 4587 2478 4622 ουτω
2504 4587 2963 4693 κατεκεεματωσε
2992 4587 3052 4622 το
3079 4587 3250 4624 ποσον
3262 4587 3360 4657 της
3387 4587 3603 4642 Αιτραςη

2023 4639 2110 4692 ἵνα
2132 4639 2199 4691 δι’
2222 4639 2384 4693 αὑτοῦ
2408 4639 2647 4710 σώζηται
2673 4657 2703 4692 τ
2760 4640 2907 4710 χίλια
2935 4640 3272 4764 μιλιαριὶσια,
3295 4658 3436 4694 ωστε
3465 4641 3606 4696 κατὰ

2023 4709 2263 4764 νόμισμα
2302 4710 2592 4764 λαγγάνειν
2629 4711 2949 4764 μιλιαοήσια
2985 4711 3066 4763 ιδ’.
3109 4710 3136 4763 li
3164 4726 3433 4764 aunonere
3473 4728 3606 4764 sane

2021 4709 2263 4782 νόμισμα
2302 4709 2592 4782 λαγχάνειν
2629 4709 2949 4782 μιλιαρῄσιοι
2985 4711 3066 4763 ιδ’.
3093 4709 3433 4780 Magnopere
3473 4728 3608 4767 sane

2021 4780 2241 4849 gavisus
2268 4780 2416 4846 sum,
2443 4780 2588 4849 quod
2616 4781 2734 4835 sine
2771 4780 2882 4834 ullo
2908 4789 3150 4847 auctore,
3183 4789 3344 4848 atque
3381 4797 3447 4836 ex
3487 4784 3606 4837 sola

2023 4849 2335 4919 conjectura
2364 4852 2430 4905 de
2451 4851 2663 4920 origine
2690 4851 2938 4920 vocabuli
2985 4851 3146 4906 istius
3185 4850 3600 4916 aﬂirmaveram,

2024 4920 2074 4973 id
2126 4935 2209 4973 me
2246 4928 2433 4988 postea
2482 4919 2685 4975 in’illis
2736 4919 2945 4976 Glossis
2999 4920 3290 4980 invenisse.
3344 4921 3603 4976 nimirum

2022 4989 2145 5045 ideo
2170 4989 2515 5044 milliarenses
2543 4989 2840 5060 appellatos
2871 5006 3011 5055 esse,
3037 4991 3180 5060 quod
3207 4990 3408 5045 milleni
3437 4992 3491 5047 in
3515 5007 3606 5047 au-

2022 5074 2170 5115 ream
2205 5060 2399 5114 libram
2431 5062 2850 5130 imputarentur.
2886 5061 3292 5130 Corrigendum
3316 5063 3458 5115 enim
3494 5073 3600 5128 est,

2022 5137 2076 5185 et
2108 5145 2203 5199 pro
2231 5129 2636 5202 χρόνουίλίτρας
2660 5130 2865 5202 α’,γιοςι
2908 5129 3154 5202 χρυσίου.
3181 5129 3401 5185 Addunt
3445 5133 3602 5188 insu-

2025 5215 2139 5269 per.
2169 5201 2580 5270 quatuordeciin
2623 5201 3047 5256 milliarensibus
3099 5217 3322 5255 aureum
3366 5203 3601 5257 solidum

2022 5268 2302 5324 aestimari.
2334 5271 2451 5336 Qua
2480 5268 2710 5334 ratione,
2736 5278 2794 5323 ut
2823 5271 2876 5325 in
2912 5272 3104 5325 libram
3133 5272 3250 5325 auri
3285 5272 3465 5338 solidi,
3493 5275 3602 5327 duo

2021 5348 2076 5412 et
2107 5341 2738 5412 septuagintaﬂpercussi
2779 5342 2907 5412 sint,
2947 5357 3010 5395 ac
3040 5342 3247 5412 singuli
3272 5343 3602 5408 quatuorde-

2022 5411 2128 5481 cim
2175 5412 2361 5480 plenos
2391 5411 2748 5466 milliarenses
2779 5411 3085 5473 habuerint,
3130 5411 3294 5481 paulo
3323 5413 3442 5479 plus
3480 5413 3603 5481 mil-

2022 5480 2160 5536 lenis
2187 5483 2237 5534 in
2265 5481 2455 5535 libram
2478 5482 2758 5536 incurrent
2782 5500 2794 5535 :
2822 5492 2982 5540 erunt
3003 5480 3146 5535 enim
3172 5480 3342 5538 1008;
3374 5495 3499 5535 nam
3531 5480 3600 5533 72

2023 5565 2120 5617 per
2151 5551 2560 5620 quatuordccim
2595 5551 2950 5620 multiplicata
2977 5551 3108 5620 dant
3143 5549 3302 5620 {008.
3338 5549 3432 5602 Sin
3477 5551 3598 5604 mil-

2021 5619 2180 5691 lenes
2201 5622 2424 5691 praecise
2454 5620 2642 5675 solidis
2680 5619 3034 5691 72’imputes,
3079 5619 3300 5691 divisis
3322 5620 3468 5691 mille
3502 5636 3596 5691 per

2025 5690 2111 5763 72,
2158 5686 2760 5763 sihguli_n_til|iarenses
2814 5686 3132 5763 obtinebunt
3167 5689 3234 5763 l3_
3276 5686 3325 5761 ἓ,
3367 5690 3466 5745 hoc
3502 5686 3600 5746 ‘est

2024 5759 2136 5833 fere
2163 5762 2228 5816 M
2250 5757 2275 5830 ξ
2299 5761 2392 5818 sed
2418 5761 2486 5833 de
2511 5759 2939 5833 milliarensium
2982 5757 3340 5833 aestimatione
3374 5776 3437 5815 ac
3461 5776 3596 5833 pon-

2024 5831 2152 5890 dere
2179 5827 2400 5907 copiose
2424 5832 2480 5887 in
2508 5831 2601 5887 illo
2626 5831 2741 5886 loco
2765 5827 3146 5886 disseruimus.
