3978 6220
390 339 497 396 595
1504 326 1849 398 XPPENDIX
1886 340 2522 402 DlSSERTATlONUM.
3546 340 3654 402 596

386 453 739 524 interpretor,
778 454 860 511 vel
894 469 992 525 pro
1039 461 1293 525 argenteo
1331 468 1554 511 nummo
1595 456 1851 524 sumitur,
1881 456 1968 513 vel
1995 464 2043 523 Α
2072 472 2237 528 porro
2265 456 2475 513 decima
2507 454 2807 528 quondam,
2842 459 3030 526 postea
3071 449 3284 511 decima
3332 462 3487 511 sexta
3520 470 3653 525 pars

386 555 489 614 pro
520 558 681 599 aereo.
712 542 807 600 Est
839 546 980 600 enim
1018 543 1269 615 δηνάριον
1309 544 1710 602 recentioribus
1757 546 1962 604 Graecis
2076 549 2309 614 denarii,
2351 549 2468 604 sive
2520 546 2800 602 drachma:
2830 545 2993 601 fuerit
3023 564 3037 600 :
3069 544 3146 601 ita
3196 544 3373 601 chalci
3419 552 3547 601 octo
3588 547 3649 602 in

386 633 610 691 levioris
640 635 849 690 nummi
885 635 1118 707 species,
1146 634 1213 691 de
1239 650 1346 706 qua
1388 645 1513 707 post
1556 639 1719 709 paulo
1760 638 1961 696 dicam.
2067 642 2231 697 obolo
2267 647 2418 705 sunt,
2467 640 2521 694 in
2556 638 2749 694 chalco
2780 636 2974 702 λεπτά,
3006 637 3122 693 sive
3165 637 3377 692 minuta
3414 644 3645 708 septem.

386 722 514 780 ideo
537 724 1063 797 δηναρισμόςεεοιὶο
1085 734 1168 782 est
1202 726 1413 782 nummi
1439 727 1674 798 alicujus
1708 729 1763 784 in
1793 745 1970 786 aereas

2072 733 2137 788 Et
2164 742 2347 788 tamen
2376 732 2519 802 apud
2558 730 2829 787 lsidorum
2858 730 3004 785 ultra
3035 730 3260 785 chalcos
3302 743 3412 784 non
3452 743 3649 799 proce-

387 816 618 887 Species,
659 817 1000 888 ἀργυρισμός
1040 817 1095 872 in
1138 827 1444 889 argenteas.
1486 817 1592 874 Sed
1635 818 1966 891 δηναρισμὸς

388 908 654 979 duplicem
680 909 824 979 capit
846 923 1088 966 sensum.
1113 907 1247 965 Nam
1289 918 1383 965 aut
1416 925 1594 967 atreus
1622 925 1883 967 nummus
1909 911 1964 966 in

387 999 709 1071 suigeneris
740 1016 1016 1066 nummos,
1058 1002 1164 1057 hoc
1194 1008 1280 1057 est
1327 1016 1501 1059 aereos
1547 1001 1830 1067 dividitur,
1871 1011 1964 1059 aut

386 1099 675 1158 argenteus
701 1099 862 1162 atque
894 1109 1095 1150 aureus
1123 1094 1179 1149 in
1206 1108 1399 1151 aereos.
1430 1092 1671 1150 Possunt
1701 1095 1849 1151 enim
1882 1094 1966 1149 bi-

386 1180 579 1239 fariam
620 1183 697 1238 illi
731 1183 1006 1241 distribui.
1040 1184 1155 1241 lmo
1193 1201 1394 1243 aureus
1447 1185 1757 1243 trifariam:
1785 1186 1966 1241 nimi-

384 1289 507 1329 rum
538 1274 595 1330 in
626 1291 823 1333 aureas
843 1277 1084 1335 minores
1115 1279 1347 1350 species,
1375 1287 1661 1353 argenteas
1687 1287 1742 1337 et
1769 1295 1960 1339 aereas.

392 1361 460 1419 Ut
486 1364 532 1421 si
560 1364 689 1435 quis
717 1365 952 1422 solidum
1004 1367 1059 1422 in
1098 1370 1402 1435 tremisses,
1434 1370 1521 1426 vel
1563 1370 1819 1428 denarios
1868 1386 1965 1427 au-

2066 823 2236 880 ditur.
2294 822 2585 891 Quadrans
2638 820 2850 878 denarii
2909 828 3105 892 quarta
3156 836 3305 891 pars,
3362 819 3645 875 unciarum

2066 914 2235 970 trium
2260 916 2391 971 olim
2424 913 2655 970 exstitit.
2682 911 2958 984 Hesychia
2979 918 3176 982 quarta
3202 925 3329 980 pars
3360 918 3445 965 est
3473 908 3644 976 follis,

2067 1017 2162 1065 aut
2193 1008 2358 1064 etiam
2426 1007 2642 1063 λεπτόν.
2674 1004 3016 1077 Epiphanius
3054 1004 3254 1060 siclum
3283 1001 3645 1074 quadrantem

2066 1103 2354 1169 nominat;
2394 1099 2638 1156 Isidorus
2679 1098 2858 1153 unciae
2891 1106 3144 1168 quartam
3181 1102 3390 1167 partem
3436 1107 3647 1166 appen-

2064 1195 2197 1251 dere
2237 1192 2454 1255 scribit,
2483 1192 2589 1247 hoc
2614 1197 2697 1246 est
2719 1188 3011 1244 drachmas
3037 1185 3198 1241 duas.
3236 1182 3563 1256 Hesychius,
3588 1189 3647 1239 et

2064 1300 2138 1341 ex
2197 1298 2264 1339 eo
2320 1282 2554 1346 Suidas,
2608 1278 2909 1352 κοδράντην
2971 1276 3049 1331 ait
3115 1291 3243 1332 esse
3298 1274 3362 1329 τὸ
3418 1276 3550 1338 πᾶν,
3605 1273 3646 1346 ἢ

2062 1375 2237 1432 λεπτὰ
2294 1374 2408 1430 δύο.
2458 1374 2605 1429 Idem
2664 1370 2971 1444 Hesychius
3033 1368 3294 1440 ἀσσάριον
3352 1376 3406 1422 et
3449 1365 3647 1420 λεπτόν

386 1470 533 1519 reos,
565 1463 658 1511 aut
690 1457 828 1514 alios
851 1458 1119 1528 ejusmodi
1148 1460 1377 1518 leviores
1410 1462 1601 1533 partiri
1641 1463 1791 1518 velit.
1820 1461 1962 1519 Tum
2063 1484 2234 1529 unum
2268 1466 2524 1538 idemque
2571 1480 2695 1522 esse
2737 1462 2922 1528 docet,
2954 1471 3009 1518 et
3046 1460 3235 1516 talenti
3284 1474 3377 1515 sex
3415 1457 3647 1513 millesi-

387 1547 444 1601 in
468 1547 825 1605 milliarenses
849 1549 1249 1607 autdrachmas
1267 1561 1552 1623 argenteas
1572 1568 1667 1620 ;ac
1688 1562 1965 1624 postremo
2065 1576 2211 1616 niam
2241 1567 2472 1631 partem.
2498 1555 2665 1612 Vides
2696 1570 2859 1626 quam
2893 1555 3089 1610 horum
3120 1553 3364 1608 omnium
3389 1567 3651 1606 nummu-

389 1638 446 1692 ίη
474 1653 603 1704 ³³81⁵³,
640 1640 991 1698 “101131005.
1023 1640 1093 1696 Αι
1132 1644 1237 1698 hoc
1265 1643 1388 1699 loco
1415 1659 1540 1699 cum
1571 1645 1640 1701 ab
1659 1644 1966 1717 Epiphanio
2065 1652 2245 1708 lorum
2277 1650 2421 1704 ratio
2459 1647 2531 1703 sit
2564 1648 2796 1711 incerta,
2833 1655 2999 1716 utque
3034 1643 3264 1698 nihilex
3303 1641 3437 1697 iisce
3465 1641 3645 1705 tricis,

387 1728 533 1785 follis
580 1731 719 1785 κατὰ
763 1732 1094 1805 δηναρισμόν
1140 1736 1222 1791 vel
1264 1735 1604 1809 ἀργυρισμόν
1647 1737 1907 1796 tribuitur
1945 1757 1958 1795 :

2072 1758 2133 1800 ac
2173 1741 2447 1806 minutiis,
2498 1738 2607 1794 nisi
2666 1747 2871 1793 temere
2935 1734 3276 1807 pronuntiari
3332 1734 3526 1805 possit.
3574 1730 3650 1788 Ut

387 1837 497 1878 non
528 1823 666 1879 idem
693 1831 778 1880 est
809 1802 954 1882 follis
991 1802 1183 1897 genus,
1207 1802 1316 1884 sed
1335 1802 1619 1901 pri-or,'qui
1647 1832 1769 1885 κατ’
1796 1833 1968 1903 ἀργυ-
1996 1802 2046 1859 Β
2069 1849 2180 1890 non
2211 1802 2439 1888 interim
2474 1829 2607 1886 illud
2656 1802 3108 1898 omittam-quod
3152 1826 3222 1882 ad
3266 1802 3382 1880 rem
3422 1840 3655 1895 magno-

390 1913 586 1984 ρισμὸν
614 1923 850 1984 secatur,
879 1928 1172 1990 argenteus
1204 1927 1289 1975 est
1320 1917 1464 1976 follis
1506 1921 1645 1977 duos
1681 1929 1967 1993 argenteos
2068 1941 2199 1999 pere
2218 1925 2369 1991 facit,
2400 1923 2623 1980 easdem
2661 1921 2909 1977 diversos
2940 1919 3082 1990 apud
3122 1917 3352 1990 populos
3394 1930 3651 1973 nummo-

387 2005 706 2073 eontinens;
757 2010 1029 2079 posterior
1079 2026 1254 2068 aereus
1298 2021 1384 2069 est
1439 2030 1719 2079 nummus,
1772 2016 1865 2086 qui
1913 2017 1969 2070 in
2067 2032 2215 2084 rum,
2252 2028 2655 2076 mensurarum,
2683 2027 2747 2066 ac
2771 2009 3075 2083 ponderum
3109 2006 3505 2080 appellationes
3534 2020 3659 2064 non

388 2094 527 2154 duos
575 2097 806 2165 λεπτούς
854 2100 1150 2171 dividitur;
1204 2119 1331 2159 nam
1382 2105 1429 2161 si
1483 2105 1629 2162 follis
1678 2114 1970 2178 argenteus

354 2181 360 2188 ’
386 2190 533 2245 κατὰ
550 2190 881 2265 δηναρισμόν
913 2193 1267 2259 divideretur,
1306 2196 1491 2266 plures
1518 2213 1681 2268 quam
1712 2198 1852 2254 duos
1876 2198 1968 2252 λε-

387 2281 558 2346 πτούς
588 2285 912 2340 contineret.
948 2284 1024 2340 De
1055 2286 1161 2343 hoc
1187 2288 1355 2358 igitur
1382 2290 1671 2360 posteriori
1700 2290 1848 2357 folle,
1874 2292 1969 2362 qui

388 2382 445 2429 et
470 2389 645 2430 aereus
680 2385 783 2441 est,
819 2375 924 2431 hoc
964 2376 1019 2432 in
1064 2378 1245 2449 capite
1272 2379 1681 2448 disputandum.
1714 2381 1816 2448 Qui
1848 2383 1971 2452 qui-

390 2465 514 2520 dem
537 2466 688 2521 varie
715 2466 784 2521 ab
810 2469 1127 2525 auctoribus
1156 2469 1533 2527 circumscribi
1575 2472 1732 2527 solet.
1770 2471 1969 2530 Suidas

389 2564 446 2612 et
468 2555 855 2627 Moscbopulus
881 2557 1093 2628 φόλλεις
1115 2559 1333 2625 ὀϐολούς
1352 2561 1797 2632 interpretantur.
1822 2562 1969 2619 Idem

394 2646 633 2704 Suidas:
675 2648 970 2721 Ἀσσάρια,
1004 2650 1199 2706 ὀϐολοί.
1255 2651 1409 2719 Quod
1453 2668 1524 2708 ex
1569 2653 1862 2711 Plutarcho
1912 2655 1970 2710 in

391 2736 675 2793 Publicola
722 2749 999 2811 sumptum
1051 2743 1284 2799 videtur.
1344 2742 1519 2799 Erunt
1576 2760 1706 2817 ergo
1758 2746 1971 2817 φάλλεις

392 2828 649 2903 ἀσσάρια.
676 2829 992 2888 Eustathius
1028 2832 1080 2887 in
1114 2834 1207 2889 lib.
1242 2850 1259 2889 ι
1301 2834 1491 2900 Iliad.,
1531 2852 1655 2909 pag.
1688 2838 1812 2906 156,
1843 2854 1968 2894 cum

392 2921 583 2977 obolos
614 2921 842 2979 dixisset
882 2924 937 2978 in
985 2924 1301 2980 drachmam
1352 2927 1609 2996 imputari
1646 2944 1763 2994 sex,
1800 2930 1971 2999 subji-

392 3013 468 3068 cit
493 3031 506 3067 :
537 3014 604 3067 Oi
627 3014 683 3067 δὲ
703 3012 956 3081 τοιοῦτοι,
981 3015 1056 3081 ὡς
1082 3016 1249 3083 εἰκὸς,
1272 3018 1448 3073 ὀϐολοὶ
1477 3020 1653 3093 χρόνῳ
1683 3018 1776 3076 τοῦ
1801 3020 1970 3091 ὕψους

2067 2106 2288 2164 easdem
2319 2104 2597 2170 notiones,
2628 2116 2694 2156 ac
2735 2106 3037 2172 potestates
3067 2098 3345 2163 habuisse,
3383 2094 3479 2152 sed
3515 2094 3649 2149 alibi

2067 2196 2262 2268 majori
2308 2194 2693 2256 aestimatione.
2762 2191 2891 2246 alibi
2923 2191 3135 2244 minore
3166 2188 3337 2243 fuisse
3370 2185 3645 2257 praeditas.

2067 2289 2241 2361 Cujus
2280 2287 2361 2344 rei
2393 2286 2607 2343 inlinita
2652 2292 2783 2342 sunt
2817 2283 3089 2353 exempla,
3118 2283 3171 2335 in
3203 2280 3404 2352 quibus
3449 2279 3653 2333 immo-z

2068 2382 2179 2438 rari
2225 2382 2463 2437 otiosum
2511 2384 2617 2445 est,
2671 2393 2737 2432 ac
2766 2376 3046 2447 putidum;
3083 2388 3209 2429 nam
3261 2370 3407 2443 quod
3451 2369 3521 2425 ad
3554 2369 3650 2423 λε-

2068 2472 2263 2540 πτούς,
2292 2486 2527 2544 quorum
2552 2471 2644 2524 hic
2676 2466 2882 2525 mentio
2915 2475 3020 2533 est,
3056 2463 3345 2535 speciatim
3383 2461 3658 2533 pertinet,

2068 2564 2194 2635 quis
2232 2565 2300 2620 de
2327 2578 2406 2628 eo.
2433 2576 2631 2634 genere
2657 2560 2791 2617 certi
2823 2555 3032 2629 aliquid
3061 2554 3375 2613 asseveret?
3408 2551 3649 2622 Epipha-

2067 2659 2195 2714 nius
2232 2656 2388 2711 folles
2417 2652 2559 2708 κατὰ
2583 2649 2938 2723 δηναρισμόν,
2966 2648 3106 2705 duos
3132 2661 3256 2703 esse
3283 2643 3515 2708 λεπτοὺς
3545 2642 3648 2699 ait.

2071 2750 2131 2806 Si
2170 2748 2331 2805 iidem
2374 2745 2563 2801 λεπτοί
2614 2744 2727 2800 sint
2771 2757 2836 2798 ac
2884 2739 3078 2807 λεπτά,
3127 2744 3334 2808 septem
3377 2744 3539 2791 erunt
3588 2734 3651 2790 in

2070 2842 2281 2905 chalco,
2328 2840 2389 2896 in
2430 2838 2613 2903 obolo,
2645 2834 2741 2906 qui
2789 2834 3011 2889 chalcos
3056 2830 3221 2886 habet
3267 2838 3414 2893 octo,
3458 2825 3649 2880 λεπτοί

2070 2948 2181 3001 LVI,
2215 2932 2270 2986 in
2299 2928 2559 2986 drachma
2593 2940 2879 2982 cccxxxvr.
2909 2920 3076 2977 Fiunt
3108 2920 3163 2976 in
3204 2919 3463 2975 drachma
3490 2914 3653 2973 folles

2073 3021 2359 3096 Epiphanii
2392 3033 2615 3083 csxvm,
2650 3017 2706 3072 in
2744 3015 2905 3071 obolo
2947 3027 3138 3069 xxvm.
3164 3010 3267 3067 Sed
3295 3009 3469 3064 λεπτά
3502 3006 3646 3078 apud

394 3103 809 3177 ὑποσπώμενοι,
851 3110 942 3163 καὶ
989 3109 1129 3165 κατὰ
1175 3110 1368 3183 μικρὸν
1424 3112 1966 3179 ὑποκαταϐαίνοντες,

2074 3116 2323 3174 eumdem
2366 3112 2582 3168 diversa
2628 3114 2790 3175 sunt;
2823 3121 2950 3162 nam
2975 3104 3149 3158 λεπτὰ
3185 3102 3450 3157 ταλάντου
3481 3114 3651 3171 supra

393 3199 519 3263 τοὺς
550 3197 773 3273 ὕστερον
799 3202 1107 3266 ταπεινοὺς,
1135 3202 1228 3255 καὶ
1275 3202 1627 3274 πετηλώδεις,
1663 3204 1755 3259 καὶ
1792 3206 1868 3269 ὡς
1906 3204 1970 3260 ἄν

2075 3200 2414 3265 memoravit,
2444 3197 2550 3254 alia
2577 3198 2685 3251 τῶν
2708 3193 3005 3266 ἀσσαρίων.
3043 3188 3263 3246 Scholia
3286 3189 3338 3243 in
3361 3186 3552 3242 Matth.
3580 3202 3651 3244 ex

392 3310 477 3357 τις
509 3293 646 3365 ἐρεῖ,
678 3294 965 3358 ἐπιπέδους
1003 3293 1266 3366 ἐποίησαν
1302 3296 1523 3362 ὀϐολοὺς
1567 3299 1695 3361 τοὺς
1750 3297 1975 3370 λεγομέ-

302 3382 308 3388 ’
392 3401 517 3448 γους
552 3384 708 3453 φόλλε
716 3402 784 3449 ις.

464 3475 544 3530 Ita
569 3475 778 3532 Glossze
828 3493 991 3548 supra
1021 3479 1199 3534 citatas
1223 3478 1608 3537 milliarensem
1640 3498 1808 3538 unum
1831 3521 1847 3548 ,
1875 3483 1970 3554 qui

395 3566 625 3640 κεράτια
661 3568 770 3624 duo
815 3570 977 3635 valet,
1027 3567 1248 3626 follibus
1295 3580 1549 3629 constare
1582 3590 1710 3630 xxiv
1749 3574 1968 3641 docent,

396 3668 565 3715 unum
614 3675 745 3717 vero
776 3661 1049 3731 κεράτιον,
1084 3661 1305 3720 follibus
1338 3665 1517 3721 valere
1565 3681 1663 3721 xu.
1704 3665 1808 3723 Sed
1860 3683 1970 3723 non

397 3752 630 3822 quilibet
682 3753 827 3808 oboli
873 3754 1028 3810 folles
1071 3754 1302 3810 habendi
1355 3765 1518 3825 sunt;
1565 3757 1665 3813 sed
1716 3759 1973 3825 minutis-

397 3844 556 3912 simi;
606 3858 732 3899 nam
776 3844 971 3902 obolus
1012 3847 1233 3917 proprie
1281 3847 1327 3903 si
1380 3857 1651 3917 sumatur,
1697 3850 1972 3908 dracth

396 3948 525 4007 pars
561 3943 645 3993 est
684 3946 858 4004 sexta,
900 3937 1132 4008 siliquas
1161 3938 1370 3995 habens
1401 3948 1533 3998 tres.
1569 3941 1809 3998 Proinde
1841 3958 1968 3999 cum

396 4042 564 4083 aurea
607 4028 825 4098 siliqua,
874 4029 1173 4085 secundum
1211 4031 1609 4104 duodecuplam
1659 4036 1974 4107 proportio-

395 4132 541 4184 nem,
571 4118 857 4175 duodecim
888 4120 1104 4191 siliquis
1141 4124 1413 4194 argenteis
1436 4125 1635 4192 valeat,
1667 4127 1972 4182 continebit

395 4217 685 4279 argenteos
723 4210 914 4267 obolos
935 4220 1191 4280 quatuor.
1225 4212 1381 4271 Valet
1424 4223 1628 4281 autem,
1672 4224 1730 4271 ut
1761 4217 1972 4274 Glossm

395 4297 667 4366 scribunt,
699 4297 857 4357 folles
884 4317 985 4357 xu.
1016 4302 1160 4374 Ergo
1184 4303 1376 4360 obolos
1411 4313 1707 4376 argenteus
1734 4315 1848 4364 tres
1873 4306 1972 4362 fol-

394 4388 476 4445 les
508 4391 810 4447 continebit
836 4411 851 4448 :
884 4391 1131 4463 adeoque
1155 4392 1299 4451 follis
1334 4404 1591 4466 argentea
1613 4397 1719 4453 erit
1747 4397 1967 4469 siliqua.

2071 3294 2312 3352 Budensi
2342 3290 2535 3348 codice
2560 3288 2795 3352 λεπτούς
2825 3286 2881 3341 in
2921 3283 3169 3349 denario,
3204 3297 3327 3353 qua:
3355 3289 3441 3338 est
3479 3285 3657 3335 state-

2071 3388 2151 3445 ris
2201 3383 2591 3443 tetradrachmi
2644 3378 2947 3437 centesima
2993 3391 3144 3448 pars,
3195 3373 3475 3432 drachma:
3516 3387 3645 3435 xxv,

2071 3479 2148 3533 ait
2186 3491 2309 3533 esse
2338 3476 2547 3532 decem.
2599 3471 2681 3527 Ad
2712 3471 2828 3526 lucc
2877 3467 3046 3524 Marci
3080 3483 3179 3533 xu,
3219 3465 3310 3531 42,
3347 3464 3509 3520 vidua
3557 3461 3656 3517 illa

2071 3569 2286 3639 πτωχὴ,
2337 3566 2392 3621 id
2443 3572 2530 3622 est
2570 3562 2832 3627 mendica,
2869 3560 2925 3616 in
2967 3554 3418 3631 gazophylacium
3464 3550 3656 3623 injecit

2070 3657 2246 3713 λεπτὰ
2271 3656 2385 3722 δύο,
2418 3657 2449 3711 ὅ
2478 3656 2595 3711 ἐστι
2642 3651 2961 3725 κοδράντης.
2998 3648 3140 3720 Ergo
3173 3645 3319 3702 follis
3359 3643 3499 3700 idem
3541 3640 3650 3698 erit

2072 3765 2198 3808 cum
2227 3748 2555 3820 quadrante.
2595 3743 2835 3800 Hilarius
2866 3744 2920 3797 in
2958 3740 3154 3811 psatm.
3177 3752 3407 3802 cxxvm,
3437 3733 3658 3790 minuta

2073 3845 2178 3900 ista
2235 3840 2414 3896 vidum
2469 3837 2727 3894 denarios
2779 3832 2921 3890 duos
2976 3832 3400 3902 interpretatur,
3458 3824 3649 3881 eadem

2071 3947 2234 3998 voce,
2262 3945 2369 4002 qua
2396 3939 2449 3986 et
2482 3926 2691 3984 nummi
2726 3924 2805 3980 illi
2834 3933 3149 3988 censentur,
3173 3935 3314 3991 quos
3349 3917 3650 3974 Samarita-

2073 4040 2186 4081 nus
2221 4022 2363 4095 apud
2408 4019 2613 4075 Lucam
2658 4032 2782 4089 cap.
2826 4032 2862 4070 ι
2912 4014 3218 4073 stabulario
3261 4012 3316 4068 in
3357 4009 3546 4081 aegroti
3584 4022 3652 4062 ac

2074 4117 2249 4173 saucii
2300 4121 2553 4185 sumptus
2582 4111 2849 4182 erogavit,
2890 4124 3016 4182 qua:
3058 4108 3292 4181 δὴνάρια
3336 4104 3431 4160 δύο
3473 4103 3656 4159 Lucas

2075 4204 2330 4277 appellat.
2385 4202 2492 4259 Sed
2531 4217 2641 4257 non
2690 4200 2834 4256 idem
2879 4198 3091 4255 nummi
3140 4211 3314 4269 genus
3363 4193 3653 4264 utrobique

2073 4295 2283 4354 denarii
2330 4308 2466 4350 voce
2511 4290 2874 4364 significatur.
2910 4287 3081 4343 Multo
3128 4286 3274 4342 enim
3326 4284 3508 4341 minus
3542 4289 3650 4346 est,

2073 4389 2220 4460 quod
2252 4385 2503 4442 mendica
2533 4383 2736 4440 femina
2788 4380 2857 4438 de
2890 4394 2989 4437 sua
3020 4384 3345 4452 paupertate
3377 4375 3439 4430 in.
3464 4388 3651 4428 arcam

398 4479 505 4537 Sed
551 4483 818 4539 leviorum
867 4499 1217 4539 nummorum
1262 4464 1657 4556 appellationes
1703 4464 1968 4546 confundi

2075 4480 2338 4543 immisit,
2392 4492 2558 4550 quam
2614 4475 2762 4546 quod
2824 4473 2950 4546 pius
3008 4472 3100 4527 ille
3146 4467 3543 4556 Samaritanus
3594 4464 3649 4519 in

394 4580 628 4631 invncem
680 4586 737 4631 et
766 4577 1020 4647 usurpari
1057 4578 1368 4649 promiscue
1413 4581 1625 4648 solent,
1661 4581 1828 4637 veluti
1876 4584 1973 4640 de-

397 4667 560 4732 narii,
591 4667 759 4733 oboli,
800 4668 998 4733 chalci,
1038 4669 1246 4735 λεπτοε,
1292 4671 1407 4728 sive
1438 4672 1630 4739 λεπτά,
1679 4673 1874 4729 minuti
1917 4685 1974 4731 et

397 4756 636 4823 minuta,
670 4757 1028 4827 quadrantes,
1072 4775 1210 4829 atra,
1236 4760 1415 4827 folles,
1461 4763 1612 4830 terei,
1663 4762 1970 4832 follasrales,

395 4853 452 4901 et
492 4847 546 4900 id
578 4862 751 4918 genus
803 4848 916 4914 alii,
948 4848 1150 4919 quibus
1198 4865 1311 4907 non
1356 4867 1557 4924 magno
1595 4868 1728 4910 sane
1777 4855 1973 4912 discri-

397 4937 565 5001 mine,
595 4954 773 5010 neque
796 4948 944 4996 certa
976 4956 1041 4996 ac
1080 4945 1358 5000 constanti
1391 4946 1626 5015 ratione,
1671 4949 1971 5020 scriptores

396 5026 718 5084 abutuntur.
755 5027 1121 5096 Quamobrem
1173 5031 1311 5087 nihil
1358 5032 1674 5098 absurdius,
1721 5033 1975 5091 fallacius

398 5119 534 5174 nihil
588 5129 693 5185 est,
745 5135 908 5190 quam
955 5137 1023 5177 ex
1053 5129 1254 5190 vetere,
1312 5138 1378 5178 ac
1430 5125 1711 5193 prioribus
1772 5126 1977 5183 usitata

399 5210 615 5265 sarculis
678 5212 1085 5266 nummulorum
1136 5212 1202 5267 ad
1265 5214 1621 5281 drachmam,
1684 5218 1975 5273 unciamve

397 5302 768 5375 proportione,
827 5304 1181 5371 eorumdem,
1232 5306 1543 5377 cujusmodi
1606 5310 1973 5381 posteriorum

396 5410 502 5451 usu
571 5394 902 5464 scriptorum
968 5392 1159 5463 fuerit,
1226 5396 1441 5466 pondus
1519 5406 1573 5455 et
1648 5401 1973 5456 aestimatim

396 5502 520 5545 nem
585 5487 906 5557 concipere,
967 5494 1026 5541 ut
1075 5487 1121 5543 si
1171 5492 1294 5560 quis
1326 5491 1567 5555 obolum,
1619 5493 1748 5563 quia
1820 5501 1975 5547 sexta

397 5593 524 5647 pars
548 5576 825 5632 drachmae
854 5574 975 5645 fuit,
1007 5577 1194 5634 eadem
1222 5579 1291 5635 ad
1315 5590 1625 5654 argenteam
1655 5581 1974 5637 drachmam

398 5667 612 5723 ratione
640 5674 906 5738 perpetuo
953 5667 1323 5726 deﬁniendum
1354 5672 1648 5738 existimet,
1684 5687 1811 5728 cum
1842 5671 1973 5728 Plu-

400 5758 622 5812 tarchus
649 5766 704 5813 et
732 5756 933 5815 Suidas
966 5773 1148 5819 assem
1176 5761 1398 5819 obolum
1425 5777 1549 5823 esse
1578 5763 1802 5835 dicunt;
1832 5763 1973 5825 assis

474 5844 492 5877 ¹
520 5844 687 5904 Marc.
712 5865 811 5908 xu.
836 5850 923 5904 4⁸2.

2074 4569 2268 4644 agroti
2317 4566 2634 4622 alimoniam
2666 4580 2731 4621 ac
2759 4564 3104 4620 curationem
3133 4559 3391 4616 contulit.
3420 4555 3529 4612 Sed
3557 4568 3653 4609 ne-

2074 4679 2182 4736 que
2221 4661 2380 4718 Beda:
2419 4674 2646 4733 possum
2697 4656 2972 4722 assentiri,
3024 4653 3118 4726 qui
3161 4653 3229 4708 ad
3281 4652 3436 4707 illum
3484 4648 3651 4704 Marci

2074 4758 2256 4814 locum
2307 4755 2485 4811 viduae
2534 4752 2753 4808 minuta
2798 4749 2908 4807 duo
2950 4747 3313 4820 quadrantem
3359 4759 3484 4801 esse
3531 4741 3653 4798 sicli

2074 4855 2252 4921 putat,
2292 4845 2397 4900 hoc
2439 4851 2527 4899 est
2563 4842 2755 4899 obolos
2803 4840 3090 4912 quinque;
3125 4837 3237 4892 imo
3280 4849 3408 4892 vero
3462 4832 3656 4889 obolos

2074 4956 2208 5006 sex;
2256 4953 2383 4994 nam
2436 4935 2609 4992 siclus
2640 4933 2836 4989 obolos
2882 4929 3089 5001 colligit
3123 4942 3275 4994 xxrv,
3310 4926 3427 4984 sive
3452 4922 3654 4980 drach—

2076 5045 2196 5086 mas
2219 5044 2294 5095 vt,
2335 5042 2572 5099 quarum
2595 5027 2824 5098 singula:
2849 5032 2979 5081 sunt
3006 5021 3281 5089 ἐξώϐολοι.
3599 5018 3613 5025 ’

2148 5118 2256 5175 Sed
2295 5126 2380 5176 est
2411 5116 2707 5174 absurdius
2754 5116 2949 5180 multo,
2981 5112 3128 5185 quod
3163 5127 3270 5169 non
3299 5108 3506 5166 nemini
3541 5106 3658 5179 pla-

2078 5212 2263 5267 cuisse
2310 5225 2488 5281 nuper
2528 5209 2726 5270 didici:
2773 5208 2951 5263 λεπτά
2988 5207 3082 5261 illa
3130 5204 3241 5260 duo
3275 5202 3473 5267 viduae,
3516 5214 3657 5270 quos

2077 5301 2321 5359 Hilarius
2345 5302 2604 5359 denarios
2627 5306 2808 5366 vocat,
2833 5314 2959 5355 esse
2990 5296 3248 5354 denarios
3273 5296 3395 5350 illos
3421 5300 3654 5356 veteres,

2077 5393 2254 5450 unciae
2283 5400 2492 5464 partem
2543 5399 2790 5448 octavam
2810 5408 2837 5460 ;Δ
2857 5403 3091 5462 quorum
3134 5386 3246 5442 duo
3293 5385 3655 5457 quadrantem

2077 5486 2375 5543 semuncias
2423 5482 2682 5540 reddunt.
2731 5480 2824 5538 Sic
2866 5483 3011 5539 enim
3065 5477 3428 5535 ratiocinator
3466 5474 3657 5540 :Qua-

2076 5579 2268 5645 drans,
2306 5579 2397 5650 qui
2428 5577 2569 5633 duos
2605 5576 2848 5631 minutos
2881 5573 3086 5628 habere
3131 5569 3333 5627 dicitur
3378 5568 3435 5623 in
3473 5565 3657 5620 Evan-

2076 5671 2285 5744 gelio‘,
2341 5669 2601 5725 deﬁnitur
2641 5666 2819 5723 unciae
2861 5680 2992 5737 pars
3022 5670 3258 5736 quarta,
3302 5661 3414 5718 duo
3455 5657 3655 5716 minuti

2077 5774 2206 5827 sunt
2237 5765 2292 5823 in
2324 5762 2648 5838 quadrante,
2680 5761 2762 5818 sic
2792 5761 3038 5819 minutus
3075 5768 3268 5816 octava
3300 5769 3429 5829 pars
3453 5750 3655 5818 uncize,
