3978 6220
397 304 508 362 ἓίθτ

1616 290 1705 346 DE
1741 288 1963 348 FOLLE
1997 289 2415 350 MILIARENSI.

3531 297 3642 355 598

399 423 460 468 ut
488 411 597 468 duo
639 407 857 473 minuti,
891 415 1105 478 quarta.
1151 405 1287 464 Octo
1319 405 1486 479 igitur
1536 407 1734 464 minuti
1767 407 1820 461 in
1869 423 1962 460 un-
1989 405 2186 467 Adem
2250 407 2599 465 denariorum
2652 423 2715 465 ac
2769 408 3153 466 drachmarum
3206 408 3395 466 millia.
3451 407 3635 477 Quare

395 517 537 557 cram
565 500 877 565 incurrunt,
906 505 968 553 ut
997 506 1121 554 octo
1153 497 1461 564 drachmas;
1499 506 1552 553 et
1585 497 1664 554 sic
1694 499 1961 563 minutus,

397 600 451 647 ct
483 591 766 655 drachma,
803 590 888 644 vel
929 589 1186 644 denarius
1225 594 1352 644 sunt
1398 586 1714 658 ἰσοδύναμα.
1749 586 1874 642 Haec
1917 587 1964 642 si

399 697 524 739 vera
552 688 774 745 essent,
814 682 861 736 si
900 679 1119 746 λεπτόν,
1154 679 1462 749 cujusmodi
1502 678 1610 732 duo
1643 678 1802 734 vidua
1835 693 1964 749 pro-

395 773 546 844 jecit,
583 773 727 828 idem
759 781 905 828 esset
932 787 1054 827 cum
1091 778 1346 843 argenteo
1373 771 1622 833 denario,
1658 770 1740 825 vel
1774 770 1966 824 drach-

400 883 508 932 ma,
554 881 663 920 non
717 864 1030 935 pmnitenda
1080 879 1213 920 sane
1255 863 1471 933 largitio
1521 864 1611 918 illa
1645 863 1820 928 foret;
1866 879 1966 918 nec

397 974 514 1014 eam
559 955 897 1011 muliercula:
947 957 1122 1012 solum
1175 955 1518 1016 mendicitas.
1570 953 1662 1009 sed
1709 961 1762 1008 et
1804 969 1964 1010 suum

395 1064 614 1119 quoque
656 1049 892 1118 pretium
936 1046 1382 1103 commendaret:
1415 1045 1672 1100 nimirum
1719 1047 1788 1110 si,
1820 1046 1966 1116 quod

394 1142 644 1214 proxime
678 1149 804 1197 ante
836 1141 1040 1196 dictum
1077 1151 1182 1205 est,
1227 1147 1436 1194 tantum
1488 1138 1739 1194 mendica
1773 1138 1966 1194 mulier

394 1240 696 1304 erogasset,
730 1239 993 1302 quantum
1026 1231 1081 1286 in
1115 1233 1301 1303 aegroti
1349 1232 1661 1286 alimoniam
1702 1247 1774 1304 ac.
1803 1247 1964 1286 cura-

393 1325 597 1381 tionem
624 1342 655 1380 a
699 1326 935 1394 benigno
978 1325 1070 1378 illo
1119 1324 1469 1378 Samaritano
1509 1331 1595 1379 est
1633 1325 1962 1394 impensum.

394 1417 657 1484 Quocirca
686 1432 795 1471 non
829 1416 994 1471 dubia
1029 1423 1112 1472 est
1143 1416 1446 1484 ἀλογιστία,
1478 1430 1601 1486 quae
1628 1431 1692 1471 ex
1725 1431 1790 1471 eo
1814 1425 1963 1481 nata,

393 1509 538 1576 quod
578 1507 828 1572 λεπτούς,
878 1508 963 1562 vel
991 1507 1165 1560 λεπτά
1207 1507 1409 1577 ubique
1443 1522 1542 1578 pro
1584 1507 1819 1562 denariis
1852 1509 1966 1565 sive

393 1596 662 1651 drachmis
707 1598 960 1667 usurpari
987 1595 1124 1663 falso
1172 1597 1364 1661 credit,
1406 1597 1633 1668 ejusque
1677 1599 1781 1654 sibi
1816 1614 1968 1654 com-

393 1687 584 1750 menti,
640 1687 785 1757 quod
843 1687 1189 1743 doctissimos
1248 1688 1411 1743 etiam
1481 1689 1762 1759 ignorasse
1809 1687 1960 1754 dicit,

394 1779 773 1833 auctoritatem
804 1779 1064 1834 vindicat.
1098 1779 1211 1836 Hoc
1241 1796 1370 1837 vero
1399 1790 1452 1837 et
1491 1745 1798 1851 ignoratum
1839 1796 1964 1837 esse
1996 1745 2040 1802 Β

391 1868 659 1925 hactenus
691 1869 886 1936 fateor,
929 1879 983 1928 et
1009 1872 1248 1945 ignorari
1296 1875 1467 1929 multo
1512 1874 1687 1946 magis
1721 1888 1966 1927 comnm-

393 1962 543 2016 nium
573 1963 876 2018 litterarum
905 1964 1148 2030 interest,
1170 1980 1331 2035 quam
1353 1965 1408 2019 in
1437 1966 1610 2020 lucem
1639 1963 1839 2020 efferri.
1871 1961 1969 2016 Est

393 2057 537 2110 enim
584 2054 963 2111 falsissimum.
1021 2055 1155 2122 Quis
1209 2057 1319 2112 duo
1378 2057 1469 2111 illa
1527 2057 1701 2111 viduae
1756 2055 1968 2110 minuta

395 2148 556 2202 aliter
589 2147 843 2216 accipiat,
876 2164 1039 2217 quam
1079 2164 1176 2218 pro
1205 2148 1419 2204 duobus
1447 2151 1684 2214 aureolis,
1727 2150 1968 2206 minimi-

396 2255 504 2308 que
539 2239 700 2309 pretii
735 2241 1056 2306 nummulis,
1091 2240 1195 2295 hoc
1227 2249 1314 2296 est
1347 2241 1574 2308 chalcis,
1607 2243 1796 2312 quales
1843 2250 1968 2298 octo

395 2330 450 2384 in
491 2331 651 2385 obolo
695 2332 1098 2386 numerantur?
1125 2331 1284 2388 Certe
1323 2333 1709 2388 tenuissimum
1753 2335 1965 2388 nummi

395 2437 568 2492 genus
594 2421 762 2478 fuisse
799 2424 943 2478 ratio
974 2423 1091 2494 ipsa
1128 2426 1438 2495 persuadet.
1473 2425 1709 2497 Cyrillus
1758 2427 1966 2482 minuta

396 2511 487 2566 illa
528 2512 720 2570 obolos
753 2514 1010 2584 appellat.
1056 2513 1271 2586 Ergone
1305 2517 1514 2572 denarii
1545 2519 1788 2588 argentei
1840 2527 1969 2574 sunt

395 2603 564 2667 oboli,
609 2605 752 2674 quod
801 2605 1046 2662 eamdem
1089 2609 1199 2664 τῶν
1237 2609 1448 2664 λεπτῶν
1494 2625 1682 2666 vocem
1728 2611 1968 2667 Hilarius

395 2694 651 2753 denarios
683 2697 1115 2769 interpretatur?
1138 2699 1313 2772 Nugae
1329 2717 1492 2758 merae
1518 2710 1667 2758 sunt.
1704 2702 1970 2769 Denarios

396 2791 541 2845 enim
572 2789 810 2848 Hilarius
846 2807 944 2862 pro
974 2793 1188 2850 aereolis
1216 2796 1523 2865 usurpavit,
1561 2803 1622 2850 ut
1648 2802 1702 2851 et
1732 2794 1968 2866 Epipha-

398 2881 545 2948 nius,
596 2883 723 2938 dum
769 2885 912 2938 κατὰ
959 2885 1292 2956 δηναρισμόν
1331 2887 1559 2958 Opponit
1591 2888 1662 2952 ei,
1704 2887 1851 2959 quod
1887 2896 1970 2942 est

397 2973 540 3027 κατὰ
580 2973 672 3026 τὸν
707 2974 1047 3045 ἀργυρισμόν
1079 2993 1092 3029 :
1123 2974 1285 3046 idque
1321 2977 1483 3031 etiam
1528 2977 1630 3033 sibi
1662 2976 1970 3034 idiotismus

2066 496 2208 552 idem
2233 499 2606 554 estmiuutum
2640 515 2762 555 cum
2801 500 3082 555 drachma.
3109 501 3222 556 Hoc
3243 509 3323 558 est
3357 503 3635 572 probatio-

2067 588 2157 643 nis
2209 597 2405 658 caput;
2443 597 2607 661 atque
2642 590 2819 662 ipsum
2853 599 3033 648 tamen
3089 593 3444 649 levissimum.
3496 592 3632 649 Nam

2068 679 2334 734 talentum
2362 682 2503 751 apud
2528 682 2853 750 llesychium
2890 699 2996 738 non
3039 684 3310 754 ingentem
3359 685 3505 739 illam
3539 700 3635 756 pe-

2065 771 2241 826 cuniae
2272 787 2540 828 summam
2567 812 2582 838 ,
2617 791 2738 844 qua:
2777 791 2868 831 sex
2904 776 3249 831 denariorum
3283 777 3449 831 millia
3491 793 3638 833 com-

2064 862 2359 932 plectitur,
2419 864 2514 919 sed
2574 865 2807 919 solidum
2861 881 3085 921 aureum
3138 867 3434 937 significat;
3467 876 3528 923 ut
3579 870 3636 924 in

2064 953 2206 1009 libro
2236 954 2312 1009 De
2351 971 2406 1009 rc
2455 953 2774 1009 Nummaria
2811 954 3053 1026 Scaliger
3082 959 3482 1014 animadvertit.
3531 958 3638 1014 Sed

2066 1042 2318 1116 Hesychii
2374 1046 2539 1102 verba
2590 1046 2901 1101 necessario
2955 1047 3062 1100 huc
3115 1049 3432 1103 ascribcnda
3477 1056 3634 1104 sunt:

2066 1135 2381 1207 Κοδράντης
2402 1176 2416 1200 ,
2448 1138 2625 1207 inquit
2651 1179 2664 1202 ,
2695 1135 2756 1190 τὸ
2783 1137 2891 1190 πᾶν
2916 1178 2931 1202 ,
2967 1137 2998 1209 ἢ
3035 1138 3094 1189 τὸ
3121 1138 3376 1209 τέταρτον
3414 1139 3515 1208 τῆς
3541 1139 3665 1208 950').-

2065 1226 2235 1292 λεως,
2266 1229 2298 1300 ἦ
2347 1228 2562 1282 λεπτόν.
2600 1229 2673 1282 Τὸ
2712 1229 2769 1282 δὲ
2813 1228 3008 1282 λεπτὸν
3052 1229 3507 1300 ὲξακισχιλιοστὺν
3545 1249 3640 1285 τα-

2065 1317 2255 1371 λάντου
2281 1335 2294 1349 ο
2327 1321 2354 1372 ὃ
2389 1323 2504 1373 ἐστι
2550 1320 2789 1392 νόμισμα
2831 1321 2925 1388 ἓν,
2976 1321 3009 1392 ἢ
3048 1319 3233 1374 κόκκοι
3271 1326 3440 1393 τρεῖς.
3478 1322 3550 1375 Τὸ
3581 1323 3640 1376 δὲ

2064 1409 2319 1464 τάλαντον
2350 1411 2528 1482 λίτραι
2563 1413 2755 1466 ἑκατὸν
2793 1412 2964 1466 εἴκοσι
3013 1413 3196 1468 πέντε.
3236 1413 3295 1467 '0
3333 1414 3388 1467 δὲ
3417 1415 3644 1486 κοδράν-

2065 1517 2166 1570 της
2215 1501 2523 1572 νομίσματα
2583 1504 2729 1574 τρία.
2770 1502 2828 1557 '0
2876 1504 2931 1558 δὲ
2970 1501 3196 1575 ἔσχατος
3242 1505 3540 1576 κοδράντης
3584 1505 3643 1558 τὸ

2065 1590 2322 1662 τέταρτον
2350 1593 2448 1663 τῆς
2475 1593 2732 1662 φύλλεως.
2761 1592 2914 1648 Mox:
2956 1593 3297 1665 Κοὸράντης,
3332 1595 3392 1648 τὸ
3428 1597 3533 1648 πᾶν
3557 1637 3572 1661 ,
3606 1596 3640 1666 ἦ

2065 1679 2238 1735 λεπτὰ
2267 1680 2360 1734 δύο
2378 1722 2393 1748 ,
2420 1681 2481 1734 τὸ
2511 1681 2567 1735 δὲ
2602 1682 2796 1736 λεπτὸν
2831 1683 3307 1753 ὲξακισχιλιοστῶν
3343 1686 3639 1741 ταλάντων.

2069 1768 2244 1836 Quam
2303 1771 2417 1826 haec
2471 1773 2760 1842 perplexa,
2809 1789 3081 1843 quamque
3131 1776 3197 1827 ad
3258 1777 3641 1831 auctoritatem

2069 1858 2194 1914 novi
2257 1861 2551 1916 commenti
2613 1862 2724 1917 sint
2793 1862 3012 1927 inania,
3078 1881 3238 1920 nemo
3304 1881 3411 1920 non
3474 1868 3639 1924 videt.

2069 1948 2436 2016 Quadrantem
2469 1951 2613 2006 follis
2640 1967 2764 2008 esse
2788 1961 3038 2022 quantam
3071 1964 3277 2023 partem
3299 1957 3516 2024 asserit,
3547 1966 3645 2012 aut

2069 2042 2358 2096 minutum.
2394 2041 2591 2098 Postea
2616 2044 2970 2114 quadrantem
3004 2045 3113 2100 duo
3140 2046 3311 2100 λεπτά
3339 2048 3639 2104 continere.

2071 2131 2380 2189 Secundum
2417 2136 2653 2206 priorem
2688 2137 2950 2192 rationem
3005 2138 3283 2206 quadrans
3313 2140 3488 2192 sexies
3520 2139 3643 2193 mil-

2069 2222 2258 2278 lesima
2292 2239 2420 2292 pars
2448 2225 2550 2278 erit
2595 2225 2826 2291 talenti;
2855 2225 3182 2296 posteriori,
3214 2235 3298 2282 ter
3331 2227 3641 2293 millesima,

2068 2313 2196 2382 quia
2213 2313 2407 2367 λεπτὸν
2435 2315 2892 2386 ἑξακισχιλιοστδν
2915 2317 3176 2370 ταλάντου
3203 2319 3423 2372 dicitur.
3442 2317 3646 2373 Deinde

2069 2406 2215 2477 quod
2243 2407 2348 2462 erit
2370 2407 2612 2478 νόμισμα
2638 2408 2769 2463 illud
2796 2409 2890 2462 ἒνῖ
2913 2407 3130 2464 ldemne
3151 2424 3272 2463 cum
3299 2411 3604 2480 quadrante
3622 2411 3649 2464 ?

2068 2499 2152 2553 An
2181 2500 2365 2569 potius
2415 2514 2539 2554 cum
2568 2499 2783 2570 λεπτῷῖ
2816 2503 2886 2555 At
2920 2499 3153 2556 subinde
3193 2502 3504 2572 νομίσματα
3539 2503 3645 2555 tria

2070 2590 2429 2660 quadrantem
2460 2606 2584 2646 esse
2606 2589 2815 2646 delinit.
2847 2589 2989 2661 Ergo
3030 2591 3306 2661 quadrans
3333 2601 3459 2646 sunt
3486 2591 3644 2661 νομί·

2071 2699 2252 2753 σματα
2297 2682 2440 2750 tria,
2485 2691 2540 2737 et
2591 2682 2860 2738 nomisma
2903 2699 3095 2737 unum.
3141 2682 3285 2738 ldem
3342 2685 3642 2756 quadrans,

2071 2789 2241 2829 unum
2287 2775 2392 2829 erit
2428 2774 2696 2828 minutum
2723 2815 2737 2839 ,
2777 2781 2831 2828 et
2883 2774 2991 2830 duo
3022 2775 3252 2829 minuta.
3293 2775 3423 2840 Qua:
3462 2777 3646 2828 omnia

2072 2865 2335 2920 mendosa
2361 2905 2376 2930 ,
2414 2864 2848 2929 inextricabilia,
2882 2880 2946 2921 ac
2980 2867 3335 2920 tumultuarie
3382 2878 3646 2937 congesta

2073 2962 2238 3020 sunt;
2275 2970 2451 3025 neque
2502 2955 2570 3010 ad
2606 2957 2728 3010 novi
2767 2957 3006 3026 figmenti
3055 2958 3430 3013 testimonium
3465 2960 3648 3013 valere

399 3073 593 3119 noster
625 3064 839 3120 ascivit.
874 3064 1030 3131 Quod
1068 3045 1206 3120 vero
1233 3066 1590 3136 quadrantem
1625 3065 1736 3122 duo
1766 3068 1857 3122 illa
1880 3068 1969 3121 λε-

2074 3055 2325 3116 possunt.
2359 3045 2570 3101 Etenim
2602 3049 2647 3102 si
2680 3062 2775 3118 pro
2817 3064 2916 3112 co,
2954 3050 3099 3119 quod
3133 3049 3437 3121 Hesychius
3466 3051 3653 3117 docet,

398 3156 510 3210 πτά
535 3155 752 3212 Marcus
777 3158 1045 3222 nominat,
1077 3172 1178 3212 cur
1203 3158 1381 3213 unciae.
1409 3159 1592 3228 potius
1609 3174 1770 3228 quam
1802 3158 1968 3227 oboli,

399 3243 512 3300 imo
546 3248 708 3301 etiam
746 3247 923 3303 chalci
954 3249 1312 3320 quadrantem
1350 3249 1719 3304 arbitremur?
1747 3248 1886 3304 Octo
1916 3249 1971 3304 in

400 3336 663 3393 drachma
689 3340 865 3395 chalci
899 3351 1058 3408 sunt;
1085 3343 1306 3398 totidem
1330 3357 1360 3397 a
1393 3342 1669 3398 nonnullis
1697 3341 1751 3396 in
1781 3341 1974 3396 chalco

405 3432 613 3488 minuta
638 3441 972 3492 statuuntur.
1000 3433 1132 3494 Tam
1169 3435 1334 3507 igitur
1359 3432 1537 3489 chalci
1568 3433 1697 3497 duo,
1729 3431 1895 3496 oboli,
1923 3439 1976 3486 et

398 3523 574 3579 λεπτά
611 3525 740 3588 duo,
793 3527 967 3581 chalci
1009 3527 1366 3598 quadrantem
1398 3525 1622 3588 faciunt,
1660 3538 1823 3594 quam
1873 3538 1974 3576 un-

401 3619 520 3685 ciae,
553 3618 914 3689 quadrantem
941 3619 1148 3675 denarii
1182 3619 1312 3683 duo,
1344 3619 1429 3674 vel
1451 3617 1747 3672 drachmas.
1789 3614 1976 3687 itaque

401 3709 623 3766 chalcos
657 3711 744 3766 aio
775 3712 914 3768 duos
946 3727 1089 3777 esse,
1137 3712 1242 3767 hoc
1277 3723 1360 3767 est
1406 3711 1550 3766 oboli
1591 3708 1970 3780 quadrantem,

401 3793 634 3858 λεπτοὺς
687 3795 810 3850 illos
857 3795 1049 3851 vidum.
1124 3795 1281 3862 Quod
1328 3805 1381 3850 et
1427 3794 1650 3849 Latinus
1707 3793 1977 3862 interpres

405 3885 646 3952 agnovit,
688 3885 778 3954 qui
816 3885 975 3941 Luca:
1014 3903 1128 3952 xxI,
1161 3887 1254 3942 ubi
1278 3886 1466 3941 eadem
1501 3885 1729 3940 historia
1775 3899 1968 3938 narra-

405 3981 514 4038 tur,
541 3974 715 4027 λεπτά
745 3977 922 4042 vertit,
955 3994 1065 4031 tera
1114 3978 1317 4030 minuta
1353 3977 1481 4040 duo,
1520 3991 1718 4044 nempe
1757 3973 1976 4043 χαλκίοι.

411 4056 566 4116 Unde
597 4069 652 4115 et
692 4062 1028 4132 χαλκολόγοι,
1063 4075 1448 4119 wruscatores:
1483 4079 1606 4116 nam
1642 4062 1841 4132 χαλκός
1881 4075 1981 4130 pro

407 4148 556 4201 omni
587 4150 1000 4204 nummulorum
1027 4166 1222 4221 genere
1251 4150 1456 4220 passim
1487 4149 1775 4218 accipitur.

481 4283 589 4342 Sed
615 4285 781 4354 clare,
812 4286 1027 4357 inquit,
1058 4284 1163 4340 hoc
1202 4284 1540 4356 Epiphanius
1575 4283 1704 4338 dum
1737 4282 1810 4338 ita
1838 4281 1981 4339 scri—

407 4375 520 4431 bit:
555 4375 784 4439 Siclum,
812 4378 981 4446 quiet
1011 4375 1288 4447 quadrans
1318 4386 1546 4431 vocatur
1565 4416 1579 4441 ,
1614 4375 1790 4430 uncia:
1814 4388 1980 4444 quar-

410 4475 521 4522 tam
551 4484 673 4526 esse
702 4477 910 4539 partem
938 4511 954 4534 ,
991 4470 1214 4524 stateris
1247 4469 1566 4532 semissem,
1598 4482 1662 4522 ac
1690 4468 1981 4522 drachmas

410 4561 692 4616 continere
713 4561 870 4616 duas.
889 4560 1056 4627 Duas,
1087 4560 1283 4631 inquit,
1309 4560 1600 4615 drachmas
1628 4559 1767 4614 dixit
1792 4567 1985 4614 auctor

411 4654 504 4710 ille
525 4695 542 4719 ,
575 4670 697 4724 quae
735 4656 827 4709 alii
857 4655 1086 4710 minuta.
1121 4654 1239 4709 Hoc
1267 4669 1396 4709 vero
1435 4668 1713 4723 nunquam
1748 4652 1987 4724 Epipha-

413 4745 539 4800 nius
568 4745 742 4809 dixit,
791 4745 1084 4801 drachmas
1119 4745 1256 4800 duas
1310 4744 1556 4814 ejusdem
1605 4759 1730 4800 esse
1767 4743 1983 4813 generis

415 4853 541 4892 cum
575 4836 791 4899 λεπτοῖς
828 4837 936 4891 illis
968 4836 1232 4891 mendieae
1278 4836 1653 4894 mulierculae:
1704 4835 1850 4906 quod
1902 4842 1988 4890 est

414 4929 646 4995 ἄτοπον,
677 4936 730 4982 et
764 4927 1088 4982 inauditum.
1125 4926 1347 4982 Scimus
1372 4936 1620 4996 quartam
1655 4929 1829 4982 unciae
1855 4941 1987 4996 par-

416 5029 524 5077 tem
552 5021 841 5077 drachmas
867 5035 989 5075 esse
1015 5019 1186 5075 duas:
1216 5034 1355 5089 quas
1382 5034 1482 5074 cur
1499 5018 1836 5090 Epiphanius
1861 5033 1986 5075 cum

416 5114 552 5169 siclo
597 5111 917 5174 confundat,
943 5124 1165 5164 causam
1204 5125 1307 5165 suo
1334 5111 1457 5165 loco
1484 5109 1846 5165 reddidimus.
1881 5109 1986 5164 Sed

419 5207 517 5262 bas
566 5206 705 5261 duas
744 5203 1034 5259 drachmas
1066 5204 1277 5258 minuta
1331 5218 1455 5258 esse
1490 5202 1600 5257 duo
1629 5241 1646 5268 ,
1678 5201 1990 5273 cujusmodi

419 5297 578 5352 vidua
632 5295 687 5349 in
733 5291 1179 5365 gazophylacium
1228 5291 1448 5354 intulit,
1484 5306 1662 5360 neque
1699 5290 1987 5360 probatum

420 5388 532 5444 illic
563 5398 664 5452 est,
692 5400 870 5456 neque
899 5382 1370 5454 argumentatione
1399 5383 1512 5437 ulla
1545 5388 1724 5452 potest
1759 5379 1918 5435 eihci.

492 5525 560 5578 At
591 5538 718 5580 ecce
760 5528 956 5578 auctor
995 5527 1080 5576 est
1111 5516 1450 5590 Hesychius,
1477 5515 1674 5570 λεπτόν
1712 5530 1834 5571 esse
1867 5513 1990 5581 ἐξα·

425 5614 782 5686 κισχιλιοστδν
822 5612 1106 5667 ταλάντου.
1142 5607 1283 5680 Ergo
1313 5624 1406 5664 sex
1437 5607 1605 5662 millia
1633 5604 1742 5659 τῶν
1779 5603 1992 5660 λεπτῶν

430 5707 483 5764 in
513 5703 718 5760 talento
753 5704 1119 5759 continentur.
1155 5696 1294 5755 Sunt
1329 5704 1508 5754 autem
1542 5696 1594 5752 in
1625 5695 1830 5752 talento
1863 5694 1994 5751 toti-

2073 3137 2268 3192 λεπτόν
2325 3154 2446 3193 esse
2500 3146 2708 3208 partem
2774 3141 2960 3195 talenti
3035 3141 3214 3196 sexies
3278 3142 3646 3206 millesimam,

2077 3231 2200 3286 idco
2229 3245 2417 3289 verum
2460 3238 2580 3296 est,
2621 3231 2818 3285 λεπτόν
2862 3233 3000 3286 idem
3038 3247 3159 3287 esse
3196 3247 3319 3287 cum
3354 3233 3648 3300 drachma,

2077 3319 2204 3390 quia
2258 3323 2521 3377 talentum
2580 3323 2819 3377 Atticum
2874 3340 2968 3379 sex
3030 3323 3414 3378 drachmarum
3479 3325 3649 3380 millia

2075 3413 2371 3468 continet:
2435 3428 2559 3470 cum
2630 3415 2772 3470 idem
2843 3415 3146 3487 Hesychius
3212 3417 3471 3470 talentum
3521 3416 3652 3472 deli-

2076 3503 2190 3558 niat
2248 3503 2400 3560 libris
2459 3520 2640 3571 cxxv,
2699 3507 2804 3561 hoc
2872 3516 2955 3562 est
3024 3506 3186 3560 minis
3242 3504 3436 3560 Atticis
3504 3522 3647 3573 cxx;

2079 3595 2260 3664 sitque
2319 3593 2543 3666 duplum
2597 3597 2663 3652 ad
2725 3597 2990 3660 Atticum,
3055 3596 3286 3666 ideoque
3363 3597 3650 3652 duodecim

2078 3685 2248 3739 millia
2277 3685 2664 3742 drachmarum
2687 3688 2992 3742 Atticarum
3021 3689 3275 3759 colligat;
3298 3689 3459 3758 quale
3483 3689 3653 3744 fuisse

2080 3789 2248 3845 supra
2299 3775 2539 3832 diximus
2582 3777 3007 3832 Alexandrinum
3047 3779 3350 3846 talentum;
3397 3794 3496 3833 cur
3542 3793 3651 3832 non

2080 3865 2269 3920 eodem
2301 3865 2424 3934 jure
2446 3867 2829 3924 concludimus
2866 3868 3063 3922 λεπτόν
3089 3885 3212 3925 esse
3250 3869 3650 3932 didrachmum,

2081 3957 2341 4027 quoniam
2380 3972 2475 4012 sex
2511 3958 2959 4012 didrachmorum
3000 3959 3170 4012 millia
3220 3959 3483 4012 talentum
3521 3957 3655 4012 illud

2083 4047 2372 4109 continet,
2433 4045 2500 4099 de
2560 4060 2666 4114 quo
2718 4045 3025 4116 Hesychius
3085 4047 3362 4115 loquitur?
3405 4047 3655 4111 Quanam

2082 4149 2216 4189 vero
2248 4134 2442 4189 ﬁducia
2479 4133 2533 4188 id
2567 4151 2632 4189 ex
2667 4135 2761 4188 illa
2795 4134 3124 4189 auctoritate
3158 4135 3336 4205 seliglt
3361 4176 3376 4202 ,
3419 4135 3565 4205 quod
3599 4136 3661 4190 in.

2084 4239 2200 4279 rem
2231 4237 2385 4278 suam
2417 4223 2596 4279 facere
2628 4232 2815 4294 putat:
2856 4226 2910 4280 id
2941 4226 3171 4296 respuit,
3203 4224 3348 4295 quod
3391 4227 3438 4280 ei
3479 4227 3655 4294 potis.-

2087 4313 2285 4368 simum
2314 4314 2670 4370 adversetur?
2700 4315 2811 4370 Cur
2837 4318 2982 4370 enim
3015 4316 3083 4372 de
3114 4316 3318 4370 talento
3344 4316 3524 4371 Attico
3550 4314 3657 4371 lle-

2011 4422 2057 4478 ι)
2087 4406 2335 4477 sychium
2368 4407 2514 4478 loqui
2547 4408 2728 4478 potius
2768 4407 3016 4475 alIirmet,
3039 4424 3162 4463 cum
3191 4407 3385 4461 λεπτόν
3419 4409 3493 4462 ait
3530 4405 3658 4473 ἐξα-

2087 4498 2447 4568 κισχιλωστόν
2498 4514 2620 4554 esse
2656 4499 2958 4567 ταλάντου,
3009 4515 3172 4570 quam
3231 4499 3404 4554 eidem
3455 4497 3661 4554 diserte

2089 4589 2330 4660 loquenti
2355 4591 2685 4661 testantique
2719 4591 2878 4646 ﬁdem
2904 4590 3118 4651 habeat,
3148 4605 3206 4644 se
3234 4589 3494 4644 talentum
3526 4589 3659 4644 illud

2088 4680 2410 4750 intelligere,
2446 4684 2588 4753 quod
2638 4681 2864 4752 duplum
2918 4683 2990 4738 sit
3035 4682 3236 4746 Attici,
3270 4687 3324 4736 et
3369 4680 3656 4736 duodecim

2087 4772 2474 4827 drachmarum
2509 4773 2752 4828 millibus
2797 4774 3050 4829 constet?
3087 4772 3271 4827 Redeo
3299 4772 3464 4843 igitur
3488 4771 3656 4836 adid,

2088 4865 2232 4935 quod
2277 4865 2441 4934 paulo
2489 4871 2616 4919 ante
2665 4880 3096 4935 proposueram,
3142 4871 3197 4920 et
3231 4865 3491 4918 talentum
3532 4863 3659 4918 istic

2089 4971 2211 5011 esse
2249 4955 2372 5009 dico
2417 4955 2652 5010 solidum
2687 4971 2949 5020 aureum,
2986 4957 3101 5012 sive
3150 4956 3410 5027 νόμισμα.
3448 4953 3660 5026 Quippe

2089 5049 2432 5104 nomismatis
2468 5064 2568 5102 vox
2601 5049 2905 5104 recentiore
2932 5049 3132 5104 saeculo
3171 5048 3240 5102 ad
3272 5063 3497 5104 aureum
3529 5047 3663 5102 soli-

2091 5139 2223 5195 dum
2245 5140 2563 5209 plerumque
2605 5140 2972 5210 restringitur.
3011 5137 3187 5209 Hujus
3210 5179 3224 5205 ,
3258 5142 3302 5195 si
3331 5140 3471 5194 κατὰ
3498 5139 3659 5210 δηνα-

2092 5231 2288 5305 ρισμόν
2319 5239 2552 5298 secetur,
2575 5231 2754 5287 sexies
2779 5231 3064 5286 millesima
3087 5247 3214 5302 pars
3240 5238 3324 5287 est
3355 5229 3657 5300 quadrans.

2091 5325 2184 5395 qui
2218 5332 2271 5380 et
2316 5324 2573 5380 denarius
2596 5364 2611 5388 ,
2647 5331 2702 5378 et
2737 5324 3037 5389 minutum,
3085 5331 3139 5378 et
3189 5322 3310 5376 aliis
3348 5319 3661 5404 promiscue

2093 5418 2321 5473 vocibus
2353 5417 2695 5487 exprimitur.
2730 5413 2917 5471 Solent
2947 5414 3096 5470 enim
3120 5453 3135 5479 ,
3169 5421 3228 5467 ut
3263 5419 3421 5465 antea
3457 5406 3661 5478 signiﬁ-
3720 5404 3723 5407 ’

2092 5510 2337 5565 cavimus
2361 5549 2376 5573 ,
2411 5504 2728 5578 permisceri
2762 5505 3011 5568 invicem,
3045 5509 3098 5556 et
3130 5497 3391 5554 confundi
3424 5494 3661 5567 appella-

2095 5603 2271 5658 tiones
2325 5600 2428 5654 illae
2457 5612 2804 5654 nummorum
2836 5595 3022 5649 vilium
3048 5633 3062 5659 ,
3097 5606 3273 5662 neque
3322 5587 3664 5661 singularum

2098 5691 2404 5764 proprietas
2436 5690 2639 5762 ubique
2677 5687 2960 5743 retinetur.
