3978 6220
369 221 468 276 53.9

1460 226 1804 281 APPENDIX
1839 197 2465 284 DissEttTATIONUM.

3439 233 3442 236 ’
3481 226 3598 283 600

432 342 616 412 Itaque
660 319 940 410 quadrans
977 339 1110 395 alias
1156 335 1330 392 λεπτὰ
1383 336 1476 389 δύο
1524 337 1914 406 complectitur,

2029 337 2143 392 sive
2196 339 2482 394 milliarisii
2520 338 2923 409 ὑποσπώμενοι,
2957 345 3017 394 et
3045 334 3592 400 ὑποκαταϐαίνοντες,

359 436 493 489 alias
525 449 622 504 pro
671 432 849 502 λεπτῷ
899 431 1154 487 sumitur.
1206 429 1526 498 Quanquam
1574 429 1924 484 verisimilius

356 534 442 582 cst
467 526 519 578 iu
546 523 728 594 priore
755 524 874 577 loco
897 520 1242 576 scribendum
1269 535 1411 584 esse,
1434 529 1494 573 ut
1517 520 1568 573 in
1596 520 1920 588 posteriore,

355 615 388 684 ἢ
436 615 528 668 δύο
579 613 778 678 λεπτά,
833 627 930 681 pro
977 611 1257 680 ἢλεπτόν.
1285 609 1418 663 Nam
1461 611 1525 663 ad
1559 609 1721 664 Marci
1759 610 1922 664 verba

355 704 662 770 respexisse
713 699 945 754 videtur.
992 699 1212 752 Actum
1255 698 1400 752 follis
1451 698 1741 768 Epiphanii
1787 713 1924 768 qua-

355 792 522 845 drans
549 792 652 844 erit
683 789 976 859 l-lcsycliii:
1010 789 1137 843 licet
1167 789 1331 856 hujus
1356 788 1523 853 follis,
1555 805 1718 859 quam
1751 789 1919 854 illius,

353 889 426 940 sit
462 886 662 952 major:
696 885 822 952 quia
849 883 997 938 follis
1041 884 1182 953 apud
1225 882 1554 954 Hesychium
1585 882 1757 935 λεπτά
1790 898 1921 937 con-

350 975 545 1029 tinebit
575 982 699 1029 octo
720 1015 734 1038 ,
782 983 836 1029 et
866 975 1006 1028 idem
1042 976 1147 1029 erit
1179 973 1411 1029 fortasse
1437 989 1560 1028 cum
1602 975 1783 1029 obolo.
1814 972 1920 1027 Ve-

350 1082 468 1120 ruzu
519 1067 825 1136 cujusmodi
879 1066 989 1120 sint
1038 1066 1326 1135 utrobique
1377 1064 1551 1128 folles,
1589 1073 1680 1118 aut
1728 1065 1917 1132 λεπτά,

348 1163 460 1208 tam
492 1154 710 1209 difﬁcile
745 1163 831 1210 est
863 1154 1114 1224 assequi,
1148 1169 1310 1224 quam
1341 1153 1531 1208 inutile
1571 1153 1713 1208 scire
1741 1195 1754 1216 ,
1793 1169 1920 1224 pro-

350 1246 605 1299 nuntiare
631 1261 761 1299 vero
787 1245 1136 1299 temerarium
1182 1260 1246 1298 ac
1270 1243 1580 1301 ridiculum.
1607 1243 1713 1298 Sed
1745 1244 1918 1298 talen-

348 1344 464 1389 tum
500 1335 642 1405 apud
671 1335 998 1405 Hesychium
1024 1351 1145 1391 esse
1186 1336 1418 1390 solidum
1453 1350 1558 1388 non
1591 1335 1765 1390 solum
1795 1333 1918 1388 ideo

349 1428 631 1496 probabile
679 1435 761 1484 est
785 1469 799 1493 ,
833 1428 960 1496 quia
1012 1427 1244 1495 idipsum
1279 1427 1354 1480 ait
1393 1441 1515 1481 esse
1553 1426 1791 1496 νόμισμα
1822 1425 1914 1488 ἓν,

351 1533 537 1571 verum
570 1518 756 1586 etiam,
787 1519 932 1588 quod
962 1534 1025 1572 ex
1057 1516 1386 1573 Cassiodoro
1417 1518 1557 1572 idem
1591 1527 1768 1586 potest
1800 1517 1916 1570 col-

350 1608 462 1678 ligi.
487 1607 735 1676 Cujusin
762 1609 854 1662 lib.
899 1624 938 1675 t,
973 1609 1132 1678 epist.
1173 1608 1260 1672 l0,
1293 1609 1403 1662 haec
1431 1608 1598 1661 verba
1624 1615 1783 1661 sunt:
1811 1606 1916 1661 Sea:

350 1699 524 1752 millia
562 1702 902 1754 denariorum
935 1699 1162 1753 solidum
1193 1715 1301 1752 esse
1336 1699 1630 1753 voluerunt.
1666 1698 1769 1754 Ubi
1811 1698 1920 1753 Ho-

352 1801 640 1845 tomannus
672 1789 894 1853 frustra,
926 1805 1015 1844 sea:
1043 1791 1486 1855 milliarisiorum,
1518 1804 1615 1859 pro
1641 1789 1808 1843 millia
1831 1789 1919 1843 de-

349 1881 645 1943 nariorum,
681 1879 962 1949 legendum
989 1879 1240 1948 conjicit;
1274 1894 1397 1932 nam
1429 1879 1698 1934 duodenis
1729 1880 1919 1934 millia-

351 1969 518 2033 ri'siis,
544 1984 651 2023 non
684 1985 798 2035 sex,
830 1969 989 2038 vulgo
1014 1969 1224 2024 solidus
1251 1969 1576 2023 aestimatur.
1611 1969 1916 2023 Retinenda

348 2060 580 2128 proinde
624 2061 836 2130 vulgata
867 2060 1045 2116 lectio.
1079 2059 1156 2112 Ex
1194 2075 1300 2130 qua
1337 2076 1432 2114 sex
1465 2059 1633 2112 millia
1665 2059 1918 2113 denario-

350 2151 526 2204 lorum
563 2153 621 2205 in
649 2153 882 2205 solidum
921 2151 1187 2220 imputata
1216 2150 1510 2213 discimus,
1549 2164 1669 2217 qua:
1713 2150 1781 2202 ab
1811 2147 1918 2203 [ie-

348 2243 539 2311 sychio
568 2243 743 2295 λεπτά
773 2250 1054 2297 vocantur.
1091 2240 1205 2295 Hoc
1240 2241 1399 2295 modo
1434 2241 1479 2294 si
1518 2241 1801 2294 duodecim
1830 2256 1919 2295 so-

349 2332 460 2386 lido
502 2334 865 2388 milliarenses
917 2333 1318 2396 attribuantur,
1377 2332 1576 2400 singuli
1623 2331 1916 2401 quingenta

353 2425 611 2490 minuta,
646 2426 730 2502 vel
784 2424 1014 2495 δηνάρια
1059 2425 1334 2494 colligent.
1385 2423 1540 2488 Quod
1581 2439 1679 2477 cur
1717 2424 1916 2478 mirum

351 2514 693 2570 Hotomanno
720 2516 1014 2580 videretur,
1064 2531 1243 2570 causa:
1300 2515 1434 2568 nihil
1465 2522 1582 2569 erat
1628 2534 1640 2568 :
1697 2531 1819 2568 cum
1863 2516 1917 2568 in

351 2614 650 2662 nostratem
692 2622 948 2671 aureum,
980 2609 1072 2678 qui
1101 2607 1348 2661 Romano
1376 2608 1542 2680 duplo
1577 2607 1689 2662 fere
1739 2609 1919 2662 minor

353 2695 475 2759 fuit,
515 2696 699 2764 plures
739 2696 901 2751 etiam
935 2697 1175 2751 minutiae
1197 2697 1407 2766 possint
1437 2698 1738 2761 incurrere,
1772 2699 1816 2752 si
1852 2699 1917 2753 ad

351 2788 568 2844 inﬁmas
606 2804 952 2843 nummorum
999 2791 1190 2845 sordes
1233 2790 1375 2843 κατὰ
1405 2789 1734 2860 δηναρισμόν
1778 2789 1920 2844 redi-

348 2884 563 2944 gantur,
592 2892 730 2945 quas
759 2877 916 2944 vulgo
934 2879 1200 2941 maculas,
1233 2880 1446 2946 obolos,
1479 2880 1642 2948 pitas,
1670 2888 1762 2933 aut
1795 2881 1917 2936 aliis

293 3004 296 3006 η
349 2967 402 3020 id
436 2983 607 3037 genus
628 2967 928 3033 vocabulis,
954 2970 1244 3039 appellant.
1283 2969 1360 3022 Ex
1387 2986 1452 3024 eo
1490 2986 1620 3023 vero
1667 2970 1807 3023 ratio
1837 2971 1917 3023 in-

349 3071 512 3125 super
534 3056 757 3112 evidens
784 3066 903 3123 est,
939 3059 1010 3112 ob
1049 3074 1224 3132 quam
1258 3060 1445 3113 talenti
1499 3075 1696 3115 nomen
1738 3061 1912 3115 solido

346 3147 420 3202 sit
450 3147 783 3218 impositum.
815 3146 1054 3217 Nempe,
1112 3149 1257 3218 quod
1297 3148 1520 3203 totidem
1559 3151 1913 3203 minutiarum

347 3251 412 3290 ac
437 3235 844 3290 denariolorum
885 3238 1057 3290 millia
1096 3237 1604 3307 comprehenderet,
1639 3245 1772 3307 quot
1792 3238 1917 3292 dra—

347 3324 630 3378 chmarum
670 3326 909 3379 Atticum
932 3365 945 3388 ,
988 3340 1052 3378 ac
1090 3327 1312 3395 vulgare
1342 3327 1629 3381 talentum.
1661 3327 1913 3398 Reliqua,

345 3429 467 3484 qua:
508 3414 648 3482 apud
685 3414 1014 3484 Hesychium
1053 3427 1392 3484 sequuntur,
1432 3418 1717 3488 peregrina
1764 3427 1912 3485 sunt,

347 3515 401 3559 et
431 3505 774 3559 accumulata
805 3513 1039 3569 temere,
1073 3516 1130 3560 ut
1161 3509 1214 3561 in
1245 3507 1540 3564 Glossariis
1584 3511 1818 3578 assolet,
1859 3512 1915 3566 in

344 3613 469 3668 qua:
497 3598 680 3662 variae,
709 3612 772 3650 ac
801 3598 1092 3652 contrariae
1120 3600 1440 3669 plerumque
1475 3617 1666 3656 vocum
1700 3618 1918 3659 earum-

346 3687 468 3742 dem
509 3687 759 3742 notiones
792 3703 856 3743 ex
890 3688 1122 3744 diversis
1161 3691 1478 3747 auctoribus
1524 3693 1766 3748 collectae
1812 3694 1916 3749 sub

350 3792 460 3834 uno
487 3779 739 3834 lemmate
769 3780 972 3849 passim
1003 3781 1367 3836 inculcantur.

415 3867 598 3923 Nihilo
626 3871 808 3939 itaque
837 3872 1183 3928 ratiocinatio
1213 3875 1317 3928 ista
1352 3873 1626 3931 doctiores
1647 3877 1794 3932 viros
1816 3876 1916 3932 do-

343 3959 631 4015 ctissimos.
655 3959 816 4015 ellicit
836 4000 850 4025 ,
889 3969 947 4016 ut
977 3962 1149 4016 λεπτά
1169 3975 1455 4035 argenteos
1486 3967 1743 4023 denarios
1767 3983 1910 4034 esse,

345 4050 460 4104 sive
499 4051 810 4118 drachmas,
859 4053 1002 4123 quod
1056 4055 1320 4111 hactenus
1357 4057 1700 4127 ignorabant,
1761 4059 1915 4114 dein-

340 4158 467 4212 ceps
489 4143 810 4214 intelligant.
835 4143 952 4201 Non
980 4147 1112 4201 illud
1146 4148 1366 4218 quidem
1395 4149 1719 4217 inticiamur,
1746 4153 1915 4223 ἀργύ-

341 4250 434 4302 ρια
465 4233 637 4288 λεπτά
668 4250 768 4304 pro
796 4238 1068 4306 argenteis
1093 4241 1332 4295 nummis
1361 4243 1556 4311 accipi,
1590 4251 1649 4296 ut
1677 4244 1729 4296 in
1753 4243 1911 4300 Glos-

2027 435 2088 482 ut
2117 443 2240 482 cum
2265 429 2546 484 Eustathio
2571 430 2788 499 loquar,
2828 429 3116 499 propagati
3152 428 3390 482 fuerunt.
3432 425 3593 480 Δικέ-

2026 537 2178 590 ρατοι
2222 521 2428 573 nummi
2471 521 2713 591 argentei
2762 521 2974 590 priores
3016 516 3302 572 duodecim
3358 516 3594 572 solidum

2024 608 2314 665 faciebant.
2345 608 2511 680 igitur
2533 625 2726 664 novem
2758 609 2947 664 solidis
2976 608 3379 678 respondebant
3403 622 3596 678 argen-

2023 702 2094 754 tei
2127 715 2278 754 cvut.
2323 699 2568 756 Totidem
2609 701 2769 757 solidi
2807 700 3047 772 ἀργύρια
3095 698 3288 760 λεπτά,
3322 698 3436 753 sive
3468 696 3594 750 mil-

2022 790 2284 846 liarenses
2331 793 2613 845 continent
2669 807 2826 846 cur.
2875 792 3056 856 Quare
3102 799 3392 860 argenteus
3444 788 3596 857 prior

2021 883 2132 948 ille,
2170 883 2261 952 qui
2295 881 2617 953 φερώνυμος
2648 892 2732 937 est
2777 883 3079 952 appellatus
3130 879 3431 950 δικέρατος.
3473 877 3596 930 titil-

2021 975 2341 1035 liarensem,
2397 973 2511 1029 sive
2553 973 2815 1045 ἀργύριον
2854 972 3048 1027 λεπτόν
3103 973 3343 1027 continet
3391 986 3590 1033 unum,

2020 1073 2075 1121 ct
2103 1066 2325 1134 insuper
2374 1066 2616 1135 ejusdem
2671 1064 2885 1134 l7.)l08.
2916 1063 3039 1119 Ideo
3085 1063 3278 1117 λεπτόν
3337 1064 3440 1118 hoc
3499 1077 3599 1131 po—

2021 1157 2224 1210 sterius
2281 1164 2525 1209 vocatur.
2603 1153 2695 1208 Sic
2751 1155 2992 1224 argentei
3041 1153 3309 1224 Philippei
3343 1151 3596 1207 minutuli

2021 1245 2162 1314 apud
2196 1243 2506 1314 Vopiscum.
2548 1244 2704 1310 Quod
2749 1252 2930 1298 autem
2969 1244 3031 1297 τὺ
3082 1244 3298 1309 λεπτόν,
3333 1244 3417 1298 vel
3447 1245 3475 1296 ὁ
3502 1243 3596 1295 λε-

2021 1335 2156 1399 πτός
2211 1336 2455 1392 solitarie
2495 1342 2710 1405 sumpta
2763 1343 3078 1406 argenteum
3133 1349 3413 1390 nummum
3451 1332 3599 1404 apud

2021 1432 2297 1478 auctorem
2355 1424 2507 1478 illum
2577 1423 2904 1494 signiﬁcent,
2961 1439 3025 1478 ac
3079 1425 3213 1478 citra
3268 1424 3595 1478 substantivi

2019 1516 2256 1570 nominis
2287 1515 2667 1585 adjectionem,
2708 1531 2814 1570 non
2845 1524 3046 1570 temere
3076 1515 3308 1569 inficiari
3341 1514 3600 1568 audeam.

2020 1607 2155 1660 Illud
2197 1608 2331 1670 seio,
2363 1623 2429 1662 ex
2459 1607 2526 1661 iis
2570 1608 2827 1662 omnibus
2857 1622 2978 1677 quae
3009 1606 3076 1659 ad
3111 1605 3162 1659 id
3197 1604 3596 1660 ostendendum

2026 1697 2186 1750 allata
2216 1706 2364 1760 sunt,
2403 1697 2538 1752 nihil
2573 1696 2843 1765 ejusmodi
2893 1695 3207 1766 persuaderi
3241 1710 3401 1764 posse
3438 1711 3450 1744 :
3486 1694 3599 1746 imo

2025 1801 2154 1842 vero
2191 1787 2467 1842 contraria
2489 1788 2670 1842 omnia
2699 1788 2899 1856 colligi.
2933 1785 3044 1840 Nisi
3071 1785 3208 1839 forte
3240 1787 3294 1838 in
3331 1785 3424 1838 illo
3450 1785 3594 1852 ipso.

2025 1893 2132 1947 quo
2179 1881 2244 1932 de
2299 1879 2496 1948 agitur,
2547 1877 2832 1948 Epiphanii
2875 1877 2993 1931 loco
3029 1876 3258 1939 λεπτοὺς
3311 1884 3601 1946 argenteos

2024 1983 2146 2025 esse
2196 1969 2451 2024 denarios
2496 1969 2772 2024 somniare
2823 1967 2966 2022 licet.
3017 1965 3173 2032 Quod
3208 1980 3270 2019 ex
3323 1979 3456 2018 nova
3505 1965 3594 2015 illa

2025 2061 2313 2123 doctrina,
2370 2062 2674 2130 iisdemque
2721 2059 3002 2129 principiis
3051 2059 3317 2112 aiIirmare
3372 2071 3600 2110 necesse.

2024 2159 2126 2205 est.
2151 2148 2267 2202 Non
2291 2150 2431 2203 enim
2461 2147 2528 2201 τὰ
2553 2147 2744 2213 λεπτά,
2773 2147 2856 2202 vel
2892 2148 3014 2209 τοὺς
3045 2144 3273 2206 Ismeni;
3304 2141 3600 2213 aliquando

2024 2256 2125 2310 pro
2159 2243 2430 2312 argenteis
2459 2241 2710 2310 usurpari
2741 2240 3122 2294 tantummodo
3172 2237 3398 2302 suadet;
3448 2237 3597 2305 quod

2026 2334 2202 2402 ipsum
2257 2341 2437 2388 tamen
2489 2333 2812 2387 auctoritate
2845 2332 3026 2402 aliqua
3076 2330 3408 2385 fulciendum
3455 2336 3591 2383 erat.

2029 2426 2132 2480 Sed
2161 2441 2332 2480 aereos
2364 2425 2535 2480 fuisse
2566 2441 2819 2480 nummos
2849 2425 3072 2480 omnino
3104 2432 3286 2494 negat,
3337 2422 3480 2492 quod
3512 2432 3594 2476 est

2028 2515 2400 2571 falsissimum.
2426 2515 2560 2568 Nam
2593 2515 2676 2571 vel
2711 2515 2801 2569 hic
2832 2516 2946 2585 ipse
2971 2515 3124 2568 locus
3162 2513 3446 2584 Epiphanii
3468 2512 3597 2574 τοὺς

2027 2606 2253 2669 λεπτούς
2285 2622 2456 2661 aereos
2511 2622 2632 2662 esse
2674 2622 2931 2661 nummos
2966 2607 3242 2660 evidenter
3270 2607 3467 2674 arguit.
3505 2604 3594 2657 Si-

2027 2697 2244 2766 quidem
2297 2697 2442 2750 aliud
2500 2706 2583 2752 est
2635 2696 2775 2750 κατὰ
2813 2697 3150 2769 ἀργυρισμόν
3198 2697 3402 2763 dividi,
3447 2698 3594 2750 aliud

2027 2787 2166 2840 κατὰ
2195 2787 2525 2859 δηναρισμόν
2557 2806 2567 2839 :
2612 2797 2665 2841 et
2695 2788 2796 2842 hoc
2823 2791 3094 2858 posterius
3122 2790 3264 2845 idem
3309 2799 3393 2845 est
3433 2799 3594 2860 atque

2026 2877 2275 2940 adaerari,
2309 2878 2424 2932 sive
2455 2879 2509 2932 in
2546 2894 2716 2933 :ereas
2745 2878 2955 2947 species
2996 2878 3268 2933 distribui.
3312 2878 3444 2933 Cum
3495 2881 3594 2950 igi-

2026 2976 2114 3022 tur
2146 2969 2324 3023 follem
2359 2969 2492 3024 dicit
2517 2973 2638 3022 κατ’
2669 2970 3010 3041 ἀργυρισμόν
3039 2971 3092 3024 in
3124 2979 3431 3040 argenteos,
3453 2972 3594 3025 κατὰ

2019 3056 2352 3126 δηναρισμόν
2391 3057 2442 3109 in
2482 3057 2712 3120 λεπτούς
2744 3057 2933 3119 dividi,
2969 3057 3233 3126 profecto,
3267 3059 3462 3129 siquid
3502 3075 3592 3114 sa-

2020 3147 2231 3216 pimus,
2285 3148 2516 3211 λεπτούς
2575 3157 2735 3218 negat
2791 3156 3076 3219 argenteos
3132 3165 3254 3205 esse
3310 3165 3591 3216 nummos,

2020 3251 2189 3292 aereos
2214 3237 2432 3292 fatetur.

2093 3328 2199 3384 Sed
2231 3339 2288 3385 ut
2314 3331 2378 3385 ad
2430 3330 2612 3386 follem
2665 3339 2928 3396 revertar,
2969 3333 3126 3402 cujus
3163 3341 3344 3402 partes
3378 3340 3504 3388 sunt
3541 3335 3592 3385 ot

2019 3423 2226 3485 λεπτοί,
2256 3439 2323 3477 ne
2351 3423 2485 3477 illud
2515 3423 2731 3492 quidem
2764 3426 3015 3494 superior
3058 3425 3148 3478 illa
3180 3425 3426 3479 doctrina
3468 3440 3594 3495 pro.-

2020 3511 2133 3573 bat,
2161 3509 2307 3578 quod
2337 3525 2664 3580 magnopere
2693 3512 2862 3567 videri
2888 3514 3056 3582 cupit,
3077 3514 3218 3567 idem
3243 3529 3362 3568 esse
3389 3513 3588 3578 follem,

2019 3615 2084 3654 ac
2106 3600 2416 3656 sestertium
2447 3617 2646 3656 aereum
2667 3645 2680 3668 ,
2713 3610 2984 3673 quatenus
3032 3605 3317 3659 sestertius
3357 3604 3591 3658 uncialis

2020 3691 2140 3759 fuit,
2196 3693 2360 3763 idque
2399 3693 2745 3750 Constantini
2777 3704 2830 3750 et
2869 3695 3155 3766 Epiphanii
3190 3698 3408 3753 sreculo.
3453 3696 3588 3750 Nam

2019 3785 2183 3848 ratio,
2217 3800 2326 3854 qua
2364 3786 2510 3841 istud
2540 3787 2716 3842 evinci
2748 3795 2923 3858 putat,
2963 3789 3142 3843 inanis
3173 3802 3255 3844 est
3277 3805 3340 3843 ae
3373 3789 3584 3844 frivola.

2018 3873 2343 3946 Hesychius,
2369 3877 2465 3944 ait,
2495 3877 2850 3948 quadrantem
2879 3894 2999 3934 esse
3021 3880 3210 3935 scribit
3241 3880 3301 3933 τὸ
3332 3882 3588 3952 τέταρτον

2016 3964 2108 4017 τοῦ
2140 3965 2376 4034 φόλλεως
2411 3986 2423 4022 :
2457 3969 2737 4038 quadrans
2763 3970 2838 4024 illi
2867 3971 3072 4026 dicitur
3110 3971 3176 4026 de
3208 3972 3420 4028 duabus
3461 3973 3594 4029 dra-

2018 4055 2196 4112 ehmis
2233 4073 2246 4109 :
2286 4065 2411 4114 octo
2437 4058 2714 4115 drachma:
2745 4063 2797 4115 in
2828 4062 3008 4117 uncia.
3050 4063 3141 4117 Sic
3164 4063 3285 4118 duae
3313 4063 3588 4121 drachma:

2017 4156 2213 4217 quarta
2259 4164 2387 4219 pars
2423 4151 2618 4219 unciae,
2655 4152 2735 4207 vel
2769 4151 2936 4220 follis,
2971 4153 3056 4208 vel
3086 4155 3348 4211 sestertii.
3384 4155 3585 4210 Verum

2017 4239 2141 4309 quis
2165 4240 2267 4294 hoc
2296 4241 2372 4295 illi
2395 4243 2666 4308 concedit,
2696 4242 3024 4315 Hesychium
3053 4245 3121 4301 de
3150 4247 3452 4315 quadrante
3483 4261 3583 4301 un-

339 4320 416 4376 sis
458 4321 565 4375 illis
612 4321 1006 4387 Basilicarum,
1055 4341 1176 4394 qua:
1216 4327 1404 4383 solidis
1443 4345 1635 4384 novem
1676 4333 1913 4404 ἀργύρια
1945 4336 1991 4395 D
2017 4329 2114 4382 ciae
2150 4329 2297 4399 loqui
2349 4331 2531 4400 potius
2556 4347 2717 4401 quam
2763 4333 2927 4398 oboli,
2970 4335 3054 4389 vel
3098 4336 3357 4391 alterius?
3416 4335 3588 4404 Quin—

336 4409 510 4463 λεπτά
540 4411 788 4465 tribuunt
815 4427 973 4466 cxxv.
1004 4412 1109 4467 Sed
1131 4415 1318 4469 eodem
1339 4418 1498 4472 modo
1515 4419 1684 4476 λεπτά
1715 4421 1910 4477 dicun-

339 4511 447 4565 tur,
479 4517 586 4571 quo
621 4501 913 4557 draelnnas
941 4502 1076 4558 alias
1113 4520 1235 4560 esse
1267 4506 1488 4572 λεπτάς,
1523 4511 1658 4567 alias
1686 4515 1912 4583 παχείας

336 4600 529 4646 auctor
578 4599 662 4646 est
710 4590 1047 4662 Hesychius,
1100 4595 1157 4649 in
1210 4613 1344 4653 voce
1393 4601 1701 4656 Λεπταλέον
1732 4620 1746 4634 θ
1802 4606 1912 4670 Τὰς

334 4682 603 4754 δραχμὰς,
637 4683 836 4750 λεπτὰς
867 4687 964 4758 μὲν
994 4687 1092 4750 τὰς
1125 4689 1440 4756 ἐξωόόλους,
1473 4693 1702 4763 παχείας
1728 4695 1785 4748 δὲ
1814 4697 1912 4762 τὰς

337 4773 499 4827 πλέον
555 4773 805 4844 ἐχούσας.
854 4775 958 4831 Sed
1007 4793 1116 4832 non
1171 4781 1354 4834 statim
1405 4797 1749 4855 consequens
1805 4796 1907 4856 est,

334 4865 507 4920 λεπτά
567 4881 665 4934 pro
721 4866 997 4925 drachmis
1051 4871 1404 4940 simpliciter,
1465 4891 1529 4930 ac
1579 4878 1698 4933 sine
1761 4880 1907 4950 adje-

335 4956 514 5010 ctione
566 4955 730 5010 sumi.
775 4958 1241 5023 Quemadmodum
1296 4972 1584 5034 propterea
1630 4969 1776 5037 quod
1827 4978 1908 5024 ta-

335 5047 542 5099 lentum
587 5046 734 5100 aliud
786 5057 907 5102 erat
950 5051 1318 5122 commodum,
1352 5056 1441 5110 cui
1490 5058 1626 5111 nihil
1685 5061 1900 5128 deerat;

333 5132 482 5186 aliud
513 5148 794 5202 magnum,
828 5136 914 5190 cui
945 5150 1229 5206 supererat
1257 5159 1268 5193 :
1300 5157 1408 5196 non
1445 5143 1567 5198 ideo
1594 5161 1756 5201 voces
1797 5149 1902 5204 illa:

333 5241 603 5295 magnum,
646 5225 731 5280 vel
770 5226 1124 5292 commodum,
1163 5230 1482 5298 simpliciter
1511 5247 1784 5305 usurpata:
1819 5247 1903 5292 ta-

332 5318 538 5371 lentum
593 5317 920 5389 signiﬁcant.
977 5319 1060 5373 Ad
1106 5322 1354 5376 eumdem
1402 5326 1620 5380 modum
1667 5329 1904 5402 ἀργύρια

331 5409 505 5464 λεπτά
553 5410 759 5466 Οἰοδδεε
814 5412 1098 5468 nominant
1150 5414 1389 5471 minores
1432 5427 1737 5487 argenteos,
1785 5431 1902 5477 uta

335 5501 632 5573 majoribus
685 5503 1088 5572 discernantur,
1143 5507 1332 5575 quales
1376 5517 1532 5564 erant
1571 5511 1898 5580 didraelimi,

326 5591 410 5648 vel
438 5595 676 5665 argentei
711 5593 976 5665 majores;
1005 5612 1032 5650 a
1075 5597 1274 5670 quibus
1329 5598 1620 5656 millcnarii
1661 5605 1892 5671 nummi,

2014 4417 2178 4471 etiam
2206 4434 2328 4473 cum
2354 4419 2548 4474 λεπτόν
2573 4437 2694 4477 esse
2720 4423 2935 4477 dicatur
2962 4424 3103 4479 idem
3122 4432 3286 4496 atque
3303 4427 3582 4493 drachma,

2013 4510 2290 4577 quadrans
2319 4528 2449 4567 vero
2487 4513 2662 4568 λεπτά
2711 4515 2820 4570 duo
2877 4517 3189 4586 contineat;
3247 4519 3391 4575 follis
3446 4536 3583 4590 qua-

2012 4604 2236 4658 drantes
2271 4605 2430 4670 duos,
2469 4621 2652 4662 nonne
2679 4607 2872 4663 iisdem
2896 4624 2960 4664 ex
2995 4610 3299 4681 principiis,
3324 4619 3487 4682 atque
3515 4628 3582 4666 ex
3615 4609 3646 4626 ““

2009 4693 2198 4749 eadem
2250 4693 2508 4768 Hesycliii
2554 4700 2914 4768 auctoritate,
2965 4703 3341 4768 convincitur,
3401 4703 3580 4758 follem

2011 4795 2137 4840 octo
2162 4786 2442 4844 drachmis
2471 4800 2744 4855 constare,
2785 4792 2900 4847 sive
2937 4793 3224 4848 denariis?
3257 4793 3374 4849 Non
3418 4793 3582 4865 igitur

2005 4875 2116 4945 jam
2153 4892 2326 4934 atreus
2377 4895 2639 4937 nummus
2667 4883 2793 4946 erit,
2837 4882 2934 4938 sed
2983 4892 3292 4954 argenteus,
3327 4900 3460 4940 sane
3486 4901 3581 4940 ve-

2008 4967 2253 5035 grandis,
2287 4968 2342 5021 in
2365 4982 2476 5036 quo
2504 4972 2744 5025 sestertii
2772 4980 2934 5026 erunt
2978 4989 3161 5038 xxxn;
3205 4975 3402 5028 nedum
3437 4974 3578 5030 follis

2008 5059 2152 5116 idem
2180 5061 2285 5114 erit
2307 5074 2371 5114 ac
2394 5063 2681 5118 sestertius
2711 5078 2907 5119 atreus.
2934 5063 3092 5129 Quod
3123 5074 3302 5118 utrum
3337 5079 3433 5135 per
3457 5080 3579 5120 sese

2008 5165 2195 5206 verum
2230 5166 2403 5207 necne
2433 5153 2524 5218 sit,
2552 5155 2690 5209 nihil
2722 5156 2810 5210 hic
2829 5155 3056 5210 allirmo.
3090 5156 3204 5211 Hoc
3229 5173 3432 5228 pugno,
3456 5173 3579 5228 qua:

2007 5242 2072 5296 ad
2105 5243 2159 5296 id
2197 5243 2596 5299 ostendendum
2632 5247 2794 5299 allata
2829 5256 2977 5311 sunt,
3011 5262 3074 5300 ea
3105 5263 3262 5304 cassa
3294 5255 3348 5302 et
3393 5249 3575 5302 inania

2006 5348 2128 5388 esse
2159 5335 2420 5398 maxime,
2450 5344 2504 5390 et
2543 5337 2650 5391 alia
2681 5337 2884 5404 omnia,
2925 5353 3086 5409 quam
3139 5353 3372 5408 quorum
3410 5353 3576 5396 causa

2004 5424 2264 5493 producta
2297 5433 2443 5490 sunt,
2467 5427 2694 5482 efficere.

2075 5516 2479 5573 Coucludamus
2523 5519 2706 5589 igitur,
2738 5520 2920 5576 follem
2961 5537 3160 5577 mreum
3187 5537 3250 5578 ex
3285 5521 3572 5593 Epiphanii

2004 5619 2183 5666 mente
2215 5611 2611 5683 _tenuissimum
2641 5612 2918 5669 exstitisse
2964 5629 3267 5680 nummum,
3310 5613 3403 5685 qui
3432 5613 3572 5669 duos
