3978 6220
306 291 401 350 (SOI
1265 292 1451 350 DlON.
1489 294 1832 352 PETAHUS
1866 298 2028 356 ADV.
2071 301 2231 357 ΜΑἸῘ.
2288 300 2640 357 SIMONIUM.

3461 297 3569 352 ωὶέ

305 407 560 472 λεπτούς,
612 407 727 464 sive
772 409 982 464 minuta
1025 410 1135 466 duo
1173 412 1498 478 contineret,
1545 422 1604 466 ut
1645 412 1786 466 idem
1830 421 1884 467 et
1915 424 1959 472 Α
1987 416 2293 484 exemplum
2323 417 2456 470 illud
2489 417 2630 471 inter
2656 429 2719 470 ea
2747 416 3062 487 promiscue
3082 416 3337 484 collocat,
3365 418 3419 472 in
3447 420 3571 489 qui-

307 500 581 571 quadrans
607 500 780 553 Marci
808 502 1157 571 evangelistae
1199 504 1375 573 possit
1412 504 1604 558 videri.
1639 504 1882 568 Λεπτούς

308 609 468 666 porro
495 597 723 651 mreolos
746 611 889 661 esse,
917 596 1033 652 sive
1062 598 1306 663 clialcos,
1328 597 1638 667 cujusmodi
1667 596 1719 650 in
1752 598 1885 651 obo-

309 690 418 742 lum
452 696 575 742 octo
619 698 981 742 numerantur
1027 707 1040 742 :
1092 698 1150 742 ut
1201 698 1484 759 propterea
1519 689 1628 743 duo
1673 688 1880 751 λεπτοί,

307 779 598 851 κοδράντης
625 786 680 834 et
705 794 736 832 a
766 778 967 845 Marco,
993 787 1046 836 et
1068 780 1135 835 ab
1165 779 1436 852 Hesychio
1471 788 1879 851 nuncupentur.

547 915 619 969 De
648 915 795 984 follis
826 916 1134 986 ὁμωνυμίᾳ
1169 923 1219 970 et
1254 916 1616 986 ambiguitate.

375 1051 510 1109 Cum
558 1059 668 1106 tam
712 1052 927 1109 diversa
974 1053 1046 1109 sit
1099 1053 1245 1110 follis
1294 1053 1656 1124 significatio,
1718 1061 1778 1106 ut
1829 1059 1883 1107 et

305 1142 584 1213 ἄθροισμα
611 1157 983 1205 nummorum,
1020 1150 1073 1197 et
1109 1150 1421 1211 argenteos,
1453 1151 1505 1197 et
1529 1156 1700 1196 aereos
1722 1157 1878 1195 num-

302 1251 419 1289 mos
440 1235 734 1304 exprimat,
790 1234 849 1288 ﬁt
879 1249 1294 1305 nonnunquam,
1330 1242 1390 1288 ut
1422 1249 1485 1289 ea
1511 1249 1642 1288 voce
1671 1236 1750 1289 sic
1781 1249 1878 1286 au-

303 1333 483 1381 ctores
516 1327 835 1391 abutantur,
872 1334 933 1380 ut
967 1341 1076 1396 quo
1101 1326 1167 1381 de
1193 1341 1389 1397 genere
1421 1327 1765 1396 potissimum
1799 1326 1881 1380 in-

301 1416 580 1487 telligendi
609 1416 742 1480 sint,
786 1418 1104 1486 conjectura
1140 1419 1359 1488 assequi
1403 1415 1620 1471 diﬂicile
1656 1417 1747 1471 sit.
1794 1415 1884 1470 ιιι-

300 1509 514 1564 terdum
544 1525 673 1564 vero
701 1525 766 1564 ex
802 1511 876 1566 rei
912 1511 1107 1580 ipsius,
1149 1511 1215 1565 de
1261 1525 1368 1580 qua
1423 1509 1621 1580 agitur,
1660 1517 1878 1575 natura,

299 1602 344 1656 si
403 1602 531 1672 quis
580 1603 860 1672 paululum
902 1604 1159 1658 adhibeat
1203 1602 1419 1671 judicii,
1474 1602 1622 1657 nullo
1660 1603 1878 1672 negotio

297 1694 651 1748 discernitur.
692 1693 871 1762 Hujus
914 1695 991 1748 rei
1038 1695 1284 1764 exempla
1331 1711 1438 1749 non
1471 1709 1643 1764 pauca
1678 1711 1878 1766 suppe-

295 1786 434 1835 tunt.
474 1779 584 1835 Sed
619 1781 856 1852 insignia
905 1783 1139 1836 maxime
1184 1793 1333 1846 sunt,
1377 1801 1500 1854 quae
1533 1801 1600 1841 ex
1629 1785 1876 1839 Theodo-

296 1873 452 1926 siano
483 1872 675 1928 codice
717 1873 1532 1944 adversusjurisconsultorum
1579 1879 1878 1948 principem

298 1962 354 2016 in
388 1965 769 2034 superioribus
801 1966 1150 2022 adduximus.
1190 1969 1250 2022 ln
1285 1971 1487 2038 quibus
1516 1986 1639 2025 cum
1684 1979 1880 2026 caetera

299 2056 432 2110 satis
452 2057 781 2126 explicatam
801 2058 1070 2112 rationem
1097 2059 1348 2129 habeant,
1376 2063 1584 2131 primus
1617 2065 1706 2118 ille
1729 2065 1882 2119 locus

296 2147 364 2201 de
400 2147 879 2216 Appellationibus
920 2153 1252 2217 temerariis,
1287 2156 1490 2223 quibus
1520 2171 1626 2208 xxx
1674 2155 1882 2222 follium

293 2238 462 2291 multa
489 2238 718 2306 dicitur,
747 2239 1039 2308 ambiguus
1069 2258 1193 2297 esse
1237 2253 1435 2312 potest.
1469 2246 1567 2311 Qui
1603 2254 1782 2300 tamen
1815 2263 1882 2301 ex

293 2330 815 2400 iurisconsultorum
848 2349 974 2397 usu,
1007 2343 1062 2389 et
1086 2350 1268 2388 causa:
1307 2335 1482 2403 ipsius
1511 2339 1706 2390 merito
1733 2337 1881 2407 diju-

293 2417 566 2474 dicandus
595 2427 700 2474 est.
742 2419 811 2474 Ut
856 2423 941 2476 vel
978 2439 1084 2475 xxx
1113 2424 1221 2477 sint
1262 2427 1505 2493 argentei
1536 2428 1768 2492 nummi,
1797 2429 1880 2482 ve!

294 2508 558 2572 totidem,
630 2512 710 2564 uti
769 2513 1050 2577 diximus,
1105 2529 1453 2570 nummorum
1512 2517 1875 2588 ἀθροίσματα.

293 2597 448 2666 Apud
480 2598 909 2655 Alexandrinum
938 2619 1066 2658 vero
1097 2604 1413 2670 Clironicon,
1445 2608 1535 2661 ubi
1579 2610 1635 2662 in
1666 2624 1878 2663 summa

292 2704 529 2745 annonae
557 2692 839 2756 charitate,
867 2697 1022 2764 panis
1057 2697 1278 2754 follibus
1300 2701 1520 2755 venisse
1543 2681 1721 2756 tribus
1751 2703 1882 2756 dici-

291 2787 400 2844 tur,
437 2782 600 2838 folles
651 2799 760 2838 non
791 2801 1008 2854 aureos,
1039 2791 1131 2857 qui
1173 2791 1306 2844 nulli
1357 2792 1411 2844 in
1452 2807 1634 2846 rerum
1683 2803 1878 2847 natura

293 2872 545 2939 fuerunt,
591 2877 684 2931 sed
718 2886 1007 2948 argenteos
1046 2880 1399 2950 interpretor,
1431 2883 1537 2937 hoc
1585 2891 1668 2938 est
1717 2899 1881 2939 senos

293 2965 686 3023 milliarenses.

364 3055 641 3113 Eusebius
671 3059 763 3114 lib.
793 3076 822 3112 x
851 3060 994 3114 Hist.
1034 3077 1155 3133 cap.
1182 3062 1234 3123 6,
1265 3062 1685 3117 Constantinum
1716 3064 1881 3119 refert

293 3145 594 3202 Caeciliano
615 3151 1039 3222 Carthaginensi
1066 3154 1327 3223 episcopo
1359 3155 1464 3208 tria
1497 3155 1705 3208 tollium
1751 3156 1878 3210 mil-

293 3238 368 3292 lia
409 3241 466 3294 in
527 3241 916 3298 Africanarum
970 3246 1377 3314 provinciarum
1432 3246 1705 3302 Ecelesias
1755 3263 1878 3302 ero-

291 3329 475 3396 ganda
507 3331 740 3386 misisse.
779 3334 853 3387 Ibi
884 3333 1171 3404 τρισχίλιοι
1217 3334 1430 3403 φόλλεις
1487 3336 1706 3390 totidem
1757 3351 1881 3391 sac‘

292 3420 406 3474 culi
457 3430 620 3486 sunt,
673 3440 1150 3496 nummorumque.
1194 3425 1383 3496 Neque
1421 3427 1566 3480 enim
1620 3426 1880 3481 eruditis-

293 3508 440 3564 simo
473 3509 588 3566 viro
618 3513 943 3583 astipulator
971 3515 1228 3571 accedam
1265 3534 1279 3572 :
1312 3517 1404 3586 qui
1435 3516 1503 3572 de
1543 3515 1670 3571 folle
1689 3531 1877 3588 agens,

1990 505 2093 560 bus
2134 505 2281 559 follis
2329 506 2544 570 obolus,
2594 505 2679 560 vel
2732 521 2908 562 aereus
2957 522 3079 563 esse
3129 506 3352 574 dicitur,
3398 516 3456 560 ut
3486 515 3570 561 est

1989 594 2132 664 apud
2185 593 2598 665 Moschopulum
2651 612 2714 650 ac
2770 596 3016 654 Suidam.
3085 599 3281 666 Tales,
3330 601 3434 654 hoc
3483 607 3569 654 est

1986 686 2134 748 terei,
2192 685 2409 739 fuerunt
2477 688 2592 751 illi,
2643 704 2876 757 quorum
2938 692 3181 745 meminit
3227 693 3567 762 Augustinus

1985 777 2080 832 lib.
2113 794 2260 832 χχιιι
2293 777 2367 831 De
2398 780 2536 832 civit.
2571 796 2690 850 cap.
2738 783 2790 836 8.
2836 783 2955 848 Quo
2992 784 3045 836 in
3080 784 3200 838 loco
3244 783 3566 839 miraculum

1989 870 2258 939 quoddam
2297 879 2568 934 recenset,
2606 879 2771 941 atque
2816 873 3102 928 historiam
3137 875 3400 929 Florentii
3445 890 3568 929 sar—

1992 961 2142 1025 toris,
2197 962 2434 1018 hominis
2486 964 2848 1033 egentissimi,
2897 968 2988 1034 qui
3045 967 3111 1022 ad
3152 984 3222 1022 xx
3265 977 3565 1038 martyrum

1985 1054 2304 1108 memoriam
2343 1069 2534 1118 orans,
2571 1055 2856 1124 pecuniam
2893 1059 2958 1110 ad
2998 1069 3177 1112 vestes
3204 1060 3464 1114 emendas
3497 1059 3567 1113 ab

1985 1141 2092 1196 illis
2117 1143 2411 1212 postulavit
2445 1162 2456 1196 :
2493 1160 2710 1214 eumque
2743 1145 3119 1208 discedentem,
3156 1147 3350 1215 inquit,
3386 1147 3568 1200 adole-

1985 1241 2206 1295 scentes,
2260 1233 2350 1302 qui
2411 1233 2655 1298 aderant,
2704 1236 3033 1304 exagitantes
3097 1237 3564 1306 prosequebantur,

1982 1325 2137 1389 quasi
2176 1341 2207 1376 a
2243 1325 2565 1394 martyribus
2610 1327 3000 1396 quinquagenos
3032 1327 3204 1395 folles,
3237 1329 3371 1382 unde
3417 1330 3563 1382 vesti-

1983 1425 2210 1468 mentum
2229 1425 2438 1479 emeret,
2459 1418 2742 1484 petivisset.
2773 1419 2895 1470 Mox
2915 1419 3003 1472 ille
3020 1418 3306 1472 discedens
3331 1419 3563 1487 ejectum

1983 1504 2036 1558 in
2088 1505 2271 1560 littore
2321 1506 2530 1576 piscem
2563 1507 2832 1577 ingentem
2880 1509 3099 1577 reperit,
3133 1523 3293 1577 quem
3345 1509 3563 1564 cuidam

1981 1611 2157 1667 coquo
2185 1601 2445 1654 trecentis
2482 1599 2701 1654 follibus
2735 1601 2999 1655 vendidit.
3039 1599 3164 1653 llaec
3197 1600 3563 1668 Augustinus.

1988 1687 2130 1743 Sane
2162 1688 2316 1744 folles
2385 1690 2474 1744 isti
2510 1705 2618 1743 non
2655 1691 2895 1760 argentei
2936 1698 3084 1752 sunt,
3122 1697 3179 1743 ut
3213 1691 3407 1759 Opinor
3451 1690 3566 1758 (ue-

1912 1767 1952 1820 Β
1982 1795 2088 1850 que
2116 1779 2261 1834 enim
2295 1781 2433 1834 tanti
2489 1781 2658 1850 piscis
2718 1797 2858 1835 unus
2888 1796 2917 1834 a
2963 1795 3140 1849 coquo
3184 1781 3564 1838 redimeretur.

1985 1887 2181 1942 nempe
2195 1873 2476 1930 sexcentis
2491 1874 2938 1936 tnilliarensibus,
2966 1881 3058 1925 aut
3082 1873 3379 1942 majoribus
3401 1873 3565 1925 etiam

1984 1961 2275 2032 argenteis,
2310 1962 2402 2031 qui
2427 1962 2470 2016 si
2507 1962 2812 2015 didrachtni
2839 1961 3064 2024 fuerint,
3099 1962 3245 2015 mille
3275 1976 3338 2014 ac
3361 1960 3562 2014 ducen-

1983 2061 2071 2109 tos
2093 2055 2347 2109 denarios
2370 2063 2660 2124 argenteos
2693 2055 2971 2122 reddunt),
2992 2070 3179 2107 verum
3202 2054 3324 2108 azrei
3355 2051 3562 2107 nummi

1985 2145 2154 2200 fuisse
2183 2145 2458 2208 videntur,
2501 2145 2726 2200 a'terius
2763 2146 2921 2215 plane
2962 2145 3187 2214 speciei,
3224 2161 3383 2215 quam
3419 2144 3563 2198 Con-

1985 2237 2309 2293 stantiniani
2347 2237 2447 2298 illi,
2493 2251 2725 2306 quorum
2779 2238 2881 2290 tria
2927 2238 3097 2290 miliia
3151 2253 3247 2307 per
3284 2237 3564 2291 universas

1983 2328 2196 2393 Africae,
2230 2327 2495 2382 Numidia:
2545 2343 2608 2381 ac
2649 2328 2987 2381 Mauritaniae
3028 2328 3301 2383 Ecclesias
3327 2329 3562 2396 impera-

1983 2426 2069 2473 tor
2094 2419 2185 2472 ille
2214 2418 2515 2473 distribuit.
2546 2418 2726 2484 Quare
2752 2420 2911 2473 ambo
2939 2420 3029 2472 illa
3059 2419 3304 2488 exempla
3339 2419 3564 2472 minime

1982 2511 2366 2565 confundenda
2402 2510 2644 2565 fuerunt.
2672 2509 2826 2576 Quod
2852 2510 2992 2564 idem
3023 2521 3075 2565 et
3105 2512 3172 2565 de
3207 2509 3425 2563 follibus
3456 2508 3564 2562 illis

1981 2602 2400 2672 quadringentis
2435 2602 2709 2657 aestimare
2752 2602 2897 2666 licet,
2929 2618 3068 2670 quos
3112 2601 3320 2654 Lttciila
3371 2600 3562 2656 claris-

1982 2695 2120 2750 sima
2152 2693 2350 2749 femina
2383 2709 2480 2763 pro
2523 2693 2774 2762 Majorini
2819 2693 3166 2748 ordinatione
3208 2693 3388 2755 dedit;
3423 2706 3563 2760 quo-

1982 2803 2102 2842 rum
2144 2787 2198 2840 in
2225 2803 2392 2842 causa
2420 2787 2828 2841 Donatistarum
2870 2789 3127 2856 frequens
3149 2785 3388 2839 occurrit
3413 2799 3564 2839 men-

1983 2881 2079 2942 tio,
2125 2887 2184 2932 ut
2229 2879 2372 2947 apud
2427 2879 2567 2947 Aug.
2621 2878 2712 2932 lib.
2759 2893 2818 2931 lll
2873 2888 3057 2931 contra
3096 2876 3358 2931 Crescent.
3411 2875 3564 2928 [lidi-

1985 2971 2108 3025 cule
2138 2969 2283 3023 euim
2313 2968 2470 3022 folles
2492 2969 2629 3022 istos
2651 2968 2894 3036 ejusdem
2920 2967 3133 3037 generis
3159 2981 3280 3019 cum
3307 2965 3561 3019 trecentis

1984 3058 2091 3113 illis
2130 3074 2252 3112 esse
2289 3057 2517 3123 dixeris,
2559 3058 2760 3126 quibus
2790 3057 2996 3125 piscem
3027 3067 3206 3110 sartor
3233 3055 3321 3108 illc
3347 3069 3564 3123 permu-

1984 3148 2142 3202 tavit.
2182 3147 2364 3212 Quare
2414 3146 2480 3199 ad
2531 3155 2820 3217 argenteos
2885 3145 3040 3200 folles
3089 3145 3360 3213 pertinere
3405 3150 3562 3212 puto.

1987 3240 2185 3294 Eadem
2218 3241 2272 3293 in
2297 3239 2510 3293 caeteris
2539 3239 2823 3307 exemplis,
2855 3253 2975 3308 quas
3005 3237 3207 3306 passim
3240 3245 3558 3297 occurrunt,

1985 3331 2291 3386 adhibenda
2326 3331 2509 3384 cautio
2547 3337 2650 3394 cst,
2685 3338 2743 3383 ut
2781 3346 2879 3398 pro
2915 3327 3219 3399 argumenti
3251 3327 3478 3383 ratione.
3507 3333 3562 3379 et

1985 3441 2050 3480 ex
2086 3424 2354 3480 orationis
2392 3422 2688 3494 ἀκολουθίᾳ
2718 3423 3073 3477 divinandum
3109 3421 3201 3483 sit,
3236 3420 3302 3475 de
3331 3435 3439 3490 quo
3467 3420 3563 3474 fol—

1987 3519 2058 3572 lis
2084 3532 2282 3589 genere
2308 3531 2489 3572 sermo
2512 3517 2582 3571 ab
2615 3515 2936 3571 auctoribus
2967 3514 3305 3569 instituatur.

313 3704 3522 3734 W

1267 3875 1926 3988 DIONYSII
2002 3878 2594 3996 PETAVII

1593 4097 1636 4150 Ε
1674 4093 2062 4151 SOCIETATE
2093 4094 2259 4151 δεδι]

297 4249 704 4315 ELENCHUS
742 4248 1605 4313 DISl’UNCTIUNCULARUM

1984 4251 2338 4392 ξδῗξΜΟΝΙΙ
2365 4251 2468 4316 DE
2497 4253 3000 4317 PtENITENTI/E
3054 4256 3239 4317 ΒΙΤο
3284 4258 3565 4320 VETERI

1010 4494 1118 4566 (Cf.
1159 4495 1362 4552 Petavii
1397 4496 1700 4552 Diatribam
1719 4499 1784 4554 de
1805 4498 2126 4569 paenitentia:
2160 4499 2267 4552 ritu
2303 4501 2464 4554 veteri
2489 4501 2540 4554 in
2572 4499 2857 4574 Ecclesia.)

302 4731 756 4788 Rererendissimo
788 4732 842 4786 in
876 4730 1090 4787 Christo
1115 4729 1270 4812 Patri
1297 4729 1532 4786 Gabrieli
1567 4731 1942 4858 Albaspitmfo',’
1969 4735 2344 4860 Aurglianensi
2389 4737 2677 4807 Episcopo,
2716 4737 3010 4808 Dionysius
3049 4737 3301 4793 Petavius
3327 4754 3357 4791 e
3387 4736 3561 4792 Socie-

1803 4822 1835 4858 a
1861 4821 1888 4859 e
1950 4822 2042 4859 esu
2122 4845 2135 4858 .

1803 4821 1888 4859 ate
1911 4821 2042 4859 δεειι
2076 4821 2135 4859 δ.

375 4919 533 5000 Quod
564 4920 618 4972 in
646 4919 961 4973 clericorum
998 4917 1221 4988 querelis
1243 4926 1294 4972 et
1310 4921 1682 4974 controrersiis
1721 4930 1897 4976 uetera
1929 4920 2186 4976 Ecclesia’
2205 4922 2336 4990 jura
2354 4923 2728 4990 prwscribunt,
2757 4921 2967 4976 Praesul
2994 4921 3336 4991 amplissime,
3371 4931 3427 4974 ut
3459 4923 3566 4988 epi-

301 5011 452 5078 scopi
477 5026 529 5064 se
561 5009 784 5063 arbitrio
805 5009 1106 5081 judicioque
1134 5009 1430 5064 sistant:id
1456 5011 1508 5064 in
1531 5010 1628 5064 liae
1670 5012 1900 5082 quadam
1933 5013 2026 5066 lite
2048 5023 2234 5067 nostra
2275 5001 2496 5068 libenter
2541 5015 2608 5068 ad
2662 5023 2708 5068 te
2738 5017 2884 5068 venio
2929 5016 3256 5085 studioseque
3299 5015 3563 5084 facturus.

302 5108 601 5160 Accusatus
633 5105 772 5158 enim
804 5121 837 5158 a
863 5105 1052 5158 clerico
1085 5113 1173 5158 tuo
1199 5106 1422 5161 clericus
1441 5116 1488 5161 ct
1520 5107 1629 5175 ipse
1658 5108 1924 5178 quondam
1959 5117 2080 5162 tuus
2111 5124 2129 5162 :
2163 5119 2273 5161 tum
2314 5108 2640 5176 injuriarum
2672 5109 2725 5163 in
2754 5118 2801 5163 te
2831 5109 2970 5172 [also
3009 5118 3058 5164 et
3084 5109 3346 5163 immerito
3381 5119 3564 5174 postu-

197 5217 208 5233 ·
303 5201 470 5266 latus,
498 5218 602 5255 non
631 5200 818 5265 alium,
850 5217 1010 5271 quam
1044 5201 1267 5268 teipsum
1304 5201 1430 5254 milii
1452 5201 1715 5271 judicent,
1743 5204 1848 5256 imo
1881 5220 2005 5259 vero
2037 5203 2366 5273 defensorem
2403 5220 2466 5257 ac
2508 5213 2792 5272 patronum
2827 5205 3063 5276 quarsivi.
3101 5203 3292 5259 Editus
3320 5213 3395 5259 est
3421 5204 3561 5257 enim

304 5306 504 5360 paucos
535 5300 656 5344 ante
690 5308 890 5346 menses
927 5291 1182 5344 obscurus
1210 5293 1428 5362 quidam
1471 5292 1678 5348 libellus
1711 5312 1744 5348 a
1775 5293 2054 5349 Maturino
2095 5294 2357 5357 Simonia,
2397 5295 2801 5350 Aurelianensis
2848 5295 3103 5350 Ecclesia:
3133 5295 3331 5350 decano
3359 5311 3377 5347 :
3406 5295 3557 5362 cujus

309 5383 503 5446 species
535 5391 584 5434 et
619 5382 896 5450 inscriptio
944 5383 1152 5453 quidem
1184 5383 1296 5449 ipsa
1341 5381 1834 5450 dispunctiunculas
1870 5387 2047 5441 nescio
2082 5403 2214 5456 quas
2244 5385 2308 5439 tle
2353 5387 2671 5452 pwnitentias
2703 5389 2814 5440 ritu
2852 5396 3021 5441 vetere
3049 5387 3105 5439 in
3133 5384 3374 5438 Ecclesia
3403 5381 3558 5448 polli-

306 5486 476 5529 cetur.
506 5475 612 5530 Sed
646 5479 699 5531 in
722 5479 966 5546 epistola,
993 5494 1152 5549 quam
1182 5479 1238 5530 in
1267 5477 1441 5547 fronte
1465 5479 1560 5532 tibi
1589 5481 1758 5548 operis
1789 5482 2082 5552 inscripsit,
2113 5490 2393 5552 postquam
2424 5482 2711 5537 verissimis
2745 5491 2792 5536 te
2824 5482 3096 5543 laudibus,
3128 5488 3182 5532 at
3207 5478 3357 5546 longe
3372 5475 3556 5528 merito
3596 5530 3600 5533 ,

309 5580 405 5622 tuo
441 5569 751 5636 minoribus,
783 5573 1010 5639 ornavit,
1042 5572 1106 5626 de
1130 5589 1209 5625 me
1238 5575 1317 5626 ita
1344 5574 1580 5642 queritur
1613 5590 1630 5626 :
1663 5574 2046 5646 Cumlingenui
2081 5577 2153 5632 sit
2176 5576 2344 5630 animi
2379 5576 2646 5647 profiteri,
2677 5591 2773 5646 per
2799 5591 2938 5646 quos
2968 5572 3284 5644 profeceris,
3317 5569 3554 5637 idipsum

311 5663 476 5718 t'actis
509 5663 624 5718 suis
652 5679 757 5718 non
795 5667 1050 5735 probas-9
1081 5665 1393 5734 Petavium;
1430 5667 1524 5736 qui
1555 5683 1676 5729 quae
1709 5668 1762 5721 in
1785 5668 2002 5725 schcdis
2033 5669 2144 5726 tuis
2168 5684 2197 5724 a
2237 5686 2298 5726 se
2332 5672 2468 5726 lecta
2487 5686 2609 5728 esse
2634 5670 2787 5734 dicit,
2820 5685 2906 5736 ea,
2939 5678 2989 5720 te
3012 5680 3281 5734 nusquam
3309 5662 3553 5730 laudato,

313 5755 597 5826 publicare
630 5760 990 5817 anteverterit.
1025 5758 1194 5830 Caput
1233 5771 1310 5817 est
1343 5761 1438 5817 hoc
1469 5764 1827 5822 accusationis
1864 5764 2035 5835 illius,
2066 5766 2403 5838 crimimsquc
2442 5769 2612 5824 nostri
2634 5782 2652 5820 :
2692 5775 2808 5819 tum
2841 5761 3006 5818 libelli
3036 5756 3396 5816 conscribendi
3429 5757 3554 5828 ﬁnis
