3978 6220
422 355 526 413 ποτ,
1742 346 1923 403 ΒΙΟΝ.
1966 348 1993 402 ῐ

2106 350 2315 407 AVIUS
3565 353 3669 408 608

415 487 487 523 un
515 486 626 524 cus.
657 466 876 540 Reliqua
911 468 1202 537 disputatio
1231 468 1421 533 omnis,
1455 484 1612 538 quam
1640 478 1830 535 septem
1865 471 2125 537 capitibus
2158 471 2548 539 complectitur,
2580 467 2901 524 accessionis
2930 472 3105 524 locum
3134 470 3307 526 habet.
3336 468 3523 542 itaque
3547 475 3671 524 lan-

416 562 580 631 guida
608 571 707 625 est,
737 578 799 615 ac
822 562 1007 614 debilis
1045 560 1187 613 illius
1226 559 1289 613 de
1327 561 1433 612 ritu
1458 560 1775 627 pomitentia:
1816 576 2133 631 consequens
2173 564 2369 625 oratio,
2404 569 2452 615 et
2484 570 2539 613 ut
2574 574 2765 615 ca’tera
2801 577 2905 613 non
2935 559 3129 623 desint,
3162 560 3305 614 nuda
3345 572 3393 614 et
3443 562 3671 629 simplici

420 658 735 709 auctoritate
765 655 1007 716 dicentis,
1039 670 1140 707 non
1170 652 1571 721 probationibus
1595 655 2017 724 argumentisque
2048 654 2259 721 nilitur,
2292 662 2347 708 ut
2372 654 2564 707 indicio
2596 655 2688 720 sit,
2721 671 2824 708 non
2856 653 3115 721 pra'cipue
3145 652 3201 705 id
3228 652 3379 706 illum
3410 663 3669 723 agentem,

417 751 486 805 ad
526 752 747 804 alterius
775 735 1009 802 instituti
1039 749 1369 802 occasionem
1399 750 1504 801 ista
1550 750 1848 817 scripsisse.
1882 748 1993 819 Ego
2026 767 2145 805 vero
2186 760 2465 819 postquam
2503 758 2701 802 attente
2748 748 3125 817 diligenterque
3162 746 3531 813 circumspexi,
3560 763 3669 798 me-

416 860 514 912 que
538 845 591 896 in
616 859 788 896 omnes
816 854 994 911 partes
1038 844 1358 913 cogitatione
1388 845 1637 910 converti,
1667 844 1961 914 intelligere
2003 862 2105 899 non
2134 862 2369 913 possum,
2401 861 2504 913 qua
2538 860 2593 897 re
2628 843 2886 897 adductus
2914 842 3023 905 ille,
3058 858 3209 912 quem
3246 857 3406 911 neque
3436 840 3499 893 de
3536 841 3670 894 facie

415 939 664 991 hactenus
694 938 832 1001 novi,
862 954 1025 1008 neque
1054 955 1172 991 cum
1199 954 1256 992 eo
1287 955 1440 991 usum
1470 938 1725 1009 aliquem,
1753 956 1815 992 ac
1847 958 1910 994 ne
1954 939 2206 993 levissimi
2237 940 2740 1009 quidemsermonis
2781 938 3153 991 commercium
3184 936 3364 1000 habui,
3399 936 3550 1004 cujus
3575 936 3670 989 de-

414 1031 566 1099 nique
594 1046 779 1083 nomen
810 1029 1047 1092 aliunde,
1079 1047 1237 1099 quam
1278 1046 1343 1083 ex
1369 1030 1954 1100 dispunctiuncularum
1989 1032 2353 1100 inscriptione,
2384 1048 2489 1085 non
2527 1030 2712 1096 didici,
2750 1032 2826 1083 ita
2863 1031 2918 1084 in
2961 1046 3042 1084 me
3072 1028 3386 1083 commoveri
3416 1029 3667 1096 potuerit,

415 1132 523 1174 tam
555 1130 609 1173 ut
649 1108 985 1175 incrédibilia
1029 1121 1092 1175 de
1124 1138 1205 1175 me
1235 1138 1333 1175 sua
1364 1123 1456 1175 illa
1488 1122 1715 1190 epistola
1756 1123 2009 1193 vulgaret.
2053 1122 2311 1194 Equidem
2342 1122 2600 1178 decanum
2630 1122 3032 1177 Aurelianensis
3080 1120 3333 1175 Ecclesia:
3372 1137 3475 1174 non
3514 1119 3669 1173 modo

415 1217 781 1273 Christianum
807 1228 856 1272 et
886 1217 1239 1283 Catholicam,
1260 1219 1349 1273 sed
1374 1220 1535 1273 etiam
1570 1221 1741 1275 virum
1774 1218 1967 1273 bonum
1984 1236 2046 1273 ac
2073 1220 2294 1288 probum
2325 1237 2437 1275 esse
2462 1230 2662 1282 statuo.
2691 1236 2851 1290 neque
2875 1217 3199 1275 Christiana:
3225 1217 3372 1287 legis,
3400 1225 3450 1270 et
3478 1215 3670 1269 divina:

415 1310 764 1380 fraterna’que
797 1309 1074 1365 charitatis
1104 1310 1344 1365 oblitum.
1382 1312 1553 1381 Atque
1599 1328 1658 1365 eo
1695 1312 1862 1381 magis
1893 1310 2149 1377 admiror,
2186 1310 2239 1362 id
2287 1314 2483 1373 aetatis,
2517 1310 2831 1379 prudentia;
2863 1308 3064 1362 ordinis
3107 1324 3169 1360 ac
3196 1306 3470 1376 dignitatis
3499 1304 3671 1357 homi-

418 1420 557 1466 nem,
591 1420 695 1456 non
718 1403 891 1456 dicam
925 1404 1034 1458 ha'c
1065 1405 1283 1473 ﬁnxisse
1312 1404 1374 1458 de
1412 1422 1511 1470 me,
1541 1404 1630 1458 sed
1685 1405 2023 1472 undecunque
2054 1402 2263 1472 tandem
2307 1414 2538 1471 accepta,
2581 1414 2691 1457 tam
2724 1402 3009 1456 credidisse
3044 1400 3224 1470 facile,
3260 1408 3318 1452 ut
3349 1399 3471 1451 aliis
3510 1398 3670 1452 etiam

414 1497 729 1564 persuadere
774 1496 1017 1553 voluerit.
1060 1497 1203 1552 Nam
1228 1499 1354 1569 quid
1398 1516 1456 1554 eo
1503 1500 1743 1565 crimine,
1777 1497 1914 1569 quod
1943 1499 2089 1552 nobis
2126 1499 2328 1568 objicit,
2376 1500 2562 1553 vanius
2594 1508 2697 1562 est,
2730 1506 2824 1551 aut
2850 1498 3043 1551 minori
3088 1496 3322 1550 veritatis
3351 1494 3519 1562 specie
3545 1508 3673 1547 con-

416 1594 696 1663 iunctum?
726 1594 956 1648 Sc/tedas
1000 1612 1078 1649 me
1110 1605 1251 1661 tuas,
1287 1595 1494 1650 Prtesul
1542 1596 1885 1665 amplissime,
1918 1605 2197 1665 antequam
2237 1593 2765 1649 Animadversiones
2796 1582 3007 1648 nosiras
3046 1594 3270 1658 ederem,
3314 1590 3494 1659 legisse
3520 1588 3673 1642 dicit.

419 1689 574 1754 Quod
607 1690 755 1760 longe
779 1690 936 1743 aliter
964 1691 1175 1756 habere,
1211 1708 1312 1746 non
1338 1701 1391 1746 tu
1420 1692 1531 1761 ipse
1556 1691 1709 1745 modo
1733 1692 1870 1753 scis;
1897 1689 1987 1744 sed
2021 1690 2204 1743 amicis
2234 1690 2393 1743 etiam
2421 1690 2616 1743 nostris
2647 1705 2710 1742 ea
2743 1689 2806 1742 de
2834 1704 2887 1741 re
2921 1687 3257 1757 querentibus
3288 1683 3467 1753 palam
3502 1690 3669 1735 testa-

420 1792 502 1837 tus
526 1801 580 1839 es
606 1800 625 1838 .'
658 1787 869 1839 tametsi
900 1786 1121 1840 schedas
1164 1803 1243 1841 me
1275 1787 1462 1853 legisse
1487 1796 1607 1841 tuas
1642 1803 1744 1840 non
1777 1785 1866 1839 ille
1889 1784 2097 1855 quidem
2123 1784 2256 1837 dicit
2283 1794 2482 1854 aperte,
2510 1784 2600 1837 sed
2628 1782 2833 1852 oblique
2864 1790 2914 1836 et
2948 1781 3177 1849 captiose
3214 1778 3469 1847 loquitur,
3496 1785 3552 1827 ut
3581 1772 3675 1842 qui

418 1878 590 1932 minus
618 1888 817 1934 attente
844 1880 1007 1949 ipsius
1046 1880 1202 1935 verba
1244 1892 1580 1951 percurrunt,
1612 1882 1749 1935 illud
1779 1882 1949 1950 ipsum
2000 1880 2271 1950 ofﬁrmari
2302 1888 2507 1949 putent,
2552 1888 2707 1947 atque
2744 1876 3007 1948 ejusmodi
3037 1876 3101 1930 de
3133 1875 3281 1930 nobis
3324 1872 3676 1942 suspicionem
3758 1890 3765 1897 ·

416 1966 683 2033 auferant.

486 2054 689 2111 Rursus
718 2058 765 2111 si
795 2058 858 2111 de
890 2066 995 2111 tam
1021 2060 1297 2127 perspicua
1327 2059 1569 2128 falsitate
1604 2060 1919 2130 redarguere
1944 2060 2209 2130 quispiam
2240 2060 2395 2114 illum
2431 2058 2675 2118 voluerit.
2706 2075 2766 2112 eo
2795 2058 3077 2127 confugere
3105 2056 3289 2124 possit,
3323 2071 3425 2108 non
3450 2069 3503 2107 se
3532 2051 3678 2105 sche-

416 2146 513 2199 das
550 2149 679 2201 istas
714 2166 745 2202 a
776 2148 922 2202 nobis
955 2148 1155 2202 dixisse
1191 2166 1302 2205 esse
1334 2150 1517 2217 lectas,
1547 2151 1660 2215 sed,
1703 2154 1842 2219 quod
1885 2151 1937 2203 in
1969 2148 2173 2203 schedis
2211 2151 2314 2203 tuis
2366 2150 2476 2218 ipse
2521 2150 2747 2220 legisset,
2781 2148 2844 2201 de
2871 2165 2971 2217 quo
3001 2164 3293 2202 sermonem
3337 2162 3474 2214 sa'pe
3509 2154 3681 2197 tecum

417 2239 737 2306 habuissem,
769 2243 823 2295 id
858 2260 937 2296 me
969 2243 1118 2297 edere
1147 2245 1200 2297 in
1230 2245 1413 2314 vulgus
1444 2247 1803 2300 antevertisse.
1845 2246 1914 2298 At
1946 2262 2038 2315 ego
2066 2263 2147 2299 me
2172 2255 2340 2299 tecum
2386 2246 2580 2314 fateor,
2618 2262 2738 2298 cum
2785 2245 2910 2297 aliis
2939 2243 3002 2297 de
3040 2243 3193 2298 rebus
3228 2258 3346 2312 qua:
3373 2241 3441 2295 ad
3474 2240 3679 2294 doctri-

419 2348 540 2385 nam
562 2334 839 2399 pertinent,
875 2343 982 2385 tum
1006 2333 1067 2387 de
1101 2334 1470 2389 ecclesiasticis
1495 2335 1729 2389 moribus
1753 2346 1803 2389 et
1856 2337 2179 2406 antiquitate
2208 2352 2309 2388 non
2342 2353 2466 2389 raro
2491 2334 2827 2402 disputasse;
2855 2352 2915 2388 ac
2949 2333 3014 2388 de
3038 2334 3327 2392 nonnullis.
3355 2348 3472 2402 qua:
3504 2332 3680 2385 minus

419 2421 672 2477 habebam
702 2416 993 2492 explicata,
1028 2427 1315 2494 qutvsisse;
1363 2444 1453 2481 nec
1498 2428 1808 2482 mediocrem
1846 2444 1973 2481 sane
2020 2428 2255 2496 fructum
2303 2443 2367 2481 ex
2417 2428 2512 2482 hoc
2545 2446 2644 2483 usu
2693 2438 2780 2482 tuo
2814 2444 2878 2482 ac
2911 2427 3172 2496 colloquio
3214 2425 3430 2493 cepisse,
3462 2439 3579 2476 cum
3611 2422 3681 2474 iis

318 2574 333 2585 ν
418 2517 600 2581 etiam,
631 2534 748 2587 qua:
773 2537 804 2572 a
830 2529 877 2574 te
922 2521 1389 2590 respondebantur.
1418 2523 1613 2591 partim
1656 2525 1940 2577 assentirer
1969 2524 2199 2590 penitus,
2230 2525 2425 2588 partim
2459 2525 2624 2593 fretus
2665 2524 2912 2594 (equitate
2955 2523 3382 2590 humanitateque
3434 2528 3527 2571 tua
3552 2533 3680 2571 con-

423 2609 735 2664 tradicerem
763 2630 777 2666 :
810 2628 935 2665 nam
974 2630 1090 2666 cum
1131 2613 1283 2667 hodie
1329 2625 1375 2668 te
1415 2632 1564 2669 nemo
1595 2631 1768 2669 rerum
1797 2614 2013 2669 illarum
2060 2616 2279 2669 scientia
2312 2626 2361 2669 et
2393 2617 2771 2670 exercitatione
2808 2625 3040 2685 superet,
3083 2622 3191 2667 tum
3240 2612 3466 2665 candore
3506 2610 3599 2663 illo
3628 2616 3681 2663 et

424 2705 685 2774 facilitate
715 2707 935 2774 miriﬁce
968 2717 1223 2775 prtestas,
1254 2716 1312 2760 ut
1335 2725 1537 2771 eorum,
1567 2725 1682 2777 qua:
1704 2711 1967 2778 sapienter
2007 2711 2225 2773 asseris,
2256 2727 2382 2777 non,
2410 2721 2466 2763 ut
2512 2708 2625 2772 ille,
2656 2711 2747 2778 qui
2773 2719 2959 2763 contra
2982 2726 3061 2762 me
3088 2709 3318 2774 scripsit,
3364 2706 3683 2759 auctoritate

422 2798 542 2854 sola
570 2798 728 2868 ﬁdem
758 2808 1095 2869 extorqueas,
1134 2801 1225 2854 sed
1259 2800 1480 2854 liberum
1502 2801 1686 2870 cuique
1702 2800 1997 2869 judicium,
2022 2812 2071 2854 et
2107 2801 2363 2871 integras,
2391 2818 2507 2871 qua:
2552 2801 2695 2867 velit,
2730 2801 2911 2855 tuendi
2943 2817 3006 2854 ac
3047 2798 3357 2868 disputandi
3390 2807 3565 2867 partes
3597 2814 3691 2851 re-

424 2892 652 2962 linquas.
689 2894 843 2957 Quod
874 2896 942 2946 ad
968 2909 1028 2948 ea
1054 2911 1170 2949 vero
1194 2896 1440 2964 pertinet,
1465 2912 1581 2964 qua:
1623 2894 1688 2949 de
1714 2897 2044 2965 pwnitentia,
2074 2896 2236 2966 deque
2256 2898 2459 2951 cteteris
2490 2896 2740 2951 Ecclesia:
2771 2895 2982 2961 ritibus,
3020 2896 3072 2948 in
3118 2894 3499 2963 Epiphanianis
3541 2893 3677 2946 Ani-

422 2988 896 3044 madversionibus
926 3001 1305 3045 commentatus
1333 3007 1470 3052 sum.
1500 3008 1563 3046 ea
1589 3007 1669 3045 me
1703 2993 1835 3058 scio,
1863 2990 1990 3043 DEI
2038 3008 2131 3061 ope
2163 3008 2224 3044 ac
2246 2991 2519 3060 beneﬁcio.
2550 3008 2648 3044 non
2688 2990 2900 3044 aliunde
2945 2990 3092 3052 mihi,
3123 3005 3278 3058 quam
3314 2989 3490 3041 labore
3516 2997 3563 3039 et
3596 2989 3684 3040 in-

421 3081 630 3135 dustria
662 3099 799 3151 mea,
827 3083 1051 3138 assidua
1092 3085 1329 3139 Veterum
1359 3086 1600 3147 lcetione,
1632 3085 1833 3155 aliquot
1868 3102 2130 3139 annorum
2165 3100 2268 3139 usu
2303 3102 2365 3138 ac
2397 3084 2737 3138 meditatione
2775 3083 3052 3151 peperisse.
3093 3080 3318 3134 Possum
3351 3078 3693 3147 dispunctori

424 3175 822 3243 accusatorique
859 3191 967 3227 meo
995 3175 1059 3229 de
1092 3177 1340 3245 singulis.
1368 3193 1484 3246 qute
1513 3177 1626 3229 illic
1691 3178 1936 3241 tractavi,
1983 3177 2269 3247 capitibus,
2303 3177 2513 3231 easdem
2557 3176 2705 3237 illas,
2737 3174 2925 3244 quibus
2960 3191 3087 3226 usus
3139 3190 3278 3236 sum,
3311 3173 3677 3233 auctoritates,

423 3266 589 3336 iisque
627 3267 793 3321 multo
842 3268 1016 3335 plures
1064 3270 1114 3321 in
1147 3270 1467 3323 adversariis
1501 3273 1625 3324 meis
1657 3281 1871 3325 notatas
1912 3289 1973 3324 ac
2014 3274 2333 3341 perscriptas
2376 3269 2682 3333 ostendere,
2721 3286 2852 3339 quas
2888 3286 2953 3322 ex
2992 3269 3320 3322 Tertulliano
3345 3311 3359 3332 ,
3393 3266 3689 3335 Cypriano,

426 3359 731 3427 ueterisque
757 3358 1015 3413 Patribus
1037 3370 1085 3413 et
1116 3363 1353 3431 antiquis
1386 3363 1622 3415 conciliis
1648 3380 1710 3415 ae
1736 3364 2051 3426 canonibus,
2095 3374 2151 3419 ut
2185 3366 2504 3425 Scriptorem
2546 3380 2797 3434 quemque
2836 3362 3085 3432 legebam.
3116 3362 3349 3414 studiose
3384 3360 3565 3413 multis
3592 3358 3684 3411 ab-

428 3448 550 3502 hinc
589 3452 745 3503 annis
779 3450 1196 3506 observaverunt.
1241 3453 1343 3507 Sed
1374 3470 1534 3523 neque
1569 3455 2006 3525 χρηστομαοείαις
2051 3458 2206 3519 istas,
2235 3474 2394 3526 neque
2423 3459 2468 3511 si
2492 3454 2618 3525 quid
2655 3470 2719 3508 ex
2750 3455 2855 3509 iiiis
2899 3456 3084 3508 solerzi
3124 3456 3349 3517 ratione,
3386 3462 3476 3505 aut
3511 3451 3685 3518 conje-

428 3551 583 3594 ctura
607 3540 827 3606 deduxi,
855 3546 988 3597 tanti
1015 3546 1243 3610 a’stimo,
1270 3554 1327 3597 ut
1350 3561 1449 3614 pro
1468 3545 1802 3599 tantillarum
1838 3563 2013 3602 rerum
2038 3547 2353 3602 vindicanda
2380 3548 2712 3616 possessione
2732 3545 3095 3616 suscipiendas
3122 3544 3420 3599 simultates
3442 3554 3488 3596 et
3524 3542 3684 3595 alter-

430 3634 660 3686 cationes
695 3635 1015 3698 existimem,
1050 3636 1241 3690 nedum
1270 3646 1327 3690 ut
1356 3652 1421 3691 ex
1449 3639 1649 3692 incerta
1672 3637 1913 3709 falsaque
1943 3640 2239 3708 suspicione
2268 3650 2468 3695 certam
2515 3641 2715 3694 nomini
2744 3639 2971 3707 alicujus
3018 3639 3295 3706 infamiam
3336 3634 3689 3704 invidiamque

430 3722 773 3779 consciscam.
804 3725 882 3778 Ac
909 3728 1144 3781 vcltuam
1164 3729 1255 3782 ille
1280 3730 1489 3796 saltem,
1511 3732 1835 3801 amplissime
1864 3730 2271 3805 doctissimeque
2305 3733 2536 3799 Prasul,
2556 3732 2969 3787 moderationem
3000 3732 3205 3784 imitari
3228 3730 3375 3784 vellet
3411 3745 3429 3782 :
3457 3728 3545 3797 qui
3568 3744 3689 3779 cum

433 3815 908 3873 luculentissimum
949 3838 1011 3874 ac
1042 3822 1469 3878 laudatissimum
1500 3824 1633 3877 illud
1663 3841 1790 3892 opus
1819 3826 2295 3881 ecclesiasticarum
2327 3829 2741 3883 Observationum
2773 3837 2889 3897 post
2931 3824 3450 3881 Animadversiones
3478 3830 3686 3877 nostras

432 3912 630 3978 ederes,
664 3914 728 3971 de
764 3919 939 3988 plagio
966 3917 1058 3971 illo
1093 3935 1155 3972 ne
1189 3918 1369 3975 littera
1395 3920 1604 3990 quidem
1633 3931 1944 3991 conquestus
1973 3936 2062 3987 es;
2092 3923 2232 3993 quod
2252 3924 2445 3978 recenti
2470 3941 2545 3990 re,
2576 3934 2623 3978 et
2656 3922 2719 3977 ab
2748 3941 2828 3987 eo,
2856 3922 2977 3991 cuja
3018 3922 3130 3977 Iure
3152 3930 3289 3984 erat,
3318 3921 3433 3989 ﬁeri
3461 3919 3689 3973 maxime

432 4012 787 4067 conveniebat.

506 4106 583 4161 Tu
616 4124 757 4172 vero,
786 4126 903 4163 cum
938 4110 1096 4164 certis
1132 4109 1195 4164 de
1232 4109 1490 4179 capitibus
1522 4120 1707 4165 contra
1746 4119 1901 4181 atque
1928 4126 2021 4182 ego
2047 4112 2295 4177 sentires,
2319 4113 2452 4167 nihil
2488 4114 2541 4167 in
2573 4130 2666 4167 nos
2702 4128 2882 4181 aspere
2913 4120 3107 4175 tamen,
3144 4110 3576 4176 inclementerque
3602 4106 3691 4159 di-

433 4204 603 4259 xisti:
632 4214 787 4276 atque
817 4207 894 4259 ita
925 4216 1071 4260 tuam
1102 4206 1257 4259 homo
1288 4223 1392 4260 non
1438 4208 1610 4260 minus
1641 4206 1893 4271 prudens,
1924 4225 2085 4269 quam
2127 4210 2389 4275 eruditus,
2429 4209 2723 4278 opinionem
2758 4207 3059 4277 explicasti,
3093 4215 3150 4257 ut
3184 4200 3565 4281 existimationi
3597 4215 3697 4252 no-

433 4306 561 4354 stra;
600 4298 953 4366 amicitiwque
988 4314 1253 4367 parceres.
1302 4299 1375 4352 De
1398 4298 1497 4352 hac
1528 4300 1579 4351 in
1610 4314 1689 4351 me
1734 4299 1950 4353 lenitate
1979 4303 2057 4353 uti
2097 4301 2222 4369 jure
2261 4299 2355 4353 tibi
2401 4301 2691 4352 maximam
2736 4299 2965 4369 gratiam
2995 4294 3197 4361 habeo,-
3238 4296 3317 4347 ita
3361 4295 3689 4363 dispunctori

435 4413 547 4451 meo
573 4412 875 4450 succensere
901 4411 1135 4463 possum,
1190 4396 1277 4458 qui
1310 4394 1547 4448 eamdem
1586 4394 1770 4447 aliena
1806 4395 1861 4447 in
1904 4411 2068 4448 causa
2098 4413 2199 4449 non
2232 4394 2465 4458 adhibet,
2492 4412 2648 4465 quam
2678 4397 2730 4449 in
2778 4404 2868 4447 tua
2908 4392 3001 4447 tibi
3044 4392 3289 4445 decoram
3326 4398 3375 4445 et
3420 4398 3690 4443 honestam

436 4495 658 4563 putasti.
692 4491 1047 4559 Quamobrem
1079 4490 1216 4560 quod
1245 4501 1430 4544 contra
1467 4507 1545 4544 me
1593 4498 1853 4559 utcunque
1884 4491 1972 4545 ille
2003 4491 2248 4556 scribere,
2292 4502 2339 4544 et
2374 4500 2554 4545 errata
2584 4508 2700 4545 mea
2745 4493 3009 4560 castigare
3044 4489 3226 4553 voluit,
3270 4504 3370 4541 non
3400 4487 3552 4540 modo
3586 4502 3689 4538 non

438 4590 782 4657 reprehendo,
810 4586 899 4641 sed
928 4604 1133 4659 quoquo
1158 4589 1337 4641 animo
1375 4586 1561 4655 fuerit,
1594 4584 1784 4638 bonam
1810 4586 1861 4639 in
1888 4597 2096 4654 portent
2129 4588 2356 4656 accipio.
2396 4585 2557 4640 Video
2578 4588 2714 4640 enim
2749 4586 2803 4639 id
2845 4595 2891 4640 et
2933 4585 3288 4638 communium
3323 4584 3570 4635 interesse
3601 4581 3693 4632 lit-

442 4688 695 4741 terarum,
726 4687 773 4730 et
825 4676 1037 4731 honeste
1080 4696 1141 4731 ac
1184 4676 1529 4731 laudabiliter
1562 4691 1712 4744 posse
1752 4676 1890 4743 ﬁeri,
1924 4694 2043 4730 cum
2084 4694 2231 4732 nemo
2268 4679 2360 4743 sit,
2393 4678 2483 4749 qui
2508 4687 2601 4731 aut
2632 4678 2812 4746 aliqua
2842 4693 2896 4730 re
2918 4692 3022 4730 non
3055 4684 3247 4745 peccet,
3288 4684 3377 4727 aut
3414 4676 3477 4725 ab
3516 4688 3693 4726 errore

441 4789 559 4837 suo,
588 4773 664 4826 sic
692 4782 945 4841 tanquam
979 4772 1140 4831 malo.
1167 4789 1226 4824 ac
1252 4771 1431 4825 morbo
1453 4787 1507 4825 se
1536 4770 1767 4842 quodam
1799 4772 1958 4825 eximi
1998 4782 2179 4842 optare
2204 4792 2306 4829 non
2332 4774 2535 4827 debeat.
2562 4772 2717 4826 Hunc
2751 4774 2914 4843 igitur
2943 4769 3292 4841 redarguendi
3320 4770 3421 4823 mei
3450 4775 3693 4821 conatum

444 4866 554 4936 fero
596 4885 698 4921 non
748 4868 943 4921 invitus
980 4884 997 4920 :
1034 4866 1129 4920 hoc
1160 4883 1474 4936 conqueror,
1503 4868 1613 4920 sine
1641 4867 1841 4937 injuria
1876 4869 2317 4940 contnmeliaque,
2358 4886 2477 4923 cum
2522 4878 2717 4937 posset,
2753 4869 2920 4938 magis
2969 4866 3113 4921 istud
3154 4867 3324 4934 ipsum
3359 4864 3585 4917 noluisse
3614 4862 3698 4931 fa-

443 4976 577 5015 cere.
610 4960 849 5013 Alterum
873 4960 1009 5013 enim
1041 4959 1313 5013 tolerabile
1339 4968 1439 5022 est,
1476 4969 1532 5012 ut
1566 4959 1703 5027 dixi,
1738 4959 1963 5013 alterunt
1989 4960 2289 5029 cujusmodi
2333 4961 2421 5023 sit,
2450 4976 2511 5014 ne
2540 4961 2586 5013 is
2619 4977 2650 5013 a
2682 4976 2762 5013 me
2801 4958 3051 5013 violatum
3088 4974 3142 5011 se
3178 4967 3341 5027 putet,
3375 4956 3510 5013 nolo
3529 4955 3695 5009 verbis

445 5056 573 5109 meis
598 5056 907 5124 exprimere.
939 5055 1192 5125 Equidem
1220 5054 1359 5126 quod
1394 5054 1645 5109 adversus
1673 5055 1985 5118 catholicos,
2012 5064 2060 5107 et
2105 5054 2253 5107 illius
2299 5054 2595 5120 prtesertim
2629 5053 2832 5108 ordinis
2878 5055 3017 5107 viros
3060 5069 3195 5123 eegre
3222 5053 3455 5105 adducor
3485 5061 3543 5103 ut
3567 5052 3699 5105 scri-

448 5152 593 5214 bam,
628 5152 788 5206 etiam
832 5152 1146 5214 lacessitus;
1172 5151 1459 5223 quamlibet
1490 5153 1727 5221 iniquam
1757 5151 1871 5220 ejus
1912 5150 2360 5218 reprehensionem
2395 5165 2496 5203 non
2548 5148 2719 5203 solum
2752 5149 3013 5218 patienter
3045 5148 3303 5211 tulissem,
3334 5160 3509 5199 verum
3540 5146 3697 5198 etiam

451 5246 628 5309 tacite,
660 5246 706 5300 si
739 5245 989 5299 hactenus
1022 5252 1243 5298 conatus
1275 5243 1367 5297 ille
1399 5243 1722 5312 procederet,
1755 5252 1814 5295 ut
1853 5242 1909 5295 in
1950 5239 2213 5309 probabili
2243 5241 2553 5310 quwstione,
2598 5250 2785 5295 contra
2826 5240 3126 5308 opinionem
3176 5246 3437 5301 nostram,
3470 5252 3571 5289 non
3599 5232 3699 5286 ad-

454 5359 630 5397 versus
676 5351 844 5407 tuam,
885 5340 1094 5395 Prwsul
1145 5340 1491 5410 amplissime,
1525 5342 1630 5394 imo
1677 5354 1797 5392 vero
1848 5351 2177 5390 communem
2229 5334 2481 5390 Ecclesia:
2520 5335 2820 5389 doctrinam
2857 5336 3074 5389 veniret.
3123 5332 3238 5386 Hoc
3284 5333 3421 5386 enim
3468 5328 3697 5384 restabat

453 5451 638 5500 unum,
671 5443 727 5486 ut
758 5435 811 5487 iu
858 5433 1138 5505 plerisque.
1177 5451 1292 5505 qua:
1331 5434 1676 5503 pronuntiare
1724 5432 1856 5485 satis
1898 5429 2105 5490 habuit,
2149 5445 2249 5482 non
2296 5430 2465 5484 solum
2502 5446 2533 5482 a
2573 5429 2677 5482 tuis
2720 5429 2870 5496 ipsis,
2903 5444 3124 5497 quorum
3158 5442 3213 5479 se
3254 5426 3507 5479 vindicem
3548 5432 3700 5489 atque

455 5531 790 5600 interpretem
820 5526 971 5596 facit,
1006 5528 1215 5596 scriptis
1243 5539 1290 5582 et
1321 5528 1638 5581 auctoritate
1662 5522 1947 5583 recederet,
1976 5522 2066 5577 sed
2093 5540 2124 5575 a
2150 5522 2415 5577 communi
2441 5519 3040 5589 catholicorumjudicio
3065 5533 3373 5588 magnopere
3402 5514 3698 5569 dissideret.

457 5624 629 5695 Caput
668 5634 744 5679 est
775 5626 1061 5679 secundum
1090 5622 1701 5693 dispunctiuncularum,
1736 5636 1838 5690 quo
1873 5618 1999 5689 quid
2030 5620 2098 5674 sit
2134 5621 2267 5675 dare
2308 5617 2710 5689 pmnilcntiam,
2745 5617 2900 5685 plane
2929 5614 3221 5677 contraria,
3253 5629 3315 5667 ac
3351 5621 3498 5665 tuum
3527 5620 3576 5665 et
3604 5608 3702 5662 Ec-

457 5720 631 5774 clesia:
664 5718 854 5791 dogma
888 5720 1009 5789 fert,
1044 5719 1251 5772 ratione
1278 5717 1506 5786 prudens
1559 5732 1627 5768 an
1650 5716 1949 5781 imprudens
2004 5716 2266 5785 exposuit.
2307 5714 2507 5769 Omitto
2556 5730 2693 5766 nunc
2738 5722 2946 5775 ccetera,
2978 5725 3095 5780 qua:
3136 5717 3182 5763 te
3214 5709 3268 5761 in
3319 5723 3401 5773 ea,
3436 5721 3592 5777 quam
3618 5705 3699 5758 in-

461 5812 711 5879 scriptam
744 5812 943 5865 nomini
976 5819 1065 5864 tuo
1098 5816 1345 5877 apparere
1381 5806 1539 5873 volui,
1574 5807 1929 5875 disputatione
1975 5808 2139 5879 legere
2172 5806 2334 5875 malo,
2363 5822 2517 5876 quam
2548 5820 2610 5859 ex
2644 5803 2782 5859 brevi
2813 5803 2909 5857 hac
2943 5800 3165 5872 epistola
3196 5799 3393 5855 cursim
3425 5796 3706 5857 leviterque
