3978 6220
287 305 392 365 605

1412 297 1779 355 ADVERSUS
1812 296 1978 353 MAT.
2022 298 2298 356 SIMONIU
2312 298 2381 355 Μ.

3446 309 3553 367 600

289 435 618 493 cognoscere.
648 418 823 487 Quam
853 418 1060 491 quidem
1088 417 1378 472 diatribam
1419 428 1654 473 nostram
1688 420 1925 490 quisquis
1954 428 2152 475 attente
2191 437 2254 474 ac
2287 419 2546 488 patienter
2572 417 2863 487 exceperit;
2890 433 2991 471 non
3020 417 3192 472 minus
3220 416 3296 471 ad
3311 418 3547 486 iniquam

298 514 660 588 depellendam
704 515 1150 578 criminationem,
1182 513 1454 567 honestam
1494 514 1667 574 nobis.
1706 531 1865 583 quam
1903 515 1979 567 ad
2018 525 2186 582 tuam,
2215 524 2266 567 et
2319 513 2570 567 Ecclesiw
2604 512 3037 584 propugnandam
3072 512 3551 583 illustrandamque

302 610 617 672 doctrinam,
648 607 789 676 piam
823 622 884 660 ac
926 606 1278 659 necessariam
1317 604 1481 673 fuisse
1505 605 1793 675 judicabit.
1831 605 1874 659 Α
1913 614 1959 659 te
2002 623 2141 670 vero,
2179 605 2389 659 Pra‘sul
2434 607 2776 672 amplissime,
2823 615 3081 673 postremo
3126 604 3259 658 illud
3301 608 3533 671 postulo,

301 702 435 772 quod
459 701 861 768 impetraturum
896 713 976 751 me
1009 712 1120 751 esse
1146 696 1353 766 conﬁdo
1373 714 1391 761 ;
1421 705 1477 750 ut
1511 706 1697 750 contra
1734 698 2107 752 criminatores
2154 713 2291 750 meos
2323 698 2582 767 integran
2608 698 2736 750 mihi
2770 707 2915 751 tuum
2951 698 3185 751 animum
3232 686 3538 751 benevolen-

302 797 525 862 tiamque
566 810 837 847 conserves
868 810 885 847 :
924 803 1032 846 tum
1080 802 1135 845 ut
1167 793 1228 844 de
1266 808 1345 846 me
1383 792 1613 846 vicissim
1661 793 1755 846 tibi
1795 794 2099 863 polliceare,
2154 793 2414 862 fautorem
2467 809 2546 845 me
2591 792 2864 861 dignitatis
2900 803 3024 858 tute,
3056 810 3180 855 non,
3215 802 3271 845 ut
3303 792 3544 863 quidam,

302 887 482 939 alienis
512 885 885 956 dispungendis
917 886 1212 954 laboribus,
1258 884 1349 941 sed
1394 904 1536 943 mare
1584 891 1716 943 bona
1748 888 2033 959 proboque,
2100 887 2330 956 tuendis,
2386 886 2559 959 quoad
2602 888 2741 951 licet,
2780 888 3107 945 monimentis
3143 889 3247 942 tuis
3293 896 3536 957 perpetuo

305 981 353 1052 1n
363 991 552 1035 turum.
585 977 729 1034 Vale.

310 1136 393 1153 -ν

397 1129 3539 1154 “ww

604 1262 1265 1355 ELENCHUS'
1306 1266 1903 1355 DISPUNCT

1997 1262 2319 1355 )NUM
2394 1263 2680 1351 MAT.
2756 1259 3239 1352 SIMONII

1104 1412 1196 1469 DE
1234 1411 1711 1499 ΡΕΕΝΙΤΕΝΤΙᾸΕἸ
1750 1413 1918 1471 RITU
1958 1411 2217 1470 VETERI
2257 1410 2324 1467 IN
2384 1410 2741 1469 ECCLESIA.

1863 1516 1877 1540 1

923 1619 1155 1678 CAPUT
1192 1622 1233 1676 1.

297 1755 707 1825 Dispunctiones
734 1769 886 1825 super
932 1752 1129 1808 Novati
1164 1766 1212 1808 et
1248 1753 1539 1808 Ναυτιιὶαηὶ
1575 1752 1878 1825 nominibus

363 1822 640 1880 discusstv.
677 1822 1006 1891 Ostenditur,
1050 1842 1148 1878 non
1194 1842 1254 1877 ea
1291 1826 1586 1891 promiscue
1630 1824 1878 1889 usurpari

364 1898 573 1949 debere.
642 1894 929 1947 Novatiani
978 1912 1073 1946 cur
1139 1894 1380 1948 damnati
1439 1910 1533 1961 pro
1581 1894 1877 1955 hcereticis,‘

363 1969 532 2035 deque
579 1982 638 2019 eo
682 1966 1037 2035 dispunctoris
1089 1965 1366 2033 conﬂictus
1417 1980 1613 2026 secum,
1667 1973 1715 2017 et
1759 1980 1878 2018 cum

363 2036 530 2158 ηε).
564 2034 891 2102 Albaspinazi
935 2036 1234 2100 sententia;
1283 2050 1398 2103 qum
1433 2043 1481 2089 et
1525 2036 1643 2104 ipsa
1684 2048 1882 2106 propu-

364 2124 460 2158 ana
498 2123 581 2158 ur.

363 2123 485 2177 gnat
498 2123 581 2159 ur.

362 2238 570 2292 Mirum
612 2234 667 2289 in
696 2235 817 2305 ipso
846 2233 1043 2304 capitis
1082 2232 1255 2299 aditu,
1299 2248 1400 2288 nec
1440 2234 1659 2305 vulgare
1704 2251 1882 2304 παρα.-

297 2329 626 2400 κινδύνευμα
660 2346 672 2382 :
709 2343 830 2381 cum
861 2325 969 2379 duo
1014 2340 1077 2379 ac
1106 2324 1311 2380 diversi
1340 2324 1541 2381 fuerint
1562 2325 1805 2381 Novatus
1828 2334 1882 2381 ct

297 2422 670 2487 Novatianus;
701 2420 972 2489 iidemque
1002 2417 1203 2495 patria,
1222 2418 1489 2483 moribus,
1511 2418 1881 2487 institutisque

298 2515 597 2571 dissimiles
630 2533 643 2567 :
674 2520 852 2565 tamen
888 2510 983 2581 qui
1012 2526 1178 2563 unum
1212 2524 1276 2563 ex
1319 2508 1585 2563 ambobus
1609 2507 1879 2563 conﬂave-

296 2607 385 2669 rit,
424 2619 539 2658 non
589 2610 684 2656 aut
725 2615 911 2656 errare
962 2600 1161 2671 ipsum,
1216 2608 1310 2654 aut
1364 2599 1596 2655 miscere
1639 2598 1779 2653 alios
1818 2612 1881 2651 ac

296 2694 659 2753 confundere.
691 2692 825 2758 Quis
870 2691 972 2745 hoc
1019 2688 1245 2761 aenigma
1295 2688 1594 2744 dissolvat?
1642 2687 1879 2752 Constet,

300 2786 505 2858 inquit,
554 2785 686 2839 duos
732 2784 914 2855 fuisse,
965 2798 1189 2854 quorum
1236 2780 1377 2835 alter
1408 2778 1700 2843 Romanus,
1747 2781 1884 2834 alter

299 2878 591 2945 Africanus
621 2875 743 2945 fuit.
777 2873 839 2929 Et
878 2883 1056 2929 tamen
1082 2891 1097 2928 :
1126 2871 1300 2936 Nulli,
1334 2870 1532 2940 inquit,
1564 2871 1619 2923 in
1648 2886 1707 2924 eo
1730 2885 1882 2923 erra-

300 2976 439 3033 runt,
477 2966 618 3037 quod
644 2966 776 3019 duos
803 2965 925 3019 illos
955 2965 1011 3018 in
1035 2979 1196 3016 unum
1231 2961 1557 3015 miscuerint.
1597 2958 1720 3017 Non
1743 2973 1879 3013 auro
1910 2949 1951 3004 Β

300 3066 494 3113 contra
525 3056 749 3111 charum
778 3054 1028 3111 duxerim
1053 3054 1157 3108 hoc
1173 3051 1493 3123 mysterium
1526 3064 1878 3121 cognoscere.

301 3150 515 3205 Amabo
547 3158 617 3211 te,
660 3146 757 3202 Vir
794 3144 1026 3213 erudite,
1062 3144 1193 3216 quid
1220 3158 1343 3199 esse
1377 3148 1536 3212 putas
1578 3142 1718 3196 duos
1747 3141 1885 3194 invi-

302 3257 419 3296 cem
482 3238 862 3294 confundere?
909 3236 1100 3291 Nonne
1160 3249 1280 3305 qua:
1328 3233 1495 3287 unius
1542 3233 1617 3287 ita
1662 3230 1884 3303 propria

307 3341 456 3399 sunt,
510 3339 569 3384 ut
613 3329 681 3384 ad
724 3331 954 3383 alterum
999 3326 1223 3381 minime
1261 3324 1611 3388 conveniant,
1658 3322 1713 3377 in
1760 3335 1885 3377 eum

306 3427 489 3496 ipsum
520 3420 843 3487 transferre;
880 3435 1099 3485 nomen,
1144 3433 1337 3489 genus,
1376 3417 1549 3483 dicta,
1579 3415 1740 3480 facta,
1777 3430 1884 3469 cae-

309 3526 428 3571 tera
476 3514 713 3583 denique
770 3512 1079 3582 promiscue
1127 3510 1364 3564 habere?
1406 3508 1610 3563 Confer
1666 3506 1885 3562 Graecos

310 3610 435 3663 illos
485 3605 818 3675 Latinosque
858 3602 1177 3673 scriptores,
1228 3616 1367 3671 quos
1415 3600 1469 3654 in
1519 3596 1759 3654 Diatriba
1800 3596 1887 3651 vel

311 3696 500 3757 citavi,
531 3693 613 3748 vel
645 3693 807 3747 omisi
842 3709 854 3745 :
892 3706 1004 3746 rem
1035 3688 1366 3761 ipsissimam
1403 3686 1638 3743 videbis.
1674 3688 1743 3739 At
1766 3684 1890 3740 vide

312 3786 693 3844 subtilitatem.
724 3781 847 3836 Non
875 3783 1217 3841 miscuerunt,
1246 3780 1444 3848 inquit,
1469 3778 1596 3848 quia
1625 3781 1891 3832 duntaxat

313 3893 482 3937 unum
522 3882 792 3929 noverant.
837 3872 1215 3942 Argutissime.
1248 3870 1449 3939 Nempe
1483 3868 1629 3939 μίξις
1657 3868 1890 3923 duorum

315 3973 426 4025 est.
475 3963 677 4018 Verum
717 3962 846 4031 quid
901 3976 1126 4016 necesse
1177 3967 1281 4024 est,
1330 3960 1520 4014 ambos
1577 3957 1891 4028 singillatim

319 4055 575 4126 cognitos
618 4051 861 4107 habere?
892 4049 1028 4104 Nam
1067 4050 1116 4105 si
1158 4057 1555 4120 cognoscerent
1594 4063 1658 4103 ac
1691 4048 1896 4102 discer-

318 4164 455 4205 nere
487 4155 731 4219 possent,
766 4142 1011 4214 profecto
1054 4157 1166 4198 non
1210 4140 1629 4196 contunderent.
1661 4140 1811 4210 Ergo
1837 4145 1897 4195 ut

319 4239 494 4310 aliqui
530 4239 640 4292 duo
675 4234 936 4291 confundi
976 4233 1305 4303 miscerique
1338 4233 1615 4299 dicantur,
1658 4241 1712 4287 tu
1749 4232 1899 4301 ejus-

321 4331 472 4387 modi
502 4327 867 4384 conditionem
904 4325 1067 4389 l‘eres,
1102 4341 1223 4396 qua:
1254 4340 1324 4379 ne
1349 4323 1755 4378 confundantur
1784 4324 1900 4392 ipsa

320 4419 602 4494 perﬁciat?
643 4418 785 4485 Quid
826 4416 1099 4473 alienius?
1130 4416 1275 4471 Duos
1310 4415 1450 4470 inter
1496 4430 1555 4470 se
1593 4413 1898 4484 Cyprianos

321 4510 622 4580 Gregorius
675 4505 1053 4561 Nazianzenus
1105 4504 1305 4575 aliique
1362 4502 1766 4567 confuderunt,
1829 4517 1899 4556 an

314 4601 573 4672 singulos
635 4615 796 4655 nosse
836 4600 994 4670 prius
1047 4594 1313 4669 oportuit,
1356 4610 1519 4667 quam
1570 4593 1904 4651 confundere

325 4693 679 4768 putarentur?

401 4784 540 4841 Illud
589 4798 717 4838 vero
768 4782 892 4853 quis
945 4782 1039 4837 tibi
1086 4780 1349 4837 concedat
1392 4797 1406 4834 :
1450 4776 1666 4833 Nemini
1724 4776 1906 4846 fraudi

324 4876 571 4947 futurum
599 4887 616 4926 :
647 4872 961 4942 Africanum
998 4870 1286 4933 Novatum,
1317 4878 1365 4923 et
1395 4866 1762 4921 Novatianum
1795 4866 1907 4921 Ro.

327 4977 570 5028 mantnt,
608 4960 969 5017 Novatianum
1006 4970 1056 5015 et
1100 4960 1367 5015 Novatum
1408 4960 1752 5028 appellavisse
1783 4977 1907 5029 pro-

330 5060 529 5112 miscue
555 5064 604 5110 et
635 5054 995 5123 indiﬂ'erenter
1013 5055 1045 5107 .9
1066 5050 1209 5107 Sane
1236 5050 1412 5105 fraudi
1462 5052 1534 5105 ita
1570 5067 1680 5105 non
1717 5050 1905 5118 fuerit,

334 5159 395 5204 ut
420 5148 487 5204 ad
517 5160 739 5202 causam
772 5145 965 5215 capitis
993 5145 1264 5214 pertineat
1298 5161 1313 5197 :
1354 5142 1422 5196 ab
1458 5157 1646 5198 errore
1675 5159 1807 5199 vero
1844 5158 1909 5199 ac

331 5237 760 5310 reprehensione
807 5236 957 5291 nulla
1020 5242 1113 5288 tua
1184 5232 1535 5303 grammatica
1590 5234 1907 5290 vindicabit.

347 5333 537 5395 Verba,
570 5327 776 5399 inquis,
800 5325 1019 5396 paulum
1065 5324 1355 5387 declinata,
1400 5325 1543 5378 varie
1577 5335 1623 5378 et
1652 5325 1911 5396 multipli-

335 5425 467 5478 citer
494 5423 836 5483 reducuntur,
870 5427 961 5473 aut
998 5418 1272 5488 porrectis,
1302 5425 1391 5469 aut
1434 5416 1672 5485 adjectis,
1703 5427 1795 5470 aut
1822 5418 1912 5472 de-

339 5513 546 5576 tractis,
569 5521 659 5566 aut
687 5509 1003 5581 permutatis
1036 5508 1224 5561 litteris
1253 5505 1557 5577 syllabisve.
1589 5507 1731 5579 Ergo
1766 5509 1908 5565 idem

338 5604 448 5660 crit
466 5618 583 5667 rex,
621 5603 764 5673 quod
791 5601 1034 5674 regulus,
1067 5599 1311 5668 regillus,
1354 5598 1702 5671 regillianus;
1729 5607 1789 5656 ut
1817 5601 1909 5673 qui

413 5715 501 5789 ῳ)
524 5713 997 5773 Animadversion.
1034 5730 1085 5787 p.
1110 5712 1240 5769 29.6.

1901 1610 1947 1669 Α
1977 1613 2338 1677 cognomento
2368 1619 2462 1659 rex
2502 1602 2683 1657 dictus
2733 1601 2828 1665 sit,
2859 1600 3007 1656 velut
3048 1599 3108 1654 iu
3143 1605 3302 1669 gente
3333 1595 3556 1660 Marcia,

1978 1697 2190 1752 caeteris
2216 1710 2433 1766 quoque
2470 1692 2913 1764 cognominibus,
2946 1706 3067 1761 quae
3100 1688 3339 1743 indidem
3375 1687 3547 1741 dccli‘

1978 1798 2106 1842 nata
2155 1794 2303 1853 sunt,
2349 1786 2605 1855 appellari
2643 1783 2897 1853 potuerit.
2940 1780 3150 1835 Nemini
3199 1781 3345 1844 item,
3382 1777 3555 1831 fraudi

1979 1879 2166 1944 fuerit,
2204 1876 2475 1931 Victorem
2508 1874 2832 1929 historicum
2862 1873 3134 1943 appellare
3179 1870 3553 1930 Victorinum,

1978 1968 2277 2030 Catonem,
2339 1966 2566 2027 Catum,
2627 1963 2874 2030 Catium,
2929 1962 3256 2024 Caticnum,
3318 1957 3554 2026 ἀδιαφό-

1982 2076 2090 2129 ρως
2126 2072 2418 2127 usurpare.
2449 2055 2682 2127 Reliqua
2712 2054 2954 2125 ejusdem
2973 2053 3186 2124 generis
3218 2062 3268 2106 et
3299 2049 3554 2117 absurdi-

1978 2150 2109 2206 tatis
2140 2150 2352 2205 omitto.

2050 2240 2383 2295 Novatianos
2430 2237 2485 2291 in
2521 2235 2761 2290 Diatriba
2796 2235 2874 2304 (α)
2905 2233 3098 2303 scripsi
3147 2232 3239 2301 jus
3270 2228 3559 2285 relaxandi

1980 2340 2203 2404 peccata
2233 2333 2301 2385 ab
2336 2331 2579 2386 Ecclesia
2613 2327 2887 2399 quondam
2928 2324 3277 2394 abjudicasse
3306 2341 3321 2377 :
3359 2322 3563 2389 Quippe

1980 2424 2190 2478 unicam
2223 2422 2375 2477 illam
2410 2431 2745 2490 peccatorum
2778 2417 3161 2487 indulgentiam
3210 2416 3265 2467 in
3310 2413 3563 2467 Ecclesia

1982 2515 2206 2571 arbitrio
2244 2515 2462 2576 versari,
2502 2529 2619 2583 qum
2649 2527 2740 2579 per
2771 2509 3087 2576 baptismum
3119 2507 3402 2559 obtinetur.
3439 2504 3563 2558 Haec

1982 2612 2034 2658 te
2069 2603 2261 2659 fateris
2302 2602 2376 2674 (b)
2413 2617 2525 2656 non
2564 2600 2885 2669 intelligere.
2939 2596 3079 2663 Quid
3137 2595 3374 2649 faciam?
3427 2593 3561 2648 Illud

1983 2712 2116 2751 sane
2152 2705 2305 2750 tuum
2345 2711 2454 2749 non
2489 2709 2753 2763 assequor
2787 2709 2800 2744 :
2839 2688 3134 2753 Novatum,
3167 2689 3273 2741 sive
3308 2685 3564 2740 Novatia-

1984 2806 2128 2856 num,
2160 2789 2432 2844 hwreticos
2463 2786 2694 2850 habitos,
2729 2796 2883 2855 atque
2923 2784 2987 2837 ab
3024 2781 3268 2837 Ecclesia
3302 2780 3567 2836 catholica

1984 2882 2311 2952 proscriptos
2360 2881 2546 2949 fuisse,
2580 2877 2719 2949 quod
2765 2877 2971 2933 nullum
3018 2875 3087 2929 ad
3122 2875 3300 2940 lapsos
3336 2874 3570 2927 reconci-

1983 2971 2188 3025 liaudos
2219 2969 2671 3039 condonandaque
2716 2977 2928 3036 peccata
2956 2967 3047 3035 jus
3086 2966 3142 3019 in
3180 2964 3422 3018 Ecclesia
3455 2980 3573 3017 esse

1984 3069 2367 3127 asseverarent,
2402 3062 2634 3115 sinuosa:
2666 3058 2974 3128 quaxstionis
3004 3056 3311 3122 disceptatio
3345 3062 3443 3108 est.
3476 3052 3570 3106 Vi-

1984 3152 2131 3207 deris
2179 3153 2283 3204 hoc
2337 3166 2566 3220 arguere
2613 3149 2771 3211 velle,
2822 3148 2966 3218 quod
3010 3145 3122 3199 dixi
3162 3144 3473 3201 :Novatum
3517 3151 3573 3198 et

1985 3241 2349 3297 Novatianum
2400 3242 2689 3297 haereticos
2731 3240 2968 3304 habitos,
3006 3246 3169 3308 atque
3203 3237 3270 3291 ab
3324 3237 3573 3290 Ecclesia

1986 3335 2327 3406 proscriptos
2358 3350 2507 3396 esse,
2549 3333 2693 3405 quod
2727 3332 2935 3387 nullum
2980 3330 3047 3385 ad
3077 3328 3438 3384 condonanda
3474 3327 3569 3380 de-

1988 3427 2117 3481 licta
2162 3427 2254 3495 jus
2303 3425 2357 3479 in
2413 3422 2660 3479 Ecclesia
2707 3438 2829 3477 esse
2860 3421 3127 3475 dicerent.
3184 3418 3249 3471 Et
3281 3426 3461 3471 tamen
3516 3415 3578 3469 id

1990 3514 2211 3570 concilii
2242 3512 2549 3570 Tridentini
2582 3511 2910 3566 auctoritate
2958 3524 3023 3562 ac
3055 3522 3188 3563 voce
3219 3505 3567 3574 compmbas.

1990 3606 2215 3661 Gratum
2259 3613 2345 3661 est
2377 3605 2478 3660 hoc
2507 3602 2766 3659 ollicium.
2800 3603 2867 3656 At
2897 3601 3072 3670 hujus,
3106 3598 3208 3662 ais,
3240 3597 3394 3651 verba
3440 3595 3577 3650 nihil

1992 3698 2140 3754 aliud
2178 3708 2392 3764 sonant,
2422 3715 2582 3770 quam
2610 3698 2749 3751 inter
2791 3705 3008 3750 crateras
3046 3691 3470 3746 Novatianorum
3498 3704 3576 3742 er-

1993 3807 2159 3857 rores,
2184 3800 2232 3845 et
2266 3790 2402 3845 hunc
2432 3789 2618 3860 fuisse.
2650 3789 2733 3843 An
2777 3785 2923 3841 aliud
2959 3783 3235 3839 dicimus?
3286 3782 3415 3851 Pag.
3447 3780 3581 3846 227,

1994 3885 2158 3939 verba
2205 3890 2396 3935 nostra
2430 3890 2605 3936 sunt:
2639 3879 2791 3946 Quod
2825 3878 3071 3938 clavium,
3119 3884 3177 3927 ut
3221 3882 3435 3938 vocant,
3483 3887 3578 3940 po-

1999 3983 2237 4028 testatem
2266 3971 2515 4026 Ecclesia:
2554 3988 2617 4024 ac
2646 3967 3005 4024 sacerdotibus
3028 3965 3380 4026 detraherent,
3414 3971 3470 4014 ut
3500 3977 3581 4015 re-

1994 4062 2164 4133 liquos
2210 4060 2509 4115 earumdem
2558 4075 2761 4113 errores
2809 4060 3077 4121 omittam,
3121 4054 3413 4107 Novatiani
3461 4061 3584 4104 tan-

1999 4171 2160 4225 quam
2205 4152 2439 4207 ha'retici
2486 4150 2733 4204 damnati
2765 4156 2906 4202 sunt.
2942 4146 3054 4200 Hoc
3089 4145 3338 4199 refellere
3382 4156 3446 4194 ae
3489 4158 3583 4197 nc-

2002 4259 2129 4316 garc
2170 4244 2437 4297 intererat
2484 4242 2636 4311 cjus,
2675 4240 2764 4310 qui
2809 4236 3253 4308 Dispunctionem
3297 4233 3587 4289 scriberet.

2079 4337 2145 4390 At
2173 4336 2336 4391 etiam
2375 4335 2553 4406 μάτην
2580 4331 2919 4406 πτερυγίζει,
2950 4342 3003 4385 et
3040 4332 3092 4384 in
3124 4328 3358 4398 seipsam
3395 4328 3575 4382 incur-

2009 4427 2083 4480 rit
2115 4435 2204 4482 tua
2235 4426 2553 4496 disputatio,
2597 4432 2650 4480 et
2681 4426 2735 4480 in
2769 4424 2818 4479 id
2851 4423 2995 4493 quod
3028 4427 3326 4492 oppugnat,
3382 4420 3465 4474 vel
3497 4420 3583 4472 in-

2005 4520 2113 4573 vita
2151 4519 2434 4573 relabitur.
2477 4517 2617 4584 Quid
2643 4524 2747 4581 est,
2780 4516 2927 4585 quod
2970 4530 3001 4569 a
3040 4521 3237 4585 quarta
3277 4510 3495 4582 pagina,
3530 4516 3589 4564 et

2004 4608 2283 4678 deinceps,
2316 4606 2382 4662 ad
2421 4608 2581 4662 linem
2612 4622 2786 4678 usque
2834 4607 3030 4676 capitis
3075 4605 3307 4675 probare
3355 4600 3594 4656 niteris?

2005 4700 2213 4770 Opinor
2261 4699 2434 4755 illud:
2475 4716 2582 4755 non
2622 4700 2691 4754 ob
2742 4715 2911 4753 unum
2956 4698 3102 4752 hunc
3140 4710 3405 4759 errorem,
3440 4692 3585 4763 quod

2006 4792 2428 4847 relaxandorum
2492 4792 2783 4846 criminum
2833 4792 2946 4862 jus,
2982 4797 3417 4861 potestatemque
3468 4785 3585 4839 cla-

2005 4884 2173 4947 vium,
2215 4899 2381 4952 penes
2420 4882 2717 4938 Ecclesiam
2752 4898 2875 4938 esse
2913 4891 3155 4952 negaret,
3200 4894 3298 4950 pro
3332 4876 3586 4931 limrctico

2010 4975 2254 5031 habitum
2302 4991 2427 5031 esse
2469 4974 2858 5029 Novatianum.
2910 4975 3026 5027 Hoc
3076 4986 3254 5041 neque
3300 4984 3401 5041 ego
3449 4968 3591 5032 dixi,

2008 5078 2186 5134 neque
2239 5064 2579 5118 contrarium
2626 5062 3005 5117 demonstrare
3035 5076 3173 5130 opus
3207 5060 3430 5114 omnino
3467 5056 3593 5111 fuit.

2011 5156 2211 5213 Verum
2249 5154 2527 5228 quomodo
2579 5158 2712 5212 illud
2762 5157 3097 5228 persuadeas
3146 5156 3391 5220 demum,
3426 5167 3595 5221 porro

2010 5246 2314 5301 videamus.
2355 5245 2611 5316 Cypriani
2662 5248 2843 5301 locum
2888 5247 3074 5310 aliers,
3111 5246 3204 5316 qui
3237 5244 3306 5298 ab
3349 5240 3597 5295 Antonio

2013 5335 2404 5406 interrogatus,
2432 5352 2591 5407 quam
2629 5335 2855 5391 hazresin
2891 5337 3224 5391 Novatianus
3255 5332 3587 5389 introduxis-

2013 5436 2112 5491 set,
2160 5428 2233 5481 ita
2265 5428 2595 5497 respondet:
2631 5428 2781 5484 Scias
2811 5448 2904 5484 nos
2939 5431 3109 5498 primo
3144 5429 3194 5480 in
3234 5427 3348 5478 loco
3379 5438 3470 5476 nec
3498 5437 3593 5474 cu-

2013 5519 2183 5573 riosos
2212 5535 2324 5574 esse
2353 5519 2556 5589 debere,
2583 5523 2711 5593 quid
2736 5523 2825 5578 ille
2848 5523 3052 5587 doceat,
3080 5536 3197 5573 cum
3221 5518 3354 5586 {oris
3383 5514 3589 5572 doceat.

2016 5610 2267 5681 Quisquis
2316 5612 2405 5668 ille
2436 5624 2536 5683 est,
2580 5624 2629 5671 et
2679 5615 3060 5687 qualiscunque
3104 5619 3201 5679 est,
3251 5607 3606 5664 Christianus

2088 5725 2170 5797 (ιι)
2196 5725 2324 5801 Pag.
2357 5729 2411 5785 δ.
