3978 6220
374 358 479 414 607

1692 351 1871 408 mox.
1913 350 2260 436 PETAVIUS

3511 353 3619 410 603‘

377 488 480 526 non
505 476 612 536 est,
638 473 733 542 qui
756 472 805 525 in
837 470 1039 527 Christi
1067 470 1302 526 Ecclesia
1333 486 1434 525 non
1462 478 1560 526 est.
1596 470 1698 525 Hic
1731 470 1942 525 scilicet
1972 524 1974 531 Α

2074 470 2147 541 τῆς
2175 467 2466 539 καθολικῆς
2490 467 2583 521 καὶ
2612 466 2970 539 ἁποστολικῆς
3000 465 3323 540 Ἐκκλησιας
3351 468 3581 540 δόγμασι
3599 487 3614 503 ·

377 560 633 631 Cypriani
686 561 840 617 locus
873 563 928 616 in
976 576 1099 616 eum
1145 575 1176 614 a
1223 570 1276 615 te
1312 558 1473 615 ﬁnem
1528 560 1842 624 adducitur,
1886 567 1945 613 ut

378 652 660 719 ostendas,
696 652 861 706 alium
893 651 1201 722 quempiam
1223 650 1295 705 ob
1325 665 1592 714 errorem,
1617 665 1779 721 quam
1801 649 1947 721 quod

379 744 613 799 clavium
666 743 760 813 jus
809 743 1065 799 Ecclesie
1106 742 1436 809 detraheret,
1482 742 1795 798 hereticum
1827 757 1948 798 esse

376 833 693 903 iudicatum.
723 833 837 888 Hoc
884 835 1029 889 enim
1063 843 1321 905 tanquam
1348 847 1392 895 λι
1439 848 1528 889 me
1571 834 1808 902 positum
1844 848 1946 903 op-

380 940 622 996 pugnare
664 925 909 980 volebas.
966 924 1085 980 Jam
1139 941 1269 980 vero
1308 924 1439 995 quid
1490 925 1723 981 alienius
1773 925 1842 980 ab
1886 938 1950 980 ea

382 1014 668 1085 hypothesi
710 1013 1075 1101 institutpque
1104 1013 1495 1085 disputationis
1533 1022 1661 1080 lue,
1692 1029 1857 1085 quam
1887 1014 1953 1069 il-

380 1104 471 1159 lud
523 1105 778 1176 Cypriani
815 1105 1230 1161 testimonium?
1277 1105 1418 1163 Doce
1455 1106 1601 1163 enim
1643 1108 1731 1163 vel
1777 1108 1954 1163 littera

379 1205 626 1252 notatum
667 1197 721 1252 iu
770 1198 839 1252 iis
888 1197 1072 1253 verbis
1119 1198 1285 1252 alium
1333 1200 1642 1269 quempiam
1687 1214 1953 1266 errorem,

380 1296 606 1359 propter
647 1303 811 1359 quem
869 1289 1155 1345 hereticus
1209 1290 1399 1345 haberi
1449 1291 1728 1347 meruerit.
1789 1291 1961 1363 Negat

381 1379 693 1450 Cyprianus
724 1380 1006 1435 curiosius
1045 1381 1452 1451 inquirendum,
1483 1384 1643 1455 cujus
1683 1386 1757 1440 sit
1785 1386 1958 1443 bere—

385 1471 465 1527 sis
499 1478 691 1526 auctor
719 1472 831 1539 ille,
863 1472 956 1541 qui
986 1471 1040 1525 in
1070 1471 1312 1528 Ecclesia
1341 1490 1448 1530 non
1473 1474 1689 1542 doceat,
1721 1477 1825 1532 hoc
1851 1485 1957 1545 est,

387 1560 575 1630 quise
612 1560 682 1615 ab
732 1575 795 1615 ea
847 1561 1145 1617 schismate
1189 1562 1457 1619 diviserit.
1512 1563 1590 1621 De
1633 1581 1820 1621 errore
1869 1575 1962 1621 aut

388 1651 581 1706 heresi
626 1651 768 1721 ipsa,
799 1652 1109 1722 eujusmodi
1158 1655 1247 1718 sit,
1280 1655 1479 1725 quidve
1509 1658 1807 1723 contineat,
1843 1675 1964 1714 ver-

390 1743 519 1796 bum
576 1743 806 1796 nullum.
861 1743 996 1797 Nam
1048 1755 1103 1799 et
1149 1745 1381 1800 alterum
1434 1746 1648 1817 dogma,
1701 1749 1848 1818 quod
1897 1765 1961 1804 ex

2047 560 2314 627 τουτέστι,
2350 558 2444 613 καὶ
2475 559 2735 631 διγάμους
2786 562 3083 624 κοινωνεῖν,
3136 562 3229 615 καὶ
3275 564 3401 626 τοῖς
3432 564 3489 617 ὲν
3538 561 3623 633 τῷ

2050 649 2275 721 διωγμῷ
2307 650 2829 720 παραπεπτωκόσιν.
2885 649 3008 705 Ρνω
3039 652 3280 707 omnibus
3308 666 3484 709 autem
3528 671 3616 711 eos

2050 742 2245 811 scripto
2274 740 2515 811 proﬁteri
2536 748 2758 809 oportet,
2790 740 2929 811 quod
2951 744 3304 807 consentiant,
3330 754 3380 798 et
3399 761 3613 814 sequan-

2053 836 2141 882 tur
2175 827 2426 900 dogmata
2476 826 2730 884 Ecclesice
2773 829 3051 885 catholica
3092 840 3144 885 et
3186 833 3529 899 apostolica:
3561 833 3621 885 id

2052 931 2151 986 est,
2180 931 2232 976 et
2260 937 2377 976 cum
2411 921 2639 992 digamis
2667 923 3074 987 communicare,
3110 932 3161 978 et
3192 925 3275 978 Itis
3306 926 3396 994 qui
3417 927 3475 978 in
3501 942 3607 995 per-

2055 1014 2318 1068 secutione
2345 1012 2480 1082 lapsi
2509 1022 2653 1068 sunt.
2682 1012 2815 1079 Que
2840 1013 2953 1069 sint
2981 1014 3199 1070 decreta
3229 1014 3321 1068 illa
3346 1014 3617 1084 Eeclesie,

2053 1119 2159 1159 vox
2203 1103 2450 1159 τουτέστι
2503 1103 2753 1173 subjecta
2800 1104 3110 1175 signiﬁcat;
3164 1120 3359 1177 nempe
3402 1107 3514 1175 illa,
3552 1124 3622 1164 ex

2055 1195 2254 1266 quibus
2286 1195 2509 1251 tertium
2550 1210 2723 1265 genus
2763 1196 2992 1261 erroris,
3026 1195 3155 1251 novi
3185 1196 3421 1261 scilicet,
3456 1212 3557 1253 nec
3590 1214 3624 1253 a

2057 1286 2218 1343 nobis
2263 1286 2664 1352 animadversi,
2716 1284 2956 1344 conﬂare
2990 1286 3235 1343 voluisti.
3297 1285 3443 1344 Sane
3497 1303 3621 1344 cum

2059 1375 2355 1446 peculiaris
2395 1375 2597 1447 aliquis
2627 1390 2784 1432 error
2833 1374 3122 1432 Novatiani
3158 1387 3516 1448 quereretur,
3563 1391 3626 1435 ut

2061 1485 2171 1525 non
2201 1470 2324 1527 ideo
2354 1470 2778 1527 condemnatum
2830 1486 2929 1541 pro
2978 1472 3238 1528 heretico
3269 1472 3443 1530 fuisse
3471 1489 3629 1529 mon-

2063 1568 2289 1627 strares,
2318 1562 2461 1633 quod
2494 1562 2587 1633 jus
2616 1563 2852 1618 clavium
2887 1563 3224 1634 abjudicaret
3254 1565 3324 1620 ab
3351 1564 3630 1631 Ecclesia,

2064 1668 2174 1707 non
2204 1668 2430 1724 possum
2462 1669 2571 1708 non
2621 1654 2812 1709 mirari
2862 1657 3043 1711 denuo
3088 1655 3357 1726 ejusmodi
3388 1673 3418 1711 a
3463 1665 3519 1712 te
3560 1673 3628 1713 cx

2064 1743 2175 1799 illis
2201 1747 2429 1800 canonis
2475 1745 2660 1800 verbis
2694 1747 3064 1816 exsculptum,
3094 1747 3239 1816 quod
3269 1748 3335 1801 ab
3378 1747 3635 1803 Ecclesite

389 1833 785 1888 commentario
811 1833 1089 1889 Ambrosii
1121 1836 1177 1888 in
1208 1835 1385 1906 Epist.
1418 1835 1449 1891 Ι
1482 1837 1550 1890 ad
1574 1837 1815 1893 Corinth.
1841 1855 1960 1910 cap.
1995 1818 2038 1872 Β
2065 1832 2286 1889 decretis
2316 1834 2578 1905 deﬁceret.
2612 1834 2667 1890 Id
2696 1836 2841 1891 enim
2871 1852 2978 1892 non
3011 1853 3191 1907 unum,
3212 1839 3447 1909 aliquem
3482 1852 3641 1895 erro.

389 1937 462 1987 vr,
515 1922 833 1992 colligitur:
869 1924 975 1990 Qui
1027 1924 1344 1995 fornicatur,
1391 1929 1553 1982 etiam
1603 1929 1655 1983 in
1703 1929 1967 1999 Spiritum

387 2022 631 2067 sanctum
677 2029 913 2083 peccare,
947 2027 1156 2085 propter
1194 2034 1354 2087 quam
1397 2035 1617 2075 causam
1647 2023 1845 2077 scissus
1889 2032 1968 2077 est

388 2102 454 2173 ab
483 2102 749 2170 Ecclesia,
789 2122 898 2161 non
933 2111 1011 2163 sic
1036 2109 1414 2179 accipiendum
1450 2121 1554 2177 est,
1575 2120 1634 2166 ut
1654 2113 1728 2167 ob
1758 2113 1810 2167 id
1833 2129 1971 2184 pre-

387 2196 504 2250 cise
545 2196 825 2265 judicatus
868 2200 941 2255 sit
973 2200 1282 2267 hereticus,
1319 2203 1464 2272 quod
1498 2203 1633 2258 illud
1671 2213 1962 2261 assereret.

391 2284 591 2341 Verum
619 2289 766 2359 quod
790 2299 1015 2360 peccata
1039 2292 1095 2346 in
1121 2291 1388 2363 Spiritum
1419 2302 1668 2349 sanctum
1697 2295 1968 2365 ejusmodi

391 2386 612 2446 putaret
644 2396 788 2447 esse,
842 2389 901 2435 ut
935 2383 1168 2437 relaxari
1206 2384 1355 2438 nullo
1394 2385 1556 2439 modo
1596 2394 1857 2456 possent;
1890 2388 1976 2442 id-

395 2482 504 2537 que
536 2483 602 2522 ex
656 2469 936 2542 Evangelii
982 2475 1313 2529 auctoritate
1365 2477 1972 2545 perperanr~intellecta

394 2553 706 2611 confectum
734 2559 1004 2623 crederet,
1042 2560 1421 2616 fornicationis
1447 2562 1589 2616 inter
1621 2571 1818 2617 cetera
1845 2577 1972 2633 pec-

394 2653 577 2701 catum
605 2662 670 2702 eo
693 2664 858 2704 sensu
888 2665 952 2704 ac
982 2662 1163 2707 mente
1198 2663 1390 2708 contra
1428 2654 1690 2724 Spiritum
1723 2668 1846 2711 esse
1871 2655 1970 2710 do-

395 2738 543 2806 cuit,
583 2747 641 2794 ut
672 2741 1047 2798 ecclesiastico
1077 2745 1200 2814 jure
1238 2760 1303 2800 ac
1343 2753 1609 2815 potestate
1640 2747 1840 2802 remitti
1874 2762 1972 2802 ne-

395 2829 782 2900 quiret.Quam
803 2835 874 2888 ob
901 2849 1119 2889 causam
1145 2835 1436 2891 divortium
1461 2839 1635 2908 primo
1658 2836 1783 2894 fecit
1808 2856 1822 2894 :
1852 2846 1971 2894 tum

394 2937 583 2978 errore
603 2925 816 2993 plenius
838 2928 1078 2997 cognito,
1102 2941 1168 2982 eo
1205 2927 1549 2997 potissimum
1580 2930 1818 2999 nomine,
1860 2947 1961 3002 pro

397 3015 655 3073 heretico
715 3017 1010 3076 damnatus
1059 3027 1163 3075 est.
1223 3019 1424 3076 [lorum
1490 3023 1675 3092 prius,
1736 3022 1790 3077 id
1853 3030 1959 3092 est,

397 3109 658 3178 schisma,
687 3125 798 3165 non
832 3112 1086 3177 heresin,
1134 3114 1319 3169 verbis
1366 3114 1502 3168 iisce
1550 3111 1972 3170 Commentario-
2001 3151 2044 3209 Ο

397 3217 519 3255 rum
563 3213 754 3258 auctor
788 3203 1032 3260 indicat:
1063 3217 1274 3275 propter
1314 3223 1474 3277 quam
1524 3223 1743 3261 causam
1775 3210 1983 3265 scissus

397 3302 477 3347 est
504 3295 571 3348 ab
601 3293 865 3350 Ecclesia.
896 3295 965 3351 At
995 3297 1139 3351 inter
1169 3312 1272 3352 nos
1301 3312 1411 3351 non
1442 3296 1510 3353 de
1538 3297 1853 3364 schismate,
1880 3299 1976 3354 sed

400 3383 657 3454 dogmate
684 3392 739 3438 et
770 3385 964 3440 haeresi
1010 3387 1387 3441 controversia
1441 3393 1546 3444 est.
1589 3387 1707 3453 Qua
1744 3404 1804 3445 re
1841 3390 1978 3445 nihil

401 3487 625 3529 causam
651 3480 800 3528 tuam
830 3475 984 3531 locus
1015 3477 1104 3532 ille
1135 3478 1405 3534 sublevat.

472 3562 544 3617 At
572 3578 701 3618 ecce
727 3579 741 3617 :
772 3563 921 3631 Tres,
956 3565 1158 3635 inquis,
1190 3566 1527 3636 potissimum
1553 3564 1979 3625 Novatianorum

368 3669 611 3735 'errores
655 3670 827 3709 canon
871 3655 905 3710 8
955 3652 1193 3711 Nicena:
1227 3658 1418 3728 synodi
1457 3660 1783 3730 perstringit.
1832 3660 1980 3717 Cedo

404 3744 586 3814 quos?
618 3744 830 3801 Primus
865 3754 971 3812 est,
1017 3746 1159 3818 quod
1200 3764 1254 3802 se
1299 3746 1562 3805 Catharos
1596 3762 1976 3823 nuncuparent.

409 3835 635 3891 lliccine
677 3843 773 3891 tuo
806 3836 1018 3906 judicio
1070 3854 1223 3895 error
1270 3849 1374 3907 est,
1408 3849 1501 3895 aut
1532 3842 1777 3912 heresis,
1822 3845 1980 3914 cujus

408 3927 583 3998 gratia
621 3927 910 3984 hereticus
946 3929 1016 3985 sit
1047 3929 1383 3987 Novatianns
1418 3931 1679 3988 habitus?
1709 3932 1845 3999 Quis
1878 3950 1983 3989 nu-

407 4016 557 4082 dam,
591 4016 890 4087 quamlibet
937 4018 1192 4074 stolidam
1239 4030 1294 4076 et
1340 4022 1604 4078 insulsam
1649 4025 1970 4095 appellatio-

408 4121 553 4173 nem,
586 4108 693 4164 nisi
723 4109 852 4178 quid
895 4110 1072 4166 subsit
1101 4110 1271 4176 aliud,
1303 4127 1403 4183 pro
1437 4113 1697 4169 heretico
1729 4115 1982 4185 dogmate

408 4200 777 4256 condemnet?
816 4200 953 4256 Tum
986 4202 1122 4258 illud
1166 4204 1417 4261 attendas
1449 4208 1647 4275 velim;
1695 4214 1754 4261 ut
1785 4221 1851 4262 eo
1886 4222 1985 4263 no-

411 4288 556 4344 mine
598 4305 698 4361 pro
723 4291 1000 4349 haereticis
1034 4293 1204 4349 habiti
1254 4295 1365 4349 sint
1400 4295 1714 4361 Novatiani,
1745 4299 1892 4368 quod
1925 4313 1984 4354 se

409 4382 679 4441 Catharos
719 4387 1012 4451 vocabant,
1044 4388 1184 4441 nihil
1212 4388 1316 4442 hoc
1345 4389 1414 4443 ad
1457 4388 1725 4444 Novatum
1768 4392 1849 4445 vel
1877 4389 1986 4446 Nec

2066 1939 2203 1990 rem,
2237 1923 2331 1979 sed
2366 1924 2579 1980 inﬁnita
2618 1941 2865 1981 errorum
2895 1927 3072 1997 capita
3104 1942 3207 1985 suo
3240 1930 3446 1985 ambitu
3485 1946 3639 1986 com—

2066 2016 2342 2087 plectitur.
2383 2015 2652 2082 Quocirca
2693 2019 2978 2074 verissima
3013 2027 3101 2074 est
3143 2020 3375 2076 assertio
3401 2021 3491 2075 illa
3535 2036 3637 2075 no-

2068 2115 2203 2173 stra,
2241 2106 2332 2161 cui
2369 2108 2454 2163 vel
2482 2108 2687 2164 invitus
2727 2109 2842 2178 ipse
2869 2108 3187 2180 suifragaris
3222 2130 3236 2167 :
3269 2110 3535 2166 Novatum
3570 2126 3640 2165 ac

2070 2195 2426 2251 Novatianum
2459 2197 2529 2252 ob
2557 2197 2609 2251 id
2642 2199 2915 2268 praecipue
2949 2198 3237 2256 hereticos
3262 2215 3389 2258 esse
3415 2200 3641 2265 iudiea—

2070 2292 2189 2352 tos;
2219 2284 2365 2355 quod
2400 2284 2699 2339 remittendi
2729 2294 3061 2354 potestatem,
3093 2295 3152 2342 ut
3184 2287 3514 2344 Tridentine
3541 2305 3650 2360 sy-

2071 2374 2199 2430 nodi
2228 2375 2407 2431 verbis
2433 2384 2576 2441 utar,
2612 2378 2952 2445 pertinaciter
2984 2392 3255 2449 negarent.
3304 2379 3488 2435 Prima
3517 2381 3650 2451 qui-

2072 2468 2194 2523 dem
2243 2467 2461 2523 illorum
2509 2468 2578 2523 ab
2625 2468 2870 2524 Ecclesia
2917 2470 3216 2541 disjunctio
3259 2486 3288 2525 a
3347 2472 3644 2528 schismate

2073 2565 2252 2615 ortum
2299 2558 2517 2623 habuit,
2566 2562 2810 2614 nondum
2862 2561 3082 2631 vulgata
3135 2565 3352 2631 penitus
3405 2563 3641 2629 heresi,

2072 2649 2218 2719 quod
2248 2648 2506 2721 Cypriani
2538 2650 2736 2705 allatus
2775 2665 2817 2705 at
2846 2661 2895 2706 te
2924 2652 3080 2707 locus
3116 2652 3343 2710 indicat.
3379 2653 3549 2720 Quem
3584 2665 3646 2708 ut

2074 2741 2131 2794 in
2163 2754 2224 2794 re
2256 2737 2537 2808 facillima,
2570 2740 2903 2814 minimeque
2948 2746 3279 2807 necessaria,
3329 2745 3646 2815 compendi.-

2076 2829 2256 2886 facere
2287 2830 2535 2900 potuisti.
2567 2831 2638 2884 At
2665 2831 2906 2888 heretici
2936 2833 3005 2889 ob
3029 2834 3083 2889 id
3116 2835 3390 2906 precipue
3412 2835 3646 2906 iudicati
3686 2890 3689 2893 ,

2074 2929 2225 2987 sunt,
2253 2922 2399 2992 quod
2425 2938 2534 2977 non
2565 2923 2740 2978 solum
2770 2933 3087 2994 peccatores
3114 2926 3181 2981 ad
3206 2929 3643 2984 communionem

2075 3013 2442 3070 admittendos
2489 3028 2596 3069 non
2627 3022 2920 3085 putarent,
2981 3016 3081 3072 sed
3128 3017 3277 3088 quod
3326 3034 3398 3073 ne
3428 3018 3645 3074 admitti

2076 3106 2296 3177 quidem
2326 3106 2645 3178 absolvique
2677 3122 2841 3179 posse
2880 3108 3185 3166 crederent.
3215 3109 3496 3167 Postremo
3517 3126 3646 3166 cum

2077 3198 2587 3268 dispunctiuneulas
2637 3206 2758 3255 tuas
2803 3200 2855 3254 in
2888 3216 3012 3256 eum
3047 3202 3219 3258 linem.
3253 3204 3545 3272 scripsisse
3592 3212 3649 3260 te

2078 3289 2251 3355 dicas,
2280 3296 2340 3344 ut
2369 3288 2436 3344 R.
2465 3288 2528 3344 D.
2554 3290 2906 3360 Albaspinei,
2940 3292 3354 3350 Aurelianensis
3379 3294 3645 3365 episcopi,

2078 3394 2238 3451 quem
2289 3379 2517 3435 honoris
2565 3395 2732 3436 causa
2776 3380 3023 3445 nomino,
3063 3381 3317 3436 eximiam
3352 3382 3419 3437 de
3461 3397 3652 3452 perve-

2080 3471 2243 3527 tustis
2271 3470 2532 3528 Ecclesie
2556 3472 2863 3528 rationibus
2890 3472 3195 3528 doctrinam
3225 3487 3291 3528 ac
3321 3475 3650 3529 sententiam

2080 3578 2114 3618 a
2145 3571 2475 3635 praepostera
2522 3578 2643 3619 mea
2687 3564 2945 3633 Opinione
2995 3563 3342 3632 vindicares;
3388 3564 3513 3619 vide
3552 3579 3653 3618 an-

2081 3668 2189 3710 non
2223 3654 2278 3709 in
2307 3668 2475 3711 causa
2508 3653 2798 3709 manifeste
2830 3654 3218 3724 prevaricatus
3248 3653 3439 3709 fueris.
3467 3653 3654 3723 Neque

2081 3745 2227 3801 enim
2298 3743 2445 3801 aliud
2474 3744 2877 3801 eruditissimus
2904 3745 2995 3799 ille
3026 3745 3223 3814 praesul
3254 3743 3457 3809 docuit,
3487 3759 3663 3815 quam

2083 3836 2228 3908 quod
2276 3846 2602 3910 usurpatum
2651 3851 2681 3890 a
2712 3851 2798 3892 me
2842 3835 3216 3906 reprehendis.
3263 3835 3475 3892 Etenim
3515 3836 3670 3891 libro.

2083 3927 2325 3983 secundo
2371 3925 2802 3982 Observationum
2852 3925 3369 3991 Ecclesiasticarum,
3410 3941 3533 3996 cap.
3560 3926 3653 3989 ει,

2085 4033 2208 4089 pag.
2241 4015 2369 4083 512,
2406 4019 2482 4071 ita
2531 4032 2640 4071 non
2670 4016 2852 4071 minus
2884 4032 3012 4073 vere
3048 4030 3213 4086 quam
3241 4015 3400 4070 docte
3436 4023 3656 4072 senten-

2085 4103 2214 4157 tiam
2261 4116 2415 4156 suam
2456 4102 2744 4172 explicat:
2794 4102 2908 4167 Quo
2967 4111 3139 4158 autem
3195 4104 3395 4158 minore
3450 4105 3662 4174 negotio.

2084 4206 2149 4246 ex
2189 4191 2297 4246 illis
2337 4192 2734 4263 difﬁcultatibus
2788 4210 3049 4265 emergere
3091 4194 3323 4265 possint,
3380 4194 3659 4250 advertant

2086 4295 2305 4355 oportet,
2364 4284 2782 4342 Novatianorum
2833 4303 3066 4342 errorem
3127 4305 3231 4342 mm
3283 4288 3338 4342 in
3398 4304 3459 4343 eo
3509 4291 3654 4357 posi-

2088 4385 2237 4442 tum,
2283 4377 2423 4448 quod
2467 4377 2716 4443 dicerent,
2774 4394 2937 4448 neque
2993 4378 3201 4448 lapsum
3253 4394 3412 4450 neque
3448 4393 3657 4433 excom-

409 4475 691 4531 yauanum
738 4478 1051 4547 pertinere;
1086 4480 1180 4549 qui
1223 4486 1409 4534 υιπιυηι
1454 4494 1514 4535 se
1545 4479 1840 4535 caularum
1888 4496 1984 4550 ap-
2019 4485 2060 4539 ο
2088 4467 2413 4520 ntunicatttm
2454 4469 2511 4521 in
2568 4479 2733 4523 morte
2787 4486 2821 4522 a
2875 4469 3102 4539 peccatis
3162 4467 3511 4541 liberandum,
3566 4467 3661 4522 sed

412 4566 629 4636 pellarit
669 4582 936 4638 unquam,
986 4577 1246 4626 constare
1274 4585 1386 4625 non
1417 4571 1677 4626 arbitror.
1712 4571 1875 4640 Atqui
1915 4572 1983 4627 de

411 4666 637 4713 auctore
688 4658 809 4729 ipso
855 4667 1020 4716 sectae
1054 4659 1266 4718 Novato
1311 4662 1398 4717 vel
1425 4661 1752 4726 Novatiano,
1784 4679 1892 4717 non
1920 4664 1987 4719 de

410 4748 534 4819 ejus
565 4749 874 4821 discipulis,
928 4766 992 4806 ac
1017 4753 1299 4823 partiariis
1346 4755 1589 4825 loqueris
1620 4754 1736 4826 (a);
1770 4763 1825 4809 et
1862 4770 1987 4810 vero

411 4842 563 4911 loqui
585 4840 777 4907 debes,
817 4844 1120 4914 presertim
1152 4858 1278 4899 eum
1313 4846 1388 4899 ita
1420 4853 1697 4916 postremo
1735 4846 1984 4916 colligis:

415 4934 683 4991 Gradibus
733 4936 910 5007 itaque
937 4937 1112 5006 potius
1142 4952 1300 5008 quam
1321 4938 1579 5007 praecipiti
1600 4954 1779 5002 cursu,
1804 4938 1989 4992 cecidit

416 5020 699 5086 Novatus;
731 5024 1006 5080 secundus
1034 5038 1212 5092 error,
1240 5024 1379 5095 quod
1415 5043 1446 5080 a
1475 5025 1749 5082 catholica:
1777 5036 1827 5082 et
1863 5042 1990 5096 apo.

414 5115 619 5172 stoliea:
668 5114 920 5172 Ecclesia:
963 5118 1185 5173 decretis
1233 5117 1549 5188 deﬁcerent;
1596 5123 1819 5185 tertius,
1851 5119 1989 5192 quod

414 5209 749 5278 digamorum
778 5218 829 5264 et
866 5210 1135 5277 lapsorum
1162 5212 1579 5266 communionem
1618 5211 1823 5282 penitus
1859 5210 1987 5279 reji-

416 5310 613 5356 cerent.
654 5300 825 5356 Miror
846 5318 947 5374 pro
988 5301 1205 5360 duobus
1248 5318 1312 5360 ac
1361 5304 1595 5361 diversis
1625 5302 1990 5374 dogmatibus,

416 5402 473 5449 et
503 5393 786 5451 erroribus
829 5394 1073 5462 obtrudi,
1124 5397 1216 5467 qui
1268 5396 1323 5451 in
1369 5410 1581 5452 canone
1630 5393 1723 5448 illo
1771 5390 1994 5447 Niceno

417 5501 520 5558 pro
550 5502 661 5542 uno
688 5494 743 5543 et
788 5487 979 5543 eodem
1024 5488 1315 5544 habentur.
1352 5486 1527 5543 Verba
1561 5484 1779 5541 concilii
1811 5501 1825 5537 :
1880 5482 1995 5556 Πρὸ

422 5574 639 5633 πάντων
687 5575 752 5649 δὴ
787 5576 1009 5632 τούτων
1052 5577 1383 5650 ὁμολογῆσαι
1439 5576 1635 5639 αὐτοὺς
1703 5571 1996 5645 ἐγγράφως

419 5669 708 5740 τροσήκει,
748 5670 831 5724 ὅτι
883 5669 1259 5742 συνθήσονται,
1306 5667 1398 5721 καὶ
1430 5663 1852 5737 ἀκολουθήσουσι
1883 5664 1996 5729 τοῖς

492 5780 572 5851 (a)
608 5783 737 5855 Pag.
767 5785 821 5839 6.

2086 4558 2357 4614 hereticos
2412 4557 2529 4613 ideo
2586 4558 2815 4627 habitos,
2879 4559 3016 4629 quod
3068 4560 3442 4628 opinarentur,
3492 4558 3660 4614 Deum

2086 4652 2256 4717 ipsum
2288 4645 2541 4704 Ecclesiae
2563 4665 2725 4720 neque
2751 4648 3204 4712 remittendorum,
3242 4664 3404 4720 neque
3424 4649 3659 4703 retinen-

2087 4742 2275 4798 darum
2305 4753 2641 4812 peccatorum
2680 4743 2991 4813 capitalium
3013 4751 3325 4813 potestatem
3356 4743 3664 4811 copiamque

2088 4835 2293 4906 fecisse.
2332 4836 2457 4892 ilec
2507 4837 2620 4901 ille,
2666 4843 2722 4891 et
2769 4835 2839 4892 iis
2883 4834 3063 4891 aﬂinia
3093 4834 3397 4903 compluria
3442 4843 3662 4888 antece-

2089 4928 2237 4983 denti
2282 4929 2505 4997 capite:
2540 4942 2662 4996 quae
2709 4934 2766 4982 et
2811 4927 3123 4983 certissima
3168 4934 3321 4992 sunt,
3360 4932 3416 4981 et
3456 4922 3663 4981 nostris

2091 5019 2202 5074 illis
2241 5026 2636 5083 consentanea,
2662 5033 2785 5088 que
2831 5026 2891 5073 tu
2949 5016 3326 5088 reprehendis,
3355 5014 3451 5086 qui
3488 5030 3559 5070 ne
3590 5014 3662 5069 ob

2091 5108 2223 5163 illud
2249 5123 2421 5163 unum
2444 5107 2719 5178 precipue
2739 5105 2938 5177 dogma
2958 5104 3245 5162 Novatiani
3266 5119 3366 5175 pro
3393 5101 3660 5159 haereticis

2091 5197 2261 5253 habiti
2296 5196 2582 5253 videantur
2612 5197 2783 5268 (quod
2823 5212 2946 5268 ego,
2974 5195 3131 5265 juxta
3175 5209 3239 5249 ac
3265 5191 3661 5250 reverendissi-

2093 5305 2217 5346 mus
2259 5289 2349 5345 ille
2396 5290 2618 5361 praesul,
2650 5289 3035 5359 aﬂirmabam),
3065 5287 3395 5357 multiplices
3444 5285 3657 5340 illorum

2093 5395 2309 5436 errores
2342 5378 2534 5449 fuisse,
2571 5380 2733 5436 nobis
2756 5379 2956 5451 objicis
2980 5377 3082 5450 (b).
3114 5375 3220 5433 Sed
3251 5376 3495 5447 ejusdem
3528 5387 3663 5445 pra:-

2094 5471 2229 5528 sulis
2256 5471 2561 5529 doctrinam
2598 5471 2847 5541 sequenti
2876 5469 3054 5540 capite
3101 5468 3259 5542 longe
3302 5465 3567 5539 apertius,
3593 5477 3662 5519 ac

2096 5562 2293 5618 minori
2324 5562 2508 5634 specie
2546 5562 2792 5617 veritatis
2821 5570 3126 5631 oppugnas.

2172 5774 2244 5844 (b)
2275 5773 2404 5842 Pag.
2435 5771 2489 5841 5,
2512 5771 2565 5827 6.
