3978 6220
313 342 406 398 390

937 455 1163 510 CAPUT
1205 458 1267 511 ll.

324 590 598 659 Explicalo
651 591 774 658 quid
835 593 901 644 sit
963 593 1093 645 dare
1150 593 1537 660 penitentiam,
1594 592 1889 647 Innocentii

391 662 536 715 locus
592 660 897 732 illus_tratur
947 677 1219 729 perperam
1279 666 1333 716 in
1396 663 1890 732 Dispunctiunculis

390 737 650 794 acceptus.
704 730 1068 800 Dispnnctoris
1118 749 1315 793 secum,
1369 730 1565 786 etcum
1614 734 1891 788 Catholica

389 800 667 872 sententia,
702 799 1035 872 pug’naaSed
1070 810 1118 855 et
1159 819 1274 854 cum
1308 802 1368 856 R.
1414 802 1477 855 D.
1518 803 1888 872 Albaspincco;

388 869 541 942 cujus
569 869 812 942 doctrina
835 870 1155 938 defenditur.
1204 872 1276 925 Dc
1302 884 1489 939 quarto
1523 869 1692 942 gradu
1723 877 1893 942 pmni-

384 938 587 991 (entire.
623 937 928 1002 Ostensum,
955 951 1229 1012 perpetuos
1271 937 1324 995 in
1356 959 1415 996 eo
1441 937 1745 1012 ptenitentes
1779 945 1890 998 ha:-

387 1012 520 1080 sisse
558 1007 963 1080 nonnunquam.
996 1007 1134 1080 rSub
1188 1021 1408 1065 mortem
1441 1007 1892 1080 'reprcesentatam

385 1076 509 1199 olim
544 1077 710 1144 fuisse
741 1079 1156 1134 communionem
1188 1097 1206 1134 :
1237 1082 1391 1151 idque
1416 1099 1481 1136 ea:
1513 1076 1726 1138 Nica'ni
1754 1101 1891 1140 con»-

385 1160 434 1199 ci
459 1161 497 1198 tt
532 1158 721 1199 meme.

383 1158 497 1200 aut
532 1158 721 1201 mente.

383 1277 611 1334 Lemma
641 1282 837 1352 capitis
876 1283 1141 1342 secundi:
1186 1286 1516 1352 Quibusnam
1553 1298 1889 1356 peccatorum

312 1371 610 1438 generibus,
651 1383 701 1426 et
729 1383 983 1442 quatenus
1030 1385 1216 1446 negata
1245 1380 1542 1433 communio
1584 1382 1652 1435 sit
1691 1384 1746 1434 in
1788 1382 1889 1434 Ec-

313 1462 474 1514 clesia
535 1465 713 1518 veteri.
759 1464 932 1530 Quam
986 1468 1093 1521 vim
1152 1469 1353 1526 habeat
1406 1472 1522 1528 haec
1578 1473 1886 1543 inscriptio,

316 1567 492 1621 quove
528 1556 753 1623 prtefixa
783 1556 877 1620 sit,
914 1557 1162 1614 divinare
1193 1576 1302 1616 non
1339 1577 1587 1632 possum.
1624 1563 1759 1618 Nam
1792 1573 1886 1619 aut

313 1644 566 1722 subjecta
588 1647 955 1716 disputationi
977 1655 1229 1722 sequenti
1263 1656 1490 1710 materia
1524 1665 1628 1721 est,
1657 1667 1711 1712 et
1737 1674 1887 1713 sum-

314 1720 398 1786 ma
437 1750 635 1788 eorum
672 1740 1114 1809 comprehensio,
1149 1759 1272 1813 qua:
1311 1745 1367 1799 in
1410 1745 1516 1801 isto
1557 1749 1735 1816 capite
1769 1756 1884 1801 tra-

312 1835 567 1893 ctantur;
596 1839 688 1884 aut
716 1830 857 1901 ejus,
887 1834 1031 1903 quod
1056 1828 1369 1906 oppugnare
1409 1837 1666 1904 instituit,
1691 1841 1886 1911 capitis

313 1927 724 1987 argumentum,
762 1924 876 1976 sive
913 1926 975 1976 τὸ
1009 1925 1346 1996 κρινόμενον.
1390 1927 1654 1984 Neutrum
1693 1930 1885 1984 horum

314 2010 644 2080 dispunctor
687 2013 760 2068 ibi
800 2017 1070 2084 praestitit.
1117 2016 1338 2086 Legesis
1381 2027 1544 2089 caput
1587 2024 1790 2091 ipsum,
1835 2031 1888 2077 et

315 2104 393 2155 vel
424 2103 736 2167 minimam,
774 2106 821 2160 si
854 2116 1030 2175 potes,
1063 2107 1189 2162 inde
1224 2117 1430 2179 partem
1461 2112 1580 2180 ejus
1608 2115 1885 2183 ex-sculpe,

317 2191 460 2262 quod
492 2194 783 2263 inscriptio
811 2196 928 2266 ipsa
962 2197 1223 2252 minatur.
1255 2199 1400 2253 Nihil
1427 2201 1516 2254 hic
1547 2203 1612 2257 de
1637 2213 1888 2272 peccato-

314 2299 435 2337 rum
479 2288 798 2355 generibus,
848 2289 1050 2359 quibus
1091 2300 1187 2344 aut
1221 2301 1611 2361 repraesentata
1657 2296 1748 2360 sit,
1795 2304 1889 2352 aut

314 2386 516 2447 negata
550 2381 882 2446 communio,
929 2380 1142 2436 οἴκοθεν
1181 2385 1395 2452 attulit;
1443 2387 1579 2441 nihil
1611 2404 1777 2458 super
1823 2406 1886 2446 ea

304 2483 370 2523 re
400 2470 749 2538 propositum
782 2486 811 2524 a
835 2474 994 2529 nobis
1026 2474 1106 2528 vel
1136 2475 1417 2533 levissime
1450 2478 1666 2534 refellit.
1709 2480 1885 2536 Pauca

310 2559 568 2630 quzedam
597 2570 776 2626 vexat,
813 2580 911 2618 nec
946 2565 1035 2619 illa
1075 2583 1207 2622 sane
1247 2569 1454 2636 καίρια.
1507 2568 1647 2636 Pax,
1687 2572 1882 2642 inquit,

311 2650 417 2703 sive
458 2653 826 2706 reconciliatio
857 2671 973 2708 cum
1014 2656 1272 2723 Ecclesia,
1313 2677 1428 2728 qua:
1457 2663 1718 2718 absolutio
1752 2665 1887 2719 dici-

312 2749 420 2803 tur,
448 2741 521 2794 ab
545 2740 885 2799 Eucltaristia
911 2747 1065 2818 longo
1092 2751 1370 2806 intervallo
1393 2765 1692 2822 separatur.
1712 2757 1888 2812 Credo

306 2831 625 2899 periculum
661 2843 800 2899 erat,
831 2853 898 2891 ne
931 2841 1057 2908 quis
1081 2842 1484 2900 absolutionem
1519 2863 1639 2901 cum
1679 2850 1888 2903 Eucha-

311 2922 469 2976 ristia
523 2925 906 2993 confunderet,
955 2930 1034 2983 sic
1072 2935 1233 3001 quasi
1285 2936 1642 3004 pharmaeum
1690 2941 1888 3012 aliquis

312 3013 458 3069 idem
490 3031 614 3072 esse
639 3033 702 3072 ac
723 3020 1009 3076 sanitatem
1038 3025 1336 3090 existimet,
1360 3036 1454 3081 aut
1475 3029 1566 3098 jus
1587 3031 1654 3086 ad
1678 3048 1889 3089 annuos

1436 336 1752 395 ADVERSU
1765 337 1800 390 S
1841 335 2000 389 MAT.
2047 336 2399 399 SIMONIUM.

1914 458 1954 510 Α
1984 461 2133 525 (piat.
2166 463 2219 525 5,
2248 479 2369 534 cap.
2409 463 2478 518 2:
2507 463 2572 517 Et
2603 465 2698 519 Itoc
2741 466 3019 535 qua'situm
3057 476 3158 530 est,
3195 467 3390 538 inquit,
3433 469 3561 540 quid

3454 353 3560 407 610

1991 552 2054 602 de
2088 552 2168 605 his
2215 555 2481 607 observari
2523 555 2726 620 debeat,
2771 559 2861 626 qui
2893 567 3012 626 post
3045 557 3368 625 baptismum
3417 560 3562 614 omni

1994 653 2222 712 tempore
2260 646 2656 702 incontinentiw
2685 659 2734 703 et
2770 650 3125 718 uoluptatibus
3162 651 3348 716 dediti,
3385 654 3438 704 in
3458 667 3562 706 ea:-

1993 743 2156 789 tremo
2192 738 2294 806 ﬁne
2338 739 2456 792 vita:
2494 756 2604 794 sua:
2651 743 3011 808 paenitentiam
3050 741 3209 794 simul
3244 751 3294 796 et
3329 743 3560 797 reconci—

1993 826 2265 878 liationem
2297 830 2677 882 communionis
2705 841 3012 896 exposcunt.
3045 830 3123 884 De
3155 831 3237 884 his
3271 831 3562 886 observatio

1989 915 2136 982 prior
2162 915 2368 981 durior,
2396 917 2660 984 posterior
2683 918 3051 973 interveniente
3083 921 3453 974 misericordia
3478 921 3562 972 in-

1992 1007 2243 1060 clinatior
2270 1017 2368 1062 est.
2409 1007 2551 1060 Nam
2581 1007 2904 1062 consuetudo
2943 1011 3089 1078 prior
3129 1013 3316 1075 tenuit,
3352 1020 3405 1064 ut
3430 1027 3562 1064 cou-

1991 1096 2260 1149 cederetur
2277 1098 2352 1150 eis
2370 1098 2506 1165 ρατιιί
2514 1098 2698 1158 tentia,
2719 1096 2809 1150 sed
2821 1101 3118 1153 communio
3136 1113 3432 1169 negaretur,
3456 1111 3560 1156 etc.

2063 1187 2161 1240 llic
2194 1188 2510 1257 patuitcntia
2548 1189 2696 1242 aliud
2729 1190 2953 1245 omnino
2987 1207 3110 1247 esse
3139 1195 3375 1256 videtur,
3399 1208 3562 1264 quam

1993 1277 2223 1332 interior
2284 1279 2375 1333 ille
2429 1295 2652 1342 sensus,
2702 1281 3024 1361 afﬂatnsqpe
3077 1287 3253 1340 sancti
3306 1287 3559 1357 Spiritus.

1988 1367 2176 1438 Neque
2217 1371 2362 1424 enim
2407 1371 2454 1426 is
2498 1372 2567 1426 ab
2600 1373 2916 1430 hominibus
2952 1375 3222 1447 indulgeri
3254 1379 3335 1432 vel
3377 1381 3562 1448 negari

1992 1468 2188 1532 potest,
2225 1478 2386 1530 quem
2417 1463 2521 1518 nisi
2550 1465 2706 1533 prius
2735 1467 3096 1536 accepissent,
3130 1469 3233 1523 hoc
3271 1471 3564 1539 quodcun-

1991 1568 2096 1621 que
2136 1561 2242 1618 est,
2265 1553 2419 1622 quod
2455 1554 2524 1608 ab
2555 1556 2868 1612 hominibus
2901 1560 3265 1626 praestandum
3290 1569 3383 1616 est
3416 1577 3564 1617 nullo

1991 1660 2156 1714 quam
2193 1652 2461 1714 peterent.
2496 1646 2655 1700 Aliud
2681 1655 2764 1702 est
2789 1649 2968 1718 itaque
2998 1650 3343 1719 pumitentia,
3367 1651 3436 1707 de
3456 1667 3564 1721 qua

1990 1735 2233 1806 pontifex
2267 1735 2546 1803 loquitur:
2587 1753 2782 1806 nempe
2810 1738 2904 1806 jus
2934 1747 2982 1793 ct
3025 1749 3268 1809 potestas
3303 1743 3567 1798 obeunda

1991 1827 2348 1895 paenitentize,
2381 1827 2651 1896 siquidem
2677 1842 2709 1880 a
2743 1829 2833 1882 leti
2874 1829 3125 1886 faucibus
3159 1833 3299 1901 eripi
3334 1842 3388 1888 et
3428 1850 3566 1888 con-

1989 1917 2269 1971 valescere
2315 1918 2593 1986 potuerint
2622 1935 2635 1971 :
2680 1934 2798 1988 qua:
2824 1927 3074 1988 potestas
3100 1921 3220 1976 sine
3253 1923 3420 1978 dubio
3454 1925 3564 1978 ritu

1991 2009 2182 2078 aliquo
2213 2010 2374 2064 nobis
2406 2011 2614 2081 ignoto,
2655 2020 2710 2065 et
2745 2011 3126 2068 benedictione
3157 2013 3560 2074 conferebatur.

1991 2102 2106 2158 IIoc
2146 2104 2366 2173 inquam
2407 2112 2494 2159 est
2528 2106 2887 2173 paenitentiam
2907 2105 3232 2171 concedere;
3266 2110 3408 2164 inter
3446 2125 3563 2180 pte-

1991 2198 2229 2252 nitentes
2263 2197 2497 2266 aliquem
2537 2199 2835 2260 ascribere,
2877 2200 2983 2252 ritu
3017 2201 3110 2253 illo
3149 2216 3214 2254 ac
3249 2203 3562 2257 caerimonia

1991 2285 2294 2339 formulave
2323 2301 2429 2354 qua
2477 2287 2530 2339 in
2585 2288 2969 2355 pmnitentium
3006 2304 3222 2359 gregem
3273 2291 3442 2362 recipi
3479 2291 3562 2348 fas

1989 2384 2158 2432 esset.
2193 2377 2270 2430 Tu
2299 2377 2468 2431 aliter
2491 2379 2684 2433 sentis.
2735 2378 2998 2449 Equidem
3040 2397 3146 2436 non
3189 2382 3426 2446 invideo,
3463 2399 3564 2439 nec

1991 2467 2250 2522 insector.
2280 2468 2386 2521 Sed
2412 2478 2592 2523 tamen
2617 2470 2684 2523 de
2711 2469 3011 2524 Innocentii
3047 2472 3166 2525 loco
3191 2488 3353 2542 porro
3376 2475 3565 2544 dispu-

1991 2564 2192 2611 temus.
2225 2557 2526 2622 Quaasitum
2569 2568 2651 2614 est
2682 2559 2750 2613 ab
2781 2560 3068 2629 Exuperio,
3103 2563 3232 2631 quid
3260 2562 3328 2618 de
3363 2565 3430 2619 iis
3459 2576 3566 2618 sta-

1997 2648 2257 2702 tuendum
2286 2657 2452 2713 esset,
2488 2652 2580 2718 qui
2617 2659 2738 2720 post
2780 2653 3107 2720 baptismum
3139 2655 3285 2708 omni
3319 2663 3565 2726 tempore

1991 2740 2396 2796 incontinentiae
2421 2741 2608 2805 dediti,
2646 2745 2700 2797 in
2733 2751 2977 2798 extremo
3000 2745 3125 2798 vita
3157 2761 3268 2799 suae
3297 2751 3563 2815 pmnltcn-

1993 2831 2122 2884 tiam
2137 2839 2189 2885 ct
2204 2834 2642 2888 communionem
2658 2836 2952 2903 postulant.
2970 2835 3283 2905 Respondet
3299 2836 3565 2892 Innocen-

1992 2924 2121 2989 tius,
2160 2924 2498 2991 superiorum
2538 2933 2840 2994 temporum
2878 2927 3326 2981 consuetudinem
3380 2937 3563 2982 auste-

1963 3034 1965 3036 ·
1991 3015 2190 3068 riorem
2206 3015 2394 3078 fuisse,
2410 3023 2467 3068 ut
2480 3017 2560 3070 eis
2577 3017 2962 3071 concederetur
2975 3018 3407 3085 pcnnitentia,scd
3422 3034 3564 3073 com-

313 3103 571 3160 beneficii
615 3105 830 3165 fructus
875 3113 1194 3181 capiendos,
1245 3131 1371 3169 cum
1425 3118 1696 3177 fructibus
1733 3125 1887 3193 ipsis,

1996 3107 2183 3160 munio
2225 3116 2536 3177 negaretur.
2577 3110 2692 3162 Hoc
2745 3109 2817 3161 ita
2869 3109 3192 3178 dispunctor
3241 3111 3564 3180 interpreta-

311 3209 649 3266 annonaque
678 3200 997 3276 confundat.
1025 3203 1196 3259 Nemo
1227 3207 1307 3260 sic
1329 3207 1503 3264 hebes
1531 3210 1654 3276 fuit,
1698 3225 1758 3269 ut
1791 3219 1887 3273 ab-

314 3285 653 3340 solutionem
692 3268 1093 3346 Eucharistiam
1126 3309 1248 3350 esse
1277 3297 1542 3356 crederet.
1579 3301 1764 3374 Itaque
1798 3323 1892 3363 ne-

315 3391 428 3444 que
459 3386 518 3429 ut
549 3377 759 3445 facilius
795 3381 1228 3452 intelligeremus,
1255 3404 1432 3459 neque
1463 3399 1519 3444 ut
1553 3397 1780 3449 omnino
1805 3399 1890 3451 in-

316 3469 712 3537 telligcremus,
740 3472 1094 3529 laborandum
1122 3477 1246 3532 fuit.
1268 3479 1558 3551 Sequitur:
1587 3485 1887 3554 Sciendum,

318 3559 469 3624 apud
500 3558 868 3616 Innocentium
901 3567 954 3619 in
985 3566 1226 3637 Epistula
1255 3573 1323 3625 ad
1351 3573 1697 3646 Exuperium,
1727 3584 1892 3649 paeni—

316 3649 562 3715 tentiam,
604 3651 1007 3721 absolutionem,
1047 3662 1524 3720 reconciliationem
1564 3674 1890 3726 communio-

313 3740 425 3802 nis,
462 3739 851 3799 Eucltaristiam
879 3765 980 3802 non
1003 3751 1322 3822 signiﬁcare.
1358 3757 1492 3822 Quis
1517 3760 1620 3814 hoc
1647 3762 1893 3830 ignorat?

315 3825 432 3883 Sed
468 3837 649 3886 tamen
680 3837 808 3903 quid
849 3841 1165 3906 pmnitcntia
1193 3845 1284 3911 sit,
1313 3847 1470 3914 juvat
1501 3825 1734 3907 discere.
1774 3855 1893 3909 Ρω-

316 3917 574 3983 nitentia,
620 3921 818 3990 inquit,
866 3927 917 3977 id
958 3940 1058 3996 est,
1103 3936 1386 3999 paenitendi
1431 3943 1638 4009 cupido,
1684 3947 1894 4012 quando

317 4022 509 4061 recens
553 4010 722 4064 adhuc
771 4015 1066 4074 Saluatoris
1105 4024 1311 4080 calebat
1346 4046 1526 4095 cruor,
1564 4010 1761 4088 donum
1805 4037 1894 4090 Dei

313 4105 463 4161 erat,
511 4102 651 4169 quod
684 4106 876 4160 animis
908 4109 1148 4177 ﬁdelium
1197 4117 1538 4178 illabebatur.
1580 4124 1721 4189 Quid
1752 4144 1896 4182 nunc

307 4197 616 4259 postquam
655 4208 821 4249 cruor
843 4197 932 4253 ille
963 4201 1213 4257 refrixit?
1240 4205 1378 4260 Num
1408 4208 1504 4264 Dei
1533 4212 1734 4267 donum
1768 4232 1891 4273 esse

315 4280 529 4335 desiit?
570 4283 651 4338 An
697 4284 976 4359 Pelagiani
1011 4293 1216 4349 erimus
1262 4297 1443 4362 hodie,
1491 4311 1550 4356 ut
1594 4307 1893 4372 paenitendi

311 4373 640 4442 cupidinem
685 4379 905 4436 aliunde
931 4399 1093 4454 quam
1120 4401 1186 4442 ex
1223 4388 1314 4445 Dei
1346 4392 1490 4448 dono
1522 4406 1776 4454 constare
1806 4416 1897 4456 ve-

323 4464 537 4518 limus?
591 4467 741 4535 Erat,
791 4472 988 4542 inquit,
1037 4476 1232 4532 donum
1282 4481 1403 4546 Dei,
1457 4488 1666 4554 quando
1721 4507 1894 4546 recens
1928 4468 1971 4521 Β

319 4558 502 4612 adhuc
520 4561 816 4618 Saluatoris
836 4567 1042 4621 calebat
1068 4586 1244 4626 cruor.
1270 4573 1410 4646 Ergo
1430 4577 1631 4633 donum
1669 4581 1761 4637 Dei
1791 4600 1895 4638 non

321 4657 416 4705 est
448 4649 551 4704 hoc
579 4657 857 4722 tempore?
889 4657 1150 4726 Sequitur
1179 4663 1453 4730 ἀπόδειξις
1473 4683 1538 4723 ex
1571 4669 1768 4735 Leone,
1795 4675 1898 4726 Au-

320 4741 578 4810 gustino,
609 4741 1006 4801 Eucharistiam
1046 4763 1076 4802 a
1103 4753 1418 4820 paenitentia
1445 4757 1684 4814 differre.
1713 4761 1898 4819 Tantm

319 4829 491 4886 molis
528 4840 666 4896 erat,
705 4833 758 4887 id
801 4845 1062 4905 astruere,
1096 4849 1190 4895 aut
1237 4849 1587 4913 persuadere,
1624 4854 1898 4920 paeniten-

321 4923 463 4976 tiam
496 4922 697 4978 donum
731 4941 852 4981 esse
893 4929 1008 4993 Dei,
1053 4945 1118 4982 ac.
1160 4933 1294 4988 citra
1333 4937 1728 4996 absolutionem
1765 4945 1899 4998 obti-

322 5014 484 5068 neri!
521 5012 734 5070 Norunt
766 5015 870 5070 hoc
905 5019 958 5071 in
983 5019 1188 5077 scholis
1223 5025 1508 5097 theologia:
1544 5031 1776 5096 tirones,
1806 5034 1899 5102 qui

323 5107 711 5178 paenitentiam
745 5110 884 5166 alias
917 5127 1141 5168 sensum
1185 5119 1374 5185 animi,
1399 5135 1462 5174 ac
1486 5133 1648 5176 certae
1681 5125 1897 5180 virtutis

322 5197 566 5252 ollicium
597 5214 718 5254 esse
747 5199 1092 5268 didicerunt;
1128 5219 1249 5274 qua:
1281 5207 1590 5276 cujnsmodi
1630 5212 1724 5276 sit,
1760 5215 1902 5268 inter

325 5305 393 5344 se
428 5289 698 5360 hodieque
735 5298 967 5347 certant.
1005 5294 1161 5362 Apud
1200 5299 1578 5355 Innocentium
1620 5319 1748 5358 vero
1789 5321 1902 5374 pue-

327 5381 620 5437 nitentiam
645 5382 777 5435 nihil
809 5398 950 5447 esse,
989 5392 1188 5452 praeter
1217 5385 1369 5438 illum
1409 5389 1576 5442 animi
1609 5405 1897 5448 mmrorem

327 5488 401 5529 ac
423 5471 622 5527 donum
648 5473 761 5539 Dei,
799 5493 916 5530 cras
947 5475 1176 5546 fortasse
1208 5477 1441 5543 credam,
1481 5497 1584 5534 non
1622 5481 1773 5536 ltodie
1793 5483 1900 5553 (a);

328 5577 494 5620 tuum
532 5575 590 5620 ut
618 5568 712 5622 tibi
735 5568 1071 5626 redhibeam.
1099 5569 1452 5629 Innocentius
1481 5573 1549 5626 ad
1577 5573 1901 5645 Exuperium

411 5724 483 5796 (τι)
513 5723 635 5798 Pas.
669 5726 756 5780 to.

1996 3205 2082 3251 tur
2101 3196 2174 3269 (b)
2194 3216 2206 3251 :
2235 3196 2376 3251 Nam
2389 3198 2630 3252 steviente
2645 3200 3060 3266 persecutionum
3077 3201 3328 3266 procella,
3345 3201 3435 3269 qui
3447 3216 3561 3264 pce-

1993 3290 2235 3351 nitentia,
2251 3295 2406 3358 prout
2423 3297 2534 3341 erat
2552 3289 2746 3342 donum
2765 3288 2879 3351 Dei,
2899 3289 3231 3358 amabantur,
3254 3291 3565 3344 concedeba-

1995 3379 2168 3431 tureis
2193 3379 2530 3447 poenitentia;
2556 3378 2724 3441 idest,
2747 3380 3104 3446 paenitentiam
3123 3378 3269 3431 illaut
3304 3378 3563 3446 approba—

1993 3470 2083 3524 bat
2116 3470 2390 3524 Ecclesia:
2425 3471 2514 3524 sed
2547 3471 2658 3524 sine
2688 3481 3022 3539 peccatorum
3053 3470 3401 3527 absolutione.
3432 3471 3564 3526 Red-

1997 3563 2112 3615 dita
2153 3579 2269 3616 vero
2311 3561 2559 3616 Ecclesia:
2590 3577 2737 3628 pace,
2771 3563 3210 3626 communionem,
3260 3564 3314 3615 id
3349 3573 3448 3626 est,
3481 3580 3564 3618 ve-

1995 3657 2136 3710 niam
2161 3673 2253 3710 seu
2295 3666 2629 3724 peccatorum
2662 3654 3046 3708 absolutionem
3074 3656 3415 3709 morientibus
3444 3655 3564 3709 dari

1995 3747 2228 3815 placuit;
2260 3759 2304 3798 et
2338 3749 2390 3799 in
2413 3763 2472 3799 eo
2503 3747 2760 3799 damnata
2795 3755 2893 3807 est,
2933 3745 3022 3799 sed
3057 3746 3206 3815 longo
3239 3745 3445 3800 demum
3477 3748 3564 3800 in-

1997 3836 2241 3900 tervat'lo,
2292 3836 2716 3891 Novatianorum
2760 3837 2996 3900 Itccresis,
3037 3837 3174 3906 quod
3225 3838 3563 3892 morientibus

1997 3931 2201 3985 veniam
2228 3945 2329 3982 non
2349 3931 2671 3980 relaxarent.
2696 3927 2937 3981 Primum
2963 3928 3095 3980 illud
3119 3928 3426 3995 cujusmodi
3457 3937 3561 3990 est,

1998 4020 2300 4073 concedere
2346 4019 2744 4085 pamilcntiam,
2793 4031 2916 4070 esse
2955 4016 3157 4069 donum
3201 4016 3336 4070 illud
3376 4031 3567 4085 appro-

1996 4108 2128 4162 bare
2156 4107 2269 4169 Dei,
2304 4123 2412 4178 quo
2445 4114 2762 4175 peccatores
2806 4105 2970 4159 afﬂati
3011 4106 3176 4159 sunt?
3207 4106 3340 4171 Quis
3374 4108 3453 4162 sic
3487 4109 3568 4162 lo-

1999 4201 2223 4270 quitur?
2256 4199 2546 4255 Concedere
2575 4199 2722 4253 enim
2755 4206 2840 4254 est
2876 4197 3082 4267 aliquid
3126 4199 3384 4261 tribuam,
3421 4201 3563 4269 quod

2000 4293 2056 4347 in
2096 4292 2236 4363 ejus,
2278 4291 2370 4361 qui
2404 4292 2668 4361 indulget,
2711 4297 2980 4360 potestate
3012 4297 3282 4346 versatur.
3338 4290 3435 4347 llic
3470 4293 3564 4362 qui

2000 4387 2067 4441 ad
2123 4385 2494 4454 paenitentiam
2545 4383 2944 4453 impetrandam
2997 4383 3063 4437 ad
3117 4382 3438 4447 Ecclesiam,
3481 4385 3564 4441 vel

2002 4479 2310 4535 sacerdotes
2338 4479 2568 4539 accedit,
2592 4479 2718 4546 quid
2747 4493 2970 4533 necesse
2992 4478 3174 4543 habet,
3212 4478 3265 4532 id
3295 4480 3399 4534 sibi
3434 4494 3568 4533 con.

2001 4573 2118 4628 cedi
2154 4579 2354 4641 petere,
2398 4570 2541 4640 quod
2560 4571 2671 4640 jam
2712 4571 2778 4625 ab
2812 4571 2921 4635 illo,
2954 4571 3044 4641 qui
3082 4573 3212 4625 dare
3241 4579 3436 4640 potest,
3472 4585 3567 4625 ac-

2001 4664 2245 4734 ceperit?
2301 4661 2501 4718 Deinde
2545 4677 2645 4716 cur
2694 4662 2974 4717 admittere
3020 4662 3422 4733 ptenitentiam,
3474 4669 3568 4715 aut

2003 4754 2292 4824 approbare
2323 4771 2430 4808 non
2455 4755 2615 4816 dixit,
2639 4753 2732 4808 sed
2764 4754 3063 4808 concedere
3081 4754 3104 4806 ἲ
3121 4751 3323 4807 Verum
3353 4753 3567 4806 omitta~

2002 4855 2112 4913 tur,
2140 4845 2186 4901 si
2228 4847 2396 4910 lubet,
2434 4833 2584 4900 verbi
2630 4845 2735 4899 ista
2769 4845 3064 4899 conflictio.
3112 4843 3342 4914 Reliqua
3392 4846 3568 4901 omnis

2003 4940 2376 5010 interpretatio
2403 4937 2566 4992 nimis
2591 4938 2839 5008 ambigua
2873 4945 2974 4992 est.
3000 4936 3144 4990 Volo
3175 4937 3304 4989 mihi
3339 4952 3567 5006 respon-

2001 5035 2152 5094 deas,
2181 5030 2308 5100 quid
2349 5030 2451 5084 ista
2489 5030 2688 5094 velint;
2727 5029 2968 5082 smviente
3000 5029 3414 5098 persecutionum
3445 5043 3566 5096 pro~

2003 5124 2184 5178 cella?
2231 5122 2423 5178 Uti-unt
2468 5129 2644 5174 ιοιυῐῐι
2695 5120 2824 5174 illud
2864 5131 3076 5189 tempus
3117 5121 3408 5188 intelligas,
3461 5135 3568 5188 quo

2003 5217 2250 5270 Ecclesia
2287 5231 2354 5268 ex
2387 5216 2675 5270 intervallo
2709 5214 2935 5282 iactata,
2981 5221 3035 5266 et
3080 5210 3567 5266 intermittenubus

2004 5307 2444 5378 persecutionum
2505 5307 2760 5375 procellis
2811 5303 3105 5360 identidem
3161 5313 3423 5373 quassata
3475 5301 3566 5363 sit,

2002 5400 2146 5470 quod
2189 5399 2256 5453 ad
2292 5415 2490 5453 annum
2529 5398 2639 5452 fere
2675 5398 2798 5461 510,
2852 5407 2905 5451 et
2949 5411 3015 5451 eo
3061 5395 3315 5463 amplius,
3373 5389 3565 5444 tenuit.

2005 5490 2130 5545 Haec
2167 5490 2311 5544 enim
2351 5487 2792 5558 persecutionum
2823 5493 3070 5553 tempora
3093 5487 3253 5542 sunt;
3279 5491 3388 5530 non
3419 5474 3564 5537 quod

2010 5583 2287 5654 perpetuis
2337 5590 2391 5636 et
2433 5579 2710 5636 continuis
2758 5579 2892 5635 iisce
2945 5571 3197 5646 procellis
3257 5561 3566 5621 conﬂictata

2083 5733 2152 5789 ιω
2179 5731 2307 5791 Paa.
2334 5731 2419 5786 il.
