  <div class='ocr_page' id='page_1' title='image "/cluster/home/n/w/nwhite01/storage/ocr_20150623/43/mdp.39015013284818/345.png"; bbox 0 0 3978 6220; ppageno 0'>
   <div class='ocr_carea' id='block_1_1' title="bbox 436 421 535 477">
    <p class='ocr_par' dir='ltr' id='par_1_1' title="bbox 436 421 535 477">
     <span class='ocr_line' id='line_1_1' title="bbox 436 421 535 477; baseline 0 0"><span class='ocrx_word' id='word_1_1' title='bbox 436 421 535 477; x_wconf 77' lang='lat' dir='ltr'><strong>till</strong></span> 
     </span>
    </p>
   </div>
   <div class='ocr_carea' id='block_1_2' title="bbox 1740 397 2334 462">
    <p class='ocr_par' dir='ltr' id='par_1_2' title="bbox 1740 397 2334 462">
     <span class='ocr_line' id='line_1_2' title="bbox 1740 397 2334 462; baseline -0.005 -1"><span class='ocrx_word' id='word_1_2' title='bbox 1740 405 1927 462; x_wconf 80' lang='lat' dir='ltr'><strong>DlON.</strong></span> <span class='ocrx_word' id='word_1_3' title='bbox 1989 397 2166 457; x_wconf 65' lang='grc' dir='ltr'><strong>ΡΕΤᾹ</strong></span> <span class='ocrx_word' id='word_1_4' title='bbox 2178 400 2334 458; x_wconf 72' lang='lat' dir='ltr'><strong>VIUS</strong></span> 
     </span>
    </p>
   </div>
   <div class='ocr_carea' id='block_1_3' title="bbox 3584 401 3692 457">
    <p class='ocr_par' dir='ltr' id='par_1_3' title="bbox 3584 401 3692 457">
     <span class='ocr_line' id='line_1_3' title="bbox 3584 401 3692 457; baseline -0.009 -1"><span class='ocrx_word' id='word_1_5' title='bbox 3584 401 3692 457; x_wconf 72' lang='grc' dir='ltr'><strong>6ίὲ</strong></span> 
     </span>
    </p>
   </div>
   <div class='ocr_carea' id='block_1_4' title="bbox 432 510 3694 596">
    <p class='ocr_par' dir='ltr' id='par_1_4' title="bbox 432 510 3694 596">
     <span class='ocr_line' id='line_1_4' title="bbox 432 510 3694 596; baseline -0.005 -13"><span class='ocrx_word' id='word_1_6' title='bbox 432 527 621 594; x_wconf 77' lang='lat' dir='ltr'><strong>fuerit,</strong></span> <span class='ocrx_word' id='word_1_7' title='bbox 660 526 755 583; x_wconf 91' lang='lat' dir='ltr'><strong>sed</strong></span> <span class='ocrx_word' id='word_1_8' title='bbox 786 526 929 596; x_wconf 83' lang='lat' dir='ltr'><strong>quod</strong></span> <span class='ocrx_word' id='word_1_9' title='bbox 958 525 1016 578; x_wconf 85' lang='lat' dir='ltr'><strong>in</strong></span> <span class='ocrx_word' id='word_1_10' title='bbox 1053 536 1242 579; x_wconf 86' lang='lat' dir='ltr'><strong>eorum</strong></span> <span class='ocrx_word' id='word_1_11' title='bbox 1291 532 1601 592; x_wconf 89' lang='lat' dir='ltr'><strong>temporum</strong></span> <span class='ocrx_word' id='word_1_12' title='bbox 1646 527 1829 589; x_wconf 88' lang='lat' dir='ltr'><strong>partes</strong></span> <span class='ocrx_word' id='word_1_13' title='bbox 1859 531 2011 587; x_wconf 85' lang='lat' dir='ltr'><strong>gras-</strong></span> <span class='ocrx_word' id='word_1_14' title='bbox 2042 520 2088 576; x_wconf 77' lang='grc' dir='ltr'><strong>Α</strong></span> <span class='ocrx_word' id='word_1_15' title='bbox 2118 515 2476 569; x_wconf 86' lang='lat' dir='ltr'><strong>morientibus</strong></span> <span class='ocrx_word' id='word_1_16' title='bbox 2500 513 2878 571; x_wconf 75' lang='lat' dir='ltr'><strong>tantummodo</strong></span> <span class='ocrx_word' id='word_1_17' title='bbox 2908 514 3197 581; x_wconf 82' lang='lat' dir='ltr'><strong>relaxavit,</strong></span> <span class='ocrx_word' id='word_1_18' title='bbox 3232 515 3285 570; x_wconf 93' lang='lat' dir='ltr'><strong>in</strong></span> <span class='ocrx_word' id='word_1_19' title='bbox 3311 528 3485 584; x_wconf 88' lang='lat' dir='ltr'><strong>eoque</strong></span> <span class='ocrx_word' id='word_1_20' title='bbox 3513 510 3694 568; x_wconf 83' lang='lat' dir='ltr'><strong>Nova-</strong></span> 
     </span>
    </p>
   </div>
   <div class='ocr_carea' id='block_1_5' title="bbox 435 608 2006 680">
    <p class='ocr_par' dir='ltr' id='par_1_5' title="bbox 435 608 2006 680">
     <span class='ocr_line' id='line_1_5' title="bbox 435 608 2006 680; baseline -0.009 -8"><span class='ocrx_word' id='word_1_21' title='bbox 435 616 580 672; x_wconf 87' lang='lat' dir='ltr'><strong>satio</strong></span> <span class='ocrx_word' id='word_1_22' title='bbox 612 617 725 669; x_wconf 62' lang='lat' dir='ltr'><strong>haec</strong></span> <span class='ocrx_word' id='word_1_23' title='bbox 760 615 977 670; x_wconf 74' lang='lat' dir='ltr'><strong>hostilis</strong></span> <span class='ocrx_word' id='word_1_24' title='bbox 1010 610 1280 666; x_wconf 75' lang='lat' dir='ltr'><strong>incubuit.</strong></span> <span class='ocrx_word' id='word_1_25' title='bbox 1318 609 1531 665; x_wconf 86' lang='lat' dir='ltr'><strong>Totone</strong></span> <span class='ocrx_word' id='word_1_26' title='bbox 1554 609 1721 680; x_wconf 80' lang='lat' dir='ltr'><strong>igitur</strong></span> <span class='ocrx_word' id='word_1_27' title='bbox 1743 608 1836 662; x_wconf 93' lang='lat' dir='ltr'><strong>illo</strong></span> <span class='ocrx_word' id='word_1_28' title='bbox 1866 614 2006 661; x_wconf 63' lang='lat' dir='ltr'><strong>tem.</strong></span> 
     </span>
    </p>
   </div>
   <div class='ocr_carea' id='block_1_6' title="bbox 434 697 2006 781">
    <p class='ocr_par' dir='ltr' id='par_1_6' title="bbox 434 697 2006 781">
     <span class='ocr_line' id='line_1_6' title="bbox 434 697 2006 781; baseline -0.008 -18"><span class='ocrx_word' id='word_1_29' title='bbox 434 725 585 781; x_wconf 83' lang='lat' dir='ltr'><strong>pore,</strong></span> <span class='ocrx_word' id='word_1_30' title='bbox 626 724 816 777; x_wconf 85' lang='lat' dir='ltr'><strong>nempe</strong></span> <span class='ocrx_word' id='word_1_31' title='bbox 842 707 1058 762; x_wconf 88' lang='lat' dir='ltr'><strong>duobus</strong></span> <span class='ocrx_word' id='word_1_32' title='bbox 1090 704 1198 760; x_wconf 87' lang='lat' dir='ltr'><strong>illis</strong></span> <span class='ocrx_word' id='word_1_33' title='bbox 1218 704 1459 759; x_wconf 83' lang='lat' dir='ltr'><strong>tribusve</strong></span> <span class='ocrx_word' id='word_1_34' title='bbox 1479 702 1717 766; x_wconf 64' lang='lat' dir='ltr'><strong>saeculis,</strong></span> <span class='ocrx_word' id='word_1_35' title='bbox 1737 697 2006 769; x_wconf 75' lang='lat' dir='ltr'><strong>ejusmodi</strong></span> 
     </span>
    </p>
   </div>
   <div class='ocr_carea' id='block_1_7' title="bbox 445 790 2007 869">
    <p class='ocr_par' dir='ltr' id='par_1_7' title="bbox 445 790 2007 869">
     <span class='ocr_line' id='line_1_7' title="bbox 445 790 2007 869; baseline -0.006 -13"><span class='ocrx_word' id='word_1_36' title='bbox 445 801 612 856; x_wconf 85' lang='lat' dir='ltr'><strong>fuisse</strong></span> <span class='ocrx_word' id='word_1_37' title='bbox 640 800 982 869; x_wconf 79' lang='lat' dir='ltr'><strong>disciplinam</strong></span> <span class='ocrx_word' id='word_1_38' title='bbox 1008 796 1261 852; x_wconf 68' lang='lat' dir='ltr'><strong>Ecclesiae</strong></span> <span class='ocrx_word' id='word_1_39' title='bbox 1289 809 1500 859; x_wconf 83' lang='lat' dir='ltr'><strong>censes,</strong></span> <span class='ocrx_word' id='word_1_40' title='bbox 1538 802 1597 848; x_wconf 86' lang='lat' dir='ltr'><strong>ut</strong></span> <span class='ocrx_word' id='word_1_41' title='bbox 1619 790 2007 864; x_wconf 79' lang='lat' dir='ltr'><strong>pmnitentibus</strong></span> 
     </span>
    </p>
   </div>
   <div class='ocr_carea' id='block_1_8' title="bbox 432 883 2008 962">
    <p class='ocr_par' dir='ltr' id='par_1_8' title="bbox 432 883 2008 962">
     <span class='ocr_line' id='line_1_8' title="bbox 432 883 2008 962; baseline -0.007 -18"><span class='ocrx_word' id='word_1_42' title='bbox 432 889 766 962; x_wconf 83' lang='lat' dir='ltr'><strong>quibuslibet</strong></span> <span class='ocrx_word' id='word_1_43' title='bbox 812 887 1124 941; x_wconf 86' lang='lat' dir='ltr'><strong>communio</strong></span> <span class='ocrx_word' id='word_1_44' title='bbox 1173 892 1492 956; x_wconf 79' lang='lat' dir='ltr'><strong>negaretur;</strong></span> <span class='ocrx_word' id='word_1_45' title='bbox 1542 891 1600 938; x_wconf 93' lang='lat' dir='ltr'><strong>ut</strong></span> <span class='ocrx_word' id='word_1_46' title='bbox 1634 883 1779 937; x_wconf 90' lang='lat' dir='ltr'><strong>nulla</strong></span> <span class='ocrx_word' id='word_1_47' title='bbox 1816 896 2008 952; x_wconf 83' lang='lat' dir='ltr'><strong>pecca-</strong></span> 
     </span>
    </p>
   </div>
   <div class='ocr_carea' id='block_1_9' title="bbox 435 974 2008 1046">
    <p class='ocr_par' dir='ltr' id='par_1_9' title="bbox 435 974 2008 1046">
     <span class='ocr_line' id='line_1_9' title="bbox 435 974 2008 1046; baseline -0.004 -12"><span class='ocrx_word' id='word_1_48' title='bbox 435 990 613 1036; x_wconf 91' lang='lat' dir='ltr'><strong>torum</strong></span> <span class='ocrx_word' id='word_1_49' title='bbox 651 979 999 1033; x_wconf 86' lang='lat' dir='ltr'><strong>absolutione</strong></span> <span class='ocrx_word' id='word_1_50' title='bbox 1038 976 1264 1041; x_wconf 76' lang='lat' dir='ltr'><strong>tributa,</strong></span> <span class='ocrx_word' id='word_1_51' title='bbox 1301 977 1415 1032; x_wconf 90' lang='lat' dir='ltr'><strong>sola</strong></span> <span class='ocrx_word' id='word_1_52' title='bbox 1451 974 1766 1046; x_wconf 65' lang='lat' dir='ltr'><strong>paenitentia</strong></span> <span class='ocrx_word' id='word_1_53' title='bbox 1810 986 2008 1027; x_wconf 80' lang='lat' dir='ltr'><strong>conce-</strong></span> 
     </span>
    </p>
   </div>
   <div class='ocr_carea' id='block_1_10' title="bbox 432 1064 2007 1138">
    <p class='ocr_par' dir='ltr' id='par_1_10' title="bbox 432 1064 2007 1138">
     <span class='ocr_line' id='line_1_10' title="bbox 432 1064 2007 1138; baseline -0.006 -12"><span class='ocrx_word' id='word_1_54' title='bbox 432 1070 695 1127; x_wconf 81' lang='lat' dir='ltr'><strong>deretur?</strong></span> <span class='ocrx_word' id='word_1_55' title='bbox 720 1074 823 1124; x_wconf 90' lang='lat' dir='ltr'><strong>hoc</strong></span> <span class='ocrx_word' id='word_1_56' title='bbox 852 1078 957 1132; x_wconf 92' lang='lat' dir='ltr'><strong>est,</strong></span> <span class='ocrx_word' id='word_1_57' title='bbox 984 1078 1041 1122; x_wconf 93' lang='lat' dir='ltr'><strong>ut</strong></span> <span class='ocrx_word' id='word_1_58' title='bbox 1078 1069 1325 1138; x_wconf 86' lang='lat' dir='ltr'><strong>exponis,</strong></span> <span class='ocrx_word' id='word_1_59' title='bbox 1354 1068 1747 1137; x_wconf 89' lang='lat' dir='ltr'><strong>approbaretur</strong></span> <span class='ocrx_word' id='word_1_60' title='bbox 1780 1064 2007 1119; x_wconf 89' lang='lat' dir='ltr'><strong>interior</strong></span> 
     </span>
    </p>
   </div>
   <div class='ocr_carea' id='block_1_11' title="bbox 434 1154 2004 1226">
    <p class='ocr_par' dir='ltr' id='par_1_11' title="bbox 434 1154 2004 1226">
     <span class='ocr_line' id='line_1_11' title="bbox 434 1154 2004 1226; baseline -0.002 -16"><span class='ocrx_word' id='word_1_61' title='bbox 434 1162 526 1216; x_wconf 85' lang='lat' dir='ltr'><strong>ille</strong></span> <span class='ocrx_word' id='word_1_62' title='bbox 577 1175 793 1226; x_wconf 85' lang='lat' dir='ltr'><strong>sensus,</strong></span> <span class='ocrx_word' id='word_1_63' title='bbox 846 1159 1112 1213; x_wconf 86' lang='lat' dir='ltr'><strong>divinitus</strong></span> <span class='ocrx_word' id='word_1_64' title='bbox 1165 1158 1444 1211; x_wconf 82' lang='lat' dir='ltr'><strong>hominum</strong></span> <span class='ocrx_word' id='word_1_65' title='bbox 1503 1155 1702 1209; x_wconf 91' lang='lat' dir='ltr'><strong>animis</strong></span> <span class='ocrx_word' id='word_1_66' title='bbox 1749 1154 2004 1222; x_wconf 82' lang='lat' dir='ltr'><strong>injectus.</strong></span> 
     </span>
    </p>
   </div>
   <div class='ocr_carea' id='block_1_12' title="bbox 435 1246 2003 1320">
    <p class='ocr_par' dir='ltr' id='par_1_12' title="bbox 435 1246 2003 1320">
     <span class='ocr_line' id='line_1_12' title="bbox 435 1246 2003 1320; baseline -0.006 -13"><span class='ocrx_word' id='word_1_67' title='bbox 435 1252 557 1307; x_wconf 85' lang='lat' dir='ltr'><strong>Non</strong></span> <span class='ocrx_word' id='word_1_68' title='bbox 584 1253 731 1306; x_wconf 83' lang='lat' dir='ltr'><strong>aliud</strong></span> <span class='ocrx_word' id='word_1_69' title='bbox 764 1250 1227 1320; x_wconf 82' lang='lat' dir='ltr'><strong>interpretationis</strong></span> <span class='ocrx_word' id='word_1_70' title='bbox 1259 1257 1361 1302; x_wconf 63' lang='lat' dir='ltr'><strong>tuae</strong></span> <span class='ocrx_word' id='word_1_71' title='bbox 1389 1249 1549 1303; x_wconf 83' lang='lat' dir='ltr'><strong>verba</strong></span> <span class='ocrx_word' id='word_1_72' title='bbox 1578 1262 1688 1317; x_wconf 75' lang='lat' dir='ltr'><strong>pra:</strong></span> <span class='ocrx_word' id='word_1_73' title='bbox 1716 1261 1775 1301; x_wconf 90' lang='lat' dir='ltr'><strong>se</strong></span> <span class='ocrx_word' id='word_1_74' title='bbox 1804 1246 2003 1309; x_wconf 85' lang='lat' dir='ltr'><strong>lerunt,</strong></span> 
     </span>
    </p>
   </div>
   <div class='ocr_carea' id='block_1_13' title="bbox 434 1338 2007 1415">
    <p class='ocr_par' dir='ltr' id='par_1_13' title="bbox 434 1338 2007 1415">
     <span class='ocr_line' id='line_1_13' title="bbox 434 1338 2007 1415; baseline -0.003 -21"><span class='ocrx_word' id='word_1_75' title='bbox 434 1362 555 1413; x_wconf 78' lang='lat' dir='ltr'><strong>qua:</strong></span> <span class='ocrx_word' id='word_1_76' title='bbox 583 1344 883 1415; x_wconf 73' lang='lat' dir='ltr'><strong>generatim</strong></span> <span class='ocrx_word' id='word_1_77' title='bbox 932 1340 1149 1404; x_wconf 91' lang='lat' dir='ltr'><strong>docent,</strong></span> <span class='ocrx_word' id='word_1_78' title='bbox 1198 1340 1392 1393; x_wconf 87' lang='lat' dir='ltr'><strong>alllatis</strong></span> <span class='ocrx_word' id='word_1_79' title='bbox 1424 1340 1529 1393; x_wconf 89' lang='lat' dir='ltr'><strong>illis</strong></span> <span class='ocrx_word' id='word_1_80' title='bbox 1563 1339 1705 1393; x_wconf 89' lang='lat' dir='ltr'><strong>dono</strong></span> <span class='ocrx_word' id='word_1_81' title='bbox 1744 1338 1833 1391; x_wconf 86' lang='lat' dir='ltr'><strong>Dei</strong></span> <span class='ocrx_word' id='word_1_82' title='bbox 1880 1352 2007 1406; x_wconf 87' lang='lat' dir='ltr'><strong>pec-</strong></span> 
     </span>
    </p>
   </div>
   <div class='ocr_carea' id='block_1_14' title="bbox 432 1426 2005 1489">
    <p class='ocr_par' dir='ltr' id='par_1_14' title="bbox 432 1426 2005 1489">
     <span class='ocr_line' id='line_1_14' title="bbox 432 1426 2005 1489; baseline -0.005 0"><span class='ocrx_word' id='word_1_83' title='bbox 432 1447 682 1489; x_wconf 88' lang='lat' dir='ltr'><strong>catorum</strong></span> <span class='ocrx_word' id='word_1_84' title='bbox 711 1433 1111 1488; x_wconf 81' lang='lat' dir='ltr'><strong>absolutionem</strong></span> <span class='ocrx_word' id='word_1_85' title='bbox 1143 1432 1365 1485; x_wconf 89' lang='lat' dir='ltr'><strong>minime</strong></span> <span class='ocrx_word' id='word_1_86' title='bbox 1390 1445 1513 1485; x_wconf 89' lang='lat' dir='ltr'><strong>esse</strong></span> <span class='ocrx_word' id='word_1_87' title='bbox 1536 1442 1876 1489; x_wconf 82' lang='lat' dir='ltr'><strong>concessam,</strong></span> <span class='ocrx_word' id='word_1_88' title='bbox 1908 1426 2005 1482; x_wconf 88' lang='lat' dir='ltr'><strong>sed</strong></span> 
     </span>
    </p>
   </div>
   <div class='ocr_carea' id='block_1_15' title="bbox 438 1522 1441 1597">
    <p class='ocr_par' dir='ltr' id='par_1_15' title="bbox 438 1522 1441 1597">
     <span class='ocr_line' id='line_1_15' title="bbox 438 1522 1441 1597; baseline -0.005 -18"><span class='ocrx_word' id='word_1_89' title='bbox 438 1527 722 1597; x_wconf 87' lang='lat' dir='ltr'><strong>probatam</strong></span> <span class='ocrx_word' id='word_1_90' title='bbox 747 1524 1014 1578; x_wconf 79' lang='lat' dir='ltr'><strong>duntaxat</strong></span> <span class='ocrx_word' id='word_1_91' title='bbox 1045 1522 1441 1594; x_wconf 72' lang='lat' dir='ltr'><strong>pmnitentiam.</strong></span> 
     </span>
    </p>
   </div>
   <div class='ocr_carea' id='block_1_16' title="bbox 507 1609 2001 1687">
    <p class='ocr_par' dir='ltr' id='par_1_16' title="bbox 507 1609 2001 1687">
     <span class='ocr_line' id='line_1_16' title="bbox 507 1609 2001 1687; baseline -0.007 -16"><span class='ocrx_word' id='word_1_92' title='bbox 507 1617 585 1671; x_wconf 85' lang='lat' dir='ltr'><strong>Ex</strong></span> <span class='ocrx_word' id='word_1_93' title='bbox 617 1632 726 1687; x_wconf 89' lang='lat' dir='ltr'><strong>quo</strong></span> <span class='ocrx_word' id='word_1_94' title='bbox 753 1632 1096 1685; x_wconf 85' lang='lat' dir='ltr'><strong>consequens</strong></span> <span class='ocrx_word' id='word_1_95' title='bbox 1129 1624 1232 1678; x_wconf 89' lang='lat' dir='ltr'><strong>est,</strong></span> <span class='ocrx_word' id='word_1_96' title='bbox 1264 1612 1394 1667; x_wconf 90' lang='lat' dir='ltr'><strong>nulli</strong></span> <span class='ocrx_word' id='word_1_97' title='bbox 1431 1616 1552 1681; x_wconf 90' lang='lat' dir='ltr'><strong>post</strong></span> <span class='ocrx_word' id='word_1_98' title='bbox 1594 1609 1806 1680; x_wconf 75' lang='lat' dir='ltr'><strong>lapsura</strong></span> <span class='ocrx_word' id='word_1_99' title='bbox 1847 1623 2001 1663; x_wconf 75' lang='lat' dir='ltr'><strong>cont-</strong></span> 
     </span>
    </p>
   </div>
   <div class='ocr_carea' id='block_1_17' title="bbox 382 1702 2003 1774">
    <p class='ocr_par' dir='ltr' id='par_1_17' title="bbox 382 1702 2003 1774">
     <span class='ocr_line' id='line_1_17' title="bbox 382 1702 2003 1774; baseline -0.006 -9"><span class='ocrx_word' id='word_1_100' title='bbox 382 1740 383 1743; x_wconf 57' lang='grc' dir='ltr'><strong>η</strong></span> <span class='ocrx_word' id='word_1_101' title='bbox 438 1710 782 1770; x_wconf 86' lang='lat' dir='ltr'><strong>munionem,</strong></span> <span class='ocrx_word' id='word_1_102' title='bbox 820 1707 871 1762; x_wconf 88' lang='lat' dir='ltr'><strong>id</strong></span> <span class='ocrx_word' id='word_1_103' title='bbox 908 1715 1012 1774; x_wconf 91' lang='lat' dir='ltr'><strong>est,</strong></span> <span class='ocrx_word' id='word_1_104' title='bbox 1058 1706 1457 1761; x_wconf 89' lang='lat' dir='ltr'><strong>absolutionem</strong></span> <span class='ocrx_word' id='word_1_105' title='bbox 1504 1702 1673 1757; x_wconf 84' lang='lat' dir='ltr'><strong>fuisse</strong></span> <span class='ocrx_word' id='word_1_106' title='bbox 1714 1702 2003 1757; x_wconf 83' lang='lat' dir='ltr'><strong>redditam.</strong></span> 
     </span>
    </p>
   </div>
   <div class='ocr_carea' id='block_1_18' title="bbox 439 1790 2006 1867">
    <p class='ocr_par' dir='ltr' id='par_1_18' title="bbox 439 1790 2006 1867">
     <span class='ocr_line' id='line_1_18' title="bbox 439 1790 2006 1867; baseline -0.007 -13"><span class='ocrx_word' id='word_1_107' title='bbox 439 1801 591 1855; x_wconf 78' lang='lat' dir='ltr'><strong>Itane</strong></span> <span class='ocrx_word' id='word_1_108' title='bbox 627 1807 741 1854; x_wconf 89' lang='lat' dir='ltr'><strong>toto</strong></span> <span class='ocrx_word' id='word_1_109' title='bbox 768 1800 861 1853; x_wconf 88' lang='lat' dir='ltr'><strong>illo</strong></span> <span class='ocrx_word' id='word_1_110' title='bbox 894 1808 1137 1867; x_wconf 89' lang='lat' dir='ltr'><strong>tempore</strong></span> <span class='ocrx_word' id='word_1_111' title='bbox 1169 1796 1440 1866; x_wconf 60' lang='lat' dir='ltr'><strong>paenitens</strong></span> <span class='ocrx_word' id='word_1_112' title='bbox 1475 1807 1634 1847; x_wconf 91' lang='lat' dir='ltr'><strong>nemo</strong></span> <span class='ocrx_word' id='word_1_113' title='bbox 1660 1807 1783 1845; x_wconf 89' lang='lat' dir='ltr'><strong>eum</strong></span> <span class='ocrx_word' id='word_1_114' title='bbox 1819 1790 2006 1845; x_wconf 80' lang='lat' dir='ltr'><strong>Eccle-</strong></span> 
     </span>
    </p>
   </div>
   <div class='ocr_carea' id='block_1_19' title="bbox 2116 606 3689 676">
    <p class='ocr_par' dir='ltr' id='par_1_19' title="bbox 2116 606 3689 676">
     <span class='ocr_line' id='line_1_19' title="bbox 2116 606 3689 676; baseline -0.001 -15"><span class='ocrx_word' id='word_1_115' title='bbox 2116 610 2391 661; x_wconf 90' lang='lat' dir='ltr'><strong>tianorum</strong></span> <span class='ocrx_word' id='word_1_116' title='bbox 2429 606 2999 661; x_wconf 69' lang='lat' dir='ltr'><strong>damnavitbmresim.</strong></span> <span class='ocrx_word' id='word_1_117' title='bbox 3031 606 3148 661; x_wconf 81' lang='lat' dir='ltr'><strong>Non</strong></span> <span class='ocrx_word' id='word_1_118' title='bbox 3181 606 3348 676; x_wconf 77' lang='lat' dir='ltr'><strong>igitur</strong></span> <span class='ocrx_word' id='word_1_119' title='bbox 3372 606 3487 659; x_wconf 67' lang='lat' dir='ltr'><strong>haec</strong></span> <span class='ocrx_word' id='word_1_120' title='bbox 3513 609 3689 661; x_wconf 86' lang='lat' dir='ltr'><strong>solum</strong></span> 
     </span>
    </p>
   </div>
   <div class='ocr_carea' id='block_1_20' title="bbox 2112 698 3689 770">
    <p class='ocr_par' dir='ltr' id='par_1_20' title="bbox 2112 698 3689 770">
     <span class='ocr_line' id='line_1_20' title="bbox 2112 698 3689 770; baseline -0.001 -18"><span class='ocrx_word' id='word_1_121' title='bbox 2112 707 2367 770; x_wconf 87' lang='lat' dir='ltr'><strong>arguunt,</strong></span> <span class='ocrx_word' id='word_1_122' title='bbox 2389 699 2586 768; x_wconf 87' lang='lat' dir='ltr'><strong>priscis</strong></span> <span class='ocrx_word' id='word_1_123' title='bbox 2614 698 2721 753; x_wconf 90' lang='lat' dir='ltr'><strong>illis</strong></span> <span class='ocrx_word' id='word_1_124' title='bbox 2752 699 3092 768; x_wconf 88' lang='lat' dir='ltr'><strong>temporibus</strong></span> <span class='ocrx_word' id='word_1_125' title='bbox 3134 699 3300 752; x_wconf 87' lang='lat' dir='ltr'><strong>nullis</strong></span> <span class='ocrx_word' id='word_1_126' title='bbox 3320 698 3544 751; x_wconf 90' lang='lat' dir='ltr'><strong>omnino</strong></span> <span class='ocrx_word' id='word_1_127' title='bbox 3574 711 3689 767; x_wconf 76' lang='lat' dir='ltr'><strong>pa:-</strong></span> 
     </span>
    </p>
   </div>
   <div class='ocr_carea' id='block_1_21' title="bbox 2116 784 3690 856">
    <p class='ocr_par' dir='ltr' id='par_1_21' title="bbox 2116 784 3690 856">
     <span class='ocr_line' id='line_1_21' title="bbox 2116 784 3690 856; baseline 0 -17"><span class='ocrx_word' id='word_1_128' title='bbox 2116 788 2437 849; x_wconf 88' lang='lat' dir='ltr'><strong>nitentibus,</strong></span> <span class='ocrx_word' id='word_1_129' title='bbox 2478 797 2666 856; x_wconf 89' lang='lat' dir='ltr'><strong>postea</strong></span> <span class='ocrx_word' id='word_1_130' title='bbox 2704 801 2835 839; x_wconf 83' lang='lat' dir='ltr'><strong>vero</strong></span> <span class='ocrx_word' id='word_1_131' title='bbox 2875 785 3218 839; x_wconf 87' lang='lat' dir='ltr'><strong>moribundis</strong></span> <span class='ocrx_word' id='word_1_132' title='bbox 3265 785 3552 851; x_wconf 79' lang='lat' dir='ltr'><strong>duntaxat,</strong></span> <span class='ocrx_word' id='word_1_133' title='bbox 3588 784 3690 839; x_wconf 88' lang='lat' dir='ltr'><strong>ab-</strong></span> 
     </span>
    </p>
   </div>
   <div class='ocr_carea' id='block_1_22' title="bbox 2113 874 3689 947">
    <p class='ocr_par' dir='ltr' id='par_1_22' title="bbox 2113 874 3689 947">
     <span class='ocr_line' id='line_1_22' title="bbox 2113 874 3689 947; baseline -0.001 -15"><span class='ocrx_word' id='word_1_134' title='bbox 2113 878 2436 947; x_wconf 74' lang='lat' dir='ltr'><strong>solutionem</strong></span> <span class='ocrx_word' id='word_1_135' title='bbox 2486 892 2609 933; x_wconf 89' lang='lat' dir='ltr'><strong>esse</strong></span> <span class='ocrx_word' id='word_1_136' title='bbox 2649 877 2994 947; x_wconf 88' lang='lat' dir='ltr'><strong>permissam,</strong></span> <span class='ocrx_word' id='word_1_137' title='bbox 3041 874 3137 931; x_wconf 91' lang='lat' dir='ltr'><strong>sed</strong></span> <span class='ocrx_word' id='word_1_138' title='bbox 3176 890 3241 929; x_wconf 91' lang='lat' dir='ltr'><strong>ea</strong></span> <span class='ocrx_word' id='word_1_139' title='bbox 3288 890 3525 946; x_wconf 89' lang='lat' dir='ltr'><strong>quoque,</strong></span> <span class='ocrx_word' id='word_1_140' title='bbox 3567 891 3689 945; x_wconf 73' lang='lat' dir='ltr'><strong>qua:</strong></span> 
     </span>
    </p>
   </div>
   <div class='ocr_carea' id='block_1_23' title="bbox 2115 966 3688 1039">
    <p class='ocr_par' dir='ltr' id='par_1_23' title="bbox 2115 966 3688 1039">
     <span class='ocr_line' id='line_1_23' title="bbox 2115 966 3688 1039; baseline 0.001 -20"><span class='ocrx_word' id='word_1_141' title='bbox 2115 985 2238 1039; x_wconf 89' lang='lat' dir='ltr'><strong>pag.</strong></span> <span class='ocrx_word' id='word_1_142' title='bbox 2268 970 2335 1024; x_wconf 78' lang='lat' dir='ltr'><strong>l5</strong></span> <span class='ocrx_word' id='word_1_143' title='bbox 2364 968 2615 1031; x_wconf 87' lang='lat' dir='ltr'><strong>disserls,</strong></span> <span class='ocrx_word' id='word_1_144' title='bbox 2650 967 2776 1021; x_wconf 91' lang='lat' dir='ltr'><strong>dum</strong></span> <span class='ocrx_word' id='word_1_145' title='bbox 2802 967 2917 1022; x_wconf 70' lang='lat' dir='ltr'><strong>haec</strong></span> <span class='ocrx_word' id='word_1_146' title='bbox 2943 966 3245 1022; x_wconf 87' lang='lat' dir='ltr'><strong>Innocentii</strong></span> <span class='ocrx_word' id='word_1_147' title='bbox 3270 967 3434 1020; x_wconf 84' lang='lat' dir='ltr'><strong>verba</strong></span> <span class='ocrx_word' id='word_1_148' title='bbox 3462 985 3475 1019; x_wconf 90' lang='lat'><strong>:</strong></span> <span class='ocrx_word' id='word_1_149' title='bbox 3500 980 3688 1037; x_wconf 78' lang='lat' dir='ltr'><strong>negata</strong></span> 
     </span>
    </p>
   </div>
   <div class='ocr_carea' id='block_1_24' title="bbox 2116 1048 3689 1128">
    <p class='ocr_par' dir='ltr' id='par_1_24' title="bbox 2116 1048 3689 1128">
     <span class='ocr_line' id='line_1_24' title="bbox 2116 1048 3689 1128; baseline 0.001 -17"><span class='ocrx_word' id='word_1_150' title='bbox 2116 1061 2302 1112; x_wconf 86' lang='lat' dir='ltr'><strong>merito</strong></span> <span class='ocrx_word' id='word_1_151' title='bbox 2332 1048 2639 1112; x_wconf 84' lang='lat' dir='ltr'><strong>communio</strong></span> <span class='ocrx_word' id='word_1_152' title='bbox 2658 1070 2764 1123; x_wconf 79' lang='lat' dir='ltr'><strong>est,</strong></span> <span class='ocrx_word' id='word_1_153' title='bbox 2797 1074 3045 1113; x_wconf 79' lang='lat' dir='ltr'><strong>concessa</strong></span> <span class='ocrx_word' id='word_1_154' title='bbox 3075 1060 3402 1128; x_wconf 72' lang='lat' dir='ltr'><strong>pmnitentia,</strong></span> <span class='ocrx_word' id='word_1_155' title='bbox 3439 1076 3499 1113; x_wconf 89' lang='lat' dir='ltr'><strong>ne</strong></span> <span class='ocrx_word' id='word_1_156' title='bbox 3523 1070 3689 1114; x_wconf 73' lang='lat' dir='ltr'><strong>totum</strong></span> 
     </span>
    </p>
   </div>
   <div class='ocr_carea' id='block_1_25' title="bbox 2113 1150 3685 1221">
    <p class='ocr_par' dir='ltr' id='par_1_25' title="bbox 2113 1150 3685 1221">
     <span class='ocr_line' id='line_1_25' title="bbox 2113 1150 3685 1221; baseline 0.001 -18"><span class='ocrx_word' id='word_1_157' title='bbox 2113 1152 2320 1219; x_wconf 64' lang='lat' dir='ltr'><strong>punitus</strong></span> <span class='ocrx_word' id='word_1_158' title='bbox 2365 1161 2669 1221; x_wconf 81' lang='lat' dir='ltr'><strong>negaretur,</strong></span> <span class='ocrx_word' id='word_1_159' title='bbox 2726 1151 2778 1204; x_wconf 93' lang='lat' dir='ltr'><strong>in</strong></span> <span class='ocrx_word' id='word_1_160' title='bbox 2831 1150 2973 1204; x_wconf 83' lang='lat' dir='ltr'><strong>hanc</strong></span> <span class='ocrx_word' id='word_1_161' title='bbox 3021 1151 3352 1205; x_wconf 87' lang='lat' dir='ltr'><strong>sententiam</strong></span> <span class='ocrx_word' id='word_1_162' title='bbox 3403 1151 3685 1220; x_wconf 84' lang='lat' dir='ltr'><strong>explicas:</strong></span> 
     </span>
    </p>
   </div>
   <div class='ocr_carea' id='block_1_26' title="bbox 2115 1240 3692 1310">
    <p class='ocr_par' dir='ltr' id='par_1_26' title="bbox 2115 1240 3692 1310">
     <span class='ocr_line' id='line_1_26' title="bbox 2115 1240 3692 1310; baseline 0.001 -15"><span class='ocrx_word' id='word_1_163' title='bbox 2115 1240 2453 1295; x_wconf 73' lang='lat' dir='ltr'><strong>Paenitcntia:</strong></span> <span class='ocrx_word' id='word_1_164' title='bbox 2505 1241 2882 1310; x_wconf 76' lang='lat' dir='ltr'><strong>approbatione</strong></span> <span class='ocrx_word' id='word_1_165' title='bbox 2940 1257 3031 1309; x_wconf 84' lang='lat' dir='ltr'><strong>per</strong></span> <span class='ocrx_word' id='word_1_166' title='bbox 3080 1242 3375 1296; x_wconf 80' lang='lat' dir='ltr'><strong>Ecclesium</strong></span> <span class='ocrx_word' id='word_1_167' title='bbox 3428 1245 3692 1297; x_wconf 80' lang='lat' dir='ltr'><strong>vinculum</strong></span> 
     </span>
    </p>
   </div>
   <div class='ocr_carea' id='block_1_27' title="bbox 2110 1333 3692 1401">
    <p class='ocr_par' dir='ltr' id='par_1_27' title="bbox 2110 1333 3692 1401">
     <span class='ocr_line' id='line_1_27' title="bbox 2110 1333 3692 1401; baseline 0.001 -14"><span class='ocrx_word' id='word_1_168' title='bbox 2110 1334 2668 1387; x_wconf 77' lang='lat' dir='ltr'><strong>excommunicationis</strong></span> <span class='ocrx_word' id='word_1_169' title='bbox 2713 1333 3034 1401; x_wconf 73' lang='lat' dir='ltr'><strong>solvebatur,</strong></span> <span class='ocrx_word' id='word_1_170' title='bbox 3081 1350 3200 1387; x_wconf 89' lang='lat' dir='ltr'><strong>cum</strong></span> <span class='ocrx_word' id='word_1_171' title='bbox 3248 1345 3424 1388; x_wconf 87' lang='lat' dir='ltr'><strong>tamen</strong></span> <span class='ocrx_word' id='word_1_172' title='bbox 3473 1336 3692 1390; x_wconf 79' lang='lat' dir='ltr'><strong>absolu-</strong></span> 
     </span>
    </p>
   </div>
   <div class='ocr_carea' id='block_1_28' title="bbox 2114 1420 3685 1492">
    <p class='ocr_par' dir='ltr' id='par_1_28' title="bbox 2114 1420 3685 1492">
     <span class='ocr_line' id='line_1_28' title="bbox 2114 1420 3685 1492; baseline 0.003 -19"><span class='ocrx_word' id='word_1_173' title='bbox 2114 1421 2188 1474; x_wconf 84' lang='lat' dir='ltr'><strong>tio</strong></span> <span class='ocrx_word' id='word_1_174' title='bbox 2224 1438 2326 1475; x_wconf 89' lang='lat' dir='ltr'><strong>non</strong></span> <span class='ocrx_word' id='word_1_175' title='bbox 2360 1421 2741 1476; x_wconf 82' lang='lat' dir='ltr'><strong>concederetur.</strong></span> <span class='ocrx_word' id='word_1_176' title='bbox 2774 1420 2929 1487; x_wconf 94' lang='lat' dir='ltr'><strong>Quod</strong></span> <span class='ocrx_word' id='word_1_177' title='bbox 2974 1421 3226 1477; x_wconf 86' lang='lat' dir='ltr'><strong>universe</strong></span> <span class='ocrx_word' id='word_1_178' title='bbox 3272 1421 3447 1491; x_wconf 86' lang='lat' dir='ltr'><strong>deque</strong></span> <span class='ocrx_word' id='word_1_179' title='bbox 3485 1438 3685 1492; x_wconf 82' lang='lat' dir='ltr'><strong>genere</strong></span> 
     </span>
    </p>
   </div>
   <div class='ocr_carea' id='block_1_29' title="bbox 2110 1513 3688 1584">
    <p class='ocr_par' dir='ltr' id='par_1_29' title="bbox 2110 1513 3688 1584">
     <span class='ocr_line' id='line_1_29' title="bbox 2110 1513 3688 1584; baseline 0.001 -16"><span class='ocrx_word' id='word_1_180' title='bbox 2110 1513 2493 1582; x_wconf 64' lang='lat' dir='ltr'><strong>paenitentiam</strong></span> <span class='ocrx_word' id='word_1_181' title='bbox 2532 1514 2681 1567; x_wconf 83' lang='lat' dir='ltr'><strong>omni</strong></span> <span class='ocrx_word' id='word_1_182' title='bbox 2730 1522 2890 1582; x_wconf 88' lang='lat' dir='ltr'><strong>putas</strong></span> <span class='ocrx_word' id='word_1_183' title='bbox 2936 1513 3367 1584; x_wconf 82' lang='lat' dir='ltr'><strong>intelligendam.</strong></span> <span class='ocrx_word' id='word_1_184' title='bbox 3417 1513 3688 1569; x_wconf 63' lang='lat' dir='ltr'><strong>lnnoccno</strong></span> 
     </span>
    </p>
   </div>
   <div class='ocr_carea' id='block_1_30' title="bbox 2115 1605 3691 1676">
    <p class='ocr_par' dir='ltr' id='par_1_30' title="bbox 2115 1605 3691 1676">
     <span class='ocr_line' id='line_1_30' title="bbox 2115 1605 3691 1676; baseline 0.003 -17"><span class='ocrx_word' id='word_1_185' title='bbox 2115 1606 2224 1659; x_wconf 91' lang='lat' dir='ltr'><strong>tius</strong></span> <span class='ocrx_word' id='word_1_186' title='bbox 2256 1606 2402 1659; x_wconf 90' lang='lat' dir='ltr'><strong>enim</strong></span> <span class='ocrx_word' id='word_1_187' title='bbox 2436 1605 2504 1659; x_wconf 89' lang='lat' dir='ltr'><strong>de</strong></span> <span class='ocrx_word' id='word_1_188' title='bbox 2533 1605 2873 1673; x_wconf 88' lang='lat' dir='ltr'><strong>temporibus</strong></span> <span class='ocrx_word' id='word_1_189' title='bbox 2921 1605 3029 1661; x_wconf 88' lang='lat' dir='ltr'><strong>illis</strong></span> <span class='ocrx_word' id='word_1_190' title='bbox 3058 1606 3320 1676; x_wconf 84' lang='lat' dir='ltr'><strong>loquitur,</strong></span> <span class='ocrx_word' id='word_1_191' title='bbox 3355 1606 3557 1676; x_wconf 88' lang='lat' dir='ltr'><strong>quibus</strong></span> <span class='ocrx_word' id='word_1_192' title='bbox 3586 1624 3691 1663; x_wconf 75' lang='lat' dir='ltr'><strong>sce-</strong></span> 
     </span>
    </p>
   </div>
   <div class='ocr_carea' id='block_1_31' title="bbox 2114 1696 3694 1764">
    <p class='ocr_par' dir='ltr' id='par_1_31' title="bbox 2114 1696 3694 1764">
     <span class='ocr_line' id='line_1_31' title="bbox 2114 1696 3694 1764; baseline 0.003 -15"><span class='ocrx_word' id='word_1_193' title='bbox 2114 1696 2279 1750; x_wconf 80' lang='lat' dir='ltr'><strong>viente</strong></span> <span class='ocrx_word' id='word_1_194' title='bbox 2319 1698 2739 1763; x_wconf 72' lang='lat' dir='ltr'><strong>persecutionum</strong></span> <span class='ocrx_word' id='word_1_195' title='bbox 2784 1697 3037 1764; x_wconf 78' lang='lat' dir='ltr'><strong>procella,</strong></span> <span class='ocrx_word' id='word_1_196' title='bbox 3085 1698 3251 1754; x_wconf 86' lang='lat' dir='ltr'><strong>nullis</strong></span> <span class='ocrx_word' id='word_1_197' title='bbox 3292 1698 3516 1753; x_wconf 91' lang='lat' dir='ltr'><strong>omnino</strong></span> <span class='ocrx_word' id='word_1_198' title='bbox 3557 1713 3694 1753; x_wconf 81' lang='lat' dir='ltr'><strong>con-</strong></span> 
     </span>
    </p>
   </div>
   <div class='ocr_carea' id='block_1_32' title="bbox 2115 1788 3149 1870">
    <p class='ocr_par' dir='ltr' id='par_1_32' title="bbox 2115 1788 3149 1870">
     <span class='ocr_line' id='line_1_32' title="bbox 2115 1788 3149 1870; baseline 0.001 -28"><span class='ocrx_word' id='word_1_199' title='bbox 2115 1802 2327 1843; x_wconf 90' lang='lat' dir='ltr'><strong>cessam</strong></span> <span class='ocrx_word' id='word_1_200' title='bbox 2359 1788 2917 1870; x_wconf 80' lang='lat' dir='ltr'><strong>absolutionemesse</strong></span> <span class='ocrx_word' id='word_1_201' title='bbox 2944 1788 3149 1844; x_wconf 81' lang='lat' dir='ltr'><strong>dixisti.</strong></span> 
     </span>
    </p>
   </div>
   <div class='ocr_carea' id='block_1_33' title="bbox 435 1872 3690 1952">
    <p class='ocr_par' dir='ltr' id='par_1_33' title="bbox 435 1872 3690 1952">
     <span class='ocr_line' id='line_1_33' title="bbox 435 1872 3690 1952; baseline -0.003 -6"><span class='ocrx_word' id='word_1_202' title='bbox 435 1892 519 1947; x_wconf 85' lang='lat' dir='ltr'><strong>sia</strong></span> <span class='ocrx_word' id='word_1_203' title='bbox 560 1890 943 1945; x_wconf 90' lang='lat' dir='ltr'><strong>reconciliatus</strong></span> <span class='ocrx_word' id='word_1_204' title='bbox 977 1894 1082 1951; x_wconf 91' lang='lat' dir='ltr'><strong>est,</strong></span> <span class='ocrx_word' id='word_1_205' title='bbox 1114 1885 1348 1941; x_wconf 90' lang='lat' dir='ltr'><strong>nemoin</strong></span> <span class='ocrx_word' id='word_1_206' title='bbox 1382 1884 1651 1952; x_wconf 86' lang='lat' dir='ltr'><strong>integrum</strong></span> <span class='ocrx_word' id='word_1_207' title='bbox 1684 1879 2009 1934; x_wconf 81' lang='lat' dir='ltr'><strong>restitutus?</strong></span> <span class='ocrx_word' id='word_1_208' title='bbox 2040 1872 2083 1928; x_wconf 83' lang='grc' dir='ltr'><strong>Β</strong></span> <span class='ocrx_word' id='word_1_209' title='bbox 2183 1879 2319 1934; x_wconf 86' lang='lat' dir='ltr'><strong>Cum</strong></span> <span class='ocrx_word' id='word_1_210' title='bbox 2368 1880 2534 1951; x_wconf 78' lang='lat' dir='ltr'><strong>igitur</strong></span> <span class='ocrx_word' id='word_1_211' title='bbox 2561 1880 2630 1936; x_wconf 91' lang='lat' dir='ltr'><strong>de</strong></span> <span class='ocrx_word' id='word_1_212' title='bbox 2668 1887 2765 1935; x_wconf 90' lang='lat' dir='ltr'><strong>tua</strong></span> <span class='ocrx_word' id='word_1_213' title='bbox 2808 1888 2990 1937; x_wconf 87' lang='lat' dir='ltr'><strong>mente</strong></span> <span class='ocrx_word' id='word_1_214' title='bbox 3039 1895 3103 1936; x_wconf 85' lang='lat' dir='ltr'><strong>ac</strong></span> <span class='ocrx_word' id='word_1_215' title='bbox 3141 1882 3410 1937; x_wconf 89' lang='lat' dir='ltr'><strong>sententia</strong></span> <span class='ocrx_word' id='word_1_216' title='bbox 3454 1890 3690 1949; x_wconf 83' lang='lat' dir='ltr'><strong>constet,</strong></span> 
     </span>
    </p>
   </div>
   <div class='ocr_carea' id='block_1_34' title="bbox 435 1969 2011 2045">
    <p class='ocr_par' dir='ltr' id='par_1_34' title="bbox 435 1969 2011 2045">
     <span class='ocr_line' id='line_1_34' title="bbox 435 1969 2011 2045; baseline -0.006 -14"><span class='ocrx_word' id='word_1_217' title='bbox 435 1976 645 2031; x_wconf 80' lang='lat' dir='ltr'><strong>exclusi</strong></span> <span class='ocrx_word' id='word_1_218' title='bbox 677 1977 732 2030; x_wconf 92' lang='lat' dir='ltr'><strong>in</strong></span> <span class='ocrx_word' id='word_1_219' title='bbox 773 1986 1094 2045; x_wconf 88' lang='lat' dir='ltr'><strong>perpetuum</strong></span> <span class='ocrx_word' id='word_1_220' title='bbox 1137 1973 1206 2027; x_wconf 91' lang='lat' dir='ltr'><strong>ab</strong></span> <span class='ocrx_word' id='word_1_221' title='bbox 1235 1971 1497 2036; x_wconf 86' lang='lat' dir='ltr'><strong>Ecclesia,</strong></span> <span class='ocrx_word' id='word_1_222' title='bbox 1530 1980 1584 2025; x_wconf 90' lang='lat' dir='ltr'><strong>et</strong></span> <span class='ocrx_word' id='word_1_223' title='bbox 1626 1969 2011 2024; x_wconf 77' lang='lat' dir='ltr'><strong>communione</strong></span> 
     </span>
    </p>
   </div>
   <div class='ocr_carea' id='block_1_35' title="bbox 442 2057 2012 2135">
    <p class='ocr_par' dir='ltr' id='par_1_35' title="bbox 442 2057 2012 2135">
     <span class='ocr_line' id='line_1_35' title="bbox 442 2057 2012 2135; baseline -0.006 -14"><span class='ocrx_word' id='word_1_224' title='bbox 442 2082 655 2135; x_wconf 77' lang='lat' dir='ltr'><strong>usuque</strong></span> <span class='ocrx_word' id='word_1_225' title='bbox 702 2073 1169 2121; x_wconf 85' lang='lat' dir='ltr'><strong>sacramentorum</strong></span> <span class='ocrx_word' id='word_1_226' title='bbox 1218 2063 1457 2124; x_wconf 82' lang='lat' dir='ltr'><strong>luerunt,</strong></span> <span class='ocrx_word' id='word_1_227' title='bbox 1518 2060 1611 2131; x_wconf 91' lang='lat' dir='ltr'><strong>qui</strong></span> <span class='ocrx_word' id='word_1_228' title='bbox 1669 2059 1836 2115; x_wconf 88' lang='lat' dir='ltr'><strong>semel</strong></span> <span class='ocrx_word' id='word_1_229' title='bbox 1876 2057 2012 2112; x_wconf 90' lang='lat' dir='ltr'><strong>deli-</strong></span> 
     </span>
    </p>
   </div>
   <div class='ocr_carea' id='block_1_36' title="bbox 435 2149 2009 2229">
    <p class='ocr_par' dir='ltr' id='par_1_36' title="bbox 435 2149 2009 2229">
     <span class='ocr_line' id='line_1_36' title="bbox 435 2149 2009 2229; baseline -0.007 -15"><span class='ocrx_word' id='word_1_230' title='bbox 435 2159 711 2229; x_wconf 81' lang='lat' dir='ltr'><strong>querant?</strong></span> <span class='ocrx_word' id='word_1_231' title='bbox 737 2158 953 2212; x_wconf 81' lang='lat' dir='ltr'><strong>Diceret</strong></span> <span class='ocrx_word' id='word_1_232' title='bbox 989 2156 1181 2211; x_wconf 83' lang='lat' dir='ltr'><strong>saltem</strong></span> <span class='ocrx_word' id='word_1_233' title='bbox 1210 2169 1304 2209; x_wconf 87' lang='lat' dir='ltr'><strong>eos</strong></span> <span class='ocrx_word' id='word_1_234' title='bbox 1340 2153 1667 2208; x_wconf 87' lang='lat' dir='ltr'><strong>nominatim</strong></span> <span class='ocrx_word' id='word_1_235' title='bbox 1703 2150 1769 2203; x_wconf 90' lang='lat' dir='ltr'><strong>ad</strong></span> <span class='ocrx_word' id='word_1_236' title='bbox 1807 2149 2009 2204; x_wconf 85' lang='lat' dir='ltr'><strong>tantam</strong></span> 
     </span>
    </p>
   </div>
   <div class='ocr_carea' id='block_1_37' title="bbox 438 2240 2012 2316">
    <p class='ocr_par' dir='ltr' id='par_1_37' title="bbox 438 2240 2012 2316">
     <span class='ocr_line' id='line_1_37' title="bbox 438 2240 2012 2316; baseline -0.008 -11"><span class='ocrx_word' id='word_1_237' title='bbox 438 2250 785 2305; x_wconf 79' lang='lat' dir='ltr'><strong>severitatem</strong></span> <span class='ocrx_word' id='word_1_238' title='bbox 816 2255 1095 2316; x_wconf 84' lang='lat' dir='ltr'><strong>exceptos,</strong></span> <span class='ocrx_word' id='word_1_239' title='bbox 1128 2245 1219 2315; x_wconf 91' lang='lat' dir='ltr'><strong>qui</strong></span> <span class='ocrx_word' id='word_1_240' title='bbox 1254 2243 1579 2314; x_wconf 80' lang='lat' dir='ltr'><strong>gravissima</strong></span> <span class='ocrx_word' id='word_1_241' title='bbox 1619 2240 1866 2311; x_wconf 72' lang='lat' dir='ltr'><strong>quaedam</strong></span> <span class='ocrx_word' id='word_1_242' title='bbox 1916 2240 2012 2294; x_wconf 87' lang='lat' dir='ltr'><strong>lla-</strong></span> 
     </span>
    </p>
   </div>
   <div class='ocr_carea' id='block_1_38' title="bbox 439 2331 2014 2410">
    <p class='ocr_par' dir='ltr' id='par_1_38' title="bbox 439 2331 2014 2410">
     <span class='ocr_line' id='line_1_38' title="bbox 439 2331 2014 2410; baseline -0.006 -17"><span class='ocrx_word' id='word_1_243' title='bbox 439 2340 575 2410; x_wconf 87' lang='lat' dir='ltr'><strong>gitia</strong></span> <span class='ocrx_word' id='word_1_244' title='bbox 609 2338 1036 2401; x_wconf 81' lang='lat' dir='ltr'><strong>commisissent,</strong></span> <span class='ocrx_word' id='word_1_245' title='bbox 1084 2336 1227 2405; x_wconf 90' lang='lat' dir='ltr'><strong>quod</strong></span> <span class='ocrx_word' id='word_1_246' title='bbox 1263 2336 1318 2388; x_wconf 93' lang='lat' dir='ltr'><strong>in</strong></span> <span class='ocrx_word' id='word_1_247' title='bbox 1368 2333 1566 2402; x_wconf 89' lang='lat' dir='ltr'><strong>triplici</strong></span> <span class='ocrx_word' id='word_1_248' title='bbox 1599 2331 1888 2386; x_wconf 87' lang='lat' dir='ltr'><strong>criminum</strong></span> <span class='ocrx_word' id='word_1_249' title='bbox 1928 2346 2014 2401; x_wconf 78' lang='lat' dir='ltr'><strong>ge-</strong></span> 
     </span>
    </p>
   </div>
   <div class='ocr_carea' id='block_1_39' title="bbox 440 2424 2009 2494">
    <p class='ocr_par' dir='ltr' id='par_1_39' title="bbox 440 2424 2009 2494">
     <span class='ocr_line' id='line_1_39' title="bbox 440 2424 2009 2494; baseline -0.005 -9"><span class='ocrx_word' id='word_1_250' title='bbox 440 2448 570 2486; x_wconf 88' lang='lat' dir='ltr'><strong>nere</strong></span> <span class='ocrx_word' id='word_1_251' title='bbox 602 2428 1291 2485; x_wconf 83' lang='lat' dir='ltr'><strong>vetustissimisduntaxat</strong></span> <span class='ocrx_word' id='word_1_252' title='bbox 1325 2424 1665 2494; x_wconf 83' lang='lat' dir='ltr'><strong>temporibus</strong></span> <span class='ocrx_word' id='word_1_253' title='bbox 1696 2425 2009 2479; x_wconf 89' lang='lat' dir='ltr'><strong>institutum</strong></span> 
     </span>
    </p>
   </div>
   <div class='ocr_carea' id='block_1_40' title="bbox 441 2514 2010 2586">
    <p class='ocr_par' dir='ltr' id='par_1_40' title="bbox 441 2514 2010 2586">
     <span class='ocr_line' id='line_1_40' title="bbox 441 2514 2010 2586; baseline -0.004 -12"><span class='ocrx_word' id='word_1_254' title='bbox 441 2520 495 2574; x_wconf 92' lang='lat' dir='ltr'><strong>in</strong></span> <span class='ocrx_word' id='word_1_255' title='bbox 529 2519 768 2573; x_wconf 79' lang='lat' dir='ltr'><strong>Ecclesia</strong></span> <span class='ocrx_word' id='word_1_256' title='bbox 801 2518 973 2572; x_wconf 79' lang='lat' dir='ltr'><strong>fuisse</strong></span> <span class='ocrx_word' id='word_1_257' title='bbox 1013 2518 1192 2586; x_wconf 86' lang='lat' dir='ltr'><strong>capite</strong></span> <span class='ocrx_word' id='word_1_258' title='bbox 1230 2516 1343 2575; x_wconf 90' lang='lat' dir='ltr'><strong>illo,</strong></span> <span class='ocrx_word' id='word_1_259' title='bbox 1381 2515 1525 2585; x_wconf 84' lang='lat' dir='ltr'><strong>quod</strong></span> <span class='ocrx_word' id='word_1_260' title='bbox 1567 2515 1886 2584; x_wconf 83' lang='lat' dir='ltr'><strong>dispunctor</strong></span> <span class='ocrx_word' id='word_1_261' title='bbox 1914 2514 2010 2568; x_wconf 87' lang='lat' dir='ltr'><strong>dc-</strong></span> 
     </span>
    </p>
   </div>
   <div class='ocr_carea' id='block_1_41' title="bbox 440 2607 2011 2681">
    <p class='ocr_par' dir='ltr' id='par_1_41' title="bbox 440 2607 2011 2681">
     <span class='ocr_line' id='line_1_41' title="bbox 440 2607 2011 2681; baseline -0.002 -17"><span class='ocrx_word' id='word_1_262' title='bbox 440 2611 643 2681; x_wconf 86' lang='lat' dir='ltr'><strong>signat,</strong></span> <span class='ocrx_word' id='word_1_263' title='bbox 693 2608 1054 2664; x_wconf 89' lang='lat' dir='ltr'><strong>ostendimus.</strong></span> <span class='ocrx_word' id='word_1_264' title='bbox 1101 2610 1169 2662; x_wconf 83' lang='lat' dir='ltr'><strong>At</strong></span> <span class='ocrx_word' id='word_1_265' title='bbox 1218 2608 1542 2677; x_wconf 82' lang='lat' dir='ltr'><strong>pccnitcntes</strong></span> <span class='ocrx_word' id='word_1_266' title='bbox 1586 2622 1798 2672; x_wconf 89' lang='lat' dir='ltr'><strong>onmes,</strong></span> <span class='ocrx_word' id='word_1_267' title='bbox 1848 2614 1901 2661; x_wconf 87' lang='lat' dir='ltr'><strong>ct</strong></span> <span class='ocrx_word' id='word_1_268' title='bbox 1940 2607 2011 2661; x_wconf 92' lang='lat' dir='ltr'><strong>ob</strong></span> 
     </span>
    </p>
   </div>
   <div class='ocr_carea' id='block_1_42' title="bbox 442 2700 2009 2779">
    <p class='ocr_par' dir='ltr' id='par_1_42' title="bbox 442 2700 2009 2779">
     <span class='ocr_line' id='line_1_42' title="bbox 442 2700 2009 2779; baseline -0.001 -23"><span class='ocrx_word' id='word_1_269' title='bbox 442 2701 700 2772; x_wconf 59' lang='lat' dir='ltr'><strong>qualibet</strong></span> <span class='ocrx_word' id='word_1_270' title='bbox 766 2701 1055 2756; x_wconf 89' lang='lat' dir='ltr'><strong>criminum</strong></span> <span class='ocrx_word' id='word_1_271' title='bbox 1108 2715 1303 2779; x_wconf 78' lang='lat' dir='ltr'><strong>genera</strong></span> <span class='ocrx_word' id='word_1_272' title='bbox 1356 2700 1672 2770; x_wconf 56' lang='lat' dir='ltr'><strong>paenitentia</strong></span> <span class='ocrx_word' id='word_1_273' title='bbox 1728 2700 2009 2764; x_wconf 85' lang='lat' dir='ltr'><strong>multatos,</strong></span> 
     </span>
    </p>
   </div>
   <div class='ocr_carea' id='block_1_43' title="bbox 444 2792 2014 2861">
    <p class='ocr_par' dir='ltr' id='par_1_43' title="bbox 444 2792 2014 2861">
     <span class='ocr_line' id='line_1_43' title="bbox 444 2792 2014 2861; baseline -0.001 -14"><span class='ocrx_word' id='word_1_274' title='bbox 444 2793 791 2848; x_wconf 89' lang='lat' dir='ltr'><strong>absolutione</strong></span> <span class='ocrx_word' id='word_1_275' title='bbox 835 2793 1328 2861; x_wconf 87' lang='lat' dir='ltr'><strong>communioneque</strong></span> <span class='ocrx_word' id='word_1_276' title='bbox 1389 2793 1442 2845; x_wconf 90' lang='lat' dir='ltr'><strong>in</strong></span> <span class='ocrx_word' id='word_1_277' title='bbox 1490 2792 1881 2861; x_wconf 89' lang='lat' dir='ltr'><strong>sempiternum</strong></span> <span class='ocrx_word' id='word_1_278' title='bbox 1920 2807 2014 2845; x_wconf 84' lang='lat' dir='ltr'><strong>ca-</strong></span> 
     </span>
    </p>
   </div>
   <div class='ocr_carea' id='block_1_44' title="bbox 456 2881 2010 2952">
    <p class='ocr_par' dir='ltr' id='par_1_44' title="bbox 456 2881 2010 2952">
     <span class='ocr_line' id='line_1_44' title="bbox 456 2881 2010 2952; baseline -0.002 -15"><span class='ocrx_word' id='word_1_279' title='bbox 456 2884 657 2946; x_wconf 87' lang='lat' dir='ltr'><strong>ruisse,</strong></span> <span class='ocrx_word' id='word_1_280' title='bbox 680 2896 857 2952; x_wconf 88' lang='lat' dir='ltr'><strong>neque</strong></span> <span class='ocrx_word' id='word_1_281' title='bbox 879 2898 1061 2937; x_wconf 85' lang='lat' dir='ltr'><strong>verum</strong></span> <span class='ocrx_word' id='word_1_282' title='bbox 1082 2891 1185 2945; x_wconf 90' lang='lat' dir='ltr'><strong>est,</strong></span> <span class='ocrx_word' id='word_1_283' title='bbox 1209 2887 1403 2951; x_wconf 64' lang='lat' dir='ltr'><strong>nequie,</strong></span> <span class='ocrx_word' id='word_1_284' title='bbox 1436 2890 1495 2935; x_wconf 94' lang='lat' dir='ltr'><strong>ut</strong></span> <span class='ocrx_word' id='word_1_285' title='bbox 1518 2881 1790 2937; x_wconf 82' lang='lat' dir='ltr'><strong>levissime</strong></span> <span class='ocrx_word' id='word_1_286' title='bbox 1810 2882 2010 2946; x_wconf 88' lang='lat' dir='ltr'><strong>dicam,</strong></span> 
     </span>
    </p>
   </div>
   <div class='ocr_carea' id='block_1_45' title="bbox 448 2971 2016 3046">
    <p class='ocr_par' dir='ltr' id='par_1_45' title="bbox 448 2971 2016 3046">
     <span class='ocr_line' id='line_1_45' title="bbox 448 2971 2016 3046; baseline -0.001 -17"><span class='ocrx_word' id='word_1_287' title='bbox 448 2974 771 3046; x_wconf 86' lang='lat' dir='ltr'><strong>persuaderi</strong></span> <span class='ocrx_word' id='word_1_288' title='bbox 804 2974 1015 3029; x_wconf 84' lang='lat' dir='ltr'><strong>ratione</strong></span> <span class='ocrx_word' id='word_1_289' title='bbox 1049 2974 1157 3028; x_wconf 91' lang='lat' dir='ltr'><strong>ulla</strong></span> <span class='ocrx_word' id='word_1_290' title='bbox 1199 2975 1278 3029; x_wconf 85' lang='lat' dir='ltr'><strong>vel</strong></span> <span class='ocrx_word' id='word_1_291' title='bbox 1308 2974 1634 3028; x_wconf 86' lang='lat' dir='ltr'><strong>auctoritate</strong></span> <span class='ocrx_word' id='word_1_292' title='bbox 1666 2980 1863 3044; x_wconf 86' lang='lat' dir='ltr'><strong>potest.</strong></span> <span class='ocrx_word' id='word_1_293' title='bbox 1907 2971 2016 3028; x_wconf 76' lang='lat' dir='ltr'><strong>Re-</strong></span> 
     </span>
    </p>
   </div>
   <div class='ocr_carea' id='block_1_46' title="bbox 443 3064 2010 3137">
    <p class='ocr_par' dir='ltr' id='par_1_46' title="bbox 443 3064 2010 3137">
     <span class='ocr_line' id='line_1_46' title="bbox 443 3064 2010 3137; baseline -0.004 -13"><span class='ocrx_word' id='word_1_294' title='bbox 443 3077 621 3137; x_wconf 87' lang='lat' dir='ltr'><strong>petam</strong></span> <span class='ocrx_word' id='word_1_295' title='bbox 658 3067 890 3123; x_wconf 89' lang='lat' dir='ltr'><strong>iterum:</strong></span> <span class='ocrx_word' id='word_1_296' title='bbox 928 3065 1042 3121; x_wconf 85' lang='lat' dir='ltr'><strong>lloc</strong></span> <span class='ocrx_word' id='word_1_297' title='bbox 1071 3067 1162 3121; x_wconf 92' lang='lat' dir='ltr'><strong>illa</strong></span> <span class='ocrx_word' id='word_1_298' title='bbox 1205 3074 1295 3119; x_wconf 90' lang='lat' dir='ltr'><strong>tua</strong></span> <span class='ocrx_word' id='word_1_299' title='bbox 1339 3066 1477 3121; x_wconf 90' lang='lat' dir='ltr'><strong>ratio</strong></span> <span class='ocrx_word' id='word_1_300' title='bbox 1522 3064 1745 3120; x_wconf 89' lang='lat' dir='ltr'><strong>delinire</strong></span> <span class='ocrx_word' id='word_1_301' title='bbox 1776 3065 2010 3128; x_wconf 87' lang='lat' dir='ltr'><strong>videtur,</strong></span> 
     </span>
    </p>
   </div>
   <div class='ocr_carea' id='block_1_47' title="bbox 442 3156 2009 3229">
    <p class='ocr_par' dir='ltr' id='par_1_47' title="bbox 442 3156 2009 3229">
     <span class='ocr_line' id='line_1_47' title="bbox 442 3156 2009 3229; baseline -0.001 -16"><span class='ocrx_word' id='word_1_302' title='bbox 442 3159 589 3229; x_wconf 88' lang='lat' dir='ltr'><strong>quod</strong></span> <span class='ocrx_word' id='word_1_303' title='bbox 628 3158 834 3213; x_wconf 85' lang='lat' dir='ltr'><strong>nemini</strong></span> <span class='ocrx_word' id='word_1_304' title='bbox 884 3157 1239 3228; x_wconf 87' lang='lat' dir='ltr'><strong>probaveris:</strong></span> <span class='ocrx_word' id='word_1_305' title='bbox 1277 3157 1472 3227; x_wconf 89' lang='lat' dir='ltr'><strong>priscis</strong></span> <span class='ocrx_word' id='word_1_306' title='bbox 1515 3157 1622 3211; x_wconf 90' lang='lat' dir='ltr'><strong>illis</strong></span> <span class='ocrx_word' id='word_1_307' title='bbox 1651 3156 2009 3226; x_wconf 83' lang='lat' dir='ltr'><strong>temporibus,</strong></span> 
     </span>
    </p>
   </div>
   <div class='ocr_carea' id='block_1_48' title="bbox 443 3247 2016 3320">
    <p class='ocr_par' dir='ltr' id='par_1_48' title="bbox 443 3247 2016 3320">
     <span class='ocr_line' id='line_1_48' title="bbox 443 3247 2016 3320; baseline -0.002 -18"><span class='ocrx_word' id='word_1_308' title='bbox 443 3251 646 3320; x_wconf 86' lang='lat' dir='ltr'><strong>quibus</strong></span> <span class='ocrx_word' id='word_1_309' title='bbox 681 3250 997 3319; x_wconf 78' lang='lat' dir='ltr'><strong>persecutio</strong></span> <span class='ocrx_word' id='word_1_310' title='bbox 1019 3248 1211 3311; x_wconf 68' lang='lat' dir='ltr'><strong>saeviit,</strong></span> <span class='ocrx_word' id='word_1_311' title='bbox 1254 3249 1461 3302; x_wconf 90' lang='lat' dir='ltr'><strong>nullum</strong></span> <span class='ocrx_word' id='word_1_312' title='bbox 1515 3248 1607 3316; x_wconf 88' lang='lat' dir='ltr'><strong>qui</strong></span> <span class='ocrx_word' id='word_1_313' title='bbox 1642 3247 1860 3317; x_wconf 87' lang='lat' dir='ltr'><strong>quidem</strong></span> <span class='ocrx_word' id='word_1_314' title='bbox 1889 3262 2016 3318; x_wconf 86' lang='lat' dir='ltr'><strong>gra-</strong></span> 
     </span>
    </p>
   </div>
   <div class='ocr_carea' id='block_1_49' title="bbox 445 3338 2017 3408">
    <p class='ocr_par' dir='ltr' id='par_1_49' title="bbox 445 3338 2017 3408">
     <span class='ocr_line' id='line_1_49' title="bbox 445 3338 2017 3408; baseline -0.004 -11"><span class='ocrx_word' id='word_1_315' title='bbox 445 3345 567 3397; x_wconf 83' lang='lat' dir='ltr'><strong>vius</strong></span> <span class='ocrx_word' id='word_1_316' title='bbox 620 3340 957 3403; x_wconf 76' lang='lat' dir='ltr'><strong>oll‘eudisset,</strong></span> <span class='ocrx_word' id='word_1_317' title='bbox 1001 3339 1104 3394; x_wconf 90' lang='lat' dir='ltr'><strong>hoc</strong></span> <span class='ocrx_word' id='word_1_318' title='bbox 1150 3345 1254 3400; x_wconf 87' lang='lat' dir='ltr'><strong>cst,</strong></span> <span class='ocrx_word' id='word_1_319' title='bbox 1313 3338 1690 3408; x_wconf 80' lang='lat' dir='ltr'><strong>paenitentiam</strong></span> <span class='ocrx_word' id='word_1_320' title='bbox 1745 3338 2017 3408; x_wconf 86' lang='lat' dir='ltr'><strong>publicam</strong></span> 
     </span>
    </p>
   </div>
   <div class='ocr_carea' id='block_1_50' title="bbox 450 3428 2020 3502">
    <p class='ocr_par' dir='ltr' id='par_1_50' title="bbox 450 3428 2020 3502">
     <span class='ocr_line' id='line_1_50' title="bbox 450 3428 2020 3502; baseline -0.002 -17"><span class='ocrx_word' id='word_1_321' title='bbox 450 3439 655 3502; x_wconf 82' lang='lat' dir='ltr'><strong>ageret,</strong></span> <span class='ocrx_word' id='word_1_322' title='bbox 698 3430 931 3493; x_wconf 90' lang='lat' dir='ltr'><strong>absolvi,</strong></span> <span class='ocrx_word' id='word_1_323' title='bbox 984 3428 1353 3492; x_wconf 86' lang='lat' dir='ltr'><strong>reconciliari,</strong></span> <span class='ocrx_word' id='word_1_324' title='bbox 1408 3428 1783 3483; x_wconf 90' lang='lat' dir='ltr'><strong>communioni</strong></span> <span class='ocrx_word' id='word_1_325' title='bbox 1834 3443 2020 3484; x_wconf 87' lang='lat' dir='ltr'><strong>sacra-</strong></span> 
     </span>
    </p>
   </div>
   <div class='ocr_carea' id='block_1_51' title="bbox 452 3519 2022 3593">
    <p class='ocr_par' dir='ltr' id='par_1_51' title="bbox 452 3519 2022 3593">
     <span class='ocr_line' id='line_1_51' title="bbox 452 3519 2022 3593; baseline -0.002 -16"><span class='ocrx_word' id='word_1_326' title='bbox 452 3525 762 3592; x_wconf 87' lang='lat' dir='ltr'><strong>mentisque</strong></span> <span class='ocrx_word' id='word_1_327' title='bbox 794 3522 1007 3577; x_wconf 88' lang='lat' dir='ltr'><strong>restitui</strong></span> <span class='ocrx_word' id='word_1_328' title='bbox 1050 3521 1311 3591; x_wconf 85' lang='lat' dir='ltr'><strong>potuisse.</strong></span> <span class='ocrx_word' id='word_1_329' title='bbox 1344 3519 1479 3574; x_wconf 89' lang='lat' dir='ltr'><strong>Nam</strong></span> <span class='ocrx_word' id='word_1_330' title='bbox 1524 3522 1791 3593; x_wconf 77' lang='grc' dir='ltr'><strong>ἀορίστως</strong></span> <span class='ocrx_word' id='word_1_331' title='bbox 1820 3530 1871 3576; x_wconf 89' lang='lat' dir='ltr'><strong>et</strong></span> <span class='ocrx_word' id='word_1_332' title='bbox 1906 3520 2022 3575; x_wconf 88' lang='lat' dir='ltr'><strong>inli-</strong></span> 
     </span>
    </p>
   </div>
   <div class='ocr_carea' id='block_1_52' title="bbox 449 3610 2017 3681">
    <p class='ocr_par' dir='ltr' id='par_1_52' title="bbox 449 3610 2017 3681">
     <span class='ocr_line' id='line_1_52' title="bbox 449 3610 2017 3681; baseline -0.002 -13"><span class='ocrx_word' id='word_1_333' title='bbox 449 3616 563 3668; x_wconf 90' lang='lat' dir='ltr'><strong>nite</strong></span> <span class='ocrx_word' id='word_1_334' title='bbox 600 3614 792 3675; x_wconf 87' lang='lat' dir='ltr'><strong>doces,</strong></span> <span class='ocrx_word' id='word_1_335' title='bbox 837 3611 1095 3666; x_wconf 71' lang='lat' dir='ltr'><strong>smviente</strong></span> <span class='ocrx_word' id='word_1_336' title='bbox 1147 3610 1589 3681; x_wconf 88' lang='lat' dir='ltr'><strong>persecutionum</strong></span> <span class='ocrx_word' id='word_1_337' title='bbox 1641 3611 1877 3681; x_wconf 83' lang='lat' dir='ltr'><strong>procella</strong></span> <span class='ocrx_word' id='word_1_338' title='bbox 1929 3612 2017 3675; x_wconf 92' lang='lat' dir='ltr'><strong>iis,</strong></span> 
     </span>
    </p>
   </div>
   <div class='ocr_carea' id='block_1_53' title="bbox 450 3702 2021 3775">
    <p class='ocr_par' dir='ltr' id='par_1_53' title="bbox 450 3702 2021 3775">
     <span class='ocr_line' id='line_1_53' title="bbox 450 3702 2021 3775; baseline 0.001 -19"><span class='ocrx_word' id='word_1_339' title='bbox 450 3706 543 3775; x_wconf 87' lang='lat' dir='ltr'><strong>qui</strong></span> <span class='ocrx_word' id='word_1_340' title='bbox 579 3704 911 3774; x_wconf 65' lang='lat' dir='ltr'><strong>poenitentia:</strong></span> <span class='ocrx_word' id='word_1_341' title='bbox 954 3703 1117 3764; x_wconf 90' lang='lat' dir='ltr'><strong>dono,</strong></span> <span class='ocrx_word' id='word_1_342' title='bbox 1152 3702 1204 3755; x_wconf 92' lang='lat' dir='ltr'><strong>id</strong></span> <span class='ocrx_word' id='word_1_343' title='bbox 1246 3711 1351 3767; x_wconf 91' lang='lat' dir='ltr'><strong>est,</strong></span> <span class='ocrx_word' id='word_1_344' title='bbox 1394 3702 1570 3756; x_wconf 89' lang='lat' dir='ltr'><strong>intimi</strong></span> <span class='ocrx_word' id='word_1_345' title='bbox 1616 3717 1781 3759; x_wconf 88' lang='lat' dir='ltr'><strong>sensu</strong></span> <span class='ocrx_word' id='word_1_346' title='bbox 1814 3702 2021 3757; x_wconf 92' lang='lat' dir='ltr'><strong>doloris</strong></span> 
     </span>
    </p>
   </div>
   <div class='ocr_carea' id='block_1_54' title="bbox 451 3790 2021 3863">
    <p class='ocr_par' dir='ltr' id='par_1_54' title="bbox 451 3790 2021 3863">
     <span class='ocr_line' id='line_1_54' title="bbox 451 3790 2021 3863; baseline -0.002 -13"><span class='ocrx_word' id='word_1_347' title='bbox 451 3806 610 3850; x_wconf 88' lang='lat' dir='ltr'><strong>erant</strong></span> <span class='ocrx_word' id='word_1_348' title='bbox 636 3794 822 3858; x_wconf 80' lang='lat' dir='ltr'><strong>allluti,</strong></span> <span class='ocrx_word' id='word_1_349' title='bbox 875 3792 1252 3863; x_wconf 72' lang='lat' dir='ltr'><strong>pmnitentiam</strong></span> <span class='ocrx_word' id='word_1_350' title='bbox 1291 3790 1509 3862; x_wconf 87' lang='lat' dir='ltr'><strong>quidem</strong></span> <span class='ocrx_word' id='word_1_351' title='bbox 1561 3791 1707 3845; x_wconf 89' lang='lat' dir='ltr'><strong>illam</strong></span> <span class='ocrx_word' id='word_1_352' title='bbox 1754 3794 2021 3862; x_wconf 56' lang='lat' dir='ltr'><strong>approba.</strong></span> 
     </span>
    </p>
   </div>
   <div class='ocr_carea' id='block_1_55' title="bbox 452 3880 2020 3953">
    <p class='ocr_par' dir='ltr' id='par_1_55' title="bbox 452 3880 2020 3953">
     <span class='ocr_line' id='line_1_55' title="bbox 452 3880 2020 3953; baseline -0.004 -12"><span class='ocrx_word' id='word_1_353' title='bbox 452 3894 585 3950; x_wconf 90' lang='lat' dir='ltr'><strong>tam,</strong></span> <span class='ocrx_word' id='word_1_354' title='bbox 628 3885 722 3939; x_wconf 91' lang='lat' dir='ltr'><strong>sed</strong></span> <span class='ocrx_word' id='word_1_355' title='bbox 762 3886 882 3938; x_wconf 90' lang='lat' dir='ltr'><strong>sine</strong></span> <span class='ocrx_word' id='word_1_356' title='bbox 910 3892 1259 3953; x_wconf 87' lang='lat' dir='ltr'><strong>peccatorum</strong></span> <span class='ocrx_word' id='word_1_357' title='bbox 1283 3880 1647 3936; x_wconf 85' lang='lat' dir='ltr'><strong>absolutione.</strong></span> <span class='ocrx_word' id='word_1_358' title='bbox 1679 3881 1869 3946; x_wconf 86' lang='lat' dir='ltr'><strong>Addis,</strong></span> <span class='ocrx_word' id='word_1_359' title='bbox 1900 3884 2020 3936; x_wconf 85' lang='lat' dir='ltr'><strong>red-</strong></span> 
     </span>
    </p>
   </div>
   <div class='ocr_carea' id='block_1_56' title="bbox 452 3973 2024 4044">
    <p class='ocr_par' dir='ltr' id='par_1_56' title="bbox 452 3973 2024 4044">
     <span class='ocr_line' id='line_1_56' title="bbox 452 3973 2024 4044; baseline -0.001 -15"><span class='ocrx_word' id='word_1_360' title='bbox 452 3976 566 4030; x_wconf 84' lang='lat' dir='ltr'><strong>dita</strong></span> <span class='ocrx_word' id='word_1_361' title='bbox 607 3974 852 4029; x_wconf 78' lang='lat' dir='ltr'><strong>Ecclesia:</strong></span> <span class='ocrx_word' id='word_1_362' title='bbox 882 3989 1031 4044; x_wconf 83' lang='lat' dir='ltr'><strong>pace,</strong></span> <span class='ocrx_word' id='word_1_363' title='bbox 1060 3973 1284 4033; x_wconf 79' lang='lat' dir='ltr'><strong>veniam,</strong></span> <span class='ocrx_word' id='word_1_364' title='bbox 1327 3988 1418 4027; x_wconf 83' lang='lat' dir='ltr'><strong>seu</strong></span> <span class='ocrx_word' id='word_1_365' title='bbox 1445 3982 1776 4040; x_wconf 85' lang='lat' dir='ltr'><strong>peccatorum</strong></span> <span class='ocrx_word' id='word_1_366' title='bbox 1810 3973 2024 4028; x_wconf 78' lang='lat' dir='ltr'><strong>absolu-</strong></span> 
     </span>
    </p>
   </div>
   <div class='ocr_carea' id='block_1_57' title="bbox 453 4063 2024 4133">
    <p class='ocr_par' dir='ltr' id='par_1_57' title="bbox 453 4063 2024 4133">
     <span class='ocr_line' id='line_1_57' title="bbox 453 4063 2024 4133; baseline -0.001 -11"><span class='ocrx_word' id='word_1_367' title='bbox 453 4070 647 4123; x_wconf 76' lang='lat' dir='ltr'><strong>tionem</strong></span> <span class='ocrx_word' id='word_1_368' title='bbox 674 4065 1018 4121; x_wconf 81' lang='lat' dir='ltr'><strong>morientibus</strong></span> <span class='ocrx_word' id='word_1_369' title='bbox 1048 4065 1171 4118; x_wconf 83' lang='lat' dir='ltr'><strong>dari</strong></span> <span class='ocrx_word' id='word_1_370' title='bbox 1209 4063 1506 4133; x_wconf 81' lang='lat' dir='ltr'><strong>placuisse;</strong></span> <span class='ocrx_word' id='word_1_371' title='bbox 1546 4075 1593 4119; x_wconf 87' lang='lat' dir='ltr'><strong>et</strong></span> <span class='ocrx_word' id='word_1_372' title='bbox 1624 4066 1680 4118; x_wconf 84' lang='lat' dir='ltr'><strong>in</strong></span> <span class='ocrx_word' id='word_1_373' title='bbox 1709 4082 1767 4120; x_wconf 88' lang='lat' dir='ltr'><strong>eo</strong></span> <span class='ocrx_word' id='word_1_374' title='bbox 1796 4065 2024 4120; x_wconf 79' lang='lat' dir='ltr'><strong>damna-</strong></span> 
     </span>
    </p>
   </div>
   <div class='ocr_carea' id='block_1_58' title="bbox 453 4155 2022 4227">
    <p class='ocr_par' dir='ltr' id='par_1_58' title="bbox 453 4155 2022 4227">
     <span class='ocr_line' id='line_1_58' title="bbox 453 4155 2022 4227; baseline -0.001 -14"><span class='ocrx_word' id='word_1_375' title='bbox 453 4170 565 4213; x_wconf 89' lang='lat' dir='ltr'><strong>tant</strong></span> <span class='ocrx_word' id='word_1_376' title='bbox 596 4175 729 4223; x_wconf 71' lang='lat' dir='ltr'><strong>esse,</strong></span> <span class='ocrx_word' id='word_1_377' title='bbox 756 4157 845 4213; x_wconf 83' lang='lat' dir='ltr'><strong>sed</strong></span> <span class='ocrx_word' id='word_1_378' title='bbox 880 4157 1033 4227; x_wconf 82' lang='lat' dir='ltr'><strong>longo</strong></span> <span class='ocrx_word' id='word_1_379' title='bbox 1062 4157 1362 4223; x_wconf 78' lang='lat' dir='ltr'><strong>intervallo,</strong></span> <span class='ocrx_word' id='word_1_380' title='bbox 1404 4155 1827 4211; x_wconf 83' lang='lat' dir='ltr'><strong>Novatianorum</strong></span> <span class='ocrx_word' id='word_1_381' title='bbox 1852 4158 2022 4211; x_wconf 76' lang='lat' dir='ltr'><strong>lucre-</strong></span> 
     </span>
    </p>
   </div>
   <div class='ocr_carea' id='block_1_59' title="bbox 454 4248 2024 4321">
    <p class='ocr_par' dir='ltr' id='par_1_59' title="bbox 454 4248 2024 4321">
     <span class='ocr_line' id='line_1_59' title="bbox 454 4248 2024 4321; baseline -0.003 -13"><span class='ocrx_word' id='word_1_382' title='bbox 454 4254 577 4318; x_wconf 74' lang='lat' dir='ltr'><strong>sim,</strong></span> <span class='ocrx_word' id='word_1_383' title='bbox 625 4251 761 4321; x_wconf 83' lang='lat' dir='ltr'><strong>quod</strong></span> <span class='ocrx_word' id='word_1_384' title='bbox 807 4248 1148 4304; x_wconf 77' lang='lat' dir='ltr'><strong>morientibus</strong></span> <span class='ocrx_word' id='word_1_385' title='bbox 1182 4250 1387 4301; x_wconf 78' lang='lat' dir='ltr'><strong>veniam</strong></span> <span class='ocrx_word' id='word_1_386' title='bbox 1434 4266 1537 4302; x_wconf 90' lang='lat' dir='ltr'><strong>non</strong></span> <span class='ocrx_word' id='word_1_387' title='bbox 1581 4250 1901 4303; x_wconf 72' lang='lat' dir='ltr'><strong>relaxarent.</strong></span> <span class='ocrx_word' id='word_1_388' title='bbox 1949 4249 2024 4303; x_wconf 85' lang='lat' dir='ltr'><strong>Ita</strong></span> 
     </span>
    </p>
   </div>
   <div class='ocr_carea' id='block_1_60' title="bbox 456 4336 2023 4401">
    <p class='ocr_par' dir='ltr' id='par_1_60' title="bbox 456 4336 2023 4401">
     <span class='ocr_line' id='line_1_60' title="bbox 456 4336 2023 4401; baseline -0.004 -5"><span class='ocrx_word' id='word_1_389' title='bbox 456 4357 579 4396; x_wconf 82' lang='lat' dir='ltr'><strong>sero</strong></span> <span class='ocrx_word' id='word_1_390' title='bbox 613 4339 830 4394; x_wconf 87' lang='lat' dir='ltr'><strong>tandem</strong></span> <span class='ocrx_word' id='word_1_391' title='bbox 861 4354 980 4391; x_wconf 89' lang='lat' dir='ltr'><strong>mos</strong></span> <span class='ocrx_word' id='word_1_392' title='bbox 1013 4338 1101 4391; x_wconf 89' lang='lat' dir='ltr'><strong>ille</strong></span> <span class='ocrx_word' id='word_1_393' title='bbox 1133 4338 1186 4389; x_wconf 91' lang='lat' dir='ltr'><strong>in</strong></span> <span class='ocrx_word' id='word_1_394' title='bbox 1212 4336 1511 4391; x_wconf 77' lang='lat' dir='ltr'><strong>Ecclesium</strong></span> <span class='ocrx_word' id='word_1_395' title='bbox 1545 4337 1895 4392; x_wconf 89' lang='lat' dir='ltr'><strong>introductus</strong></span> <span class='ocrx_word' id='word_1_396' title='bbox 1919 4346 2023 4401; x_wconf 88' lang='lat' dir='ltr'><strong>est,</strong></span> 
     </span>
    </p>
   </div>
   <div class='ocr_carea' id='block_1_61' title="bbox 457 4426 2025 4499">
    <p class='ocr_par' dir='ltr' id='par_1_61' title="bbox 457 4426 2025 4499">
     <span class='ocr_line' id='line_1_61' title="bbox 457 4426 2025 4499; baseline -0.001 -14"><span class='ocrx_word' id='word_1_397' title='bbox 457 4441 517 4485; x_wconf 88' lang='lat' dir='ltr'><strong>ut</strong></span> <span class='ocrx_word' id='word_1_398' title='bbox 553 4428 946 4499; x_wconf 64' lang='lat' dir='ltr'><strong>paenitentibus</strong></span> <span class='ocrx_word' id='word_1_399' title='bbox 984 4426 1300 4481; x_wconf 88' lang='lat' dir='ltr'><strong>communio</strong></span> <span class='ocrx_word' id='word_1_400' title='bbox 1352 4428 1703 4495; x_wconf 85' lang='lat' dir='ltr'><strong>redderetur;</strong></span> <span class='ocrx_word' id='word_1_401' title='bbox 1752 4444 1930 4499; x_wconf 81' lang='lat' dir='ltr'><strong>neque</strong></span> <span class='ocrx_word' id='word_1_402' title='bbox 1974 4429 2025 4483; x_wconf 91' lang='lat' dir='ltr'><strong>id</strong></span> 
     </span>
    </p>
   </div>
   <div class='ocr_carea' id='block_1_62' title="bbox 2114 1970 3689 2042">
    <p class='ocr_par' dir='ltr' id='par_1_62' title="bbox 2114 1970 3689 2042">
     <span class='ocr_line' id='line_1_62' title="bbox 2114 1970 3689 2042; baseline 0.002 -17"><span class='ocrx_word' id='word_1_403' title='bbox 2114 1970 2255 2027; x_wconf 87' lang='lat' dir='ltr'><strong>hanc</strong></span> <span class='ocrx_word' id='word_1_404' title='bbox 2282 1987 2383 2042; x_wconf 87' lang='lat' dir='ltr'><strong>ego</strong></span> <span class='ocrx_word' id='word_1_405' title='bbox 2408 1983 2671 2038; x_wconf 89' lang='lat' dir='ltr'><strong>mentem,</strong></span> <span class='ocrx_word' id='word_1_406' title='bbox 2699 1974 2839 2027; x_wconf 91' lang='lat' dir='ltr'><strong>hanc</strong></span> <span class='ocrx_word' id='word_1_407' title='bbox 2863 1973 3187 2030; x_wconf 87' lang='lat' dir='ltr'><strong>sententiam</strong></span> <span class='ocrx_word' id='word_1_408' title='bbox 3208 1983 3353 2027; x_wconf 88' lang='lat' dir='ltr'><strong>tuam</strong></span> <span class='ocrx_word' id='word_1_409' title='bbox 3376 1980 3430 2027; x_wconf 80' lang='lat' dir='ltr'><strong>et</strong></span> <span class='ocrx_word' id='word_1_410' title='bbox 3450 1975 3689 2042; x_wconf 87' lang='lat' dir='ltr'><strong>veritati,</strong></span> 
     </span>
    </p>
   </div>
   <div class='ocr_carea' id='block_1_63' title="bbox 2111 2063 3691 2135">
    <p class='ocr_par' dir='ltr' id='par_1_63' title="bbox 2111 2063 3691 2135">
     <span class='ocr_line' id='line_1_63' title="bbox 2111 2063 3691 2135; baseline 0 -15"><span class='ocrx_word' id='word_1_411' title='bbox 2111 2070 2168 2120; x_wconf 86' lang='lat' dir='ltr'><strong>et</strong></span> <span class='ocrx_word' id='word_1_412' title='bbox 2199 2065 2550 2135; x_wconf 87' lang='lat' dir='ltr'><strong>antiquorum</strong></span> <span class='ocrx_word' id='word_1_413' title='bbox 2580 2064 2919 2131; x_wconf 87' lang='lat' dir='ltr'><strong>auctoritati,</strong></span> <span class='ocrx_word' id='word_1_414' title='bbox 2946 2073 3000 2119; x_wconf 90' lang='lat' dir='ltr'><strong>et</strong></span> <span class='ocrx_word' id='word_1_415' title='bbox 3026 2063 3284 2120; x_wconf 68' lang='lat' dir='ltr'><strong>Ecclesiae</strong></span> <span class='ocrx_word' id='word_1_416' title='bbox 3323 2065 3588 2129; x_wconf 91' lang='lat' dir='ltr'><strong>moribus,</strong></span> <span class='ocrx_word' id='word_1_417' title='bbox 3624 2083 3691 2120; x_wconf 90' lang='lat' dir='ltr'><strong>ne</strong></span> 
     </span>
    </p>
   </div>
   <div class='ocr_carea' id='block_1_64' title="bbox 2112 2155 3691 2227">
    <p class='ocr_par' dir='ltr' id='par_1_64' title="bbox 2112 2155 3691 2227">
     <span class='ocr_line' id='line_1_64' title="bbox 2112 2155 3691 2227; baseline 0.002 -18"><span class='ocrx_word' id='word_1_418' title='bbox 2112 2155 2244 2226; x_wconf 90' lang='lat' dir='ltr'><strong>quid</strong></span> <span class='ocrx_word' id='word_1_419' title='bbox 2275 2156 2500 2227; x_wconf 84' lang='lat' dir='ltr'><strong>gravius</strong></span> <span class='ocrx_word' id='word_1_420' title='bbox 2536 2156 2738 2216; x_wconf 87' lang='lat' dir='ltr'><strong>dicam,</strong></span> <span class='ocrx_word' id='word_1_421' title='bbox 2774 2170 2915 2227; x_wconf 82' lang='lat' dir='ltr'><strong>nego</strong></span> <span class='ocrx_word' id='word_1_422' title='bbox 2940 2170 3063 2211; x_wconf 89' lang='lat' dir='ltr'><strong>esse</strong></span> <span class='ocrx_word' id='word_1_423' title='bbox 3091 2164 3539 2211; x_wconf 88' lang='lat' dir='ltr'><strong>consentaneam.</strong></span> <span class='ocrx_word' id='word_1_424' title='bbox 3579 2157 3691 2212; x_wconf 89' lang='lat' dir='ltr'><strong>Iloc</strong></span> 
     </span>
    </p>
   </div>
   <div class='ocr_carea' id='block_1_65' title="bbox 2112 2245 3690 2315">
    <p class='ocr_par' dir='ltr' id='par_1_65' title="bbox 2112 2245 3690 2315">
     <span class='ocr_line' id='line_1_65' title="bbox 2112 2245 3690 2315; baseline -0.001 -14"><span class='ocrx_word' id='word_1_425' title='bbox 2112 2247 2256 2301; x_wconf 91' lang='lat' dir='ltr'><strong>enim</strong></span> <span class='ocrx_word' id='word_1_426' title='bbox 2292 2249 2616 2311; x_wconf 87' lang='lat' dir='ltr'><strong>constituto,</strong></span> <span class='ocrx_word' id='word_1_427' title='bbox 2662 2261 2845 2301; x_wconf 60' lang='lat' dir='ltr'><strong>causa:</strong></span> <span class='ocrx_word' id='word_1_428' title='bbox 2892 2246 3028 2301; x_wconf 86' lang='lat' dir='ltr'><strong>nihil</strong></span> <span class='ocrx_word' id='word_1_429' title='bbox 3074 2256 3318 2315; x_wconf 81' lang='lat' dir='ltr'><strong>apparet,</strong></span> <span class='ocrx_word' id='word_1_430' title='bbox 3371 2261 3472 2301; x_wconf 87' lang='lat' dir='ltr'><strong>cur</strong></span> <span class='ocrx_word' id='word_1_431' title='bbox 3507 2245 3690 2300; x_wconf 84' lang='lat' dir='ltr'><strong>Nova-</strong></span> 
     </span>
    </p>
   </div>
   <div class='ocr_carea' id='block_1_66' title="bbox 2113 2330 3687 2392">
    <p class='ocr_par' dir='ltr' id='par_1_66' title="bbox 2113 2330 3687 2392">
     <span class='ocr_line' id='line_1_66' title="bbox 2113 2330 3687 2392; baseline 0 -3"><span class='ocrx_word' id='word_1_432' title='bbox 2113 2337 2246 2391; x_wconf 84' lang='lat' dir='ltr'><strong>tinni</strong></span> <span class='ocrx_word' id='word_1_433' title='bbox 2300 2336 2597 2392; x_wconf 84' lang='lat' dir='ltr'><strong>divortium</strong></span> <span class='ocrx_word' id='word_1_434' title='bbox 2652 2352 2774 2391; x_wconf 92' lang='lat' dir='ltr'><strong>cum</strong></span> <span class='ocrx_word' id='word_1_435' title='bbox 2820 2330 3064 2391; x_wconf 88' lang='lat' dir='ltr'><strong>Ecclesia</strong></span> <span class='ocrx_word' id='word_1_436' title='bbox 3105 2334 3382 2391; x_wconf 88' lang='lat' dir='ltr'><strong>Catholica</strong></span> <span class='ocrx_word' id='word_1_437' title='bbox 3426 2335 3687 2390; x_wconf 79' lang='lat' dir='ltr'><strong>facerent.</strong></span> 
     </span>
    </p>
   </div>
   <div class='ocr_carea' id='block_1_67' title="bbox 2122 2426 3692 2498">
    <p class='ocr_par' dir='ltr' id='par_1_67' title="bbox 2122 2426 3692 2498">
     <span class='ocr_line' id='line_1_67' title="bbox 2122 2426 3692 2498; baseline 0 -16"><span class='ocrx_word' id='word_1_438' title='bbox 2122 2428 2266 2495; x_wconf 84' lang='lat' dir='ltr'><strong>Quid</strong></span> <span class='ocrx_word' id='word_1_439' title='bbox 2288 2428 2432 2483; x_wconf 88' lang='lat' dir='ltr'><strong>enim</strong></span> <span class='ocrx_word' id='word_1_440' title='bbox 2465 2436 2569 2493; x_wconf 82' lang='lat' dir='ltr'><strong>est,</strong></span> <span class='ocrx_word' id='word_1_441' title='bbox 2615 2427 2758 2497; x_wconf 90' lang='lat' dir='ltr'><strong>quod</strong></span> <span class='ocrx_word' id='word_1_442' title='bbox 2798 2427 3050 2484; x_wconf 65' lang='lat' dir='ltr'><strong>haeretica</strong></span> <span class='ocrx_word' id='word_1_443' title='bbox 3084 2427 3187 2482; x_wconf 89' lang='lat' dir='ltr'><strong>ista</strong></span> <span class='ocrx_word' id='word_1_444' title='bbox 3226 2426 3389 2482; x_wconf 81' lang='lat' dir='ltr'><strong>factio</strong></span> <span class='ocrx_word' id='word_1_445' title='bbox 3420 2428 3692 2498; x_wconf 59' lang='lat' dir='ltr'><strong>praecipue</strong></span> 
     </span>
    </p>
   </div>
   <div class='ocr_carea' id='block_1_68' title="bbox 2116 2519 3691 2591">
    <p class='ocr_par' dir='ltr' id='par_1_68' title="bbox 2116 2519 3691 2591">
     <span class='ocr_line' id='line_1_68' title="bbox 2116 2519 3691 2591; baseline 0 -18"><span class='ocrx_word' id='word_1_446' title='bbox 2116 2522 2433 2591; x_wconf 82' lang='lat' dir='ltr'><strong>pugnabat?</strong></span> <span class='ocrx_word' id='word_1_447' title='bbox 2466 2520 2673 2591; x_wconf 87' lang='lat' dir='ltr'><strong>Opinor</strong></span> <span class='ocrx_word' id='word_1_448' title='bbox 2702 2520 2884 2589; x_wconf 90' lang='lat' dir='ltr'><strong>lapsos</strong></span> <span class='ocrx_word' id='word_1_449' title='bbox 2911 2528 3245 2589; x_wconf 70' lang='lat' dir='ltr'><strong>cmterosque</strong></span> <span class='ocrx_word' id='word_1_450' title='bbox 3273 2528 3590 2589; x_wconf 89' lang='lat' dir='ltr'><strong>peccatores</strong></span> <span class='ocrx_word' id='word_1_451' title='bbox 3623 2519 3691 2573; x_wconf 91' lang='lat' dir='ltr'><strong>ad</strong></span> 
     </span>
    </p>
   </div>
   <div class='ocr_carea' id='block_1_69' title="bbox 2118 2611 3688 2682">
    <p class='ocr_par' dir='ltr' id='par_1_69' title="bbox 2118 2611 3688 2682">
     <span class='ocr_line' id='line_1_69' title="bbox 2118 2611 3688 2682; baseline 0.001 -17"><span class='ocrx_word' id='word_1_452' title='bbox 2118 2611 2375 2667; x_wconf 73' lang='lat' dir='ltr'><strong>Ecclesia:</strong></span> <span class='ocrx_word' id='word_1_453' title='bbox 2421 2626 2607 2682; x_wconf 89' lang='lat' dir='ltr'><strong>pacem</strong></span> <span class='ocrx_word' id='word_1_454' title='bbox 2647 2619 2701 2667; x_wconf 89' lang='lat' dir='ltr'><strong>et</strong></span> <span class='ocrx_word' id='word_1_455' title='bbox 2733 2612 3169 2667; x_wconf 89' lang='lat' dir='ltr'><strong>communionem</strong></span> <span class='ocrx_word' id='word_1_456' title='bbox 3202 2611 3420 2666; x_wconf 85' lang='lat' dir='ltr'><strong>nolebat</strong></span> <span class='ocrx_word' id='word_1_457' title='bbox 3454 2611 3688 2666; x_wconf 85' lang='lat' dir='ltr'><strong>admitti.</strong></span> 
     </span>
    </p>
   </div>
   <div class='ocr_carea' id='block_1_70' title="bbox 2114 2701 3686 2775">
    <p class='ocr_par' dir='ltr' id='par_1_70' title="bbox 2114 2701 3686 2775">
     <span class='ocr_line' id='line_1_70' title="bbox 2114 2701 3686 2775; baseline -0.001 -18"><span class='ocrx_word' id='word_1_458' title='bbox 2114 2702 2231 2758; x_wconf 87' lang='lat' dir='ltr'><strong>Non</strong></span> <span class='ocrx_word' id='word_1_459' title='bbox 2276 2705 2396 2760; x_wconf 82' lang='lat' dir='ltr'><strong>illos</strong></span> <span class='ocrx_word' id='word_1_460' title='bbox 2437 2718 2467 2757; x_wconf 88' lang='lat' dir='ltr'><strong>a</strong></span> <span class='ocrx_word' id='word_1_461' title='bbox 2506 2718 2601 2775; x_wconf 89' lang='lat' dir='ltr'><strong>spe</strong></span> <span class='ocrx_word' id='word_1_462' title='bbox 2630 2704 2803 2758; x_wconf 65' lang='lat' dir='ltr'><strong>venia:</strong></span> <span class='ocrx_word' id='word_1_463' title='bbox 2848 2719 2911 2758; x_wconf 88' lang='lat' dir='ltr'><strong>ac</strong></span> <span class='ocrx_word' id='word_1_464' title='bbox 2956 2702 3150 2758; x_wconf 90' lang='lat' dir='ltr'><strong>salutis</strong></span> <span class='ocrx_word' id='word_1_465' title='bbox 3178 2701 3543 2757; x_wconf 87' lang='lat' dir='ltr'><strong>excludebat:</strong></span> <span class='ocrx_word' id='word_1_466' title='bbox 3575 2717 3686 2756; x_wconf 92' lang='lat' dir='ltr'><strong>non</strong></span> 
     </span>
    </p>
   </div>
   <div class='ocr_carea' id='block_1_71' title="bbox 2116 2790 3688 2862">
    <p class='ocr_par' dir='ltr' id='par_1_71' title="bbox 2116 2790 3688 2862">
     <span class='ocr_line' id='line_1_71' title="bbox 2116 2790 3688 2862; baseline -0.003 -14"><span class='ocrx_word' id='word_1_467' title='bbox 2116 2794 2351 2849; x_wconf 86' lang='lat' dir='ltr'><strong>nlllatum</strong></span> <span class='ocrx_word' id='word_1_468' title='bbox 2403 2793 2556 2855; x_wconf 85' lang='lat' dir='ltr'><strong>illum</strong></span> <span class='ocrx_word' id='word_1_469' title='bbox 2604 2792 2915 2862; x_wconf 82' lang='lat' dir='ltr'><strong>donumque</strong></span> <span class='ocrx_word' id='word_1_470' title='bbox 2967 2792 3092 2857; x_wconf 87' lang='lat' dir='ltr'><strong>Dei,</strong></span> <span class='ocrx_word' id='word_1_471' title='bbox 3141 2790 3249 2847; x_wconf 84' lang='lat' dir='ltr'><strong>hoc</strong></span> <span class='ocrx_word' id='word_1_472' title='bbox 3296 2801 3380 2847; x_wconf 88' lang='lat' dir='ltr'><strong>est</strong></span> <span class='ocrx_word' id='word_1_473' title='bbox 3433 2790 3688 2845; x_wconf 89' lang='lat' dir='ltr'><strong>intimum</strong></span> 
     </span>
    </p>
   </div>
   <div class='ocr_carea' id='block_1_72' title="bbox 2114 2883 3689 2953">
    <p class='ocr_par' dir='ltr' id='par_1_72' title="bbox 2114 2883 3689 2953">
     <span class='ocr_line' id='line_1_72' title="bbox 2114 2883 3689 2953; baseline -0.001 -15"><span class='ocrx_word' id='word_1_474' title='bbox 2114 2884 2279 2938; x_wconf 91' lang='lat' dir='ltr'><strong>animi</strong></span> <span class='ocrx_word' id='word_1_475' title='bbox 2334 2898 2624 2939; x_wconf 73' lang='lat' dir='ltr'><strong>rnmrorem</strong></span> <span class='ocrx_word' id='word_1_476' title='bbox 2670 2898 2735 2938; x_wconf 90' lang='lat' dir='ltr'><strong>ac</strong></span> <span class='ocrx_word' id='word_1_477' title='bbox 2796 2883 3166 2953; x_wconf 76' lang='lat' dir='ltr'><strong>pmnitentiam</strong></span> <span class='ocrx_word' id='word_1_478' title='bbox 3215 2898 3246 2937; x_wconf 87' lang='lat' dir='ltr'><strong>a</strong></span> <span class='ocrx_word' id='word_1_479' title='bbox 3300 2883 3689 2952; x_wconf 84' lang='lat' dir='ltr'><strong>peccatoribus</strong></span> 
     </span>
    </p>
   </div>
   <div class='ocr_carea' id='block_1_73' title="bbox 2115 2973 3688 3044">
    <p class='ocr_par' dir='ltr' id='par_1_73' title="bbox 2115 2973 3688 3044">
     <span class='ocr_line' id='line_1_73' title="bbox 2115 2973 3688 3044; baseline -0.003 -15"><span class='ocrx_word' id='word_1_480' title='bbox 2115 2975 2524 3044; x_wconf 82' lang='lat' dir='ltr'><strong>ahjudicabant.</strong></span> <span class='ocrx_word' id='word_1_481' title='bbox 2590 2976 2701 3029; x_wconf 91' lang='lat' dir='ltr'><strong>lmo</strong></span> <span class='ocrx_word' id='word_1_482' title='bbox 2760 2974 3120 3029; x_wconf 86' lang='lat' dir='ltr'><strong>hortabantur</strong></span> <span class='ocrx_word' id='word_1_483' title='bbox 3166 2974 3231 3028; x_wconf 87' lang='lat' dir='ltr'><strong>ad</strong></span> <span class='ocrx_word' id='word_1_484' title='bbox 3290 2973 3688 3044; x_wconf 74' lang='lat' dir='ltr'><strong>pmnitentiam,</strong></span> 
     </span>
    </p>
   </div>
   <div class='ocr_carea' id='block_1_74' title="bbox 2116 3066 3693 3139">
    <p class='ocr_par' dir='ltr' id='par_1_74' title="bbox 2116 3066 3693 3139">
     <span class='ocr_line' id='line_1_74' title="bbox 2116 3066 3693 3139; baseline -0.003 -16"><span class='ocrx_word' id='word_1_485' title='bbox 2116 3068 2363 3139; x_wconf 87' lang='lat' dir='ltr'><strong>adeoque</strong></span> <span class='ocrx_word' id='word_1_486' title='bbox 2391 3067 2773 3138; x_wconf 73' lang='lat' dir='ltr'><strong>poenitentiam</strong></span> <span class='ocrx_word' id='word_1_487' title='bbox 2800 3066 3196 3132; x_wconf 86' lang='lat' dir='ltr'><strong>concedebant,</strong></span> <span class='ocrx_word' id='word_1_488' title='bbox 3253 3066 3359 3122; x_wconf 91' lang='lat' dir='ltr'><strong>hoc</strong></span> <span class='ocrx_word' id='word_1_489' title='bbox 3387 3074 3471 3121; x_wconf 88' lang='lat' dir='ltr'><strong>est</strong></span> <span class='ocrx_word' id='word_1_490' title='bbox 3501 3079 3693 3137; x_wconf 88' lang='lat' dir='ltr'><strong>appro-</strong></span> 
     </span>
    </p>
   </div>
   <div class='ocr_carea' id='block_1_75' title="bbox 2117 3156 3691 3214">
    <p class='ocr_par' dir='ltr' id='par_1_75' title="bbox 2117 3156 3691 3214">
     <span class='ocr_line' id='line_1_75' title="bbox 2117 3156 3691 3214; baseline -0.003 1"><span class='ocrx_word' id='word_1_491' title='bbox 2117 3159 2340 3214; x_wconf 82' lang='lat' dir='ltr'><strong>babunt.</strong></span> <span class='ocrx_word' id='word_1_492' title='bbox 2381 3159 2640 3214; x_wconf 86' lang='lat' dir='ltr'><strong>Socrates</strong></span> <span class='ocrx_word' id='word_1_493' title='bbox 2674 3156 3011 3213; x_wconf 84' lang='lat' dir='ltr'><strong>Novatianus</strong></span> <span class='ocrx_word' id='word_1_494' title='bbox 3056 3157 3124 3212; x_wconf 91' lang='lat' dir='ltr'><strong>de</strong></span> <span class='ocrx_word' id='word_1_495' title='bbox 3171 3167 3395 3212; x_wconf 89' lang='lat' dir='ltr'><strong>auctore</strong></span> <span class='ocrx_word' id='word_1_496' title='bbox 3434 3156 3691 3211; x_wconf 83' lang='lat' dir='ltr'><strong>factionis</strong></span> 
     </span>
    </p>
   </div>
   <div class='ocr_carea' id='block_1_76' title="bbox 2120 3248 3693 3320">
    <p class='ocr_par' dir='ltr' id='par_1_76' title="bbox 2120 3248 3693 3320">
     <span class='ocr_line' id='line_1_76' title="bbox 2120 3248 3693 3320; baseline -0.001 -15"><span class='ocrx_word' id='word_1_497' title='bbox 2120 3250 2350 3312; x_wconf 80' lang='lat' dir='ltr'><strong>Novato.</strong></span> <span class='ocrx_word' id='word_1_498' title='bbox 2386 3250 2481 3305; x_wconf 74' lang='lat' dir='ltr'><strong>lib.</strong></span> <span class='ocrx_word' id='word_1_499' title='bbox 2516 3267 2589 3315; x_wconf 79' lang='lat' dir='ltr'><strong>tv,</strong></span> <span class='ocrx_word' id='word_1_500' title='bbox 2623 3265 2742 3320; x_wconf 87' lang='lat' dir='ltr'><strong>cap.</strong></span> <span class='ocrx_word' id='word_1_501' title='bbox 2780 3250 2865 3313; x_wconf 82' lang='grc'><strong>15,</strong></span> <span class='ocrx_word' id='word_1_502' title='bbox 2908 3264 3163 3313; x_wconf 85' lang='lat' dir='ltr'><strong>narrans,</strong></span> <span class='ocrx_word' id='word_1_503' title='bbox 3205 3248 3495 3319; x_wconf 89' lang='lat' dir='ltr'><strong>scripsisse</strong></span> <span class='ocrx_word' id='word_1_504' title='bbox 3524 3248 3693 3303; x_wconf 77' lang='lat' dir='ltr'><strong>refert</strong></span> 
     </span>
    </p>
   </div>
   <div class='ocr_carea' id='block_1_77' title="bbox 2122 3340 3692 3414">
    <p class='ocr_par' dir='ltr' id='par_1_77' title="bbox 2122 3340 3692 3414">
     <span class='ocr_line' id='line_1_77' title="bbox 2122 3340 3692 3414; baseline -0.005 -15"><span class='ocrx_word' id='word_1_505' title='bbox 2122 3343 2298 3414; x_wconf 85' lang='lat' dir='ltr'><strong>ipsum</strong></span> <span class='ocrx_word' id='word_1_506' title='bbox 2338 3344 2457 3405; x_wconf 77' lang='grc' dir='ltr'><strong>ταῖς</strong></span> <span class='ocrx_word' id='word_1_507' title='bbox 2490 3342 2764 3413; x_wconf 72' lang='grc' dir='ltr'>πανταχοῦ</span> <span class='ocrx_word' id='word_1_508' title='bbox 2803 3340 3168 3413; x_wconf 79' lang='grc' dir='ltr'><strong>Ἐκκλησίαις,</strong></span> <span class='ocrx_word' id='word_1_509' title='bbox 3190 3342 3263 3412; x_wconf 87' lang='grc' dir='ltr'><strong>μὴ</strong></span> <span class='ocrx_word' id='word_1_510' title='bbox 3288 3340 3537 3410; x_wconf 78' lang='grc' dir='ltr'><strong>δέχεσθαι</strong></span> <span class='ocrx_word' id='word_1_511' title='bbox 3565 3342 3692 3403; x_wconf 63' lang='grc' dir='ltr'><strong>τοὺς</strong></span> 
     </span>
    </p>
   </div>
   <div class='ocr_carea' id='block_1_78' title="bbox 2121 3432 3693 3504">
    <p class='ocr_par' dir='ltr' id='par_1_78' title="bbox 2121 3432 3693 3504">
     <span class='ocr_line' id='line_1_78' title="bbox 2121 3432 3693 3504; baseline -0.001 -17"><span class='ocrx_word' id='word_1_512' title='bbox 2121 3433 2505 3497; x_wconf 80' lang='grc' dir='ltr'><strong>ὲπιτεθυκότας</strong></span> <span class='ocrx_word' id='word_1_513' title='bbox 2537 3435 2616 3497; x_wconf 76' lang='grc' dir='ltr'><strong>εἰς</strong></span> <span class='ocrx_word' id='word_1_514' title='bbox 2638 3434 2705 3488; x_wconf 79' lang='grc' dir='ltr'><strong>τὰ</strong></span> <span class='ocrx_word' id='word_1_515' title='bbox 2734 3433 3005 3504; x_wconf 83' lang='grc' dir='ltr'><strong>μυστήρια</strong></span> <span class='ocrx_word' id='word_1_516' title='bbox 3025 3448 3038 3463; x_wconf 85' lang='lat'><strong><em>°</em></strong></span> <span class='ocrx_word' id='word_1_517' title='bbox 3083 3432 3217 3485; x_wconf 77' lang='grc' dir='ltr'>ἀλλὰ</span> <span class='ocrx_word' id='word_1_518' title='bbox 3244 3432 3569 3503; x_wconf 77' lang='grc' dir='ltr'><strong>προτρέπειν</strong></span> <span class='ocrx_word' id='word_1_519' title='bbox 3595 3432 3693 3501; x_wconf 81' lang='grc' dir='ltr'><strong>μὲν</strong></span> 
     </span>
    </p>
   </div>
   <div class='ocr_carea' id='block_1_79' title="bbox 2122 3521 3693 3595">
    <p class='ocr_par' dir='ltr' id='par_1_79' title="bbox 2122 3521 3693 3595">
     <span class='ocr_line' id='line_1_79' title="bbox 2122 3521 3693 3595; baseline -0.004 -16"><span class='ocrx_word' id='word_1_520' title='bbox 2122 3526 2317 3588; x_wconf 76' lang='grc' dir='ltr'>αὐτοὺς</span> <span class='ocrx_word' id='word_1_521' title='bbox 2347 3526 2425 3589; x_wconf 80' lang='grc' dir='ltr'><strong>εἰς</strong></span> <span class='ocrx_word' id='word_1_522' title='bbox 2454 3524 2762 3595; x_wconf 82' lang='grc' dir='ltr'><strong>μετάνοιαν,</strong></span> <span class='ocrx_word' id='word_1_523' title='bbox 2797 3524 2895 3593; x_wconf 82' lang='grc' dir='ltr'><strong>τὴν</strong></span> <span class='ocrx_word' id='word_1_524' title='bbox 2926 3522 2982 3576; x_wconf 77' lang='grc' dir='ltr'>δὲ</span> <span class='ocrx_word' id='word_1_525' title='bbox 3009 3521 3353 3593; x_wconf 73' lang='grc' dir='ltr'><strong>συγχώρησιν</strong></span> <span class='ocrx_word' id='word_1_526' title='bbox 3378 3522 3693 3591; x_wconf 77' lang='grc' dir='ltr'><strong>ἐπιτρέπειν</strong></span> 
     </span>
    </p>
   </div>
   <div class='ocr_carea' id='block_1_80' title="bbox 2122 3614 3693 3688">
    <p class='ocr_par' dir='ltr' id='par_1_80' title="bbox 2122 3614 3693 3688">
     <span class='ocr_line' id='line_1_80' title="bbox 2122 3614 3693 3688; baseline -0.004 -19"><span class='ocrx_word' id='word_1_527' title='bbox 2122 3616 2240 3688; x_wconf 82' lang='grc' dir='ltr'><strong>Θεῷ</strong></span> <span class='ocrx_word' id='word_1_528' title='bbox 2274 3616 2351 3688; x_wconf 80' lang='grc' dir='ltr'><strong>τῷ</strong></span> <span class='ocrx_word' id='word_1_529' title='bbox 2397 3616 2679 3688; x_wconf 79' lang='grc' dir='ltr'>δυναμένῳ</span> <span class='ocrx_word' id='word_1_530' title='bbox 2736 3617 2827 3669; x_wconf 77' lang='grc' dir='ltr'>καὶ</span> <span class='ocrx_word' id='word_1_531' title='bbox 2872 3615 3119 3679; x_wconf 72' lang='grc' dir='ltr'><strong>ἐξουσίαν</strong></span> <span class='ocrx_word' id='word_1_532' title='bbox 3179 3614 3353 3685; x_wconf 79' lang='grc' dir='ltr'><strong>ἔχοντι</strong></span> <span class='ocrx_word' id='word_1_533' title='bbox 3395 3615 3693 3682; x_wconf 75' lang='grc' dir='ltr'>συγχωρεῖν</span> 
     </span>
    </p>
   </div>
   <div class='ocr_carea' id='block_1_81' title="bbox 2122 3701 3695 3778">
    <p class='ocr_par' dir='ltr' id='par_1_81' title="bbox 2122 3701 3695 3778">
     <span class='ocr_line' id='line_1_81' title="bbox 2122 3701 3695 3778; baseline -0.006 -18"><span class='ocrx_word' id='word_1_534' title='bbox 2122 3708 2513 3778; x_wconf 81' lang='grc' dir='ltr'><strong>ἁμαρτήματα.</strong></span> <span class='ocrx_word' id='word_1_535' title='bbox 2546 3705 2812 3760; x_wconf 77' lang='lat' dir='ltr'><strong>Universis</strong></span> <span class='ocrx_word' id='word_1_536' title='bbox 2849 3703 3121 3767; x_wconf 80' lang='lat' dir='ltr'><strong>Ecclesiis,</strong></span> <span class='ocrx_word' id='word_1_537' title='bbox 3163 3719 3225 3756; x_wconf 89' lang='lat' dir='ltr'><strong>ne</strong></span> <span class='ocrx_word' id='word_1_538' title='bbox 3266 3702 3441 3769; x_wconf 82' lang='lat' dir='ltr'><strong>lapsos</strong></span> <span class='ocrx_word' id='word_1_539' title='bbox 3482 3701 3549 3753; x_wconf 80' lang='lat' dir='ltr'><strong>ad</strong></span> <span class='ocrx_word' id='word_1_540' title='bbox 3582 3717 3695 3769; x_wconf 82' lang='lat' dir='ltr'><strong>my-</strong></span> 
     </span>
    </p>
   </div>
   <div class='ocr_carea' id='block_1_82' title="bbox 2124 3792 3696 3868">
    <p class='ocr_par' dir='ltr' id='par_1_82' title="bbox 2124 3792 3696 3868">
     <span class='ocr_line' id='line_1_82' title="bbox 2124 3792 3696 3868; baseline -0.006 -16"><span class='ocrx_word' id='word_1_541' title='bbox 2124 3800 2288 3853; x_wconf 81' lang='lat' dir='ltr'><strong>steria</strong></span> <span class='ocrx_word' id='word_1_542' title='bbox 2323 3799 2631 3868; x_wconf 83' lang='lat' dir='ltr'><strong>reciperent,</strong></span> <span class='ocrx_word' id='word_1_543' title='bbox 2660 3798 2749 3852; x_wconf 82' lang='lat' dir='ltr'><strong>sed</strong></span> <span class='ocrx_word' id='word_1_544' title='bbox 2785 3807 2841 3849; x_wconf 88' lang='lat' dir='ltr'><strong>ut</strong></span> <span class='ocrx_word' id='word_1_545' title='bbox 2885 3797 3028 3866; x_wconf 80' lang='lat' dir='ltr'><strong>ipsos</strong></span> <span class='ocrx_word' id='word_1_546' title='bbox 3070 3794 3138 3848; x_wconf 87' lang='lat' dir='ltr'><strong>ad</strong></span> <span class='ocrx_word' id='word_1_547' title='bbox 3177 3793 3536 3863; x_wconf 75' lang='lat' dir='ltr'><strong>pwnitentiam</strong></span> <span class='ocrx_word' id='word_1_548' title='bbox 3571 3792 3696 3843; x_wconf 82' lang='lat' dir='ltr'><strong>hor-</strong></span> 
     </span>
    </p>
   </div>
   <div class='ocr_carea' id='block_1_83' title="bbox 2126 3882 3693 3955">
    <p class='ocr_par' dir='ltr' id='par_1_83' title="bbox 2126 3882 3693 3955">
     <span class='ocr_line' id='line_1_83' title="bbox 2126 3882 3693 3955; baseline -0.006 -12"><span class='ocrx_word' id='word_1_549' title='bbox 2126 3900 2387 3955; x_wconf 72' lang='lat' dir='ltr'><strong>terentur,</strong></span> <span class='ocrx_word' id='word_1_550' title='bbox 2421 3887 2805 3943; x_wconf 81' lang='lat' dir='ltr'><strong>absolutionem</strong></span> <span class='ocrx_word' id='word_1_551' title='bbox 2838 3902 2956 3941; x_wconf 85' lang='lat' dir='ltr'><strong>vero</strong></span> <span class='ocrx_word' id='word_1_552' title='bbox 2987 3885 3094 3940; x_wconf 86' lang='lat' dir='ltr'><strong>Deo</strong></span> <span class='ocrx_word' id='word_1_553' title='bbox 3122 3885 3504 3954; x_wconf 82' lang='lat' dir='ltr'><strong>permitterent,</strong></span> <span class='ocrx_word' id='word_1_554' title='bbox 3529 3882 3620 3951; x_wconf 85' lang='lat' dir='ltr'><strong>qui</strong></span> <span class='ocrx_word' id='word_1_555' title='bbox 3643 3892 3693 3934; x_wconf 83' lang='lat' dir='ltr'><strong>et</strong></span> 
     </span>
    </p>
   </div>
   <div class='ocr_carea' id='block_1_84' title="bbox 2124 3973 3696 4053">
    <p class='ocr_par' dir='ltr' id='par_1_84' title="bbox 2124 3973 3696 4053">
     <span class='ocr_line' id='line_1_84' title="bbox 2124 3973 3696 4053; baseline -0.006 -17"><span class='ocrx_word' id='word_1_556' title='bbox 2124 3992 2292 4053; x_wconf 79' lang='lat' dir='ltr'><strong>potest</strong></span> <span class='ocrx_word' id='word_1_557' title='bbox 2317 3993 2366 4037; x_wconf 87' lang='lat' dir='ltr'><strong>et</strong></span> <span class='ocrx_word' id='word_1_558' title='bbox 2400 3981 2715 4051; x_wconf 79' lang='lat' dir='ltr'><strong>facultatem</strong></span> <span class='ocrx_word' id='word_1_559' title='bbox 2744 3980 2895 4033; x_wconf 82' lang='lat' dir='ltr'><strong>habet</strong></span> <span class='ocrx_word' id='word_1_560' title='bbox 2926 3987 3139 4048; x_wconf 87' lang='lat' dir='ltr'><strong>peccata</strong></span> <span class='ocrx_word' id='word_1_561' title='bbox 3172 3975 3491 4031; x_wconf 85' lang='lat' dir='ltr'><strong>condonare.</strong></span> <span class='ocrx_word' id='word_1_562' title='bbox 3517 3973 3696 4027; x_wconf 75' lang='lat' dir='ltr'><strong>Pmni-</strong></span> 
     </span>
    </p>
   </div>
   <div class='ocr_carea' id='block_1_85' title="bbox 2126 4067 3697 4144">
    <p class='ocr_par' dir='ltr' id='par_1_85' title="bbox 2126 4067 3697 4144">
     <span class='ocr_line' id='line_1_85' title="bbox 2126 4067 3697 4144; baseline -0.006 -15"><span class='ocrx_word' id='word_1_563' title='bbox 2126 4077 2348 4131; x_wconf 89' lang='lat' dir='ltr'><strong>tentiam</strong></span> <span class='ocrx_word' id='word_1_564' title='bbox 2394 4074 2560 4144; x_wconf 76' lang='lat' dir='ltr'><strong>igitur</strong></span> <span class='ocrx_word' id='word_1_565' title='bbox 2594 4072 2985 4137; x_wconf 86' lang='lat' dir='ltr'><strong>concedebant,</strong></span> <span class='ocrx_word' id='word_1_566' title='bbox 3038 4071 3140 4124; x_wconf 92' lang='lat' dir='ltr'><strong>hoc</strong></span> <span class='ocrx_word' id='word_1_567' title='bbox 3173 4080 3279 4132; x_wconf 86' lang='lat' dir='ltr'><strong>cSt,</strong></span> <span class='ocrx_word' id='word_1_568' title='bbox 3325 4067 3697 4139; x_wconf 79' lang='lat' dir='ltr'><strong>approbabunt</strong></span> 
     </span>
    </p>
   </div>
   <div class='ocr_carea' id='block_1_86' title="bbox 2126 4158 3698 4230">
    <p class='ocr_par' dir='ltr' id='par_1_86' title="bbox 2126 4158 3698 4230">
     <span class='ocr_line' id='line_1_86' title="bbox 2126 4158 3698 4230; baseline -0.006 -9"><span class='ocrx_word' id='word_1_569' title='bbox 2126 4165 2430 4222; x_wconf 87' lang='lat' dir='ltr'><strong>Novatiani.</strong></span> <span class='ocrx_word' id='word_1_570' title='bbox 2465 4164 2620 4230; x_wconf 87' lang='lat' dir='ltr'><strong>Quod</strong></span> <span class='ocrx_word' id='word_1_571' title='bbox 2651 4172 2705 4219; x_wconf 92' lang='lat' dir='ltr'><strong>ct</strong></span> <span class='ocrx_word' id='word_1_572' title='bbox 2749 4162 3025 4218; x_wconf 87' lang='lat' dir='ltr'><strong>Ambrosii</strong></span> <span class='ocrx_word' id='word_1_573' title='bbox 3050 4162 3216 4216; x_wconf 87' lang='lat' dir='ltr'><strong>verba</strong></span> <span class='ocrx_word' id='word_1_574' title='bbox 3255 4161 3359 4216; x_wconf 89' lang='lat' dir='ltr'><strong>ista</strong></span> <span class='ocrx_word' id='word_1_575' title='bbox 3391 4158 3698 4230; x_wconf 82' lang='lat' dir='ltr'><strong>signiﬁcant</strong></span> 
     </span>
    </p>
   </div>
   <div class='ocr_carea' id='block_1_87' title="bbox 2127 4249 3698 4324">
    <p class='ocr_par' dir='ltr' id='par_1_87' title="bbox 2127 4249 3698 4324">
     <span class='ocr_line' id='line_1_87' title="bbox 2127 4249 3698 4324; baseline -0.006 -14"><span class='ocrx_word' id='word_1_576' title='bbox 2127 4256 2221 4311; x_wconf 91' lang='lat' dir='ltr'><strong>lib.</strong></span> <span class='ocrx_word' id='word_1_577' title='bbox 2254 4271 2293 4319; x_wconf 86' lang='grc' dir='ltr'><strong>ι,</strong></span> <span class='ocrx_word' id='word_1_578' title='bbox 2334 4254 2411 4308; x_wconf 88' lang='lat' dir='ltr'><strong>De</strong></span> <span class='ocrx_word' id='word_1_579' title='bbox 2431 4254 2633 4324; x_wconf 75' lang='lat' dir='ltr'><strong>pwnit.,</strong></span> <span class='ocrx_word' id='word_1_580' title='bbox 2668 4251 2879 4324; x_wconf 57' lang='lat' dir='ltr'><strong>capui.</strong></span> <span class='ocrx_word' id='word_1_581' title='bbox 2907 4250 3047 4317; x_wconf 83' lang='lat' dir='ltr'><strong>Quid</strong></span> <span class='ocrx_word' id='word_1_582' title='bbox 3089 4261 3263 4305; x_wconf 89' lang='lat' dir='ltr'><strong>autem</strong></span> <span class='ocrx_word' id='word_1_583' title='bbox 3302 4249 3515 4315; x_wconf 80' lang='lat' dir='ltr'><strong>durius,</strong></span> <span class='ocrx_word' id='word_1_584' title='bbox 3539 4264 3698 4320; x_wconf 88' lang='lat' dir='ltr'><strong>quam</strong></span> 
     </span>
    </p>
   </div>
   <div class='ocr_carea' id='block_1_88' title="bbox 2127 4342 3696 4413">
    <p class='ocr_par' dir='ltr' id='par_1_88' title="bbox 2127 4342 3696 4413">
     <span class='ocr_line' id='line_1_88' title="bbox 2127 4342 3696 4413; baseline -0.004 -14"><span class='ocrx_word' id='word_1_585' title='bbox 2127 4356 2183 4399; x_wconf 83' lang='lat' dir='ltr'><strong>ut</strong></span> <span class='ocrx_word' id='word_1_586' title='bbox 2227 4346 2465 4400; x_wconf 82' lang='lat' dir='ltr'><strong>indicant</strong></span> <span class='ocrx_word' id='word_1_587' title='bbox 2508 4345 2897 4413; x_wconf 77' lang='lat' dir='ltr'><strong>paenitentiam,</strong></span> <span class='ocrx_word' id='word_1_588' title='bbox 2925 4358 3083 4413; x_wconf 82' lang='lat' dir='ltr'><strong>quam</strong></span> <span class='ocrx_word' id='word_1_589' title='bbox 3127 4358 3229 4396; x_wconf 89' lang='lat' dir='ltr'><strong>non</strong></span> <span class='ocrx_word' id='word_1_590' title='bbox 3273 4342 3554 4395; x_wconf 78' lang='lat' dir='ltr'><strong>relaa&#39;ent?</strong></span> <span class='ocrx_word' id='word_1_591' title='bbox 3591 4349 3696 4394; x_wconf 86' lang='lat' dir='ltr'><strong>etc.</strong></span> 
     </span>
    </p>
   </div>
   <div class='ocr_carea' id='block_1_89' title="bbox 2129 4430 3698 4504">
    <p class='ocr_par' dir='ltr' id='par_1_89' title="bbox 2129 4430 3698 4504">
     <span class='ocr_line' id='line_1_89' title="bbox 2129 4430 3698 4504; baseline -0.004 -13"><span class='ocrx_word' id='word_1_592' title='bbox 2129 4436 2231 4503; x_wconf 86' lang='lat' dir='ltr'><strong>Qui</strong></span> <span class='ocrx_word' id='word_1_593' title='bbox 2278 4436 2635 4504; x_wconf 63' lang='lat' dir='ltr'><strong>paenitentiam</strong></span> <span class='ocrx_word' id='word_1_594' title='bbox 2700 4434 2980 4489; x_wconf 77' lang='lat' dir='ltr'><strong>concedere</strong></span> <span class='ocrx_word' id='word_1_595' title='bbox 3021 4434 3156 4489; x_wconf 90' lang='lat' dir='ltr'><strong>nihil</strong></span> <span class='ocrx_word' id='word_1_596' title='bbox 3193 4448 3316 4490; x_wconf 81' lang='lat' dir='ltr'><strong>esse</strong></span> <span class='ocrx_word' id='word_1_597' title='bbox 3359 4440 3514 4503; x_wconf 90' lang='lat' dir='ltr'><strong>putat</strong></span> <span class='ocrx_word' id='word_1_598' title='bbox 3554 4430 3698 4486; x_wconf 88' lang='lat' dir='ltr'><strong>aliud</strong></span> 
     </span>
    </p>
   </div>
   <div class='ocr_carea' id='block_1_90' title="bbox 457 4518 3701 4598">
    <p class='ocr_par' dir='ltr' id='par_1_90' title="bbox 457 4518 3701 4598">
     <span class='ocr_line' id='line_1_90' title="bbox 457 4518 3701 4598; baseline -0.001 -21"><span class='ocrx_word' id='word_1_599' title='bbox 457 4520 675 4593; x_wconf 87' lang='lat' dir='ltr'><strong>quidem</strong></span> <span class='ocrx_word' id='word_1_600' title='bbox 731 4518 929 4589; x_wconf 87' lang='lat' dir='ltr'><strong>quovis</strong></span> <span class='ocrx_word' id='word_1_601' title='bbox 978 4530 1239 4587; x_wconf 88' lang='lat' dir='ltr'><strong>tempore,</strong></span> <span class='ocrx_word' id='word_1_602' title='bbox 1287 4518 1379 4572; x_wconf 92' lang='lat' dir='ltr'><strong>scd</strong></span> <span class='ocrx_word' id='word_1_603' title='bbox 1426 4519 1479 4572; x_wconf 91' lang='lat' dir='ltr'><strong>in</strong></span> <span class='ocrx_word' id='word_1_604' title='bbox 1520 4520 1715 4575; x_wconf 87' lang='lat' dir='ltr'><strong>mortis</strong></span> <span class='ocrx_word' id='word_1_605' title='bbox 1759 4520 2025 4574; x_wconf 80' lang='lat' dir='ltr'><strong>duntaxat</strong></span> <span class='ocrx_word' id='word_1_606' title='bbox 2059 4539 2100 4592; x_wconf 77' lang='grc' dir='ltr'>ο</span> <span class='ocrx_word' id='word_1_607' title='bbox 2130 4543 2294 4598; x_wconf 69' lang='lat' dir='ltr'><strong>quam</strong></span> <span class='ocrx_word' id='word_1_608' title='bbox 2322 4528 2524 4581; x_wconf 75' lang='lat' dir='ltr'><strong>donum</strong></span> <span class='ocrx_word' id='word_1_609' title='bbox 2568 4526 2697 4580; x_wconf 82' lang='lat' dir='ltr'><strong>illud</strong></span> <span class='ocrx_word' id='word_1_610' title='bbox 2746 4524 2862 4590; x_wconf 77' lang='lat' dir='ltr'><strong>Dei,</strong></span> <span class='ocrx_word' id='word_1_611' title='bbox 2908 4532 2963 4579; x_wconf 87' lang='lat' dir='ltr'><strong>et</strong></span> <span class='ocrx_word' id='word_1_612' title='bbox 3008 4524 3258 4595; x_wconf 85' lang='lat' dir='ltr'><strong>illapsum</strong></span> <span class='ocrx_word' id='word_1_613' title='bbox 3299 4524 3353 4578; x_wconf 86' lang='lat' dir='ltr'><strong>in</strong></span> <span class='ocrx_word' id='word_1_614' title='bbox 3396 4522 3701 4593; x_wconf 85' lang='lat' dir='ltr'><strong>peccatoris</strong></span> 
     </span>
    </p>
   </div>
   <div class='ocr_carea' id='block_1_91' title="bbox 460 4609 2027 4683">
    <p class='ocr_par' dir='ltr' id='par_1_91' title="bbox 460 4609 2027 4683">
     <span class='ocr_line' id='line_1_91' title="bbox 460 4609 2027 4683; baseline 0.001 -18"><span class='ocrx_word' id='word_1_615' title='bbox 460 4612 721 4683; x_wconf 79' lang='lat' dir='ltr'><strong>periculo.</strong></span> <span class='ocrx_word' id='word_1_616' title='bbox 759 4609 900 4680; x_wconf 82' lang='lat' dir='ltr'><strong>Ergo</strong></span> <span class='ocrx_word' id='word_1_617' title='bbox 939 4611 1013 4663; x_wconf 87' lang='lat' dir='ltr'><strong>ita</strong></span> <span class='ocrx_word' id='word_1_618' title='bbox 1052 4610 1335 4680; x_wconf 88' lang='lat' dir='ltr'><strong>disputas:</strong></span> <span class='ocrx_word' id='word_1_619' title='bbox 1370 4609 1568 4666; x_wconf 86' lang='lat' dir='ltr'><strong>Primis</strong></span> <span class='ocrx_word' id='word_1_620' title='bbox 1589 4610 2027 4666; x_wconf 87' lang='lat' dir='ltr'><strong>Christianorum</strong></span> 
     </span>
    </p>
   </div>
   <div class='ocr_carea' id='block_1_92' title="bbox 461 4702 2031 4773">
    <p class='ocr_par' dir='ltr' id='par_1_92' title="bbox 461 4702 2031 4773">
     <span class='ocr_line' id='line_1_92' title="bbox 461 4702 2031 4773; baseline -0.001 -16"><span class='ocrx_word' id='word_1_621' title='bbox 461 4702 825 4773; x_wconf 90' lang='lat' dir='ltr'><strong>temporibus,</strong></span> <span class='ocrx_word' id='word_1_622' title='bbox 850 4718 972 4773; x_wconf 75' lang='lat' dir='ltr'><strong>qua:</strong></span> <span class='ocrx_word' id='word_1_623' title='bbox 1005 4703 1481 4773; x_wconf 83' lang='lat' dir='ltr'><strong>persecutionibus</strong></span> <span class='ocrx_word' id='word_1_624' title='bbox 1510 4711 1669 4757; x_wconf 87' lang='lat' dir='ltr'><strong>erant</strong></span> <span class='ocrx_word' id='word_1_625' title='bbox 1697 4702 1915 4768; x_wconf 80' lang='lat' dir='ltr'><strong>infesta,</strong></span> <span class='ocrx_word' id='word_1_626' title='bbox 1948 4704 2031 4757; x_wconf 81' lang='lat' dir='ltr'><strong>af-</strong></span> 
     </span>
    </p>
   </div>
   <div class='ocr_carea' id='block_1_93' title="bbox 461 4792 2027 4864">
    <p class='ocr_par' dir='ltr' id='par_1_93' title="bbox 461 4792 2027 4864">
     <span class='ocr_line' id='line_1_93' title="bbox 461 4792 2027 4864; baseline -0.002 -14"><span class='ocrx_word' id='word_1_627' title='bbox 461 4798 601 4851; x_wconf 88' lang='lat' dir='ltr'><strong>tlatis</strong></span> <span class='ocrx_word' id='word_1_628' title='bbox 630 4796 734 4850; x_wconf 90' lang='lat' dir='ltr'><strong>illis</strong></span> <span class='ocrx_word' id='word_1_629' title='bbox 764 4809 827 4849; x_wconf 90' lang='lat' dir='ltr'><strong>ac</strong></span> <span class='ocrx_word' id='word_1_630' title='bbox 857 4795 1243 4864; x_wconf 78' lang='lat' dir='ltr'><strong>ptenitcntibus</strong></span> <span class='ocrx_word' id='word_1_631' title='bbox 1275 4801 1524 4864; x_wconf 79' lang='lat' dir='ltr'><strong>negatam</strong></span> <span class='ocrx_word' id='word_1_632' title='bbox 1554 4792 1820 4858; x_wconf 74' lang='lat' dir='ltr'><strong>funditus,</strong></span> <span class='ocrx_word' id='word_1_633' title='bbox 1847 4794 1928 4849; x_wconf 84' lang='lat' dir='ltr'><strong>vel</strong></span> <span class='ocrx_word' id='word_1_634' title='bbox 1974 4795 2027 4847; x_wconf 92' lang='lat' dir='ltr'><strong>in</strong></span> 
     </span>
    </p>
   </div>
   <div class='ocr_carea' id='block_1_94' title="bbox 469 4885 2034 4960">
    <p class='ocr_par' dir='ltr' id='par_1_94' title="bbox 469 4885 2034 4960">
     <span class='ocr_line' id='line_1_94' title="bbox 469 4885 2034 4960; baseline -0.001 -19"><span class='ocrx_word' id='word_1_635' title='bbox 469 4889 716 4960; x_wconf 81' lang='lat' dir='ltr'><strong>periculo</strong></span> <span class='ocrx_word' id='word_1_636' title='bbox 749 4889 964 4953; x_wconf 90' lang='lat' dir='ltr'><strong>mortis,</strong></span> <span class='ocrx_word' id='word_1_637' title='bbox 1016 4887 1409 4942; x_wconf 85' lang='lat' dir='ltr'><strong>absolutionem</strong></span> <span class='ocrx_word' id='word_1_638' title='bbox 1438 4902 1452 4939; x_wconf 89' lang='lat'><strong>:</strong></span> <span class='ocrx_word' id='word_1_639' title='bbox 1485 4885 1695 4941; x_wconf 88' lang='lat' dir='ltr'><strong>reddita</strong></span> <span class='ocrx_word' id='word_1_640' title='bbox 1727 4902 1856 4940; x_wconf 83' lang='lat' dir='ltr'><strong>vero</strong></span> <span class='ocrx_word' id='word_1_641' title='bbox 1891 4894 2034 4940; x_wconf 81' lang='lat' dir='ltr'><strong>tran-</strong></span> 
     </span>
    </p>
   </div>
   <div class='ocr_carea' id='block_1_95' title="bbox 465 4979 2035 5050">
    <p class='ocr_par' dir='ltr' id='par_1_95' title="bbox 465 4979 2035 5050">
     <span class='ocr_line' id='line_1_95' title="bbox 465 4979 2035 5050; baseline 0.002 -18"><span class='ocrx_word' id='word_1_642' title='bbox 465 4981 757 5050; x_wconf 87' lang='lat' dir='ltr'><strong>qnillitate,</strong></span> <span class='ocrx_word' id='word_1_643' title='bbox 802 4981 938 5035; x_wconf 86' lang='lat' dir='ltr'><strong>solis</strong></span> <span class='ocrx_word' id='word_1_644' title='bbox 962 4979 1322 5035; x_wconf 82' lang='lat' dir='ltr'><strong>morientibus</strong></span> <span class='ocrx_word' id='word_1_645' title='bbox 1344 4994 1465 5033; x_wconf 86' lang='lat' dir='ltr'><strong>esse</strong></span> <span class='ocrx_word' id='word_1_646' title='bbox 1494 4995 1836 5044; x_wconf 88' lang='lat' dir='ltr'><strong>concessam,</strong></span> <span class='ocrx_word' id='word_1_647' title='bbox 1870 4989 2035 5049; x_wconf 84' lang='lat' dir='ltr'><strong>atque</strong></span> 
     </span>
    </p>
   </div>
   <div class='ocr_carea' id='block_1_96' title="bbox 428 5070 2033 5140">
    <p class='ocr_par' dir='ltr' id='par_1_96' title="bbox 428 5070 2033 5140">
     <span class='ocr_line' id='line_1_96' title="bbox 428 5070 2033 5140; baseline -0.001 -14"><span class='ocrx_word' id='word_1_648' title='bbox 428 5072 431 5075; x_wconf 69' lang='grc'><em>’</em></span> <span class='ocrx_word' id='word_1_649' title='bbox 465 5087 533 5126; x_wconf 83' lang='lat' dir='ltr'><strong>ex</strong></span> <span class='ocrx_word' id='word_1_650' title='bbox 566 5086 631 5123; x_wconf 89' lang='lat' dir='ltr'><strong>eo</strong></span> <span class='ocrx_word' id='word_1_651' title='bbox 664 5071 783 5123; x_wconf 85' lang='lat' dir='ltr'><strong>solo</strong></span> <span class='ocrx_word' id='word_1_652' title='bbox 809 5071 1006 5140; x_wconf 80' lang='lat' dir='ltr'><strong>rapite,</strong></span> <span class='ocrx_word' id='word_1_653' title='bbox 1047 5070 1191 5139; x_wconf 89' lang='lat' dir='ltr'><strong>quod</strong></span> <span class='ocrx_word' id='word_1_654' title='bbox 1224 5072 1417 5125; x_wconf 85' lang='lat' dir='ltr'><strong>saltem</strong></span> <span class='ocrx_word' id='word_1_655' title='bbox 1454 5071 1812 5125; x_wconf 87' lang='lat' dir='ltr'><strong>morientibus</strong></span> <span class='ocrx_word' id='word_1_656' title='bbox 1839 5087 1937 5140; x_wconf 78' lang='lat' dir='ltr'><strong>pax</strong></span> <span class='ocrx_word' id='word_1_657' title='bbox 1980 5080 2033 5126; x_wconf 90' lang='lat' dir='ltr'><strong>et</strong></span> 
     </span>
    </p>
   </div>
   <div class='ocr_carea' id='block_1_97' title="bbox 469 5160 2035 5223">
    <p class='ocr_par' dir='ltr' id='par_1_97' title="bbox 469 5160 2035 5223">
     <span class='ocr_line' id='line_1_97' title="bbox 469 5160 2035 5223; baseline 0.002 -9"><span class='ocrx_word' id='word_1_658' title='bbox 469 5160 842 5214; x_wconf 82' lang='lat' dir='ltr'><strong>reconciliatio</strong></span> <span class='ocrx_word' id='word_1_659' title='bbox 885 5161 1238 5223; x_wconf 84' lang='lat' dir='ltr'><strong>tribueretur,</strong></span> <span class='ocrx_word' id='word_1_660' title='bbox 1275 5161 1608 5216; x_wconf 81' lang='lat' dir='ltr'><strong>Novatianos</strong></span> <span class='ocrx_word' id='word_1_661' title='bbox 1640 5178 1762 5218; x_wconf 84' lang='lat' dir='ltr'><strong>esse</strong></span> <span class='ocrx_word' id='word_1_662' title='bbox 1800 5162 2035 5217; x_wconf 81' lang='lat' dir='ltr'><strong>damna-</strong></span> 
     </span>
    </p>
   </div>
   <div class='ocr_carea' id='block_1_98' title="bbox 470 5250 2035 5310">
    <p class='ocr_par' dir='ltr' id='par_1_98' title="bbox 470 5250 2035 5310">
     <span class='ocr_line' id='line_1_98' title="bbox 470 5250 2035 5310; baseline 0.001 -3"><span class='ocrx_word' id='word_1_663' title='bbox 470 5262 575 5307; x_wconf 91' lang='lat' dir='ltr'><strong>tos.</strong></span> <span class='ocrx_word' id='word_1_664' title='bbox 625 5250 775 5305; x_wconf 84' lang='lat' dir='ltr'><strong>llauc</strong></span> <span class='ocrx_word' id='word_1_665' title='bbox 817 5260 963 5305; x_wconf 90' lang='lat' dir='ltr'><strong>tuam</strong></span> <span class='ocrx_word' id='word_1_666' title='bbox 1006 5252 1309 5305; x_wconf 83' lang='lat' dir='ltr'><strong>orationem</strong></span> <span class='ocrx_word' id='word_1_667' title='bbox 1351 5268 1413 5307; x_wconf 89' lang='lat' dir='ltr'><strong>ac</strong></span> <span class='ocrx_word' id='word_1_668' title='bbox 1445 5262 1678 5310; x_wconf 89' lang='lat' dir='ltr'><strong>mentem</strong></span> <span class='ocrx_word' id='word_1_669' title='bbox 1722 5271 1828 5310; x_wconf 89' lang='lat' dir='ltr'><strong>non</strong></span> <span class='ocrx_word' id='word_1_670' title='bbox 1860 5258 2035 5309; x_wconf 85' lang='lat' dir='ltr'><strong>solum</strong></span> 
     </span>
    </p>
   </div>
   <div class='ocr_carea' id='block_1_99' title="bbox 472 5342 2032 5414">
    <p class='ocr_par' dir='ltr' id='par_1_99' title="bbox 472 5342 2032 5414">
     <span class='ocr_line' id='line_1_99' title="bbox 472 5342 2032 5414; baseline 0.002 -14"><span class='ocrx_word' id='word_1_671' title='bbox 472 5346 584 5410; x_wconf 85' lang='lat' dir='ltr'><strong>illa,</strong></span> <span class='ocrx_word' id='word_1_672' title='bbox 615 5358 737 5414; x_wconf 72' lang='lat' dir='ltr'><strong>qua:</strong></span> <span class='ocrx_word' id='word_1_673' title='bbox 770 5358 837 5397; x_wconf 87' lang='lat' dir='ltr'><strong>ex</strong></span> <span class='ocrx_word' id='word_1_674' title='bbox 872 5358 992 5412; x_wconf 85' lang='lat' dir='ltr'><strong>pag.</strong></span> <span class='ocrx_word' id='word_1_675' title='bbox 1030 5342 1087 5408; x_wconf 71' lang='lat'><strong>2,</strong></span> <span class='ocrx_word' id='word_1_676' title='bbox 1132 5343 1311 5408; x_wconf 86' lang='lat' dir='ltr'><strong>retuli,</strong></span> <span class='ocrx_word' id='word_1_677' title='bbox 1352 5344 1763 5412; x_wconf 87' lang='lat' dir='ltr'><strong>demonstrant;</strong></span> <span class='ocrx_word' id='word_1_678' title='bbox 1814 5349 1903 5401; x_wconf 90' lang='lat' dir='ltr'><strong>uhi</strong></span> <span class='ocrx_word' id='word_1_679' title='bbox 1950 5363 2032 5403; x_wconf 83' lang='lat' dir='ltr'><strong>as-</strong></span> 
     </span>
    </p>
   </div>
   <div class='ocr_carea' id='block_1_100' title="bbox 469 5433 2041 5505">
    <p class='ocr_par' dir='ltr' id='par_1_100' title="bbox 469 5433 2041 5505">
     <span class='ocr_line' id='line_1_100' title="bbox 469 5433 2041 5505; baseline -0.002 -12"><span class='ocrx_word' id='word_1_680' title='bbox 469 5437 631 5500; x_wconf 88' lang='lat' dir='ltr'><strong>seris,</strong></span> <span class='ocrx_word' id='word_1_681' title='bbox 669 5435 911 5489; x_wconf 77' lang='lat' dir='ltr'><strong>swviente</strong></span> <span class='ocrx_word' id='word_1_682' title='bbox 936 5433 1355 5502; x_wconf 77' lang='lat' dir='ltr'><strong>persecutionum</strong></span> <span class='ocrx_word' id='word_1_683' title='bbox 1380 5436 1613 5503; x_wconf 75' lang='lat' dir='ltr'><strong>procella</strong></span> <span class='ocrx_word' id='word_1_684' title='bbox 1642 5438 1943 5505; x_wconf 76' lang='lat' dir='ltr'><strong>pwnitentes</strong></span> <span class='ocrx_word' id='word_1_685' title='bbox 1973 5438 2041 5491; x_wconf 83' lang='lat' dir='ltr'><strong>ad</strong></span> 
     </span>
    </p>
   </div>
   <div class='ocr_carea' id='block_1_101' title="bbox 468 5524 2040 5602">
    <p class='ocr_par' dir='ltr' id='par_1_101' title="bbox 468 5524 2040 5602">
     <span class='ocr_line' id='line_1_101' title="bbox 468 5524 2040 5602; baseline -0.001 -17"><span class='ocrx_word' id='word_1_686' title='bbox 468 5531 647 5585; x_wconf 72' lang='lat' dir='ltr'><strong>solum</strong></span> <span class='ocrx_word' id='word_1_687' title='bbox 688 5528 1047 5602; x_wconf 73' lang='lat' dir='ltr'><strong>pwnitentia-m</strong></span> <span class='ocrx_word' id='word_1_688' title='bbox 1083 5524 1345 5581; x_wconf 79' lang='lat' dir='ltr'><strong>admissos</strong></span> <span class='ocrx_word' id='word_1_689' title='bbox 1375 5527 1487 5581; x_wconf 76' lang='lat' dir='ltr'><strong>sine</strong></span> <span class='ocrx_word' id='word_1_690' title='bbox 1524 5544 1612 5597; x_wconf 80' lang='lat' dir='ltr'><strong>spe</strong></span> <span class='ocrx_word' id='word_1_691' title='bbox 1650 5532 2040 5585; x_wconf 84' lang='lat' dir='ltr'><strong>reconciliatio-</strong></span> 
     </span>
    </p>
   </div>
   <div class='ocr_carea' id='block_1_102' title="bbox 469 5616 2045 5692">
    <p class='ocr_par' dir='ltr' id='par_1_102' title="bbox 469 5616 2045 5692">
     <span class='ocr_line' id='line_1_102' title="bbox 469 5616 2045 5692; baseline 0.003 -18"><span class='ocrx_word' id='word_1_692' title='bbox 469 5620 594 5676; x_wconf 72' lang='lat' dir='ltr'><strong>nis:</strong></span> <span class='ocrx_word' id='word_1_693' title='bbox 646 5616 789 5679; x_wconf 75' lang='lat' dir='ltr'><strong>quod</strong></span> <span class='ocrx_word' id='word_1_694' title='bbox 841 5626 950 5672; x_wconf 86' lang='lat' dir='ltr'><strong>tam</strong></span> <span class='ocrx_word' id='word_1_695' title='bbox 996 5618 1063 5672; x_wconf 88' lang='lat' dir='ltr'><strong>de</strong></span> <span class='ocrx_word' id='word_1_696' title='bbox 1095 5618 1245 5673; x_wconf 83' lang='lat' dir='ltr'><strong>sanis</strong></span> <span class='ocrx_word' id='word_1_697' title='bbox 1292 5634 1355 5673; x_wconf 88' lang='lat' dir='ltr'><strong>ac</strong></span> <span class='ocrx_word' id='word_1_698' title='bbox 1397 5619 1726 5689; x_wconf 88' lang='lat' dir='ltr'><strong>valentibus,</strong></span> <span class='ocrx_word' id='word_1_699' title='bbox 1770 5638 1930 5692; x_wconf 88' lang='lat' dir='ltr'><strong>quam</strong></span> <span class='ocrx_word' id='word_1_700' title='bbox 1977 5625 2045 5679; x_wconf 91' lang='lat' dir='ltr'><strong>de</strong></span> 
     </span>
    </p>
   </div>
   <div class='ocr_carea' id='block_1_103' title="bbox 481 5708 2047 5783">
    <p class='ocr_par' dir='ltr' id='par_1_103' title="bbox 481 5708 2047 5783">
     <span class='ocr_line' id='line_1_103' title="bbox 481 5708 2047 5783; baseline 0.006 -24"><span class='ocrx_word' id='word_1_701' title='bbox 481 5708 824 5763; x_wconf 88' lang='lat' dir='ltr'><strong>moribundis</strong></span> <span class='ocrx_word' id='word_1_702' title='bbox 847 5713 1071 5780; x_wconf 78' lang='lat' dir='ltr'><strong>accipis.</strong></span> <span class='ocrx_word' id='word_1_703' title='bbox 1102 5708 1345 5780; x_wconf 80' lang='lat' dir='ltr'><strong>Suhjicis</strong></span> <span class='ocrx_word' id='word_1_704' title='bbox 1372 5710 1540 5777; x_wconf 88' lang='lat' dir='ltr'><strong>enim,</strong></span> <span class='ocrx_word' id='word_1_705' title='bbox 1566 5712 1840 5783; x_wconf 87' lang='lat' dir='ltr'><strong>disparem</strong></span> <span class='ocrx_word' id='word_1_706' title='bbox 1866 5731 1927 5768; x_wconf 90' lang='lat' dir='ltr'><strong>ac</strong></span> <span class='ocrx_word' id='word_1_707' title='bbox 1953 5716 2047 5770; x_wconf 87' lang='lat' dir='ltr'><strong>mi-</strong></span> 
     </span>
    </p>
   </div>
   <div class='ocr_carea' id='block_1_104' title="bbox 485 5798 2046 5877">
    <p class='ocr_par' dir='ltr' id='par_1_104' title="bbox 485 5798 2046 5877">
     <span class='ocr_line' id='line_1_104' title="bbox 485 5798 2046 5877; baseline 0.012 -29"><span class='ocrx_word' id='word_1_708' title='bbox 485 5798 677 5850; x_wconf 83' lang='lat' dir='ltr'><strong>tiorem</strong></span> <span class='ocrx_word' id='word_1_709' title='bbox 731 5800 1181 5858; x_wconf 87' lang='lat' dir='ltr'><strong>consuetudinem</strong></span> <span class='ocrx_word' id='word_1_710' title='bbox 1229 5803 1461 5860; x_wconf 90' lang='lat' dir='ltr'><strong>subinde</strong></span> <span class='ocrx_word' id='word_1_711' title='bbox 1497 5813 1789 5876; x_wconf 85' lang='lat' dir='ltr'><strong>receptam,</strong></span> <span class='ocrx_word' id='word_1_712' title='bbox 1822 5821 1942 5877; x_wconf 64' lang='lat' dir='ltr'><strong>qum</strong></span> <span class='ocrx_word' id='word_1_713' title='bbox 1980 5810 2046 5867; x_wconf 89' lang='lat' dir='ltr'><strong>de</strong></span> 
     </span>
    </p>
   </div>
   <div class='ocr_carea' id='block_1_105' title="bbox 2133 4613 3702 4689">
    <p class='ocr_par' dir='ltr' id='par_1_105' title="bbox 2133 4613 3702 4689">
     <span class='ocr_line' id='line_1_105' title="bbox 2133 4613 3702 4689; baseline -0.004 -16"><span class='ocrx_word' id='word_1_714' title='bbox 2133 4619 2374 4673; x_wconf 91' lang='lat' dir='ltr'><strong>animum</strong></span> <span class='ocrx_word' id='word_1_715' title='bbox 2443 4619 2676 4689; x_wconf 84' lang='lat' dir='ltr'><strong>probare</strong></span> <span class='ocrx_word' id='word_1_716' title='bbox 2730 4616 2997 4682; x_wconf 89' lang='lat' dir='ltr'><strong>dolorem,</strong></span> <span class='ocrx_word' id='word_1_717' title='bbox 3051 4615 3385 4671; x_wconf 88' lang='lat' dir='ltr'><strong>Novalianos</strong></span> <span class='ocrx_word' id='word_1_718' title='bbox 3443 4613 3702 4670; x_wconf 84' lang='lat' dir='ltr'><strong>fatebitur</strong></span> 
     </span>
    </p>
   </div>
   <div class='ocr_carea' id='block_1_106' title="bbox 2131 4705 3701 4778">
    <p class='ocr_par' dir='ltr' id='par_1_106' title="bbox 2131 4705 3701 4778">
     <span class='ocr_line' id='line_1_106' title="bbox 2131 4705 3701 4778; baseline -0.004 -14"><span class='ocrx_word' id='word_1_719' title='bbox 2131 4710 2473 4765; x_wconf 89' lang='lat' dir='ltr'><strong>concessisse</strong></span> <span class='ocrx_word' id='word_1_720' title='bbox 2524 4708 2925 4778; x_wconf 82' lang='lat' dir='ltr'><strong>pmnitentiam,</strong></span> <span class='ocrx_word' id='word_1_721' title='bbox 2989 4707 3235 4775; x_wconf 89' lang='lat' dir='ltr'><strong>adeoque</strong></span> <span class='ocrx_word' id='word_1_722' title='bbox 3284 4705 3420 4759; x_wconf 90' lang='lat' dir='ltr'><strong>nihil</strong></span> <span class='ocrx_word' id='word_1_723' title='bbox 3476 4706 3578 4758; x_wconf 89' lang='lat' dir='ltr'><strong>hac</strong></span> <span class='ocrx_word' id='word_1_724' title='bbox 3633 4718 3701 4757; x_wconf 82' lang='lat' dir='ltr'><strong>ex</strong></span> 
     </span>
    </p>
   </div>
   <div class='ocr_carea' id='block_1_107' title="bbox 2134 4794 3701 4873">
    <p class='ocr_par' dir='ltr' id='par_1_107' title="bbox 2134 4794 3701 4873">
     <span class='ocr_line' id='line_1_107' title="bbox 2134 4794 3701 4873; baseline -0.006 -17"><span class='ocrx_word' id='word_1_725' title='bbox 2134 4811 2284 4873; x_wconf 88' lang='lat' dir='ltr'><strong>parte</strong></span> <span class='ocrx_word' id='word_1_726' title='bbox 2311 4818 2339 4855; x_wconf 97' lang='lat' dir='ltr'><strong>a</strong></span> <span class='ocrx_word' id='word_1_727' title='bbox 2366 4801 2651 4856; x_wconf 76' lang='lat' dir='ltr'><strong>catholicis</strong></span> <span class='ocrx_word' id='word_1_728' title='bbox 2684 4799 3063 4869; x_wconf 87' lang='lat' dir='ltr'><strong>discrepasse;</strong></span> <span class='ocrx_word' id='word_1_729' title='bbox 3096 4813 3219 4851; x_wconf 87' lang='lat' dir='ltr'><strong>nam</strong></span> <span class='ocrx_word' id='word_1_730' title='bbox 3259 4796 3403 4867; x_wconf 90' lang='lat' dir='ltr'><strong>quod</strong></span> <span class='ocrx_word' id='word_1_731' title='bbox 3449 4797 3540 4862; x_wconf 91' lang='lat' dir='ltr'><strong>jus</strong></span> <span class='ocrx_word' id='word_1_732' title='bbox 3570 4794 3701 4848; x_wconf 89' lang='lat' dir='ltr'><strong>illud</strong></span> 
     </span>
    </p>
   </div>
   <div class='ocr_carea' id='block_1_108' title="bbox 2134 4886 3702 4963">
    <p class='ocr_par' dir='ltr' id='par_1_108' title="bbox 2134 4886 3702 4963">
     <span class='ocr_line' id='line_1_108' title="bbox 2134 4886 3702 4963; baseline -0.003 -18"><span class='ocrx_word' id='word_1_733' title='bbox 2134 4900 2354 4963; x_wconf 86' lang='lat' dir='ltr'><strong>peccata</strong></span> <span class='ocrx_word' id='word_1_734' title='bbox 2388 4890 2697 4944; x_wconf 84' lang='lat' dir='ltr'><strong>remittendi</strong></span> <span class='ocrx_word' id='word_1_735' title='bbox 2734 4905 2900 4959; x_wconf 81' lang='lat' dir='ltr'><strong>penes</strong></span> <span class='ocrx_word' id='word_1_736' title='bbox 2931 4889 3230 4944; x_wconf 88' lang='lat' dir='ltr'><strong>Ecclesiam</strong></span> <span class='ocrx_word' id='word_1_737' title='bbox 3255 4903 3376 4943; x_wconf 88' lang='lat' dir='ltr'><strong>esse</strong></span> <span class='ocrx_word' id='word_1_738' title='bbox 3412 4886 3702 4941; x_wconf 85' lang='lat' dir='ltr'><strong>Novatiani</strong></span> 
     </span>
    </p>
   </div>
   <div class='ocr_carea' id='block_1_109' title="bbox 2137 4979 3701 5054">
    <p class='ocr_par' dir='ltr' id='par_1_109' title="bbox 2137 4979 3701 5054">
     <span class='ocr_line' id='line_1_109' title="bbox 2137 4979 3701 5054; baseline -0.003 -18"><span class='ocrx_word' id='word_1_739' title='bbox 2137 4996 2396 5054; x_wconf 84' lang='lat' dir='ltr'><strong>praetcrea</strong></span> <span class='ocrx_word' id='word_1_740' title='bbox 2421 4989 2776 5051; x_wconf 83' lang='lat' dir='ltr'><strong>negaverunt,</strong></span> <span class='ocrx_word' id='word_1_741' title='bbox 2804 4982 3197 5037; x_wconf 88' lang='lat' dir='ltr'><strong>allirmantibus</strong></span> <span class='ocrx_word' id='word_1_742' title='bbox 3228 4981 3537 5045; x_wconf 89' lang='lat' dir='ltr'><strong>catholicis,</strong></span> <span class='ocrx_word' id='word_1_743' title='bbox 3570 4979 3701 5033; x_wconf 90' lang='lat' dir='ltr'><strong>nihil</strong></span> 
     </span>
    </p>
   </div>
   <div class='ocr_carea' id='block_1_110' title="bbox 2137 5072 3706 5143">
    <p class='ocr_par' dir='ltr' id='par_1_110' title="bbox 2137 5072 3706 5143">
     <span class='ocr_line' id='line_1_110' title="bbox 2137 5072 3706 5143; baseline -0.003 -13"><span class='ocrx_word' id='word_1_744' title='bbox 2137 5076 2203 5130; x_wconf 87' lang='lat' dir='ltr'><strong>ad</strong></span> <span class='ocrx_word' id='word_1_745' title='bbox 2254 5091 2365 5128; x_wconf 91' lang='lat' dir='ltr'><strong>rem</strong></span> <span class='ocrx_word' id='word_1_746' title='bbox 2404 5073 2679 5142; x_wconf 88' lang='lat' dir='ltr'><strong>pertinet:</strong></span> <span class='ocrx_word' id='word_1_747' title='bbox 2724 5074 2984 5143; x_wconf 89' lang='lat' dir='ltr'><strong>primum,</strong></span> <span class='ocrx_word' id='word_1_748' title='bbox 3032 5075 3162 5143; x_wconf 89' lang='lat' dir='ltr'><strong>quia</strong></span> <span class='ocrx_word' id='word_1_749' title='bbox 3213 5073 3481 5142; x_wconf 86' lang='lat' dir='ltr'><strong>superiori</strong></span> <span class='ocrx_word' id='word_1_750' title='bbox 3528 5072 3706 5142; x_wconf 87' lang='lat' dir='ltr'><strong>capite</strong></span> 
     </span>
    </p>
   </div>
   <div class='ocr_carea' id='block_1_111' title="bbox 2137 5162 3707 5234">
    <p class='ocr_par' dir='ltr' id='par_1_111' title="bbox 2137 5162 3707 5234">
     <span class='ocr_line' id='line_1_111' title="bbox 2137 5162 3707 5234; baseline -0.004 -14"><span class='ocrx_word' id='word_1_751' title='bbox 2137 5181 2335 5234; x_wconf 81' lang='lat' dir='ltr'><strong>negare</strong></span> <span class='ocrx_word' id='word_1_752' title='bbox 2364 5165 2512 5219; x_wconf 89' lang='lat' dir='ltr'><strong>visus</strong></span> <span class='ocrx_word' id='word_1_753' title='bbox 2535 5180 2614 5227; x_wconf 90' lang='lat' dir='ltr'><strong>cs,</strong></span> <span class='ocrx_word' id='word_1_754' title='bbox 2644 5164 2977 5219; x_wconf 81' lang='lat' dir='ltr'><strong>Novatiauos</strong></span> <span class='ocrx_word' id='word_1_755' title='bbox 3002 5164 3132 5219; x_wconf 92' lang='lat' dir='ltr'><strong>illud</strong></span> <span class='ocrx_word' id='word_1_756' title='bbox 3168 5164 3323 5218; x_wconf 92' lang='lat' dir='ltr'><strong>initio</strong></span> <span class='ocrx_word' id='word_1_757' title='bbox 3344 5162 3630 5225; x_wconf 82' lang='lat' dir='ltr'><strong>docuisse,-</strong></span> <span class='ocrx_word' id='word_1_758' title='bbox 3654 5168 3707 5214; x_wconf 88' lang='lat' dir='ltr'><strong>ct</strong></span> 
     </span>
    </p>
   </div>
   <div class='ocr_carea' id='block_1_112' title="bbox 2137 5254 3710 5333">
    <p class='ocr_par' dir='ltr' id='par_1_112' title="bbox 2137 5254 3710 5333">
     <span class='ocr_line' id='line_1_112' title="bbox 2137 5254 3710 5333; baseline -0.004 -21"><span class='ocrx_word' id='word_1_759' title='bbox 2137 5258 2397 5333; x_wconf 80' lang='lat' dir='ltr'><strong>gradibus</strong></span> <span class='ocrx_word' id='word_1_760' title='bbox 2445 5258 2773 5328; x_wconf 88' lang='lat' dir='ltr'><strong>quibusdam</strong></span> <span class='ocrx_word' id='word_1_761' title='bbox 2807 5273 2872 5312; x_wconf 89' lang='lat' dir='ltr'><strong>eo</strong></span> <span class='ocrx_word' id='word_1_762' title='bbox 2914 5258 3131 5311; x_wconf 90' lang='lat' dir='ltr'><strong>demum</strong></span> <span class='ocrx_word' id='word_1_763' title='bbox 3164 5255 3497 5327; x_wconf 85' lang='lat' dir='ltr'><strong>pervenisse.</strong></span> <span class='ocrx_word' id='word_1_764' title='bbox 3530 5254 3710 5319; x_wconf 72' lang='lat' dir='ltr'><strong>Quare</strong></span> 
     </span>
    </p>
   </div>
   <div class='ocr_carea' id='block_1_113' title="bbox 2141 5347 3709 5420">
    <p class='ocr_par' dir='ltr' id='par_1_113' title="bbox 2141 5347 3709 5420">
     <span class='ocr_line' id='line_1_113' title="bbox 2141 5347 3709 5420; baseline -0.005 -16"><span class='ocrx_word' id='word_1_765' title='bbox 2141 5351 2317 5420; x_wconf 88' lang='lat' dir='ltr'><strong>primo</strong></span> <span class='ocrx_word' id='word_1_766' title='bbox 2345 5351 2437 5404; x_wconf 93' lang='lat' dir='ltr'><strong>illo</strong></span> <span class='ocrx_word' id='word_1_767' title='bbox 2465 5351 2518 5404; x_wconf 93' lang='lat' dir='ltr'><strong>in</strong></span> <span class='ocrx_word' id='word_1_768' title='bbox 2559 5350 2762 5404; x_wconf 90' lang='lat' dir='ltr'><strong>erroris</strong></span> <span class='ocrx_word' id='word_1_769' title='bbox 2792 5351 2986 5418; x_wconf 85' lang='lat' dir='ltr'><strong>gradu,</strong></span> <span class='ocrx_word' id='word_1_770' title='bbox 3015 5349 3173 5403; x_wconf 90' lang='lat' dir='ltr'><strong>velim</strong></span> <span class='ocrx_word' id='word_1_771' title='bbox 3209 5347 3563 5417; x_wconf 86' lang='lat' dir='ltr'><strong>respondeas,</strong></span> <span class='ocrx_word' id='word_1_772' title='bbox 3610 5359 3709 5397; x_wconf 89' lang='lat' dir='ltr'><strong>cur</strong></span> 
     </span>
    </p>
   </div>
   <div class='ocr_carea' id='block_1_114' title="bbox 2142 5434 3706 5509">
    <p class='ocr_par' dir='ltr' id='par_1_114' title="bbox 2142 5434 3706 5509">
     <span class='ocr_line' id='line_1_114' title="bbox 2142 5434 3706 5509; baseline -0.007 -12"><span class='ocrx_word' id='word_1_773' title='bbox 2142 5458 2202 5497; x_wconf 84' lang='lat' dir='ltr'><strong>se</strong></span> <span class='ocrx_word' id='word_1_774' title='bbox 2251 5439 2584 5496; x_wconf 82' lang='lat' dir='ltr'><strong>Novatianus</strong></span> <span class='ocrx_word' id='word_1_775' title='bbox 2623 5456 2653 5493; x_wconf 87' lang='lat' dir='ltr'><strong>a</strong></span> <span class='ocrx_word' id='word_1_776' title='bbox 2699 5442 2984 5494; x_wconf 87' lang='lat' dir='ltr'><strong>catholicis</strong></span> <span class='ocrx_word' id='word_1_777' title='bbox 3029 5440 3149 5494; x_wconf 87' lang='lat' dir='ltr'><strong>ideo</strong></span> <span class='ocrx_word' id='word_1_778' title='bbox 3197 5439 3518 5509; x_wconf 81' lang='lat' dir='ltr'><strong>segregarit,</strong></span> <span class='ocrx_word' id='word_1_779' title='bbox 3566 5434 3706 5506; x_wconf 81' lang='lat' dir='ltr'><strong>quod</strong></span> 
     </span>
    </p>
   </div>
   <div class='ocr_carea' id='block_1_115' title="bbox 2149 5530 3708 5604">
    <p class='ocr_par' dir='ltr' id='par_1_115' title="bbox 2149 5530 3708 5604">
     <span class='ocr_line' id='line_1_115' title="bbox 2149 5530 3708 5604; baseline -0.006 -16"><span class='ocrx_word' id='word_1_780' title='bbox 2149 5534 2319 5604; x_wconf 89' lang='lat' dir='ltr'><strong>lapsis</strong></span> <span class='ocrx_word' id='word_1_781' title='bbox 2352 5550 2537 5603; x_wconf 89' lang='lat' dir='ltr'><strong>pacem</strong></span> <span class='ocrx_word' id='word_1_782' title='bbox 2571 5533 2636 5587; x_wconf 93' lang='lat' dir='ltr'><strong>ad</strong></span> <span class='ocrx_word' id='word_1_783' title='bbox 2666 5535 2873 5588; x_wconf 88' lang='lat' dir='ltr'><strong>veniam</strong></span> <span class='ocrx_word' id='word_1_784' title='bbox 2908 5533 3251 5588; x_wconf 85' lang='lat' dir='ltr'><strong>tribuendam</strong></span> <span class='ocrx_word' id='word_1_785' title='bbox 3300 5548 3407 5586; x_wconf 91' lang='lat' dir='ltr'><strong>non</strong></span> <span class='ocrx_word' id='word_1_786' title='bbox 3440 5530 3708 5589; x_wconf 87' lang='lat' dir='ltr'><strong>crederet,</strong></span> 
     </span>
    </p>
   </div>
   <div class='ocr_carea' id='block_1_116' title="bbox 2146 5623 3711 5693">
    <p class='ocr_par' dir='ltr' id='par_1_116' title="bbox 2146 5623 3711 5693">
     <span class='ocr_line' id='line_1_116' title="bbox 2146 5623 3711 5693; baseline -0.003 -11"><span class='ocrx_word' id='word_1_787' title='bbox 2146 5626 2190 5682; x_wconf 90' lang='lat' dir='ltr'><strong>si</strong></span> <span class='ocrx_word' id='word_1_788' title='bbox 2210 5626 2349 5680; x_wconf 90' lang='lat' dir='ltr'><strong>idem</strong></span> <span class='ocrx_word' id='word_1_789' title='bbox 2375 5635 2430 5680; x_wconf 91' lang='lat' dir='ltr'><strong>ct</strong></span> <span class='ocrx_word' id='word_1_790' title='bbox 2452 5625 2519 5679; x_wconf 93' lang='lat' dir='ltr'><strong>ab</strong></span> <span class='ocrx_word' id='word_1_791' title='bbox 2544 5624 2785 5680; x_wconf 86' lang='lat' dir='ltr'><strong>Ecclesia</strong></span> <span class='ocrx_word' id='word_1_792' title='bbox 2809 5626 3108 5679; x_wconf 76' lang='lat' dir='ltr'><strong>factitatum</strong></span> <span class='ocrx_word' id='word_1_793' title='bbox 3130 5624 3314 5679; x_wconf 81' lang='lat' dir='ltr'><strong>luerit.</strong></span> <span class='ocrx_word' id='word_1_794' title='bbox 3336 5623 3558 5685; x_wconf 90' lang='lat' dir='ltr'><strong>Deinde,</strong></span> <span class='ocrx_word' id='word_1_795' title='bbox 3585 5623 3711 5693; x_wconf 87' lang='lat' dir='ltr'><strong>quia</strong></span> 
     </span>
    </p>
   </div>
   <div class='ocr_carea' id='block_1_117' title="bbox 2146 5715 3708 5789">
    <p class='ocr_par' dir='ltr' id='par_1_117' title="bbox 2146 5715 3708 5789">
     <span class='ocr_line' id='line_1_117' title="bbox 2146 5715 3708 5789; baseline -0.006 -15"><span class='ocrx_word' id='word_1_796' title='bbox 2146 5718 2212 5774; x_wconf 88' lang='lat' dir='ltr'><strong>de</strong></span> <span class='ocrx_word' id='word_1_797' title='bbox 2238 5720 2381 5772; x_wconf 78' lang='lat' dir='ltr'><strong>iacto</strong></span> <span class='ocrx_word' id='word_1_798' title='bbox 2414 5719 2565 5789; x_wconf 90' lang='lat' dir='ltr'><strong>prius</strong></span> <span class='ocrx_word' id='word_1_799' title='bbox 2606 5732 2768 5787; x_wconf 90' lang='lat' dir='ltr'><strong>quam</strong></span> <span class='ocrx_word' id='word_1_800' title='bbox 2800 5716 2868 5773; x_wconf 89' lang='lat' dir='ltr'><strong>de</strong></span> <span class='ocrx_word' id='word_1_801' title='bbox 2908 5717 3030 5786; x_wconf 86' lang='lat' dir='ltr'><strong>jure</strong></span> <span class='ocrx_word' id='word_1_802' title='bbox 3064 5726 3208 5771; x_wconf 89' lang='lat' dir='ltr'><strong>mota</strong></span> <span class='ocrx_word' id='word_1_803' title='bbox 3242 5725 3326 5771; x_wconf 85' lang='lat' dir='ltr'><strong>est</strong></span> <span class='ocrx_word' id='word_1_804' title='bbox 3352 5716 3420 5770; x_wconf 89' lang='lat' dir='ltr'><strong>ab</strong></span> <span class='ocrx_word' id='word_1_805' title='bbox 3448 5715 3554 5769; x_wconf 89' lang='lat' dir='ltr'><strong>illis</strong></span> <span class='ocrx_word' id='word_1_806' title='bbox 3581 5730 3708 5767; x_wconf 85' lang='lat' dir='ltr'><strong>con-</strong></span> 
     </span>
    </p>
   </div>
   <div class='ocr_carea' id='block_1_118' title="bbox 2149 5805 3708 5881">
    <p class='ocr_par' dir='ltr' id='par_1_118' title="bbox 2149 5805 3708 5881">
     <span class='ocr_line' id='line_1_118' title="bbox 2149 5805 3708 5881; baseline -0.002 -16"><span class='ocrx_word' id='word_1_807' title='bbox 2149 5812 2435 5869; x_wconf 87' lang='lat' dir='ltr'><strong>troversia.</strong></span> <span class='ocrx_word' id='word_1_808' title='bbox 2467 5808 2643 5867; x_wconf 88' lang='lat' dir='ltr'><strong>Docco</strong></span> <span class='ocrx_word' id='word_1_809' title='bbox 2680 5810 2791 5881; x_wconf 86' lang='lat' dir='ltr'><strong>jam</strong></span> <span class='ocrx_word' id='word_1_810' title='bbox 2840 5808 3190 5866; x_wconf 81' lang='lat' dir='ltr'><strong>falsissimum</strong></span> <span class='ocrx_word' id='word_1_811' title='bbox 3232 5823 3377 5873; x_wconf 83' lang='lat' dir='ltr'><strong>esse.</strong></span> <span class='ocrx_word' id='word_1_812' title='bbox 3421 5806 3566 5880; x_wconf 89' lang='lat' dir='ltr'><strong>quod</strong></span> <span class='ocrx_word' id='word_1_813' title='bbox 3601 5805 3708 5862; x_wconf 79' lang='lat' dir='ltr'><strong>dis-</strong></span> 
     </span>
    </p>
   </div>
  </div>
