3978 6220
322 413 428 471 (illi

1456 415 1496 468 A
1509 410 1826 469 DVERSUS
1863 410 2029 469 MAT.
2076 411 2431 472 SlMONIUM.

3492 428 3588 483 CH

322 541 568 605 punctor
610 546 721 588 non
771 531 862 588 ille
896 529 1115 601 quidem
1150 531 1383 601 probat;
1426 533 1524 587 sed
1573 532 1914 604 Pythagoreo
1943 537 1989 594 Α
2020 534 2420 602 persecutionis
2448 535 2614 604 editi;
2644 538 2846 608 quibus
2864 551 3025 596 suum
3055 540 3328 612 plerisque
3349 544 3590 612 peccatis

326 642 478 681 more
513 625 855 698 pronuntiat,
903 624 1289 694 peccatoribus
1319 624 1491 679 solam
1537 626 1656 679 sine
1684 624 1909 678 absolu-

323 719 474 775 tione
526 714 789 769 tributam
847 729 971 769 esse
1027 714 1428 784 paenitentiam.
1486 713 1905 778 Tertullianus,

323 804 515 869 credo,
548 804 615 857 iis
658 804 794 872 ipsis
826 804 1169 872 temporibus
1195 803 1401 868 floruit,
1434 804 1635 874 quibus
1662 819 1908 872 persecu-

321 894 482 950 tionis
518 893 750 961 procella
791 893 1056 959 swviebat,
1103 893 1368 962 quibusve
1424 900 1678 962 negatam
1734 890 1910 961 pinni-

334 985 580 1041 tentibus
618 985 843 1039 omnino
877 999 1062 1055 pacem
1100 990 1397 1041 asseverat.
1442 985 1510 1037 At
1552 984 1642 1039 ille
1687 985 1782 1038 lib.
1831 983 1907 1037 De

327 1077 633 1148 prtescript.
660 1074 992 1131 Marcionem
1020 1074 1329 1140 Ponticum,
1357 1091 1516 1145 quem
1548 1084 1770 1146 propter
1797 1083 1909 1131 stu-

320 1185 481 1241 prum
533 1169 821 1239 cujusdam
862 1168 1091 1239 virginis
1133 1170 1202 1223 ab
1236 1168 1493 1223 Ecclesim
1523 1170 1906 1225 communione

321 1262 608 1331 abjectum
644 1277 767 1317 esse
795 1260 955 1325 dixit,
991 1260 1171 1325 docet,
1198 1261 1264 1316 ad
1293 1276 1478 1331 pacem
1509 1262 1902 1316 admittendum

320 1352 585 1407 Ecclesiae
613 1353 801 1417 fuisse,
829 1353 937 1407 nisi
970 1362 1149 1407 morte
1174 1360 1483 1423 praeventus
1513 1363 1676 1409 esset.
1709 1352 1903 1408 Pacem

316 1445 485 1516 igitur
514 1452 597 1498 tot
637 1445 727 1499 ille
766 1445 1064 1500 sceleribus
1103 1455 1395 1515 coopertus
1431 1452 1486 1499 et
1522 1442 1744 1500 infamis
1794 1444 1903 1499 liae-

318 1536 607 1591 resiarclia
674 1551 737 1591 ac
772 1536 1089 1607 sacrilegus.
1119 1537 1224 1591 nisi
1256 1545 1432 1592 morte
1462 1537 1607 1591 illam
1651 1546 1901 1593 antever-

316 1628 494 1690 tisset,
550 1626 841 1683 obtineret.
892 1625 1213 1683 Tertulliani
1248 1629 1413 1684 verba
1452 1639 1583 1685 sunt
1617 1646 1737 1701 cap.
1788 1631 1897 1685 30:

315 1718 671 1772 Postmodum
722 1717 968 1772 Marcion
1016 1720 1376 1787 ptenitentiam
1430 1720 1726 1790 confessus,
1782 1738 1899 1774 cum

314 1808 618 1862 conditioni
652 1807 793 1861 datae
842 1809 943 1863 sibi
976 1810 1223 1873 occurrit,
1259 1812 1335 1864 ita
1364 1828 1544 1881 pacem
1574 1823 1896 1881 recepturus,

2012 626 2349 694 pmnitentiae
2398 635 2612 698 tempus
2657 631 3019 698 describitur,
3073 640 3127 687 et
3171 634 3224 687 in
3266 636 3371 687 line
3431 636 3589 704 μέθε-

2013 713 2114 780 ξις,
2171 715 2487 769 communio
2533 718 2910 788 absolutioque
2946 719 3287 789 proponitur.
3322 721 3587 790 Serapion

2011 803 2103 859 ille
2148 805 2454 869 confessor,
2511 808 2672 873 cujus
2722 810 2968 864 meminit
3019 809 3289 866 Eusebius
3348 810 3444 864 lib.
3507 826 3587 873 vr,

2004 910 2132 965 cap.
2176 895 2269 960 26,
2306 895 2510 951 Ecclcs.
2559 899 2747 952 histor.
2787 900 2933 969 quod
2976 901 3136 956 idolis
3196 902 3585 965 sacriticasset,

2009 987 2100 1041 diu
2133 986 2393 1057 rejectus,
2425 988 2528 1041 sub
2559 988 2740 1059 ipsum
2774 992 2966 1045 mortis
2996 1000 3211 1061 tempus
3241 994 3305 1047 ad
3332 1008 3585 1048 commu-

2012 1077 2231 1132 nionem
2265 1077 2532 1133 Dominici
2569 1080 2818 1148 corporis
2847 1089 2931 1135 est
2956 1082 3232 1137 admissus
3260 1101 3273 1137 :
3304 1084 3448 1153 quod
3473 1099 3501 1136 a
3530 1100 3589 1138 se

2008 1170 2331 1223 mandatum
2354 1187 2478 1226 esse
2510 1170 2804 1241 Dionysius
2828 1172 3229 1227 Alexandrinus
3258 1178 3422 1229 rel'ert
3445 1176 3586 1245 apud

2007 1258 2355 1315 Eusebium:
2404 1262 2652 1333 Ἐντολῆς
2699 1263 2792 1314 ὑπ’
2842 1262 2975 1333 ἐμοῦ
3025 1263 3344 1335 δεδομένης,
3388 1266 3584 1336 inqut,

2004 1349 2130 1413 τοὺς
2163 1350 2667 1422 ἀπαλλαττομένους
2700 1353 2791 1406 τοῦ
2829 1352 2964 1423 βίον,
3014 1357 3061 1407 εἰ
3105 1356 3327 1421 δέοιντο,
3369 1360 3463 1411 καὶ
3492 1361 3590 1428 pai-

2004 1440 2161 1495 λιστα
2202 1444 2249 1495 εἰ
2284 1444 2378 1495 καὶ
2420 1444 2681 1514 πρότερον
2738 1446 3113 1511 ἱκετεύσαντες
3161 1448 3395 1519 τύχοιεν,
3441 1451 3595 1521 ἀφίε-

2015 1532 2160 1586 σοαι.
2197 1531 2457 1587 Mandata
2491 1551 2523 1586 a
2560 1552 2638 1587 me
2663 1535 2828 1599 edito,
2866 1547 2920 1590 ut
2952 1539 3286 1603 moribundi,
3336 1543 3381 1594 si
3412 1540 3463 1593 id
3494 1558 3586 1611 po-

2012 1622 2274 1676 stularent
2296 1663 2312 1688 ,
2355 1626 2651 1691 prwsertim
2684 1628 2731 1679 si
2777 1637 2934 1681 antea
2962 1629 3371 1697 supplicassem,
3408 1630 3584 1685 absol-

2008 1724 2271 1769 verentur.
2304 1713 2540 1794 Proinde
2567 1730 2675 1770 non
2703 1718 2927 1771 dubium
2956 1728 3061 1782 est,
3087 1720 3219 1789 quin
3248 1729 3373 1774 ante
3398 1737 3583 1789 pacem

2002 1800 2259 1857 Ecclesia:
2283 1804 2575 1869 redditam,
2600 1822 2783 1876 neque
2812 1814 2969 1863 tanto
2996 1818 3119 1879 post
3145 1810 3576 1866 Novatianorum

304 1901 360 1954 ,εί
391 1909 617 1955 (mero;
648 1917 871 1970 quoque,
915 1918 1043 1972 quos
1070 1902 1358 1971 perditioni
1391 1903 1675 1969 erudisset,
1711 1904 1897 1959 Eccle-
1931 1875 1973 1930 Β
2001 1900 2182 1946 ortum
2237 1894 2546 1963 intervallo,
2606 1898 2950 1954 nioribundis
3004 1916 3107 1969 pax
3164 1910 3213 1955 ct
3264 1904 3584 1956 communio

314 1990 405 2043 sier
436 1990 764 2056 restitueret,
807 2001 976 2045 morte
1004 2002 1299 2061 prteventus
1335 2001 1431 2048 est.

380 2081 462 2135 Ad
499 2082 617 2136 haec
657 2084 782 2150 quis
813 2083 1003 2137 eodem
1040 2085 1242 2137 saeculo
1282 2085 1479 2150 nescit,
1520 2085 1891 2155 nequidquam

312 2171 649 2226 reclamante
672 2169 1011 2224 Tcrtulliano
1047 2166 1181 2241 jam‘
1221 2170 1500 2236 liaaretico,
1538 2187 1722 2241 paceni
1760 2186 1895 2224 nite-

311 2264 429 2318 cliis
475 2271 607 2333 post
654 2265 1031 2333 pmnitentiam
1078 2278 1107 2317 a
1152 2259 1470 2335 Zephyrino
1517 2266 1794 2334 pontilice,
1844 2275 1895 2319 et

311 2356 606 2410 catholicis
640 2356 812 2410 fuisse
836 2370 1157 2410 concessam
1179 2356 1202 2409 ?
1222 2355 1472 2410 Nondum
1506 2355 1760 2413 Ecclesia:
1789 2372 1895 2426 pax

312 2458 430 2504 erat
465 2448 706 2512 reddita,
738 2457 786 2502 ct
825 2450 1274 2519 persecutionum
1306 2449 1486 2504 adhuc
1514 2450 1750 2520 procella
1794 2464 1896 2503 sae-

312 2540 523 2606 viebat,
563 2554 687 2593 cum
718 2539 938 2593 veniam
979 2554 1076 2593 seu
1108 2549 1460 2609 peccatorum
1494 2540 1891 2596 absolutionem

216 2654 219 2657 ν
308 2632 449 2687 vivis
479 2631 709 2702 perinde
738 2648 800 2686 ac
825 2632 1186 2689 morientibus
1211 2634 1449 2688 ostendit
1479 2633 1719 2689 Ecclesia
1744 2651 1756 2686 :
1794 2648 1894 2687 nec

309 2723 492 2778 solum
542 2721 924 2792 pmnitentia-m
971 2722 1315 2791 approbavit,
1363 2722 1456 2776 sed
1505 2729 1558 2776 et
1605 2736 1789 2791 pacem
1830 2735 1893 2774 ac

308 2815 819 2871 reconciliationem
881 2815 1285 2869 communionis
1340 2814 1588 2868 indulsit.
1637 2812 1780 2866 Vixit
1839 2819 1893 2864 et

310 2907 571 2963 saeviente
597 2909 1037 2977 persecutionum
1068 2907 1328 2977 procella,
1362 2906 1604 2959 nondum
1633 2904 1893 2957 Ecclesiae

312 2998 533 3052 reddita
575 3012 728 3067 pace,
774 2996 1107 3067 Cyprianus,
1153 2997 1345 3052 iisdem
1388 2996 1591 3066 quibus
1632 2994 1889 3048 Novatia-

313 3103 514 3144 norum
562 3088 790 3144 haeresis
832 3094 1022 3142 exorta
1052 3094 1137 3143 est
1170 3088 1530 3156 temporibus.
1570 3086 1771 3141 Scribit
1802 3086 1891 3138 ille

2001 1983 2252 2035 restituta
2286 1985 2470 2047 fuerit,
2504 1986 2651 2055 quod
2679 1994 2732 2041 et
2764 1989 2967 2057 passim
3000 1990 3308 2060 Cyprianus
3346 2007 3578 2062 usurpa-

2001 2080 2114 2127 tum
2147 2088 2177 2126 a
2217 2090 2276 2129 se
2304 2082 2543 2130 testatur
2576 2078 2630 2131 in
2661 2080 2930 2149 epistolis.

2078 2164 2196 2230 Quo
2263 2167 2435 2236 magis
2492 2168 2736 2223 admiror
2776 2185 2839 2225 ea
2902 2179 2951 2225 te
3007 2170 3268 2227 scientem
3315 2174 3577 2239 scribere,

1998 2273 2118 2327 qua:
2161 2269 2268 2311 tam
2300 2268 2487 2328 aperte
2522 2259 2867 2327 Tertulliani,
2912 2262 3191 2332 Cypriani,
3240 2267 3577 2334 reliquorum

1997 2349 2242 2402 Omnium
2278 2351 2610 2419 scriptorum
2639 2360 2694 2405 et
2731 2367 3005 2407 canonum
3038 2356 3351 2411 auctoritati
3419 2374 3578 2428 repu-

1996 2448 2187 2510 gnent,
2227 2448 2285 2493 ut
2311 2440 2379 2495 de
2408 2456 2598 2495 eorum
2630 2441 2870 2499 falsitate
2896 2443 3074 2499 cuivis
3109 2444 3195 2498 vel
3228 2446 3578 2502 mediocriter

1993 2530 2193 2584 barum
2243 2547 2425 2586 rerum
2471 2534 2799 2605 intelligenti
2844 2543 3083 2590 constet.
3135 2535 3276 2602 Quid
3306 2538 3453 2608 quod
3487 2556 3579 2593 ea-

2002 2629 2125 2683 dem
2171 2629 2263 2681 illa
2310 2639 2401 2684 tua
2442 2631 2696 2685 doctrina
2742 2645 2867 2684 cum
2912 2632 2999 2697 iis,
3039 2648 3159 2702 qum
3187 2633 3362 2702 primo
3396 2636 3577 2704 capite

2002 2724 2291 2787 docueras,
2353 2721 2805 2776 manifestissime
2869 2724 3114 2794 pugnat?
3176 2724 3310 2779 Nam
3369 2727 3422 2779 in
3483 2728 3576 2780 illo

2002 2818 2201 2885 capite,
2228 2831 2349 2884 pag.
2370 2814 2423 2876 6,
2447 2813 2728 2868 decretum
2760 2815 2891 2868 illud
2918 2814 3144 2868 limnani
3166 2817 3407 2880 concilii,
3428 2818 3572 2885 quod

1996 2902 2284 2958 Novatiani
2314 2912 2559 2971 tempore
2584 2901 2917 2955 celebratum
2942 2910 3044 2966 est,
3077 2917 3141 2957 ex
3175 2902 3411 2957 Eusebio
3444 2921 3573 2973 pro-

1997 2996 2125 3058 fers,
2156 2994 2311 3063 quod
2350 2992 2639 3053 Novatum,
2684 2992 2897 3059 ejusque
2945 2992 3177 3054 fautores
3219 3003 3369 3046 tanta
3394 3010 3576 3062 snper-

1994 3084 2082 3137 bia
2123 3085 2358 3153 inﬂatos,
2399 3091 2447 3134 et
2492 3091 2745 3151 quotquot
2793 3080 2939 3133 illius
2981 3082 3434 3137 inltumanissima'
3461 3096 3509 3139 et
3540 3102 3573 3140 a

310 3180 591 3249 epistolam
622 3180 691 3234 ad
719 3180 1105 3243 Antonianum,
1136 3194 1256 3249 qua:
1275 3186 1356 3232 est
1390 3179 1425 3232 2
1460 3178 1582 3233 libri
1613 3193 1701 3231 tv:
1740 3175 1883 3228 Nam
1913 3203 1955 3262 ε
1993 3176 2233 3245 fraterna
2287 3174 2549 3228 clraritate
2582 3173 2925 3227 alienissima:
2966 3175 3198 3242 opinioni
3248 3179 3573 3231 assentiren-

310 3278 359 3323 et
390 3269 629 3332 mtechis,
669 3269 870 3339 inquit,
907 3286 940 3323 a
978 3268 1126 3322 nobis
1162 3269 1480 3337 paenitentia:
1522 3278 1721 3336 tempus
1760 3283 1887 3320 con-

312 3364 541 3424 ceditur,
566 3372 615 3415 et
646 3377 751 3430 pua:
779 3361 962 3414 datur.
994 3361 1123 3415 Item
1152 3379 1166 3415 :
1207 3360 1374 3413 Miror
1405 3368 1599 3421 autem,
1630 3359 1887 3427 quosdam

313 3456 389 3505 sic
432 3452 725 3506 obstinatos
778 3468 911 3517 esse,
968 3462 1024 3505 ut
1061 3451 1295 3505 dandam
1347 3452 1510 3519 lapsis
1550 3467 1652 3505 non
1704 3461 1885 3521 putent

311 3544 693 3609 paenitentiam,
748 3553 838 3596 aut
904 3542 1269 3611 penitentibus
1320 3544 1619 3597 existiment
1682 3544 1885 3596 veniam

312 3633 695 3704 denegandam.
729 3633 992 3689 Praeterea
1027 3636 1164 3688 libro
1185 3633 1252 3688 de
1277 3635 1447 3705 lapsis
1478 3635 1530 3688 id
1566 3651 1730 3689 unum
1762 3650 1885 3705 que-

315 3726 474 3788 ritur,
508 3726 644 3796 quod
681 3736 801 3779 ante
840 3727 1052 3793 expiata
1091 3726 1305 3787 delicta,
1358 3734 1478 3778 ante
1515 3726 1883 3793 exlromologe—

314 3818 397 3869 sin
461 3816 658 3885 [actam
701 3816 962 3879 criminis,
1007 3826 1128 3870 ante
1182 3826 1463 3885 purgatam
1509 3819 1883 3871 conscientiam

311 3910 577 3977 sacriﬁcio
620 3918 668 3961 et
706 3926 865 3962 manu
895 3908 1209 3970 sacerdotis,
1256 3918 1375 3962 ante
1408 3909 1664 3977 oﬂensam
1700 3909 1884 3977 placa-

315 4007 423 4049 tam
439 3997 764 4067 indignantis
784 3997 992 4051 Domini
1004 4008 1052 4051 et
1072 4000 1338 4059 minantis,
1354 4014 1533 4066 pacem
1548 4010 1734 4068 putant
1749 4018 1881 4063 esse,

311 4104 469 4157 quam
500 4088 714 4156 quidam
748 4087 911 4143 verbis
943 4088 1225 4155 fallacibus
1261 4089 1549 4142 venditant.
1584 4088 1658 4143 De
1690 4106 1798 4158 quo
1827 4100 1881 4144 et

312 4180 442 4234 alibi
472 4182 675 4250 passim
709 4180 1051 4248 expostulat,
1093 4179 1327 4233 maxime
1354 4180 1514 4248 epist.
1548 4181 1631 4244 10,
1664 4186 1731 4234 ad
1769 4181 1885 4235 Cle-

311 4285 453 4335 rum,
483 4276 537 4323 et
567 4283 653 4339 ep.
676 4268 742 4322 i9.
763 4276 815 4323 ct
837 4284 925 4338 ep.
948 4268 1035 4332 l5,
1070 4268 1191 4321 libri
1213 4283 1295 4321 ιιι.
1320 4269 1485 4337 Atep.
1521 4268 1608 4335 Η,
1629 4277 1752 4339 post
1776 4272 1887 4340 ple-

312 4376 438 4414 nam
471 4361 844 4431 poanitentiam
890 4368 1168 4430 stupratas
1198 4361 1438 4429 virgines
1467 4360 1876 4431 exhomologcsi

316 4453 462 4507 facta
490 4453 669 4507 redire
700 4453 764 4507 ad
797 4453 1099 4507 Ecclesium
1137 4452 1422 4521 permittit.
1456 4451 1599 4518 Quin
1621 4453 1781 4509 etiam
1812 4454 1883 4508 ob

1993 3283 2099 3333 tur,
2143 3273 2195 3325 in
2238 3271 2418 3325 eodem
2464 3285 2703 3332 numero,
2755 3285 2857 3338 quo
2904 3270 2995 3337 qui
3038 3279 3190 3322 erant
3228 3271 3293 3323 ab
3332 3270 3571 3326 Ecclesia

1988 3363 2193 3419 εποίηδὶ
2218 3362 2402 3415 haberi
2426 3361 2600 3430 jubet.
2652 3359 2786 3426 Qua:
2828 3369 2912 3414 est
2946 3358 3361 3417 inlinmanitatis
3415 3364 3569 3431 plena

1992 3457 2095 3510 ista
2129 3455 2424 3515 sententia,
2474 3464 2697 3521 promer
2739 3468 2903 3521 quam
2943 3453 3234 3508 damnatus
3270 3464 3352 3508 est
3388 3452 3571 3509 Nova--

1988 3546 2116 3599 tus?
2155 3541 2363 3613 Opinor
2416 3541 2529 3602 illa,
2578 3556 2742 3610 quam
2786 3539 2976 3594 eodem
3028 3542 3204 3609 capite
3229 3541 3321 3602 55,
3362 3541 3457 3596 lib.
3490 3558 3565 3605 vr,

1991 3633 2133 3689 llist.
2166 3634 2349 3688 crclcs.
2399 3633 2543 3689 unde
2588 3635 2693 3689 ista
2743 3631 3155 3702 deprompsisti,
3200 3632 3365 3688 refert
3405 3635 3573 3689 Euse-

1989 3727 2152 3790 bius;
2201 3724 2347 3795 quod
2398 3740 2547 3794 spem
2598 3739 2813 3778 omnem
2864 3722 3037 3777 venite
3096 3722 3263 3791 lapsis
3312 3725 3564 3794 eriperet.

1987 3815 2111 3871 Ideo
2127 3818 2385 3870 danmato
2402 3816 2722 3876 Novatiano,
2745 3822 3013 3883 statutupi
3030 3824 3133 3877 est,
3156 3825 3212 3867 ut
3236 3816 3395 3870 ii.lem
3428 3818 3566 3886 lapsi

1988 3908 2329 3979 pmnitentiae
2371 3906 2783 3963 medicamentis
2815 3907 3020 3971 curari,
3051 3922 3115 3959 ac
3143 3908 3364 3961 sanitati
3407 3910 3561 3963 resti-

1988 3999 2063 4055 tui
2108 4005 2351 4068 possent.
2380 3996 2499 4050 Jam
2531 4005 2643 4050 tum
2669 4013 2822 4067 ergo,
2857 4005 2915 4050 ut
2943 4005 3189 4065 apparet,
3224 3998 3291 4049 ab
3319 3997 3563 4056 Ei-ciesia

1988 4089 2259 4143 catholica
2295 4087 2430 4156 lapsi
2461 4096 2809 4155 peccatorum
2842 4088 3242 4141 absolutionem
3278 4098 3404 4141 sunt
3431 4105 3565 4143 con-

1989 4182 2186 4237 secuti.
2234 4180 2399 4250 Atqui
2446 4181 2549 4235 lioc
2598 4181 2717 4250 ipso
2763 4181 3007 4235 secundo
3055 4178 3566 4248 dispunctiuncula-

1989 4289 2110 4328 rum
2151 4273 2349 4343 capite,
2394 4288 2516 4343 pag.
2548 4273 2601 4339 Ξ),
2635 4272 3306 4339 stt'rientepersecutionum
3334 4271 3564 4341 procella

1990 4363 2407 4433 pa'nilentibus,
2441 4364 2491 4415 id
2514 4373 2619 4424 est,
2656 4362 2799 4415 dono
2830 4361 2923 4415 illo
2962 4360 3049 4415 Dei
3082 4360 3276 4413 alllatis
3314 4370 3561 4430 negatam

1990 4457 2189 4512 asseris
2220 4456 2652 4519 absolutionem,
2709 4454 2921 4508 reddita
2952 4470 3069 4507 vero
3112 4450 3362 4506 Ecclesiic
3411 4468 3557 4521 pace,

314 4545 631 4615 ingruentes
663 4546 1100 4615 persecutiones,
1140 4544 1473 4614 paenitentia:
1511 4546 1883 4601 contrahenda
1916 4557 1961 4616 ί)
1988 4548 2425 4612 communionem,
2470 4546 2524 4600 id
2554 4556 2652 4611 est,
2686 4548 2888 4600 veniam
2922 4563 3011 4599 seu
3037 4554 3370 4613 peccatorum
3405 4545 3557 4597 absoa

312 4638 508 4706 spatia,
546 4646 599 4691 et
623 4652 810 4706 pacem
856 4637 1021 4707 lapsis
1066 4638 1562 4705 repraasentandam
1593 4654 1736 4703 esse,
1787 4640 1883 4695 de-

311 4729 489 4783 cernit
522 4743 607 4796 ep.
638 4728 725 4781 54.
760 4726 864 4782 Sed
898 4743 1111 4792 vereor,
1144 4744 1211 4782 ne
1237 4726 1495 4798 Cypriani
1529 4731 1819 4785 auctoritat
1843 4748 1883 4787 is

312 4836 570 4876 acervare
604 4821 769 4877 nimis
800 4822 1020 4892 longum
1054 4835 1117 4875 ac
1150 4836 1617 4890 supervacaneum
1648 4823 1739 4878 sit.
1773 4821 1884 4878 Ple-

310 4930 392 4967 nze
416 4925 544 4968 sunt
566 4914 709 4968 enim
745 4914 892 4968 illius
918 4913 1161 4983 epistola:
1182 4914 1507 4969 certissimis
1530 4915 1882 4971 evidentissi-

309 5006 523 5075 misque
571 5004 920 5067 testimoniis,
955 5021 1021 5058 ex
1061 5005 1262 5075 quibus
1305 5013 1589 5074 appareat,
1643 5008 1883 5061 stt-riente

308 5096 544 5165 procella
613 5099 1023 5165 persecutionis,
1084 5106 1429 5171 peccatorum
1486 5100 1879 5155 absolutionem

311 5187 705 5257 pmnitcntibus
736 5188 1026 5249 indultam,
1050 5188 1187 5241 vivis
1208 5204 1361 5258 mque
1383 5204 1445 5243 ac
1479 5190 1837 5245 morientibus
1863 5210 1876 5246 :

312 5298 484 5353 neque
516 5298 701 5335 rerum
732 5297 873 5344 esse,
902 5282 1046 5350 quod
1088 5282 1319 5347 scribis;
1368 5284 1521 5354 longo
1555 5286 1761 5339 demum
1800 5287 1883 5340 in-

312 5375 528 5429 terrallo
580 5373 1003 5428 Novatianorum
1058 5374 1278 5428 Itwrcsin
1335 5377 1498 5442 fuisse
1548 5376 1877 5443 damnatam,

310 5474 443 5527 quod
472 5468 813 5520 morientibus
848 5468 1049 5519 veniam
1079 5482 1178 5519 non
1208 5469 1531 5520 relaxarent.
1573 5468 1727 5535 Quod
1772 5471 1879 5523 uti-

311 5573 416 5624 que
443 5556 746 5611 Noratiano
774 5557 952 5612 adhuc
984 5558 1298 5627 superstite,
1338 5557 1447 5611 imo
1474 5567 1598 5613 ante
1627 5558 1881 5614 Novaria-

312 5668 463 5714 num,
494 5651 547 5706 in
579 5650 820 5707 Ecclesia
860 5668 982 5709 esse
1021 5653 1247 5714 factum,
1292 5653 1428 5707 satis
1461 5660 1742 5709 ostensum
1772 5665 1875 5709 est.

313 5748 586 5800 Accedant
618 5746 774 5799 modo
826 5746 1070 5817 Gregorii
1118 5745 1487 5815 tbanmaturgi
1537 5745 1878 5816 aliorumque

315 5837 713 5905 [renitentialcs
769 5850 1027 5900 canones,
1058 5844 1343 5908 grassante
1409 5833 1588 5889 adhuc
1639 5836 1875 5905 procella

1982 4643 2233 4697 lationem
2262 4643 2603 4697 morientibus
2631 4643 2751 4695 dari
2783 4642 3069 4710 placuisse;
3097 4650 3145 4695 et
3177 4642 3231 4695 in
3252 4656 3311 4695 eo
3342 4640 3563 4693 damna-

1984 4742 2090 4787 tam
2120 4750 2250 4799 esse,
2293 4734 2382 4787 sed
2412 4734 2567 4802 longo
2597 4734 2896 4796 intervallo,
2933 4731 3360 4786 Il'ovatianornm
3390 4733 3560 4784 licere-

1982 4827 2086 4885 sin,
2120 4826 2257 4894 quod
2300 4826 2640 4879 morientibus
2678 4824 2882 4877 veniam
2922 4840 3024 4877 non
3064 4823 3389 4876 relaxarcnt.
3442 4820 3558 4876 Non

1982 4918 2161 4971 album
2196 4919 2349 4987 nigro
2377 4916 2710 4973 contrarium
2760 4914 2930 4985 magis
2983 4922 3103 4975 est,
3155 4927 3316 4982 quam
3363 4913 3558 4981 prioris

1982 5008 2176 5076 capitis
2227 5008 2509 5075 doctrinm,
2564 5007 2885 5077 posterioris
2930 5006 3222 5060 sententia.
3283 5003 3340 5058 Si
3397 5003 3558 5073 longo

1983 5108 2107 5169 post
2157 5098 2440 5153 Novatiani
2471 5108 2685 5167 tempus
2722 5097 3030 5159 intervallo,
3081 5110 3144 5149 ac
3187 5095 3335 5148 (inita
3372 5110 3557 5165 persc-

1981 5194 2221 5259 curione,
2262 5192 2529 5249 damnata
2548 5198 2632 5244 est
2667 5189 2951 5243 Novatiani
2984 5188 3239 5251 limi-esis;
3276 5188 3379 5241 lioc
3414 5188 3553 5255 ipso,

1980 5282 2127 5351 quod
2172 5282 2532 5336 morientibus
2576 5280 2842 5334 duntaxat
2896 5279 3051 5333 venia
3102 5279 3370 5347 permissa
3426 5278 3552 5339 fuit,

1982 5373 2257 5442 quomodo
2306 5387 2492 5427 verum
2536 5380 2641 5433 est,
2683 5370 2826 5441 quod
2857 5387 2920 5426 ex
2960 5370 3196 5424 Eusebio
3223 5376 3275 5422 ct
3309 5367 3554 5419 llomano

1982 5464 2076 5517 illo
2124 5464 2360 5517 concilio
2414 5463 2579 5533 (quod
2629 5463 2813 5533 utique
2858 5459 3256 5532 persecutionis
3313 5465 3553 5524 tempore

1979 5566 2063 5611 est
2095 5556 2386 5623 habiturn),
2430 5556 2591 5610 tnodo
2630 5555 2942 5625 prol’crcbas
2971 5572 2983 5606 :
3012 5546 3551 5610 inhumatiissimam,

1982 5655 2032 5702 et
2070 5663 2099 5701 a
2145 5649 2385 5702 fraterna
2432 5648 2704 5702 cliaritate
2757 5644 3144 5699 alienissimam
3199 5638 3391 5692 Novati
3431 5640 3552 5711 opi-

1980 5743 2221 5807 nionem,
2279 5744 2490 5798 vivente
2543 5742 2722 5796 adhuc
2777 5739 2918 5808 ipso,
2970 5736 3282 5789 damnatam
3337 5731 3550 5789 fuisse?

1978 5835 2315 5893 Novatianus
2349 5837 2493 5892 enim
2535 5834 2701 5901 lapsis
2734 5831 2904 5887 \‘ClliiC
2935 5844 3085 5894 spem
3114 5836 3341 5885 eatenus
3371 5826 3545 5887 solum
