3978 6220
342 3564 381 3603 κ

400 415 519 470 (H5

1708 402 1906 461 DZON.
1949 399 2295 459 PETAV’IUS

3552 383 3669 441 Ἐῖϐ

401 526 744 591 detrahebat,
787 532 1060 596 quatenus
1087 521 1300 578 absolvi
1330 535 1428 578 eos
1458 520 1528 576 ab
1556 518 1802 577 Ecclesia
1836 528 1989 577 veta-
2016 528 2064 587 Α
2092 521 2337 592 ejusdem
2368 518 2955 576 sententia'convenire
2979 515 3073 589 qui
3101 518 3323 590 potest?
3354 515 3526 574 Doces
3545 530 3669 577 nos.

408 623 534 686 bat;
564 619 903 691 pmnitentiae
931 624 1112 670 autem
1145 614 1401 669 all‘eetum
1425 613 1600 675 illum,
1635 613 1749 669 sive
1778 612 1986 668 donum

406 710 521 777 Dei,
551 725 618 765 ac
658 721 969 772 mterorem,
1018 713 1113 760 aut
1157 705 1423 776 quidquid
1457 703 1675 759 tandem
1705 703 1840 758 illud
1870 711 1982 769 est,

402 800 551 871 quod
592 798 932 871 paenitentes
966 797 1107 851 citra
1145 797 1546 852 absolutionem
1578 796 1989 866 consequeban-

405 902 516 954 tur,
552 890 914 961 approbabat,
962 896 1023 943 ut
1053 905 1121 944 ex
1163 887 1392 943 Socrate
1427 888 1523 943 lib.
1552 903 1626 955 tv,
1662 902 1786 958 cap.
1818 888 1905 953 15,
1934 895 1990 943 et.

401 980 656 1034 Ambros.
688 978 783 1033 lib.
816 995 857 1044 ι,
883 976 965 1032 De
987 977 1422 1052 pmitentucap.
1456 974 1512 1040 2,
1548 976 1605 1031 in
1642 976 1991 1030 Animadver-

400 1071 663 1135 sionibns,
704 1085 828 1140 cap.
875 1070 929 1124 Ι.
981 1068 1242 1124 Diatribae
1279 1068 1347 1125 de
1386 1069 1714 1141 poenitentia
1760 1067 1990 1123 demon-

402 1159 719 1216 stravimus.
772 1159 954 1226 Quare
993 1159 1141 1229 quod
1183 1159 1241 1213 in
1286 1161 1523 1215 concilio
1560 1159 1808 1215 Romano
1833 1158 1989 1213 dam-

402 1257 595 1304 natum
624 1247 918 1303 Novatiani
951 1249 1142 1319 dogma
1170 1263 1234 1303 ex
1272 1247 1505 1306 Eusebio
1535 1265 1657 1321 cap.
1688 1251 1744 1314 i,
1781 1248 1988 1315 fateris,

404 1342 549 1398 istud
578 1343 757 1412 ipsum
784 1349 897 1408 est,
918 1341 1076 1411 quod
1128 1358 1235 1397 non
1288 1343 1393 1398 nisi
1448 1344 1608 1413 longo
1658 1350 1785 1413 post
1834 1342 1988 1395 illum

404 1434 694 1489 intervallo
745 1434 1010 1504 rejectum
1068 1449 1133 1489 ac
1187 1434 1558 1505 proscriptum
1605 1449 1765 1500 esse,
1819 1433 1991 1488 altero

401 1523 586 1593 capite
625 1523 1012 1591 demonstras;
1060 1525 1314 1595 quodque
1342 1524 1396 1578 in
1429 1522 1674 1580 Ecclesia
1722 1524 1991 1578 catholica

407 1614 502 1668 illo
534 1614 675 1684 ipso,
711 1631 823 1685 quo
849 1616 1164 1670 damnatum
1187 1616 1373 1686 primo
1392 1616 1585 1685 capite
1610 1615 1822 1679 dixisti,
1853 1622 1992 1670 tem-

400 1719 563 1773 pore,
605 1707 851 1760 moribus
892 1713 1056 1775 atque
1089 1722 1201 1761 'usu
1246 1708 1664 1777 comprgbatum
1700 1705 1820 1759 fuit.
1866 1704 1992 1759 llaec

406 1803 538 1849 sunt
566 1795 865 1851 ἀσύστατα.
900 1796 1155 1863 Quandiu
1190 1798 1593 1868 persecutionis
1635 1797 1792 1851 furor
1834 1796 1992 1852 effer—

405 1886 565 1952 buit;
628 1887 734 1942 hoc
770 1896 897 1954 est,
954 1887 1265 1953 Novatiani,
1324 1888 1584 1959 Cypriani
1634 1894 1689 1943 et
1738 1876 1991 1952 Romtini,
2022 1878 2067 1932 Β

404 1978 564 2048 cujus
602 1978 849 2032 meminit
899 1978 1194 2047 Eusebius,
1238 1986 1397 2033 aetate
1439 1977 1685 2041 concilii,
1735 1986 1990 2048 peccato-

407 2085 526 2124 rum
579 2069 852 2124 absolutio
895 2086 961 2124 ne
998 2071 1052 2124 in
1080 2071 1274 2126 mortis
1318 2071 1536 2141 quidem
1583 2069 1824 2123 articulo
1862 2083 1993 2123 eon-

417 2174 573 2214 cessa
614 2169 718 2223 est,
760 2168 819 2213 ut
864 2176 987 2231 pag.
1037 2161 1073 2214 2
1112 2162 1308 2231 capitis
1355 2162 1515 2217 istius
1559 2161 1995 2230 asseris:eaque

406 2250 702 2305 catholicae
753 2250 1016 2307 Ecclesia:
1072 2252 1387 2321 disciplina,
1451 2258 1676 2306 auctore
1728 2257 1803 2316 te,
1867 2252 1989 2306 fuit.

422 2340 642 2397 Falsum
677 2343 978 2413 estigitur,
1027 2345 1171 2413 quod
1219 2345 1272 2397 in
1326 2346 1505 2413 capite
1556 2343 1756 2412 primo,
1790 2358 1911 2415 pag.
1936 2342 1990 2410 6,

416 2433 655 2500 posuisti
691 2452 706 2498 ;
739 2434 795 2487 in
828 2435 1072 2488 Romano
1107 2434 1343 2490 concilio
1373 2436 1907 2498 inhumanissimam,
1938 2446 1994 2492 et

418 2539 448 2576 a
485 2524 757 2580 citaritate
802 2525 1044 2580 fraterna
1092 2527 1485 2582 alienissimam
1528 2529 1840 2598 opinionem
1886 2528 1994 2583 No-

412 2616 617 2671 vatiani
659 2633 784 2674 esse
830 2618 1165 2676 damnatam.
1220 2619 1338 2674 Non
1366 2620 1512 2676 enim
1562 2621 1791 2676 atteram
1841 2621 1995 2679 dices

409 2708 528 2762 illic
573 2707 890 2764 damnatam
928 2708 1128 2775 tuisse,
1160 2726 1323 2782 quam
1360 2727 1482 2782 quae
1519 2711 1689 2782 lapsis
1716 2713 1773 2767 in
1800 2713 1994 2769 mortis

410 2800 659 2870 periculo
707 2802 1149 2857 communionem
1200 2804 1433 2873 negabat
1485 2811 1539 2859 et
1593 2804 1828 2871 veniam,
1868 2819 1992 2860 cum

412 2893 901 2963 ejusmodinsectte
945 2894 1109 2951 istius
1156 2910 1401 2950 errorem
1452 2895 1622 2953 fuisse
1677 2912 1801 2968 pag.
1838 2896 1874 2950 Ξ
1916 2896 1995 2950 fa-

408 2995 577 3041 teare.
616 2985 773 3052 Quod
803 2986 850 3041 si
882 3002 1072 3042 verum
1115 2998 1203 3043 est
1259 2988 1385 3053 hoc,
1436 2990 1584 3060 quod
1616 2990 1795 3060 primo
1817 2992 1993 3060 capite

413 3078 634 3141 scribis,
697 3092 726 3131 a
770 3079 1005 3133 concilio
1052 3092 1181 3134 esse
1226 3079 1525 3148 decretum,
1571 3089 1792 3137 utesse
1833 3097 1993 3137 nemo

412 3169 660 3239 prudens
713 3170 1039 3239 negaverit;
1099 3177 1213 3225 tum
1268 3178 1327 3225 tu
1379 3187 1508 3226 vero
1565 3173 1798 3228 alterum
1859 3173 1992 3228 illud

412 3260 613 3330 capitis
654 3262 883 3314 secundi
925 3268 1194 3314 retractes
1240 3277 1466 3317 necesse
1498 3269 1584 3316 est
1614 3280 1628 3316 :
1662 3271 1787 3318 ante
1812 3265 1995 3319 reddi-

411 3360 526 3405 tam
583 3350 844 3405 Ecclesiae
886 3366 1100 3420 pacem,
1143 3366 1213 3406 ne
1257 3353 1618 3409 morientibus
1647 3356 1868 3426 quidem
1909 3372 2001 3411 ve-

416 3444 561 3502 niam
596 3441 831 3496 relaxari
858 3441 1237 3497 consuevisse.

493 3532 650 3587 Nunc
693 3533 824 3586 illud
868 3531 1175 3597 ostendam,
1223 3532 1368 3602 quod
1400 3532 1455 3588 in
1480 3532 1605 3603 ipso
1634 3534 1768 3588 milii
1801 3536 1999 3607 capitis

423 3625 591 3694 hujus
623 3624 877 3679 lemmate
902 3624 1234 3694 prmscripsi,
1268 3635 1319 3680 te
1350 3626 1404 3678 in
1433 3625 1660 3681 secundi
1696 3627 1772 3680 lui
1806 3628 2000 3698 capitis

419 3715 798 3785 disputatione
840 3723 1035 3769 contra
1072 3714 1464 3777 certissimam,
1511 3724 1565 3770 et
1609 3716 2001 3772 ecclesiasticae

419 3806 546 3861 tidei
608 3807 911 3877 pietatique
964 3813 1387 3861 consentaneum
1441 3806 1507 3862 R.
1553 3806 1616 3863 D.
1666 3808 1999 3879 Albaspinaai

418 3900 608 3955 Aurel.
668 3901 839 3969 epise.
905 3898 1216 3955 doctrinam
1282 3900 1518 3956 decretis
1570 3917 1815 3973 pugnare
1866 3903 1995 3958 tuis.

423 3993 640 4049 Scribis
686 3995 905 4065 pagina,
957 3994 1034 4049 uti
1087 3994 1292 4048 dictum
1335 4002 1438 4061 est,
1485 3996 1814 4052 undecima:
1846 3994 1999 4052 Non-

419 4085 526 4140 nisi
559 4083 765 4139 reddita
800 4084 1057 4140 Ecclesia:
1091 4100 1242 4154 pace,
1278 4097 1331 4140 et
1362 4087 1522 4156 longo
1555 4088 1842 4142 intervallo
1873 4095 1998 4159 post

417 4176 779 4232 Novatianum
806 4216 821 4243 ,
858 4177 1221 4233 morientibus
1262 4178 1559 4232 relaxatam
1603 4195 1725 4234 esse
1760 4181 1994 4244 veniam,

418 4284 483 4325 ac
511 4275 632 4322 tum
670 4269 888 4323 demum
924 4267 1352 4323 Novatianorum
1383 4269 1693 4324 damnatam
1724 4271 1994 4339 literesim,

418 4360 564 4429 quod
616 4358 983 4412 morientibus
1012 4359 1228 4411 veniam
1264 4367 1543 4428 negarent.
1579 4359 1996 4416 Revercndissi-

420 4467 542 4505 mus
568 4466 602 4503 e
629 4449 912 4503 contrario
959 4449 1179 4517 pracsul.
1228 4450 1324 4503 lib.
1368 4465 1402 4502 ιι
1444 4450 1572 4505 Obs.
1601 4466 1720 4521 cap.
1745 4453 1836 4517 90,
1870 4452 1999 4509 Cor-

2022 3219 2064 3277 C

2088 628 2210 683 pag.
2245 611 2302 677 8,
2357 610 2763 682 paenitentiam,
2812 609 2881 665 de
2916 624 3026 681 qua
3075 624 3382 665 sermonem
3436 609 3674 666 instituit

2091 700 2471 767 innocentius,
2517 715 2644 756 cum
2672 715 2791 757 eam
2845 700 2980 758 dicit
3021 700 3153 756 olim
3200 708 3394 773 negata
3424 715 3672 756 commu-

2090 796 2255 851 nione
2285 794 2457 851 fuisse
2507 808 2850 860 concessam,
2881 808 3005 850 esse
3022 793 3315 863 prendendi
3345 793 3669 863 cupidinem,

2092 887 2209 944 sive
2242 886 2442 942 donum
2480 885 2598 951 Dei,
2635 885 2775 957 quod
2813 886 3007 939 animis
3053 883 3294 956 ﬁdelium
3323 884 3669 940 illabebanrr.

2090 979 2159 1037 Β.
2192 979 2258 1034 D.
2312 979 2695 1050 Albaspinaeus
2725 978 2818 1034 lib.
2855 995 2894 1034 ιι
2929 977 3146 1035 Observ.
3193 993 3316 1050 cap.
3358 979 3414 1042 5,
3459 994 3514 1050 p.
3544 978 3671 1043 258,

2092 1071 2299 1127 donum
2340 1070 2476 1127 illud
2503 1070 2599 1126 Dei
2623 1078 2680 1127 et
2720 1070 2982 1137 afﬂatum,
3016 1070 3257 1126 fructum
3294 1085 3419 1126 esse
3454 1079 3669 1134 censet,

2091 1170 2146 1219 et
2194 1162 2470 1227 effectum,
2520 1162 2666 1234 quod
2716 1177 2782 1218 ex
2828 1163 3208 1219 benedictione
3240 1162 3579 1233 poenitentiae
3616 1163 3672 1217 in

2092 1254 2307 1312 animos
2352 1254 2716 1311 redundabat.
2753 1252 2945 1326 Pergit
2982 1255 3199 1319 deinde,
3246 1262 3301 1311 et
3350 1254 3495 1311 inter
3542 1256 3671 1318 alia,

2092 1363 2215 1419 quae
2261 1349 2329 1403 de
2366 1347 2711 1418 poenitentiae
2745 1363 2849 1403 usu
2907 1362 3041 1403 sane
3074 1347 3354 1402 recondita
3400 1355 3455 1403 et
3483 1347 3674 1418 exqui-

2094 1440 2198 1495 s'rta
2230 1439 2500 1510 disputat,
2547 1439 2953 1509 pmnitentiam,
2996 1439 3049 1495 id
3072 1447 3177 1505 est,
3215 1445 3420 1495 statum
3449 1438 3675 1509 profes—

2094 1530 2417 1600 sionemque
2444 1530 2689 1601 publicae
2727 1531 3082 1600 poenitentiae,
3110 1545 3275 1602 quam
3306 1529 3586 1586 laboribus
3619 1539 3675 1587 et

2090 1621 2431 1678 cruciatibus
2454 1621 2662 1689 definit,
2699 1638 2870 1694 genus
2898 1623 3174 1695 quoddam
3200 1624 3485 1695 religionis
3504 1622 3676 1678 fuisse

2086 1716 2313 1787 probat,
2348 1715 2405 1770 in
2434 1715 2581 1785 quod
2617 1717 2850 1772 solemni
2874 1732 2995 1773 sese
3025 1729 3154 1772 v0to
3183 1716 3434 1772 homines
3463 1716 3669 1771 astrin-

2094 1810 2308 1875 gerent,
2361 1794 2522 1876 cujus
2555 1805 2772 1876 quidem
2812 1796 3071 1878 religione
3108 1809 3218 1862 voti
3261 1822 3420 1862 nemo
3455 1817 3676 1862 tenere-

2096 1903 2206 1961 tur,
2252 1895 2364 1950 nisi
2413 1895 2479 1949 ab
2526 1895 2766 1951 Ecclesia
2815 1907 3083 1966 acceptum
3119 1906 3170 1952 et
3216 1907 3396 1950 ratum
3436 1895 3677 1950 habitum

2093 1995 2251 2043 esset.
2296 1985 2364 2040 Id
2397 1994 2574 2041 autem
2604 1985 2762 2056 ﬁebat
2799 2002 2864 2041 ea
2891 2003 3080 2041 manus
3125 1988 3463 2057 impositione
3499 1998 3551 2041 et
3589 2002 3679 2041 oe-

2088 2078 2416 2142 nedictione,
2446 2096 2555 2150 qua
2581 2080 2941 2149 pmnitentiam
2975 2080 3289 2149 imperabat,
3340 2089 3390 2134 et
3426 2081 3681 2135 concede-

2099 2168 2211 2226 bat.
2244 2170 2496 2242 Reliqua,
2530 2188 2598 2227 ne
2627 2172 2730 2227 sim
2763 2173 2994 2244 longior,
3029 2172 3238 2228 omitto.
3272 2171 3404 2238 Qua-
3429 2179 3480 2228 te
3509 2171 3680 2226 miror

2097 2263 2621 2319 animadvertentem
2654 2272 2747 2319 aut
2780 2267 2880 2320 ista
2907 2265 3148 2321 scribere
3171 2265 3416 2334 potuisse
3446 2284 3459 2320 :
3492 2263 3678 2319 Paeni-

2098 2356 2316 2409 tentiam
2370 2358 2651 2410 concedere
2697 2356 2838 2411 idem
2892 2370 3015 2411 esse
3047 2370 3111 2409 ac
3160 2356 3364 2410 donum
3418 2355 3572 2417 illud.
3624 2366 3679 2410 et

2096 2448 2347 2503 intimum
2395 2449 2700 2519 approbare
2740 2448 3058 2519 paenitentis
3092 2447 3370 2514 aii‘ectum,
3421 2456 3515 2502 aut
3550 2462 3681 2504 cum

2096 2541 2170 2595 ita
2220 2540 2456 2596 sentires
2506 2555 2568 2594 ac
2631 2541 2918 2609 scriberes,
2973 2540 3077 2595 hoc
3134 2550 3188 2597 te
3246 2545 3368 2612 ipso
3425 2543 3679 2612 praesulis

2098 2633 2237 2685 tanti
2294 2631 2601 2686 doctrinam
2661 2632 2927 2687 illustrari
2972 2648 3037 2687 ac
3087 2633 3229 2688 tueri
3288 2634 3452 2703 velle,
3508 2634 3682 2689 fuisse

2094 2717 2427 2788 professum.
2464 2717 2600 2772 Nam
2641 2720 3014 2790 pmnitentiam
3049 2721 3195 2775 illam
3234 2722 3432 2792 ipsam,
3456 2720 3525 2777 de
3569 2737 3681 2792 qua

2094 2808 2455 2864 innocentius
2502 2811 2633 2880 agit,
2670 2811 2937 2867 latissime
2983 2813 3343 2881 demonstrat,
3374 2815 3582 2869 donum
3622 2814 3683 2867 il-

2097 2896 2190 2953 lud
2241 2896 2337 2952 Dei
2384 2898 2763 2956 benedictione
2806 2914 2905 2956 sua
2964 2900 3264 2970 peperisse,
3317 2917 3426 2956 non
3498 2903 3680 2973 ipsum

2097 2990 2301 3045 donum
2344 2990 2514 3047 fuisse
2554 2991 2955 3061 ptenitentiam.
2987 2990 3132 3048 Doce
3175 3008 3277 3048 nos
3324 2993 3514 3064 igitur,
3546 2991 3680 3064 quid

2100 3081 2155 3136 in
2203 3082 2312 3138 illis
2336 3083 2521 3138 verbis
2553 3083 2664 3138 tuis
2720 3098 2783 3137 ac
2829 3083 3119 3140 sententiis
3150 3085 3337 3139 arcani
3370 3100 3570 3141 sensus
3614 3098 3680 3139 ac

2099 3175 2368 3231 reconditi
2433 3176 2634 3244 lateat;
2685 3184 2739 3232 et
2791 3179 3092 3256 oratipnem
3151 3185 3299 3233 tuam
3350 3177 3420 3235 ab
3474 3180 3680 3236 erroris

2102 3266 2240 3320 tanti
2283 3267 2620 3337 suspicione,
2660 3283 2729 3324 ne
2778 3268 2909 3338 quid
2943 3268 3090 3324 aliud
3140 3269 3340 3329 dicam.
3385 3268 3532 3341 quod
3571 3270 3681 3326 diti

2105 3371 2266 3429 posse
2300 3359 2548 3429 profecto
2579 3360 2749 3427 vides,
2788 3362 2831 3416 si
2857 3371 3032 3432 potes,
3060 3362 3257 3417 exime.
3292 3360 3488 3418 Fateor
3508 3362 3678 3429 enim,

2105 3463 2191 3502 me
2232 3449 2433 3519 saepius
2468 3451 2557 3504 illa
2595 3457 2943 3517 tractantem,
2977 3461 3029 3508 et
3062 3454 3118 3507 in
3146 3469 3341 3509 onmes
3380 3466 3562 3523 partes
3596 3454 3681 3508 in-

2103 3542 2496 3610 terpretatione
2530 3550 2864 3606 versantem,
2902 3542 3040 3597 nihil
3077 3545 3341 3599 hactenus
3388 3544 3678 3610 cxtricare,

2102 3645 2212 3699 quo
2245 3636 2356 3685 tam
2395 3634 2698 3703 perspicuae
2728 3632 2983 3690 falsitatis
3030 3634 3235 3690 invidia
3280 3635 3516 3692 devitari
3552 3651 3682 3706 pos-

2103 3720 2222 3775 sit:
2256 3738 2380 3776 nam
2436 3725 2582 3794 quod
2637 3740 2805 3780 unum
2860 3736 3166 3797 stnpererat,
3221 3736 3282 3782 ut
3334 3728 3386 3782 id
3439 3728 3682 3784 sensisse

2105 3809 2377 3878 viderere,
2433 3813 2489 3867 in
2545 3814 2666 3884 ipso
2698 3824 2835 3869 testu
2886 3830 2952 3869 ac
3003 3815 3218 3872 fervore
3261 3817 3678 3886 persecutionis,

2105 3898 2275 3969 lapsis
2304 3902 2511 3957 aditum
2549 3903 2615 3957 ad
2652 3919 2839 3974 pacem
2885 3913 2937 3959 et
2971 3906 3472 3961 reconciliationem
3511 3908 3682 3961 inter-

2103 3991 2321 4047 clusum
2372 3992 2564 4058 fuisse,
2605 4010 2716 4066 quo
2749 3997 2957 4068 majore
3000 4013 3124 4051 cum
3168 3998 3374 4068 impetu
3412 3998 3581 4055 animi
3626 4008 3682 4054 et

2100 4082 2297 4138 ardore
2345 4094 2622 4141 certamen
2664 4096 3010 4157 repeterent;
3042 4096 3229 4159 postea
3261 4103 3392 4143 vero
3430 4103 3565 4159 pace
3611 4088 3683 4144 ad

2099 4186 2314 4247 tempus
2352 4175 2612 4234 Ecclesia:
2642 4181 2916 4243 restituta,
2948 4180 3137 4236 mitius
3174 4196 3298 4236 eum
3346 4181 3455 4238 illis
3494 4190 3679 4237 actum

2099 4268 2305 4337 fuisse;
2342 4272 2492 4342 quod
2533 4274 2762 4343 epistola
2810 4274 2879 4327 5'2
2930 4273 3243 4329 institutum
3278 4289 3305 4328 a
3349 4289 3409 4330 se
3454 4273 3680 4346 Cypria-

2098 4379 2203 4420 nus
2253 4375 2486 4423 testatus
2537 4376 2655 4435 est;
2711 4369 2838 4434 hoc,
2893 4370 3139 4439 inquam,
3198 4367 3344 4438 quod
3394 4369 3682 4425 verissime

2098 4455 2283 4511 dicere
2316 4460 2563 4529 potuisti,
2609 4475 2787 4530 neque
2819 4460 3027 4516 dixisse
3077 4469 3149 4525 te,
3182 4476 3365 4530 neque
3413 4461 3676 4524 sensisse,

421 4543 617 4596 nelium
696 4542 789 4610 qui
857 4539 1146 4594 Novatiani
1199 4549 1254 4596 ct
1310 4544 1707 4611 persecutionis
1765 4551 2007 4615 tempore
2037 4551 2080 4607 Ι)
2110 4549 2288 4618 palam
2327 4559 2412 4606 est
2454 4567 2519 4607 ex
2572 4553 2662 4618 iis,
2696 4570 2817 4623 qua:
2848 4552 3077 4626 subjicis
3110 4571 3123 4608 :
3159 4552 3386 4608 Reddita
3427 4552 3679 4608 Ecclesia:

419 4636 581 4695 vixit,
639 4635 924 4689 concilium
968 4650 1281 4690 cont'ocasse
1329 4636 1553 4701 scribit,
1615 4637 1669 4689 in
1717 4654 1818 4707 quo
1864 4639 1998 4692 illud

420 4734 686 4781 decretum
733 4742 796 4779 ac
838 4727 1193 4796 prie/initum,
1237 4737 1300 4781 ut
1342 4744 1461 4781 cum
1504 4727 1573 4780 ad
1610 4729 1796 4782 mortis
1838 4745 1999 4800 usque

420 4820 557 4876 diem
590 4820 951 4889 paenitentiam
981 4820 1379 4889 produxissent,
1416 4822 1797 4876 communionis
1827 4823 1998 4891 parti-

421 4914 560 4981 cipes
609 4912 954 4982 efﬁcerentur.
1012 4912 1154 4984 Ergo
1202 4915 1598 4984 persecutionis
1641 4924 1905 4987 tempore,
1944 4928 2000 4971 et

422 5012 549 5059 ante
580 5005 846 5059 redditam
879 5006 1141 5062 Ecclesiae
1171 5022 1385 5077 pacem,
1432 5008 1551 5078 ipso
1584 5007 1762 5063 adhuc
1807 5024 1999 5078 super-

422 5097 549 5150 Stite
571 5094 897 5158 Novatiano,
920 5098 1279 5152 morientibus
1301 5100 1593 5153 relaxatam
1619 5114 1741 5155 esse
1761 5101 1996 5165 veniam,

421 5186 488 5242 B.
527 5188 723 5259 pracsul
749 5189 1030 5243 existimat
1058 5207 1073 5243 :
1106 5189 1252 5258 quod
1287 5199 1342 5243 tu
1380 5203 1507 5243 sero
1533 5191 1773 5256 tandem,
1798 5204 1861 5245 ac
1887 5206 1996 5245 non

422 5282 529 5337 nisi
581 5295 713 5350 pace
767 5282 1088 5342 constituta,
1123 5288 1178 5333 et
1207 5281 1389 5350 longo,
1435 5290 1493 5334 ut
1524 5281 1788 5350 loqueris,
1825 5283 1996 5336 inter-

420 5374 563 5429 vallo
599 5383 757 5444 putas
798 5386 922 5426 esse
954 5386 1309 5426 concessum.
1347 5372 1532 5427 Utrius
1564 5373 1780 5427 tandem
1811 5372 1996 5442 Opinio

423 5465 783 5539 probabitur?
823 5463 1002 5519 Credo
1048 5480 1114 5518 nc
1147 5473 1199 5518 te
1239 5464 1417 5539 ipsum
1459 5464 1677 5534 quidem
1718 5464 1999 5519 dubitatu-

421 5574 564 5626 tum,
615 5561 747 5630 quin
791 5558 1005 5613 veriora
1036 5557 1391 5614 doctissimus
1438 5558 1663 5628 pnesul,
1716 5558 1825 5612 imo
1863 5559 1996 5629 quin

423 5654 573 5708 solus
618 5654 736 5723 ipse
780 5667 929 5719 vera,
965 5659 1024 5705 tu
1055 5666 1124 5707 ne
1153 5651 1457 5722 probabilia
1505 5651 1723 5722 quidem
1756 5658 1869 5705 toto
1903 5650 1998 5706 illo

420 5747 600 5811 capite
623 5741 935 5812 scripseris.
1377 5730 1383 5738 ’

492 5833 631 5889 Ecce
678 5834 907 5890 alterum
950 5845 1100 5891 tuum
1146 5833 1213 5891 de
1264 5834 1583 5902 poenitentia
1630 5834 1823 5899 dogma
1871 5852 1996 5893 cum

2103 4656 2252 4709 pace,
2273 4646 2708 4712 communionem,
2743 4645 2796 4699 id
2823 4655 2920 4711 est,
2947 4647 3149 4700 veniam
3178 4645 3525 4700 morientibus
3554 4645 3679 4698 dari

2102 4735 2405 4802 placuisse;
2436 4747 2487 4791 et
2522 4741 2574 4791 in
2614 4753 2672 4791 eo
2709 4736 3018 4791 damnatam
3049 4753 3180 4803 esse,
3208 4737 3298 4792 sed
3331 4738 3487 4808 longo
3512 4738 3679 4791 inter-

2108 4824 2268 4886 vallo,
2318 4823 2738 4879 Novatianorum
2770 4827 3014 4893 hazrcsin,
3050 4828 3189 4898 quod
3222 4828 3564 4882 morientibus
3598 4843 3675 4881 tte-

2105 4917 2252 4969 niam
2306 4933 2410 4970 non
2467 4918 2790 4972 relaxarent.
2853 4919 3009 4974 Pacis
3063 4919 3210 4973 illam
3271 4920 3677 4974 restitutionem

2105 5008 2364 5063 Ecclesiae
2399 5009 2617 5076 factam,
2648 5018 2702 5065 et
2726 5008 3038 5066 damnatam
3068 5012 3345 5067 contraria
3366 5011 3677 5082 mitioritu

2105 5100 2502 5155 consuetudine
2524 5100 2953 5159 Novatianorum
2986 5104 3242 5171 hmresin,
3270 5105 3432 5175 longo
3459 5102 3673 5159 demum

2106 5192 2393 5248 intervallo
2417 5192 2684 5249 defendis.
2721 5196 2789 5248 At
2824 5196 2937 5261 illa,
2970 5210 3131 5266 quam
3166 5195 3436 5261 dicebant,
3473 5190 3674 5248 severi-

2104 5285 2236 5341 tatis
2278 5301 2341 5339 ac
2376 5286 2609 5342 lenitatis
2640 5287 2953 5351 alternatio,
2996 5302 3107 5342 non
3152 5287 3317 5358 longo
3363 5283 3670 5347 intervallo,

2106 5375 2203 5431 sed
2242 5376 2296 5430 in
2336 5377 2455 5447 ipso
2506 5377 2819 5433 Novatianae
2869 5379 3092 5434 haeresis
3142 5386 3286 5444 ortu,
3330 5378 3385 5432 in
3431 5374 3670 5431 Ecclesia

2105 5477 2380 5539 suscepta,
2404 5469 2552 5524 illius
2574 5469 2833 5523 saevitiam
2858 5468 3343 5538 crudelitatemque
3373 5467 3668 5524 damnavit.

2107 5558 2242 5612 Mira
2292 5567 2421 5614 sunt
2474 5558 2659 5628 igitur,
2713 5565 2767 5613 et
2812 5572 2936 5612 meo
2961 5557 3172 5627 judicio
3233 5556 3391 5622 falsa,
3446 5570 3567 5627 quae
3613 5563 3670 5608 tu

2105 5652 2287 5709 verbis
2318 5650 2427 5703 illis
2474 5649 2753 5719 explicas;
2785 5648 2856 5704 ab
2886 5647 3187 5704 Innocentii
3219 5662 3348 5703 vero
3380 5659 3579 5712 mense,
3616 5651 3671 5699 et

2104 5757 2209 5800 usu
2243 5743 2335 5798 illo
2379 5742 2601 5808 veteris,
2648 5757 2809 5813 quem
2851 5742 3094 5814 exponit,
3142 5739 3399 5798 Ecclesiae
3439 5751 3663 5819 prorsus

2107 5836 2303 5892 auena.
