3978 6220
269 298 374 358 617

1388 278 1752 336 ADVERSUS
1792 277 1954 334 MAT.
1997 276 2351 334 SIMONIUM.

3415 275 3522 332 618

341 406 584 471 Patavio,
619 402 798 476 inquit
820 400 920 476 (α),
951 416 1091 474 aqua
1113 399 1194 454 hic
1225 396 1407 455 lueret.
1430 398 1545 455 imo
1572 413 1700 454 vero
1726 411 1845 468 pro-
1873 407 1922 461 Α
1947 411 2011 452 ac
2035 398 2468 454 reconciliationi
2517 396 2713 467 subjici
2773 397 2830 453 in
2860 395 3162 452 canonibus
3207 392 3424 466 μέθεξιν
3458 409 3525 450 ac

277 499 595 556 habiliorem
650 492 824 546 multo
871 497 927 545 et
982 487 1373 558 expeditiorem
1422 485 1721 540 Innocentii
1769 484 1854 539 in-

284 584 720 658 terpretationem
767 580 970 636 attulit.
999 577 1358 641 Consuetudo,
1419 577 1495 630 ait
1548 576 1658 640 ille,
1709 575 1856 644 prior

283 678 469 741 tenuit,
496 684 552 728 ut
573 672 940 728 concederetur
973 671 1048 724 eis
1079 669 1405 739 paenitentia,
1439 666 1528 722 sed
1558 666 1854 720 communio

284 777 576 839 negaretur.
621 764 832 830 Quibus
870 761 1123 816 tandem?
1164 759 1366 828 Nempe
1407 759 1496 822 iis,
1549 757 1616 812 de
1654 756 1856 842 quibus

284 857 610 927 Exuperium
643 855 982 920 interrogare
1019 847 1152 903 dicit
1181 866 1192 901 :
1225 846 1294 899 Et
1330 846 1425 900 hoc
1453 847 1730 916 quaesitum
1755 852 1855 911 est,

284 950 404 1021 quid
450 948 513 1002 de
559 947 640 1000 his
686 942 955 998 observari
1000 939 1205 1006 debeat,
1247 939 1337 1010 qui
1379 946 1496 1007 post
1540 937 1857 1007 baptismum

284 1043 424 1096 omni
467 1050 694 1106 tempore
746 1032 1137 1090 incontinentiae
1185 1042 1234 1086 et
1277 1029 1631 1099 voluptatibus
1668 1029 1855 1091 dediti,

285 1137 339 1189 in
366 1145 597 1188 extremo
627 1131 731 1199 ﬁne
791 1129 910 1181 uiue
939 1141 1048 1179 sua:
1091 1124 1448 1193 paenitentiam
1491 1114 1652 1176 simul
1699 1129 1746 1174 et
1778 1135 1856 1171 re-

283 1223 702 1278 conciliationem
753 1215 1134 1272 communionis
1169 1220 1473 1281 exposcunt.
1515 1211 1596 1264 Ad
1626 1210 1741 1264 haec
1779 1209 1862 1261 ln-

285 1314 575 1370 nocentius
604 1329 618 1365 :
643 1311 719 1364 De
742 1310 822 1363 his
855 1308 1149 1363 observatio
1179 1305 1326 1375 prior
1345 1303 1549 1367 durior,
1585 1310 1692 1356 etc.
1722 1299 1860 1353 Tum

283 1416 337 1460 ut
365 1405 736 1458 concederetur
758 1403 853 1465 eis,
885 1407 1017 1464 etc.,
1042 1397 1313 1461 videlicet,
1345 1395 1438 1464 qui
1469 1393 1525 1447 in
1555 1399 1862 1446 extremum

284 1499 406 1551 vitae
454 1505 676 1564 tempus
733 1491 1112 1563 paenitentiam
1175 1486 1522 1542 distulerant.
1572 1482 1707 1548 Quis
1755 1496 1861 1534 non

283 1588 430 1642 videt
463 1586 536 1640 de
570 1585 664 1638 illo
708 1582 1087 1654 pmnitentium
1119 1593 1316 1648 genere
1347 1573 1724 1629 Innocentium
1758 1573 1864 1626 ista

249 1735 261 1750 ,
284 1678 614 1750 scripsisse?
662 1679 730 1730 At
766 1679 794 1730 ὁ
831 1671 1249 1745 παρακεντητής
1280 1668 1346 1722 ad
1381 1682 1568 1722 omnes
1599 1665 1864 1734 paeniten-

284 1778 365 1825 tes
396 1741 718 1822 dunocentii
757 1741 942 1826 verba,
988 1741 1341 1832 prioremque
1391 1756 1537 1811 illam
1584 1753 1860 1808 duriorem
1893 1741 1934 1793 Β

283 1859 722 1916 observationem
781 1855 937 1925 jubet
993 1851 1208 1907 referri.
1272 1849 1562 1918 Nunquam
1625 1845 1862 1899 audiam.

287 1951 419 2005 Nam
465 1965 540 2003 cx
584 1963 651 2001 eo
680 1947 879 2000 ἄτοπον
912 1943 1044 1998 illud
1091 1940 1338 2011 sequitur
1370 1957 1383 1992 :
1421 1937 1602 1990 nullos
1645 1949 1740 2004 per
1775 1934 1866 1986 illa

287 2039 698 2113 persecutionis
721 2026 968 2106 tempora
991 2034 1320 2105 pcenitentes
1343 2029 1410 2083 ad
1439 2042 1656 2097 pacem,
1688 2025 1740 2079 id
1763 2035 1866 2091 est,

288 2128 697 2185 absolutionem
739 2131 793 2179 et
821 2123 1261 2178 communionem
1293 2117 1464 2173 fuisse
1496 2122 1767 2184 receptos,
1801 2127 1870 2167 ne

285 2220 340 2273 in
386 2219 512 2288 ipso
560 2215 780 2287 quidem
821 2214 1015 2269 mortis
1067 2209 1333 2282 periculo.
1375 2207 1490 2262 lloc
1519 2215 1669 2268 Vero,
1707 2218 1868 2274 quam

288 2309 491 2364 falsum
538 2309 632 2374 sit,
665 2307 801 2361 satis
849 2305 1112 2358 hactenus
1143 2299 1503 2365 ostendimus,
1536 2313 1702 2370 quam
1745 2310 1871 2350 cum

285 2402 490 2471 pietate
548 2408 602 2454 et
643 2398 911 2452 catholica
969 2394 1074 2450 lide
1121 2399 1549 2447 consentaneum
1576 2430 1590 2454 ,
1636 2389 1872 2445 viderint

285 2506 530 2562 quorum
566 2500 733 2545 estea
767 2489 834 2544 de
862 2484 1230 2556 rejudicium.
1275 2483 1401 2536 Mihi
1430 2495 1710 2551 nunquam
1736 2494 1865 2550 per-

287 2583 578 2644 suadebis,
615 2596 792 2651 ncque
821 2578 1114 2642 catholico,
1145 2576 1359 2645 opinor,
1383 2574 1544 2628 alicui
1570 2573 1832 2645 probabis
1853 2613 1870 2638 ,

290 2673 490 2744 primis
531 2672 637 2726 illis
679 2670 919 2736 saeculis,
960 2667 1342 2738 peccatoribus
1379 2665 1714 2736 quibuslibet
1750 2671 1873 2734 post

289 2765 634 2835 poenitentiae
676 2762 1034 2827 iunctionem,
1070 2758 1472 2814 absolutionem
1523 2764 1577 2812 et
1628 2772 1876 2811 commu-

292 2859 523 2912 nionem
550 2872 672 2912 esse
689 2855 1038 2925 denegatam.
1065 2851 1336 2918 Quocirca
1369 2865 1544 2920 neque
1569 2864 1671 2903 nos
1695 2849 1874 2903 adhuc

289 2949 589 3004 sententiae
629 2955 829 3001 nostra:
880 2945 1155 3015 pmnituit,
1197 2957 1360 3012 quam
1401 2938 1459 2994 in
1502 2940 1869 2994 Animadvers.

292 3057 418 3112 pag.
464 3039 595 3101 250,
649 3038 747 3091 251
779 3047 832 3091 et
874 3052 1025 3106 seqq.
1062 3034 1416 3104 exponimus;
1459 3037 1514 3085 et
1550 3045 1614 3084 ea
1657 3032 1874 3101 placere

291 3134 460 3188 nobis
492 3129 730 3200 amplius
757 3129 946 3197 cmpit,
983 3143 1049 3182 ex
1076 3142 1184 3198 quo
1213 3135 1361 3180 tuam
1385 3124 1532 3177 illam
1559 3122 1875 3178 didicimus.

365 3220 539 3276 Aliud
572 3233 602 3271 a
638 3219 991 3287 dispunctore
1037 3221 1202 3284 caput
1240 3211 1635 3282 disputationis
1681 3219 1882 3265 nostra:

294 3309 725 3382 reprehenditur
749 3308 846 3379 (b),
876 3307 1019 3377 quod
1052 3323 1104 3376 p.
1135 3305 1260 3370 252,
1287 3302 1671 3366 dubitaverim,
1699 3313 1880 3356 utrum

295 3411 567 3473 perpetua
613 3400 929 3468 pmnitentia
971 3396 1244 3450 damnatis
1293 3402 1605 3465 postremus
1654 3392 1879 3462 gradus,

294 3509 468 3564 quem
545 3489 799 3543 σύστασίν
841 3488 1128 3551 vocabant,
1177 3485 1456 3556 patuerit:
1506 3484 1562 3538 in
1613 3499 1722 3552 quo
1767 3483 1881 3554 sola

293 3595 532 3654 precum
570 3577 954 3633 communione
987 3576 1315 3646 gaudebant,
1347 3574 1589 3628 nondum
1618 3571 1884 3627 Euchari—

299 3676 426 3728 stiee
457 3670 751 3742 participes
783 3668 933 3724 facti.
965 3666 1289 3736 Quanquam
1323 3681 1389 3720 eo
1436 3666 1610 3735 magis
1656 3666 1885 3720 inclina-

298 3768 455 3831 rim,
509 3773 568 3818 ut
622 3764 688 3820 ad
727 3773 983 3834 quartum
1033 3761 1184 3814 illum
1241 3759 1468 3813 minime
1513 3757 1882 3827 pervenerint.

297 3855 429 3911 iloc
461 3870 546 3908 me
570 3853 844 3923 posterius
873 3860 1017 3905 recte
1045 3849 1287 3904 sensisse
1316 3848 1636 3916 dispunctor
1667 3847 1883 3900 asserit.

305 3948 465 4002 Nam
501 3945 567 3998 ad
607 3954 854 4014 quartum
882 3942 1107 4012 gradum
1135 3941 1320 3994 evectis
1353 3939 1616 3992 absolutio
1643 3953 1891 3991 concessa

302 4039 514 4109 fuerat,
538 4051 652 4104 qua:
674 4043 922 4103 perpetua
958 4033 1265 4100 paenitentia
1299 4030 1566 4084 damnatis
1601 4028 1892 4098 denegaba-

302 4136 426 4181 tur.
466 4124 660 4180 Utrum
703 4124 757 4177 iu
791 4123 954 4178 tertio
984 4121 1154 4190 gradu
1192 4120 1485 4183 absolutio,
1513 4118 1618 4171 hoc
1649 4126 1732 4172 est
1779 4132 1884 4186 pax

301 4229 363 4274 et
414 4216 792 4271 reconciliatio
848 4215 1053 4268 tributa
1104 4211 1288 4276 fuerit,
1333 4226 1399 4264 an
1447 4211 1504 4264 in
1559 4215 1757 4278 quarto
1810 4207 1896 4261 de-

302 4325 468 4364 mum
518 4317 570 4362 et
619 4309 896 4371 συστάσει,
939 4315 1227 4376 quaesrtum
1283 4311 1367 4357 est
1418 4319 1448 4357 a
1497 4302 1656 4356 nobis
1721 4300 1896 4369 capite

1955 493 2338 558 mysteriorum
2374 488 2844 560 participationem
2900 487 3016 544 sive
3043 488 3104 540 τὸ
3135 487 3338 540 τέλειον
3364 502 3377 538 :
3409 493 3524 540 tum

1954 575 2290 644 paenitentiae
2319 583 2527 646 partem
2556 577 2892 648 gradumque
2929 575 3188 630 σύστασιν
3219 575 3431 640 haberi,
3463 591 3529 629 ac

1956 664 2282 720 nominatim
2316 667 2571 735 irrogari.
2613 667 2695 722 Ab
2723 683 2786 723 ea
2824 683 2926 722 nos
2963 667 3236 724 sententia
3266 667 3371 722 nisi
3404 667 3527 720 aliis

1956 757 2249 810 momentis
2265 756 2620 819 abstraxeris,
2642 773 2841 812 vereor
2868 767 2926 813 ut
2951 759 3285 830 persuadere
3320 760 3526 829 possis.

1961 844 2066 900 Sed
2109 862 2174 902 ea
2221 862 2282 902 re
2331 857 2536 914 tamen,
2577 849 2658 902 uti
2698 849 2944 916 fecimus,
2986 851 3042 906 in
3071 851 3251 906 medio
3291 852 3527 907 relicta:

1961 937 2233 1008 (ignosces
2275 940 2443 1005 enim,
2492 940 2710 1010 opinor,
2765 941 2814 997 si
2845 957 2968 996 cum
3021 944 3075 997 in
3104 958 3290 998 earum
3345 958 3531 998 rerum

1958 1031 2337 1085 tractationem
2383 1031 2777 1096 incumberem,
2815 1047 2950 1102 quas
2987 1042 3167 1100 antea,
3217 1035 3362 1104 quod
3413 1034 3540 1104 qui-

1963 1119 2085 1174 dem
2139 1121 2333 1186 sciam,
2390 1123 2632 1190 attigerit
2686 1138 2875 1188 nemo;
2932 1123 2988 1176 in
3038 1124 3103 1178 iis
3158 1131 3211 1178 et
3261 1126 3534 1180 similibus

1961 1208 2360 1276 quaestionibus
2389 1209 2595 1264 haerere
2649 1210 2837 1274 malui,
2867 1225 3031 1280 quam
3073 1213 3238 1269 tantis
3259 1213 3326 1269 de
3369 1214 3535 1269 rebus

1962 1307 2164 1354 temere
2189 1298 2482 1368 judicare.)
2543 1297 2648 1354 Sed
2678 1315 2742 1355 ea
2784 1300 3170 1355 controversiae
3210 1309 3361 1370 parte
3392 1317 3533 1371 prte—

1963 1390 2215 1447 termissa
2236 1433 2252 1458 ,
2285 1393 2432 1462 quod
2465 1400 2521 1446 tu
2557 1393 2692 1446 citra
2720 1392 3116 1446 dubitationem
3140 1393 3304 1447 ullam
3335 1394 3538 1448 asseris

1961 1483 2222 1551 perpetuis
2254 1483 2624 1550 paenitentibus
2668 1492 2988 1550 postremum
3036 1485 3262 1552 gradum
3300 1499 3406 1538 non
3440 1500 3540 1553 pa-

1965 1573 2161 1638 tuisse,
2205 1571 2261 1625 id
2292 1574 2479 1642 negari
2521 1573 2618 1628 tibi
2658 1587 2764 1627 non
2819 1574 3091 1629 immerito
3113 1582 3312 1645 potest.
3360 1577 3540 1644 Atque

1961 1671 2028 1718 ut
2058 1664 2127 1718 de
2163 1664 2270 1719 illis
2303 1664 2520 1718 interim
2546 1665 2865 1731 concedam,
2895 1666 2988 1735 qui
3023 1666 3089 1719 ad
3120 1667 3392 1739 publicam
3424 1681 3538 1736 pm-

1965 1755 2248 1810 nitentiam
2274 1755 2712 1819 admitterentur,
2743 1771 2905 1825 quam
2947 1756 3115 1817 semel
3141 1757 3406 1811 duntaxat
3446 1771 3543 1826 per

1963 1845 2056 1900 illa
2103 1853 2348 1914 tempora
2390 1860 2717 1901 concessam
2754 1847 2928 1903 fuisse
2960 1849 3284 1904 docuimus:
3315 1863 3540 1918 possum

1965 1935 2296 2001 ostendere,
2343 1938 2665 2002 nonnullos,
2710 1938 2805 2008 qui
2855 1945 2980 2008 post
3022 1939 3230 1993 obitam
3278 1940 3522 2009 poeniten

1967 2031 2099 2083 tiam
2152 2039 2206 2085 et
2246 2031 2748 2088 reconciliationem
2803 2033 3002 2087 iterum
3049 2037 3430 2101 peccaverant,
3476 2030 3580 2084 ad”

1969 2122 2140 2175 solam
2168 2120 2426 2176 σύστασιν
2458 2125 2513 2177 in
2560 2138 2723 2179 omne
2757 2123 2884 2178 vita:
2921 2132 3136 2194 tempus
3186 2123 3360 2178 fuisse
3387 2123 3550 2178 redu-

1970 2221 2126 2279 ctos;
2159 2213 2240 2268 sic
2268 2223 2332 2266 ut
2364 2214 2480 2268 sola
2511 2229 2634 2269 cum
2669 2213 2920 2270 lldelibus
2957 2215 3208 2269 oratione
3233 2215 3410 2284 juncti
3446 2215 3554 2268 sub

1971 2303 2176 2357 exitum
2205 2303 2330 2358 vita:
2373 2319 2560 2374 pacem
2603 2312 2657 2361 et
2690 2306 3134 2360 communionem
3181 2305 3548 2375 perciperent.

1972 2394 2091 2460 Qua
2139 2395 2208 2450 de
2239 2411 2302 2452 re
2360 2397 2672 2453 luculentus
2725 2405 2905 2454 exstat
2949 2397 3133 2452 Slricii
3197 2414 3348 2468 papae
3398 2399 3552 2452 locus

1971 2486 2134 2556 epist.
2164 2483 2204 2551 Ι,
2256 2500 2380 2541 can.
2416 2488 2470 2552 5,
2518 2487 2586 2543 de
2616 2487 2684 2542 iis
2712 2488 2829 2558 qui,
2875 2495 2996 2541 acta
3026 2488 3349 2557 paenitentia
3372 2487 3436 2542 ad
3464 2503 3554 2542 vo-

1977 2577 2170 2631 mitum
2202 2578 2432 2634 redeunt
2465 2596 2479 2633 :
2514 2579 2587 2633 De
2609 2577 2821 2648 quibus,
2853 2579 3051 2649 inquit,
3083 2575 3212 2646 quia
3231 2579 3350 2648 jam
3385 2579 3555 2646 stt/Tu—

1974 2669 2120 2739 gium
2169 2685 2276 2722 non
2323 2669 2511 2724 habent
2546 2671 2854 2738 paenitendi,
2889 2687 2947 2724 eo
2994 2670 3245 2725 duximus
3283 2670 3557 2725 decernen-

1975 2760 2122 2827 dum,
2165 2773 2224 2814 ut
2260 2761 2378 2815 sola
2405 2761 2545 2813 intra
2571 2759 2865 2813 Ecclesium
2905 2759 3149 2830 fidelibus
3179 2762 3416 2814 oratione
3429 2761 3558 2830 jun-

1981 2861 2196 2923 gantur,
2235 2860 2342 2906 etc.
2384 2851 2570 2915 Addit,
2609 2852 2714 2907 sub
2745 2853 2936 2905 horam
2979 2852 3173 2908 mortis
3214 2853 3558 2907 cﬁnmunio~

1979 2959 2100 2999 nem
2131 2957 2255 2998 esse
2280 2941 2633 2997 reddendam.
2671 2940 2850 2997 [labes
2886 2943 2976 2996 hic
3005 2950 3199 3011 quarto
3222 2943 3560 3015 poenitentia:

1983 3033 2174 3101 gradu,
2211 3033 2316 3088 hoc
2361 3039 2446 3087 est
2494 3032 2771 3102 συστάσει,
2794 3033 3084 3087 damnatos
3127 3033 3182 3087 in
3213 3041 3557 3104 perpetuum,

1984 3125 2105 3179 sine
2162 3123 2510 3179 absolutionc
2554 3123 3079 3194 communioneque,
3126 3139 3288 3194 quam
3339 3124 3561 3179 nonnisi

1981 3216 2086 3272 sub
2127 3215 2336 3270 obitum
2389 3214 2763 3283 impetrarent.
2800 3213 2916 3268 Non
2961 3222 3046 3270 est
3079 3229 3207 3285 ergo
3239 3214 3559 3278 verisimile,

1983 3307 2128 3374 quod
2153 3307 2354 3376 jactas,
2384 3322 2483 3362 eos
2512 3306 2603 3375 qui
2643 3307 2701 3359 in
2744 3306 3000 3359 συστάσει
3047 3307 3428 3370 versabantur,
3462 3307 3561 3360 ab-

1986 3397 2261 3454 solutione
2301 3396 2453 3466 prius
2502 3397 2810 3467 impertitos
2853 3413 2996 3452 esse.
3029 3397 3145 3452 Nisi
3175 3396 3315 3452 forte
3353 3398 3446 3468 qui
3496 3398 3562 3450 ad

1987 3491 2246 3544 vomitum
2293 3488 2593 3554 redierant,
2643 3489 2693 3543 id
2752 3489 2974 3558 impune
3022 3489 3158 3543 adeo
3188 3488 3456 3551 ferebant,
3505 3497 3565 3543 ut

1987 3583 2107 3639 sine
2168 3583 2489 3652 poenitentia
2549 3583 2950 3637 absolutionem
3001 3581 3146 3636 illico
3199 3581 3561 3652 perciperent,

1987 3677 2254 3745 longeque
2289 3673 2630 3729 commodius
2668 3673 3019 3738 haberentur,
3061 3689 3222 3743 quam
3273 3674 3364 3743 qui
3394 3673 3563 3729 semei

1988 3764 2370 3834 deliquissent,
2422 3761 2570 3832 quod
2616 3777 2833 3818 omnem
2875 3763 3268 3817 absurditatcm
3319 3772 3558 3833 superat.

2057 3857 2126 3910 At
2151 3857 2316 3910 etiam
2347 3855 2502 3909 illum
2535 3853 2606 3926 (c)
2643 3856 2816 3909 nostri
2850 3856 3094 3919 miseret;
3137 3861 3275 3924 quod
3321 3855 3440 3907 huic
3477 3872 3555 3908 as-

1991 3949 2230 4013 sertioni,
2268 3963 2449 4016 pacem
2487 3956 2536 4000 et
2603 3945 3008 4006 absolutionem,
3051 3946 3289 3998 criminis
3330 3945 3566 3999 dolorem

1992 4050 2039 4093 et
2069 4038 2430 4107 paenitentiam
2475 4051 2584 4104 pra:
2621 4052 2676 4090 se
2717 4035 3007 4105 ferentibus
3049 4035 3355 4103 denegatam
3379 4036 3564 4104 fuisse.

1994 4130 2256 4199 refragari
2302 4137 2565 4196 putemus,
2590 4127 2727 4192 quod
2784 4124 3007 4180 Nicama
3059 4126 3288 4195 synodus
3329 4141 3447 4181 can.
3504 4127 3570 4178 15

1996 4218 2222 4289 appellat
2252 4218 2478 4273 παλαιὸν
2511 4218 2605 4271 καὶ
2638 4217 2918 4271 κανονικὸν
2954 4217 3136 4287 νόμον,
3171 4233 3270 4286 quo
3297 4215 3569 4269 moribun-

1996 4313 2077 4366 dis
2109 4311 2344 4364 dandam
2383 4327 2496 4364 esse
2527 4325 2708 4378 pacem
2743 4310 3122 4379 praescribitur.
3160 4307 3330 4363 llomo
3357 4309 3570 4363 miseri-

304 4409 601 4472 postremo
643 4398 918 4461 Diatribaa,
956 4405 1010 4451 et
1054 4396 1310 4464 utrinque
1341 4395 1581 4448 rationes
1615 4406 1890 4462 expensa),
1932 4423 1970 4475 υ
2000 4421 2147 4470 (ιρι-8,
2199 4419 2360 4474 quem
2414 4411 2524 4456 tam
2575 4403 2733 4458 facile
2785 4402 2970 4466 alieni,
3031 4411 3090 4455 ιιι
3139 4409 3314 4471 pum,
3363 4401 3572 4457 enm-[5

303 4493 520 4563 quibus
571 4490 822 4546 allirmari
875 4489 1021 4544 istud
1065 4489 1320 4558 negarive
1372 4495 1577 4556 posset.
1634 4484 1745 4538 lloc
1795 4499 1894 4552 ego

306 4587 642 4639 alterutram
691 4583 744 4636 iu
788 4591 992 4652 partem
1035 4582 1262 4635 delinire
1297 4579 1468 4640 nolui,
1522 4584 1574 4631 et
1608 4577 1675 4628 ad
1714 4575 1896 4629 crudi--

308 4691 502 4734 torum
567 4677 844 4730 hominum
905 4684 1067 4745 atque
1118 4673 1462 4742 antiquitatis
1511 4666 1895 4723 ecele~iastirte

306 4768 919 4837 consultorumjudieia
949 4766 1266 4838 provocari.
1300 4763 1381 4818 Tu
1422 4762 1466 4817 si
1491 4778 1558 4816 ex
1591 4778 1655 4815 eo
1699 4775 1897 4828 genere

305 4860 606 4917 hominum
650 4874 728 4922 es,
773 4859 934 4913 velim
979 4859 1118 4911 hanc
1167 4856 1298 4910 mihi
1341 4844 1734 4909 dubitationem
1779 4851 1896 4905 exi-

307 4967 467 5014 mas,
501 4958 554 5004 et
577 4950 912 5020 conjecturis
938 4953 1006 5006 iis
1039 4965 1321 5016 occurras,
1353 4967 1474 5021 qua:
1502 4953 1698 5022 partim
1728 4951 1837 5006 illic
1867 4965 1896 5004 a

313 5060 411 5098 me
448 5044 744 5112 proposita:
773 5051 943 5106 sunt,
981 5043 1177 5112 partim
1210 5043 1332 5096 aliis
1361 5057 1428 5097 ex
1473 5043 1789 5098 auctoribus
1825 5043 1900 5094 af-

313 5134 457 5190 ferri
489 5141 739 5203 possunt.
777 5133 884 5203 Ego
923 5143 1046 5202 post
1076 5133 1472 5190 absolutionem
1523 5142 1898 5190 sacramenta-

314 5231 455 5286 lem,
493 5224 548 5278 id
584 5233 689 5288 est,
721 5231 1018 5294 perlectam
1056 5238 1243 5292 pacem
1285 5239 1348 5278 ac
1376 5225 1897 5287 reconciliationem,

314 5318 535 5388 optimo
585 5318 710 5386 jure
775 5316 945 5370 fuisse
997 5317 1326 5384 pmnitentes
1381 5315 1654 5381 arbitror;
1725 5331 1900 5384 neque

314 5410 626 5480 quidquam
678 5411 935 5464 habuisse
984 5409 1200 5477 reliqui,
1251 5407 1396 5477 quod
1435 5423 1528 5462 eos
1583 5423 1611 5460 a
1661 5422 1900 5460 commu-

317 5501 498 5556 ninne
539 5498 803 5554 Dominici
840 5501 1084 5564 corporis
1117 5505 1346 5552 arceret.
1385 5495 1552 5551 Video
1595 5497 1736 5550 enim
1781 5496 1897 5567 paci

407 5613 480 5676 (α)
510 5612 636 5682 l‘ag.
674 5613 758 5667 i7).

401 5687 478 5755 (ι)
518 5683 642 5751 ινςιε.
686 5683 768 5736 is.

655 5781 920 5842 PATROL.
969 5782 1083 5842 (in.
1133 5779 1358 5843 XLIll.

1998 4499 2242 4560 miseret,
2275 4512 2373 4550 cur
2401 4497 2455 4549 in
2496 4503 2812 4565 peccatores
2840 4511 2903 4550 ac
2933 4497 3260 4566 pmnitentes
3299 4497 3378 4549 sic
3418 4508 3572 4548 acer-

1999 4600 2100 4644 bus
2145 4599 2198 4642 et
2249 4588 2488 4642 crudelis
2516 4596 2618 4647 est,
2657 4596 2714 4639 ut
2744 4603 2840 4641 eos
2869 4601 2993 4640 cum
3038 4587 3280 4641 Ecclesia
3332 4584 3573 4639 reconciv

1999 4682 2118 4734 liari
2175 4681 2504 4749 prohibeat?
2562 4680 2823 4749 Equidem
2867 4695 2987 4749 pag.
3030 4680 3159 4757 251,
3189 4685 3477 4748 postquam
3514 4677 3568 4730 in

1999 4773 2161 4826 certis
2187 4773 2508 4826 Criminibus
2538 4779 2788 4841 negatam
2815 4769 3104 4839 aliquando
3130 4768 3568 4822 communionem

1998 4862 2243 4931 probavi,
2269 4863 2544 4932 paululum
2571 4862 2905 4925 addubitavi,
2929 4869 3186 4915 utrumne
3224 4860 3276 4913 in
3327 4859 3572 4928 periculo

2001 4953 2225 5023 quidem
2284 4954 2478 5008 mortis
2529 4967 2790 5008 concessa
2849 4951 3032 5007 fuerit.
3086 4951 3199 5007 Hoc
3237 4966 3306 5006 ne
3353 4951 3572 5021 penitus

2001 5060 2326 5109 assererem,
2378 5045 2658 5115 prohiberi
2711 5059 2796 5099 me
2845 5043 2955 5098 dixi
2998 5059 3209 5100 canone
3248 5044 3342 5097 illo
3384 5043 3453 5096 i5
3484 5041 3575 5095 Ni-

2001 5152 2172 5199 creno,
2212 5136 2301 5190 ubi
2350 5135 2540 5190 Patres
2588 5137 2654 5190 de
2701 5136 3062 5194 morientibus
3095 5136 3472 5205 decreverunt,
3513 5140 3573 5186 ut

2005 5241 2070 5279 ne
2125 5225 2315 5279 ultimo
2366 5239 2430 5278 ac
2483 5226 2794 5281 necessario
2840 5227 3044 5280 viatico
3087 5225 3471 5295 privarentur,
3515 5222 3571 5275 in

2001 5331 2172 5386 coque
2215 5325 2371 5371 vetus
2403 5325 2456 5371 ct
2489 5317 2752 5370 canonica
2797 5317 2878 5371 lex
2922 5325 3188 5372 servetur.
3235 5315 3359 5386 [hec
3405 5314 3573 5367 veaba

2002 5408 2245 5474 concilii,
2301 5417 2446 5462 vetus
2500 5418 2560 5461 eL
2603 5409 2858 5463 canonica
2919 5409 3001 5463 lea:
3052 5384 3398 5476 signiﬁcant,
3459 5410 3568 5456 nan

2001 5499 2128 5568 χθὲς
2156 5500 2249 5553 καὶ
2274 5500 2482 5570 πρώην,
2521 5501 2611 5555 sed
2642 5502 2751 5570 jam
2785 5509 2896 5555 tum
2927 5502 3054 5556 oli'm
3087 5499 3141 5551 in
3168 5494 3414 5550 Ecclesia
3445 5507 3575 5549 cau-

2077 5612 2143 5682 (ί)
2184 5611 2314 5684 Pag.
2358 5615 2438 5667 lt.

3187 5777 3264 5837 20
