3978 6220
446 332 554 388 1319

1750 316 1930 376 DION.
1965 316 2309 380 PETAVIUS

3611 316 3738 375 620‘

451 460 567 502 tum
595 459 739 509 esse,
778 442 858 498 uti
887 457 955 499 ne
978 439 1338 500 morientibus
1365 437 1680 500 communio
1711 447 2025 510 negaretur.
2059 449 2104 503 Α
2136 438 3016 515 appellaretur,quaemoribundis
3044 436 3438 511 paml'tentibus
3469 451 3722 494 commu-

451 538 672 609 Excipit
712 536 979 591 adversus
1023 534 1128 589 ista
1177 532 1523 601 dispunctor,
1557 527 1838 584 Nicwuant
1876 547 2030 600 syno-

451 630 578 682 dum
625 645 727 682 non
766 627 830 681 de
873 623 1129 692 apostatis
1177 632 1268 676 aut
1315 621 1806 684 excontmunicatis,
1839 619 1930 676 sed
1963 620 2028 674 de

447 715 819 790 pauitantibus
881 721 1092 768 tantum
1147 712 1453 771 renitentia
1495 709 1717 764 solemni
1764 708 2027 779 defunctis

452 812 850 885 intelligendam
882 808 1076 864 venire.
1101 806 1267 861 Multa
1303 806 1476 874 gratis
1501 803 1852 861 concedenda
1877 811 2024 867 sunt,

452 921 686 978 quorum
739 904 785 958 si
828 903 897 957 ab
947 902 1042 956 illo
1091 899 1400 970 postuletur
1445 899 1607 961 ratio,
1661 897 1797 953 nihil
1833 903 2030 966 praeter

451 998 826 1068 conjecturam
889 993 1065 1063 possit
1129 990 1344 1046 atterr-e.
1401 987 1684 1055 Ejusmodi
1733 994 1818 1043 est
1870 985 2026 1050 illud,

452 1085 596 1158 quod
633 1086 700 1140 de
725 1083 930 1137 Nicmni
975 1079 1204 1134 canonis
1243 1079 1513 1138 sententia
1557 1077 1803 1147 disputat
1831 1094 1846 1130 :
1879 1074 2026 1146 quod

449 1198 518 1237 ne
547 1180 725 1251 ipsum
767 1176 985 1247 quidem
1019 1180 1211 1230 contra
1251 1185 1354 1231 nos
1389 1171 1540 1236 facit,
1573 1185 1752 1241 neque
1791 1169 1860 1225 ad
1913 1185 2026 1223 rem

448 1272 709 1342 pertinet,
766 1270 878 1323 imo
912 1283 977 1322 cx
1007 1280 1074 1321 eo
1107 1263 1429 1334 superioris,
1482 1276 1647 1332 quam
1689 1260 2029 1331 oppugnavi-

451 1378 596 1429 inus,
653 1358 940 1418 sententia:
991 1356 1206 1416 falsitas
1259 1354 1629 1410 convincitur.
1669 1351 1868 1407 Demus
1900 1351 2026 1414 hoc,

449 1455 724 1510 lVicmnam
764 1448 1032 1522 synodum
1067 1460 1277 1503 canone
1302 1444 1396 1502 illo
1427 1443 1514 1506 l3,
1547 1457 1677 1514 quo,
1711 1457 1775 1500 ex
1805 1443 2029 1511 antiqua

449 1559 499 1603 et
523 1544 790 1602 canonica
821 1542 1127 1605 sanctione,
1161 1538 1420 1594 viaticum
1452 1536 1698 1606 adeoque
1735 1549 1926 1604 pacem
1975 1541 2030 1594 et

447 1637 853 1698 absolutionem
903 1632 1272 1690 morientibus
1321 1628 1592 1700 impertiri
1635 1627 1810 1696 jubet,
1855 1625 1922 1680 de
1961 1625 2030 1679 iis

450 1729 718 1784 duntaxat
756 1726 1132 1796 praescribere,
1165 1724 1260 1794 qui
1295 1720 1617 1794 pmnitentia
1666 1719 1898 1775 solemni
1943 1718 2030 1774 dc-

452 1819 625 1873 functi
680 1782 852 1882 sunt;
896 1816 1132 1886 primum
1159 1830 1227 1870 ex
1252 1827 1317 1869 eo
1351 1824 1697 1880 consequens
1726 1817 1828 1870 est,
1871 1814 2031 1861 crete-
2061 1782 2102 1838 Β

447 1926 564 1975 ros,
599 1909 689 1979 qui
721 1905 965 1964 nondum
995 1904 1394 1976 paenitentibus
1423 1901 1649 1971 ascripti
1693 1899 1930 1963 fuerant,
1977 1906 2032 1953 et

449 2001 504 2054 in
534 1997 729 2053 mortis
798 1994 1046 2066 periculo
1121 2007 1310 2064 pacem
1386 1997 1670 2060 peterent,
1749 2000 2029 2055 nunquam

448 2091 812 2161 impetrasse;
845 2086 977 2158 quia
1007 2085 1244 2148 solemni
1274 2082 1600 2154 pmnitentia
1629 2077 1875 2136 defuncti
1919 2091 2028 2131 non

446 2191 623 2239 erant.
660 2178 817 2247 Quod
843 2177 1062 2249 quidem
1099 2175 1328 2241 inliciari
1365 2188 1683 2244 possumus,
1728 2168 2030 2241 praesertim

447 2275 494 2331 si
527 2274 594 2329 de
617 2273 823 2328 citimis
848 2269 1067 2329 Nicaeae
1085 2267 1324 2328 concilio
1349 2265 1688 2335 temporibus
1715 2265 2027 2332 loquamur.

447 2363 583 2430 Quis
638 2362 782 2418 enim
838 2360 1025 2416 credat
1077 2374 1195 2424 eos,
1251 2356 1348 2427 qui
1399 2364 1526 2426 post
1576 2356 1800 2411 unicum
1851 2355 2033 2408 scelus

449 2454 774 2516 admissum,
839 2459 1129 2522 antequam
1191 2449 1477 2515 obeundae,
1530 2450 1616 2503 vel
1677 2445 2032 2516 impetrandae

449 2545 786 2615 pmnitcntiae
845 2544 1084 2614 spatium
1137 2541 1434 2604 haberent,
1483 2539 1538 2600 in
1588 2536 1836 2592 morbum
1895 2535 2034 2591 inci-

447 2636 681 2696 dissent,
729 2649 862 2705 pace
891 2647 955 2688 ac
983 2629 1430 2690 reconciliatione
1475 2626 1651 2686 fuisse
1693 2626 2032 2682 frustratos?

451 2722 566 2778 lloc
594 2723 699 2781 nisi
731 2721 1106 2778 vehementius
1163 2718 1460 2790 approbes,
1516 2729 1678 2772 nemo
1711 2715 1807 2771 tibi
1837 2722 2032 2786 sponte

447 2815 808 2872 concesserit.
843 2813 949 2870 Sed
981 2813 1268 2870 omittatur
1303 2809 1448 2868 istud
1484 2810 1539 2870 in
1576 2823 1838 2880 praesens.
1871 2807 2030 2863 Certe

448 2909 683 2963 alterum
706 2923 780 2962 ex
808 2904 1070 2977 opinione
1134 2914 1188 2968 et
1235 2903 1687 2974 interpretatione
1717 2900 1822 2960 ista
1845 2901 2031 2972 sequi-

451 3010 563 3068 tur,
597 2997 745 3071 quod
785 2997 1058 3071 superiori
1087 2996 1190 3061 illi,
1227 3003 1287 3051 ut
1321 2994 1456 3059 dixi,
1511 2995 1800 3052 sementim
1850 2991 2027 3047 refra-

2133 533 2354 588 nioucm
2406 533 2622 596 tribuit,
2672 547 2856 586 nonne
2909 533 2994 586 vel
3037 540 3164 588 ante
3212 547 3315 586 Lxx
3369 546 3548 586 annos
3586 530 3724 592 ferri

2129 623 2356 682 debuit?
2409 621 2687 689 Quocirca
2735 621 2960 677 florente
3004 621 3282 692 Cypriano
3313 610 3573 676 Ecclesia:
3601 621 3719 690 jam

2129 722 2249 769 erat
2271 729 2374 770 usu
2406 723 2644 784 recepta.
2699 713 2780 768 Ita
2823 714 3012 769 multis
3065 714 3244 770 modis
3277 715 3719 770 commentitium

2139 813 2242 872 est,
2279 807 2721 877 persecutionum
2749 813 3012 874 tempore,
3039 812 3094 860 ct
3120 806 3282 875 longo
3312 814 3438 860 ante
3460 804 3722 859 Novatia-

2137 913 2268 953 num
2323 899 2635 964 intervallo,
2697 897 3097 968 pennitentibus
3152 899 3317 953 etiam
3369 896 3721 951 moribundis

2131 988 2570 1046 communionem
2605 1001 2727 1042 esse
2755 986 3107 1056 denegatam.

2204 1081 2270 1134 At
2303 1080 2499 1150 objicis
2527 1097 2540 1133 :
2575 1077 2849 1149 Synodum
2881 1078 3238 1143 Sardiensem,
3295 1077 3516 1133 Nic-aena
3538 1087 3720 1147 poste-

2131 1173 2368 1233 riorem,
2415 1173 2472 1225 in
2519 1171 2755 1239 periculo
2803 1170 2992 1225 mortis
3039 1185 3230 1238 negare
3273 1171 3715 1226 communionem.

2129 1262 2274 1328 Quid
2321 1263 2484 1316 tum?
2520 1274 2588 1316 an
2633 1262 2755 1316 ideo
2800 1275 3002 1332 negare
3039 1268 3218 1330 potes,
3269 1259 3415 1315 istud
3455 1261 3638 1330 ipsum
3677 1275 3714 1314 ι

2133 1353 2354 1408 Niczeno
2379 1354 2611 1410 concilio
2639 1353 2808 1410 fuisse
2835 1353 3141 1418 decretum,
3169 1352 3314 1422 quod
3351 1367 3525 1406 canon
3565 1353 3720 1406 illius

2132 1456 2241 1500 tam
2273 1454 2461 1517 aperte
2493 1445 2773 1516 loquitur?
2818 1443 3030 1508 Nescis,
3058 1445 3407 1517 genera-libus
3439 1445 3718 1500 interdum

2133 1538 2362 1609 regulis,
2417 1553 2542 1592 cum
2603 1537 2678 1591 ita
2727 1545 3039 1606 temporum
3097 1537 3380 1602 conditio,
3436 1537 3521 1591 vel
3579 1551 3721 1592 usus

2131 1628 2440 1698 disciplinae
2493 1629 2758 1697 postulat,
2807 1627 3054 1698 privatas
3108 1628 3375 1698 abrogare
3435 1628 3615 1698 leges,
3656 1635 3720 1681 ut

2132 1717 2276 1787 quod
2308 1719 2562 1773 universe
2589 1725 2812 1774 cautum
2845 1718 3043 1784 fuerat,
3077 1718 3127 1772 ei
3159 1721 3241 1772 vel
3275 1719 3506 1788 aequitas
3530 1720 3717 1774 detra-

2135 1812 2229 1866 hat
2265 1811 2493 1880 aliquid,
2549 1812 2636 1866 vel
2682 1812 2953 1866 severitas
3008 1813 3285 1882 apponat?
3325 1810 3420 1867 Est
3463 1811 3611 1866 enim
3658 1811 3717 1866 in

2135 1900 2395 1958 Ecclesia:
2429 1908 2696 1971 potestate
2731 1900 3073 1972 arbitrioque
3119 1917 3394 1957 canonum
3443 1917 3615 1967 usus;
3655 1910 3718 1956 ut

2131 1991 2349 2047 illorum
2407 1994 2736 2049 auctoritate
2791 1996 2963 2059 salva,
3020 2010 3181 2068 secus
3215 2008 3377 2063 quam
3432 1995 3465 2046 ii
3514 1994 3716 2060 ferant,

2132 2085 2382 2140 nonnihil
2434 2086 2756 2156 plerumque
2806 2093 3034 2139 statuat.
3077 2084 3215 2139 Nam
3249 2094 3301 2139 et
3331 2084 3577 2156 synodus
3622 2084 3717 2137 illa

2135 2176 2265 2232 Side
2297 2176 2630 2248 Pamphylia:
2661 2177 2844 2232 habita
2878 2185 3069 2233 contra
3101 2177 3487 2241 Massalianos,
3525 2175 3719 2231 Sardi-

2132 2270 2286 2324 censl
2319 2269 2608 2338 posterior,
2645 2269 2806 2339 cujus
2840 2285 2908 2324 ex
2942 2267 3158 2335 Photio,
3191 2285 3314 2340 pag.
3349 2268 3437 2334 l8,
3464 2269 3720 2324 memini-

2132 2376 2278 2425 mus,
2305 2361 2374 2416 iis
2403 2362 2497 2431 qui
2529 2369 2654 2432 post
2701 2361 3050 2418 anathemate
3095 2362 3411 2415 damnatam
3461 2360 3715 2415 haeresim

2130 2452 2303 2520 illam,
2331 2464 2612 2526 utcunque
2646 2454 3019 2524 suSpicioncm
3057 2452 3178 2522 ejus
3213 2459 3404 2524 postea
3435 2451 3714 2514 dederint,

2131 2545 2574 2602 communionem
2627 2561 2696 2601 ne
2748 2546 2804 2601 in
2859 2545 2986 2601 vita:
3043 2545 3264 2617 quidem
3302 2545 3453 2600 exitu
3499 2545 3719 2612 tribuit,

2129 2637 2431 2705 quamlibet
2486 2645 2694 2693 mutata
2755 2639 3028 2694 sententia
3099 2639 3483 2708 pmnitcntiam
3536 2639 3713 2707 parati

2131 2730 2247 2785 sint
2292 2731 2556 2800 profiteri.
2590 2732 2669 2784 Ac
2699 2730 2906 2786 videsis
2950 2746 3180 2786 acumen
3227 2731 3377 2785 illius
3419 2731 3716 2784 ratiocina—

2128 2822 2319 2877 tionis.
2376 2820 2632 2878 Nicaenus
2681 2837 2859 2877 canon
2914 2822 3235 2878 undecimus
3284 2821 3373 2886 iis,
3432 2822 3524 2892 qui
3576 2821 3716 2876 citra

2128 2913 2241 2966 vim
2287 2925 2352 2966 ac
2397 2913 2782 2968 necessitatem
2833 2912 2937 2967 sub
2991 2911 3189 2966 Licinii
3238 2913 3529 2983 tyrannide
3576 2909 3715 2981 lapsi

2131 3003 2357 3070 fuerint,
2405 3003 2701 3060 duodecim
2741 3020 2916 3060 annos
2947 3005 3282 3075 pmnitentiae
3315 3005 3563 3075 praefixit.
3599 3001 3716 3058 Hoc

449 3097 628 3161 gatur,
662 3087 862 3144 Ait-bas
896 3087 1079 3155 modo,
1127 3086 1384 3142 smvicnte
1429 3083 1666 3154 procella
1702 3083 2027 3153 persecutio-

2133 3105 2192 3151 tu
2225 3097 2412 3166 simili,
2447 3107 2611 3168 atque
2660 3099 2774 3154 illic
2816 3099 3013 3164 uteris,
3063 3100 3538 3170 argumentatione
3583 3111 3713 3168 pro-

449 3183 556 3247 nis,
585 3196 700 3248 cos,
729 3181 822 3251 qui
856 3180 1174 3250 poenitentia
1223 3177 1548 3234 delictorum
1595 3175 1814 3231 coalitus
1858 3174 2023 3229 amati

448 3275 684 3337 fuerant,
726 3274 844 3329 sola
888 3271 1144 3328 Ecclesia
1181 3269 1598 3341 approbatione,
1649 3269 1769 3323 sine
1813 3269 2029 3323 absolu-

447 3369 618 3432 tione,
663 3365 834 3421 fuisse
868 3372 1160 3424 contentos
1188 3381 1202 3418 :
1232 3378 1469 3432 cumque
1498 3361 1592 3416 diu
1624 3377 1692 3416 ne
1716 3360 2027 3416 moribundi

447 3459 668 3530 quidem
739 3456 954 3513 veniam
1013 3471 1076 3514 ac
1137 3469 1327 3525 pacem
1382 3454 1635 3508 obtinere
1686 3453 2024 3524 potuissent,

448 3561 639 3623 postea
677 3550 841 3617 longo
873 3547 1160 3604 intervallo
1202 3547 1518 3612 remissum,
1563 3552 1624 3600 ut
1666 3546 2027 3601 morientibus

447 3644 716 3698 duntaxat
762 3638 1038 3694 absolutio
1074 3638 1504 3708 permitteretur,
1553 3638 1736 3707 itaque
1767 3637 2025 3692 Novatia-

450 3750 644 3790 norum
692 3732 944 3787 bmrcsim
983 3731 1084 3786 bac
1121 3739 1329 3785 tantum
1371 3747 1437 3786 ex
1487 3737 1640 3800 parte
1687 3731 2020 3786 damnatam.

451 3827 575 3882 ΙΙωο
601 3827 717 3896 ipsa
754 3832 1021 3892 tempora,
1067 3821 1268 3891 quibus
1311 3829 1506 3894 negata
1545 3823 1631 3878 vel
1668 3822 2025 3877 morientibus

445 3913 883 3985 est_communio,
901 3913 1058 3983 longe
1079 3910 1219 3968 infra
1233 3911 1491 3983 Cypriani
1509 3919 1722 3968 aetatem
1745 3913 2021 3966 incidunt:

446 4007 648 4078 quippe
691 4002 1032 4060 Novatianus
1073 4003 1220 4060 illius
1272 4013 1517 4074 tempore
1561 4003 1738 4070 vixit;
1797 4011 1854 4058 tu
1893 4019 2025 4058 vero

449 4100 610 4169 longo
663 4097 949 4152 intervallo
1005 4101 1126 4166 post
1181 4093 1468 4154 Novatiani
1517 4105 1695 4154 ortam
1750 4095 2021 4160 lueresim,

448 4193 682 4246 laxatam
713 4191 916 4246 asseris
948 4189 1354 4248 scverissimam
1385 4189 1530 4244 illam
1565 4187 1827 4248 Ecclesia:
1855 4188 2025 4244 disci-

449 4284 670 4353 ptinam.
749 4281 986 4337 Proinde
1059 4281 1318 4353 Cypriani
1383 4288 1667 4350 tempore,
1757 4282 2024 4353 longeque

450 4383 676 4444 postea.
751 4374 936 4428 nullus
1005 4373 1430 4441 quibuscunque
1497 4373 1896 4441 paenitentibus
1957 4372 2022 4426 ad

2133 3190 2292 3246 babis
2322 3205 2607 3260 nunquam
2637 3205 2667 3245 a
2695 3191 2932 3247 concilio
2973 3191 3145 3246 fuisse
3179 3193 3473 3246 sancitum.
3524 3191 3714 3261 Siqui-

2131 3282 2254 3339 dem
2288 3281 2634 3338 Valentinnm
2680 3282 2902 3339 Nicaeno
2936 3285 3208 3355 posterius
3239 3300 3359 3339 can.
3395 3283 3712 3347 5dccrevit,

2130 3383 2192 3430 ut
2233 3377 2328 3446 qui
2380 3383 2504 3446 post
2553 3376 2883 3446 baptismum
2918 3377 3161 3448 profanis
3201 3376 3508 3430 dannonum
3540 3378 3715 3430 sacris

2131 3467 2324 3537 polluti
2385 3468 2628 3532 fuerint,
2697 3469 3077 3539 pmnitentiam
3132 3469 3199 3522 ad
3255 3477 3482 3524 mortem
3538 3485 3714 3538 usque

2130 3557 2456 3627 suscipiant.
2506 3557 2672 3627 Atqui
2729 3557 2867 3612 ratio
2918 3557 3144 3613 minime
3197 3560 3462 3625 procedit.
3527 3557 3715 3628 Neque

2130 3649 2296 3720 igitur
2359 3649 2449 3705 illa
2510 3665 2675 3720 quam
2742 3651 2808 3706 ad
2873 3651 3052 3707 simile
3120 3652 3393 3722 negotium
3458 3651 3708 3705 adhibes.

2129 3741 2338 3812 Pergis,
2393 3754 2446 3798 et
2493 3744 2596 3799 hoc
2640 3744 2947 3815 redargnis,
2998 3745 3141 3814 quod
3183 3761 3304 3816 pag.
3331 3745 3436 3798 254
3469 3745 3536 3799 de
3568 3743 3710 3797 ditii-

2128 3835 2332 3889 cillimo
2377 3837 2469 3891 illo
2510 3835 2767 3908 Cypriani
2795 3837 2911 3891 loco
2945 3853 3010 3890 ex
3041 3838 3200 3907 epist.
3246 3838 3308 3890 15
3339 3837 3707 3908 disputamus,

2127 3923 2221 3978 ubi
2287 3933 2513 3980 sanctus
2568 3925 2811 3995 pontifex
2869 3924 3058 3995 jubet,
3127 3933 3187 3980 ut
3246 3927 3338 3997 qui
3406 3927 3619 3984 libellos
3675 3941 3709 3979 a

2128 4017 2472 4088 martyribus
2527 4025 2881 4089 acceperunt,
2942 4017 3084 4088 apud
3148 4019 3554 4089 presbyterum,
3615 4025 3709 4072 aut

2126 4109 2174 4162 si
2213 4109 2334 4180 ejus
2385 4110 2541 4181 copia
2573 4109 2736 4177 desit,
2769 4110 2912 4182 apud
2942 4113 3232 4166 diaconum
3261 4111 3706 4181 exbomologesiu

2125 4196 2310 4252 delicti
2352 4199 2438 4255 sui
2488 4198 2716 4266 faciant,
2770 4209 2829 4255 ut
2873 4216 3039 4255 manu
3085 4203 3165 4257 cis
3218 4204 3272 4256 in
3325 4202 3701 4273 pmnitcntiam

2128 4288 2402 4362 imposita,
2435 4291 2655 4347 veniant
2685 4291 2750 4347 ad
2784 4293 3072 4348 Dominum
3101 4309 3225 4348 cum
3261 4311 3413 4364 pace.
3450 4294 3577 4348 llaec
3604 4308 3706 4363 ego

2128 4382 2508 4451 probabiliter,
2553 4384 2656 4440 nisi
2693 4383 2871 4449 fallor,
2905 4385 2986 4441 sic
3015 4386 3415 4458 interpretabar
3436 4427 3450 4450 ,
3493 4394 3551 4440 ut
3582 4402 3701 4438 cum

448 4466 748 4520 Ecclesiam
793 4472 846 4518 et
888 4463 1387 4518 reconciliationem
1419 4463 1602 4518 aditus
1632 4464 1824 4534 patuit.
1858 4464 2021 4533 Atqui
2057 4478 2098 4532 ι)
2130 4472 2330 4541 duplex
2370 4472 2583 4529 fructus
2614 4476 2980 4531 absolutionis
3011 4476 3193 4538 fuerit.
3223 4485 3279 4530 υι
3306 4488 3358 4531 et
3387 4493 3416 4530 3
3443 4476 3704 4548 peccatis,

450 4557 810 4612 falsissimum
874 4553 928 4608 id
988 4569 1153 4618 esse,
1224 4570 1351 4608 cum
1427 4564 1585 4609 antea
1646 4572 1714 4610 ex
1774 4557 2020 4626 ejusdem

445 4645 707 4719 Cypriani
740 4653 794 4702 et
827 4645 1059 4700 aliorum
1093 4656 1335 4702 veterum
1371 4649 1700 4703 auctoritate
1753 4656 2021 4702 monstra-

441 4741 646 4805 vimus,
685 4747 798 4794 tum
828 4753 894 4792 ex
925 4739 1232 4809 posteriore
1267 4739 1358 4793 illa
1406 4746 1498 4793 tua
1537 4739 1738 4794 Niceeni
1791 4743 2023 4798 canonis

442 4830 894 4902 interpretatione
944 4831 1318 4887 concluditur.
1350 4831 1408 4885 Si
1448 4830 1594 4886 enim
1620 4829 1836 4886 Niczena
1893 4849 2022 4904 syn-

443 4921 585 4977 odus
647 4929 887 4978 veterem
948 4931 1004 4978 ct
1091 4922 1414 4977 canonicam
1476 4923 1816 4977 sanctionem
1873 4923 2022 4978 illam

443 5021 643 5079 vocat,
703 5029 824 5082 quae
878 5013 1240 5071 moribundos
1298 5014 1623 5084 pmnitentes
1682 5016 2025 5071 absolutione

443 5105 639 5159 donari
681 5105 948 5174 praecipit.
1003 5121 1132 5161 sane
1171 5107 1330 5176 longe
1363 5114 1488 5162 ante
1523 5105 1805 5161 Metellum
1837 5109 2024 5162 conci-

445 5198 602 5265 lium,
635 5209 922 5268 grassante
954 5197 1090 5252 adeo
1116 5199 1355 5266 procella
1383 5199 1810 5266 persecutionis,
1830 5198 2021 5253 saltem

447 5289 814 5344 morientibus
865 5286 1140 5343 absolutio
1187 5303 1454 5343 concessa
1511 5288 1697 5343 fuerit.
1740 5288 1888 5343 Obiit
1919 5290 2024 5360 Cy-

444 5383 672 5455 prianus
712 5398 858 5436 anno
909 5380 1116 5436 Christi
1144 5379 1269 5444 259,
1329 5378 1619 5435 Valeriano
1678 5389 1732 5435 et
1776 5382 2022 5436 Gallieno

444 5477 616 5546 impp.
663 5473 744 5528 Ab
773 5473 877 5528 hoc
911 5488 1055 5529 anno
1087 5471 1155 5526 ad
1198 5473 1492 5526 concilium
1524 5471 1824 5538 Nic-aenum,
1853 5473 2020 5528 intcr‘

443 5565 646 5619 vallum
675 5572 759 5620 est
797 5577 1067 5621 annorum
1121 5576 1276 5624 var.
1317 5559 1385 5618 Ut
1432 5577 1563 5633 ergo
1616 5571 1758 5618 vetus
1797 5562 1889 5616 illa
1937 5563 2019 5618 lex

516 5739 593 5807 (α)
628 5740 753 5810 Pag.
795 5743 874 5796 Η.

2128 4565 2232 4619 hoc
2260 4574 2364 4630 est,
2399 4567 2560 4638 culpa
2609 4567 2727 4637 ipsa
2770 4579 2894 4639 post
2935 4570 3309 4640 paenitentiam
3358 4570 3705 4625 absolveren-

2129 4664 2253 4720 tur;
2296 4663 2350 4710 ct
2396 4655 2449 4709 in
2482 4657 2756 4728 integrum
2806 4660 3046 4715 restituti
3097 4660 3162 4713 ad
3211 4660 3470 4714 Ecclesiae
3526 4659 3706 4714 Domi-

2128 4747 2352 4818 nicique
2410 4750 2858 4805 communionem
2927 4754 3179 4822 corporis
3243 4754 3702 4818 admitterentur;

2132 4850 2428 4911 utrumque
2463 4856 2559 4909 per
2585 4843 2872 4913 episcopos
2898 4852 2992 4897 aut
3021 4843 3340 4899 sacerdotes
3370 4844 3702 4907 obtinerent,

2128 4933 2359 4987 alterum
2397 4948 2547 4998 vero,
2580 4949 2706 4988 cum
2737 4935 3047 4990 sacerdotis
3078 4937 3234 5006 copia
3264 4952 3371 4991 non
3402 4947 3569 4999 esset,
3611 4951 3706 5006 per

2128 5027 2467 5080 diaconum:
2505 5027 2580 5080 ita
2636 5036 2698 5081 ut
2745 5029 2990 5084 nondum
3049 5031 3437 5085 sacramentali
3483 5030 3703 5083 absolu-

2129 5118 2276 5172 tione
2304 5127 2717 5188 percepta,cum
2752 5120 2824 5174 ita
2862 5123 3166 5176 necessitas
3199 5121 3383 5186 ferret,
3421 5136 3608 5191 pacem
3643 5135 3704 5173 ac

2129 5208 2634 5264 reconciliationem
2698 5219 3163 5281 assequerentur,
3227 5219 3281 5266 et
3346 5213 3704 5266 Eucltat'islize

2129 5299 2422 5369 participes
2452 5300 2651 5355 forent.

2199 5387 2334 5443 lluic
2373 5398 2483 5445 tam
2526 5405 2740 5462 aperite,
2781 5403 2886 5445 tam
2941 5394 3207 5448 hodierno
3239 5395 3361 5448 usui
3434 5409 3498 5448 ac
3541 5395 3701 5446 mmi-

2126 5482 2229 5535 bus
2275 5493 2655 5540 consentanea:
2685 5485 2878 5540 rationi
2921 5485 3050 5555 quid
3094 5487 3370 5556 Opponis?
3415 5484 3578 5550 Satis,
3623 5487 3702 5538 in-

2127 5571 2264 5642 quit,
2311 5583 2486 5642 nperte
2528 5574 2782 5640 insinuat,
2823 5574 3221 5631 Eucharistiam
3262 5576 3456 5648 absque
3495 5577 3702 5630 absolu-
