3978 6220
316 323 418 380 891

1442 304 1810 365 ADVERSUS
1849 304 2015 361 MAT.
2060 302 2413 361 SIMONIUM.

3481 298 3585 356 6‘2!

316 439 450 491 tione
480 429 689 501 percipi
716 428 965 500 potuisse.
1007 423 1208 493 Quidni
1237 422 1343 480 hoc
1372 432 1555 496 aperte
1590 423 1849 495 proﬁtear
1876 462 1892 486 ,
1927 428 1972 487 Α
2000 421 2372 491 susciperent,
2422 418 2538 490 lege
2585 416 2676 474 illa
2720 426 3055 484 tenerentur.
3105 419 3268 492 Atqui
3329 423 3582 480 universe

319 527 463 597 quod
491 540 564 579 ex
597 523 690 581 illo
720 519 980 593 Cypriani
1014 519 1138 575 loco
1168 533 1279 572 non
1302 516 1537 572 obscure
1576 514 1896 585 colligitur?

1997 526 2237 567 canones
2267 511 2408 567 sacri
2444 525 2543 567 eos
2576 525 2768 567 omnes
2803 514 3124 579 excludunt,
3158 515 3250 585 qui
3291 515 3407 570 sive
3436 522 3585 571 cate-

322 619 455 675 Nam
485 624 539 672 et
576 629 767 685 pacem
811 612 1076 668 diaconus
1108 609 1199 665 ille
1239 621 1501 662 manuum
1548 604 1898 677 impositione
1996 600 2253 657 chumeni
2287 609 2496 666 essent,
2528 603 2645 658 sive
2678 619 2789 658 non
2820 615 3027 670 essent,
3072 606 3131 660 in
3176 609 3369 661 morbo
3406 608 3586 678 bapti-

322 709 614 766 tn'buebat.
658 708 754 763 Est
785 712 966 761 autem
993 719 1100 775 pax
1125 701 1266 756 idem
1296 714 1422 755 cum
1451 698 1896 755 reconciliatione

322 802 437 857 sive
469 797 875 855 communione.
920 795 1094 850 Porro
1126 791 1559 855 sacramentalis,
1587 797 1647 846 ut
1673 796 1892 853 vocant,

323 892 412 945 illa
439 905 548 945 non
577 889 717 954 fuit;
739 903 903 959 quam
948 888 1102 944 solus
1126 886 1387 943 sacerdos
1419 881 1670 938 conferre
1697 889 1894 952 potest.

322 980 527 1044 Restat,
558 988 617 1035 ut
648 980 793 1050 quod
832 978 944 1034 dixi
969 984 1125 1033 extra
1151 975 1581 1033 controversiam
1619 974 1713 1039 sit,
1753 971 1897 1041 quod

320 1070 485 1126 nullis
531 1085 758 1140 prorsus
794 1068 1091 1125 contrariis
1119 1066 1459 1139 argumentis
1482 1064 1684 1120 elevas.
1742 1062 1898 1128 Quod

318 1174 450 1215 vero
492 1160 725 1224 subdis,
784 1159 1047 1215 diaconos
1092 1156 1496 1213 Eucharistiam
1554 1154 1901 1209 ministrasse

319 1252 561 1321 quidem,
592 1267 702 1305 non
729 1259 909 1307 tamen
933 1251 1025 1320 jus
1055 1251 1123 1304 ad
1157 1248 1560 1304 Eucharistiam
1591 1246 1899 1317 percipien-

317 1342 441 1396 dam
494 1342 749 1407 dedisse;
797 1344 844 1399 si
892 1343 1037 1398 enim
1082 1341 1217 1397 illud
1268 1338 1521 1396 conferre
1566 1339 1898 1408 potuissent,

316 1433 476 1487 etiam
515 1433 661 1502 quod
696 1432 876 1488 minus
905 1442 1009 1496 est,
1044 1431 1442 1487 absolutionem
1489 1430 1738 1500 potuisse
1775 1443 1902 1483 con-

318 1523 541 1589 cedere;
577 1524 801 1579 minime
838 1525 1095 1578 callidum
1127 1532 1211 1579 est
1239 1523 1595 1595 ἐπιχείρημα,
1627 1520 1761 1575 Nam
1802 1521 1901 1575 ah-

316 1616 533 1670 solvere
563 1615 911 1684 paenitentes,
941 1616 1042 1670 hoc
1066 1622 1151 1670 est
1202 1614 1675 1679 sacramentalem,
1710 1621 1769 1667 ut
1801 1627 1897 1667 vo-

316 1712 462 1769 cant,
493 1706 899 1761 absolutionem
940 1705 1226 1775 impertiri,
1274 1703 1587 1761 sacerdotes
1616 1718 1807 1759 omnes
1847 1704 1899 1757 vi

1997 694 2107 749 zati
2155 693 2406 749 fuissent.
2462 695 2603 761 Quid
2645 696 2761 751 lucc
2803 713 2968 767 porro
2999 698 3103 754 sibi
3143 698 3586 756 velintzlnverte

1995 788 2133 842 illud
2160 789 2347 843 comici
2374 804 2391 842 :
2418 788 2570 853 Quod
2606 806 2685 843 me
2712 792 2787 845 vis
2818 794 2977 863 cogit,
3018 793 3287 849 voluntate
3328 813 3430 850 non
3471 797 3583 850 im—

1999 890 2238 951 petrent;
2260 889 2311 934 et
2338 882 2597 935 rationem
2624 881 2780 949 hujus
2806 887 3022 940 canonis
3049 886 3398 956 deprehendes
3424 905 3440 942 :
3469 897 3583 944 tum

2001 973 2263 1038 sciemus,
2299 988 2424 1029 cum
2458 974 2696 1044 teipsum
2728 975 3199 1046 interpretaberis.

2612 1108 2843 1165 CAPUT
2884 1109 2972 1166 111.

2000 1217 2245 1294 Purgato
2286 1220 2349 1294 de
2376 1219 2590 1294 illustri
2601 1222 2888 1294 _cardinali
2922 1221 3176 1276 Perronio
3206 1223 3588 1294 Dispunctiun-

2072 1290 2555 1365 cula:_criminatiq.
2588 1290 2893 1365 Retractata
2922 1294 3242 1361 perdifﬁcilis
3267 1290 3421 1365 super
3441 1300 3587 1352 illius

2073 1360 2313 1432 opinione
2344 1362 2583 1428 qttwstio.
2618 1360 2982 1415 Paenitentiam
3014 1360 3278 1432 publicam
3308 1360 3383 1421 uel
3414 1370 3587 1422 invitis

2073 1428 2306 1505 qblatam
2347 1446 2628 1505 esse,__non
2668 1428 3212 1505 exambitam'vulgo,
3259 1453 3321 1490 ac
3364 1440 3584 1505 passim.

2076 1497 2151 1551 De
2178 1499 2410 1568 perjurio
2440 1500 2625 1557 obiter.

2075 1605 2149 1661 De
2177 1608 2548 1666 illustrissimo
2576 1612 2844 1667 cardinali
2897 1612 3157 1670 Perronio
3186 1615 3392 1671 frustra
3432 1617 3590 1672 nobis

2005 1697 2264 1753 invidiam
2296 1702 2478 1758 facere
2502 1704 2743 1759 conaris.
2776 1703 2964 1776 Neque
2995 1706 3138 1760 enim
3169 1709 3251 1763 vel
3286 1709 3467 1763 littera
3498 1725 3593 1777 ap-

317 1796 531 1865 ordinis
571 1812 636 1851 ac
666 1804 938 1867 potestate
976 1805 1247 1868 poterant,
1279 1812 1379 1852 usu
1416 1811 1481 1851 ac
1521 1796 1903 1866 iurisdictione
1935 1776 1977 1830 Β
2007 1791 2234 1859 pellalus
2269 1791 2317 1847 is
2348 1799 2432 1847 est
2466 1807 2496 1846 δ
2527 1809 2634 1860 me,
2665 1804 2758 1850 aut
2786 1796 2853 1851 de
2892 1798 3012 1866 ejus
3057 1798 3466 1855 existimatione
3497 1776 3590 1856 de-

315 1884 417 1940 soli
454 1885 723 1955 episcopi,
760 1889 843 1942 vel
872 1903 938 1942 eo
970 1889 1189 1943 absente
1212 1895 1303 1941 aut
1338 1887 1704 1957 permittente,
1729 1902 1905 1943 sacer-

312 1980 469 2035 dotes
502 1981 702 2035 cacteri.
744 1981 821 2034 Ita
852 1996 1091 2036 canones
1122 1981 1330 2051 antiqui
1376 1982 1573 2037 docent
1602 1999 1615 2033 :
1647 1995 1679 2036 e
1703 1981 1903 2050 quibus

315 2072 563 2126 occurrit
593 2072 753 2128 modo
776 2074 971 2127 concil.
1013 2072 1203 2127 Cartb.
1236 2088 1296 2139 ιι,
1321 2085 1445 2127 can.
1472 2073 1527 2137 5,
1557 2072 1613 2137 4,
1636 2079 1690 2126 et
1712 2072 1901 2127 Carth.

316 2177 399 2224 ut,
445 2178 576 2218 can.
608 2163 699 2219 52.
737 2162 963 2218 Diaconi
1009 2178 1140 2218 vero
1169 2163 1361 2232 utique
1393 2161 1499 2217 hoc
1543 2162 1905 2218 absolutionis

314 2269 490 2323 genus
523 2244 774 2325 conferre
818 2270 928 2310 non
964 2260 1234 2324 poterant.
1270 2253 1529 2307 Poterant
1571 2259 1752 2307 autem
1809 2253 1904 2306 ab-

315 2352 470 2399 sente
511 2345 815 2409 sacerdote,
846 2360 910 2399 ex
938 2344 1180 2416 episeOpi
1207 2342 1485 2409 mandato‘,
1505 2343 1573 2398 ab
1588 2358 1906 2398 excommu-

314 2434 595 2491 nicatione
619 2445 673 2491 et
699 2435 949 2492 censuris
973 2436 1289 2502 absolvere;
1325 2433 1579 2505 atqueita
1596 2442 1903 2503 compotem

312 2526 681 2583 Eucharistiae
729 2527 928 2592 facere,
980 2527 1439 2598 quemadmodum
1483 2535 1539 2583 et
1586 2526 1751 2583 hodie
1798 2542 1902 2583 usu

312 2620 481 2674 venit.
525 2619 660 2676 Cum
685 2621 830 2675 enim
858 2620 1152 2675 conﬁtendi
1184 2620 1343 2690 copia
1381 2619 1555 2685 deest,
1593 2627 1774 2690 potest
1808 2621 1901 2690 qui

310 2724 545 2767 causam
589 2711 771 2778 habet,
819 2727 920 2767 cur
958 2712 1011 2768 id
1048 2711 1231 2775 faciat,
1278 2711 1414 2767 citra
1452 2711 1902 2767 sacramentalcm

311 2802 741 2869 absolutionem,
788 2805 856 2858 ad
893 2803 1217 2859 celebranda
1254 2803 1337 2857 vel
1378 2802 1754 2873 participanda
1788 2818 1904 2874 my-

316 2894 489 2947 steria
535 2893 628 2963 jus
675 2896 940 2965 accipere,
991 2897 1135 2967 quod
1181 2895 1768 2957 excommunicatione,
1820 2893 1905 2948 vel

315 3001 482 3056 paena
523 2988 630 3041 alia
663 2988 933 3058 perditum
973 2990 1090 3043 sola
1122 2989 1287 3059 hujus
1326 2986 1660 3042 relaxatione
1683 2998 1907 3039 revoca-

2006 1887 2263 1935 tractum.
2296 1880 2372 1937 De
2406 1883 2663 1952 opinione
2695 1886 2812 1955 ipsa
2848 1887 2923 1941 ita
2958 1889 3087 1957 quid
3122 1891 3383 1945 sentirem
3425 1906 3593 1962 expo—

2006 1971 2113 2036 sui,
2146 1979 2206 2024 ut
2237 1973 2444 2027 nomini
2475 1990 2779 2043 parcerem.
2812 1976 2926 2033 Hoc
2963 1979 3006 2034 si
3042 1981 3251 2036 crimen
3286 1990 3390 2047 est,
3415 1999 3445 2037 a
3472 1999 3589 2037 ma-

2005 2078 2237 2131 gnorum
2274 2065 2517 2121 virorum
2552 2071 2824 2124 sententia
2866 2070 3189 2128 discedere:
3226 2080 3342 2127 tum
3373 2082 3431 2128 tu
3464 2091 3591 2145 pro-

2007 2153 2149 2209 fecto
2177 2155 2232 2209 in
2267 2156 2457 2212 eadem
2483 2173 2651 2216 causa
2678 2162 3007 2227 versaberis,
3036 2165 3129 2235 qui
3156 2166 3224 2221 de
3246 2168 3589 2236 poenitentia,

2005 2253 2059 2298 et
2090 2246 2431 2305 absolutione
2459 2252 2705 2319 quaedam
2753 2255 3023 2324 scripsisti
3069 2257 3138 2311 ab
3171 2258 3259 2323 iis,
3308 2275 3429 2329 qum
3479 2268 3592 2315 trrs

2007 2336 2083 2391 illi
2113 2338 2441 2408 cardinales,
2475 2341 2857 2409 Bellarminus,
2910 2346 3181 2405 Baronius
3214 2360 3266 2406 et
3294 2350 3592 2407 Perronius

2005 2427 2224 2496 docent,
2257 2430 2550 2499 plurimum
2578 2433 2928 2491 abhorrentia
2958 2455 2970 2491 :
3003 2437 3111 2492 imo
3140 2455 3267 2496 vero
3296 2456 3326 2495 a
3354 2458 3595 2497 summo—

2005 2534 2127 2574 rum
2159 2522 2501 2590 pontiﬁcum,
2534 2524 2819 2580 doctorum
2847 2530 3118 2595 omnium,
3142 2538 3305 2602 atque
3335 2532 3596 2589 Ecclesia:

2007 2626 2171 2667 sensu
2221 2613 2387 2668 totius
2439 2615 2652 2681 aliena;
2700 2633 2935 2686 quorum
3000 2623 3262 2677 nonnulla
3322 2627 3593 2696 superiori

2005 2702 2187 2771 capite
2228 2702 2611 2762 discussimus.
2663 2708 2877 2764 Atenim
2926 2711 3039 2765 haec
3089 2714 3253 2767 verba
3282 2714 3595 2786 (b):Atqai

2008 2810 2157 2849 nemo
2193 2804 2302 2849 tam
2337 2813 2513 2853 vecors
2542 2800 2664 2864 erit,
2700 2802 2789 2870 qui
2816 2801 3099 2857 humanius
3130 2822 3249 2858 cum
3281 2806 3392 2861 illis
3415 2818 3596 2860 actum

2006 2894 2172 2954 putet,
2204 2889 2294 2957 qui
2337 2889 2393 2944 in
2426 2890 2607 2944 cadent
2648 2895 2840 2961 sarpius
2887 2894 3251 2963 incurrissent,
3294 2907 3345 2951 et
3386 2900 3594 2969 quidem

2007 2979 2271 3035 horrenda
2298 2982 2526 3052 ﬂagitia,
2563 3000 2721 3053 quam
2758 3001 2876 3037 cum
2922 2986 3009 3052 iis,
3040 2987 3129 3057 qui
3166 2987 3325 3041 semel
3363 3006 3424 3043 ea
3453 3007 3597 3043 com-

316 3086 425 3132 ιυν,
453 3079 579 3133 Νοη
604 3079 786 3146 video,
815 3079 946 3149 quid
973 3080 1068 3135 ubi
1092 3080 1263 3135 hacin
1288 3088 1477 3135 ηοειη
1503 3078 1770 3134 sententia
1798 3076 1906 3131 dis-
1933 3106 1975 3164 ο
2009 3070 2277 3125 misissent
2298 3089 2319 3137 ;
2340 3072 2480 3143 quod
2498 3087 2563 3127 ex
2582 3073 2679 3127 illa
2700 3076 2941 3144 opinione
2955 3079 3323 3148 consequitur;
3345 3084 3597 3138 acerbius

318 3170 527 3240 plicere
556 3171 748 3240 possit.
792 3169 849 3224 Si
895 3170 1027 3241 quid
1066 3172 1161 3226 tibi
1209 3185 1372 3227 secus
1418 3169 1678 3233 occurrit,
1728 3167 1906 3237 planis

317 3276 383 3315 ac
414 3262 630 3316 Latinis
664 3262 851 3317 verbis
892 3261 1154 3332 exprime.
1215 3260 1497 3315 Postremo
1537 3272 1702 3314 vexas
1751 3256 1826 3327 (α)
1853 3256 1911 3309 il-

321 3348 439 3415 iud,
460 3350 601 3418 quod
622 3365 742 3420 pag.
765 3350 874 3404 2'50
906 3351 1263 3420 scripseram:
1286 3347 1520 3405 Clinicos
1541 3365 1573 3402 a
1611 3347 1908 3402 sacerdotio

232 3454 236 3459 λ
322 3438 499 3490 arceri
530 3437 746 3501 solitos;
784 3438 880 3491 hoc
907 3447 1005 3500 est,
1030 3439 1120 3509 qui
1158 3439 1475 3507 baptismum
1505 3440 1558 3493 in
1582 3438 1782 3493 obitum
1813 3453 1908 3491 “81'

322 3544 423 3595 que
456 3537 862 3595 prorogassent,
910 3528 1139 3598 adeoque
1185 3531 1239 3584 in
1292 3528 1607 3597 (egritudine
1647 3528 1909 3598 baptizati

322 3620 559 3687 fuerant.
600 3619 696 3674 llic
732 3636 861 3674 vero
890 3621 943 3673 in
981 3636 1083 3675 nos
1106 3620 1277 3690 jocari
1317 3620 1534 3676 voluisti
1566 3621 1662 3676 :Si
1694 3622 1760 3674 ad
1792 3619 1909 3674 obi-

320 3717 467 3773 tum,
504 3710 706 3780 iuquis,
744 3726 917 3781 usque
964 3712 1351 3781 prorogabaut,
1383 3726 1412 3765 a
1444 3711 1750 3767 sacerdotio
1803 3711 1908 3765 uti-

322 3815 436 3869 que
477 3815 584 3853 non
613 3802 970 3867 arcebantur;
1005 3802 1111 3857 nisi
1154 3801 1295 3857 forte
1337 3811 1459 3872 post
1497 3802 1704 3857 obitum
1736 3816 1913 3858 sacer-

324 3892 484 3945 dotio
517 3891 722 3945 initiari
754 3900 1026 3962 poterant.
1057 3895 1123 3947 At
1151 3894 1470 3961 baptismum
1498 3896 1551 3947 in
1582 3894 1781 3947 obitum
1812 3911 1907 3947 us-

326 3996 432 4050 que
458 3996 761 4050 prorogare,
786 3991 835 4036 et
864 3984 918 4036 in
963 3984 1274 4052 a’gritudine
1315 3983 1579 4053 baptizari
1618 3986 1776 4054 longe
1808 3984 1914 4037 dif-

330 4074 537 4127 ferunt.
572 4072 772 4128 Verum
807 4074 929 4143 quis
976 4079 1169 4141 nescit,
1210 4090 1336 4129 cum
1380 4077 1451 4129 ita
1495 4076 1736 4130 dicitur:
1767 4090 1796 4128 a
1825 4091 1915 4130 sa-

327 4166 561 4221 cerdotii
593 4167 859 4236 dignitate
886 4174 1125 4221 remotos
1151 4168 1272 4221 illos
1297 4166 1483 4230 fuisse,
1509 4169 1600 4237 qui
1624 4169 1677 4221 in
1704 4168 1912 4222 obitum

325 4258 869 4329 usqucbaptismum
897 4259 1267 4325 distulissent;
1297 4274 1421 4314 eum
1445 4258 1643 4314 habere
1664 4274 1911 4323 sensum,

330 4361 394 4408 ut
441 4369 505 4408 ea
549 4354 765 4408 demum
816 4350 1051 4405 infamiae
1100 4358 1228 4404 uota
1261 4351 1600 4421 plectantur,
1638 4355 1685 4408 si
1720 4361 1915 4424 praeter

2012 3160 2080 3216 de
2119 3169 2273 3218 tanto
2300 3163 2418 3219 viro
2453 3164 2597 3219 dicta
2630 3173 2759 3222 sunt
2805 3183 2962 3237 quam
2998 3170 3221 3225 modesti
3251 3172 3476 3231 hominis
3509 3191 3596 3229 co-

2009 3251 2179 3321 gitata
2202 3253 2343 3307 ratio
2374 3254 2690 3324 postularet.
2726 3255 2824 3311 llic
2846 3258 3130 3324 nimirum,
3164 3261 3252 3316 hic
3278 3264 3367 3319 ille
3395 3281 3595 3321 succus

2012 3343 2273 3414 loliginis.
2317 3344 2452 3400 Puta
2483 3364 2569 3402 me
2608 3350 2770 3404 modo
2798 3350 2864 3405 de
2897 3352 3079 3421 iniqua
3105 3360 3197 3407 tua
3215 3355 3598 3414 criminatione

2012 3434 2094 3490 sic
2120 3437 2384 3506 conqueri
2418 3457 2430 3493 :
2461 3436 2596 3505 Quis
2632 3448 2741 3495 tam
2774 3458 2966 3498 vecors
2996 3445 3119 3509 erit,
3156 3454 3216 3500 ut
3244 3448 3338 3517 qui
3371 3450 3596 3506 absurdi

2015 3528 2219 3598 aliquid
2252 3537 2306 3584 et
2340 3529 2462 3585 falsi
2493 3546 2559 3586 ex
2597 3533 2903 3604 cujuspiam
2938 3535 3193 3606 opinione
3223 3542 3483 3611 consequi
3517 3544 3599 3596 di«

2013 3621 2172 3685 xerit,
2207 3622 2275 3676 ab
2300 3637 2365 3676 eo
2402 3623 2717 3679 mendacem
2747 3634 2798 3680 et
2837 3627 3132 3683 absurdum
3165 3632 3424 3701 appellari
3454 3634 3603 3692 dicat

2013 3712 2185 3778 illum,
2222 3713 2381 3782 cujus
2430 3715 2502 3771 sit
2549 3717 2773 3787 opinio?
2821 3718 2961 3772 Num
2996 3735 3083 3775 me
3129 3722 3247 3778 ideo
3280 3722 3335 3777 in
3360 3723 3452 3794 jus
3494 3726 3597 3781 ob-

2013 3809 2159 3857 torto
2191 3803 2331 3858 collo
2365 3806 2563 3876 rapies,
2597 3809 2741 3878 quod
2786 3818 2836 3864 te
2867 3809 3045 3880 ipsum
3091 3814 3376 3870 vecordem
3426 3819 3602 3873 nomi-

2014 3894 2211 3959 narim,
2244 3895 2519 3966 verboque
2552 3899 2824 3954 laeserim?
2860 3901 3021 3970 Atqui
3047 3912 3103 3956 ut
3128 3904 3258 3958 illud
3291 3899 3444 3978 prius
3474 3925 3602 3964 vere

2017 3983 2322 4053 meritoque
2354 3984 2604 4039 dicturus
2634 3987 2852 4042 videor:
2895 3989 2974 4043 sic
3003 3990 3231 4045 alterum
3267 3993 3411 4049 istud
3444 4013 3602 4052 usur-

2016 4089 2148 4143 pare
2175 4089 2351 4143 neque
2379 4076 2541 4129 velim
2572 4076 2708 4145 ipse,
2738 4093 2916 4148 neque
2951 4090 3232 4149 propterea
3269 4085 3438 4140 videri
3473 4104 3599 4157 pos-

2019 4176 2159 4224 sum,
2195 4161 2340 4231 quod
2384 4162 2541 4231 prius
2579 4163 2834 4218 dixerim.
2884 4165 2979 4218 Est
3022 4168 3167 4220 enim
3199 4168 3367 4229 aliud,
3410 4189 3599 4227 vecor-

2019 4252 2141 4307 dem
2174 4253 2447 4323 appellare
2479 4269 2804 4324 quemquam
2831 4271 2845 4321 ;
2889 4256 3034 4311 aliud
3072 4259 3217 4327 quod
3247 4276 3310 4314 ex
3340 4263 3458 4331 ejus
3480 4280 3607 4319 sen-

2020 4345 2185 4399 tentia
2235 4345 2487 4399 concludi
2540 4354 2719 4415 potest
2771 4347 3090 4413 absurdum,
3140 4350 3284 4421 quod
3340 4354 3456 4424 ipsc
3497 4372 3603 4410 non

329 4460 486 4514 spem
516 4454 570 4500 et
597 4443 905 4514 opinionem
936 4458 967 4497 a
998 4444 1189 4498 morbo
1215 4442 1630 4497 convaluerint?
1656 4445 1761 4501 Eos
1786 4461 1907 4500 vero

2019 4435 2486 4499 animadverterit,
2530 4435 2583 4489 id
2624 4437 2889 4505 proﬁteri,
2924 4439 3173 4494 vecordis
3225 4458 3348 4497 esse
3396 4444 3601 4503 dicere.

330 4538 429 4608 qui
472 4537 527 4591 in
567 4536 885 4606 aegritudine
923 4535 1177 4604 baptizati
1212 4534 1409 4597 forent,
1442 4549 1471 4587 a
1502 4536 1811 4590 sacerdotio
1840 4552 1921 4590 rc-

326 4631 510 4700 jectos
541 4643 682 4687 esse,
716 4627 874 4681 docet
900 4642 1073 4681 canon
1111 4627 1202 4682 ille
1232 4626 1540 4682 Neocaesar.
1573 4642 1670 4693 xu,
1700 4636 1753 4683 et
1781 4627 1916 4683 Cor-

331 4722 515 4776 nelius
547 4734 680 4789 papa
707 4718 875 4786 Epist.
900 4718 968 4770 ad
997 4716 1227 4772 Fabium
1254 4719 1553 4773 Antiochiae
1576 4720 1915 4789 episcopum,

332 4828 459 4885 quae
489 4818 666 4867 exstat
706 4811 846 4881 apud
880 4810 1171 4866 Eusebium
1212 4812 1306 4866 lib.
1346 4828 1415 4875 vr,
1450 4827 1571 4881 cap.
1603 4812 1692 4874 55,
1728 4812 1819 4866 ubi
1852 4812 1919 4865 de

335 4904 548 4959 Novato
596 4901 817 4964 scribit,
880 4901 1056 4970 ipsum
1110 4911 1301 4971 praeter
1352 4916 1593 4957 canones
1646 4901 1916 4955 initiatum

337 4998 511 5051 fuisse
544 4994 851 5050 sacerdotio
899 5013 911 5049 ε
966 4995 1118 5047 Ἐπεὶ
1155 4994 1228 5066 μὴ
1267 4994 1385 5059 eam
1432 4990 1499 5065 ἦν
1543 4995 1635 5048 τὸν
1666 4996 1724 5048 ὲν
1763 4994 1920 5067 κλίνῃ

331 5089 425 5142 διὰ
455 5088 608 5140 νόσον
641 5084 1026 5156 περιχυθέντα,
1053 5084 1240 5156 ὥσπερ
1264 5087 1359 5139 καὶ
1391 5080 1566 5152 οὗτος,
1603 5088 1684 5150 εὶς
1718 5087 1919 5157 κλῆρόν

332 5196 461 5233 τινα
490 5177 759 5246 γενέσθαι.
795 5177 1058 5243 Quoniam
1088 5178 1237 5247 nefas
1258 5189 1371 5232 erat
1400 5196 1537 5246 eum,
1565 5181 1655 5249 qui
1680 5178 1743 5233 ob
1778 5197 1921 5233 mor-

342 5272 468 5323 bunt
496 5270 551 5322 in
578 5268 770 5323 lectulo
800 5269 1042 5338 perfusus
1084 5285 1181 5330 est,
1216 5270 1513 5338 cujusmodi
1564 5271 1738 5339 fuerat
1776 5274 1876 5325 istc
1905 5312 1918 5334 ,

341 5362 403 5414 in
455 5361 651 5414 clerum
681 5362 937 5429 cooptari.
987 5357 1317 5430 Dispunctor
1351 5362 1439 5416 hic
1470 5363 1657 5418 nescio
1689 5362 1820 5432 quid
1856 5363 1923 5416 de

344 5454 797 5508 catechumenatu
828 5452 1010 5524 ﬁngit;
1036 5453 1189 5523 quasi
1213 5453 1314 5508 soli
1340 5453 1395 5517 ii,
1423 5455 1515 5523 qui
1543 5454 1924 5509 catechumeni

345 5553 553 5606 essent.
601 5545 655 5598 in
700 5559 874 5615 eoque
926 5551 1072 5603 statu
1121 5543 1453 5615 baptismum
1504 5548 1558 5598 in
1608 5543 1927 5615 aegritudine

422 5717 497 5789 (α)
528 5715 656 5789 Pag.
690 5718 771 5773 i5.

598 5847 633 5871 δ

2023 4526 2163 4580 Ecce
2210 4534 2266 4581 tu
2294 4542 2416 4597 pag.
2457 4528 2525 4581 M
2554 4529 2802 4583 misereri
2834 4537 2886 4585 te
2920 4531 3118 4587 scribis
3151 4534 3277 4600 mei,
3312 4540 3457 4606 quod
3504 4558 3605 4611 ego

2021 4633 2084 4673 ex
2119 4617 2335 4673 Nicaeno
2361 4635 2570 4675 canone
2602 4621 2873 4692 colligam,
2898 4624 3025 4677 olim
3059 4624 3111 4679 in
3144 4627 3337 4682 mortis
3363 4630 3608 4699 periculo

2022 4709 2458 4778 paenitentibus,
2530 4709 2776 4779 adeoque
2849 4722 3133 4782 grassante
3187 4719 3602 4785 persecutione,

2022 4802 2463 4856 communionem
2500 4818 2622 4858 esse
2655 4817 2996 4859 concessam.
3031 4806 3204 4872 Quam
3248 4816 3302 4861 tu
3343 4826 3439 4879 per
3471 4811 3608 4865 ludi-

2022 4894 2201 4947 brium
2251 4895 2431 4963 carpis
2493 4894 2801 4965 opinionem
2858 4911 3073 4963 meam,
3133 4901 3315 4955 nescis
3357 4902 3605 4959 eamdem

2025 4986 2213 5051 trium,
2261 5002 2399 5057 quos
2436 4988 2660 5042 honoris
2691 5003 2855 5043 causa
2886 4990 3187 5054 nominavi,
3220 4993 3604 5061 cardiu-alium,

2023 5091 2086 5130 ac
2111 5076 2346 5131 ﬁdelium
2373 5078 2614 5132 omnium
2650 5078 2916 5134 hactenus
2942 5078 3148 5135 fuisse?
3191 5080 3393 5137 "orum
3428 5093 3478 5140 te
3508 5086 3608 5157 igi—

2024 5178 2133 5234 tur,
2180 5169 2403 5238 perinde
2446 5177 2504 5223 ut
2538 5171 2735 5233 nostri,
2782 5172 3042 5228 miseret:
3093 5188 3213 5244 qum
3246 5192 3349 5229 vox
3382 5193 3505 5231 cum
3541 5193 3607 5231 ex

2022 5270 2337 5333 contemptu
2368 5278 2431 5317 ac
2468 5264 2892 5333 reprehensione
2946 5267 3187 5336 profecta
3222 5269 3312 5331 sit,
3350 5271 3607 5340 intelligis

2023 5355 2305 5418 nimirum,
2353 5355 2419 5409 ad
2448 5372 2586 5426 quos
2632 5356 2843 5411 illatua
2893 5359 3265 5413 misericordia
3301 5361 3604 5414 cavillatio-

2025 5463 2130 5518 quc
2154 5447 2440 5517 pertineat.

2098 5540 2274 5609 Atque
2314 5546 2373 5593 ut
2416 5553 2620 5597 semota
2674 5543 2951 5612 paululum
3006 5538 3365 5595 illustrissimi
3412 5546 3465 5595 et
3496 5538 3596 5595 iiu-

2102 5720 2177 5790 (b)
2206 5717 2334 5790 Pag.
2374 5721 2463 5775 22.
