3978 6220
372 335 486 393 ε.Ξῦ

1686 328 1865 385 DlON.
1903 329 2251 386 PETAVIUS

3546 338 3658 396 δικ

368 449 698 508 mortalitate
732 446 1035 520 dignissimi
1076 445 1174 500 viri
1226 442 1551 499 auctoritate
1589 451 1642 498 et
1681 443 1939 513 amplitu-
1972 450 2012 506 Α
2046 445 2277 512 probare
2312 458 2396 496 me
2445 459 2552 499 non
2588 455 2749 514 posse
2800 442 2911 500 dixi
2935 485 2949 509 .
2998 444 3298 502 faciliorem
3340 431 3408 501 ad
3456 460 3651 517 pacem

362 543 514 609 dine,
543 542 610 599 de
652 556 711 597 re
741 540 859 610 ipsa
895 548 1071 594 tecum
1102 537 1399 607 disputem,
1426 550 1543 590 rem
1592 536 1743 590 clare
1770 550 1834 590 ac
1871 535 1955 588 di-

368 634 546 690 lucide
593 631 995 705 propencndam
1030 643 1152 683 esse
1187 628 1363 698 prius,
1403 628 1662 683 arbitror.
1701 625 1954 697 Scripse-

368 740 480 780 ram
516 722 877 778 Animudvers.
908 735 1031 789 pag.
1062 718 1168 772 256
1196 737 1209 774 :
1240 717 1629 774 Paenitentiam
1678 717 1953 788 publicam

369 815 535 870 semel
570 822 779 867 tantum
817 810 885 864 ab
918 806 1165 864 Ecclesia
1198 808 1426 863 concedi
1467 807 1665 872 solere,
1700 807 1820 862 sine
1849 819 1955 875 qua

368 913 546 958 tamen
579 917 758 967 nemo,
791 901 886 972 qui
922 898 1141 971 quidem
1175 913 1239 953 ea
1280 899 1514 953 crimina
1547 897 1956 961 commisisset,

366 994 565 1061 quibus
603 991 935 1063 poenitentia
958 1005 1130 1062 genus
1159 988 1289 1044 illud
1316 987 1680 1060 inlligebatur.
1714 987 1781 1041 ad
1810 1000 1959 1040 com-

367 1083 682 1139 munionem
717 1079 930 1136 admitti
965 1080 1197 1148 poterat.
1233 1076 1310 1131 Ex
1339 1092 1406 1132 eo
1431 1093 1560 1132 vero
1588 1075 1955 1147 perdiliicilem

366 1177 638 1232 exsistere
690 1173 801 1228 dixi
857 1172 1213 1243 quaestionem
1253 1188 1267 1224 :
1308 1168 1438 1240 quid
1489 1170 1598 1226 illis
1643 1167 1958 1224 hominibus

369 1269 572 1324 factum
609 1266 701 1330 sit,
733 1264 827 1335 qui
856 1273 980 1333 post
1010 1263 1245 1333 priorem
1272 1261 1652 1334 paenitentiam
1679 1260 1734 1314 in
1764 1260 1955 1315 eadem

371 1363 578 1416 scelera
609 1372 806 1413 rursus
836 1355 1224 1411 incurrerent?
1252 1369 1511 1410 verumne
1536 1353 1629 1416 sit,
1665 1353 1735 1407 ab
1764 1350 1957 1406 Eccle-

370 1453 453 1508 sia
482 1452 715 1520 rejectos
754 1450 875 1504 illos
915 1448 1150 1518 penitus.
1187 1462 1288 1502 nec
1324 1446 1392 1502 ad
1417 1448 1683 1517 privatam
1720 1445 1956 1514 aliquam

371 1549 651 1612 receptum
689 1538 969 1601 habuisse,
1001 1536 1160 1607 cujus
1191 1535 1453 1591 beneficio
1484 1536 1538 1589 in
1573 1537 1843 1602 integrum
1872 1547 1958 1587 re-

373 1632 526 1697 stitui
557 1628 821 1702 possent?
852 1627 953 1684 llic
975 1636 1152 1683 status
1180 1627 1569 1683 controversiae
1591 1625 1714 1683 fuit.
1746 1623 1822 1679 De
1843 1639 1952 1695 qua

372 1723 504 1795 quid
547 1737 611 1777 ex
646 1719 842 1790 nuperi
884 1718 1168 1788 cujusdam
1202 1717 1488 1787 scriptoris
1513 1715 1698 1773 verbis
1736 1722 1790 1769 et
1829 1730 1958 1773 sen-

2056 542 2111 586 et
2132 533 2626 589 reconciliationem
2653 535 2860 589 aditum
2882 535 2992 591 illis
3010 536 3273 606 patuisse,
3292 536 3386 607 qui
3409 537 3638 607 saepius,

2056 638 2218 695 quam
2268 625 2360 695 qui
2399 626 2566 680 semel
2610 626 2839 681 omnino
2887 637 3230 697 peccassent.
3283 626 3469 698 Neque
3516 642 3655 683 vero

2056 717 2329 787 publicam
2358 717 2504 771 illam
2532 716 2940 786 pmnitentiam,
2984 718 3145 788 cujus
3178 733 3246 774 ex
3279 719 3646 785 Tertulliano,

2058 808 2371 871 Ambrosio,
2395 809 2718 876 ca'terisque
2743 806 3001 864 Patribus
3031 808 3333 864 auctoritas
3358 813 3650 879 repetitur,

2056 897 2323 966 ejusmodi
2367 897 2559 960 fuisse,
2594 905 2651 952 ut
2681 914 2712 953 a
2738 900 3136 969 paenitentibus
3165 901 3544 966 exambienda,
3579 917 3648 957 ac

2057 1004 2158 1059 pro
2182 1003 2377 1060 magno
2399 989 2663 1046 beneﬁcio
2692 991 3055 1047 eblandienda
3085 992 3279 1061 fuerit;
3318 995 3474 1064 quasi
3503 1009 3651 1065 aegre

2059 1080 2208 1134 illius
2240 1079 2472 1135 facultas
2506 1081 2577 1136 ab
2604 1082 2881 1153 episcopis
2922 1081 3070 1137 facta
3099 1084 3190 1139 sit.
3227 1083 3323 1138 Est
3347 1085 3491 1139 enim
3528 1086 3654 1141 luce

2059 1170 2289 1235 clarius,
2321 1172 2444 1228 illos
2470 1173 2642 1243 ipsos,
2675 1174 2876 1244 quibus
2902 1176 3239 1246 poenitentiae
3276 1191 3452 1247 genus
3500 1175 3652 1232 istud

2059 1260 2459 1328 Tertullianus,
2488 1264 2799 1335 Cyprianus
2833 1266 3037 1335 aliique
3073 1273 3405 1337 proponunt,
3435 1266 3501 1321 ad
3534 1280 3650 1337 pce-

2059 1353 2345 1408 nitentiam
2392 1353 2668 1424 publicam
2727 1355 2778 1410 vi
2817 1356 3211 1426 propemodum
3267 1370 3332 1410 ac
3363 1357 3651 1412 severitate

2058 1442 2332 1513 cogendos
2383 1442 2589 1507 fuisse,
2643 1458 2767 1498 eum
2819 1459 2941 1500 eam
2996 1445 3208 1499 amoliri
3255 1460 3321 1500 ac
3361 1447 3650 1517 deprecari

2059 1534 2207 1588 onmi
2254 1548 2355 1604 ope
2386 1542 2441 1589 et
2473 1533 2685 1589 ratione
2738 1534 3131 1590 contenderent
3162 1542 3415 1590 :tantum
3450 1536 3647 1603 abest,

2058 1629 2120 1679 ut
2186 1640 2249 1679 ea
2322 1625 2555 1679 multum
2626 1623 3001 1696 flagitantibus
3054 1627 3245 1697 gratiae
3315 1627 3441 1683 loco
3510 1642 3649 1683 eon-

2060 1730 2216 1771 cessa
2244 1715 2338 1772 sit.

375 1783 543 1877 tentia
575 1783 755 1883 colligi
789 1783 992 1881 posset,
1021 1809 1188 1864 tacito
1212 1783 1360 1865 illius
1385 1808 1625 1874 nomine,
1651 1807 1955 1877 subjicien-
1989 1783 2033 1838 Β
2128 1802 2248 1858 Non
2278 1819 2367 1860 me
2386 1806 2652 1875 praeterit,
2698 1804 2993 1862 nonnullos
3033 1805 3329 1876 aliquando
3358 1812 3608 1878 repertos
3630 1849 3649 1875 ,

372 1906 500 1960 dum
551 1903 756 1975 putavi.
792 1899 1067 1970 Tu,quem
1115 1914 1218 1971 ego
1262 1899 1558 1969 prudenter
1598 1905 1654 1955 et
1703 1898 1957 1954 consulto

372 1998 653 2066 silueram,
689 1992 833 2064 quod
874 1993 1020 2047 illius
1044 1991 1358 2062 opinionem
1394 2004 1503 2045 non
1557 1990 1867 2060 probarem,
1900 1999 1958 2045 ut

372 2082 460 2144 me
492 2087 633 2159 apud
666 2086 784 2156 ejus
815 2084 1096 2156 dignitatis
1117 2080 1491 2152 doctrinaeque
1517 2080 1762 2138 fautores
1794 2081 1850 2136 in
1874 2082 1957 2136 in-

372 2181 574 2236 vidiam
614 2178 940 2240 adduceres,
990 2190 1185 2246 parum
1233 2174 1452 2245 quidem
1498 2179 1804 2244 opportune
1860 2188 1957 2227 tto-

372 2270 616 2329 minasti.
669 2268 827 2336 Quod
883 2266 1087 2322 factum
1140 2280 1300 2320 nemo
1346 2264 1589 2336 prudens
1632 2263 1952 2319 laudaverit.

372 2362 641 2430 Quoniam
674 2362 839 2432 igitur
868 2358 1054 2414 invitis
1080 2372 1145 2413 ac
1172 2356 1596 2412 reclamantibus
1632 2355 1812 2418 nobis,
1858 2369 1958 2408 au-

374 2464 580 2510 ctorem
622 2454 762 2522 ejus.
805 2465 969 2521 quam
1003 2462 1402 2520 oppugnemus,
1439 2446 1724 2503 sententiae
1767 2445 1956 2516 prodi-

374 2540 536 2605 disti;
566 2554 664 2610 age
710 2536 1015 2601 videamus,
1047 2536 1427 2606 cujuscunque
1461 2534 1681 2591 tandem
1719 2535 1808 2589 illa
1849 2535 1950 2603 sit,

373 2649 536 2705 quam
565 2648 595 2685 a
626 2631 781 2685 nobis
804 2645 915 2684 non
944 2628 1171 2700 probata
1198 2628 1394 2683 merito
1423 2626 1606 2682 fuerit.

445 2722 666 2792 Triplex
709 2735 882 2791 genus
932 2717 1263 2789 pmnitcntiae
1304 2715 1635 2786 distinguit:
1673 2728 1799 2768 nam
1847 2712 1956 2768 alia

372 2825 456 2872 est
482 2815 721 2887 publica,
753 2813 824 2867 ob
863 2818 1083 2882 peccata
1124 2809 1376 2881 publica;
1418 2807 1522 2861 alia
1562 2807 1793 2877 privata,
1820 2818 1952 2876 pro-

373 2919 495 2980 pter
520 2907 733 2963 occulta
762 2912 1015 2975 peccata;
1058 2903 1214 2957 tertia
1254 2901 1324 2956 ob
1355 2900 1544 2955 eadem
1587 2898 1821 2961 occulta,
1856 2912 1956 2967 pu-

375 2999 516 3055 blice
556 3004 834 3068 suscepta.
867 2994 1150 3050 Postrema
1197 2991 1311 3046 haec
1343 3004 1451 3043 non
1498 2987 1675 3043 cuivis
1721 3001 1783 3041 ac
1830 3001 1959 3057 pro-

376 3095 584 3149 miscue
622 3100 886 3147 concessa
913 3104 928 3154 ;
961 3101 1061 3142 nec
1090 3083 1323 3155 amplius
1356 3080 1523 3137 semel
1554 3080 1607 3134 in
1646 3078 1793 3133 onmi
1821 3080 1952 3132 vita.

374 3183 449 3238 Ea
481 3198 610 3238 vero
653 3180 861 3252 peccati
904 3177 1117 3248 culpam
1153 3175 1359 3245 pariter
1385 3186 1450 3227 ac
1491 3185 1703 3240 pmnam
1740 3170 1954 3225 abstcr—
1983 3161 2024 3184 “¹

374 3275 553 3345 gebat.
590 3272 669 3327 Ad
702 3287 820 3326 eam
853 3283 1016 3339 porro
1050 3264 1461 3326 moderandam,
1515 3259 1956 3330 pmnitentiarius

377 3366 468 3420 ille
490 3364 773 3436 presbyter
799 3359 1079 3429 appositus
1103 3362 1241 3419 erat,
1270 3368 1431 3424 quem
1458 3350 1743 3405 Nectarius
1767 3359 1956 3420 postea

377 3455 630 3519 sustulit;
665 3460 718 3506 et
742 3439 986 3520 ejusdem
1020 3444 1431 3517 abrogationem
1465 3440 1703 3497 Nectarii
1735 3454 1956 3496 succes-

377 3563 470 3603 sor
498 3545 921 3616 Chrysostomus
964 3544 1141 3593 ratam
1188 3535 1396 3590 habuit.
1441 3531 1538 3587 llic
1580 3532 1724 3587 enim
1770 3530 1956 3584 audita

379 3640 531 3711 prius
564 3633 942 3707 pmnitentium
972 3643 1159 3695 causa,
1190 3635 1245 3682 et
1270 3641 1461 3682 eorum
1503 3624 1823 3678 criminibus
1870 3638 1957 3678 se-

377 3737 526 3784 creta
575 3724 922 3782 confessione
974 3720 1245 3792 cognitis,
1295 3718 1645 3781 decernebat,
1704 3729 1955 3787 quaenam

376 3819 593 3892 publice
634 3814 897 3889 profiteri,
943 3828 1063 3884 quae
1100 3824 1279 3868 tacere
1312 3809 1434 3865 illos
1467 3816 1764 3879 oporteret.
1800 3806 1954 3874 Quod

377 3911 596 3985 quidem
625 3908 761 3965 nihil
792 3907 859 3962 ad
886 3905 1226 3977 judicialem,
1259 3902 1364 3955 hoc
1394 3908 1477 3956 est
1502 3899 1952 3955 sacramentalem

377 3999 778 4058 confessionem
800 3997 1060 4069 pertinet,
1088 3995 1184 4050 sed
1215 3993 1283 4049 ad
1322 4007 1464 4059 eam,
1494 4005 1616 4062 qua:
1648 3989 1955 4046 satisfacto-

378 4095 458 4149 ria
495 4092 829 4149 nominatur.
860 4088 1070 4144 Etenim
1113 4088 1262 4158 prior
1288 4085 1381 4140 illa
1411 4091 1621 4142 secreta
1656 4090 1710 4139 et
1737 4081 1957 4137 auricu-

379 4186 510 4241 laris
547 4197 825 4254 nunquam
857 4181 1114 4251 abrogata
1151 4178 1274 4243 fuit,
1323 4176 1417 4234 sed
1452 4183 1714 4248 perpetuo
1755 4175 1809 4230 in
1849 4173 1956 4229 Ec-

377 4280 547 4335 clesia
582 4275 975 4349 perseveravit,
1008 4271 1276 4342 hodieque
1304 4276 1634 4341 perseverat.
1659 4266 1785 4322 Haec
1808 4281 1956 4323 sum-

381 4370 565 4425 matim
605 4375 798 4423 auctor
839 4363 1114 4434 opinionis
1157 4362 1325 4415 illius.
1359 4358 1403 4411 Α
1432 4359 1633 4429 quibus
1675 4357 1797 4412 ideo
1837 4357 1954 4411 dis-

2058 1896 2151 1966 qui
2199 1897 2535 1959 abundantia
2586 1899 2807 1968 pietatis
2848 1898 3168 1969 alllatusque
3210 1899 3379 1956 divini
3419 1943 3434 1967 ,
3484 1917 3652 1972 quem

2057 1988 2177 2043 dari
2205 1988 2276 2043 ab
2307 1987 2570 2056 Ecclesia,
2603 1989 2663 2044 id
2682 1998 2767 2046 est
2825 1991 3116 2061 approbari
3166 1991 3376 2058 dixisti,
3402 2006 3497 2049 eas
3540 1994 3651 2049 sibi

2060 2093 2252 2148 poenas
2274 2090 2329 2134 et
2355 2080 2638 2136 cruciatus
2662 2081 2808 2137 ultro
2834 2080 3192 2151 deposcerent
3216 2103 3229 2138 :
3258 2084 3465 2154 quique
3492 2084 3651 2140 freno

2057 2170 2262 2240 potius,
2293 2185 2456 2240 (luam
2497 2172 2805 2229 calcaribus
2855 2173 3180 2245 indigerent.
3217 2175 3325 2231 Sed
3350 2176 3403 2231 id
3437 2179 3515 2231 uti
3546 2192 3642 2231 ra-

2056 2275 2177 2316 rum
2223 2262 2556 2333 minimeque
2600 2265 2989 2332 quOtidianum‘
3045 2265 3181 2332 fuit,
3231 2268 3307 2323 ita
3351 2268 3646 2340 plerosque

2056 2353 2439 2423 pmnitentium
2473 2362 2687 2411 constat
2731 2355 2931 2413 invitos
2969 2358 3038 2412 ad
3078 2359 3349 2429 publicam
3383 2369 3638 2430 peccato-

2056 2461 2177 2499 rum
2207 2447 2582 2516 pcenitentiam
2614 2447 2837 2505 adactos
2869 2448 3060 2516 fuisse,
3092 2450 3160 2505 ad
3196 2466 3428 2522 eamque
3465 2452 3646 2522 preci-

2058 2538 2185 2604 bus,
2233 2539 2419 2605 minis,
2472 2540 2804 2607 hortatihus,
2852 2539 3046 2596 crebra
3084 2549 3139 2596 et
3175 2541 3478 2596 vehementi
3524 2557 3649 2597 ora-

2054 2628 2205 2685 tione
2242 2629 2434 2687 Patrcs
2470 2630 2592 2685 illos
2624 2630 2904 2686 incitasse.
2936 2630 3035 2687 llic
3066 2647 3167 2702 ego
3200 2632 3474 2704 Cypriane
3499 2641 3641 2689 teste

2056 2735 2167 2775 non
2188 2728 2354 2787 utar;
2384 2736 2494 2791 quo
2528 2736 2688 2776 nemo
2717 2723 2936 2793 gravius
2960 2722 3013 2777 id
3042 2724 3187 2793 quod
3217 2724 3364 2791 dico,
3395 2726 3642 2781 luculen~

2056 2811 2277 2881 tiusque
2319 2813 2626 2866 confirmat.
2672 2811 2840 2868 Plena
2889 2822 3018 2869 sunt
3058 2816 3203 2870 enim
3242 2816 3394 2871 illius
3440 2817 3644 2888 scripta

2056 2903 2529 2960 cohortationibus
2561 2919 2625 2959 ac
2669 2906 2910 2975 querelis
2955 2906 3258 2976 ejusmodi,
3306 2909 3510 2979 quibus
3546 2911 3647 2963 mi-

2057 3010 2210 3051 seros
2235 2995 2356 3050 illos
2380 2996 2445 3049 ad
2474 2995 2912 3066 amplectendam
2936 2998 3357 3070 obeundamque
3379 3002 3648 3070 poeniten-

2058 3089 2210 3151 tiam,
2247 3102 2357 3141 non
2387 3087 2668 3144 blanditiis
2689 3103 2754 3142 ac
2780 3089 2999 3144 lenitate
3024 3091 3246 3157 mulcet,
3280 3092 3379 3146 sed
3400 3095 3640 3149 auctori-

2061 3184 2169 3232 tate
2215 3193 2279 3232 ac
2314 3181 2641 3235 necessitate
2680 3181 3003 3251 compellit:
3040 3191 3153 3236 tmn
3189 3198 3381 3239 eorum
3419 3194 3646 3240 cuncta-

2059 3268 2235 3324 tiones
2261 3269 2460 3330 varias.
2499 3285 2563 3325 ac
2601 3271 3084 3341 tergiversationes
3115 3275 3379 3344 increpat,
3414 3277 3645 3332 severis-

2059 3360 2304 3430 simeque
2323 3362 2573 3432 castigat.
2604 3360 2710 3417 Sed
2735 3377 2822 3427 eo,
2848 3377 2914 3416 ac
2947 3364 3175 3433 reliquis
3200 3365 3445 3429 omissis,
3473 3381 3642 3421 unum

2059 3448 2211 3504 illum
2252 3450 2546 3521 proferam,
2589 3452 2748 3521 cujus
2780 3468 2913 3508 voce
2939 3470 3004 3508 ac
3034 3453 3296 3525 suﬂ‘ragio
3337 3464 3528 3511 auctor
3555 3456 3646 3511 ille

2059 3543 2348 3598 contrariae
2375 3543 2648 3613 opinionis
2672 3559 2736 3599 ac
2769 3554 3033 3614 patronus
3073 3546 3304 3611 nititur;
3343 3556 3396 3603 et
3425 3548 3642 3618 quidem

2060 3632 2236 3685 locum
2259 3632 2408 3687 illum
2433 3648 2543 3702 pra:
2570 3635 2784 3689 caeteris
2811 3634 3098 3699 adducant,
3125 3637 3180 3690 in
3201 3652 3312 3706 quo
3334 3637 3402 3690 de
3429 3637 3643 3707 publica

2058 3725 2394 3779 occultorum
2436 3725 2703 3781 scelerum
2735 3727 3051 3796 pamitentia
3098 3725 3295 3783 fecisse
3338 3729 3500 3783 verba
3535 3744 3643 3782 crc-

2058 3816 2227 3870 ditur.
2270 3815 2643 3874 Tertullianus
2686 3819 2733 3875 is
2774 3819 2918 3884 erit,
2959 3819 3118 3888 cujus
3159 3834 3191 3874 e
3236 3820 3393 3886 libro,
3447 3821 3538 3891 qui
3565 3820 3645 3877 De

2056 3911 2366 3978 praeuenti“
2418 3911 2756 3976 inscribitur,
2801 3913 3104 3967 sententias
3155 3912 3364 3982 aliquot
3419 3914 3637 3978 attulit,

2059 4017 2196 4071 quas
2221 4001 2289 4056 ad
2322 4003 2465 4077 istud
2514 4002 2787 4072 pertinere
2809 4019 2982 4073 genus
3025 4002 3291 4058 allirmat:
3323 4004 3467 4060 unde
3499 4015 3553 4060 et
3584 4013 3641 4059 tu

2058 4096 2177 4165 ipse
2190 4095 2451 4149 nonnulla
2469 4093 2998 4164 prompsisti.Verba
3023 4102 3151 4150 sunt
3180 4096 3325 4152 illius
3351 4111 3382 4150 e
3405 4111 3527 4166 cap.
3557 4095 3640 4152 9:

2048 4185 2222 4253 Hujus
2258 4184 2420 4254 igitur
2473 4183 2716 4238 secunda:
2746 4194 2798 4237 et
2835 4185 3011 4249 unius,
3046 4193 3243 4253 quanto
3278 4187 3333 4238 in
3371 4199 3521 4239 arcto
3547 4201 3631 4239 ne-

2059 4277 2257 4346 gotium
2287 4286 2388 4340 est,
2426 4285 2572 4328 tanta
2603 4276 2875 4344 operosior
2899 4276 3142 4344 probatio
3169 4287 3269 4339 est,
3307 4285 3365 4329 ut
3399 4290 3502 4329 non
3525 4277 3641 4329 sola

2060 4369 2378 4422 conscientia
2407 4368 2744 4436 praeferatur,
2786 4367 2876 4422 sed
2904 4368 3081 4437 aliqua
3112 4368 3273 4422 etiam
3312 4381 3438 4421 actu
3464 4367 3640 4421 admi-

379 4461 676 4525 sensimus,
714 4454 860 4528 quod
885 4470 945 4509 ex
979 4468 1040 4507 ea
1077 4451 1325 4505 doctrina
1356 4456 1616 4518 sequatur
1644 4467 1658 4502 :
1688 4448 1830 4509 illos.
1858 4448 1951 4517 qui

2058 4460 2330 4514 nislrelur.
2385 4459 2559 4513 Item:
2600 4458 2667 4512 Et
2718 4459 2996 4528 temporali
3047 4460 3383 4529 aﬂlictatione
3444 4469 3639 4514 (eterna

377 4552 625 4625 graviora
678 4554 903 4618 peccata
959 4542 1159 4610 smpius
1211 4541 1543 4605 itcrassent,
1603 4538 1953 4593 tolerabiliori

379 4659 498 4701 esse
535 4638 866 4702 conditione,
894 4648 1054 4704 quam
1094 4634 1186 4702 qui
1216 4631 1383 4687 semel
1424 4631 1478 4684 in
1510 4629 1659 4685 omni
1692 4630 1799 4683 vita
1828 4628 1960 4683 deli-

379 4738 647 4808 quissent.
682 4730 816 4784 Nam
860 4725 1178 4799 pmnitentia
1221 4724 1437 4795 publica
1463 4730 1573 4776 tam
1614 4721 1955 4791 publicorum

380 4843 543 4899 quam
570 4824 910 4880 occultorum
940 4818 1256 4880 criminum,
1288 4815 1454 4871 semel
1480 4814 1742 4869 duntaxat
1772 4817 1826 4867 in
1855 4814 1956 4867 Ec.-

381 4922 546 4975 clesia
596 4918 860 4989 permissa
914 4912 1049 4979 fuit;
1102 4909 1246 4980 quod
1300 4909 1436 4963 adeo
1491 4923 1677 4963 verum
1720 4915 1838 4970 est,
1898 4916 1958 4961 ut

381 5011 703 5083 probatione
746 5022 855 5061 non
896 5013 1069 5077 egeat.
1101 5003 1395 5074 Fingamus
1426 5002 1609 5073 igitur,
1649 5000 1955 5069 quempiam

381 5108 505 5172 post
528 5099 799 5171 publicam
830 5098 901 5151 ob
931 5104 1152 5178 peccat?
1186 5094 1401 5164 publica
1433 5094 1515 5146 vel
1537 5092 1749 5147 occulta
1778 5091 1957 5160 poeni-

381 5190 610 5245 tentiam
662 5193 957 5256 peractam,
997 5184 1052 5236 in
1099 5183 1288 5237 eadem
1339 5197 1532 5236 rursus
1566 5180 1631 5234 ad
1684 5181 1956 5234 atrociora

381 5280 624 5357 prolabi;
660 5276 789 5348 quid
840 5276 947 5332 isto
971 5274 1100 5328 lict?
1148 5273 1205 5327 Si
1247 5273 1558 5344 opinionem
1591 5272 1734 5325 illam
1779 5273 1959 5339 sequi-

382 5390 543 5431 mur;
578 5385 772 5441 nempe
818 5368 883 5422 ad
912 5366 1181 5437 occultam
1230 5374 1283 5420 et
1320 5365 1681 5420 auricularem
1721 5365 1835 5420 sive
1866 5379 1955 5419 sa-

378 5465 766 5527 cramentalem
799 5467 1077 5532 receptum
1105 5458 1350 5524 habebit;
1383 5474 1503 5527 qua:
1533 5472 1809 5527 nunquam
1836 5459 1960 5512 sub-

381 5565 511 5629 lata,
537 5569 591 5616 et
624 5559 872 5614 videlicet
913 5556 1106 5610 iterata
1141 5552 1337 5621 smpius
1364 5561 1449 5607 est
1475 5569 1486 5604 :
1513 5566 1608 5620 per
1637 5565 1800 5620 quam
1832 5549 1956 5605 bre-

383 5657 533 5711 viore
579 5651 928 5724 compendio,
968 5647 1087 5704 sine
1114 5646 1326 5717 publica
1373 5646 1463 5698 illa
1509 5644 1780 5709 molestia,
1832 5657 1956 5696 cum

383 5743 627 5799 helcsia
655 5738 1122 5799 reconciliabitur.
1154 5736 1263 5792 Iloc
1290 5735 1452 5806 igitur
1481 5733 1611 5788 illud
1639 5741 1778 5800 erat,
1810 5731 1954 5802 quod

2058 4550 2318 4619 supplicia
2369 4566 2471 4604 non
2516 4550 2690 4603 dicam
2722 4550 3029 4618 frustretur,
3072 4549 3164 4604 sed
3208 4560 3492 4619 expunget,
3531 4558 3635 4604 etc.

2061 4638 2115 4691 lu
2148 4640 2233 4694 his
2263 4648 2317 4694 et
2341 4640 2461 4694 aliis
2490 4639 2734 4709 ejusdem
2767 4639 3050 4708 scriptoris
3073 4639 3230 4701 locis,
3262 4637 3637 4708 paenitentiam

2060 4729 2331 4798 publicam
2369 4730 2438 4784 ob
2469 4738 2680 4784 secreta
2723 4739 2943 4798 peccata
2978 4736 3172 4798 sponte
3207 4736 3515 4797 susceptam
3557 4727 3640 4779 in-

2059 4823 2225 4892 telligi
2261 4837 2486 4887 censes;
2527 4837 2702 4890 neque
2733 4834 2978 4884 causam,
3013 4834 3114 4874 cur
3137 4820 3210 4874 ita
3241 4834 3487 4881 censeas,
3522 4833 3641 4888 ape-

2059 4913 2155 4967 ris.
2185 4912 2346 4982 Atqui
2374 4928 2651 4979 nunquam
2678 4912 2805 4965 illud
2830 4912 3062 4982 probare
3088 4912 3314 4980 poteris,
3337 4911 3405 4964 de
3428 4910 3637 4979 publica

2057 5003 2398 5057 occultorum
2457 5003 2747 5056 criminum
2801 5003 3016 5073 magis,
3073 5016 3237 5072 quam
3298 5002 3638 5071 publicorum

2060 5095 2404 5164 poenitentia,
2436 5093 2583 5163 loqui
2615 5092 3032 5148 Tertullianum.
3063 5092 3237 5163 llujus
3265 5093 3410 5147 enim
3442 5092 3636 5156 oratio,

2060 5195 2120 5240 ut
2149 5195 2201 5242 et
2229 5185 2509 5257 Cypriani,
2535 5186 2601 5241 de
2630 5186 2872 5256 qualibet
2903 5186 3120 5256 publica
3157 5184 3480 5254 prcnitentia
3525 5199 3640 5253 pro-

2060 5275 2231 5340 cedit;
2265 5283 2317 5330 et
2349 5274 2521 5330 solius
2549 5283 2633 5330 est
2664 5275 2899 5341 arbitrii,
2939 5290 3048 5329 non
3082 5275 3330 5338 rationis,
3361 5289 3471 5328 non
3511 5289 3640 5328 con-

2055 5366 2281 5436 jectura:
2307 5367 2500 5421 saltem
2549 5368 2855 5435 levissimae,
2884 5369 3029 5438 quod
3062 5367 3127 5421 ad
3160 5368 3380 5421 tertium
3413 5365 3545 5419 illud
3576 5380 3642 5419 ex

2061 5459 2258 5524 tribus,
2303 5475 2424 5530 quae
2463 5476 2626 5529 supra
2662 5463 3071 5532 proposuimus.
3105 5460 3444 5530 pmnitentiae
3482 5473 3643 5528 gene-

2062 5551 2246 5614 ribus,
2283 5550 2604 5606 Tcrtulliani
2645 5552 2763 5608 loca
2808 5554 2898 5606 illa
2930 5551 3282 5621 restringitis.
3319 5550 3528 5603 Amabo
3561 5558 3641 5609 te,

2061 5641 2197 5696 doce
2232 5659 2353 5705 nos,
2391 5643 2589 5711 quibus
2628 5643 2966 5713 argumentis
3000 5642 3170 5696 fretus
3210 5657 3316 5695 non
3346 5655 3506 5694 omne
3541 5654 3644 5709 pu-

2063 5734 2213 5788 blica!
2244 5734 2579 5804 poenitentiae
2610 5749 2781 5804 genus
2810 5733 3101 5806 intelligas,
3123 5733 3216 5789 sed
3241 5733 3387 5788 illam
3409 5742 3643 5787 arcano-
