3978 6220
325 425 425 482 [3'23

1461 418 1827 475 ADVERSUS
1867 417 2030 475 ΜΛΤ.
2081 421 2434 481 SlMONlUM.

3472 427 3577 487 6‘26

321 560 439 599 rum
485 541 777 597 criminum
825 542 1144 597 nominatim
1193 541 1453 611 excipias.
1498 541 1700 597 Verum
1755 558 1853 611 age
1883 585 1894 609 ,
1930 545 1972 600 Α
2002 542 2197 612 dignus
2247 553 2350 608 est.
2392 543 2488 610 Te,
2537 544 2626 614 qui
2678 544 2741 597 ad
2791 543 2976 599 eadem
3023 544 3262 614 prulcns
3303 561 3364 598 ac
3399 546 3581 598 salem

323 635 648 690 concedatur
677 633 781 687 hoc
820 635 936 699 tibi,
973 633 1116 704 quod
1146 633 1313 703 gratis
1346 634 1603 697 aflirmas,
1630 634 1742 704 jam
1782 634 1891 689 tuis

324 735 378 782 te
413 726 590 782 verbis
636 741 698 782 ac
730 727 998 780 sententia
1039 726 1377 780 convincam.
1415 725 1532 780 Non
1579 734 1780 780 temere
1814 727 1895 782 ais

324 821 423 891 (a)
447 819 822 888 paenitentiam
867 820 1034 883 illam,
1064 818 1132 873 de
1168 833 1274 888 qua
1304 817 1674 872 Tertullianus
1707 817 1778 872 ibi
1811 817 1892 871 lo-

323 914 523 981 quitur,
552 900 836 964 indultam.
871 909 1066 975 Quer
1086 909 1182 964 abs
1207 916 1280 974 te,
1307 907 1500 977 ecquid
1527 908 1590 960 ad
1623 907 1893 976 publicam

322 1003 466 1056 illam
510 999 851 1054 occultorum
896 999 1270 1069 paenitentiam
1313 997 1432 1068 cogi
1467 997 1762 1068 potuerint,
1815 1012 1901 1052 re-

323 1107 556 1162 veraque
588 1092 762 1146 coacti
803 1091 934 1154 sint,
969 1091 1058 1160 qui
1099 1105 1208 1145 non
1248 1091 1465 1159 publice
1519 1089 1898 1160 deliquissent.

324 1183 512 1238 Utrum
551 1184 698 1238 voles
723 1185 879 1252 elige.
911 1181 966 1236 Si
991 1191 1212 1237 coactos
1240 1181 1465 1247 dixeris,
1498 1181 1578 1236 sic
1607 1189 1665 1236 ut
1699 1181 1904 1250 absque

321 1276 538 1344 publica
581 1275 672 1328 illa
721 1273 1097 1330 satisfactione
1144 1273 1490 1328 reconciliari
1539 1274 1762 1328 minime
1812 1289 1905 1343 po-

319 1368 554 1421 tuerint:
591 1368 866 1437 quomodo
896 1381 1006 1421 non
1035 1375 1239 1422 temere
1271 1367 1410 1422 dicis
1443 1367 1731 1435 indultam,
1759 1369 1906 1438 quod

320 1468 471 1512 tanto
511 1459 780 1513 beneficio
833 1459 1161 1529 poenitentes
1211 1459 1488 1527 alliceret,
1543 1469 1602 1514 ut
1654 1462 1804 1530 ipsos
1852 1463 1906 1518 in

318 1563 439 1602 eum
469 1547 726 1618 gradum,
770 1563 928 1619 quem
971 1549 1244 1620 baptismo
1283 1553 1566 1607 consecuti
1611 1560 1787 1618 erant,
1825 1554 1908 1607 in-

321 1639 590 1708 tegritatis
616 1639 1050 1710 innocentiaeque
1072 1641 1387 1698 revocaret?
1422 1641 1633 1708 Quibus
1666 1645 1908 1700 auctoris

319 1729 502 1784 verbis
561 1731 781 1800 tuisque
824 1733 958 1787 satis
991 1733 1317 1799 ostenditur,
1354 1740 1548 1802 sponte
1579 1749 1610 1787 a
1639 1734 1908 1804 paeniten-

320 1819 461 1873 tibus
487 1819 856 1885 ambiendam,
873 1829 926 1876 et
949 1822 1137 1892 gratia:
1154 1822 1276 1876 loco
1293 1822 1690 1893 impetrandam
1719 1824 1738 1876 f
1741 1827 1905 1888 uisse,

2003 634 2297 701 offendisti,
2339 637 2384 690 si
2434 645 2610 691 tamen
2662 637 3132 703 animadverteris,
3175 653 3445 694 excusare
3492 654 3580 692 vix

1999 743 2242 794 possum.
2283 727 2466 800 Neque
2509 736 2688 781 tamen
2731 729 3021 784 inciviliter
3053 737 3106 784 et
3145 729 3439 785 inhumane
3465 739 3581 783 tra-

2000 817 2216 882 ducam,
2259 827 2353 872 aut
2404 817 2668 872 vecordem
2704 819 3003 888 appellabo,
3043 829 3099 874 ut
3127 821 3229 875 hoc
3251 821 3427 892 ipsum
3457 836 3582 878 senc

2002 909 2126 971 tias,
2170 919 2383 978 quantas
2435 908 2710 962 modestiae
2762 909 2852 972 sit,
2898 925 3061 979 quam
3115 918 3172 963 tu
3225 910 3356 964 mihi
3402 911 3584 965 detra-

2003 1000 2108 1062 his,
2148 1016 2271 1054 cum
2322 1015 2390 1055 ne
2441 1015 2468 1053 a
2515 1008 2566 1054 te
2602 999 2818 1068 quidem
2865 1001 2999 1054 adeo
3042 1009 3233 1069 praeter
3269 1002 3360 1071 jus
3395 1016 3458 1056 ac
3490 1001 3586 1054 dc-

2005 1108 2192 1146 corum
2220 1109 2380 1147 omne
2414 1093 2701 1147 lacessitus
2731 1097 2784 1144 ct
2816 1090 3156 1159 dispunctus,
3195 1107 3494 1163 repungere
3522 1106 3587 1145 ac

2007 1185 2354 1238 maledictum
2395 1193 2449 1237 et
2478 1185 2862 1239 contumeliam
2894 1198 3158 1252 reponere
3189 1184 3473 1240 voluerim.

2077 1274 2152 1329 De
2183 1276 2420 1345 pet-jurio
2453 1275 2526 1345 (ὁ)
2558 1292 2664 1330 non
2701 1277 2918 1346 penitus
2972 1275 3379 1338 aflirmaveram,
3408 1276 3586 1331 nullas

2011 1384 2040 1421 a
2089 1369 2391 1424 canonibus
2425 1383 2614 1439 poenas
2660 1369 2737 1422 illi
2779 1369 3128 1431 constitutas,
3157 1369 3251 1422 sed
3301 1384 3393 1423 eas
3441 1369 3586 1422 solas

2011 1462 2236 1531 intelligi
2290 1463 2556 1526 volebam,
2607 1479 2725 1533 quae
2785 1463 2955 1518 laicos
3010 1463 3338 1534 obligarent;
3390 1464 3588 1533 quibus

2010 1552 2327 1621 paenitentia
2384 1551 2621 1621 publica,
2663 1567 2769 1605 non
2816 1553 3053 1615 clericis,
3084 1552 3399 1621 praescripta
3447 1551 3587 1604 fuit:

2011 1648 2123 1694 tum
2169 1640 2235 1694 de
2274 1641 2462 1709 primis
2502 1639 2757 1695 Ecclesiae
2798 1626 3131 1711 temporibus
3174 1641 3469 1711 loquebar;
3522 1639 3589 1697 ad

2010 1746 2131 1801 quae
2155 1730 2441 1800 disciplina
2467 1732 2575 1795 illa,
2609 1733 2677 1786 de
2703 1747 2807 1801 qua
2838 1746 3022 1787 sermo
3049 1739 3185 1793 erat,
3215 1732 3432 1800 proprie
3465 1745 3588 1800 per-

2012 1823 2166 1876 tinet.
2213 1821 2397 1890 Itaque
2444 1821 2785 1877 Tiburiensis
2831 1823 2920 1876 ille
2961 1837 3134 1875 canon
3167 1821 3376 1876 alienus
3410 1829 3490 1875 est
3521 1819 3590 1874 ab

321 1925 418 1966 nec
469 1911 669 1967 iisdem
715 1923 893 1967 tamen
943 1915 1258 1982 petentibus
1313 1924 1515 1970 temere
1561 1932 1904 1973 concessam.
1941 1891 1981 1945 B
2011 1913 2114 1969 hoc
2146 1915 2382 1984 negotio,
2410 1929 2519 1971 non
2545 1915 2720 1968 solum
2761 1913 2887 1983 quia
2929 1913 2996 1967 de
3040 1913 3170 1968 solis
3211 1912 3424 1967 clericis
3453 1926 3590 1980 prae-

321 2001 479 2056 liedit
532 2018 662 2073 ergo
700 2005 950 2074 superior
993 2005 1085 2059 illa
1135 2007 1400 2076 quaestio:
1431 2007 1566 2077 quid
1614 2007 1681 2063 iis
1718 2016 1904 2078 postea

322 2093 555 2156 factum,
580 2096 624 2152 si
649 2106 770 2166 post
787 2098 1059 2167 publicam
1082 2099 1456 2167 pteniteutiam
1480 2098 1667 2154 eadem
1694 2101 1905 2154 occulta

319 2181 752 2243 committerent,
801 2184 872 2240 ob
923 2199 1044 2256 quae
1091 2186 1277 2255 priore
1325 2187 1437 2251 illa,
1481 2201 1584 2242 nec
1632 2188 1904 2252 iteranda,

319 2270 564 2324 damnati
596 2271 836 2326 fuerant.

390 2359 444 2414 Si
495 2364 640 2415 enim
688 2363 981 2418 auriculari
1015 2363 1382 2432 confessione,
1424 2375 1478 2422 et
1519 2376 1750 2429 secreta,
1786 2383 1906 2438 quae

321 2460 544 2522 propter
573 2455 786 2508 occulta
809 2463 1032 2525 peccata
1060 2457 1379 2527 suscipitur,
1407 2473 1636 2528 quaeque
1665 2459 1906 2514 secunda

319 2549 402 2595 cst
439 2545 513 2596 de
556 2543 752 2611 tribus,
791 2547 1113 2614 poenitentia
1168 2547 1390 2617 defungi
1438 2548 1675 2612 licuerit,
1729 2565 1908 2606 nonne

319 2634 681 2689 tolerabiliori
715 2637 1030 2692 conditione
1071 2637 1301 2695 fuissent
1333 2640 1391 2704 ii,
1422 2641 1514 2710 qui
1551 2640 1751 2710 saepius
1781 2641 1910 2695 hor-

319 2726 494 2780 renda
531 2727 643 2790 illa,
679 2729 774 2782 sed
803 2731 1016 2782 occulta
1048 2730 1254 2784 scelera
1292 2740 1713 2800 perpetrassent,
1744 2747 1904 2805 quam

320 2818 410 2885 qui
457 2818 631 2872 semel
671 2818 725 2872 in
768 2820 954 2874 eadem
992 2821 1390 2875 incurrissent?
1417 2821 1627 2891 Quippe
1659 2837 1779 2896 cum
1815 2824 1907 2877 isti

321 2923 429 2962 non
466 2908 590 2963 sine
618 2910 911 2964 multorum
943 2925 1211 2965 annorum
1235 2913 1482 2966 cruciatu
1519 2927 1582 2966 ac
1615 2913 1905 2982 supplicio,

323 2999 514 3066 pacem
545 3014 609 3053 ac.
637 2999 1137 3055 reconciliationem
1173 3001 1394 3068 fuerint,
1425 3017 1527 3056 nec
1556 3003 1714 3057 aliter
1745 3020 1906 3072 quam

319 3088 540 3157 publica
573 3092 912 3159 poenitentia,
938 3093 1240 3156 consecuti,
1275 3093 1350 3146 illi
1387 3101 1738 3164 posteaquam
1770 3095 1909 3150 hanc

320 3179 595 3243 obierant,
644 3187 868 3235 secretae
913 3181 1245 3249 paenitentiae
1287 3180 1550 3236 beneﬂcio
1602 3183 1905 3252 expeditam

324 3273 478 3325 illam
505 3286 567 3325 ac
591 3273 886 3342 parabilem
920 3273 1229 3327 habuerint.
1274 3273 1370 3328 Sin
1414 3281 1518 3340 est,
1555 3285 1614 3330 ut
1641 3275 1707 3329 ad
1739 3277 1911 3344 publi-

321 3375 440 3413 cam
473 3361 845 3428 paenitentiam
887 3361 1007 3430 cogi
1048 3377 1156 3415 non
1206 3362 1500 3432 potuerint,
1534 3363 1627 3418 sed
1657 3365 1908 3433 precario

325 3451 510 3518 potius
542 3449 688 3506 illius
729 3458 1052 3520 potestatem
1099 3452 1529 3521 impetraverint,
1577 3468 1676 3508 cur
1719 3455 1773 3509 in
1819 3454 1911 3510 illo

323 3541 446 3610 ipso
481 3539 558 3594 De
593 3543 898 3611 paenitentia
939 3544 1077 3599 libro
1105 3542 1476 3600 Tertullianus
1513 3551 1620 3598 tam
1665 3546 1913 3616 impense

323 3631 392 3684 ad
439 3645 557 3684 eam
592 3633 982 3702 capessendam
1015 3635 1262 3688 hortatus
1314 3634 1432 3689 est?
1473 3650 1573 3690 cur
1622 3636 1912 3706 plerosque

325 3723 672 3792 tergiversari
701 3740 764 3779 ac
805 3724 1062 3794 defugere
1107 3726 1391 3795 queritur?
1419 3741 1518 3780 cur
1553 3729 1816 3797 exemplis
1858 3736 1912 3782 et

328 3815 653 3881 rationibus,
690 3823 750 3869 ut
777 3817 867 3870 illa
899 3818 1066 3872 velint
1103 3819 1199 3882 uti,
1251 3827 1361 3872 tam
1393 3821 1552 3874 enixe
1587 3821 1912 3889 persuadet?

324 3902 464 3954 Nam
496 3911 618 3972 post
667 3905 778 3965 illa,
815 3921 935 3975 qua:
973 3914 1132 3960 antea
1173 3909 1357 3973 citavi,
1409 3911 1593 3964 statim
1643 3911 1907 3979 subjicit:

327 3991 617 4061 Plerosque
647 4003 821 4047 tamen
850 3996 944 4048 hoc
974 4013 1124 4066 opus,
1157 4007 1215 4051 ut
1239 3999 1646 4066 publicationem
1681 4003 1784 4064 sui,
1821 4013 1913 4056 aut

326 4082 614 4152 snﬂ‘ugere,
647 4092 738 4135 aut
771 4087 835 4136 de
871 4085 956 4139 die
990 4086 1044 4138 in
1078 4088 1216 4140 diem
1245 4089 1460 4156 differre
1494 4105 1779 4158 prtesumo,
1815 4111 1914 4162 pu-

323 4175 476 4228 doris
509 4177 673 4245 magis
705 4193 957 4230 memores
1005 4194 1161 4246 quam
1196 4179 1411 4232 salutis.
1449 4178 1602 4236 Facit
1640 4183 1828 4236 eodem
1860 4191 1913 4238 et

322 4267 420 4321 ille
443 4267 615 4332 locus,
641 4282 801 4336 quem
827 4275 1020 4320 auctor
1043 4265 1268 4321 adduxit
1297 4284 1328 4324 e
1355 4269 1678 4325 duodecimo
1703 4273 1908 4340 capite:

326 4358 506 4428 Igitur
538 4375 656 4412 cum
682 4361 843 4425 scias,
878 4359 1126 4413 adversus
1153 4361 1440 4430 gehennam
1470 4371 1588 4430 post
1613 4365 1787 4430 prima
1817 4365 1914 4419 illa

325 4453 656 4505 intinctionis
689 4451 980 4506 Dominicte
1014 4455 1356 4518 monimenta,
1389 4471 1499 4510 esse
1527 4455 1699 4510 adhuc
1733 4459 1784 4511 in
1817 4476 1909 4512 ex-

2008 2006 2218 2070 scribit,
2261 2021 2489 2075 quorum
2543 2006 2756 2075 publica
2795 2005 3114 2074 pcenitcntia
3167 2020 3274 2058 non
3321 2003 3458 2066 fuit,
3496 2002 3590 2058 scd

2005 2098 2169 2153 etiam
2202 2099 2328 2168 quia
2359 2099 2696 2167 temporibus
2738 2098 2846 2152 illis
2897 2096 3168 2152 recentior
3205 2106 3307 2153 est.
3339 2095 3416 2150 Ex
3446 2096 3588 2150 anti-

2005 2191 2128 2257 quis
2179 2205 2311 2243 sane
2349 2190 2651 2245 canonibus
2692 2190 2897 2256 nullus,
2941 2190 3032 2258 qui
3084 2188 3302 2258 quidem
3353 2188 3590 2257 probatae

2008 2277 2129 2331 fidei
2159 2287 2324 2342 esset,
2361 2279 2705 2342 occurrebat,
2738 2277 2831 2347 qui
2864 2278 3179 2331 nominatim
3209 2276 3449 2346 perjurio
3477 2291 3590 2346 poe-

2007 2384 2106 2423 nas
2136 2368 2453 2422 decerneret
2486 2387 2497 2422 :
2530 2384 2706 2438 neque
2738 2369 2789 2423 id
2826 2377 3007 2422 tamen
3047 2376 3195 2422 certo
3223 2367 3591 2436 alIirmateque

2006 2459 2140 2522 dixi,
2186 2459 2280 2513 sed
2335 2459 2389 2512 in
2424 2459 2726 2529 exemplum
2777 2467 2987 2513 tantum
3038 2459 3192 2512 attuli
3238 2467 3588 2528 peccatorum

2004 2549 2271 2619 gravium,
2301 2550 2498 2619 quibus
2530 2553 2808 2603 canonicze
2849 2550 3011 2603 nullae
3059 2563 3235 2618 poenae
3281 2549 3591 2602 constituta:

2004 2642 2276 2696 videntur.
2330 2641 2554 2697 Poteras
2618 2642 2944 2697 llerdcnsem
2996 2656 3261 2696 canonem
3321 2641 3352 2693 7
3415 2638 3588 2694 Tibu-
3641 2626 3644 2628 ⁷

2006 2733 2174 2788 riensi
2206 2733 2272 2786 ad
2301 2735 2646 2802 propositum
2685 2741 2836 2786 tuum
2871 2733 3131 2801 aptiorem
3159 2730 3432 2801 proferre;
3469 2747 3590 2784 nam

2008 2824 2101 2894 qui
2135 2838 2200 2878 ex
2242 2823 2501 2878 Gratiano
2550 2831 2604 2878 et
2649 2822 2812 2877 lvone
2863 2834 3384 2884 commemorantur,
3425 2824 3593 2893 Euly-

2009 2913 2189 2967 chiani
2219 2914 2304 2968 vel
2337 2913 2562 2968 Fabiani
2591 2928 2762 2982 papze,
2791 2921 2920 2978 etc.,
2970 2913 3124 2982 longe
3154 2913 3422 2966 citerioris
3455 2910 3594 2964 anti-

2010 3002 2233 3071 quitatis
2263 3002 2532 3056 videntur.
2573 3002 2793 3066 Verum,
2829 3002 2906 3054 uti
2944 3001 3076 3063 dixi,
3110 3001 3176 3054 tle
3220 3015 3284 3054 ea
3328 3015 3386 3054 re
3426 2999 3592 3053 nolim

2013 3093 2302 3147 admodum
2334 3108 2598 3162 pugnare.
2635 3091 2700 3146 Et
2733 3091 2843 3145 fieri
2873 3099 3071 3160 potest,
3099 3097 3158 3142 ut
3187 3103 3362 3143 canon
3396 3086 3595 3156 aliquis

2013 3199 2176 3252 super
2215 3197 2276 3238 ea
2322 3199 2381 3237 re
2415 3183 2682 3237 vetustior
2725 3188 2998 3245 occurrat,
3033 3195 3193 3250 quem
3244 3185 3439 3233 neuter
3492 3191 3594 3231 no-

2013 3283 2183 3328 strum
2219 3272 2682 3328 animadverterit.

2627 3383 2854 3438 CAPUT
2888 3381 2975 3437 IV.

2011 3473 2376 3544 Dispunctoris
2403 3484 2582 3528 errata
2613 3473 2716 3527 duo
2753 3468 3341 3544 castigantur._Consuli
3364 3487 3597 3544 nonnun-

2173 3561 2330 3614 quam
2365 3561 2396 3597 a
2426 3554 2613 3598 senatu
2642 3541 2900 3596 mandata
2930 3542 3150 3612 qua’stio
3176 3541 3440 3607 capitalis.

2081 3636 2256 3707 Caput
2309 3644 2461 3689 tuum
2511 3645 2765 3705 quartum
2817 3633 3031 3687 tluabus
3077 3629 3599 3684 hallucinationibus

2011 3733 2094 3780 est
2124 3727 2370 3796 insigne:
2405 3727 2579 3795 prima
2603 3733 2684 3779 cst
2719 3739 2840 3796 pag.
2876 3723 2966 3789 26,
2998 3723 3088 3777 ubi
3123 3732 3409 3793 postquam
3438 3737 3599 3791 argu-

2013 3820 2141 3870 tiam
2200 3832 2376 3872 meam
2436 3817 2679 3881 illusisti,
2731 3816 2894 3870 verba
2953 3816 3058 3868 ista
3105 3814 3385 3869 Socratis:
3428 3813 3494 3864 Ἦ
3541 3810 3600 3863 δὲ

2013 3908 2150 3978 γυνὴ
2204 3907 2571 3978 πρηϐαίνουσα
2615 3907 2708 3959 καὶ
2767 3905 2896 3960 ἄλλο
2945 3907 3189 3974 πταῖσμα
3233 3903 3430 3973 ἑαυτῆς
3468 3919 3600 3956 κατ-

2013 4000 2224 4069 ηγόρει,
2264 4013 2545 4066 perperam
2592 3998 2982 4066 interpretatus
3029 4012 3108 4050 es.
3157 3994 3262 4050 Sed
3305 3997 3466 4047 verba
3507 4003 3599 4046 tua

2015 4097 2235 4158 praestat
2282 4089 2468 4141 audire
2506 4105 2518 4140 :
2562 4091 2690 4141 Haec
2734 4085 2907 4149 verba,
2954 4087 3154 4153 inquis,
3186 4087 3600 4152 interpretantur

2016 4181 2298 4249 (nimirum
2345 4180 2618 4239 Petavius)
2652 4196 2664 4231 :
2699 4177 2826 4231 Herc
2865 4177 3074 4241 mulier,
3119 4194 3236 4230 cum
3278 4179 3330 4228 in
3362 4177 3600 4230 obeunda

2012 4273 2314 4340 ptenitentia
2360 4272 2561 4342 longius
2589 4269 2910 4340 procederet,
2947 4270 3170 4322 alterunt
3211 4267 3358 4337 nefas
3388 4267 3600 4321 interim

2013 4365 2298 4428 commisit,
2328 4374 2378 4418 et
2425 4363 2646 4418 subinde
2678 4362 2984 4416 declaravit.
3032 4361 3098 4413 At
3143 4369 3327 4413 contra
3370 4361 3598 4426 oportuit

2017 4456 2082 4525 (κὶ
2114 4455 2322 4509 verbum
2369 4455 2519 4510 verba
2557 4454 2770 4510 reddere
2810 4454 2906 4523 ﬁdi
2958 4456 3265 4521 interpretes
3312 4451 3552 4520 velimus)
3578 4466 3598 4505 :

325 4545 650 4615 Itomologesi
681 4545 911 4600 secunda
941 4547 1200 4614 subsidia,
1246 4567 1342 4603 cur
1381 4551 1607 4606 salutem
1637 4564 1782 4606 mam
1820 4555 1910 4608 de-
1943 4557 1982 4610 D
2017 4546 2144 4601 "(cc
2178 4549 2367 4601 mulier
2392 4548 2718 4613 exorbitans,
2757 4548 2861 4600 sire
2913 4546 3320 4616 transgrediens,
3351 4555 3398 4599 et
3447 4545 3604 4599 aliud

324 4637 503 4691 seris?
549 4653 644 4689 cur
683 4651 859 4689 cessas
907 4636 1119 4706 aggredi
1167 4637 1306 4708 quod
1358 4639 1497 4694 scias
1541 4639 1737 4694 mederi
1778 4640 1912 4697 tibi?

328 4727 565 4794 Apparet
592 4727 735 4792 inde,
767 4729 814 4782 si
848 4728 914 4784 de
962 4729 1182 4798 publica
1219 4737 1554 4785 secretorum
1591 4731 1910 4798 paenitentia

323 4831 506 4872 Sermo
532 4824 634 4881 est,
665 4833 771 4872 non
807 4833 926 4873 eam
957 4817 1206 4873 beneficii
1248 4819 1422 4875 instar
1455 4822 1632 4889 spisse
1682 4835 1746 4874 ac
1773 4821 1924 4874 difli-.

321 4907 506 4961 ciliter
536 4908 820 4973 indultam,
861 4910 954 4966 sed
985 4911 1067 4965 vel
1119 4911 1304 4966 invitis
1333 4911 1569 4965 oblatam
1603 4910 1795 4976 fuisse,
1835 4913 1879 4967 si

324 4998 546 5068 quidem
580 5015 705 5053 cum
747 4999 991 5056 Ecclesia
1039 5002 1430 5058 reconciliandi
1461 5004 1673 5060 forent:
1703 5020 1826 5059 nam
1860 5007 1906 5059 si

323 5092 488 5144 aliter
517 5098 572 5145 et
605 5107 701 5160 per
728 5092 992 5161 privatam
1035 5094 1412 5161 paenitentiam
1452 5105 1696 5166 possent,
1744 5111 1907 5151 accu-

328 5179 488 5234 sandi
529 5195 635 5234 non
665 5189 845 5244 erant,
893 5182 937 5235 si
985 5181 1228 5238 faciliore
1269 5186 1376 5239 isto
1418 5185 1656 5240 remedio
1687 5185 1907 5256 defungi

327 5273 574 5334 mallent,
603 5287 766 5342 quam
810 5273 902 5326 illo
935 5272 1031 5337 uti,
1079 5289 1187 5327 non
1234 5277 1547 5344 operosiora
1598 5277 1778 5340 modo,
1811 5276 1906 5331 sed

327 5363 496 5416 ctiam
528 5361 673 5431 quod
704 5377 812 5416 non
843 5371 1045 5417 temere
1074 5378 1250 5430 neque
1276 5363 1432 5418 facile
1461 5366 1530 5420 ab
1557 5367 1828 5435 episcopis
1854 5377 1909 5422 et

329 5455 708 5510 sacerdotibus
771 5454 1049 5524 impetrari
1099 5471 1260 5523 posse
1297 5459 1738 5526 cognoscerent?
1782 5457 1907 5514 llazc

330 5545 608 5614 παράδοξα
639 5556 691 5602 et
724 5549 897 5602 ἄτοπα
930 5563 1036 5601 non
1076 5547 1223 5600 illum
1274 5549 1611 5603 commisisse
1642 5549 1772 5614 dixi,
1812 5550 1902 5620 qui

328 5634 566 5691 fortasse
619 5653 728 5692 non
776 5638 1259 5695 animadverterit:
1325 5637 1504 5710 itaque
1556 5640 1906 5696 excusatione

401 5809 479 5878 (a)
510 5807 637 5877 Pag.
678 5810 763 5867 18.

2011 4650 2278 4706 peccatum
2301 4655 2454 4692 suum
2490 4648 2737 4703 accusat;
2771 4640 2896 4692 dicit
2935 4643 3093 4707 enim,
3134 4637 3389 4708 quomodo
3421 4654 3596 4691 secum

2010 4729 2278 4782 dormiens
2309 4728 2495 4796 fuisset
2541 4727 2788 4782 Ecclesia:
2818 4727 3096 4782 diaconus.
3128 4725 3274 4780 Itane
3314 4741 3420 4781 vox
3464 4744 3599 4796 προσ

2010 4819 2233 4884 ϐαίνειν,
2268 4821 2312 4874 si
2347 4819 2570 4872 verbum
2613 4819 2778 4873 verbo
2809 4819 3035 4872 reddere
3068 4817 3225 4880 velis,
3296 4816 3599 4872 exorbitare

2010 4927 2071 4964 ac
2101 4911 2398 4980 transgredi
2428 4909 2734 4979 significat;
2771 4918 2867 4963 'aut
2908 4909 3051 4962 idem
3091 4921 3175 4962 est
3221 4909 3364 4977 quod
3415 4926 3595 4978 παραυ

2010 5001 2254 5055 ϐαίνεινῖ
2279 5002 2401 5070 quis
2429 5015 2621 5054 novam
2653 5003 2794 5053 hanc
2820 5000 3232 5069 grammaticam
3273 4999 3443 5053 ferat?
3470 5019 3597 5071 προσ

2009 5093 2212 5146 ϐαίνειν
2247 5101 2394 5147 recte
2431 5101 2484 5147 et
2524 5093 2592 5145 ab
2637 5091 3028 5161 interpretibus
3080 5097 3134 5145 et
3175 5105 3204 5143 a
3245 5091 3404 5147 nobis
3439 5107 3597 5145 acce-

2009 5193 2159 5254 ptum
2197 5190 2282 5238 est
2318 5198 2414 5253 pro
2465 5199 2552 5242 eo.
2597 5183 2740 5252 quod
2779 5190 2860 5237 est
2905 5181 3144 5252 progredi
3189 5197 3252 5235 ac
3297 5181 3591 5250 procedere.

2011 5273 2188 5328 Unum
2213 5273 2346 5328 illud
2371 5275 2428 5326 in
2447 5273 2944 5342 Cl‘tristophorsono
2963 5274 3087 5340 jure
3113 5271 3414 5340 displicuit,
3448 5269 3592 5338 quod

2007 5380 2039 5418 e
2101 5379 2213 5418 suo.
2260 5364 2584 5418 vocabulum
2643 5363 2862 5433 adjecit,
2915 5364 2968 5416 in
3015 5361 3330 5432 conﬁtendo.
3378 5361 3595 5414 Puta-vit

2009 5457 2286 5510 mulierem
2326 5457 2376 5510 in
2424 5457 2638 5526 publica
2695 5456 3041 5511 confessione
3091 5453 3320 5507 dicenda
3363 5450 3593 5505 tacenda

2006 5552 2278 5616 vulgasse,
2329 5552 2383 5598 et
2426 5547 2633 5600 crimen
2687 5546 2816 5600 illud
2877 5544 3078 5599 infame
3131 5542 3270 5594 inter
3307 5540 3410 5593 alia
3465 5553 3591 5608 pro-

2007 5639 2248 5704 fessum;
2292 5638 2435 5707 quod
2488 5654 2661 5708 neque
2699 5652 2882 5693 verum
2937 5645 3036 5708 est,
3074 5647 3246 5698 neque
3299 5631 3352 5684 in
3401 5629 3590 5687 Granio

2081 5817 2154 5881 (bl
2182 5817 2312 5882 Pag.
2350 5818 2439 5874 '29..
