3978 6220
388 392 493 448 697

1713 397 1897 455 DlON.
1938 395 2288 456 PETAVIUS

3539 416 3645 472 638

387 515 719 572 continetur.
752 515 863 573 Hoc
892 517 1123 589 primum
1152 526 1235 574 est
1272 518 1687 589 grammaticum
1723 519 1965 590 σφάλμα.
2000 519 2046 577 Δ
2074 517 2284 573 hiscum
2305 521 2506 577 sentire
2530 536 2588 579 se
2626 512 2949 594 profiteatur
2982 524 3055 597 (c)
3086 526 3232 599 (nam
3269 528 3441 598 legem
3478 528 3647 584 ullam

458 608 615 662 Aliud
643 620 882 666 erratum
924 617 1075 664 tuum
1104 627 1117 665 :
1152 626 1271 681 pag.
1302 611 1371 666 29
1424 612 1604 683 carpis
1638 612 1790 676 illud,
1816 611 1961 682 quod

388 713 488 768 ego
518 699 781 765 dixeram,
823 716 851 754 a
886 709 1074 755 senatu
1111 704 1394 761 consulum
1424 704 1602 769 alteri,
1634 704 1963 761 ambobusve

387 789 699 858 capitalium
732 807 1022 845 causarum
1054 793 1420 863 cognitionem
1457 808 1579 849 esse
1626 794 1960 857 mandatam,

386 888 674 950 antequam
718 882 934 952 publica
964 886 1191 955 quaestio
1231 889 1672 941 constitueretur.
1722 885 1846 939 Non
1888 887 1965 940 ita

384 989 439 1025 se
469 989 549 1030 res
579 972 751 1039 habet,
774 975 977 1046 inquis.
1007 976 1232 1031 Senatus
1264 993 1531 1047 nunquam
1549 977 1851 1033 consulibus
1885 993 1963 1032 re-

384 1081 503 1117 rum
532 1067 838 1134 capitalium
857 1071 1202 1139 cognitionem
1234 1070 1514 1126 commisit.
1539 1070 1695 1136 Quod
1722 1080 1776 1124 tu
1806 1070 1963 1125 dein-

380 1170 512 1226 ceps
541 1159 607 1211 ad
641 1158 800 1214 linem
833 1161 1027 1230 capitis
1076 1176 1247 1231 usque
1292 1161 1513 1231 probas.
1547 1160 1613 1215 Et
1651 1161 1757 1223 hic,
1780 1164 1825 1218 si
1844 1161 1965 1231 qui-

360 1247 504 1302 idem
545 1249 928 1320 εἰρωνεύεσθαι
959 1260 1012 1306 et
1050 1252 1290 1307 cavillari
1335 1253 1553 1317 scirem,
1586 1259 1681 1305 aut
1716 1252 1822 1307 nisi
1865 1268 1967 1323 pu-

382 1338 598 1395 dentior
636 1341 1042 1414 modestiorque
1087 1360 1263 1401 essem
1291 1360 1455 1415 quam
1492 1354 1548 1401 tu
1586 1362 1673 1401 me
1704 1360 1826 1401 esse
1860 1345 1963 1411 vis,

380 1429 577 1485 bellam
622 1432 757 1487 mihi
795 1434 1021 1504 jocandi
1066 1436 1347 1491 materiam
1390 1438 1651 1492 obtulisti.
1695 1435 1848 1491 Unus
1876 1434 1967 1490 Ci-

384 1539 512 1579 cero
543 1524 777 1593 docebit,
809 1542 972 1596 quam
1005 1535 1149 1583 recte
1181 1528 1284 1584 ista
1335 1528 1643 1599 scripseris.
1698 1526 1884 1582 Refert
1919 1528 1966 1582 is

382 1610 438 1668 in
463 1630 529 1670 eo
558 1615 717 1683 libro,
747 1619 838 1688 qui
868 1614 941 1673 De
978 1622 1140 1675 claris
1170 1621 1470 1676 oratoribus
1496 1620 1835 1683 inscribitur,
1872 1616 1966 1673 ubi

383 1706 453 1762 de
488 1706 650 1763 chlio
673 1717 726 1764 et
759 1710 928 1764 Galba
961 1713 1271 1768 oratoribus
1295 1714 1427 1783 agit,
1456 1713 1586 1783 quid
1623 1711 1817 1766 Publio
1847 1708 1969 1765 Sci-

385 1797 547 1866 pione
580 1809 632 1854 et
661 1798 725 1857 Ι).
755 1800 924 1857 Bruto
960 1818 1106 1859 coss.
1158 1803 1344 1859 Roma:
1388 1812 1600 1874 gestum
1644 1804 1735 1867 sit,
1766 1804 1821 1858 in
1854 1804 1967 1858 haec

385 1890 589 1946 verba:
630 1890 774 1946 Nam
826 1910 942 1947 cum
988 1895 1044 1948 in
1075 1895 1210 1949 silva
1254 1912 1354 1950 sua
1393 1896 1486 1967 (al.
1533 1894 1775 1963 Scantio)
1816 1895 1965 1964 facta

377 1987 548 2039 credes
586 1998 739 2052 esset,
779 1990 987 2057 notique
1024 1988 1259 2044 homines
1300 1989 1582 2058 interfecti,
1626 1988 1965 2043 insimulare-

380 2085 567 2146 turque
600 2076 832 2145 familia,
874 2079 1073 2147 partim
1118 2081 1282 2134 etiam
1330 2080 1481 2135 liberi
1526 2080 1792 2134 societatis
1824 2078 1964 2147 ejus,

377 2182 494 2237 quia
517 2167 778 2236 picearias
804 2169 869 2223 de
900 2169 963 2223 P.
996 2170 1263 2236 Cornelio,
1294 2170 1356 2224 L.
1383 2170 1640 2224 Mummio
1671 2186 1808 2225 coss.
1840 2168 1961 2224 red-

376 2260 609 2328 emisset,
634 2260 920 2316 decrevisse
948 2272 1211 2325 senatum,
1242 2271 1300 2315 ut
1327 2280 1388 2316 ea
1419 2263 1482 2317 de
1516 2279 1569 2317 re
1596 2271 1964 2333 cognoscerent

376 2357 429 2401 et
460 2359 749 2404 statuerent
781 2352 1042 2407 consules.
1073 2353 1210 2407 Cum
1253 2354 1345 2407 illa
1385 2354 1451 2409 de
1496 2361 1689 2409 senatu
1718 2354 1965 2409 Romano

378 2447 433 2494 et
457 2441 777 2496 consulibus
816 2443 872 2496 in
903 2444 1209 2513 exemplum
1249 2443 1639 2500 ecclesiastica:
1667 2452 1966 2500 consuetu-

378 2526 525 2582 dinis
564 2528 834 2596 afferrem,
859 2530 1141 2588 Ciceronis
1194 2532 1373 2587 locum
1408 2533 1559 2587 illum
1594 2533 1858 2587 habebam
1906 2532 1965 2588 iu

379 2617 601 2686 animo;
637 2634 815 2689 neque
847 2619 921 2674 ita
947 2621 1078 2675 mihi
1102 2637 1481 2694 persuaseram
1506 2641 1519 2678 :
1549 2638 1578 2677 a
1613 2634 1806 2679 senatu
1842 2638 1965 2694 per-

381 2714 545 2777 petuo
577 2710 895 2767 consulibus
938 2720 1033 2767 aut
1076 2714 1195 2769 sine
1223 2730 1348 2785 pop.
1394 2713 1555 2768 Rom.
1591 2715 1749 2784 jussu
1794 2715 1967 2771 fuisse

381 2800 719 2866 mandatum,
751 2803 845 2858 sed
877 2803 1023 2875 quod
1070 2804 1125 2860 id
1176 2806 1470 2875 aliquando
1509 2807 1848 2878 contigisset,
1893 2805 1963 2860 ad

378 2892 687 2961 exemplum
718 2894 852 2951 satis
898 2910 1021 2952 esse
1056 2896 1206 2952 duxi.
1250 2898 1321 2951 At
1366 2906 1426 2952 tu
1462 2913 1702 2969 praeceps
1736 2897 1790 2952 in
1814 2897 1963 2952 aliud

377 2991 680 3041 extremum
716 2986 1018 3053 incurristi,
1047 2995 1106 3043 ut
1141 2990 1436 3059 generatim
1477 2990 1833 3060 pronuntiare
1860 3004 1961 3043 au-

377 3076 575 3132 deres:
620 3088 860 3133 senatum
904 3095 1171 3151 nunquam
1207 3079 1510 3135 consulibus
1556 3097 1732 3136 rerum
1762 3082 1961 3150 capita-

380 3167 511 3222 lium
542 3171 889 3240 cognitionem
922 3171 1268 3227 commisisse.

451 3258 558 3315 Sed
606 3269 666 3315 ut
704 3246 773 3316 ad
810 3258 1191 3317 Nectarianam
1231 3264 1380 3318 illam
1412 3263 1695 3318 historiam
1721 3262 1963 3329 redeam,

377 3352 613 3407 obsecro
648 3362 863 3421 ,te,quo
909 3362 1249 3422 argumento,
1297 3370 1405 3423 qua
1456 3355 1774 3422 conjectura
1804 3354 1966 3411 nixus

380 3443 670 3497 mulierem
714 3443 876 3498 istam
924 3444 981 3499 in
1023 3440 1370 3501 confessione
1417 3446 1635 3514 publica
1681 3445 1966 3501 infandum

380 3530 515 3587 illud
538 3533 802 3603 flagitium
828 3534 1141 3605 propalasse
1172 3534 1457 3591 defendis?
1481 3536 1654 3603 Quem
1686 3544 1964 3593 auctorem

379 3624 668 3679 nominas?
692 3625 825 3679 Nam
850 3626 1105 3683 Socrates
1128 3636 1183 3685 et
1206 3627 1565 3693 Sozomenus,
1586 3629 1729 3684 unde
1751 3629 1864 3684 haec
1889 3628 1967 3683 hi-

378 3715 550 3772 storia
578 3716 839 3780 manavit,
866 3717 1001 3770 nihil
1025 3718 1131 3773 tale
1157 3726 1602 3773 commemorant.
1630 3718 1739 3774 Cur
1769 3719 1865 3774 tibi
1885 3719 1967 3776 sic

380 3810 506 3867 illos
537 3811 883 3882 interpretari
906 3814 1108 3881 licebit,
1141 3822 1201 3870 ut
1238 3830 1303 3870 ex
1337 3826 1517 3872 mente
1549 3823 1661 3879 tua,
1686 3814 1829 3886 quod
1856 3832 1965 3871 non

379 3917 639 3972 expresse
662 3903 927 3970 referunt,
954 3905 1174 3976 attingas
1198 3914 1252 3963 ct
1278 3915 1490 3964 alteras
1514 3924 1529 3973 ;
1558 3908 1717 3963 nobis
1747 3923 1967 3963 eorum-

379 3994 502 4048 dem
528 3994 691 4050 verba
713 3996 1052 4067 simpliciter,
1072 4006 1125 4053 et
1150 3999 1450 4055 secundum
1478 4000 1716 4054 nativam
1747 3999 1963 4054 illorum

376 4085 487 4138 vim
502 4087 748 4156 accipere
766 4096 928 4158 atque
944 4089 1216 4159 explicare
1233 4090 1387 4146 nefas
1407 4091 1545 4145 erit?
1561 4091 1741 4157 Quare
1758 4090 1965 4147 diutius

377 4177 435 4232 in
457 4180 762 4235 refutandis
780 4182 899 4237 istis
924 4198 1029 4236 non
1054 4184 1404 4239 morabimur.
1430 4183 1502 4238 De
1522 4198 1730 4239 canone
1747 4194 1966 4239 conten-

376 4270 516 4324 tiosa
549 4286 636 4325 res
658 4279 762 4335 est,
786 4288 961 4341 neque
999 4274 1146 4342 quod
1187 4274 1269 4331 vis
1300 4274 1399 4345 (η),
1453 4274 1703 4345 ingratiis
1749 4274 1965 4328 obtine-

376 4359 482 4416 bis.
527 4358 661 4414 Nam
694 4371 749 4416 et
779 4363 1011 4416 subinde
1054 4364 1252 4417 κανόνα
1290 4380 1387 4433 pro
1426 4365 1541 4434 lege
1582 4374 1637 4419 et
1679 4364 1965 4419 sanctione

378 4450 629 4518 sumpsit,
654 4465 776 4503 cum
814 4450 1036 4519 subiicit
1065 4467 1078 4504 :
1108 4446 1275 4515 Οὗτος
1302 4454 1331 4505 ὁ
1358 4451 1537 4506 κανὼν
1566 4456 1758 4524 κρατεῖ
1799 4452 1961 4524 μέχρι

377 4541 473 4595 νῦν
499 4542 558 4595 ὲν
595 4544 715 4604 ταῖς
740 4542 926 4605 ἄλλαις
958 4542 1227 4613 αἱρέσεσι.

1009 4653 1240 4709 CAPUT
1265 4655 1328 4709 V.

379 4744 458 4800 De
484 4747 695 4818 publica
723 4746 1067 4815 confessione,
1098 4764 1213 4818 qua:
1244 4748 1394 4803 nulla
1435 4750 1587 4818 vulgo
1620 4750 1852 4805 moribus
1878 4768 1960 4805 re-

448 4827 628 4890 cepta.
659 4816 848 4890 Leonis
895 4833 1047 4886 papa:
1105 4816 1400 4890 auctoritas
1451 4816 1722 4890 perperam
1759 4823 1816 4877 in
1844 4822 1959 4877 dis-

448 4888 843 4953 punctiunculis
883 4897 1095 4957 accepta
1123 4888 1222 4960 (ὁ).

448 5000 732 5057 Publicam
774 5013 1123 5072 peccatorum
1169 5004 1572 5062 confessionem
1606 5008 1679 5062 ita
1713 5008 1958 5065 moribus

378 5087 637 5144 Ecclesiae
667 5102 938 5161 receptam
986 5094 1157 5150 fuisse
1207 5095 1261 5149 in
1292 5095 1537 5151 Diatriba
1582 5113 1865 5168 negamus,
1899 5109 1960 5155 ut

382 5179 437 5234 id
472 5180 586 5250 lege
618 5180 725 5234 ulla
755 5182 1153 5251 ecclesiastica,
1186 5192 1280 5239 aut
1304 5199 1368 5242 ea
1396 5189 1957 5260 consuetudine,qu;e

380 5273 436 5327 in
472 5272 642 5344 legem
666 5274 1286 5338 abiisset,eonstitutum
1315 5278 1500 5334 fuerit.
1534 5279 1607 5335 De
1633 5294 1739 5353 qua
1769 5298 1955 5348 renon

378 5380 442 5421 ea
474 5371 736 5436 repetam,
764 5382 886 5437 quae
929 5367 1145 5438 plenius
1193 5369 1303 5425 illic
1345 5372 1676 5443 uberiusque
1720 5384 1957 5431 tractata

377 5466 528 5515 sunt.
568 5456 900 5532 Dispunctor
944 5476 1072 5518 vero
1116 5470 1326 5533 noster,
1358 5480 1483 5522 cum
1508 5465 1576 5523 de
1609 5482 1668 5523 re
1707 5469 1829 5541 ipsa
1858 5482 1957 5526 no-

447 5723 528 5851 Si?

562 5723 687 5793 Pag.
717 5727 806 5779 27.

556 5792 683 5865 Pag.
720 5796 806 5852 51.

2074 610 2130 664 in
2170 608 2412 668 Ecclesia
2456 612 2619 669 latam
2653 629 2774 670 esse
2804 631 2913 669 non
2943 624 3118 685 putat,
3154 632 3275 685 qua:
3307 624 3526 685 peccata
3549 632 3646 687 pu-

2077 701 2217 756 blice
2240 702 2471 772 proferri
2524 706 2818 776 jusserit),
2862 713 3044 762 tamen
3092 708 3262 762 tacito
3289 716 3343 762 et
3364 702 3647 763 illitterato

2073 811 2344 853 consensu
2402 798 2782 870 episcoporum
2851 801 3126 856 laudatam
3191 801 3461 872 ejusmodi
3511 820 3645 860 con-

2072 885 2418 941 suetudinem
2450 903 2575 944 esse
2617 889 2914 960 pertendit.
2947 890 3058 946 Nec
3086 893 3497 961 animadvertit,
3533 896 3646 965 pri-

2072 992 2219 1031 mum
2260 979 2313 1034 id
2343 988 2536 1035 contra
2585 996 2687 1035 nos
2740 980 2919 1037 facere
2945 983 3103 1049 nihil,
3144 984 3237 1053 qui
3284 984 3353 1040 de
3405 985 3522 1056 lege
3560 986 3646 1039 vel

2071 1082 2329 1137 expressa
2361 1070 2448 1124 vel
2478 1070 2646 1125 tacita
2670 1070 2836 1126 locuti
2859 1088 3087 1139 sumus;
3114 1074 3313 1129 deinde
3330 1089 3439 1128 non
3462 1075 3647 1129 minus

2074 1156 2152 1222 id,
2191 1160 2337 1229 quod
2368 1162 2586 1226 asserit,
2619 1163 2797 1217 sancti
2836 1161 3058 1231 Leonis,
3090 1170 3145 1218 et
3169 1164 3476 1219 Tridentini
3510 1180 3648 1218 con-

2073 1250 2186 1304 cilii
2217 1253 2402 1308 verbis
2429 1260 2484 1308 et
2511 1254 2830 1309 auctoritati
2854 1255 3142 1325 refragari.
3174 1254 3235 1309 ι).
3260 1254 3370 1310 Leo
3392 1256 3554 1325 epist.
3576 1256 3645 1309 80

2073 1341 2347 1411 publicam
2384 1343 2531 1395 illam
2566 1354 2915 1413 peccatorum
2944 1344 3364 1414 professionem,
3394 1360 3557 1415 quam
3592 1344 3647 1398 in

2074 1437 2277 1506 angulo
2299 1438 2536 1506 quodam
2581 1436 2750 1493 Italiae
2779 1440 3037 1511 usurpari
3077 1440 3347 1501 audierat,
3390 1454 3650 1508 presum-

2072 1531 2302 1600 ptionem
2337 1538 2523 1584 contra
2552 1531 2900 1599 apostolicam
2932 1531 3169 1602 regulam
3204 1531 3459 1601 appellat,
3488 1544 3649 1598 quam

2075 1638 2239 1691 nuper
2278 1623 2547 1693 agnoverit
2590 1639 2624 1676 α
2675 1622 2993 1694 quibusdam
3050 1622 3246 1677 illicita
3307 1621 3651 1689 usurpatione

2074 1708 2352 1771 committi.
2404 1713 2557 1771 Scire
2607 1714 2789 1781 velim,
2841 1730 2950 1785 qua
2980 1723 3040 1769 tu
3068 1716 3282 1770 ratione
3310 1712 3611 1768 contendas
3631 1750 3648 1776 ,

2076 1805 2351 1859 laudatam
2387 1806 2773 1877 episcoporum
2802 1820 3096 1873 consensu,
3125 1806 3228 1861 hoc
3250 1813 3355 1869 est,
3388 1804 3650 1859 Ecclesia

2070 1895 2398 1950 auctoritate
2450 1895 2883 1965 comprobatam,
2941 1895 3401 1963 prtesutnptionem
3454 1893 3648 1956 ullam,

2070 2000 2187 2055 qua:
2215 1994 2401 2039 contra
2430 1986 2779 2055 apostolicam
2810 1984 3045 2056 regulam
3079 1985 3269 2039 illicita
3307 1984 3651 2053 usurpatione

2070 2077 2355 2131 commissa
2397 2076 2487 2130 sit.
2537 2074 2677 2131 Tum
2722 2076 2767 2132 si
2798 2092 2909 2132 non
2956 2075 3093 2132 satis
3135 2074 3387 2130 consulte
3429 2075 3651 2144 publica

2070 2174 2441 2237 peccatorum,
2484 2168 2650 2223 etiam
2690 2180 3040 2233 arcanorum,
3075 2165 3352 2221 confessio
3395 2166 3511 2235 lege
3550 2164 3651 2217 ali-

2069 2273 2175 2328 qua
2214 2258 2499 2329 praescribi
2552 2258 2813 2328 potuerit,
2848 2265 2909 2312 ut
2951 2272 3020 2312 ex
3070 2256 3381 2312 Tridentini
3420 2255 3649 2309 concilii

2070 2350 2273 2415 verbis,
2317 2350 2586 2421 probante
2635 2359 2708 2417 te,
2762 2350 3107 2422 colligimus;
3169 2364 3353 2404 nonne
3397 2348 3545 2418 paris
3592 2356 3648 2401 et

2068 2441 2317 2512 ejusdem
2369 2440 2756 2513 imprudentiae
2798 2456 2923 2497 esse
2960 2439 3259 2504 videbitur,
3293 2439 3442 2493 illam
3471 2437 3648 2508 ipsam

2069 2533 2285 2604 publice
2317 2533 2610 2589 confitendi
2636 2532 3088 2588 consuetudinem
3127 2547 3240 2587 non
3280 2530 3515 2585 tolerare
3551 2542 3650 2583 so-

2066 2620 2180 2685 lum
2207 2636 2223 2687 ;
2252 2621 2398 2692 quod
2452 2637 2520 2678 ne
2570 2622 2749 2692 ipsum
2779 2622 3001 2694 quidem
3053 2628 3245 2679 contra
3282 2620 3645 2691 apostolicam

2070 2713 2313 2783 regulam
2343 2728 2408 2768 ac
2442 2715 2790 2784 prudentiam
2824 2714 3106 2770 tolerabile
3149 2711 3647 2778 sit,sedaseiscem

2068 2803 2235 2859 etiam
2272 2818 2335 2858 ac
2358 2803 2618 2860 laudare?
2646 2804 2922 2876 Quidquid
2958 2805 3347 2871 auctoritatum
3380 2816 3645 2859 accumu-

2066 2893 2170 2958 las,
2202 2893 2279 2948 uti
2311 2893 2584 2964 publicam
2607 2901 2958 2964 peccatorum
2975 2891 3379 2948 confessionem
3401 2897 3643 2953 astruas,

2065 2985 2203 3039 nihil
2258 2993 2561 3055 promovet.
2617 2985 2825 3041 Horum
2867 2985 3069 3056 quippe
3098 2983 3298 3054 partim
3320 2981 3388 3035 de
3421 2977 3644 3050 publica

2066 3074 2160 3131 illa
2213 3073 2554 3144 professione
2600 3075 2925 3145 loquuntur,
2989 3088 3108 3144 quae
3155 3087 3267 3129 non
3327 3078 3436 3125 tam
3486 3082 3645 3132 voce,

1992 3202 2039 3265 C
2070 3186 2233 3241 quam
2257 3168 2419 3227 factis
2449 3170 2607 3240 ipsis,
2624 3177 2679 3225 et
2704 3168 2891 3224 habitu
2913 3166 3317 3265 poeni-tentiuu-i,
3337 3178 3402 3218 ac
3425 3163 3643 3265 luctuo-

2069 3261 2147 3317 sis
2175 3260 2430 3316 sordibus
2468 3259 2803 3325 coutinctur,
2833 3254 3108 3327 quomodo
3122 3261 3177 3309 et
3198 3251 3644 3321 exhomologesin

2068 3351 2323 3422 usurpari
2372 3351 2622 3417 scimus;
2669 3349 2870 3419 partim
2900 3347 3032 3419 quid
3062 3343 3355 3415 aliquando
3410 3353 3466 3398 et
3517 3355 3642 3395 raro

2066 3450 2277 3514 gestum
2306 3443 2400 3507 sit,
2430 3456 2539 3498 non
2566 3441 2695 3511 quid
2753 3441 2889 3511 lege,
2928 3440 3013 3496 vel
3038 3438 3316 3493 communi
3344 3446 3399 3491 et
3422 3434 3639 3489 laudata

2067 3534 2466 3590 consuetudine
2509 3535 2789 3590 sancitum
2815 3532 3002 3599 fuerit,
3043 3529 3363 3586 ostendunt.
3396 3527 3547 3581 Adde
3581 3533 3639 3582 et

2066 3628 2341 3697 publicam
2385 3628 2707 3682 nonnullam
2748 3626 2919 3682 fuisse
2943 3623 3368 3685 confessionem,
3397 3634 3505 3691 qua
3543 3634 3640 3690 ge-

2067 3717 2302 3773 neratim
2331 3728 2385 3774 et
2415 3718 2671 3774 universe
2692 3725 3012 3788 peceatores
3044 3730 3104 3770 se
3139 3730 3263 3769 esse
3290 3712 3592 3767 faterentur
3622 3728 3640 3765 :

2067 3810 2375 3880 cujusmodi
2417 3821 2576 3881 typus
2630 3818 2717 3866 est
2770 3809 2860 3865 ille
2917 3806 3304 3869 confessionis,
3353 3818 3516 3875 quem
3572 3817 3640 3858 ex

2067 3903 2297 3958 solemni
2353 3910 2409 3957 et
2461 3902 2701 3973 legitima
2730 3900 2985 3969 formula,
3017 3900 3072 3954 in
3098 3900 3218 3970 ipso
3256 3898 3436 3953 Missa:
3461 3896 3635 3959 aditu,

2066 4006 2347 4067 praeeunte
2397 3996 2705 4059 sacerdote,
2741 3995 2976 4065 populus
3011 3994 3275 4062 concipit.
3312 3990 3436 4046 Hinc
3465 4002 3641 4060 pauca

2066 4090 2113 4144 si
2144 4088 2432 4159 diligenter
2461 4089 2844 4152 observentur,
2877 4086 2945 4141 ad
2977 4083 3417 4155 interpretandas
3446 4092 3640 4136 aucto-

2066 4181 2259 4236 ritates
2292 4181 2437 4243 illas,
2470 4194 2609 4249 quas
2634 4178 2839 4235 frustra
2864 4177 3139 4260 congeris,
3172 4190 3237 4231 ac
3268 4172 3525 4230 diluenda
3545 4182 3639 4226 tua

2064 4271 2249 4327 omnia
2280 4272 2419 4328 satis
2456 4271 2652 4327 idonea
2685 4279 2836 4327 sunt.
2874 4272 2936 4325 ln
2958 4270 3159 4325 Leonis
3183 4267 3499 4324 testimonio
3528 4280 3637 4320 non

2064 4366 2243 4434 placet
2267 4364 2372 4420 ista
2403 4364 2656 4419 collectio
2678 4405 2691 4419 .
2712 4366 2849 4419 Cum
2884 4371 3069 4419 tantus
3088 4360 3330 4431 pontifex
3360 4360 3635 4429 publicam

2064 4457 2463 4512 confessionem
2536 4456 2996 4524 praesumptionem
3052 4463 3243 4507 contra
3289 4451 3637 4519 apostolicam

1986 4530 2033 4587 Ῑ)
2064 4550 2322 4620 regulam,
2344 4549 2628 4618 etquidem
2644 4548 2890 4602 illicitum
2906 4546 3161 4618 appellet,
3182 4544 3308 4601 inde
3327 4541 3634 4605 concludis,

2060 4651 2275 4711 peccata
2318 4642 2480 4695 etiam
2536 4642 2745 4695 occulta
2790 4641 3096 4709 paenitentes
3138 4637 3379 4706 conﬁteri
3427 4634 3636 4697 solitos,

2060 4736 2138 4791 vel
2170 4751 2235 4791 ea:
2266 4735 2361 4789 hoc
2377 4736 2494 4791 loco
2524 4745 2721 4803 patere.
2746 4735 2831 4788 An
2867 4748 2977 4788 non
3017 4731 3135 4786 dixi
3160 4730 3380 4801 sepius,
3412 4742 3526 4783 non
3552 4727 3635 4782 sic

2060 4842 2093 4881 a
2126 4843 2214 4883 me
2264 4828 2538 4898 publicam
2572 4827 2759 4899 negari
2803 4825 3229 4889 confessionem,
3273 4829 3332 4876 ut
3369 4835 3433 4876 ea
3490 4834 3636 4873 nun-

2060 4938 2224 4992 quam
2252 4929 2514 4991 usurpata
2538 4921 2632 4984 sit,
2672 4919 2769 4975 sed
2800 4920 2881 4975 sic
2911 4925 2971 4973 ut
3007 4918 3125 4988 lege
3149 4916 3321 4982 nulla,
3352 4914 3440 4969 vel
3469 4912 3634 4967 tacita

2061 5015 2144 5069 vel
2194 5028 2476 5084 expressa,
2527 5020 2777 5082 recepta,
2829 5021 2885 5068 et
2929 5008 3325 5081 paenitentibus
3375 5004 3633 5076 imposita

2064 5105 2266 5162 fuerit?
2301 5106 2504 5161 Deinde
2538 5106 2737 5161 Leonis
2774 5106 2939 5161 verba
2979 5105 3205 5174 legeres,
3232 5111 3287 5158 et
3316 5100 3637 5155 considera-

2060 5213 2151 5253 res
2184 5198 2465 5253 altentius.
2502 5197 2620 5251 Non
2660 5197 2877 5263 scribit,
2913 5197 3039 5250 olim
3061 5193 3524 5264 praesumptionem
3562 5188 3634 5242 il-

2062 5292 2171 5345 lam
2206 5291 2283 5346 sic
2313 5300 2592 5359 receptam,
2625 5301 2683 5344 ut
2711 5292 2766 5344 in
2814 5288 3244 5344 consuetudinem
3294 5285 3504 5348 abierit,
3538 5281 3633 5338 sed

2061 5398 2115 5436 se
2139 5397 2302 5451 nuper
2337 5383 2608 5452 agnovisse
2651 5381 2805 5444 dicit,
2840 5379 2978 5451 quod
3016 5395 3051 5433 α
3080 5376 3399 5449 quibusdam
3439 5374 3634 5428 illicita

2060 5472 2405 5542 usurpatione
2455 5474 2887 5529 committeretur.
2932 5469 3064 5536 Quae
3110 5466 3295 5535 verba,
3336 5480 3519 5536 nuper,
3555 5471 3631 5530 et,

2134 5731 2202 5806 (ε)
2236 5731 2365 5803 Pag.
2396 5733 2481 5789 53.
