3978 6220
474 402 575 461 63)

1046 517 1272 574 CAPUT
1325 517 1435 571 VII.

466 649 544 708 De
611 653 880 722 Theophili
949 654 1299 709 Alexandrini
1362 657 1589 710 decreto.
1655 655 1776 710 Non
1829 658 2035 712 eosdem

543 725 732 792 ubique
783 724 948 791 fuisse
991 727 1161 788 ritus;
1211 726 1373 796 deque
1419 727 1486 780 iis
1534 727 1666 781 adeo
1697 743 1788 780 nec
1829 737 2036 791 temere,

535 809 626 848 nec
668 796 903 846 universe
939 796 1411 860 pronuntiandum,
1458 797 1614 861 velut,
1651 807 1832 851 utrum
1870 799 2036 852 nullis

532 864 763 939 οηιηὶηοΔ
783 863 991 930 iejuniis
1026 866 1193 918 missa
1225 866 1487 920 celebrata
1518 868 1619 932 sit;
1652 867 1797 939 quod
1817 867 2038 936 dispun-

533 941 647 985 ctor
677 931 923 1000 aﬁirmat.

533 1060 712 1132 Super
770 1061 1059 1133 Theophili
1125 1063 1348 1122 decreto
1418 1066 1486 1121 de
1553 1065 2034 1138 Theophaniorum

456 1154 708 1224 νηστίμῳ
755 1153 844 1208 die
895 1157 1159 1208 nonnulla
1213 1156 1500 1211 dubitandi
1561 1173 1727 1212 causa
1778 1159 1884 1214 fuit
1914 1161 2030 1231 (a):

455 1259 624 1314 quam
688 1256 744 1300 et
809 1246 1098 1316 inscriptio
1149 1257 1312 1318 auget
1371 1250 1508 1318 ipsa.
1570 1249 1794 1321 Legitur
1844 1253 2031 1308 enim:

455 1335 718 1404 Θεοφίλου
750 1336 1206 1406 Ἀρχιεπισκόπου
1243 1337 1639 1410 Ἀλεξανδρείας
1655 1341 2037 1413 προσφώνησις

455 1424 564 1478 τῶν
613 1424 909 1493 θεοφανίων
946 1428 1279 1482 ἐπιστάντων
1305 1428 1362 1482 ἐν
1397 1430 1672 1501 Κυριακῇ.
1719 1429 1864 1486 Sane
1909 1433 2034 1487 haec

456 1515 796 1568 ἐπιστάντων
849 1517 907 1570 ὲν
952 1517 1228 1589 Κυριακῇ,
1267 1519 1411 1572 haud
1443 1521 1580 1574 adeo
1607 1521 1674 1575 ad
1706 1523 2033 1577 sententiam

413 1613 610 1662 ‘tuam
660 1607 929 1676 explicata
979 1609 1252 1665 videnlur.
1325 1609 1463 1663 Tum
1536 1613 1748 1682 reliqua
1805 1615 2036 1670 canonis

463 1697 781 1765 scrupulum
826 1697 1054 1766 injicere
1087 1707 1342 1768 possunt.
1379 1699 1486 1754 Sed
1520 1701 1833 1768 φιλονείκως
1871 1701 1941 1755 de
1977 1716 2035 1756 re

463 1788 737 1843 levissima
770 1804 879 1844 non
906 1791 1197 1855 contendo,
1238 1793 1440 1846 νικάτω
1481 1793 1514 1862 ἡ
1565 1793 1811 1864 ἀλήθεια.
1847 1793 1901 1848 Si
1928 1795 2032 1848 mi-

462 1893 584 1944 nus,
619 1879 688 1932 τὰ
718 1879 905 1932 εἰκότα
933 1879 1154 1950 μᾶλλον.

529 1968 627 2025 De.
641 1971 854 2041 jejunio
887 1981 941 2026 et
977 1973 1219 2029 statione
1272 1975 1528 2044 pervellis
1580 1977 1777 2042 obiter,
1830 1977 1925 2032 sed
1971 1993 2036 2033 ea

461 2068 654 2128 prmtcr
687 2074 801 2114 rem
839 2068 892 2116 et
920 2060 1103 2118 alieno
1143 2062 1264 2117 loco
1294 2073 1425 2118 sunt
1461 2065 1684 2134 injecta.
1737 2065 1881 2122 Sane
1913 2067 2038 2121 dili-

460 2159 649 2219 genter
681 2151 984 2206 cavendum
1030 2153 1165 2208 illud
1213 2155 1372 2209 nobis
1419 2164 1526 2222 est,
1571 2173 1642 2214 ne
1689 2158 1940 2222 καθόλου,
1983 2169 2037 2215 et

453 2240 670 2297 inﬁnite
702 2241 771 2296 de
800 2243 1192 2300 ecclesiasticis
1225 2246 1426 2302 ritibus
1459 2249 1738 2304 sententia
1777 2250 2033 2320 praecipi-

454 2339 640 2399 tetur;
691 2341 747 2388 et
795 2351 917 2404 quae
971 2346 1274 2402 certorum,
1327 2339 1373 2392 si
1426 2338 1588 2407 forte,
1642 2351 1948 2412 temporum
1979 2351 2033 2399 et

463 2423 1135 2484 Ecclesiarum/instituta
1193 2430 1441 2497 fuerunt,
1503 2449 1566 2488 ea
1621 2435 1687 2489 ad
1743 2437 2032 2493 universos

463 2527 571 2570 tam
635 2517 799 2574 facile
855 2520 1288 2577 transferantur.
1355 2523 1634 2593 Ejusmodi
1689 2534 1841 2580 tuum
1897 2528 2031 2583 illud

456 2621 582 2663 esse
612 2607 830 2664 videtur
855 2611 1230 2681 interdictum,
1258 2631 1367 2685 quo
1390 2618 1608 2681 statuis,
1631 2618 1777 2673 nullo
1803 2636 2032 2688 unquam

446 2695 646 2769 jejunii
672 2701 775 2770 die,
807 2705 967 2762 etiam
1010 2716 1164 2760 extra
1209 2707 1704 2780 Quadragesimam,
1746 2711 2030 2766 missarum

463 2792 726 2847 celebrata
773 2795 937 2863 fuisse
972 2799 1230 2855 solemnia
1261 2815 1278 2854 :
1317 2802 1462 2872 quod
1493 2802 1659 2858 nimis
1685 2804 1942 2859 audacter
1978 2813 2033 2859 et

461 2886 761 2954 generatim
809 2903 1116 2947 asseveras.
1155 2891 1286 2949 Esto
1317 2892 1488 2957 enim,
1521 2893 1577 2947 id
1609 2893 1664 2948 in
1704 2894 2034 2964 quibusdam

460 2975 718 3036 Ecclesiis
761 2979 1111 3038 observatum
1165 2984 1369 3040 fuerit:
1424 2984 1552 3055 quis
1589 2991 1643 3040 te
1676 2985 1832 3052 idem.
1849 2985 2039 3041 docuit

529 3131 604 3203 (a)
631 3130 758 3204 Pag.
793 3133 882 3190 44.
941 3135 943 3138 ⁴

1801 404 1976 460 DION.
2020 400 2362 459 PETAVIUS

2065 529 2111 582 Α
2139 521 2342 588 ubique
2379 531 2442 572 ac
2472 522 2738 587 perpetuo
2769 528 2890 570 csse
2925 515 3239 569 servatum?
3262 511 3396 566 Nam
3448 513 3726 582 ἀορίστως

3619 399 3728 455 63‘}

2141 621 2196 667 et
2228 611 2485 666 universe
2523 609 2806 663 decretum
2847 616 3001 661 tuum
3051 607 3320 676 concipis.
3365 603 3510 671 Quid
3562 606 3726 674 igitur

2139 701 2446 774 Augustino
2500 701 2691 764 facies,
2744 699 2840 769 qui
2898 699 3132 768 epistola
3180 698 3305 760 118,
3353 712 3478 750 cum
3541 697 3725 751 varios

2137 811 2236 866 per
2281 795 2532 849 diversas
2559 791 2712 847 orbis
2745 790 3048 846 Christiani
3077 798 3266 859 partes
3293 789 3436 843 ritus
3474 789 3723 857 eXponit,

2139 888 2214 942 ita
2262 886 2544 956 loquitur:
2573 883 2716 937 Alibi
2757 882 2935 937 nullus
2991 882 3102 935 dies
3148 881 3555 943 intermittitur,
3625 895 3724 947 quo

2139 995 2242 1032 non
2271 979 2562 1046 o/feratur,‘
2616 973 2746 1028 alibi
2791 973 3026 1027 Sabbato
3079 981 3283 1025 tantum
3320 981 3370 1024 et
3410 970 3725 1022 Dominico?

2136 1068 2293 1138 Apud
2327 1065 2679 1122 Ambrosium
2709 1079 2928 1133 quoque
2957 1078 3113 1118 serm.
3146 1063 3214 1116 5i
3267 1061 3524 1130 legimus,
3559 1060 3723 1112 etiam

2137 1162 2192 1215 in
2226 1158 2678 1228 Quadragesima,
2725 1156 2813 1210 die
2857 1155 3007 1208 omni
3068 1153 3400 1208 sacriﬁcium
3449 1152 3724 1212 oblatum,

2137 1260 2192 1308 et
2261 1266 2292 1305 a
2359 1247 2691 1319 quibusdam
2757 1245 3227 1300 communicatum
3293 1243 3495 1297 fuisse-
3577 1241 3725 1294 Adeo

2140 1344 2352 1405 varius,
2384 1357 2484 1400 nec
2514 1340 2702 1395 eadem
2755 1354 2816 1394 ac
2866 1336 3105 1407 generali
3172 1335 3288 1404 lege
3333 1335 3719 1400 constringen-

2138 1435 2242 1490 dus
2276 1433 2650 1488 Ecelesiarum
2677 1432 2923 1485 omnium
2945 1444 3098 1489 ,usus
3133 1427 3334 1498 priscis
3375 1426 3720 1495 temporibus

2139 1524 2264 1580 fuit.
2308 1524 2462 1589 Quod
2494 1523 2676 1593 ipsum
2727 1529 2780 1580 et
2815 1521 2882 1575 de
2911 1518 3272 1574 Eucharistiae
3300 1517 3726 1586 participatione

2136 1617 2246 1672 dici
2281 1615 2576 1670 convenit:
2607 1629 2772 1682 quam
2807 1621 2865 1666 tu
2904 1611 3093 1676 nullis,
3145 1610 3230 1664 vel
3276 1617 3432 1663 extra
3465 1606 3724 1672 Quadra-

2137 1706 2637 1779 gesimam.jejunii
2689 1705 2886 1759 diebus
2932 1710 3279 1772 usurpatam,
3336 1700 3506 1753 nimis
3551 1697 3721 1752 conli-

2137 1802 2331 1856 denter
2360 1799 2585 1863 asseris,
2625 1805 2680 1853 et
2715 1796 2971 1851 videlicet
3017 1795 3132 1849 sola
3166 1792 3219 1847 id
3251 1792 3588 1846 auctoritate
3631 1796 3722 1843 tua

2140 1890 2459 1959 persuades.

2213 1979 2336 2034 Haec
2385 1989 2537 2042 sunt,
2587 1995 2707 2048 quae
2744 1995 2845 2049 pro
2892 1973 3453 2032 Animadversionibus
3495 1971 3718 2034 nostris,

2140 2079 2335 2126 contra
2390 2071 2900 2140 Dispunctiunculas
2953 2081 3097 2132 tuas,
3148 2065 3467 2138 opponenda
3509 2063 3726 2133 putavi-

2139 2177 2306 2228 mus,
2362 2178 2431 2217 ne
2491 2162 2561 2226 si,
2619 2163 2767 2231 quod
2823 2171 2882 2216 ut
2935 2161 3169 2214 facerem
3232 2167 3495 2212 auctores
3565 2160 3721 2209 erant

2139 2245 2332 2324 aliqui,
2367 2253 2772 2308 dissimularem
2819 2251 3059 2322 penitus,
3109 2248 3273 2303 nimis
3328 2247 3453 2300 illas
3488 2260 3521 2297 a
3563 2242 3718 2297 nobis

2137 2353 2525 2415 contemptas,
2577 2360 2641 2399 ac
2691 2359 2788 2414 pro
2849 2344 3022 2398 nihilo
3069 2341 3265 2396 ductas
3317 2355 3460 2403 esse,
3531 2351 3718 2406 posses

2137 2436 2426 2506 conqueri.
2459 2436 2518 2490 In
2556 2437 2659 2490 hac
2691 2451 2855 2505 porro
2886 2436 2970 2489 vel
3005 2433 3352 2504 purgatione,
3403 2430 3491 2484 vel
3527 2427 3718 2482 confuo

2136 2529 2343 2585 talione
2378 2537 2591 2596 nostra,
2635 2529 2716 2584 sic
2749 2543 2780 2581 a
2807 2543 2893 2583 me
2917 2527 3246 2581 Christiana:
3271 2522 3559 2576 modestiae
3590 2520 3717 2573 cha-

2135 2621 2421 2691 ritatisque
2464 2622 2732 2676 rationem
2779 2619 3015 2674 habitam
3056 2633 3177 2674 esse
3221 2614 3457 2676 conﬁdo,
3514 2619 3575 2665 ut
3621 2611 3716 2663 hoc

2136 2713 2495 2771 nihilominus
2518 2714 2808 2784 intelligas,
2832 2713 3044 2767 felicius
3067 2719 3118 2766 te
3140 2710 3262 2764 aliis
3282 2711 3334 2762 in
3355 2707 3540 2769 rebus,
3559 2717 3714 2772 quam

2140 2807 2197 2860 in
2243 2805 2638 2876 dispungendis
2688 2800 3247 2859 Animadversionibus
3302 2797 3448 2862 istis,
3497 2805 3717 2864 operam

2142 2898 2387 2966 potuisse
2416 2913 2635 2968 ponere.

931 3326 3710 3354 mw

814 3435 1562 3615 ADVEllSUS
1647 3502 2386 3618 CLAUDIUM
2477 3499 3341 3616 SALMASIUM.

1755 3722 1858 3794 (Cf.
1895 3723 2023 3777 ιιεει».
2054 3722 2196 3786 XIX,
2230 3739 2284 3792 p.
2310 3722 2424 3791 40.)

1093 3945 1319 4005 CAPUT
1369 3947 1410 4005 1.

474 4084 546 4142 De
587 4084 908 4140 Essenorum
944 4091 1088 4136 secta
1121 4091 1170 4136 et
1203 4081 1526 4136 discrimine.
1572 4079 1821 4135 Ridicula
1868 4081 1931 4135 de
1961 4069 2043 4136 his

539 4156 831 4211 observatio
874 4154 1130 4208 Salmasii
1170 4161 1220 4207 et
1263 4150 1484 4207 Hesiodi
1514 4151 1840 4221 depravatio.
1884 4150 2042 4206 Philo

535 4225 756 4282 Judwus
798 4225 1123 4279 illustratur.

535 4339 717 4395 Solem
770 4337 1046 4408 appellare
1085 4336 1216 4390 Θεόν
1271 4335 1593 4404 simpliciter
1641 4350 1706 4389 ac
1756 4334 1903 4388 nullo
1943 4334 2042 4387 ad-

466 4427 678 4499 juncto,
713 4426 917 4496 passim
957 4423 1209 4477 Julianus
1246 4431 1413 4486 amat,
1453 4424 1704 4477 oratione
1737 4423 2042 4492 praesertim

466 4536 555 4587 ea,
589 4533 751 4589 quam
781 4517 848 4571 de
889 4515 1039 4570 illius
1084 4513 1242 4568 laude
1285 4514 1524 4584 scripsit.
1569 4514 1646 4568 lla
1683 4525 1737 4568 et
1771 4514 2044 4584 Joseplius

469 4613 786 4667 nominasse
815 4608 1076 4674 creditur,
1119 4607 1215 4662 lib.
1263 4623 1323 4673 It,
1356 4623 1480 4678 cap.
1517 4608 1569 4672 7,
1607 4608 1681 4661 De
1713 4607 1911 4672 excid.,
1948 4609 2043 4663 ubi

466 4701 536 4756 de
567 4697 792 4754 Esseuis
821 4697 949 4767 agit.
997 4696 1107 4754 llos
1156 4698 1301 4752 enim
1344 4698 1510 4752 refert
1543 4712 1665 4751 cum
1699 4706 1941 4752 ventrem
1971 4698 2044 4752 le-

466 4799 680 4857 varent,
713 4800 973 4847 excavata
1019 4789 1234 4856 serobe,
1272 4791 1329 4844 in
1373 4805 1493 4845 eam
1547 4790 1794 4845 desidere
1828 4791 2040 4858 solitos,

465 4883 802 4940 circumfuso
834 4883 986 4953 prius
1024 4882 1210 4953 pallio,
1238 4883 1312 4946 ὡς
1341 4883 1416 4955 μὴ
1445 4882 1543 4946 τὰς
1571 4883 1744 4950 αὐγὰς
1770 4881 2043 4954 ὑϐρίζοιεν

464 4974 559 5029 τοῦ
583 4971 738 5037 Θεοῦ,
762 4989 826 5027 ne
856 4972 958 5036 ,Dei
985 4973 1150 5027 radiis
1200 4972 1456 5042 injuriam
1503 4972 1759 5041 facerent.
1778 4971 1913 5026 Nam
1950 4972 2044 5026 Dei

465 5067 688 5123 nomine
720 5065 966 5135 plerique
1012 5066 1177 5120 solem
1226 5066 1535 5136 intelligunt
1568 5084 1580 5120 :
1617 5074 1677 5120 ut
1709 5074 1764 5121 et
1800 5063 2044 5135 Scaliger

465 5159 524 5213 in
563 5155 793 5211 Elencho
829 5153 1129 5211 Trilueresii
1189 5172 1310 5226 cap.
1354 5158 1446 5221 27,
1470 5165 1524 5212 et
1566 5157 1794 5214 Drusius
1845 5159 1939 5212 lib.
1993 5173 2045 5213 tv

465 5249 547 5305 De
578 5249 746 5304 tribus
767 5250 944 5312 sectis,
975 5265 1030 5319 p.
1052 5249 1179 5303 241.
1205 5247 1444 5305 Tametsi
1474 5266 1584 5307 non
1621 5251 1778 5320 plane
1804 5260 2040 5311 constat,

469 5350 655 5396 utrum
689 5339 857 5394 solem
885 5336 983 5391 Dei
1012 5338 1278 5392 vocabulo
1313 5337 1400 5392 hic
1438 5337 1709 5409 Josephus
1739 5339 1981 5395 allecerit
2024 5359 2037 5395 :

470 5431 772 5506 praesertim
831 5445 956 5486 cum
1009 5428 1180 5484 Judaei
1237 5429 1416 5485 forent
1466 5429 1683 5495 Esscni,
1734 5433 1825 5503 qui
1874 5433 2042 5488 solent

465 5543 589 5585 esse
631 5524 804 5582 Deum
857 5529 1078 5594 putasse
1113 5537 1224 5576 non
1270 5521 1540 5577 videntur.
1593 5520 1708 5576 Non
1750 5522 2044 5578 absurdam

467 5631 650 5674 tamen
694 5620 910 5673 illorum
965 5614 1338 5686 conjecturam
1384 5614 1532 5682 facit,
1579 5616 1720 5685 quod
1765 5615 1904 5670 idem
1948 5612 2044 5669 Jo~

468 5711 672 5780 sephus
707 5717 927 5766 narrat;
978 5708 1214 5764 Essenos
1258 5707 1311 5762 in
1355 5707 1526 5762 solem
1568 5706 1741 5776 patria
1795 5702 2041 5773 quaedam

470 5801 681 5855 cantica
717 5800 1002 5866 cecinisse,
1035 5801 1234 5872 quibus
1269 5805 1446 5855 ortum
1486 5800 1603 5865 cius
1632 5797 1995 5864 precabantur
2030 5815 2041 5850 :

2071 3957 2117 4018 α
2148 3947 2419 4019 Πατρίους
2448 3946 2505 4000 δέ
2527 3961 2678 4008 τινας
2708 3945 2786 4010 εἰς
2820 3942 2980 3996 αὑτὸν
3014 3941 3199 4013 εὐχὰς,
3240 3941 3426 4014 ὥσπερ
3453 3943 3719 3999 ἱκετεύον-

2151 4057 2243 4104 τες
2285 4038 2585 4093 ἀνατεῖλαι.
2629 4035 2769 4091 Tum
2812 4037 2904 4090 illa
2939 4036 3335 4106 qualiscunque
3382 4037 3717 4105 superstitio,

2148 4131 2292 4204 quod
2317 4129 2621 4186 naturalem
2663 4128 2995 4199 egestionem
3036 4126 3102 4180 ad
3139 4127 3331 4182 solaris
3372 4127 3593 4183 luminis
3637 4128 3718 4181 in-

2143 4225 2344 4295 juriam
2404 4223 2710 4277 traherent.
2773 4218 3079 4275 Salmasius
3125 4234 3251 4272 cum
3311 4218 3366 4272 in
3425 4217 3716 4274 Solinianis

2149 4315 2637 4371 Exercitationibus
2667 4311 2734 4368 de
2762 4313 2855 4367 illo
2881 4310 3102 4381 Josephi
3125 4312 3268 4375 loco,
3290 4308 3466 4380 deque
3496 4311 3718 4368 Esscnis

2147 4415 2348 4482 ageret,
2374 4405 2446 4459 ita
2475 4403 2699 4474 pudoris
2735 4401 2820 4458 sui
2851 4409 2905 4457 et
2933 4401 3356 4456 existimationis
3383 4401 3588 4455 oblitus
3619 4409 3714 4464 est,

2147 4508 2207 4554 ut
2237 4515 2299 4555 ea
2338 4513 2462 4552 cum
2511 4497 2795 4560 scriberet,
2830 4495 2984 4566 pensi
3035 4495 3168 4548 nihil
3219 4495 3479 4551 habuisse
3526 4508 3718 4566 cogno-

2148 4606 2291 4647 scas.
2319 4590 2446 4659 Ejus
2477 4589 2925 4658 disputationem,
2971 4587 3194 4658 quando
3238 4601 3300 4641 ea
3342 4602 3401 4641 se
3449 4587 3608 4642 nobis
3635 4600 3717 4654 op-

2147 4681 2455 4752 portunitas
2499 4679 2719 4743 obtulit,
2765 4677 2854 4732 bic
2897 4677 3134 4732 breviter
3177 4677 3550 4746 inspiciemus.
3586 4674 3718 4729 Scri-

2148 4775 2227 4829 bit
2254 4775 2307 4827 in
2329 4772 2569 4826 Plinian.
2592 4770 2810 4825 erercit.
2839 4785 2893 4840 p.
2926 4767 3059 4834 6-12,
3083 4766 3341 4834 Essenos,
3371 4769 3488 4838 qui,
3515 4774 3573 4821 ut
3602 4773 3718 4819 ante

2147 4865 2352 4919 dictum
2383 4871 2488 4925 est,
2528 4863 2585 4916 in
2613 4862 2821 4916 ventris
2865 4874 3031 4915 onere
3065 4858 3295 4913 levando
3327 4859 3613 4919 cavebant,
3657 4869 3718 4910 ne

2149 4957 2212 5010 ad
2262 4957 2367 5010 ista
2424 4952 2768 5022 splendorem
2820 4951 2952 5006 solis
3006 4948 3375 5011 admitterent,
3431 4949 3482 5002 id
3537 4949 3718 5004 eodem

2153 5047 2349 5103 fecisse
2389 5045 2587 5108 modo,
2638 5059 2750 5114 quo
2809 5041 3080 5099 Hesiodus
3132 5048 3280 5096 vetat
3327 5049 3515 5096 contra
3563 5041 3718 5095 solent

2151 5145 2376 5188 stantem
2405 5133 2654 5202 mingere,
2687 5131 2778 5186 sed
2803 5131 2868 5186 de
2894 5140 3042 5186 nocte
3074 5140 3303 5195 tantum,
3334 5131 3420 5186 his
3447 5131 3713 5185 versibus:

2221 5243 2369 5310 Μηδ’
2413 5242 2541 5296 ἄντ’
2582 5243 2812 5314 ἠελίοιο
2852 5243 3252 5314 τετραμμένος
3289 5242 3466 5310 ὀρθὸς
3498 5240 3719 5311 ὀμιχεῖν

2076 5294 2120 5346 ι)
2220 5294 2416 5382 mp
2448 5294 2838 5382 gestasse,
2859 5294 3262 5384 namss,
3296 5294 3717 5368 retrusam.

2153 5426 2278 5482 Hth
2305 5425 2559 5480 Salmasii
2588 5425 2750 5480 verba
2779 5434 2926 5489 sunt,
2958 5425 3247 5495 in-quibus
3280 5438 3597 5495 germanum
3620 5421 3719 5478 crio

2154 5521 2343 5584 ticum,
2377 5519 2480 5572 hoc
2511 5525 2614 5582 est,
2655 5517 2796 5571 aeris
2829 5524 2884 5572 et
2923 5516 3179 5586 exquisiti
3223 5516 3414 5585 judicii
3458 5527 3719 5585 gramma-

2153 5610 2321 5664 ticum
2358 5621 2645 5678 agnoscas.
2693 5605 2988 5662 Hesiodum
3025 5615 3180 5678 putat
3224 5609 3292 5664 iis
3335 5608 3585 5664 versibus
3632 5620 3717 5660 ve.

2153 5700 2344 5763 tuisse,
2402 5714 2469 5753 ne
2526 5697 2648 5768 quis
2697 5697 2764 5753 de
2802 5706 2962 5753 nocte
3022 5709 3213 5754 contra
3261 5700 3431 5754 solem
3478 5698 3717 5754 meierct.

2155 5791 2296 5859 Quid
2334 5790 2433 5845 hoc
2468 5789 2699 5846 monstri
2733 5796 2835 5857 est,
2858 5789 3127 5848 obsecro?
3163 5789 3413 5862 Nunquis
3455 5790 3523 5847 de
3567 5795 3717 5862 nocte
