3978 6220
332 399 438 458 655

1677 393 1860 451 DION.
1901 393 2246 456 PETAVIUS

3511 400 3622 458 636

334 529 548 591 gentem
578 519 744 582 solam
770 519 1022 589 appellat,
1058 518 1161 572 hoc
1190 524 1295 581 est,
1329 514 1630 572 solitariam
1664 523 1719 570 et
1757 530 1787 569 a
1818 529 1914 585 po-
1943 519 1987 573 A
2017 513 2180 582 fuisse
2206 515 2288 570 vel
2313 514 2491 570 littera
2539 513 2832 585 signiﬁcat,
2879 512 3079 569 nedum
3117 513 3170 568 id
3216 528 3384 567 unum
3420 516 3617 584 operis

335 613 588 682 pulorum
627 611 928 680 frequentia
971 609 1276 678 sejunctam
1322 618 1472 663 :tum
1522 609 1668 678 quod
1706 608 1909 676 palma~

336 718 454 758 rum
471 703 666 757 sociam
689 717 802 756 esse
824 699 978 765 dicit,
1002 699 1106 754 hoc
1143 709 1246 764 est,
1278 701 1332 754 in
1369 701 1640 770 palmetis,
1673 699 1916 769 adeoque

333 792 564 848 desertis
601 791 755 854 locis,
811 797 1028 844 aetatem
1056 789 1276 860 degere.
1326 790 1442 845 Hoc
1479 797 1539 845 ut
1574 789 1917 846 Theoreticis

334 899 398 937 ac
427 882 760 938 Philonianis
789 882 1012 939 Essenis
1050 883 1325 954 congruit,
1362 884 1442 938 sic
1477 898 1506 936 a
1534 881 1914 939 Practicortnn

333 974 599 1030 institutis
655 975 935 1030 abhorret.
989 975 1170 1030 Testis
1209 982 1293 1029 est
1344 974 1523 1038 l’hilo,
1561 975 1772 1045 priores
1795 974 1918 1028 illos

332 1075 483 1119 extra
516 1067 715 1120 manlia
770 1075 826 1121 et
863 1069 1064 1137 oppida
1097 1070 1156 1122 in
1189 1070 1364 1123 hortis
1398 1084 1462 1122 ac
1497 1069 1810 1125 secessibus
1831 1068 1920 1123 de-

332 1173 480 1226 gere,
513 1165 566 1211 et
589 1159 912 1214 solitudines
943 1163 1192 1230 persequi
1230 1179 1242 1214 :
1281 1160 1490 1231 Τειχῶν
1509 1159 1614 1225 ἔξω
1639 1160 1919 1215 ποιοῦνται

331 1248 429 1310 τὰς
455 1247 738 1319 διατριϐὰς
764 1249 821 1302 ὲν
847 1250 1067 1318 κήποις,
1102 1249 1136 1320 ἢ
1171 1248 1506 1320 μοναγρίοις,
1558 1248 1794 1319 ἐρημίαν
1819 1265 1919 1319 με-

331 1341 708 1404 ταδιώκοντες,
745 1343 1046 1412 pnesertim
1099 1343 1154 1395 in
1214 1340 1470 1412 Egypto,
1505 1347 1559 1395 et
1586 1339 1654 1392 ad
1709 1337 1918 1395 Mmrim

335 1435 537 1500 lacum,
580 1438 716 1488 mari
759 1435 998 1489 vicinum
1032 1451 1047 1488 :
1079 1448 1189 1503 quo
1225 1433 1536 1500 frequentes
1576 1431 1795 1484 illorum
1831 1443 1922 1484 co-

337 1527 496 1578 lonize
534 1533 864 1589 commeant,
912 1533 1134 1594 propter
1187 1523 1291 1578 loci
1339 1521 1824 1593 opportunitatem,
1855 1534 1920 1575 ac

336 1617 464 1670 caeli
497 1617 878 1670 salubritatem
917 1635 928 1668 :
963 1615 1108 1684 quod
1163 1616 1253 1670 ille
1284 1621 1494 1668 tractus
1522 1614 1739 1668 lenibus
1773 1612 1921 1667 auris

337 1723 368 1762 e
401 1707 710 1778 prepinquo
728 1708 862 1762 mari
898 1707 1175 1778 perﬂatur.
1208 1706 1392 1772 Addit,
1414 1706 1614 1761 ctalibi
1649 1713 1921 1759 terrarum

341 1800 482 1854 hanc
529 1815 654 1856 esse
716 1811 944 1868 sectam,
982 1799 1250 1870 πολλαχοῦ
1304 1799 1406 1868 τῆς
1455 1797 1805 1868 οἰκουμένης.
1847 1795 1922 1850 De

336 1889 603 1944 Practicis
621 1887 1090 1959 refertJosephus,
1109 1904 1206 1945 eos
1223 1891 1276 1943 in
1301 1890 1528 1944 urbibus
1551 1889 1776 1958 degere:
1806 1887 1920 1940 Mla.

335 1979 392 2032 δὲ
421 1980 519 2032 οὑκ
546 1979 693 2032 ἔστιν
714 1979 894 2032 αὐτῶν
928 1979 1109 2043 πόλις·
1139 1979 1254 2032 ἀλλ’
1281 1981 1338 2032 ἐν
1367 1979 1572 2050 ἑκάστῃ
1609 1976 1922 2049 μετοικοῦσι

337 2072 541 2125 πολλοί.
580 2070 696 2125 Una
731 2072 967 2140 ipsorum
1011 2073 1194 2126 civitas
1217 2088 1318 2125 non
1348 2081 1447 2136 est,
1481 2070 1569 2124 sed
1594 2069 1924 2140 singularum

336 2164 584 2233 inquilini
614 2173 734 2216 sunt
781 2163 978 2231 plures.
1034 2162 1157 2217 Mox
1183 2179 1197 2215 :
1222 2163 1490 2232 Κηδεμὼν
1529 2162 1585 2214 δὲ
1625 2164 1682 2214 ἐν
1719 2161 1922 2232 ἑκάστῃ

337 2255 489 2308 πόλει
521 2253 616 2307 τοῦ
648 2255 928 2323 τάγματος
945 2253 1224 2326 ἐξαίρετος
1266 2253 1372 2305 τῶν
1409 2254 1576 2319 ξένων
1611 2249 1928 2304 ἀποδείκνυσ

335 2360 447 2408 ται,
471 2345 537 2398 1η
565 2343 796 2408 qualibet
841 2345 967 2398 urbe
999 2359 1064 2398 ea:
1101 2345 1279 2398 eodem
1323 2343 1540 2413 collegio
1580 2351 1800 2396 curator
1829 2340 1924 2394 Ito-

338 2435 532 2501 spitum
548 2435 796 2502 specialis
827 2435 1065 2504 eligitur.
1099 2433 1224 2488 llaec
1255 2442 1384 2487 sunt
1432 2440 1778 2504 argumento,
1816 2431 1927 2484 Pli-

339 2526 413 2579 nil
438 2525 870 2594 descriptionem
933 2525 999 2578 ad
1059 2524 1414 2579 Theoreticos
1463 2534 1517 2579 et
1569 2523 1926 2579 Philonianos

339 2617 574 2670 maxime
605 2616 896 2685 pertinere.
927 2615 1275 2685 Inquiramus
1303 2616 1465 2670 modo
1501 2632 1666 2686 quam
1699 2617 1840 2670 belle
1869 2630 1927 2670 se

340 2710 406 2764 ad
446 2707 684 2764 Plinium
721 2726 882 2765 suum
931 2711 1236 2766 Salmasius
1277 2711 1606 2765 exercuerit.
1652 2709 1927 2778 Principio

339 2800 410 2856 dc
433 2802 566 2856 solis
603 2800 825 2856 Essenis
847 2802 1093 2873 Josephi,
1115 2802 1210 2872 qui
1240 2803 1478 2857 Practici
1509 2809 1658 2866 sunt,
1689 2800 1927 2855 Plinium

339 2893 582 2963 exponit.
603 2891 722 2946 Non
749 2893 896 2948 enim
922 2894 1147 2950 alterius
1169 2895 1384 2962 generis
1412 2893 1743 2948 mentionem
1778 2891 1924 2946 facit.

342 2983 478 3047 Hos,
522 2985 599 3038 ait
653 2982 754 3056 (α),
815 2984 998 3039 littora
1053 2985 1273 3056 fugisse,
1318 2994 1376 3039 ut
1426 2985 1682 3039 interiora
1720 2984 1928 3040 Juda’at

341 3073 660 3132 habitarent.
725 3075 852 3130 Ideo
891 3092 1050 3144 porro
1121 3077 1395 3147 fugiebant
1448 3093 1609 3140 mare,
1668 3087 1716 3130 et
1768 3092 1927 3146 quant

2022 605 2306 661 habuisse.
2342 606 2532 661 Varias
2561 605 2706 660 enim
2740 611 2889 659 artes
2915 603 3288 670 exercebant;
3324 618 3448 657 nam
3475 605 3630 659 dilu-

2019 698 2143 752 culo
2173 699 2310 768 πρὸς
2339 696 2405 761 ἃς
2427 698 2646 751 ἕκαστοι
2682 697 2878 766 τέχνας
2912 696 3090 749 ἴσασιν
3123 696 3228 749 ὑπὸ
3275 695 3385 748 τῶν
3411 697 3620 767 ἐπιμε-

2019 791 2200 862 λητῶν
2223 792 2528 861 διαφίενται
2553 809 2566 821 ’
2595 790 2664 844 ad
2684 805 2776 845 eas
2810 798 2974 854 artes,
3009 776 3237 858 quarum
3274 791 3431 858 periti
3466 798 3614 854 sunt,

2019 884 2335 939 exercendas
2419 901 2452 937 a
2508 883 2775 953 prtefectis
2831 882 3177 936 dimittuntur
3241 881 3310 935 ad
3363 883 3614 952 quintam

2023 990 2235 1044 usque:
2266 990 2373 1046 qua
2404 974 2460 1028 in
2483 989 2652 1028 unum
2693 974 3095 1029 conveniebant
3133 972 3202 1026 ad
3222 972 3510 1044 prandium
3542 988 3557 1037 ;
3587 988 3618 1025 ει

2023 1083 2132 1137 quo
2164 1067 2360 1122 iterum
2418 1065 2486 1120 ad
2525 1079 2808 1135 vesperam
2842 1064 2896 1117 in
2928 1077 3092 1133 opere
3137 1061 3503 1116 habebantur.
3538 1059 3616 1113 Ex

2023 1160 2111 1214 his
2143 1159 2368 1213 evidens
2397 1164 2504 1223 est,
2534 1165 2628 1210 aut
2671 1157 2808 1211 istos
2835 1155 3186 1226 agricultura:
3228 1169 3338 1208 non
3364 1168 3615 1215 vacasse,

2023 1257 2118 1302 aut
2146 1261 2256 1302 non
2303 1247 2526 1301 unicum
2582 1247 2687 1300 hoc
2718 1235 2892 1317 genus
2926 1246 3062 1300 artis
3123 1245 3450 1301 instituisse.
3505 1244 3616 1300 Sed

2022 1355 2202 1410 neque
2258 1339 2651 1394 commercium
2710 1351 2872 1392 on'me
2943 1336 3293 1406 repudiasse;
3345 1351 3470 1390 nam
3521 1338 3618 1408 qui

2024 1441 2168 1488 artes
2184 1432 2388 1495 varias,
2422 1447 2561 1502 quas
2599 1429 2836 1500 quisque
2865 1436 3047 1490 norat,
3073 1429 3425 1491 exercebant,
3462 1443 3618 1499 quae-

2025 1534 2170 1579 stum
2231 1524 2420 1592 utique
2481 1521 2776 1586 faciebant,
2837 1533 2903 1572 ac
2972 1519 3058 1573 vel
3109 1533 3307 1588 Operas
3347 1534 3500 1584 suas,
3530 1518 3620 1573 vel

2025 1615 2225 1670 artium
2274 1627 2438 1682 opera
2469 1612 2845 1666 venditabant.
2877 1610 3164 1667 Postremo
3207 1611 3343 1664 nihil
3383 1609 3620 1665 Essenos

2024 1705 2223 1761 emisse
2253 1718 2428 1774 neque
2461 1701 2777 1757 vendidisse
2807 1717 2917 1756 non
2950 1703 3146 1757 scribit
3183 1701 3481 1771 Iosephus,
3519 1702 3619 1756 sed

2028 1796 2258 1850 invicem
2291 1813 2303 1849 :
2335 1793 2503 1847 υὺδὲν
2546 1795 2605 1846 ὲν
2635 1792 2882 1864 ἀλλήλοις
2928 1791 3052 1846 οὔτε
3077 1793 3461 1863 ἀγοράζουσιν,
3492 1791 3621 1845 οὔτε

2023 1888 2318 1942 πωλοῦσιν.
2352 1885 2502 1940 Nihil
2551 1887 2688 1941 inter
2725 1902 2780 1940 se
2825 1896 3003 1940 emunt
3047 1896 3138 1939 aut
3175 1885 3422 1939 vendunt.
3472 1887 3620 1940 Inter

2023 1997 2105 2041 se.
2141 1979 2237 2046 ait,
2271 1995 2378 2035 non
2401 1979 2656 2034 καθόλου.
2690 1979 2790 2032 Eat
2826 1993 2997 2042 nunc,
3032 1987 3085 2033 et
3131 1978 3300 2034 falsos
3331 1977 3617 2048 conjecto-

2025 2085 2116 2129 rcs
2173 2086 2276 2128 nos
2311 2087 2434 2128 esse
2472 2072 2639 2135 dicat,
2675 2083 2799 2125 cum
2841 2080 3054 2125 veteres
3083 2071 3153 2124 ab
3194 2085 3260 2125 eo
3289 2078 3618 2140 scriptores,

2025 2181 2165 2236 quos
2198 2166 2354 2230 citat,
2403 2179 2512 2219 non
2542 2164 2652 2219 nisi
2710 2163 2932 2232 rapthn,
2975 2177 3040 2218 ac
3074 2173 3172 2232 per
3202 2162 3411 2217 indices
3443 2171 3538 2217 aut
3566 2165 3624 2217 in

2026 2257 2259 2313 aliorum
2309 2255 2721 2313 commentariis
2771 2255 2945 2309 lectos
2996 2268 3122 2310 esse
3155 2268 3284 2308 cum
3328 2251 3621 2310 Kerkoetle

2025 2350 2334 2405 docuimus.
2370 2347 2658 2414 Quantlvis
2698 2344 2764 2400 ad
2800 2345 2943 2401 hanc
2981 2343 3288 2415 augendam
3337 2345 3619 2416 suspicio-

2025 2456 2150 2495 nem
2183 2441 2470 2495 Plinianus
2499 2440 2604 2493 iste
2643 2437 2800 2491 locus
2836 2445 2962 2493 est:
2995 2436 3154 2505 cujus
3181 2436 3402 2506 quidem
3441 2434 3620 2492 facilis

2027 2539 2192 2601 atque
2219 2529 2493 2600 explicata
2529 2526 2804 2584 sententia
2836 2533 2942 2590 est,
2978 2525 3026 2581 si
3059 2525 3186 2596 quis
3215 2526 3499 2594 paululum
3527 2525 3617 2580 his

2028 2623 2080 2676 in
2111 2621 2307 2676 litteris
2364 2621 2566 2690 sapiat.
2600 2620 2680 2673 Ab
2730 2617 3016 2681 accidente,
3043 2617 3122 2670 ait
3150 2615 3385 2680 Plinius,
3437 2617 3620 2670 littora

2028 2713 2215 2768 Esseui
2248 2713 2500 2784 fugitant,
2520 2727 2790 2782 usquequa
2815 2717 3022 2763 uocent.
3054 2707 3130 2763 De
3157 2706 3467 2776 Asphaltite
3495 2707 3619 2761 lacu

2027 2807 2142 2862 sive
2174 2805 2313 2859 mari
2337 2803 2550 2858 Mortuo
2589 2801 2892 2872 capiendus
2924 2810 3028 2864 est,
3052 2799 3144 2869 qui
3165 2799 3357 2853 letales
3373 2799 3622 2868 exspirat

2026 2912 2210 2962 auras,
2271 2905 2329 2951 et
2364 2894 2606 2948 vicinum
2653 2907 2836 2948 aerem
2899 2893 3091 2947 inlicit.
3119 2891 3397 2946 Gravitate
3435 2891 3614 2944 odoris

2029 2987 2224 3041 accolis
2252 2983 2486 3054 pestifer,
2507 2984 2581 3038 ait
2610 2981 2835 3037 Tacitus
2875 2982 2968 3036 lib.
3005 2998 3058 3047 ν,
3098 2980 3269 3046 Hist.,
3305 2996 3427 3051 cap.
3453 2979 3505 3046 6,
3530 2997 3616 3034 ue-

2027 3093 2124 3149 que
2173 3085 2325 3130 vento
2377 3074 2690 3143 impellitur,
2738 3089 2899 3144 neque
2923 3073 3089 3142 pisces
3118 3081 3214 3126 aut
3255 3082 3436 3127 suetas
3467 3072 3619 3142 aquis

341 3167 643 3237 longissime
679 3178 920 3237 poterant
945 3169 1264 3223 alittoribus
1286 3177 1335 3223 et
1361 3169 1614 3239 portubus
1638 3185 1749 3223 sese
1779 3185 1927 3222 amo-
1953 3199 2000 3260 ο
2035 3167 2268 3222 volucres
2297 3169 2524 3234 patitur.

339 3260 524 3314 orbant
555 3261 760 3327 Esseni,
781 3277 843 3315 ne
877 3263 1177 3330 puritatiac
1207 3263 1589 3331 tranquillitati
1610 3263 1927 3332 numquam

341 3354 704 3413 sectabantur,
761 3354 1034 3408 maritima
1088 3355 1404 3407 commercia
1445 3364 1707 3408 nocerent.
1755 3353 1925 3409 Mox:

342 3441 551 3495 Littora
602 3442 834 3512 fugiunt,
885 3459 1154 3513 usquequa
1187 3450 1407 3506 nocent;
1438 3442 1492 3495 id
1539 3449 1638 3506 est,
1673 3450 1930 3510 quatenus

343 3540 527 3586 nocent
573 3535 687 3602 agri
719 3532 924 3586 colendi
957 3533 1134 3588 studio
1167 3543 1373 3586 tantum
1411 3533 1666 3597 addictis,
1694 3543 1749 3585 ut
1777 3543 1931 3586 erant

348 3624 575 3689 Esseni,
625 3633 675 3678 et
734 3641 938 3678 onmem
989 3626 1395 3694 negotiationem
1463 3624 1933 3692 conmterciumque

344 3716 732 3770 at'ersantibus.
786 3714 939 3768 Nihil
990 3718 1176 3787 quippe
1206 3717 1467 3781 emebant,
1507 3731 1597 3771 nec
1621 3717 1929 3777 vendebant,

345 3817 402 3860 ut
431 3823 494 3860 ex
519 3806 748 3877 Josepho
777 3817 1005 3861 constat.

421 3896 561 3952 illnc
615 3906 876 3969 apparet,
929 3907 1193 3968 quantum
1240 3897 1434 3967 jndleii
1503 3898 1569 3952 ad
1615 3897 1934 3953 scribendas

347 3986 772 4042 Exercitationes
831 3990 1099 4044 attulerit.
1149 3988 1329 4043 Minus
1373 3989 1517 4042 enim
1551 3989 1852 4043 litterarum
1878 3988 1932 4043 in

345 4077 415 4132 iis
451 4078 630 4140 verbis
662 4086 766 4142 est,
791 4091 952 4148 quam
977 4091 1250 4133 errorum.
1281 4077 1492 4148 Quippe
1516 4094 1628 4133 .nec
1663 4079 1729 4132 ad
1758 4079 1936 4134 Theo-

345 4169 546 4222 retlcos
567 4165 812 4223 Philonis
852 4168 1090 4224 Essenos
1112 4207 1129 4234 ,
1167 4184 1266 4223 nec
1294 4167 1360 4222 ad
1392 4167 1675 4225 Practieos
1707 4168 1932 4240 Josephi

344 4261 678 4314 conveniunt
729 4275 852 4331 quin
901 4262 954 4314 in
1005 4260 1414 4329 interpretando
1458 4262 1660 4331 posuit.
1705 4262 1930 4317 Ostendi

345 4349 412 4404 at}
455 4351 811 4407 Theoreticos
856 4353 1112 4421 inprimis
1144 4351 1305 4404 Plinii
1338 4352 1502 4406 verba
1529 4363 1796 4423 spectare.
1823 4351 1935 4408 llos

347 4458 476 4498 vero
512 4443 756 4497 Iittorum
793 4459 857 4497 ac
887 4444 1056 4501 maris
1086 4445 1549 4514 propinquitatem
1589 4445 1814 4509 vitasse,
1841 4444 1936 4498 fal-

2103 3259 2228 3314 llzec
2270 3265 2399 3313 sunt
2440 3257 2509 3311 ad
2550 3255 2710 3311 Plinii
2746 3261 2984 3310 mentem
3027 3253 3334 3324 aptissima.
3377 3251 3616 3310 Causam

2031 3351 2176 3406 enim
2203 3352 2505 3415 continent,
2536 3363 2636 3404 cur
2664 3347 2856 3404 Esscni
2886 3348 2965 3400 illi
2993 3345 3101 3400 τῶν
3129 3345 3376 3416 impiam
3405 3345 3615 3408 incolae,

2031 3450 2087 3498 et
2123 3442 2264 3496 inter
2295 3442 2530 3511 palmeta
2570 3441 2884 3496 victitantes
2929 3439 3071 3493 haud
3104 3438 3330 3509 propius
3382 3437 3618 3508 Asphal-

2035 3533 2187 3588 litem
2225 3533 2403 3585 lacum
2443 3531 2720 3586 domicilia
2767 3528 3020 3594 ﬁxerint;
3062 3531 3157 3584 sed
3191 3538 3404 3584 tantum
3445 3530 3516 3583 ab
3554 3543 3616 3583 eo

2034 3622 2391 3686 secesserint,
2423 3621 2606 3692 quoad
2645 3621 2728 3677 vis
2765 3621 2914 3677 illius
2948 3625 3160 3675 tractus
3206 3619 3455 3674 maleﬁca
3496 3634 3616 3690 per-

2035 3714 2214 3782 tingit.
2250 3712 2349 3767 Hic
2390 3723 2476 3768 est
2531 3713 2623 3768 ille
2679 3711 2881 3767 Mortui
2932 3714 3100 3767 maris
3145 3719 3201 3767 et
3254 3712 3617 3781 circumjectzc

2035 3816 2198 3860 terrae
2231 3806 2454 3875 squalor
2477 3819 2542 3859 ac
2570 3805 2829 3873 pestilens
2869 3803 3112 3866 habitus,
3145 3817 3308 3873 quem
3342 3803 3615 3873 eleganter

2035 3913 2098 3952 ac
2127 3898 2320 3968 paucis
2345 3896 2716 3951 Tertullianus
2743 3895 3039 3965 descripsit
3065 3896 3118 3950 in
3152 3896 3292 3951 libro
3319 3895 3394 3948 De
3413 3897 3576 3965 pallio
3597 3911 3616 3949 :

2039 3988 2331 4053 Hactenus,
2367 3989 2545 4058 inquit
2570 3987 2664 4059 (c),
2713 3986 2970 4054 Sodoma,
3003 3995 3052 4042 et
3104 3987 3254 4042 nulla
3299 3986 3614 4054 Gomorrha,

2034 4094 2084 4137 et
2115 4083 2246 4136 cinis
2278 4081 2480 4145 omnia,
2505 4089 2554 4134 et
2592 4079 2958 4150 propinquitas
2991 4080 3156 4132 maris
3171 4080 3336 4144 juxta
3363 4096 3483 4134 cum
3505 4080 3616 4134 solo

2037 4182 2257 4226 mortem
2291 4171 2443 4225 bibit.
2483 4170 2650 4235 Mare,
2686 4170 2884 4240 inquit,
2917 4171 3304 4241 propinquum,
3347 4187 3456 4226 una
3488 4184 3615 4228 eum

2037 4280 2134 4321 ora
2169 4264 2339 4328 omni,
2386 4270 2619 4317 mortem
2655 4278 2718 4317 ac
2747 4270 2958 4333 pestem
3007 4264 3290 4318 combibit.
3335 4263 3462 4319 Haec
3491 4280 3616 4320 vera

2038 4357 2143 4410 loci
2175 4355 2339 4424 hujus
2371 4364 2455 4410 est
2488 4355 2763 4410 sententia
2794 4374 2807 4410 :
2839 4355 2895 4410 in
2937 4371 3046 4425 quo
3077 4356 3307 4411 ridicule
3335 4356 3614 4411 condicta.

2038 4447 2198 4501 batur
2227 4445 2531 4502 Salmasius
2561 4445 2658 4516 (ἀ).
2693 4446 2796 4512 Qui
2822 4457 3088 4501 mortuum
3115 4448 3227 4511 ivit,
3256 4448 3341 4503 vel
3365 4457 3613 4512 martum,

346 4537 629 4590 sissimnm
686 4541 770 4588 est
798 4552 812 4598 ;
877 4549 1000 4588 cum
1058 4535 1238 4588 vicina
1283 4536 1464 4603 potius
1505 4535 1640 4590 mari
1676 4544 1930 4605 captasse
1963 4543 2005 4599 ι)
2035 4552 2204 4594 ausus
2228 4545 2313 4593 est
2343 4538 2590 4593 scribere
2621 4539 2673 4592 in
2707 4537 2950 4593 editione
2979 4553 3266 4610 nova,pag.
3299 4539 3420 4606 105,
3457 4539 3612 4610 quasi

347 4624 466 4676 loca
515 4630 747 4678 testetur
798 4622 955 4678 Philo
996 4624 1098 4694 (ιθ).
1139 4623 1348 4679 Deinde
1399 4639 1576 4694 neque
1630 4625 1933 4695 agricultu-

345 4729 486 4778 ram,
530 4730 707 4786 neque
767 4721 938 4770 artem
992 4716 1157 4769 ullam
1207 4715 1568 4770 instituebant
1597 4715 1928 4782 Theoretici,

347 4805 444 4860 sed
471 4815 639 4859 totum
673 4806 818 4860 diem
874 4808 931 4859 ὲν
960 4807 1194 4878 ἀσκήσει
1235 4822 1300 4861 ac
1332 4822 1617 4862 sacrorum
1663 4808 1932 4862 librorum

349 4895 704 4950 meditatione
724 4896 1129 4968 transigebant,
1162 4914 1346 4969 neque
1381 4898 1547 4953 limen
1586 4899 1934 4969 egredieban-

350 4994 440 5040 tur
481 4987 636 5052 εΤὰς
670 4987 768 5056 μὲν
821 4983 914 5043 οὖν
951 4989 1011 5055 ἓξ
1059 4991 1271 5065 ἡμέρας
1293 4993 1462 5063 χωρὶς
1496 4990 1716 5046 ἕκαστοι
1748 4993 1937 5064 μονού-

355 5095 508 5150 μενοι
566 5083 697 5150 mp’
741 5083 956 5145 ἑαυτοῖς
999 5085 1058 5136 ὲν
1100 5085 1214 5148 τοῖς
1264 5084 1501 5154 λεχθεῖσι
1551 5082 1935 5155 μοναστηρίοις

352 5171 726 5240 φιλοσοφοῦσι,
762 5172 861 5242 τὴν
911 5173 1128 5227 αὔλειον
1177 5176 1275 5246 οὐχ
1340 5175 1784 5246 ὑπερϐαίνοντες,
1819 5174 1933 5228 ἀλλ’

347 5264 460 5318 οὐδ’
491 5265 549 5332 ἐξ
579 5266 826 5318 ἀπόπτου
872 5265 1223 5338 Θεωροῦντες.
1271 5267 1498 5325 Frustra
1532 5270 1697 5340 igitur
1717 5278 1937 5340 arguta-

351 5366 462 5423 tur,
517 5359 757 5414 Essenos
785 5358 996 5413 ideirco
1048 5361 1233 5415 littora
1281 5359 1504 5432 fugisse,
1537 5362 1682 5431 quod
1729 5363 1782 5416 in
1819 5363 1935 5432 agri

350 5449 596 5505 studium
624 5450 815 5504 intenti
845 5448 1042 5505 forent.
1083 5450 1190 5506 Sed
1219 5467 1391 5522 neque
1424 5451 1647 5522 Josephi
1683 5453 1749 5507 ad
1785 5453 1938 5509 Esse-

348 5555 452 5597 nos
481 5543 629 5598 illius
652 5542 1030 5614 interpretatio
1051 5544 1306 5616 quadrat.
1347 5541 1467 5599 Non
1495 5545 1640 5600 enim
1669 5545 1935 5618 agricolas

425 5701 508 5779 (ᾳ)
540 5702 778 5779 _$_a_l_mas.
813 5703 1003 5779 Ererc.
1030 5705 1178 5762 Plin.
1210 5721 1332 5779 pag.
1367 5704 1492 5773 612,
1523 5703 1649 5761 615.

428 5771 504 5842 (b)
540 5772 710 5844 Philo
727 5789 846 5844 pag.
879 5775 1004 5831 612.

431 5841 501 5908 to}
531 5841 661 5909 Cap.
688 5843 741 5895 2.

2033 4629 2103 4683 ab
2131 4643 2197 4682 eo
2235 4628 2381 4698 quod
2425 4635 2510 4683 est
2543 4629 2776 4691 morior,
2831 4643 3102 4698 usurpare
3137 4628 3322 4692 liceat,
3365 4640 3612 4693 martum,

2033 4730 2232 4787 mortu,
2267 4721 2353 4776 vel
2397 4730 2684 4786 mortuum,
2716 4729 2964 4786 mortuu;
2999 4729 3053 4774 et
3103 4722 3185 4775 sic
3226 4729 3492 4775 mortuum
3539 4722 3613 4775 ire

2035 4814 2270 4877 dicatur,
2300 4814 2578 4883 quomodo
2635 4812 2902 4867 redditum
2954 4814 3053 4875 ire,
3100 4820 3155 4866 et.
3202 4813 3368 4881 hujus
3400 4813 3613 4884 generis

2034 4905 2159 4960 alia.
2196 4903 2452 4960 Joeulare
2501 4904 2758 4970 facinus;
2805 4906 2914 4960 imo
2951 4920 3081 4959 vero
3120 4904 3400 4975 piacularc
3436 4919 3613 4976 gram-

2035 4995 2267 5062 matici;
2322 4996 2415 5065 qui
2471 4995 2576 5049 hoc
2631 4997 2775 5050 scire
2805 4995 3054 5065 profecto
3090 4996 3299 5061 debuit,
3352 5007 3612 5050 mortuum

2034 5102 2237 5142 nomen
2262 5103 2406 5153 esse,
2439 5098 2547 5142 non
2580 5089 2831 5152 verbum,
2855 5105 3034 5158 neque
3057 5089 3208 5144 verbi
3243 5089 3497 5158 supinum
3523 5097 3613 5143 aut

2036 5179 2425 5248 participium;
2460 5179 2920 5249 quemadmodum
2953 5182 3169 5252 fatuus,
3209 5180 3438 5246 arduus,
3491 5197 3613 5234 con-

2035 5271 2268 5336 spicuus.
2299 5269 2466 5327 Docet
2491 5273 2594 5328 hoc
2621 5283 2878 5330 accurate
2907 5274 2966 5330 S.
2997 5274 3337 5345 Augustinus
3366 5276 3459 5330 lib.
3495 5289 3610 5341 xm,

2037 5361 2115 5416 De
2143 5364 2284 5436 civit.
2316 5362 2436 5426 Dei,
2466 5379 2586 5435 cap.
2623 5366 2707 5429 lt,
2743 5366 2907 5438 cujus
2938 5367 3103 5421 verba
3148 5367 3235 5421 hic
3268 5380 3484 5435 quoque
3513 5366 3611 5439 legi

2040 5462 2355 5510 merentur:
2405 5454 2577 5520 Unde,
2609 5457 2810 5527 inquit,
2857 5475 2959 5512 non
2999 5459 3295 5527 importune
3336 5476 3498 5528 neque
3533 5461 3612 5515 in-

2037 5562 2262 5617 congrue
2294 5548 2526 5602 arbitror
2565 5551 2846 5615 accidisse,
2885 5551 2984 5605 etsi
3027 5568 3128 5605 non
3181 5552 3412 5606 humana
3456 5553 3612 5606 indu-

2112 5703 2187 5772 (d)
2223 5703 2539 5782 Sal-n'ias‘_.‘_in
2561 5705 2685 5782 Not.
2701 5706 2768 5759 ad
2799 5706 3021 5782 Tertull.
3039 5707 3122 5782 De
3155 5709 3481 5781 Pal!io,rdit.
3514 5724 3609 5782 [ιθ-

2041 5787 2255 5830 Strenue
2289 5779 2350 5830 Λ.
2385 5777 2522 5832 1656
2566 5778 2831 5848 cvulgata:
2861 5795 2912 5848 p.
2947 5780 3072 5840 156.
3335 5777 3344 5781 ’
3514 5777 3518 5838 Ϊ
