3978 6220
243 418 351 475 637

1281 416 2040 480 ADVERSUS‘CLAUDIUM
2074 418 2497 479 SALMASIUM.

3420 420 3527 478 6‘58

243 539 406 604 stria,
449 537 663 607 judicio
704 537 932 607 fortasse
965 539 1163 606 divino,
1199 551 1255 595 ut
1300 542 1396 596 hoc
1428 542 1659 606 verbum,
1691 538 1831 610 quod
1862 544 1904 598 Α
1936 536 2165 593 Linacer
2183 539 2573 608 grammaticus
2602 536 2849 595 eruditus
2894 534 3037 589 libro
3065 550 3100 588 ιι
3135 553 3147 589 :
3185 532 3530 605 Patronymi-

242 637 321 682 est
361 629 625 693 moritur,
658 631 712 684 in
742 628 937 685 Latina
966 633 1148 703 lingua
1180 650 1270 688 nec
1305 634 1640 703 grammatici
1674 632 1839 685 decli—

242 736 378 774 nare
427 722 724 789 potuerint,
760 739 822 777 ea
865 724 1046 794 regula
1075 763 1091 789 ,
1123 742 1228 795 qua
1270 738 1463 780 cwtera
1496 724 1630 779 talin
1677 723 1839 777 decli-

247 821 471 865 nantur.
509 810 759 883 Namque
796 814 861 868 ab
890 831 972 880 eo,
1013 816 1152 886 quod
1196 827 1273 871 est
1306 818 1498 883 oritur,
1536 818 1598 886 fit
1627 815 1839 870 verbum

245 904 509 968 prceteriti
542 906 796 974 temporis
832 918 989 962 ortus
1012 916 1131 963 est:
1164 919 1210 962 et
1240 910 1287 962 si
1318 925 1424 977 qua
1465 908 1667 962 similia
1691 920 1836 972 sunt,

247 1011 364 1066 qua:
389 1011 485 1063 per
517 1000 767 1066 temporis
798 1001 1055 1068 praeteriti
1080 1002 1362 1070 participia
1388 1000 1741 1054 declinantur.
1762 998 1839 1052 Ab

247 1102 304 1139 eo
334 1102 488 1152 vero,
529 1087 671 1157 quod
709 1099 788 1143 est
844 1091 1116 1157 moritur,
1158 1092 1205 1146 si
1242 1108 1542 1162 quteramus
1584 1091 1843 1161 prwteriti

248 1178 501 1246 temporis
528 1181 776 1245 verbum,
831 1182 1136 1251 responderi
1166 1183 1298 1238 solet
1348 1190 1603 1238 mortuus
1643 1189 1766 1247 est,
1806 1197 1840 1236 u

250 1269 433 1323 littera
486 1273 761 1340 geminata
795 1288 815 1326 :
848 1274 925 1327 sic
973 1275 1113 1328 enim
1165 1275 1362 1328 dicitur
1393 1282 1676 1340 mortuus,
1708 1289 1844 1343 quo-

234 1358 411 1413 modo
441 1359 652 1426 fatuus,
682 1361 1267 1434 arduus,conspicuus
1292 1382 1305 1418 :
1336 1365 1455 1418 etsi
1482 1381 1587 1434 qua
1616 1364 1841 1431 similia,

248 1466 364 1519 qua:
408 1467 515 1503 non
560 1465 684 1506 sunt
722 1456 979 1518 praeteriti
1023 1458 1293 1526 temporis,
1326 1458 1415 1511 sed
1461 1457 1712 1527 quoniam
1746 1472 1842 1510 no-

250 1541 397 1593 mina
440 1550 589 1609 sunt,
627 1544 739 1599 sine
791 1554 1018 1613 tempore
1071 1548 1430 1604 declinantur.
1475 1547 1621 1603 illud
1664 1557 1842 1602 autem

249 1636 406 1704 quasi
456 1636 840 1704 declinaretur,
864 1641 1003 1709 quod
1058 1639 1320 1695 declinari
1369 1657 1473 1695 non
1519 1649 1711 1710 potest,
1745 1656 1872 1709 pr0'

248 1728 539 1797 participio
578 1733 834 1797 pra'teriti
867 1734 1114 1801 temporis
1161 1735 1377 1802 ponitur
1405 1751 1615 1789 nomen.
1656 1734 1841 1804 Inepta

251 1825 337 1873 est
376 1820 569 1889 igitur,
598 1830 652 1876 et
678 1823 1053 1892 grammaticis
1095 1825 1299 1894 regulis
1327 1826 1599 1879 contraria
1632 1824 1845 1879 Salma-

1946 647 2129 683 corum
2180 629 2520 696 Gra'corum,
2554 630 2761 701 inquit,
2804 630 2978 699 [arma
3017 628 3286 681 ducuntur
3326 644 3357 680 a
3397 626 3524 682 locis

1948 720 2227 775 Sicelides.
2263 720 2508 790 Denique
2537 722 2792 790 princeps
2826 721 2963 774 artis
3007 734 3071 774 ac
3110 721 3369 788 magister
3423 728 3529 773 ture

1948 810 2343 881 Despauterius
2382 814 2436 864 in
2476 810 2695 865 Praelat.
2745 813 2813 865 ad
2857 820 3029 866 artem
3078 810 3526 865 versiﬁcatoriam

1947 904 2107 958 docet
2135 904 2227 975 (ε),
2264 904 2636 973 patronymica
2685 904 2909 971 {armari
2949 922 2982 957 a
3018 905 3218 972 patria.
3254 902 3318 955 Et
3377 903 3527 967 alibi,

1949 991 2209 1057 Pisidem,
2241 994 2386 1062 quod
2414 994 2614 1064 gentile
2649 1009 2844 1047 nomen
2873 1003 2977 1058 est,
3010 1003 3166 1048 vocat
3194 994 3530 1063 patronymie

1947 1101 2094 1142 cum.
2128 1085 2254 1141 Haec
2284 1087 2509 1157 indigna
2552 1087 2746 1150 fateor,
2774 1086 2829 1139 in
2858 1086 3060 1155 quibus
3092 1101 3387 1140 moremur.
3435 1083 3528 1138 Ve-

1949 1194 2067 1232 rum
2096 1177 2222 1249 quid
2254 1178 2468 1247 facias?
2500 1186 2555 1231 ut
2584 1179 2740 1231 homo
2769 1187 2869 1240 est,
2898 1178 2975 1231 ita
3000 1190 3197 1229 morem
3233 1192 3407 1246 geras.

2555 1290 2783 1347 CAPUT
2826 1290 2914 1344 ΙΙΙ.

1949 1383 2232 1453 Epipltanii
2263 1384 2407 1438 locus
2432 1383 2737 1437 illustratur
2760 1383 2896 1434 male
2930 1398 2967 1453 a7
2997 1381 3270 1453 Salmasio
3295 1391 3531 1433 vexatus.

2020 1449 2186 1523 Cujus
2210 1455 2390 1524 iniqua
2414 1453 2746 1522 reprehensio
2775 1452 3081 1505 discutitur.
3101 1449 3351 1519 Ejusdem
3381 1465 3535 1517 super

2018 1525 2393 1595 pra'positione
2428 1524 2577 1592 ὑπέρ
2604 1532 2816 1576 notatus
2842 1538 3012 1577 error.

2019 1640 2177 1695 Nunc
2218 1640 2286 1695 ad
2323 1638 2611 1709 Epiphanii
2665 1639 2872 1703 locum,
2905 1637 2997 1706 qui
3041 1651 3184 1691 unus
3226 1634 3336 1690 fere
3374 1647 3535 1686 oeca-

1951 1732 2160 1787 sionem
2196 1731 2325 1784 huic
2353 1730 2711 1799 disputationi
2745 1728 2916 1793 dcdit,
2958 1727 3157 1796 stylum
3185 1724 3538 1792 animumque

1951 1820 2373 1876 transferamus.
2413 1818 2487 1873 De
2514 1816 2743 1874 Ossenis
2770 1818 2901 1871 hazr.
2936 1818 3022 1879 i9,
3062 1831 3181 1885 pag.
3215 1814 3306 1877 40,
3341 1812 3415 1865 ita
3451 1812 3539 1865 ille

252 1911 409 1967 siana
439 1915 735 1985 castigatio
765 1935 777 1970 :
816 1918 1120 1986 praesertim
1155 1892 1279 1973 cum
1330 1918 1387 1972 in
1424 1918 1671 1989 principe
1703 1917 1849 1973 Rhe-

1960 1913 2181 1970 scribit:
2215 1912 2522 1982 Ὢρμηνται
2562 1909 2620 1962 δὲ
2658 1904 2823 1971 οὗτοι,
2854 1908 2927 1971 ὡς
2956 1909 2990 1977 ὴ
3016 1908 3097 1968 εἰς
3128 1906 3274 1976 ἡμᾶς
3307 1902 3541 1956 ἐλθοῦσα

252 2001 382 2055 nani
429 2003 677 2059 editione
702 2004 913 2074 itidem,
948 2013 1005 2061 ut
1034 2006 1089 2062 in
1127 2007 1384 2077 vulgatis,
1416 2014 1596 2063 exstet
1625 2017 1849 2062 mortem

255 2092 406 2147 bibit.
437 2094 619 2161 Quam
662 2097 959 2154 editionem
1010 2098 1078 2153 ad
1126 2110 1375 2155 veterum
1402 2100 1654 2155 codicum
1685 2099 1847 2155 ﬁdem

256 2184 547 2255 diligenter
570 2195 818 2244 exactam
864 2189 1039 2247 fuisse
1088 2191 1291 2246 fatetur
1342 2192 1595 2261 ipsemet,
1644 2198 1700 2248 et
1750 2192 1849 2246 ad-

257 2278 522 2332 amussim
548 2293 674 2333 eum
704 2280 819 2348 illo,
853 2298 1013 2352 quem
1036 2283 1302 2351 exhibuit,
1326 2283 1700 2355 manuscripto
1716 2300 1849 2340 con-

257 2384 465 2425 ventre.

330 2461 437 2518 Sed
472 2464 547 2518 ad
589 2464 828 2519 Plinium
862 2472 1109 2522 revertor
1132 2466 1245 2536 (a):
1292 2467 1452 2537 cujus
1484 2478 1538 2523 et
1579 2468 1749 2525 altera
1779 2469 1851 2525 ab

254 2551 443 2607 eodem
491 2552 764 2610 Salmasio
792 2555 1037 2611 adhibita
1073 2559 1345 2613 correctio
1378 2559 1492 2614 risu
1522 2559 1707 2631 digna.
1740 2559 1850 2616 Pro

256 2645 399 2699 socia
428 2646 743 2716 palmarum
774 2647 943 2704 scribi
972 2649 1126 2719 jubet
1172 2665 1265 2705 esu
1311 2651 1635 2720 palmarum.
1674 2651 1851 2723 Impe-

258 2739 379 2804 rite,
411 2739 548 2808 quis
588 2739 789 2810 neget?
843 2738 924 2795 Ita
979 2742 1125 2795 enim
1175 2742 1406 2813 abrupta
1458 2752 1513 2799 et
1567 2744 1849 2800 incondita

260 2828 418 2885 lectio
450 2831 571 2895 ﬁet,
614 2832 729 2887 sine
774 2833 1017 2902 pecunia,
1047 2848 1138 2888 esu
1168 2835 1488 2902 palmarum.
1521 2836 1594 2890 At
1632 2838 1851 2909 vulgata

261 2930 315 2978 et
348 2939 377 2978 a
409 2924 643 2995 scriptis
667 2925 974 2991 codicibus,
1004 2933 1060 2980 et
1088 2941 1119 2980 a
1154 2924 1426 2981 Sententia
1465 2930 1851 2985 auctoritatem

262 3010 442 3067 habet.
480 3010 539 3067 In
576 3014 830 3083 palmetis
864 3014 1056 3084 procul
1089 3015 1159 3069 ab
1198 3015 1479 3070 hominum
1510 3019 1744 3088 strepitu
1784 3034 1852 3074 ac

264 3101 580 3173 frequentia
617 3103 890 3175 degebant
916 3123 929 3159 :
960 3105 1081 3161 ideo
1113 3105 1260 3160 socia
1286 3106 1591 3175 palmarum
1622 3122 1745 3178 gens
1776 3108 1855 3163 di-

264 3194 427 3252 citur.
467 3193 571 3262 Qui
607 3205 702 3251 aut
755 3196 863 3251 ista
906 3211 1019 3251 non
1066 3198 1235 3268 capit,
1272 3204 1367 3251 aut
1409 3199 1570 3254 aliter
1613 3199 1848 3253 Plinium

266 3285 602 3357 interpolare
656 3287 874 3354 studet,
924 3287 1015 3343 vix
1062 3303 1186 3343 eum
1233 3290 1575 3360 grammatici
1627 3291 1853 3347 nomine

266 3376 490 3448 dignum
517 3377 727 3448 judico.
764 3379 921 3445 Quod
948 3377 1086 3434 adeo
1114 3380 1219 3436 iste
1252 3396 1363 3435 non
1392 3390 1653 3448 meretur,
1682 3390 1740 3437 ut
1764 3397 1853 3437 mo

268 3476 562 3538 propterea
598 3470 820 3525 obtorto
869 3470 1013 3525 collo
1050 3471 1315 3540 rapuerit,
1359 3473 1505 3542 quod
1534 3473 1603 3529 de
1650 3470 1854 3529 iorma-

269 3559 416 3616 tione
438 3561 722 3615 nominum
754 3562 806 3616 in
830 3578 980 3633 ηνος,
1000 3569 1059 3616 ut
1087 3571 1169 3619 est
1203 3562 1483 3634 Ἐσο-ηνός,
1511 3562 1852 3636 agens,scri-

268 3647 494 3712 pserim,
527 3648 934 3719 patronymicas
959 3649 1231 3719 ejusmodi
1260 3651 1582 3708 inﬂexiones
1608 3653 1853 3708 Arabum

272 3746 329 3792 et
374 3738 703 3795 Asianorum
756 3742 1007 3812 proprias
1039 3759 1184 3810 esse,
1236 3744 1396 3814 quasi
1437 3746 1703 3811 ethnicus,
1743 3761 1855 3800 non

267 3831 666 3900 patronynticas
714 3832 992 3901 appellare
1038 3832 1344 3889 debuerim.
1378 3832 1547 3904 Euge,
1589 3835 1752 3889 homo
1798 3835 1855 3889 in

271 3923 633 3992 grammatica
672 3922 904 3979 detritus
958 3925 1396 3995 patronymicum
1442 3926 1618 3981 nescit
1665 3941 1774 3981 non
1825 3939 1858 3979 a

276 4013 414 4066 solis
462 4012 743 4080 patribus,
781 4014 876 4067 sed
924 4015 1087 4068 etiam
1147 4034 1179 4069 ιι
1229 4015 1369 4070 locis
1417 4030 1481 4069 ac
1543 4018 1858 4073 civitatibus

276 4106 485 4158 vocari.
540 4104 835 4160 Cledonius
885 4115 1037 4160 vetus
1074 4107 1496 4175 grammaticus,
1544 4107 1688 4161 inter
1725 4123 1860 4179 gen-

276 4199 395 4253 tilia
439 4207 493 4254 et
535 4199 915 4269 patronymica
965 4198 1021 4253 id
1071 4214 1194 4255 esse
1254 4200 1593 4255 discriminis
1648 4201 1725 4254 ait
1756 4199 1856 4271 to),

276 4292 421 4361 quod
448 4293 672 4363 gentilia
709 4293 925 4346 nomina
952 4308 984 4346 a
1018 4294 1305 4362 provinciis
1337 4295 1570 4355 veniunt,
1599 4302 1862 4367 patrony-

278 4385 421 4439 mica
446 4394 495 4439 et
528 4402 561 4439 a
597 4385 918 4439 civitatibus.
956 4387 1098 4456 Ergo
1138 4401 1207 4441 ex
1248 4382 1497 4441 Cledonii
1532 4387 1862 4443 auctoritate

279 4476 481 4548 gentile
508 4476 611 4530 hoc
639 4476 972 4531 Essenorum
1002 4491 1199 4531 nomen
1230 4477 1504 4547 appellare
1529 4492 1641 4531 non
1672 4474 1857 4544 debui,

1950 2004 2190 2074 περιέχει
2226 2003 2548 2074 παράδοσις,
2571 2000 2679 2055 ἀπὸ
2712 2000 2811 2070 τῆς
2843 1998 3162 2067 Ναϐατικῆς
3199 1995 3405 2067 χώρας,
3443 1992 3542 2048 καὶ

1961 2096 2278 2168 Ἰτουραίας,
2307 2093 2645 2157 Μωαϐίτιδὸς
2669 2110 2728 2145 τε
2761 2092 2855 2145 καὶ
2885 2087 3261 2161 Ἀρηῖλίτιδος,
3277 2085 3385 2139 τῶν
3410 2085 3538 2138 ἐ,πέ-

1949 2205 2106 2243 κεινα
2152 2189 2251 2258 τῆς
2298 2187 2545 2249 κοιλάδος
2588 2186 2685 2255 τῆς
2719 2184 2928 2255 ἀλυκῆς
2978 2181 3150 2244 οὕτως
3199 2182 3259 2233 ὲν
3300 2181 3365 2249 τῇ
3418 2177 3540 2248 Θείᾳ

1950 2280 2142 2350 Γραφῇ
2198 2277 2535 2347 καλουμένης
2581 2274 2984 2345 ὑπερκειμένης
3038 2271 3241 2342 χώρας.
3278 2270 3437 2322 Ἔστι
3484 2269 3543 2321 δὲ

1949 2372 2090 2441 αὕτη
2117 2371 2307 2441 Νεκρὰ
2337 2368 2647 2439 καλουμένη
2676 2366 2940 2421 θάλασσα.
2962 2364 3093 2431 Quae
3116 2366 3197 2418 sic
3226 2366 3281 2417 in
3302 2363 3543 2427 editione

1951 2473 2139 2519 nostra
2179 2462 2372 2517 Latine
2416 2462 2800 2517 reddidimus:
2842 2456 3048 2513 Ferunt
3086 2458 3219 2511 istos
3259 2472 3323 2509 ex
3352 2453 3543 2507 Naba-

1955 2562 2076 2615 ta'a.
2111 2551 2337 2615 Μίνωα,
2377 2548 2668 2604 Moabitide
2727 2557 2776 2603 et
2806 2546 3090 2601 .ireilitide
3128 2546 3386 2615 originem
3433 2553 3545 2597 tra-

1950 2645 2131 2710 xisse;
2178 2658 2295 2713 qua:
2331 2643 2566 2712 regiones
2601 2639 2747 2694 ultra
2782 2639 2975 2694 vallem
3016 2637 3411 2706 salsuginosam
3452 2650 3547 2703 po-

1952 2739 2071 2792 sita:
2092 2746 2236 2792 sunt.
2268 2735 2379 2788 Hoc
2407 2734 2547 2789 enim
2573 2733 2783 2788 nomine
2812 2732 2985 2788 sacris
3004 2730 3060 2784 in
3083 2728 3305 2782 Litteris
3333 2735 3540 2779 tractus

1954 2829 2046 2883 ille
2098 2828 2337 2897 superior
2389 2826 2727 2894 appellatur,
2770 2824 2859 2894 qui
2912 2822 3051 2877 idem
3085 2829 3163 2876 est
3218 2836 3339 2873 cum
3396 2819 3543 2871 mari

1957 2918 2191 2973 Mortuo.
2218 2918 2300 2971 Ad
2337 2918 2484 2971 hunc
2509 2917 2690 2970 locum
2713 2914 3000 2968 Plinianus
3030 2910 3363 2967 exercitator
3395 2908 3543 2960 auri-

1956 3013 2107 3066 culas
2132 3010 2363 3064 clamore
2402 3009 2575 3063 subito
2610 3008 2749 3061 tollit
2784 3006 2910 3059 totis
2948 3003 3170 3069 viribus,
3202 3002 3284 3058 sic
3316 3010 3375 3055 ut
3408 3015 3544 3053 nus-

1957 3118 2125 3173 quam
2176 3102 2309 3157 alibi
2369 3099 2673 3169 majoribus
2739 3095 3081 3165 intemperiis
3131 3094 3387 3164 agitetur.
3438 3092 3547 3147 Sed

1958 3194 2102 3265 quod
2136 3194 2228 3251 isti
2264 3192 2472 3248 homini
2505 3190 2669 3247 fatale
2701 3205 2825 3246 esse
2861 3188 2999 3242 alias
3042 3187 3394 3242 observatum
3438 3194 3544 3249 est,

1957 3294 2016 3341 ut
2049 3286 2139 3341 ubi
2198 3286 2435 3339 maxime
2481 3284 2683 3352 satagit
2731 3297 2795 3335 ac
2834 3280 3066 3343 nititur,
3111 3278 3185 3331 ibi
3246 3276 3547 3331 itedissima

1956 3374 2119 3430 ruina
2150 3389 2216 3429 ac
2246 3380 2360 3429 toto
2386 3386 2616 3441 corpore
2643 3369 3017 3441 provolvatur,
3044 3365 3095 3419 id
3127 3366 3230 3419 hoc
3260 3365 3381 3417 loco
3411 3379 3549 3432 pene

1957 3481 2123 3536 supra
2160 3465 2319 3521 ﬁdem
2352 3465 2403 3520 ei
2442 3464 2694 3533 contigit.
2752 3460 2998 3515 Primum
3052 3457 3201 3511 illius
3268 3468 3408 3509 vana
3463 3460 3549 3509 est

1957 3555 2337 3627 reprehensio.
2375 3553 2443 3608 Ut
2474 3555 2618 3608 enim
2651 3550 2839 3605 Graece
2877 3547 3035 3619 periti
3065 3560 3257 3601 onmes
3280 3546 3336 3597 in
3378 3560 3546 3597 unum

1957 3646 2140 3714 capita
2186 3643 2501 3706 conferant,
2544 3641 2722 3695 ausim
2781 3639 2834 3694 id
2880 3649 3130 3692 asserere
3166 3654 3179 3690 :
3220 3649 3331 3687 non
3384 3633 3545 3686 aliam

1959 3734 2415 3806 interpretatione
2449 3748 2547 3789 sua
2602 3730 2933 3788 sententiam
2970 3729 3077 3784 loci
3124 3727 3291 3797 hujus
3325 3741 3550 3795 expres-

1962 3840 2127 3880 suros
2151 3838 2316 3895 quam
2335 3838 2458 3893 quae
2479 3837 2509 3876 a
2532 3821 2693 3877 nobis
2715 3829 2799 3875 est
2826 3818 3059 3874 reddita.
3093 3816 3261 3872 Recte
3292 3832 3360 3870 an
3390 3830 3549 3869 secus

1960 3915 2189 3971 senserit
2227 3914 2563 3984 Epiphanius
2588 3953 2601 3977 ,
2636 3912 2768 3965 nihil
2797 3911 2862 3965 ad
2899 3910 3251 3977 interpretem
3289 3907 3547 3976 pertinet.

2030 4005 2329 4061 Ostendam
2368 4005 2531 4074 paulo
2565 4013 2722 4073 post,
2764 4011 2920 4057 extra
2970 4000 3189 4067 culpam
3242 4006 3298 4051 et
3344 3998 3550 4051 erroris

1962 4096 2332 4165 suspicionem
2385 4109 2509 4149 esse
2558 4092 2975 4147 sanctissimum
3026 4089 3286 4142 Patrem:
3352 4086 3550 4154 ct'qui

1961 4187 2039 4242 illi
2066 4185 2507 4256 stupidissimum
2536 4188 3099 4241 suum‘commentum
3137 4176 3422 4239 aliinxerit,
3464 4190 3553 4244 pa-

1963 4296 2084 4337 rum
2143 4278 2452 4350 pudenter,
2511 4276 2743 4330 multum
2783 4274 2965 4344 inepte
3022 4270 3236 4326 iecisse.
3279 4267 3434 4320 Nunc
3482 4267 3549 4321 de

1963 4372 2155 4428 Latina
2215 4369 2670 4441 interpretatione
2730 4367 2886 4437 prius
2936 4379 3062 4419 cum
3121 4362 3216 4416 illo
3264 4360 3549 4429 caprinam

1965 4478 2204 4537 pugnam
2241 4475 2551 4517 conseram.
2580 4459 2811 4525 Quaerit,
2850 4457 2942 4512 ubi
2989 4456 3044 4509 in
3080 4468 3239 4510 sacra
3265 4451 3547 4519 Scriptura

280 4544 387 4622 nisi
416 4566 752 4636 provinciam
775 4565 1013 4633 aliquam
1038 4544 1374 4621 Essenorum
1396 4580 1522 4620 esse
1543 4572 1856 4622 constaret:
1892 4570 1934 4625 Ι)
1965 4566 2175 4614 tractus
2208 4556 2299 4610 ille
2346 4554 2585 4623 superior
2625 4559 2871 4607 vocetur.
2919 4548 3090 4615 Quasi
3143 4547 3197 4601 id
3247 4545 3412 4600 verba
3444 4544 3549 4598 ista

282 4670 445 4726 quam
471 4658 677 4710 nullam
712 4657 881 4711 fuisse
909 4657 1181 4711 hactenus
1219 4655 1411 4710 didici.
1434 4657 1514 4711 Tu
1548 4672 1673 4711 eum
1705 4657 1862 4727 Oppi-

282 4747 410 4802 dum
436 4749 652 4802 illorum
683 4749 738 4801 in
773 4749 1033 4804 interiore
1062 4748 1249 4804 Iudaea
1290 4747 1460 4805 fuisse
1499 4749 1732 4818 conjicis
1760 4749 1859 4820 (c),

283 4856 313 4895 ε
339 4858 450 4912 quo
484 4842 722 4895 Ἐσσαῖοι
760 4850 816 4896 et
869 4841 1121 4913 Ἐσσηνοί
1162 4841 1294 4896 dicti
1335 4842 1571 4909 iuerint;
1602 4841 1707 4897 etsi
1758 4844 1861 4897 hoc

284 4935 546 4999 absurde,
594 4941 895 5005 contraque
924 4935 1146 5005 Iosephi
1208 4950 1274 4990 ac
1311 4934 1556 4992 Philonis
1602 4949 1863 5008 expressa

285 5025 601 5081 testimonia
649 5024 819 5089 facis,
868 5033 1047 5079 tamen
1098 5024 1202 5079 hoc
1239 5024 1455 5094 ipsum,
1490 5022 1728 5093 quodin
1776 5038 1864 5078 me

286 5124 397 5172 tam
455 5116 714 5171 atrociter
756 5114 1080 5181 insectaris,
1128 5122 1315 5184 tuopte
1361 5114 1577 5183 judicio
1629 5114 1858 5184 probas.

288 5206 424 5265 Nam
457 5224 486 5261 a
521 5207 838 5263 civitatibus
875 5204 1251 5278 patronymica
1295 5204 1543 5270 formari,
1582 5221 1692 5261 non
1726 5218 1864 5276 gen-

287 5301 426 5365 tilia,
461 5299 757 5355 Clcdonius
806 5294 984 5353 docet.
1037 5294 1364 5353 Consentius
1408 5298 1547 5352 alter
1587 5312 1864 5369 gramma-

294 5390 435 5447 ticus
472 5392 547 5446 ait
578 5390 656 5462 (ά)
686 5409 701 5445 :
758 5390 1142 5459 Patronymica
1184 5391 1397 5443 nomina
1426 5390 1683 5459 feminina
1726 5390 1784 5444 in
1818 5392 1867 5446 is

286 5481 431 5551 ﬁeri,
457 5492 514 5535 ut
534 5478 784 5535 Lucanus
811 5479 877 5533 ab
913 5475 1115 5534 Hibera
1145 5476 1379 5533 Hiberis.
1414 5478 1511 5534 Est
1543 5486 1726 5533 autem
1769 5476 1867 5533 Hi-

293 5574 460 5638 beris,
493 5575 712 5644 opinor,
753 5588 783 5629 a
820 5573 1045 5644 regione
1092 5583 1293 5627 nomen
1331 5566 1585 5627 inditum.
1628 5568 1867 5629 Thomas

368 5706 444 5775 (a)
483 5705 670 5761 Emere.
704 5706 859 5777 ,I’lin.
890 5723 943 5777 ρ.
965 5702 1090 5762 6l6.

365 5772 442 5846 (ὁ)
472 5779 628 5847 Tom.
668 5776 710 5830 ll
743 5772 1222 5835 Granimaticormn
1256 5784 1557 5847 veterum,p.
1592 5772 1749 5832 1892.

367 5847 436 5921 (cl
473 5845 706 5908 Salmas.
742 5863 865 5922 pag.
904 5849 1026 5907 612.

1964 4649 2314 4720 signiﬁcent,
2348 4655 2577 4701 tractum
2637 4645 2961 4713 superiorem
3013 4642 3071 4695 in
3122 4639 3293 4695 sacris
3324 4636 3548 4692 Litteris

1962 4740 2240 4810 regionem
2268 4737 2416 4790 illam
2447 4733 2649 4788 vocari.
2685 4731 2844 4799 Quod
2866 4738 2952 4785 est
2978 4726 3396 4783 alienissimum.
3429 4723 3549 4777 Non

1964 4831 2069 4886 hoc
2121 4829 2255 4885 dicit
2292 4817 2728 4897 Epiphanius,tii
2776 4815 2967 4888 οὗτος,
3024 4819 3118 4875 sed
3172 4816 3395 4870 κοιλάδα
3448 4814 3548 4884 τὴν

1963 4922 2169 4994 ἁλυκὴν
2220 4919 2479 4990 appellari
2535 4916 2671 4971 dicit
2711 4915 2809 4987 τὴν
2861 4910 3268 4983 ὑπερκειμένην
3326 4908 3545 4979 χώρανε

1924 5015 2110 5085 ιῳιοᾱ
2153 5021 2207 5068 et
2237 5025 2426 5066 verum
2459 5016 2574 5075 est;
2621 5022 2746 5062 nam
2791 5004 3010 5075 φάραγξ
3065 5002 3237 5074 ἁλυκή
3279 5000 3437 5055 vallis
3484 5014 3548 5057 ea

1965 5107 2166 5162 dicitur
2189 5144 2204 5168 ,
2235 5103 2372 5159 Gen.
2416 5118 2542 5165 xiv,
2580 5102 2635 5167 '5,
2677 5099 2770 5154 ubi
2800 5097 3135 5167 Asphaltites
3171 5096 3324 5150 lacus
3357 5102 3548 5164 postea

1966 5194 2141 5250 factus
2165 5200 2267 5247 est.
2294 5191 2363 5245 At
2394 5192 2539 5247 enim
2570 5189 2940 5261 ὑπερκειμένη
2972 5187 3126 5260 χώρα
3148 5203 3260 5243 non
3300 5195 3447 5242 recte
3479 5185 3548 5240 de

1966 5287 2103 5342 mari
2149 5284 2363 5340 Mortuo
2391 5322 2407 5350 ,
2463 5283 2550 5338 vel
2582 5281 2888 5352 Aspbaltite
2920 5281 3042 5336 lacu
3075 5279 3299 5334 dicitur.
3338 5276 3547 5331 Viderit

1967 5380 2060 5450 qui
2095 5380 2169 5433 ita
2207 5377 2395 5433 Graece
2437 5375 2700 5447 scripsit:
2734 5373 2865 5445 quid
2903 5373 3010 5428 hoc
3046 5372 3112 5428 ad
3159 5367 3548 5440 interpretem?

1968 5469 2341 5543 ὑπερκειμένη
2370 5467 2524 5540 χώρα
2564 5468 2701 5523 velis
2743 5467 2888 5524 nolis
2930 5474 3133 5519 tractus
3162 5470 3245 5518 est
3283 5462 3542 5527 superior.

1971 5557 2080 5619 Sed
2111 5576 2290 5632 neque
2324 5560 2664 5632 Epiphanius
2693 5560 2751 5614 in
2776 5558 2939 5628 culpa
2978 5563 3097 5612 est:
3131 5567 3309 5623 neque
3331 5556 3387 5604 tu
3419 5563 3544 5613 sea.

2063 5699 2127 5768 ά)
2149 5697 2305 5753 Tom.
2344 5695 2389 5768 ll
2421 5692 3098 5768 Grammalicoptmret,p.
3129 5682 3287 5739 2021.

2063 5699 2127 5768 ά)
2149 5699 2305 5753 Tom.
2344 5699 2389 5751 ll
2421 5699 2903 5751 Grammaticorum
2927 5702 2959 5741 ιη

2041 5699 2110 5844 ξίν)
2141 5768 2270 5842 Pag.
2305 5767 2427 5826 560.
2459 5766 2560 5823 Ed.
2596 5764 2732 5820 ltob.
2771 5759 2959 5831 Strph.
