3938 6214
415 407 518 467 639

1743 399 1921 457 DION.
1968 397 2143 453 PETA
2155 400 2260 457 νιυ
2273 401 2310 456 S

3563 399 3673 458 διο

415 536 538 575 sum
568 521 688 591 ejus
722 517 1004 588 accepisti.
1035 515 1227 572 Refert
1259 515 1616 587 Epiphanius,
1655 515 1894 573 Ossenos
1922 532 1985 571 ex
2016 517 2060 573 Λ
2091 515 2289 570 Strabo
2325 517 2418 571 lib.
2459 533 2533 570 xu
2563 511 2877 572 dellclieni's
2913 557 2926 581 ,
2967 517 3100 572 urbe
3139 526 3190 574 et
3236 517 3374 571 colle
3413 517 3670 588 loquens,

417 610 595 665 Peraea
625 609 808 664 Judtea
842 608 1116 678 profectos
1148 623 1291 674 esse,
1324 609 1427 663 hoc
1453 619 1536 664 est
1573 609 1847 673 Nabatwa,
1883 623 1989 663 oze-

414 701 655 771 terisque
705 700 1113 755 transamnanis
1157 701 1473 770 regionibus
1504 741 1518 765 ,
1549 716 1669 770 quae
1702 702 1757 754 in
1792 702 1991 756 Arabia

416 799 604 860 postea
640 791 860 846 consitae
912 800 1057 846 sunt.
1120 792 1225 847 Eas
1280 793 1532 862 regiones
1587 801 1740 848 trans
1795 794 1988 847 vallem

413 881 816 950 salsuginosam
842 895 983 935 esse.
1012 881 1131 946 Quo
1162 882 1404 946 nomine,
1426 882 1601 951 inquit
1633 883 1986 952 Epiphanius,

410 987 516 1026 non
547 981 746 1026 tractus
777 973 1064 1037 superioris
1085 1014 1099 1037 ,
1143 980 1201 1026 ut
1235 974 1491 1041 nugaris,
1518 973 1610 1028 sed
1639 975 1990 1044 salsuginem:

413 1063 592 1123 mltis,
620 1064 674 1116 in
703 1063 1006 1131 Scripturis
1048 1062 1275 1118 allectus
1307 1064 1395 1118 ille
1440 1064 1690 1132 superior
1725 1081 1854 1135 ager-
1880 1065 1994 1130 est,

410 1153 498 1205 ubi
523 1153 794 1222 quondam
811 1152 1046 1206 Sodoma
1065 1162 1118 1208 et
1131 1153 1452 1217 Gomorrha,
1473 1167 1775 1226 cxteraque
1789 1157 1986 1226 oppida

410 1245 630 1299 fuerunt
653 1283 668 1307 ,
697 1245 789 1314 qui
819 1245 971 1299 locus
1000 1262 1147 1303 nunc
1177 1261 1326 1301 mare
1361 1246 1632 1301 Mortuum
1665 1257 1769 1314 est,
1822 1250 1989 1331 ὑπερ-

409 1336 640 1406 κειμένη
682 1335 835 1405 χώρα
860 1350 922 1388 ea
948 1336 1175 1401 ratione,
1209 1336 1658 1405 quamdialeCtici
1682 1339 1987 1408 ampliatio—

409 1442 532 1480 nem
564 1435 782 1493 vocant,
808 1427 960 1482 lacus
992 1427 1081 1480 ille
1110 1427 1334 1482 dicitur.
1359 1427 1448 1483 Sic
1479 1430 1532 1483 in
1560 1428 1777 1501 Sibyllae
1791 1445 1983 1486 versu:

837 1525 1044 1576 Ἔσται
1073 1521 1269 1591 Δῆλος
1303 1523 1532 1591 ἄδηλος

409 1629 594 1682 quaero
649 1629 716 1668 ex
769 1623 850 1668 te:
891 1613 947 1667 Si
986 1615 1144 1692 ᾷῆλος
1173 1624 1288 1678 est,
1338 1609 1614 1685 quomodo
1665 1616 1897 1689 ἄδηλος;
1938 1617 1985 1672 si

410 1714 590 1760 autem
640 1706 870 1776 ἄδηλος,
913 1707 1185 1776 quomodo
1230 1706 1566 1778 δῆλοςῖΝοιι
1603 1710 1764 1763 simul
1801 1720 1854 1764 et
1893 1726 1986 1764 eo-

410 1798 532 1851 dem
575 1805 815 1867 tempore
850 1804 1142 1868 utrumque
1176 1807 1304 1854 sunt
1330 1814 1413 1863 ea,
1447 1799 1513 1854 de
1540 1800 1740 1870 quibus
1765 1808 1986 1854 contra-

407 1889 488 1940 ria
536 1887 682 1953 duo,
722 1896 814 1942 aut
861 1891 1156 1958 pugnantia
1217 1890 1511 1955 dicuntur,
1561 1892 1654 1946 sed
1708 1893 1848 1946 κατὰ
1888 1893 1986 1964 τὴν

404 1977 697 2030 ὲπέκτασιν
745 1979 891 2048 quod
928 1994 1051 2034 esse
1096 1979 1288 2048 desiit,
1349 1981 1529 2034 adhuc
1576 1982 1859 2036 tribuitur.
1905 1982 1984 2036 lta

405 2069 556 2140 χώρα
595 2070 748 2140 prius
782 2081 919 2136 erat,
955 2073 1048 2140 qui
1084 2087 1230 2127 nunc
1265 2075 1416 2128 lacus
1451 2083 1535 2127 est
1568 2082 1621 2127 ct
1653 2089 1822 2130 mare.
1861 2073 1986 2129 “330

405 2172 634 2231 propter
664 2161 918 2217 frivolum
952 2172 1105 2218 tuum
1131 2164 1427 2234 ἀπόρημοις
1463 2162 1563 2217 Ubi
1601 2166 1656 2217 in
1681 2182 1855 2218 rerum
1888 2183 1986 2219 na-

407 2262 528 2304 tura
566 2255 822 2320 reperisti,
856 2247 1085 2307 tractum
1111 2256 1358 2324 regionis,
1391 2254 1488 2326 τὴν
1515 2255 1720 2326 χώραν,
1747 2255 1985 2310 eumdem

403 2359 517 2396 esse
543 2359 660 2396 cum
697 2346 883 2398 mari?
926 2344 1089 2400 Potes
1117 2345 1307 2400 eodem
1338 2345 1463 2414 jure
1521 2345 1588 2400 de
1632 2361 1697 2400 eo
1747 2361 1983 2416 percon-

407 2433 546 2497 tari,
603 2435 746 2502 quod
791 2435 982 2488 Matth.
1021 2451 1119 2500 xu,
1158 2435 1210 2498 5,
1257 2437 1520 2506 scriptum
1569 2444 1681 2492 est:
1735 2456 1754 2488 ι
1784 2436 1987 2490 Hormi

407 2533 726 2591 resurgunt,
754 2544 772 2576 ι
803 2524 900 2577 Ubi
938 2526 993 2578 in
1031 2541 1208 2577 rerum
1242 2533 1438 2578 natura
1468 2527 1709 2593 reperisti
1749 2535 1986 2580 mortuos

408 2617 722 2682 resurgere?
754 2614 810 2668 Si
844 2616 988 2669 enim
1016 2615 1215 2670 mortui
1251 2624 1400 2682 sunt,
1435 2631 1543 2670 non
1574 2626 1905 2687 resurgunt;
1937 2618 1983 2673 si

406 2715 733 2773 resurgunt,
789 2721 896 2760 non
951 2707 1153 2760 mortui
1204 2715 1351 2763 sunt.
1401 2706 1775 2778 Respondebit
1824 2709 1984 2764 facile

408 2794 527 2858 tibi,
557 2797 647 2864 qui
684 2797 855 2864 prima
886 2797 1202 2853 dialectices
1248 2800 1516 2854 elementa
1550 2800 1838 2858 didicerit:
1872 2802 1985 2857 imo

406 2887 499 2956 qui
529 2889 738 2942 ratione
775 2889 849 2943 uti
880 2897 1159 2959 utcunque
1191 2891 1432 2946 sciverit.

479 2975 585 3031 Nec
609 2984 693 3031 est
718 2978 861 3047 quod
889 2979 1290 3052 ὑπερκειμένης
1317 2981 1400 3036 vel
1425 2981 1712 3051 superioris
1749 2991 1800 3038 te
1829 2997 1984 3038 voca-

405 3066 592 3121 bulum
627 3069 764 3123 adeo
802 3080 1169 3138 commoveat;
1227 3073 1382 3142 quasi
1432 3075 1486 3128 in
1535 3073 1706 3128 arduo
1762 3075 1867 3130 sita
1918 3090 1982 3130 ac

405 3174 676 3228 suspensa
709 3162 862 3231 regio
892 3177 1016 3217 esse
1045 3164 1333 3230 debuerit;
1363 3164 1503 3235 ὑπέρ
1535 3166 1679 3219 enim
1715 3179 1825 3219 non
1861 3173 1985 3220 tan-
2011 3185 2054 3241 ς

407 3259 522 3302 tum
569 3259 654 3305 est
707 3267 909 3319 supra,
943 3252 1038 3306 sed
1083 3254 1245 3308 etiam
1284 3255 1450 3308 ultra.
1492 3255 1582 3310 Sic
1611 3257 1900 3327 ὑπερόριον
1930 3258 1985 3312 id

406 3341 636 3406 dicitur,
669 3344 812 3410 quod
842 3344 984 3396 ultra
1011 3343 1144 3400 lines
1171 3360 1234 3399 ac
1271 3346 1470 3402 limites
1496 3349 1660 3401 situm
1685 3356 1802 3403 est:
1837 3348 1983 3418 quod

408 3430 480 3483 de
514 3432 738 3500 planitie
775 3447 838 3486 ac
865 3433 1124 3503 depressa
1163 3437 1408 3490 convalle
1438 3451 1548 3491 non
1582 3439 1782 3503 minus,
1819 3454 1984 3508 quam

409 3518 478 3572 de
509 3520 784 3574 montibus
823 3522 1078 3590 usurpari
1119 3525 1278 3578 solet.
1308 3525 1390 3578 lta
1428 3531 1482 3580 et
1505 3541 1751 3594 superum
1801 3535 1857 3582 et
1895 3529 1984 3581 in-

413 3610 585 3678 ferum
639 3624 669 3662 a
722 3609 934 3666 Latinis
985 3628 1094 3667 non
1141 3614 1209 3666 ab
1247 3615 1541 3671 eminentia
1579 3626 1635 3671 et
1673 3617 1981 3685 altitudine,

411 3701 495 3754 vel
528 3701 834 3757 declivitate
879 3704 1159 3761 dicuntur.
1193 3705 1390 3762 Strabo
1443 3709 1496 3762 in
1529 3710 1802 3781 plerisque
1850 3713 1985 3767 locis

411 3800 524 3843 tam
568 3793 949 3862 praepositione
992 3795 1164 3866 ὑπέρ,
1214 3812 1374 3866 quam
1430 3800 1596 3855 verbo
1661 3801 1984 3873 ὑπέρκειται

411 3898 549 3936 usus
601 3889 687 3939 est'
733 3885 872 3938 citra
917 3887 1168 3942 notitiam
1205 3890 1509 3946 altitudinis
1542 3901 1596 3947 et
1649 3897 1981 3950 eminentiae.

416 3973 490 4027 Ita
526 3975 662 4028 libro
691 3992 773 4030 v1:
829 3975 999 4049 ’Υπὲρ
1036 3977 1093 4030 δὲ
1135 3979 1243 4033 τῶν
1274 3981 1546 4053 Θουρίων,
1581 3985 1793 4054 inquit,
1824 3989 1918 4040 καὶ
1950 3989 1982 4058 ἡ

409 4063 690 4136 Ταυριανὴ
730 4064 880 4137 χώρα
931 4067 1195 4142 λεγομένη
1249 4071 1480 4144 ἴδρυται.
1541 4073 1714 4144 Supra
1763 4077 1985 4133 Thurios

407 4165 485 4208 est
525 4157 685 4209 etiam
710 4158 814 4211 sita
855 4162 998 4230 regio
1023 4178 1140 4232 qua:
1176 4162 1450 4218 Tauriana
1485 4165 1703 4220 dicitur.
1736 4165 1801 4220 Et
1825 4169 1987 4238 paulo

408 4257 532 4316 post
571 4249 708 4321 ὑπὲρ
746 4250 802 4304 δὲ
830 4252 1035 4307 τούτων
1069 4256 1313 4325 Βρέττιοι
1340 4258 1667 4329 χερρόνησον
1690 4259 1982 4322 οἰκοῦντες.

409 4337 576 4394 Libro
633 4341 760 4396 item
798 4359 828 4396 ’θ
886 4345 989 4399 sub
1035 4345 1292 4400 initium:
1353 4347 1782 4417 Ὑπεραλπείους
1826 4357 1986 4404 vocat

410 4432 804 4502 'l‘I'anSalpinos
863 4435 1116 4504 p0pulos.
1180 4438 1243 4488 υἱ
1314 4438 1412 4507 μὲν
1473 4438 1566 4492 οὖν
1624 4441 1818 4495 Κελτοὶ
1874 4444 1986 4506 τοῖς

2094 608 2414 679 ὑπέρκειται
2444 609 2500 662 δὲ
2528 609 2621 663 xui.
2643 609 2804 679 λίμνη
2835 608 3043 678 φύουσα
3077 609 3342 679 κάλαμον,
3376 624 3537 674 supra
3569 626 3673 677 pa-

2093 701 2176 754 lus
2200 709 2274 754 est
2322 701 2590 754 calamum
2625 699 2802 754 edens.
2841 701 2919 754 An
2951 717 3118 771 supra
3142 701 3332 756 collem
3366 702 3521 770 palus
3559 702 3673 754 im.

2093 791 2300 844 minet?
2333 791 2528 846 [terum
2560 791 2758 846 Strabo
2790 791 2911 846 libr.
2943 809 3029 845 xw
3077 792 3144 846 de
3194 791 3296 846 hoc
3341 791 3459 859 ipso
3485 830 3497 853 ,
3555 805 3675 859 quo

2090 882 2157 937 de
2203 883 2453 953 agimus,
2507 891 2682 936 tractu
2734 883 3004 952 loquens:
3058 882 3405 954 Ὑπέρκειται
3458 882 3514 934 δὲ
3565 883 3672 949 τῆς

2103 974 2390 1037 Ἰουδαίας,
2427 973 2522 1027 καὶ
2561 973 2660 1043 τῆς
2692 973 2893 1043 Κοίλης
2930 973 3163 1045 Συρίας,
3217 973 3377 1043 μέχρι
3407 972 3674 1024 Βαϐυλωο

2089 1065 2208 1128 νίας
2227 1104 2240 1128 ,
2278 1066 2370 1118 καὶ
2397 1067 2496 1135 τῆς
2523 1065 2617 1118 τοῦ
2645 1065 2928 1136 Εὐφράτου
2961 1065 3233 1135 ποταμίας
3261 1106 3276 1130 ,
3332 1065 3469 1134 πρὸς
3511 1065 3672 1118 νότον

2102 1157 2328 1226 Ἀραϐία
2358 1159 2532 1220 πᾶσα,
2565 1158 2734 1229 χωρὶς
2771 1157 2876 1210 τῶν
2915 1158 2972 1209 ὲν
2999 1159 3066 1227 τῇ
3099 1156 3492 1227 Μεσοποταμίᾳ
3522 1157 3671 1224 Σκηο

2087 1248 2248 1301 νιτῶν
2275 1266 2288 1278 ν
2317 1247 2491 1317 Supra
2522 1249 2770 1303 Judaeum
2795 1257 2842 1303 et
2875 1247 3236 1318 leesyriam,
3270 1264 3432 1317 usque
3458 1247 3526 1301 ad
3553 1247 3670 1300 Ba-

2089 1341 2377 1410 byloniam,
2412 1349 2460 1393 et
2490 1341 2759 1409 fluvialem
2789 1340 3076 1410 Euphratis
3104 1340 3358 1409 regionem
3379 1379 3393 1404 ,
3420 1344 3705 1393 austrum'

2088 1447 2286 1496 versus,
2321 1441 2431 1485 tota
2469 1442 2544 1486 est
2571 1431 2792 1496 Arabia,
2821 1441 3015 1501 prater
3042 1430 3305 1495 Scenitas,
3337 1433 3426 1500 qui
3457 1432 3511 1484 in
3545 1430 3668 1485 Me-

2086 1521 2384 1588 sopotamia
2421 1531 2562 1575 sunt.
2614 1521 2778 1576 Vides
2820 1528 2878 1574 ut
2931 1535 3096 1590 supra
3127 1519 3368 1578 Judzeam
3409 1522 3665 1590 regiones

2088 1610 2209 1666 illas
2239 1613 2488 1672 collocet,
2513 1621 2567 1666 et
2597 1612 2953 1683 ὑπερκεῖσθαι
2981 1612 3150 1676 dicat,
3185 1612 3288 1666 hoc
3313 1619 3398 1666 est
3424 1612 3667 1680 superia-

2087 1718 2168 1755 res
2218 1719 2367 1767 esse;
2416 1703 2559 1771 quod
2603 1702 2744 1757 idem
2791 1712 2874 1758 est
2920 1711 3086 1773 atque
3129 1703 3424 1757 ulteriores.
3461 1703 3666 1757 Eodem

2089 1795 2272 1862 itaque
2297 1794 2458 1848 modo
2482 1795 2579 1864 τὴν
2606 1794 3008 1865 ὑπερκειμένην
3035 1794 3217 1866 χώραν
3245 1803 3479 1849 tractum
3510 1795 3663 1848 illum

2089 1885 2428 1954 superiorem
2484 1885 2698 1939 vocavit
2751 1885 3126 1954 Epiphanius,
3185 1886 3279 1954 qui
3339 1883 3540 1940 Iudaea:
3593 1884 3664 1938 ad

2087 1976 2351 2030 orientem
2395 1986 2448 2030 et
2479 1976 2762 2031 meridiem
2793 1977 3019 2032 ultimus
3050 1988 3174 2042 est,
3210 1987 3263 2032 et
3293 1992 3458 2046 supra
3492 1976 3665 2032 Palae-

2090 2066 2294 2122 stinam
2329 2067 2633 2135 reliquam:
2669 2066 2762 2135 qui
2793 2080 2921 2134 ager
2953 2068 3106 2132 olim,
3142 2075 3195 2122 et
3224 2067 3410 2130 κοιλὰς
3466 2068 3660 2139 ἁλυκή,

2087 2165 2274 2224 postea
2313 2157 2466 2210 lacus
2501 2154 2636 2209 fuit:
2691 2164 2972 2224 postquam
3019 2155 3162 2211 Deus
3211 2155 3563 2210 Gomorrham
3611 2167 3660 2211 et

2088 2244 2321 2300 Sodoma
2352 2244 2626 2299 subvertit.

2159 2332 2228 2388 Ut
2254 2334 2418 2405 igitur
2444 2335 2644 2389 Arabia
2668 2336 3041 2409 ὑπερκειμένη
3081 2337 3234 2410 χώρα
3261 2338 3464 2396 Iudaeae
3494 2343 3662 2396 totius

2088 2440 2118 2478 a
2152 2424 2420 2481 Strabone
2447 2426 2850 2497 dicitur,.quia
2882 2430 3008 2484 huic
3048 2431 3116 2484 ad
3149 2432 3430 2487 meridiem
3465 2433 3663 2489 obver-

2088 2518 2250 2573 titur:
2280 2518 2360 2573 sic
2389 2519 2610 2588 reliquae
2647 2517 2846 2574 Iudaea:
2875 2522 3240 2593 ὑπερκειμένη
3271 2524 3473 2579 dicitur
3496 2566 3508 2590 ,
3541 2541 3663 2596 qua:

2086 2607 2363 2677 quondam
2394 2607 2547 2680 χώρα
2579 2609 2717 2674 fuit,
2746 2609 2908 2664 hodie
2946 2611 3100 2667 lacus
3145 2622 3249 2668 est.
3289 2613 3567 2684 Siquidem
3607 2623 3661 2671 et

2086 2706 2363 2753 extremus
2391 2698 2693 2756 Palaestinae
2731 2702 2887 2757 limes
2918 2703 2984 2756 ad
3016 2705 3281 2758 orientem
3327 2721 3470 2776 saepe
3507 2707 3661 2761 lacus

2087 2789 2176 2844 ille
2226 2789 2281 2844 in
2325 2789 2629 2861 Scripturis
2687 2795 2986 2856 sntuitur.
3035 2805 3092 2851 ut
3127 2797 3289 2853 Num.
3328 2814 3533 2864 xxxrv,
3583 2800 3656 2866 ὃς

2089 2879 2246 2944 Deut.
2279 2898 2365 2950 ιιι,
2399 2884 2498 2949 l7;
2536 2883 2704 2940 Josue
2734 2902 2836 2951 xv,
2867 2886 2922 2940 2.
2949 2887 3096 2943 Nihil
3122 2900 3206 2945 est
3237 2890 3438 2945 verius.
3471 2889 3662 2945 Omnis

2086 2973 2140 3027 in
2182 2975 2562 3046 interpolando
2591 2978 2950 3048 vexandoque
2989 2979 3109 3034 loco
3152 2980 3244 3035 illo
3284 2980 3538 3038 Salmasii
3567 2997 3661 3036 co-

2086 3071 2249 3120 natus
2276 3065 2466 3120 irritus
2509 3075 2564 3120 et
2602 3067 2782 3124 inanis
2826 3077 2930 3124 est.
2969 3067 3130 3125 Jubet
3168 3069 3454 3140 Epiphanii
3497 3073 3659 3126 verba

2087 3157 2169 3212 sic
2221 3157 2457 3224 instrui,
2491 3159 2648 3227 quasi
2681 3159 2946 3228 scriptum
2994 3169 3170 3216 exstet
3215 3163 3326 3232 (a):
3367 3162 3487 3215 Τῶν
3532 3163 3659 3215 ἐπέ-

2087 3264 2242 3302 κεινα
2276 3249 2677 3320 ὑπερκειμένης
2725 3249 2907 3321 χώρας
2947 3251 3047 3322 τῆς
3093 3252 3337 3316 κοιλάδος
3388 3253 3486 3323 τῆς
3533 3253 3662 3306 ἀλυ-

2087 3341 2190 3410 κῆς
2216 3377 2232 3403 ,
2273 3341 2540 3410 regionum
2585 3343 2810 3394 sitarum
2855 3351 3001 3395 trans
3040 3344 3295 3412 regionem
3323 3345 3462 3400 uallo
3494 3345 3659 3398 maris

2090 3430 2290 3484 βίονιαί
2323 3431 2751 3499 superjacentem.
2792 3431 2922 3485 Nam
2977 3433 3120 3487 ultra
3170 3435 3443 3503 regionem
3495 3436 3661 3490 maris

2092 3520 2292 3576 Mortui
2319 3522 2600 3579 littoribus
2642 3524 2981 3592 adjacentem
3007 3533 3125 3579 erat
3163 3524 3436 3590 Nabataea,
3467 3525 3660 3580 Ituraza

2087 3625 2140 3670 et
2167 3613 2438 3668 Moabitis.
2467 3613 2592 3668 Haec
2621 3631 2797 3685 neque
2833 3617 3144 3672 necessaria
3180 3623 3301 3681 est,
3336 3625 3390 3672 et
3423 3619 3659 3673 absurda

2088 3711 2173 3760 est
2225 3705 2532 3775 insciteque
2580 3708 2884 3777 castigatio.
2936 3706 3316 3762 Necessariam
3373 3724 3484 3762 non
3539 3724 3661 3764 esse

2089 3797 2289 3866 probat
2331 3799 2478 3867 quod
2527 3813 2626 3868 pro
2679 3808 2894 3869 recepta
2931 3800 3162 3854 lectione
3190 3800 3524 3870 disputatum
3551 3811 3660 3855 est.

2088 3890 2417 3945 Absurditas
2447 3905 2510 3944 ex
2540 3905 2606 3945 eo
2655 3898 2842 3960 patet,
2872 3890 3018 3959 quod
3048 3890 3251 3961 ἁλυκὴν
3281 3891 3501 3945 κοιλάδα
3535 3891 3662 3960 Epi-

2089 3981 2324 4050 phanius
2349 3995 2496 4036 mare
2527 3980 2798 4036 Mortuum
2830 3983 3080 4052 appellet.
3108 3981 3321 4051 Quippe
3351 3984 3541 4038 hagresi
3569 3984 3657 4047 55,

2089 4087 2211 4141 qua).
2264 4082 2349 4128 est
2383 4072 2781 4143 Sampsaaorum
2806 4112 2821 4138 ,
2872 4074 2984 4138 ait,
3023 4073 3157 4127 istos
3211 4074 3304 4142 qui
3345 4085 3398 4128 et
3431 4074 3656 4128 Escesazi

2090 4172 2256 4230 sunt,
2317 4164 2372 4218 in
2416 4161 2600 4218 Peraea
2641 4164 2883 4218 versari:
2925 4163 3082 4216 Οὕτω
3131 4163 3440 4236 καλουμένῃ
3485 4164 3658 4236 χώρᾳ,

2091 4254 2261 4323 πέραν
2299 4253 2400 4324 τῆς
2440 4254 2701 4323 Ἀλυκῆς,
2751 4253 2870 4323 ἢτοι
2918 4254 3137 4324 Νεκρᾶς
3189 4253 3527 4324 καλουμένης
3575 4255 3659 4306 Θα-

2087 4344 2293 4415 λάσσης
2339 4347 2395 4397 ὲν
2425 4347 2488 4416 τῇ
2535 4344 2816 4398 Μοαόίτιδι
2847 4343 2999 4416 χώρᾳ
3046 4345 3172 4416 περὶ
3209 4346 3296 4397 τὸν
3328 4346 3660 4416 χειμάρρουν

2103 4439 2336 4508 Ἀρνὼν,
2382 4441 2476 4493 καὶ
2521 4441 2778 4495 ἐπέκεινα
2824 4441 2882 4493 ὲν
2919 4444 2987 4510 τῇ
3041 4441 3304 4512 Ἰτουραίᾳ
3350 4443 3441 4493 καὶ
3486 4441 3662 4495 Ναϐα-

407 4519 795 4591 ὑπεραλπείοις
845 4521 1123 4591 ὁμοεθνεῖς
1157 4525 1284 4579 εἰσι.
1338 4525 1403 4580 Ει
1449 4528 1640 4582 eodem
1690 4530 1826 4584 libro
1857 4533 1982 4595 τοὺς

2091 4531 2215 4584 τίδιο
2253 4531 2386 4597 Qum
2414 4530 2603 4584 Pera'a
2633 4541 2887 4594 vocatur;
2917 4548 3032 4600 qua:
3059 4541 3134 4584 est
3160 4541 3303 4584 trans
3326 4532 3526 4585 salsum
3557 4533 3660 4585 sitve

408 4613 805 4684 ὑπεραλπείους
849 4614 1090 4679 Κελτούς
1136 4618 1391 4687 appellat.
1433 4605 1682 4676 Rursus:
1727 4623 1895 4693 Ὑπὲρ
1926 4624 1984 4677 δὲ

407 4703 744 4767 Πλακεντίας
773 4705 866 4758 ἐπὶ
897 4707 993 4776 μὲν
1026 4708 1122 4760 τοῦ
1160 4709 1319 4780 ὅρους
1341 4710 1440 4780 τῆς
1465 4710 1671 4763 Κόττου
1699 4713 1801 4782 γῆς
1833 4714 1984 4767 Τίκι-

407 4811 498 4847 νον
521 4797 577 4846 ἐν
609 4795 696 4858 λς’
735 4796 931 4866 μιλίοις
961 4799 1132 4865 πόλις,
1166 4801 1261 4852 καὶ
1289 4800 1573 4872 ὁμώνυμος
1603 4805 1631 4856 ὁ
1655 4805 1984 4875 παραρρέων

409 4886 653 4954 ποταμὸς
682 4887 1002 4957 συμϐάλλων
1041 4889 1117 4959 τῷ
1144 4891 1322 4961 Πάδῳ⁶
1358 4891 1532 4961 Supra
1557 4893 1884 4948 Placentiam
1915 4897 1983 4949 ad

409 4977 538 5044 ﬁnes
570 4979 795 5045 regionis
827 4978 968 5035 Cotti
1000 4982 1242 5036 Ticinum
1273 4984 1397 5038 urbs
1446 4986 1590 5040 abest
1645 4989 1860 5058 triginta
1893 5005 1984 5043 rex

409 5067 676 5128 millibus.
709 5080 756 5122 et
793 5071 1022 5139 ejusdem
1052 5078 1277 5131 nominis
1309 5078 1505 5146 ﬂumen
1532 5081 1892 5148 printer/luens
1934 5091 1982 5134 et

409 5160 465 5212 in
501 5159 710 5214 Padum
743 5164 996 5218 incidens.
1029 5166 1160 5231 Quae
1193 5167 1480 5225 Strabonis
1514 5172 1677 5225 verba
1708 5173 1754 5227 si
1783 5170 1986 5226 Salma-

409 5253 528 5307 sius
561 5257 968 5324 interpretetur,
999 5273 1105 5310 non
1146 5259 1434 5324 dubitabit,
1468 5262 1599 5330 quin
1638 5270 1692 5316 et
1721 5261 1858 5316 Galli
1885 5278 1986 5319 nos

407 5359 600 5399 omnes
640 5345 694 5398 in
749 5361 874 5400 aere
912 5349 1166 5417 suspensi
1219 5350 1420 5417 simus;
1469 5360 1522 5405 et
1558 5350 1812 5408 Ticinum
1861 5369 1984 5407 cum

408 5434 574 5490 ﬂuvio
624 5453 724 5493 suo
777 5440 829 5490 in
862 5439 1010 5493 edito
1059 5439 1240 5507 aliquo
1289 5440 1409 5495 loco
1443 5441 1610 5496 situm
1653 5441 1984 5496 Placentiam

407 5528 548 5582 infra
581 5544 641 5583 se
669 5530 956 5601 despiciat.
992 5529 1112 5586 Non
1138 5532 1282 5586 enim
1325 5533 1720 5606 ὑπερκεῖσθαι,
1753 5543 1847 5588 aut
1877 5550 1986 5591 esse

407 5639 570 5693 supra
592 5665 607 5691 ,
637 5624 745 5679 dici
785 5633 1002 5696 potest,
1053 5627 1162 5684 nisi
1195 5627 1341 5699 quod
1384 5628 1678 5685 sublimius
1709 5635 1812 5704 est.
1839 5627 1983 5685 ldem

480 5779 558 5849 (α)
596 5779 827 5838 Salinas.
861 5800 910 5852 ιι.
940 5783 1058 5840 615.

2091 4623 2364 4677 Mortuum
2397 4639 2542 4677 mare
2568 4662 2583 4688 ,
2637 4622 2775 4692 quod
2804 4622 2998 4677 dicitur
3030 4623 3083 4675 in
3129 4621 3418 4676 Moabitide
3447 4621 3516 4674 ad
3551 4632 3661 4675 tor-

2090 4721 2285 4766 rentem
2318 4714 2516 4776 Arnen,
2557 4725 2605 4766 et
2653 4713 2796 4764 ultra
2833 4713 2888 4764 in
2925 4709 3125 4785 Ιιιιηωα
3160 4719 3210 4764 et
3240 4708 3523 4762 Nabatwa.
3557 4709 3658 4765 Sed

2089 4812 2144 4858 et
2174 4802 2475 4860 Salmasius
2524 4804 2627 4858 hoc
2668 4804 2784 4871 ipse
2821 4803 3144 4866 conﬁtetur,
3177 4802 3274 4871 τὴν
3309 4801 3532 4856 κοιλάδα
3563 4802 3660 4871 τὴν

2103 4890 2334 4963 Ἀλυκήν
2373 4907 2472 4960 pro
2505 4891 2644 4944 mari
2695 4890 2906 4945 Mortuo
2934 4891 3074 4946 sumi
3117 4891 3186 4944 ab
3221 4890 3546 4960 Epiphanio.
3584 4889 3659 4944 Ex

2089 4983 2479 5053 quojocularis
2516 4983 2605 5035 illa
2637 4984 2994 5037 correctionis
3029 4984 3295 5038 sententia
3327 4984 3614 5037 coniicitur
3643 5002 3657 5038 :

2092 5072 2467 5138 Moabitidem,
2503 5071 2762 5127 lturceam
2785 5111 2800 5135 ,
2829 5082 2878 5126 el
2915 5082 3132 5126 eceterae
3164 5073 3308 5126 ultra
3339 5091 3485 5128 mare
3515 5073 3662 5127 Mor-

2093 5175 2239 5218 tuum
2270 5182 2402 5230 esse,
2428 5164 2566 5235 quod
2593 5165 2726 5218 idem
2755 5164 3027 5219 Mortuum
3057 5183 3201 5220 mare
3229 5176 3309 5220 est
3337 5183 3498 5234 supra
3522 5183 3659 5220 mar:

2092 5251 2384 5306 Mortuum.
2421 5253 2630 5308 Etenim
2664 5254 2913 5326 κοιλὰςή
2962 5255 3132 5326 ἀλυκή
3190 5273 3339 5310 mare
3392 5257 3659 5310 hiortuum

2091 5354 2220 5410 est,
2282 5353 2340 5399 ut
2387 5346 2726 5415 Epiphanius
2778 5347 2982 5402 diserte
3042 5347 3274 5411 scribit,
3333 5348 3661 5402 assentiente

2093 5439 2490 5510 grammatico:
2535 5453 2698 5509 porro
2724 5439 3095 5512 ὑπερκειμένη
3146 5439 3298 5511 χώρα
3332 5439 3506 5494 eidem
3541 5438 3668 5509 I‘Ipil'

2093 5531 2295 5603 phanio
2331 5546 2442 5586 non
2489 5531 2594 5585 alia
2631 5538 2752 5599 est,
2803 5547 2966 5601 quam
3006 5532 3298 5602 ipsummct
3336 5545 3484 5584 mare
3521 5528 3661 5582 M‘ur-

2058 5696 2060 5698 τ
2094 5634 2268 5682 tuum.
2312 5624 2544 5696 Subjicit
2581 5625 2766 5681 enim:
2815 5623 3015 5678 ἔστιδὲ
3061 5622 3200 5694 αὕτη
3232 5620 3422 5695 Νεκρὰ
3466 5621 3660 5676 καλου·
