  <div class='ocr_page' id='page_1' title='image "/cluster/home/n/w/nwhite01/storage/ocr_20150623/43/mdp.39015013284818/360.png"; bbox 0 0 3938 6214; ppageno 0'>
   <div class='ocr_carea' id='block_1_1' title="bbox 229 298 330 356">
    <p class='ocr_par' dir='ltr' id='par_1_1' title="bbox 229 298 330 356">
     <span class='ocr_line' id='line_1_1' title="bbox 229 298 330 356; baseline 0.01 -2"><span class='ocrx_word' id='word_1_1' title='bbox 229 298 330 356; x_wconf 67' lang='grc' dir='ltr'><strong>ιιι</strong></span> 
     </span>
    </p>
   </div>
   <div class='ocr_carea' id='block_1_2' title="bbox 1256 289 2488 349">
    <p class='ocr_par' dir='ltr' id='par_1_2' title="bbox 1256 289 2488 349">
     <span class='ocr_line' id='line_1_2' title="bbox 1256 289 2488 349; baseline 0.002 -3"><span class='ocrx_word' id='word_1_2' title='bbox 1256 291 1624 349; x_wconf 79' lang='lat' dir='ltr'><strong>ADVERSUS</strong></span> <span class='ocrx_word' id='word_1_3' title='bbox 1663 289 2023 349; x_wconf 79' lang='lat' dir='ltr'><strong>CLAUDIUM</strong></span> <span class='ocrx_word' id='word_1_4' title='bbox 2060 290 2488 349; x_wconf 53' lang='lat' dir='ltr'><strong>SALSIASIUM.</strong></span> 
     </span>
    </p>
   </div>
   <div class='ocr_carea' id='block_1_3' title="bbox 3400 296 3507 353">
    <p class='ocr_par' dir='ltr' id='par_1_3' title="bbox 3400 296 3507 353">
     <span class='ocr_line' id='line_1_3' title="bbox 3400 296 3507 353; baseline -0.009 0"><span class='ocrx_word' id='word_1_5' title='bbox 3400 296 3507 353; x_wconf 63' lang='grc'><strong>643</strong></span> 
     </span>
    </p>
   </div>
   <div class='ocr_carea' id='block_1_4' title="bbox 232 394 1818 488">
    <p class='ocr_par' dir='ltr' id='par_1_4' title="bbox 232 408 1818 488">
     <span class='ocr_line' id='line_1_4' title="bbox 232 408 1818 488; baseline -0.002 -20"><span class='ocrx_word' id='word_1_6' title='bbox 232 414 375 488; x_wconf 84' lang='grc' dir='ltr'>μένη</span> <span class='ocrx_word' id='word_1_7' title='bbox 431 412 696 468; x_wconf 82' lang='grc' dir='ltr'>θάλασσα.</span> <span class='ocrx_word' id='word_1_8' title='bbox 756 408 855 464; x_wconf 84' lang='lat' dir='ltr'><strong>Ubi</strong></span> <span class='ocrx_word' id='word_1_9' title='bbox 898 423 1195 480; x_wconf 87' lang='lat' dir='ltr'><strong>pronomen</strong></span> <span class='ocrx_word' id='word_1_10' title='bbox 1256 411 1393 482; x_wconf 73' lang='grc' dir='ltr'>αὕτη</span> <span class='ocrx_word' id='word_1_11' title='bbox 1450 412 1515 466; x_wconf 87' lang='lat' dir='ltr'><strong>ad</strong></span> <span class='ocrx_word' id='word_1_12' title='bbox 1573 413 1818 481; x_wconf 76' lang='lat' dir='ltr'><strong>proxime</strong></span> 
     </span>
    </p>
   </div>
   <div class='ocr_carea' id='block_1_5' title="bbox 1924 394 3502 488">
    <p class='ocr_par' dir='ltr' id='par_1_5' title="bbox 1926 394 3502 483">
     <span class='ocr_line' id='line_1_5' title="bbox 1926 394 3502 483; baseline 0.005 -22"><span class='ocrx_word' id='word_1_13' title='bbox 1926 410 2058 464; x_wconf 82' lang='grc' dir='ltr'>λάδα</span> <span class='ocrx_word' id='word_1_14' title='bbox 2094 394 2202 463; x_wconf 67' lang='grc' dir='ltr'><strong>τῶν</strong></span> <span class='ocrx_word' id='word_1_15' title='bbox 2250 410 2391 465; x_wconf 80' lang='grc' dir='ltr'>ἀλῶν</span> <span class='ocrx_word' id='word_1_16' title='bbox 2442 410 2689 465; x_wconf 81' lang='lat' dir='ltr'><strong>dixisset.</strong></span> <span class='ocrx_word' id='word_1_17' title='bbox 2746 407 2805 464; x_wconf 91' lang='lat' dir='ltr'><strong>In</strong></span> <span class='ocrx_word' id='word_1_18' title='bbox 2860 406 3059 466; x_wconf 81' lang='lat' dir='ltr'><strong>cenes.</strong></span> <span class='ocrx_word' id='word_1_19' title='bbox 3114 426 3233 483; x_wconf 87' lang='lat' dir='ltr'><strong>cap.</strong></span> <span class='ocrx_word' id='word_1_20' title='bbox 3282 428 3394 477; x_wconf 78' lang='lat' dir='ltr'><strong>xw,</strong></span> <span class='ocrx_word' id='word_1_21' title='bbox 3448 414 3502 480; x_wconf 82' lang='lat'><strong>3,</strong></span> 
     </span>
    </p>
   </div>
   <div class='ocr_carea' id='block_1_6' title="bbox 229 502 1818 580">
    <p class='ocr_par' dir='ltr' id='par_1_6' title="bbox 229 502 1818 580">
     <span class='ocr_line' id='line_1_6' title="bbox 229 502 1818 580; baseline -0.004 -16"><span class='ocrx_word' id='word_1_22' title='bbox 229 511 473 580; x_wconf 76' lang='lat' dir='ltr'><strong>positam</strong></span> <span class='ocrx_word' id='word_1_23' title='bbox 532 504 935 575; x_wconf 81' lang='grc' dir='ltr'><strong>ὑπερκειμένην</strong></span> <span class='ocrx_word' id='word_1_24' title='bbox 981 502 1166 573; x_wconf 80' lang='grc' dir='ltr'>χώραν</span> <span class='ocrx_word' id='word_1_25' title='bbox 1220 502 1475 558; x_wconf 78' lang='lat' dir='ltr'><strong>refertur.</strong></span> <span class='ocrx_word' id='word_1_26' title='bbox 1516 502 1818 558; x_wconf 86' lang='lat' dir='ltr'><strong>Salmasius</strong></span> 
     </span>
    </p>
   </div>
   <div class='ocr_carea' id='block_1_7' title="bbox 228 595 1820 664">
    <p class='ocr_par' dir='ltr' id='par_1_7' title="bbox 228 595 1820 664">
     <span class='ocr_line' id='line_1_7' title="bbox 228 595 1820 664; baseline -0.004 -9"><span class='ocrx_word' id='word_1_27' title='bbox 228 598 669 657; x_wconf 87' lang='lat' dir='ltr'><strong>construendum</strong></span> <span class='ocrx_word' id='word_1_28' title='bbox 728 596 799 649; x_wconf 87' lang='lat' dir='ltr'><strong>ita</strong></span> <span class='ocrx_word' id='word_1_29' title='bbox 876 595 1103 659; x_wconf 85' lang='lat' dir='ltr'><strong>statuit,</strong></span> <span class='ocrx_word' id='word_1_30' title='bbox 1147 596 1304 664; x_wconf 86' lang='lat' dir='ltr'><strong>quasi</strong></span> <span class='ocrx_word' id='word_1_31' title='bbox 1363 604 1510 651; x_wconf 90' lang='lat' dir='ltr'><strong>esset</strong></span> <span class='ocrx_word' id='word_1_32' title='bbox 1564 595 1820 648; x_wconf 79' lang='grc' dir='ltr'><strong>ἐπέκεινα</strong></span> 
     </span>
    </p>
   </div>
   <div class='ocr_carea' id='block_1_8' title="bbox 230 686 1813 762">
    <p class='ocr_par' dir='ltr' id='par_1_8' title="bbox 230 686 1813 762">
     <span class='ocr_line' id='line_1_8' title="bbox 230 686 1813 762; baseline -0.002 -19"><span class='ocrx_word' id='word_1_33' title='bbox 230 689 641 762; x_wconf 81' lang='grc' dir='ltr'><strong>ὑπερκειμένης</strong></span> <span class='ocrx_word' id='word_1_34' title='bbox 704 687 885 757; x_wconf 82' lang='grc' dir='ltr'>χώρας</span> <span class='ocrx_word' id='word_1_35' title='bbox 945 687 1044 757; x_wconf 82' lang='grc' dir='ltr'>τῆς</span> <span class='ocrx_word' id='word_1_36' title='bbox 1101 686 1343 751; x_wconf 83' lang='grc' dir='ltr'>κοιλάδος</span> <span class='ocrx_word' id='word_1_37' title='bbox 1410 687 1510 757; x_wconf 83' lang='grc' dir='ltr'><strong>τῆς</strong></span> <span class='ocrx_word' id='word_1_38' title='bbox 1564 687 1813 756; x_wconf 79' lang='grc' dir='ltr'>Ἀλυκῆς.</span> 
     </span>
    </p>
   </div>
   <div class='ocr_carea' id='block_1_9' title="bbox 231 778 1816 848">
    <p class='ocr_par' dir='ltr' id='par_1_9' title="bbox 231 778 1816 848">
     <span class='ocr_line' id='line_1_9' title="bbox 231 778 1816 848; baseline -0.001 -13"><span class='ocrx_word' id='word_1_39' title='bbox 231 781 416 848; x_wconf 98' lang='lat' dir='ltr'><strong>Quare</strong></span> <span class='ocrx_word' id='word_1_40' title='bbox 441 781 712 835; x_wconf 87' lang='lat' dir='ltr'><strong>barbarus</strong></span> <span class='ocrx_word' id='word_1_41' title='bbox 742 780 850 843; x_wconf 89' lang='lat' dir='ltr'><strong>ille,</strong></span> <span class='ocrx_word' id='word_1_42' title='bbox 878 793 1039 847; x_wconf 86' lang='lat' dir='ltr'><strong>quem</strong></span> <span class='ocrx_word' id='word_1_43' title='bbox 1070 778 1180 832; x_wconf 79' lang='lat' dir='ltr'><strong>dixi</strong></span> <span class='ocrx_word' id='word_1_44' title='bbox 1206 820 1219 843; x_wconf 92' lang='lat'><strong>,</strong></span> <span class='ocrx_word' id='word_1_45' title='bbox 1255 779 1586 847; x_wconf 86' lang='lat' dir='ltr'><strong>putidusque</strong></span> <span class='ocrx_word' id='word_1_46' title='bbox 1618 794 1816 833; x_wconf 83' lang='lat' dir='ltr'><strong>sensus</strong></span> 
     </span>
    </p>
   </div>
   <div class='ocr_carea' id='block_1_10' title="bbox 229 868 1816 937">
    <p class='ocr_par' dir='ltr' id='par_1_10' title="bbox 229 868 1816 937">
     <span class='ocr_line' id='line_1_10' title="bbox 229 868 1816 937; baseline -0.003 -12"><span class='ocrx_word' id='word_1_47' title='bbox 229 870 488 925; x_wconf 82' lang='lat' dir='ltr'><strong>exsistit:</strong></span> <span class='ocrx_word' id='word_1_48' title='bbox 534 870 767 937; x_wconf 77' lang='lat' dir='ltr'><strong>regiones</strong></span> <span class='ocrx_word' id='word_1_49' title='bbox 799 870 931 921; x_wconf 83' lang='lat' dir='ltr'><strong>istas</strong></span> <span class='ocrx_word' id='word_1_50' title='bbox 961 869 1159 935; x_wconf 88' lang='lat' dir='ltr'><strong>positas</strong></span> <span class='ocrx_word' id='word_1_51' title='bbox 1181 885 1292 921; x_wconf 89' lang='lat' dir='ltr'><strong>esse</strong></span> <span class='ocrx_word' id='word_1_52' title='bbox 1312 870 1453 921; x_wconf 87' lang='lat' dir='ltr'><strong>ultra</strong></span> <span class='ocrx_word' id='word_1_53' title='bbox 1485 885 1631 921; x_wconf 85' lang='lat' dir='ltr'><strong>mare</strong></span> <span class='ocrx_word' id='word_1_54' title='bbox 1665 868 1816 923; x_wconf 82' lang='lat' dir='ltr'><strong>Mor-</strong></span> 
     </span>
    </p>
   </div>
   <div class='ocr_carea' id='block_1_11' title="bbox 234 959 1817 1030">
    <p class='ocr_par' dir='ltr' id='par_1_11' title="bbox 234 959 1817 1030">
     <span class='ocr_line' id='line_1_11' title="bbox 234 959 1817 1030; baseline 0.001 -17"><span class='ocrx_word' id='word_1_55' title='bbox 234 972 381 1013; x_wconf 82' lang='lat' dir='ltr'><strong>tnum</strong></span> <span class='ocrx_word' id='word_1_56' title='bbox 406 1000 420 1024; x_wconf 89' lang='lat'><strong>,</strong></span> <span class='ocrx_word' id='word_1_57' title='bbox 457 960 599 1030; x_wconf 87' lang='lat' dir='ltr'><strong>quod</strong></span> <span class='ocrx_word' id='word_1_58' title='bbox 633 968 710 1014; x_wconf 86' lang='lat' dir='ltr'><strong>est</strong></span> <span class='ocrx_word' id='word_1_59' title='bbox 769 974 931 1027; x_wconf 90' lang='lat' dir='ltr'><strong>supra</strong></span> <span class='ocrx_word' id='word_1_60' title='bbox 977 976 1121 1013; x_wconf 88' lang='lat' dir='ltr'><strong>mare</strong></span> <span class='ocrx_word' id='word_1_61' title='bbox 1156 959 1446 1016; x_wconf 81' lang='lat' dir='ltr'><strong>Mortuum.</strong></span> <span class='ocrx_word' id='word_1_62' title='bbox 1480 960 1817 1030; x_wconf 82' lang='lat' dir='ltr'><strong>Epiphanius</strong></span> 
     </span>
    </p>
   </div>
   <div class='ocr_carea' id='block_1_12' title="bbox 231 1040 1818 1123">
    <p class='ocr_par' dir='ltr' id='par_1_12' title="bbox 231 1040 1818 1123">
     <span class='ocr_line' id='line_1_12' title="bbox 231 1040 1818 1123; baseline 0.001 -18"><span class='ocrx_word' id='word_1_63' title='bbox 231 1053 435 1123; x_wconf 89' lang='lat' dir='ltr'><strong>quippe</strong></span> <span class='ocrx_word' id='word_1_64' title='bbox 460 1052 651 1105; x_wconf 84' lang='lat' dir='ltr'><strong>eodem</strong></span> <span class='ocrx_word' id='word_1_65' title='bbox 689 1052 847 1105; x_wconf 86' lang='lat' dir='ltr'><strong>modo</strong></span> <span class='ocrx_word' id='word_1_66' title='bbox 878 1051 1099 1119; x_wconf 90' lang='lat' dir='ltr'><strong>scripsit</strong></span> <span class='ocrx_word' id='word_1_67' title='bbox 1132 1052 1263 1104; x_wconf 74' lang='lat' dir='ltr'><strong>haer.</strong></span> <span class='ocrx_word' id='word_1_68' title='bbox 1300 1051 1389 1115; x_wconf 88' lang='lat' dir='ltr'><strong>l9,</strong></span> <span class='ocrx_word' id='word_1_69' title='bbox 1420 1040 1656 1111; x_wconf 83' lang='lat' dir='ltr'><strong>Essenos</strong></span> <span class='ocrx_word' id='word_1_70' title='bbox 1695 1068 1818 1107; x_wconf 87' lang='lat' dir='ltr'><strong>esse</strong></span> 
     </span>
    </p>
   </div>
   <div class='ocr_carea' id='block_1_13' title="bbox 231 1140 1816 1214">
    <p class='ocr_par' dir='ltr' id='par_1_13' title="bbox 231 1140 1816 1214">
     <span class='ocr_line' id='line_1_13' title="bbox 231 1140 1816 1214; baseline 0.001 -20"><span class='ocrx_word' id='word_1_71' title='bbox 231 1141 496 1194; x_wconf 74' lang='grc' dir='ltr'>ἐπέκεινα</span> <span class='ocrx_word' id='word_1_72' title='bbox 520 1142 623 1211; x_wconf 82' lang='grc' dir='ltr'>τῆς</span> <span class='ocrx_word' id='word_1_73' title='bbox 667 1141 899 1208; x_wconf 79' lang='grc' dir='ltr'>Ἀλυκῆς</span> <span class='ocrx_word' id='word_1_74' title='bbox 932 1140 1073 1193; x_wconf 76' lang='grc' dir='ltr'>οὕτω</span> <span class='ocrx_word' id='word_1_75' title='bbox 1104 1142 1442 1213; x_wconf 81' lang='grc' dir='ltr'>καλουμένης</span> <span class='ocrx_word' id='word_1_76' title='bbox 1484 1144 1816 1214; x_wconf 83' lang='grc' dir='ltr'>ὑπερκειμέ-</span> 
     </span>
    </p>
   </div>
   <div class='ocr_carea' id='block_1_14' title="bbox 232 1230 1793 1303">
    <p class='ocr_par' dir='ltr' id='par_1_14' title="bbox 232 1230 1793 1303">
     <span class='ocr_line' id='line_1_14' title="bbox 232 1230 1793 1303; baseline 0.001 -15"><span class='ocrx_word' id='word_1_77' title='bbox 232 1250 329 1303; x_wconf 86' lang='grc' dir='ltr'><strong>νης</strong></span> <span class='ocrx_word' id='word_1_78' title='bbox 353 1230 543 1303; x_wconf 85' lang='grc' dir='ltr'>χώρας</span> <span class='ocrx_word' id='word_1_79' title='bbox 562 1273 577 1297; x_wconf 90' lang='grc'><strong>,</strong></span> <span class='ocrx_word' id='word_1_80' title='bbox 605 1247 726 1301; x_wconf 76' lang='lat' dir='ltr'><strong>qua:</strong></span> <span class='ocrx_word' id='word_1_81' title='bbox 754 1239 836 1287; x_wconf 90' lang='lat' dir='ltr'><strong>est</strong></span> <span class='ocrx_word' id='word_1_82' title='bbox 866 1231 1136 1286; x_wconf 83' lang='lat' dir='ltr'><strong>Mortuum</strong></span> <span class='ocrx_word' id='word_1_83' title='bbox 1164 1248 1345 1298; x_wconf 87' lang='lat' dir='ltr'><strong>mare;</strong></span> <span class='ocrx_word' id='word_1_84' title='bbox 1377 1250 1485 1302; x_wconf 84' lang='lat' dir='ltr'><strong>quo</strong></span> <span class='ocrx_word' id='word_1_85' title='bbox 1513 1236 1705 1289; x_wconf 70' lang='lat' dir='ltr'><strong>haeresi</strong></span> <span class='ocrx_word' id='word_1_86' title='bbox 1725 1237 1793 1289; x_wconf 78' lang='grc'><strong>55</strong></span> 
     </span>
    </p>
   </div>
   <div class='ocr_carea' id='block_1_15' title="bbox 232 1324 1817 1397">
    <p class='ocr_par' dir='ltr' id='par_1_15' title="bbox 232 1324 1817 1397">
     <span class='ocr_line' id='line_1_15' title="bbox 232 1324 1817 1397; baseline 0.001 -18"><span class='ocrx_word' id='word_1_87' title='bbox 232 1324 369 1379; x_wconf 66' lang='lat' dir='ltr'><strong>dixit</strong></span> <span class='ocrx_word' id='word_1_88' title='bbox 412 1339 538 1378; x_wconf 88' lang='lat' dir='ltr'><strong>esse</strong></span> <span class='ocrx_word' id='word_1_89' title='bbox 572 1324 744 1394; x_wconf 82' lang='grc' dir='ltr'>πέραν</span> <span class='ocrx_word' id='word_1_90' title='bbox 770 1327 869 1395; x_wconf 86' lang='grc' dir='ltr'><strong>τῆς</strong></span> <span class='ocrx_word' id='word_1_91' title='bbox 906 1324 1173 1394; x_wconf 78' lang='grc' dir='ltr'>Ἀλυκῆς,</span> <span class='ocrx_word' id='word_1_92' title='bbox 1214 1327 1331 1395; x_wconf 73' lang='grc' dir='ltr'>ἦτοι</span> <span class='ocrx_word' id='word_1_93' title='bbox 1367 1326 1586 1397; x_wconf 80' lang='grc' dir='ltr'>Νεκρᾶς</span> <span class='ocrx_word' id='word_1_94' title='bbox 1619 1328 1817 1380; x_wconf 79' lang='grc' dir='ltr'>καλου-</span> 
     </span>
    </p>
   </div>
   <div class='ocr_carea' id='block_1_16' title="bbox 237 1414 1819 1491">
    <p class='ocr_par' dir='ltr' id='par_1_16' title="bbox 237 1414 1819 1491">
     <span class='ocr_line' id='line_1_16' title="bbox 237 1414 1819 1491; baseline 0.004 -25"><span class='ocrx_word' id='word_1_95' title='bbox 237 1414 403 1486; x_wconf 83' lang='grc' dir='ltr'>μένης</span> <span class='ocrx_word' id='word_1_96' title='bbox 455 1414 772 1486; x_wconf 84' lang='grc' dir='ltr'>θαλάσσης,</span> <span class='ocrx_word' id='word_1_97' title='bbox 816 1424 863 1469; x_wconf 84' lang='lat' dir='ltr'><strong>et</strong></span> <span class='ocrx_word' id='word_1_98' title='bbox 913 1417 1042 1470; x_wconf 72' lang='lat' dir='ltr'><strong>hwr.</strong></span> <span class='ocrx_word' id='word_1_99' title='bbox 1085 1416 1192 1471; x_wconf 74' lang='lat'><strong>20:</strong></span> <span class='ocrx_word' id='word_1_100' title='bbox 1243 1416 1414 1487; x_wconf 84' lang='grc' dir='ltr'>πέραν</span> <span class='ocrx_word' id='word_1_101' title='bbox 1460 1419 1559 1488; x_wconf 77' lang='grc' dir='ltr'><strong>τῆς</strong></span> <span class='ocrx_word' id='word_1_102' title='bbox 1600 1419 1819 1491; x_wconf 77' lang='grc' dir='ltr'>Νεκρᾶς</span> 
     </span>
    </p>
   </div>
   <div class='ocr_carea' id='block_1_17' title="bbox 234 1508 1815 1585">
    <p class='ocr_par' dir='ltr' id='par_1_17' title="bbox 234 1508 1815 1585">
     <span class='ocr_line' id='line_1_17' title="bbox 234 1508 1815 1585; baseline 0.003 -24"><span class='ocrx_word' id='word_1_103' title='bbox 234 1508 531 1579; x_wconf 82' lang='grc' dir='ltr'><strong>Θαλάσσης.</strong></span> <span class='ocrx_word' id='word_1_104' title='bbox 570 1509 738 1580; x_wconf 88' lang='lat' dir='ltr'><strong>Igitur</strong></span> <span class='ocrx_word' id='word_1_105' title='bbox 786 1512 819 1579; x_wconf 80' lang='grc' dir='ltr'>ἡ</span> <span class='ocrx_word' id='word_1_106' title='bbox 869 1510 1221 1581; x_wconf 82' lang='grc' dir='ltr'>περικειμένη</span> <span class='ocrx_word' id='word_1_107' title='bbox 1266 1512 1419 1581; x_wconf 83' lang='grc' dir='ltr'>χώρα</span> <span class='ocrx_word' id='word_1_108' title='bbox 1470 1522 1554 1567; x_wconf 88' lang='lat' dir='ltr'><strong>est</strong></span> <span class='ocrx_word' id='word_1_109' title='bbox 1596 1512 1815 1585; x_wconf 82' lang='grc' dir='ltr'>’Δλυκή,</span> 
     </span>
    </p>
   </div>
   <div class='ocr_carea' id='block_1_18' title="bbox 234 1600 865 1671">
    <p class='ocr_par' dir='ltr' id='par_1_18' title="bbox 234 1600 865 1671">
     <span class='ocr_line' id='line_1_18' title="bbox 234 1600 865 1671; baseline 0 -16"><span class='ocrx_word' id='word_1_110' title='bbox 234 1600 346 1656; x_wconf 84' lang='lat' dir='ltr'><strong>sive</strong></span> <span class='ocrx_word' id='word_1_111' title='bbox 378 1600 573 1671; x_wconf 85' lang='grc' dir='ltr'>Νεκρὰ</span> <span class='ocrx_word' id='word_1_112' title='bbox 600 1600 865 1655; x_wconf 84' lang='grc' dir='ltr'>Θάλασσα.</span> 
     </span>
    </p>
   </div>
   <div class='ocr_carea' id='block_1_19' title="bbox 304 1692 1816 1763">
    <p class='ocr_par' dir='ltr' id='par_1_19' title="bbox 304 1692 1816 1763">
     <span class='ocr_line' id='line_1_19' title="bbox 304 1692 1816 1763; baseline 0.001 -17"><span class='ocrx_word' id='word_1_113' title='bbox 304 1692 430 1748; x_wconf 62' lang='lat' dir='ltr'><strong>Haec</strong></span> <span class='ocrx_word' id='word_1_114' title='bbox 481 1692 775 1763; x_wconf 84' lang='lat' dir='ltr'><strong>Epiphanii</strong></span> <span class='ocrx_word' id='word_1_115' title='bbox 825 1694 943 1746; x_wconf 87' lang='lat' dir='ltr'><strong>loca</strong></span> <span class='ocrx_word' id='word_1_116' title='bbox 996 1693 1101 1747; x_wconf 90' lang='lat' dir='ltr'><strong>tria</strong></span> <span class='ocrx_word' id='word_1_117' title='bbox 1147 1692 1215 1748; x_wconf 92' lang='lat' dir='ltr'><strong>de</strong></span> <span class='ocrx_word' id='word_1_118' title='bbox 1262 1692 1451 1748; x_wconf 88' lang='lat' dir='ltr'><strong>eodem</strong></span> <span class='ocrx_word' id='word_1_119' title='bbox 1497 1700 1816 1762; x_wconf 85' lang='lat' dir='ltr'><strong>argumento</strong></span> 
     </span>
    </p>
   </div>
   <div class='ocr_carea' id='block_1_20' title="bbox 1922 500 3503 572">
    <p class='ocr_par' dir='ltr' id='par_1_20' title="bbox 1922 500 3503 572">
     <span class='ocr_line' id='line_1_20' title="bbox 1922 500 3503 572; baseline 0.005 -19"><span class='ocrx_word' id='word_1_120' title='bbox 1922 503 2084 556; x_wconf 80' lang='lat' dir='ltr'><strong>vallis</strong></span> <span class='ocrx_word' id='word_1_121' title='bbox 2122 503 2233 566; x_wconf 88' lang='lat' dir='ltr'><strong>illa,</strong></span> <span class='ocrx_word' id='word_1_122' title='bbox 2270 519 2390 572; x_wconf 71' lang='lat' dir='ltr'><strong>qua:</strong></span> <span class='ocrx_word' id='word_1_123' title='bbox 2424 505 2478 558; x_wconf 93' lang='lat' dir='ltr'><strong>in</strong></span> <span class='ocrx_word' id='word_1_124' title='bbox 2542 500 2821 555; x_wconf 81' lang='lat' dir='ltr'><strong>Mortuum</strong></span> <span class='ocrx_word' id='word_1_125' title='bbox 2891 519 3041 558; x_wconf 88' lang='lat' dir='ltr'><strong>mare</strong></span> <span class='ocrx_word' id='word_1_126' title='bbox 3084 519 3349 559; x_wconf 88' lang='lat' dir='ltr'><strong>conversa</strong></span> <span class='ocrx_word' id='word_1_127' title='bbox 3397 517 3503 572; x_wconf 88' lang='lat' dir='ltr'><strong>est,</strong></span> 
     </span>
    </p>
   </div>
   <div class='ocr_carea' id='block_1_21' title="bbox 1923 590 3505 665">
    <p class='ocr_par' dir='ltr' id='par_1_21' title="bbox 1923 590 3505 665">
     <span class='ocr_line' id='line_1_21' title="bbox 1923 590 3505 665; baseline 0.005 -21"><span class='ocrx_word' id='word_1_128' title='bbox 1923 591 2015 645; x_wconf 89' lang='lat' dir='ltr'><strong>ubi</strong></span> <span class='ocrx_word' id='word_1_129' title='bbox 2045 590 3099 664; x_wconf 67' lang='lat' dir='ltr'><strong>Sodomorum,Gomorrhze,canorique</strong></span> <span class='ocrx_word' id='word_1_130' title='bbox 3128 611 3285 665; x_wconf 86' lang='lat' dir='ltr'><strong>reges</strong></span> <span class='ocrx_word' id='word_1_131' title='bbox 3308 607 3505 652; x_wconf 86' lang='lat' dir='ltr'><strong>contra</strong></span> 
     </span>
    </p>
   </div>
   <div class='ocr_carea' id='block_1_22' title="bbox 1923 684 3510 750">
    <p class='ocr_par' dir='ltr' id='par_1_22' title="bbox 1923 684 3510 750">
     <span class='ocr_line' id='line_1_22' title="bbox 1923 684 3510 750; baseline 0.004 -15"><span class='ocrx_word' id='word_1_132' title='bbox 1923 692 2161 750; x_wconf 81' lang='lat' dir='ltr'><strong>quatuor</strong></span> <span class='ocrx_word' id='word_1_133' title='bbox 2181 684 2318 737; x_wconf 87' lang='lat' dir='ltr'><strong>alios</strong></span> <span class='ocrx_word' id='word_1_134' title='bbox 2341 695 2616 738; x_wconf 87' lang='lat' dir='ltr'><strong>certamen</strong></span> <span class='ocrx_word' id='word_1_135' title='bbox 2648 688 2907 749; x_wconf 90' lang='lat' dir='ltr'><strong>inierunt,</strong></span> <span class='ocrx_word' id='word_1_136' title='bbox 2932 686 3122 740; x_wconf 75' lang='lat' dir='ltr'><strong>aLXX</strong></span> <span class='ocrx_word' id='word_1_137' title='bbox 3148 696 3379 741; x_wconf 80' lang='lat' dir='ltr'><strong>vocatur</strong></span> <span class='ocrx_word' id='word_1_138' title='bbox 3398 706 3510 741; x_wconf 83' lang='grc' dir='ltr'>κοι-</span> 
     </span>
    </p>
   </div>
   <div class='ocr_carea' id='block_1_23' title="bbox 1920 773 3510 850">
    <p class='ocr_par' dir='ltr' id='par_1_23' title="bbox 1920 773 3510 850">
     <span class='ocr_line' id='line_1_23' title="bbox 1920 773 3510 850; baseline 0.004 -24"><span class='ocrx_word' id='word_1_139' title='bbox 1920 773 2017 837; x_wconf 78' lang='grc' dir='ltr'>λὰς</span> <span class='ocrx_word' id='word_1_140' title='bbox 2081 776 2116 845; x_wconf 81' lang='grc' dir='ltr'>ἠ</span> <span class='ocrx_word' id='word_1_141' title='bbox 2188 775 2387 845; x_wconf 85' lang='grc' dir='ltr'>Ἀλυκή</span> <span class='ocrx_word' id='word_1_142' title='bbox 2430 793 2442 828; x_wconf 90' lang='lat'><strong>:</strong></span> <span class='ocrx_word' id='word_1_143' title='bbox 2491 784 2543 829; x_wconf 90' lang='lat' dir='ltr'><strong>et</strong></span> <span class='ocrx_word' id='word_1_144' title='bbox 2606 792 2772 846; x_wconf 88' lang='lat' dir='ltr'><strong>supra</strong></span> <span class='ocrx_word' id='word_1_145' title='bbox 2837 786 3106 831; x_wconf 83' lang='lat' dir='ltr'><strong>commate</strong></span> <span class='ocrx_word' id='word_1_146' title='bbox 3162 780 3231 842; x_wconf 81' lang='grc'>5,</span> <span class='ocrx_word' id='word_1_147' title='bbox 3290 779 3510 850; x_wconf 79' lang='grc' dir='ltr'>φάραγξ</span> 
     </span>
    </p>
   </div>
   <div class='ocr_carea' id='block_1_24' title="bbox 1922 864 3510 940">
    <p class='ocr_par' dir='ltr' id='par_1_24' title="bbox 1922 864 3510 940">
     <span class='ocr_line' id='line_1_24' title="bbox 1922 864 3510 940; baseline 0.004 -23"><span class='ocrx_word' id='word_1_148' title='bbox 1922 864 2127 935; x_wconf 86' lang='grc' dir='ltr'>ἁλυκή.</span> <span class='ocrx_word' id='word_1_149' title='bbox 2156 864 2273 919; x_wconf 85' lang='lat' dir='ltr'><strong>Non</strong></span> <span class='ocrx_word' id='word_1_150' title='bbox 2303 865 2530 919; x_wconf 91' lang='lat' dir='ltr'><strong>dubium</strong></span> <span class='ocrx_word' id='word_1_151' title='bbox 2554 874 2656 929; x_wconf 89' lang='lat' dir='ltr'><strong>est,</strong></span> <span class='ocrx_word' id='word_1_152' title='bbox 2690 867 2820 936; x_wconf 91' lang='lat' dir='ltr'><strong>quin</strong></span> <span class='ocrx_word' id='word_1_153' title='bbox 2848 883 2913 921; x_wconf 92' lang='lat' dir='ltr'><strong>eo</strong></span> <span class='ocrx_word' id='word_1_154' title='bbox 2940 870 3242 937; x_wconf 74' lang='lat' dir='ltr'><strong>respexerit</strong></span> <span class='ocrx_word' id='word_1_155' title='bbox 3272 870 3510 940; x_wconf 82' lang='lat' dir='ltr'><strong>Epipha-</strong></span> 
     </span>
    </p>
   </div>
   <div class='ocr_carea' id='block_1_25' title="bbox 1921 957 3509 1032">
    <p class='ocr_par' dir='ltr' id='par_1_25' title="bbox 1921 957 3509 1032">
     <span class='ocr_line' id='line_1_25' title="bbox 1921 957 3509 1032; baseline 0.001 -19"><span class='ocrx_word' id='word_1_156' title='bbox 1921 957 2047 1013; x_wconf 85' lang='lat' dir='ltr'><strong>nius</strong></span> <span class='ocrx_word' id='word_1_157' title='bbox 2073 973 2197 1011; x_wconf 90' lang='lat' dir='ltr'><strong>cum</strong></span> <span class='ocrx_word' id='word_1_158' title='bbox 2228 959 2451 1027; x_wconf 79' lang='lat' dir='ltr'><strong>scripsit</strong></span> <span class='ocrx_word' id='word_1_159' title='bbox 2481 976 2494 1012; x_wconf 89' lang='lat'><strong>:</strong></span> <span class='ocrx_word' id='word_1_160' title='bbox 2529 959 2640 1028; x_wconf 83' lang='grc' dir='ltr'>Τῆς</span> <span class='ocrx_word' id='word_1_161' title='bbox 2670 959 2915 1022; x_wconf 86' lang='grc' dir='ltr'>κοιλάδος</span> <span class='ocrx_word' id='word_1_162' title='bbox 2948 964 3048 1031; x_wconf 86' lang='grc' dir='ltr'><strong>τῆς</strong></span> <span class='ocrx_word' id='word_1_163' title='bbox 3086 962 3295 1032; x_wconf 82' lang='grc' dir='ltr'>ἁλυκῆς</span> <span class='ocrx_word' id='word_1_164' title='bbox 3334 961 3509 1025; x_wconf 73' lang='grc' dir='ltr'>οὕτως</span> 
     </span>
    </p>
   </div>
   <div class='ocr_carea' id='block_1_26' title="bbox 1921 1048 3509 1121">
    <p class='ocr_par' dir='ltr' id='par_1_26' title="bbox 1921 1048 3509 1121">
     <span class='ocr_line' id='line_1_26' title="bbox 1921 1048 3509 1121; baseline 0.004 -22"><span class='ocrx_word' id='word_1_165' title='bbox 1921 1049 1979 1100; x_wconf 91' lang='grc' dir='ltr'><strong>ἐν</strong></span> <span class='ocrx_word' id='word_1_166' title='bbox 2012 1051 2077 1119; x_wconf 85' lang='grc' dir='ltr'><strong>τῇ</strong></span> <span class='ocrx_word' id='word_1_167' title='bbox 2097 1049 2217 1119; x_wconf 76' lang='grc' dir='ltr'>θείᾳ</span> <span class='ocrx_word' id='word_1_168' title='bbox 2235 1049 2423 1121; x_wconf 84' lang='grc' dir='ltr'>Γραφῇ</span> <span class='ocrx_word' id='word_1_169' title='bbox 2455 1048 2818 1119; x_wconf 85' lang='grc' dir='ltr'>καλουμένης.</span> <span class='ocrx_word' id='word_1_170' title='bbox 2844 1049 3121 1120; x_wconf 84' lang='lat' dir='ltr'><strong>Nusquam</strong></span> <span class='ocrx_word' id='word_1_171' title='bbox 3155 1053 3297 1106; x_wconf 91' lang='lat' dir='ltr'><strong>enim</strong></span> <span class='ocrx_word' id='word_1_172' title='bbox 3324 1053 3509 1114; x_wconf 82' lang='grc' dir='ltr'>κοιλὰς</span> 
     </span>
    </p>
   </div>
   <div class='ocr_carea' id='block_1_27' title="bbox 1931 1136 3499 1205">
    <p class='ocr_par' dir='ltr' id='par_1_27' title="bbox 1931 1136 3499 1205">
     <span class='ocr_line' id='line_1_27' title="bbox 1931 1136 3499 1205; baseline 0.003 -14"><span class='ocrx_word' id='word_1_173' title='bbox 1931 1136 2133 1205; x_wconf 84' lang='grc' dir='ltr'>Ἀλυκή</span> <span class='ocrx_word' id='word_1_174' title='bbox 2179 1140 2285 1194; x_wconf 90' lang='lat' dir='ltr'><strong>uisi</strong></span> <span class='ocrx_word' id='word_1_175' title='bbox 2323 1139 2429 1197; x_wconf 91' lang='lat' dir='ltr'><strong>hoc</strong></span> <span class='ocrx_word' id='word_1_176' title='bbox 2481 1138 2600 1193; x_wconf 88' lang='lat' dir='ltr'><strong>loco</strong></span> <span class='ocrx_word' id='word_1_177' title='bbox 2643 1139 2980 1197; x_wconf 89' lang='lat' dir='ltr'><strong>nominatur.</strong></span> <span class='ocrx_word' id='word_1_178' title='bbox 3036 1144 3105 1194; x_wconf 81' lang='lat' dir='ltr'><strong>At</strong></span> <span class='ocrx_word' id='word_1_179' title='bbox 3159 1158 3267 1196; x_wconf 89' lang='lat' dir='ltr'><strong>non</strong></span> <span class='ocrx_word' id='word_1_180' title='bbox 3304 1144 3499 1197; x_wconf 86' lang='lat' dir='ltr'><strong>vallem</strong></span> 
     </span>
    </p>
   </div>
   <div class='ocr_carea' id='block_1_28' title="bbox 1922 1230 3511 1302">
    <p class='ocr_par' dir='ltr' id='par_1_28' title="bbox 1922 1230 3511 1302">
     <span class='ocr_line' id='line_1_28' title="bbox 1922 1230 3511 1302; baseline 0.002 -18"><span class='ocrx_word' id='word_1_181' title='bbox 1922 1230 2235 1284; x_wconf 86' lang='lat' dir='ltr'><strong>Salinarum</strong></span> <span class='ocrx_word' id='word_1_182' title='bbox 2270 1230 2519 1284; x_wconf 70' lang='lat' dir='ltr'><strong>ldumteze</strong></span> <span class='ocrx_word' id='word_1_183' title='bbox 2551 1231 2792 1284; x_wconf 89' lang='lat' dir='ltr'><strong>citimam</strong></span> <span class='ocrx_word' id='word_1_184' title='bbox 2820 1269 2835 1293; x_wconf 92' lang='lat'><strong>,</strong></span> <span class='ocrx_word' id='word_1_185' title='bbox 2877 1230 2971 1284; x_wconf 89' lang='lat' dir='ltr'><strong>sed</strong></span> <span class='ocrx_word' id='word_1_186' title='bbox 3006 1233 3279 1300; x_wconf 79' lang='lat' dir='ltr'><strong>regionem</strong></span> <span class='ocrx_word' id='word_1_187' title='bbox 3317 1232 3370 1286; x_wconf 91' lang='lat' dir='ltr'><strong>in</strong></span> <span class='ocrx_word' id='word_1_188' title='bbox 3402 1248 3511 1302; x_wconf 86' lang='lat' dir='ltr'><strong>qua</strong></span> 
     </span>
    </p>
   </div>
   <div class='ocr_carea' id='block_1_29' title="bbox 1920 1320 3510 1390">
    <p class='ocr_par' dir='ltr' id='par_1_29' title="bbox 1920 1320 3510 1390">
     <span class='ocr_line' id='line_1_29' title="bbox 1920 1320 3510 1390; baseline 0.001 -14"><span class='ocrx_word' id='word_1_189' title='bbox 1920 1330 2111 1390; x_wconf 82' lang='lat' dir='ltr'><strong>postea</strong></span> <span class='ocrx_word' id='word_1_190' title='bbox 2179 1322 2333 1373; x_wconf 91' lang='lat' dir='ltr'><strong>lacus</strong></span> <span class='ocrx_word' id='word_1_191' title='bbox 2394 1320 2728 1390; x_wconf 86' lang='lat' dir='ltr'><strong>Aspbaltites</strong></span> <span class='ocrx_word' id='word_1_192' title='bbox 2759 1320 3001 1383; x_wconf 76' lang='lat' dir='ltr'><strong>exstitit,</strong></span> <span class='ocrx_word' id='word_1_193' title='bbox 3055 1322 3161 1375; x_wconf 89' lang='lat' dir='ltr'><strong>isto</strong></span> <span class='ocrx_word' id='word_1_194' title='bbox 3215 1322 3334 1390; x_wconf 91' lang='lat' dir='ltr'><strong>ipso</strong></span> <span class='ocrx_word' id='word_1_195' title='bbox 3389 1324 3510 1377; x_wconf 91' lang='lat' dir='ltr'><strong>loco</strong></span> 
     </span>
    </p>
   </div>
   <div class='ocr_carea' id='block_1_30' title="bbox 1920 1408 3504 1480">
    <p class='ocr_par' dir='ltr' id='par_1_30' title="bbox 1920 1408 3504 1480">
     <span class='ocr_line' id='line_1_30' title="bbox 1920 1408 3504 1480; baseline -0.001 -15"><span class='ocrx_word' id='word_1_196' title='bbox 1920 1410 2215 1480; x_wconf 81' lang='lat' dir='ltr'><strong>signiﬁcat.</strong></span> <span class='ocrx_word' id='word_1_197' title='bbox 2281 1408 2661 1462; x_wconf 86' lang='lat' dir='ltr'><strong>Calumnialur</strong></span> <span class='ocrx_word' id='word_1_198' title='bbox 2722 1409 2909 1479; x_wconf 86' lang='lat' dir='ltr'><strong>itaque</strong></span> <span class='ocrx_word' id='word_1_199' title='bbox 2969 1409 3310 1477; x_wconf 89' lang='lat' dir='ltr'><strong>Salmasius,</strong></span> <span class='ocrx_word' id='word_1_200' title='bbox 3373 1413 3504 1465; x_wconf 90' lang='lat' dir='ltr'><strong>dum</strong></span> 
     </span>
    </p>
   </div>
   <div class='ocr_carea' id='block_1_31' title="bbox 1920 1500 3507 1571">
    <p class='ocr_par' dir='ltr' id='par_1_31' title="bbox 1920 1500 3507 1571">
     <span class='ocr_line' id='line_1_31' title="bbox 1920 1500 3507 1571; baseline 0.001 -17"><span class='ocrx_word' id='word_1_201' title='bbox 1920 1501 2225 1571; x_wconf 86' lang='lat' dir='ltr'><strong>Epiphanio</strong></span> <span class='ocrx_word' id='word_1_202' title='bbox 2257 1501 2308 1554; x_wconf 93' lang='lat' dir='ltr'><strong>id</strong></span> <span class='ocrx_word' id='word_1_203' title='bbox 2339 1500 2565 1570; x_wconf 76' lang='lat' dir='ltr'><strong>aliingit,</strong></span> <span class='ocrx_word' id='word_1_204' title='bbox 2600 1500 2746 1570; x_wconf 87' lang='lat' dir='ltr'><strong>quod</strong></span> <span class='ocrx_word' id='word_1_205' title='bbox 2778 1510 2862 1555; x_wconf 88' lang='lat' dir='ltr'><strong>est</strong></span> <span class='ocrx_word' id='word_1_206' title='bbox 2888 1502 3342 1557; x_wconf 87' lang='lat' dir='ltr'><strong>insulsissimum.</strong></span> <span class='ocrx_word' id='word_1_207' title='bbox 3373 1502 3507 1556; x_wconf 85' lang='lat' dir='ltr'><strong>Nam</strong></span> 
     </span>
    </p>
   </div>
   <div class='ocr_carea' id='block_1_32' title="bbox 1921 1592 3505 1662">
    <p class='ocr_par' dir='ltr' id='par_1_32' title="bbox 1921 1592 3505 1662">
     <span class='ocr_line' id='line_1_32' title="bbox 1921 1592 3505 1662; baseline -0.001 -14"><span class='ocrx_word' id='word_1_208' title='bbox 1921 1594 2162 1658; x_wconf 88' lang='lat' dir='ltr'><strong>nullam,</strong></span> <span class='ocrx_word' id='word_1_209' title='bbox 2220 1601 2279 1647; x_wconf 90' lang='lat' dir='ltr'><strong>ut</strong></span> <span class='ocrx_word' id='word_1_210' title='bbox 2329 1593 2401 1645; x_wconf 86' lang='lat' dir='ltr'><strong>ita</strong></span> <span class='ocrx_word' id='word_1_211' title='bbox 2450 1592 2692 1647; x_wconf 89' lang='lat' dir='ltr'><strong>sensisse</strong></span> <span class='ocrx_word' id='word_1_212' title='bbox 2738 1600 3070 1647; x_wconf 88' lang='lat' dir='ltr'><strong>monstraret</strong></span> <span class='ocrx_word' id='word_1_213' title='bbox 3119 1592 3505 1662; x_wconf 87' lang='lat' dir='ltr'><strong>Epiphanium,</strong></span> 
     </span>
    </p>
   </div>
   <div class='ocr_carea' id='block_1_33' title="bbox 1920 1683 3503 1753">
    <p class='ocr_par' dir='ltr' id='par_1_33' title="bbox 1920 1683 3503 1753">
     <span class='ocr_line' id='line_1_33' title="bbox 1920 1683 3503 1753; baseline -0.001 -16"><span class='ocrx_word' id='word_1_214' title='bbox 1920 1685 2185 1738; x_wconf 86' lang='lat' dir='ltr'><strong>rationem</strong></span> <span class='ocrx_word' id='word_1_215' title='bbox 2235 1684 2459 1737; x_wconf 86' lang='lat' dir='ltr'><strong>adduxit</strong></span> <span class='ocrx_word' id='word_1_216' title='bbox 2493 1702 2505 1737; x_wconf 95' lang='lat'>:</span> <span class='ocrx_word' id='word_1_217' title='bbox 2543 1683 2697 1753; x_wconf 87' lang='lat' dir='ltr'><strong>quasi</strong></span> <span class='ocrx_word' id='word_1_218' title='bbox 2752 1684 2972 1752; x_wconf 85' lang='lat' dir='ltr'><strong>impune</strong></span> <span class='ocrx_word' id='word_1_219' title='bbox 3011 1698 3110 1752; x_wconf 90' lang='lat' dir='ltr'><strong>pro</strong></span> <span class='ocrx_word' id='word_1_220' title='bbox 3151 1683 3378 1737; x_wconf 86' lang='lat' dir='ltr'><strong>libidine</strong></span> <span class='ocrx_word' id='word_1_221' title='bbox 3410 1699 3503 1738; x_wconf 85' lang='lat' dir='ltr'><strong>ca-</strong></span> 
     </span>
    </p>
   </div>
   <div class='ocr_carea' id='block_1_34' title="bbox 236 1773 3508 1853">
    <p class='ocr_par' dir='ltr' id='par_1_34' title="bbox 236 1773 3508 1853">
     <span class='ocr_line' id='line_1_34' title="bbox 236 1773 3508 1853; baseline 0 -26"><span class='ocrx_word' id='word_1_222' title='bbox 236 1785 378 1839; x_wconf 74' lang='lat' dir='ltr'><strong>imer</strong></span> <span class='ocrx_word' id='word_1_223' title='bbox 438 1799 499 1839; x_wconf 77' lang='lat' dir='ltr'><strong>se</strong></span> <span class='ocrx_word' id='word_1_224' title='bbox 562 1790 881 1853; x_wconf 65' lang='lat' dir='ltr'><strong>comparata</strong></span> <span class='ocrx_word' id='word_1_225' title='bbox 935 1785 1236 1839; x_wconf 68' lang='lat' dir='ltr'><strong>commenti</strong></span> <span class='ocrx_word' id='word_1_226' title='bbox 1297 1785 1446 1839; x_wconf 76' lang='lat' dir='ltr'><strong>iuius</strong></span> <span class='ocrx_word' id='word_1_227' title='bbox 1497 1784 1817 1839; x_wconf 67' lang='lat' dir='ltr'><strong>inanitatem</strong></span> <span class='ocrx_word' id='word_1_228' title='bbox 1849 1773 2099 1833; x_wconf 87' lang='lat' dir='ltr'><strong>Bvillari</strong></span> <span class='ocrx_word' id='word_1_229' title='bbox 2134 1788 2196 1829; x_wconf 89' lang='lat' dir='ltr'><strong>ac</strong></span> <span class='ocrx_word' id='word_1_230' title='bbox 2232 1773 2521 1827; x_wconf 86' lang='lat' dir='ltr'><strong>traducere</strong></span> <span class='ocrx_word' id='word_1_231' title='bbox 2577 1774 2833 1842; x_wconf 89' lang='lat' dir='ltr'><strong>antiquos</strong></span> <span class='ocrx_word' id='word_1_232' title='bbox 2887 1773 3078 1828; x_wconf 83' lang='lat' dir='ltr'><strong>Patres</strong></span> <span class='ocrx_word' id='word_1_233' title='bbox 3115 1775 3296 1829; x_wconf 84' lang='lat' dir='ltr'><strong>liceat.</strong></span> <span class='ocrx_word' id='word_1_234' title='bbox 3335 1773 3508 1828; x_wconf 78' lang='lat' dir='ltr'><strong>Vallis</strong></span> 
     </span>
    </p>
   </div>
   <div class='ocr_carea' id='block_1_35' title="bbox 239 1876 1817 1947">
    <p class='ocr_par' dir='ltr' id='par_1_35' title="bbox 239 1876 1817 1947">
     <span class='ocr_line' id='line_1_35' title="bbox 239 1876 1817 1947; baseline 0.001 -18"><span class='ocrx_word' id='word_1_235' title='bbox 239 1876 583 1946; x_wconf 79' lang='lat' dir='ltr'><strong>redarguunt</strong></span> <span class='ocrx_word' id='word_1_236' title='bbox 614 1895 626 1931; x_wconf 92' lang='lat'><strong>:</strong></span> <span class='ocrx_word' id='word_1_237' title='bbox 666 1885 778 1929; x_wconf 92' lang='lat' dir='ltr'><strong>tum</strong></span> <span class='ocrx_word' id='word_1_238' title='bbox 812 1891 941 1931; x_wconf 83' lang='lat' dir='ltr'><strong>vero</strong></span> <span class='ocrx_word' id='word_1_239' title='bbox 983 1877 1271 1947; x_wconf 87' lang='lat' dir='ltr'><strong>capitalem</strong></span> <span class='ocrx_word' id='word_1_240' title='bbox 1317 1877 1544 1931; x_wconf 87' lang='lat' dir='ltr'><strong>alteram</strong></span> <span class='ocrx_word' id='word_1_241' title='bbox 1576 1878 1817 1931; x_wconf 84' lang='lat' dir='ltr'><strong>oscitan-</strong></span> 
     </span>
    </p>
   </div>
   <div class='ocr_carea' id='block_1_36' title="bbox 233 1963 1819 2038">
    <p class='ocr_par' dir='ltr' id='par_1_36' title="bbox 233 1963 1819 2038">
     <span class='ocr_line' id='line_1_36' title="bbox 233 1963 1819 2038; baseline 0.001 -17"><span class='ocrx_word' id='word_1_242' title='bbox 233 1969 367 2022; x_wconf 88' lang='lat' dir='ltr'><strong>tiam</strong></span> <span class='ocrx_word' id='word_1_243' title='bbox 415 1964 659 2036; x_wconf 88' lang='lat' dir='ltr'><strong>pulsant.</strong></span> <span class='ocrx_word' id='word_1_244' title='bbox 704 1963 909 2019; x_wconf 87' lang='lat' dir='ltr'><strong>Scribit</strong></span> <span class='ocrx_word' id='word_1_245' title='bbox 959 1966 1104 2020; x_wconf 89' lang='lat' dir='ltr'><strong>enim</strong></span> <span class='ocrx_word' id='word_1_246' title='bbox 1152 1980 1275 2038; x_wconf 89' lang='lat' dir='ltr'><strong>pag.</strong></span> <span class='ocrx_word' id='word_1_247' title='bbox 1306 1966 1431 2030; x_wconf 82' lang='grc'><strong>615,</strong></span> <span class='ocrx_word' id='word_1_248' title='bbox 1485 1983 1595 2021; x_wconf 92' lang='lat' dir='ltr'><strong>non</strong></span> <span class='ocrx_word' id='word_1_249' title='bbox 1634 1968 1819 2023; x_wconf 89' lang='lat' dir='ltr'><strong>dicere</strong></span> 
     </span>
    </p>
   </div>
   <div class='ocr_carea' id='block_1_37' title="bbox 238 2056 1818 2130">
    <p class='ocr_par' dir='ltr' id='par_1_37' title="bbox 238 2056 1818 2130">
     <span class='ocr_line' id='line_1_37' title="bbox 238 2056 1818 2130; baseline -0.001 -19"><span class='ocrx_word' id='word_1_250' title='bbox 238 2058 627 2128; x_wconf 84' lang='lat' dir='ltr'><strong>Epiphanium,</strong></span> <span class='ocrx_word' id='word_1_251' title='bbox 659 2056 925 2111; x_wconf 83' lang='lat' dir='ltr'><strong>Moabitas</strong></span> <span class='ocrx_word' id='word_1_252' title='bbox 952 2056 1211 2110; x_wconf 77' lang='grc' dir='ltr'>ἐπέκεινα</span> <span class='ocrx_word' id='word_1_253' title='bbox 1246 2059 1346 2127; x_wconf 82' lang='grc' dir='ltr'><strong>τῆς</strong></span> <span class='ocrx_word' id='word_1_254' title='bbox 1379 2056 1596 2130; x_wconf 78' lang='grc' dir='ltr'>Νεκρᾶς</span> <span class='ocrx_word' id='word_1_255' title='bbox 1620 2058 1818 2112; x_wconf 84' lang='grc' dir='ltr'>θαλάσ-</span> 
     </span>
    </p>
   </div>
   <div class='ocr_carea' id='block_1_38' title="bbox 237 2145 1819 2217">
    <p class='ocr_par' dir='ltr' id='par_1_38' title="bbox 237 2145 1819 2217">
     <span class='ocr_line' id='line_1_38' title="bbox 237 2145 1819 2217; baseline 0.003 -17"><span class='ocrx_word' id='word_1_256' title='bbox 237 2164 356 2217; x_wconf 87' lang='grc' dir='ltr'>σης,</span> <span class='ocrx_word' id='word_1_257' title='bbox 382 2148 530 2201; x_wconf 88' lang='lat' dir='ltr'><strong>ultra</strong></span> <span class='ocrx_word' id='word_1_258' title='bbox 578 2161 727 2201; x_wconf 88' lang='lat' dir='ltr'><strong>mare</strong></span> <span class='ocrx_word' id='word_1_259' title='bbox 780 2145 1054 2201; x_wconf 86' lang='lat' dir='ltr'><strong>Mortuum</strong></span> <span class='ocrx_word' id='word_1_260' title='bbox 1097 2147 1367 2212; x_wconf 87' lang='lat' dir='ltr'><strong>habitare,</strong></span> <span class='ocrx_word' id='word_1_261' title='bbox 1421 2149 1516 2204; x_wconf 85' lang='lat' dir='ltr'><strong>sed</strong></span> <span class='ocrx_word' id='word_1_262' title='bbox 1564 2150 1819 2204; x_wconf 85' lang='grc' dir='ltr'>ἐπέκεινα</span> 
     </span>
    </p>
   </div>
   <div class='ocr_carea' id='block_1_39' title="bbox 236 2235 1819 2310">
    <p class='ocr_par' dir='ltr' id='par_1_39' title="bbox 236 2235 1819 2310">
     <span class='ocr_line' id='line_1_39' title="bbox 236 2235 1819 2310; baseline 0.001 -18"><span class='ocrx_word' id='word_1_263' title='bbox 236 2238 642 2310; x_wconf 76' lang='grc' dir='ltr'>ὑπερκειμένης</span> <span class='ocrx_word' id='word_1_264' title='bbox 694 2235 879 2307; x_wconf 88' lang='grc' dir='ltr'>χώρας</span> <span class='ocrx_word' id='word_1_265' title='bbox 917 2236 1015 2308; x_wconf 78' lang='grc' dir='ltr'><strong>τῆς</strong></span> <span class='ocrx_word' id='word_1_266' title='bbox 1057 2237 1277 2307; x_wconf 76' lang='grc' dir='ltr'>Νεκρᾶς</span> <span class='ocrx_word' id='word_1_267' title='bbox 1324 2238 1616 2310; x_wconf 81' lang='grc' dir='ltr'>θαλάσσης,</span> <span class='ocrx_word' id='word_1_268' title='bbox 1674 2241 1819 2294; x_wconf 87' lang='lat' dir='ltr'><strong>ultra</strong></span> 
     </span>
    </p>
   </div>
   <div class='ocr_carea' id='block_1_40' title="bbox 232 2327 1819 2399">
    <p class='ocr_par' dir='ltr' id='par_1_40' title="bbox 232 2327 1819 2399">
     <span class='ocr_line' id='line_1_40' title="bbox 232 2327 1819 2399; baseline 0.002 -17"><span class='ocrx_word' id='word_1_269' title='bbox 232 2331 499 2399; x_wconf 77' lang='lat' dir='ltr'><strong>regionem</strong></span> <span class='ocrx_word' id='word_1_270' title='bbox 547 2329 904 2384; x_wconf 76' lang='lat' dir='ltr'><strong>imminentem</strong></span> <span class='ocrx_word' id='word_1_271' title='bbox 953 2330 1093 2382; x_wconf 87' lang='lat' dir='ltr'><strong>mari</strong></span> <span class='ocrx_word' id='word_1_272' title='bbox 1116 2327 1352 2385; x_wconf 83' lang='lat' dir='ltr'><strong>Mortuo.</strong></span> <span class='ocrx_word' id='word_1_273' title='bbox 1386 2330 1540 2396; x_wconf 83' lang='lat' dir='ltr'><strong>Quod</strong></span> <span class='ocrx_word' id='word_1_274' title='bbox 1570 2347 1693 2387; x_wconf 91' lang='lat' dir='ltr'><strong>esse</strong></span> <span class='ocrx_word' id='word_1_275' title='bbox 1718 2332 1819 2386; x_wconf 83' lang='lat' dir='ltr'><strong>fal-</strong></span> 
     </span>
    </p>
   </div>
   <div class='ocr_carea' id='block_1_41' title="bbox 231 2419 1820 2479">
    <p class='ocr_par' dir='ltr' id='par_1_41' title="bbox 231 2419 1820 2479">
     <span class='ocr_line' id='line_1_41' title="bbox 231 2419 1820 2479; baseline 0 -4"><span class='ocrx_word' id='word_1_276' title='bbox 231 2438 349 2475; x_wconf 86' lang='lat' dir='ltr'><strong>sum</strong></span> <span class='ocrx_word' id='word_1_277' title='bbox 397 2438 476 2477; x_wconf 75' lang='lat' dir='ltr'><strong>ex</strong></span> <span class='ocrx_word' id='word_1_278' title='bbox 521 2421 711 2477; x_wconf 70' lang='lat' dir='ltr'><strong>haeresi</strong></span> <span class='ocrx_word' id='word_1_279' title='bbox 757 2419 827 2473; x_wconf 74' lang='lat'><strong>20</strong></span> <span class='ocrx_word' id='word_1_280' title='bbox 865 2426 920 2474; x_wconf 89' lang='lat' dir='ltr'><strong>et</strong></span> <span class='ocrx_word' id='word_1_281' title='bbox 977 2419 1069 2475; x_wconf 79' lang='lat'><strong>55&#39;</strong></span> <span class='ocrx_word' id='word_1_282' title='bbox 1108 2423 1536 2479; x_wconf 87' lang='lat' dir='ltr'><strong>demonstratur.</strong></span> <span class='ocrx_word' id='word_1_283' title='bbox 1596 2421 1672 2477; x_wconf 87' lang='lat' dir='ltr'><strong>lbi</strong></span> <span class='ocrx_word' id='word_1_284' title='bbox 1735 2430 1820 2478; x_wconf 79' lang='lat' dir='ltr'><strong>est</strong></span> 
     </span>
    </p>
   </div>
   <div class='ocr_carea' id='block_1_42' title="bbox 232 2514 1819 2587">
    <p class='ocr_par' dir='ltr' id='par_1_42' title="bbox 232 2514 1819 2587">
     <span class='ocr_line' id='line_1_42' title="bbox 232 2514 1819 2587; baseline 0.001 -20"><span class='ocrx_word' id='word_1_285' title='bbox 232 2515 394 2579; x_wconf 88' lang='lat' dir='ltr'><strong>enim,</strong></span> <span class='ocrx_word' id='word_1_286' title='bbox 425 2515 613 2586; x_wconf 80' lang='grc' dir='ltr'>πέραν</span> <span class='ocrx_word' id='word_1_287' title='bbox 652 2514 752 2585; x_wconf 84' lang='grc' dir='ltr'><strong>τῆς</strong></span> <span class='ocrx_word' id='word_1_288' title='bbox 794 2514 1045 2587; x_wconf 82' lang='grc' dir='ltr'>Ἀλυκῆς,</span> <span class='ocrx_word' id='word_1_289' title='bbox 1100 2514 1217 2585; x_wconf 74' lang='grc' dir='ltr'>ἤτοι</span> <span class='ocrx_word' id='word_1_290' title='bbox 1266 2515 1487 2585; x_wconf 80' lang='grc' dir='ltr'>Νεκρᾶς</span> <span class='ocrx_word' id='word_1_291' title='bbox 1552 2514 1819 2586; x_wconf 83' lang='grc' dir='ltr'>καλουμέ-</span> 
     </span>
    </p>
   </div>
   <div class='ocr_carea' id='block_1_43' title="bbox 233 2605 1820 2678">
    <p class='ocr_par' dir='ltr' id='par_1_43' title="bbox 233 2605 1820 2678">
     <span class='ocr_line' id='line_1_43' title="bbox 233 2605 1820 2678; baseline 0 -18"><span class='ocrx_word' id='word_1_292' title='bbox 233 2623 326 2677; x_wconf 89' lang='grc' dir='ltr'><strong>νης</strong></span> <span class='ocrx_word' id='word_1_293' title='bbox 380 2607 669 2677; x_wconf 85' lang='grc' dir='ltr'>θαλάσσης</span> <span class='ocrx_word' id='word_1_294' title='bbox 721 2622 847 2663; x_wconf 89' lang='lat' dir='ltr'><strong>esse</strong></span> <span class='ocrx_word' id='word_1_295' title='bbox 890 2606 1262 2672; x_wconf 83' lang='lat' dir='ltr'><strong>Moabitidem,</strong></span> <span class='ocrx_word' id='word_1_296' title='bbox 1300 2607 1503 2662; x_wconf 80' lang='lat' dir='ltr'><strong>omissa</strong></span> <span class='ocrx_word' id='word_1_297' title='bbox 1537 2622 1670 2662; x_wconf 91' lang='lat' dir='ltr'><strong>voce</strong></span> <span class='ocrx_word' id='word_1_298' title='bbox 1712 2605 1820 2678; x_wconf 87' lang='grc' dir='ltr'><strong>χώ-</strong></span> 
     </span>
    </p>
   </div>
   <div class='ocr_carea' id='block_1_44' title="bbox 237 2698 1820 2770">
    <p class='ocr_par' dir='ltr' id='par_1_44' title="bbox 237 2698 1820 2770">
     <span class='ocr_line' id='line_1_44' title="bbox 237 2698 1820 2770; baseline 0.003 -19"><span class='ocrx_word' id='word_1_299' title='bbox 237 2716 333 2767; x_wconf 89' lang='grc' dir='ltr'><strong>ρας</strong></span> <span class='ocrx_word' id='word_1_300' title='bbox 365 2718 377 2754; x_wconf 89' lang='lat'><strong>:</strong></span> <span class='ocrx_word' id='word_1_301' title='bbox 410 2714 585 2770; x_wconf 79' lang='lat' dir='ltr'><strong>quam</strong></span> <span class='ocrx_word' id='word_1_302' title='bbox 617 2698 759 2753; x_wconf 89' lang='lat' dir='ltr'><strong>idem</strong></span> <span class='ocrx_word' id='word_1_303' title='bbox 793 2699 883 2754; x_wconf 89' lang='lat' dir='ltr'><strong>ille</strong></span> <span class='ocrx_word' id='word_1_304' title='bbox 910 2699 1140 2755; x_wconf 90' lang='lat' dir='ltr'><strong>criticus</strong></span> <span class='ocrx_word' id='word_1_305' title='bbox 1190 2699 1699 2770; x_wconf 87' lang='lat' dir='ltr'><strong>subintelligendam</strong></span> <span class='ocrx_word' id='word_1_306' title='bbox 1731 2715 1820 2755; x_wconf 88' lang='lat' dir='ltr'><strong>as-</strong></span> 
     </span>
    </p>
   </div>
   <div class='ocr_carea' id='block_1_45' title="bbox 236 2790 1434 2862">
    <p class='ocr_par' dir='ltr' id='par_1_45' title="bbox 236 2790 1434 2862">
     <span class='ocr_line' id='line_1_45' title="bbox 236 2790 1434 2862; baseline 0.003 -21"><span class='ocrx_word' id='word_1_307' title='bbox 236 2790 364 2842; x_wconf 84' lang='lat' dir='ltr'><strong>serit</strong></span> <span class='ocrx_word' id='word_1_308' title='bbox 395 2808 408 2845; x_wconf 87' lang='lat'><strong>:</strong></span> <span class='ocrx_word' id='word_1_309' title='bbox 461 2804 570 2860; x_wconf 90' lang='lat' dir='ltr'><strong>quo</strong></span> <span class='ocrx_word' id='word_1_310' title='bbox 602 2790 738 2845; x_wconf 87' lang='lat' dir='ltr'><strong>nihil</strong></span> <span class='ocrx_word' id='word_1_311' title='bbox 764 2790 891 2862; x_wconf 86' lang='lat' dir='ltr'><strong>ﬁngi</strong></span> <span class='ocrx_word' id='word_1_312' title='bbox 920 2800 1097 2860; x_wconf 89' lang='lat' dir='ltr'><strong>potest</strong></span> <span class='ocrx_word' id='word_1_313' title='bbox 1139 2790 1434 2860; x_wconf 87' lang='lat' dir='ltr'><strong>stupidius.</strong></span> 
     </span>
    </p>
   </div>
   <div class='ocr_carea' id='block_1_46' title="bbox 842 2902 1210 2959">
    <p class='ocr_par' dir='ltr' id='par_1_46' title="bbox 842 2902 1210 2959">
     <span class='ocr_line' id='line_1_46' title="bbox 842 2902 1210 2959; baseline -0.003 -1"><span class='ocrx_word' id='word_1_314' title='bbox 842 2903 1068 2959; x_wconf 83' lang='lat' dir='ltr'><strong>CAPUT</strong></span> <span class='ocrx_word' id='word_1_315' title='bbox 1123 2902 1210 2958; x_wconf 82' lang='lat' dir='ltr'><strong>IV.</strong></span> 
     </span>
    </p>
   </div>
   <div class='ocr_carea' id='block_1_47' title="bbox 237 2952 1821 3062">
    <p class='ocr_par' dir='ltr' id='par_1_47' title="bbox 237 2952 1821 3062">
     <span class='ocr_line' id='line_1_47' title="bbox 237 2952 1821 3062; baseline 0.001 -15"><span class='ocrx_word' id='word_1_316' title='bbox 237 2992 313 3048; x_wconf 85' lang='lat' dir='ltr'><strong>De</strong></span> <span class='ocrx_word' id='word_1_317' title='bbox 338 2993 642 3062; x_wconf 82' lang='lat' dir='ltr'><strong>Asphallile</strong></span> <span class='ocrx_word' id='word_1_318' title='bbox 673 2994 811 3049; x_wconf 85' lang='lat' dir='ltr'><strong>lacu.</strong></span> <span class='ocrx_word' id='word_1_319' title='bbox 841 2952 1231 3062; x_wconf 53' lang='lat' dir='ltr'><strong>Epiplidnitisa</strong></span> <span class='ocrx_word' id='word_1_320' title='bbox 1264 2992 1523 3048; x_wconf 87' lang='lat' dir='ltr'><strong>Salmasii</strong></span> <span class='ocrx_word' id='word_1_321' title='bbox 1548 2952 1821 3048; x_wconf 69' lang='lat' dir='ltr'><strong>calumnid</strong></span> 
     </span>
    </p>
   </div>
   <div class='ocr_carea' id='block_1_48' title="bbox 307 3064 1821 3133">
    <p class='ocr_par' dir='ltr' id='par_1_48' title="bbox 307 3064 1821 3133">
     <span class='ocr_line' id='line_1_48' title="bbox 307 3064 1821 3133; baseline 0.003 -18"><span class='ocrx_word' id='word_1_322' title='bbox 307 3065 634 3133; x_wconf 75' lang='lat' dir='ltr'><strong>defenditur.</strong></span> <span class='ocrx_word' id='word_1_323' title='bbox 690 3064 858 3117; x_wconf 82' lang='lat' dir='ltr'><strong>Vallis</strong></span> <span class='ocrx_word' id='word_1_324' title='bbox 892 3064 1203 3119; x_wconf 87' lang='lat' dir='ltr'><strong>Salinarum</strong></span> <span class='ocrx_word' id='word_1_325' title='bbox 1242 3065 1367 3132; x_wconf 86' lang='lat' dir='ltr'><strong>quid</strong></span> <span class='ocrx_word' id='word_1_326' title='bbox 1418 3066 1509 3118; x_wconf 83' lang='lat' dir='ltr'><strong>sit.</strong></span> <span class='ocrx_word' id='word_1_327' title='bbox 1562 3066 1821 3119; x_wconf 80' lang='lat' dir='ltr'><strong>Salmasii</strong></span> 
     </span>
    </p>
   </div>
   <div class='ocr_carea' id='block_1_49' title="bbox 306 3134 1325 3204">
    <p class='ocr_par' dir='ltr' id='par_1_49' title="bbox 306 3134 1325 3204">
     <span class='ocr_line' id='line_1_49' title="bbox 306 3134 1325 3204; baseline 0.001 -17"><span class='ocrx_word' id='word_1_328' title='bbox 306 3135 631 3203; x_wconf 73' lang='lat' dir='ltr'><strong>multiplicia</strong></span> <span class='ocrx_word' id='word_1_329' title='bbox 662 3144 709 3187; x_wconf 89' lang='lat' dir='ltr'><strong>el</strong></span> <span class='ocrx_word' id='word_1_330' title='bbox 741 3134 1056 3204; x_wconf 85' lang='lat' dir='ltr'><strong>gravissima</strong></span> <span class='ocrx_word' id='word_1_331' title='bbox 1089 3144 1325 3202; x_wconf 86' lang='lat' dir='ltr'><strong>peccata.</strong></span> 
     </span>
    </p>
   </div>
   <div class='ocr_carea' id='block_1_50' title="bbox 308 3246 1816 3319">
    <p class='ocr_par' dir='ltr' id='par_1_50' title="bbox 308 3246 1816 3319">
     <span class='ocr_line' id='line_1_50' title="bbox 308 3246 1816 3319; baseline 0.001 -18"><span class='ocrx_word' id='word_1_332' title='bbox 308 3247 512 3302; x_wconf 84' lang='lat' dir='ltr'><strong>Parum</strong></span> <span class='ocrx_word' id='word_1_333' title='bbox 549 3246 679 3301; x_wconf 88' lang='lat' dir='ltr'><strong>huic</strong></span> <span class='ocrx_word' id='word_1_334' title='bbox 733 3246 1046 3316; x_wconf 89' lang='lat' dir='ltr'><strong>importuno</strong></span> <span class='ocrx_word' id='word_1_335' title='bbox 1089 3248 1404 3319; x_wconf 89' lang='lat' dir='ltr'><strong>castigatori</strong></span> <span class='ocrx_word' id='word_1_336' title='bbox 1440 3247 1704 3303; x_wconf 86' lang='lat' dir='ltr'><strong>facinoris</strong></span> <span class='ocrx_word' id='word_1_337' title='bbox 1733 3249 1816 3304; x_wconf 85' lang='lat' dir='ltr'><strong>vi-</strong></span> 
     </span>
    </p>
   </div>
   <div class='ocr_carea' id='block_1_51' title="bbox 243 3338 1815 3411">
    <p class='ocr_par' dir='ltr' id='par_1_51' title="bbox 243 3338 1815 3411">
     <span class='ocr_line' id='line_1_51' title="bbox 243 3338 1815 3411; baseline 0 -18"><span class='ocrx_word' id='word_1_338' title='bbox 243 3354 363 3393; x_wconf 84' lang='lat' dir='ltr'><strong>sum</strong></span> <span class='ocrx_word' id='word_1_339' title='bbox 394 3348 504 3403; x_wconf 89' lang='lat' dir='ltr'><strong>est,</strong></span> <span class='ocrx_word' id='word_1_340' title='bbox 534 3339 819 3409; x_wconf 84' lang='lat' dir='ltr'><strong>Epiphanii</strong></span> <span class='ocrx_word' id='word_1_341' title='bbox 850 3338 1176 3394; x_wconf 89' lang='lat' dir='ltr'><strong>sententiam</strong></span> <span class='ocrx_word' id='word_1_342' title='bbox 1206 3354 1269 3394; x_wconf 91' lang='lat' dir='ltr'><strong>ac</strong></span> <span class='ocrx_word' id='word_1_343' title='bbox 1300 3340 1467 3395; x_wconf 85' lang='lat' dir='ltr'><strong>verba</strong></span> <span class='ocrx_word' id='word_1_344' title='bbox 1497 3340 1815 3411; x_wconf 83' lang='lat' dir='ltr'><strong>depravare,</strong></span> 
     </span>
    </p>
   </div>
   <div class='ocr_carea' id='block_1_52' title="bbox 242 3430 1818 3503">
    <p class='ocr_par' dir='ltr' id='par_1_52' title="bbox 242 3430 1818 3503">
     <span class='ocr_line' id='line_1_52' title="bbox 242 3430 1818 3503; baseline 0.003 -20"><span class='ocrx_word' id='word_1_345' title='bbox 242 3431 346 3485; x_wconf 88' lang='lat' dir='ltr'><strong>nisi</strong></span> <span class='ocrx_word' id='word_1_346' title='bbox 386 3439 444 3486; x_wconf 89' lang='lat' dir='ltr'><strong>et</strong></span> <span class='ocrx_word' id='word_1_347' title='bbox 497 3431 872 3486; x_wconf 79' lang='lat' dir='ltr'><strong>immerentem</strong></span> <span class='ocrx_word' id='word_1_348' title='bbox 930 3430 1142 3487; x_wconf 88' lang='lat' dir='ltr'><strong>Patrem</strong></span> <span class='ocrx_word' id='word_1_349' title='bbox 1198 3447 1262 3487; x_wconf 90' lang='lat' dir='ltr'><strong>ac</strong></span> <span class='ocrx_word' id='word_1_350' title='bbox 1317 3441 1710 3503; x_wconf 83' lang='lat' dir='ltr'><strong>repugnantem</strong></span> <span class='ocrx_word' id='word_1_351' title='bbox 1764 3435 1818 3487; x_wconf 92' lang='lat' dir='ltr'><strong>in</strong></span> 
     </span>
    </p>
   </div>
   <div class='ocr_carea' id='block_1_53' title="bbox 243 3521 1819 3594">
    <p class='ocr_par' dir='ltr' id='par_1_53' title="bbox 243 3521 1819 3594">
     <span class='ocr_line' id='line_1_53' title="bbox 243 3521 1819 3594; baseline 0.002 -21"><span class='ocrx_word' id='word_1_352' title='bbox 243 3522 450 3575; x_wconf 88' lang='lat' dir='ltr'><strong>erroris</strong></span> <span class='ocrx_word' id='word_1_353' title='bbox 508 3521 592 3575; x_wconf 88' lang='lat' dir='ltr'><strong>sui</strong></span> <span class='ocrx_word' id='word_1_354' title='bbox 641 3521 955 3575; x_wconf 88' lang='lat' dir='ltr'><strong>societatem</strong></span> <span class='ocrx_word' id='word_1_355' title='bbox 1006 3521 1269 3576; x_wconf 88' lang='lat' dir='ltr'><strong>traheret.</strong></span> <span class='ocrx_word' id='word_1_356' title='bbox 1325 3522 1437 3593; x_wconf 82' lang='grc' dir='ltr'><strong>Τὴν</strong></span> <span class='ocrx_word' id='word_1_357' title='bbox 1470 3522 1689 3576; x_wconf 86' lang='grc' dir='ltr'>κοιλάδα</span> <span class='ocrx_word' id='word_1_358' title='bbox 1722 3523 1819 3594; x_wconf 82' lang='grc' dir='ltr'><strong>τὴν</strong></span> 
     </span>
    </p>
   </div>
   <div class='ocr_carea' id='block_1_54' title="bbox 244 3612 1817 3683">
    <p class='ocr_par' dir='ltr' id='par_1_54' title="bbox 244 3612 1817 3683">
     <span class='ocr_line' id='line_1_54' title="bbox 244 3612 1817 3683; baseline 0.003 -19"><span class='ocrx_word' id='word_1_359' title='bbox 244 3612 473 3683; x_wconf 82' lang='grc' dir='ltr'>ἁλυκήν,</span> <span class='ocrx_word' id='word_1_360' title='bbox 526 3612 579 3665; x_wconf 91' lang='lat' dir='ltr'><strong>id</strong></span> <span class='ocrx_word' id='word_1_361' title='bbox 626 3621 733 3677; x_wconf 90' lang='lat' dir='ltr'><strong>est,</strong></span> <span class='ocrx_word' id='word_1_362' title='bbox 781 3613 970 3666; x_wconf 85' lang='lat' dir='ltr'><strong>vallem</strong></span> <span class='ocrx_word' id='word_1_363' title='bbox 996 3612 1407 3683; x_wconf 87' lang='lat' dir='ltr'><strong>salsuginosam,</strong></span> <span class='ocrx_word' id='word_1_364' title='bbox 1460 3630 1622 3683; x_wconf 90' lang='lat' dir='ltr'><strong>quam</strong></span> <span class='ocrx_word' id='word_1_365' title='bbox 1668 3630 1817 3670; x_wconf 86' lang='lat' dir='ltr'><strong>mare</strong></span> 
     </span>
    </p>
   </div>
   <div class='ocr_carea' id='block_1_55' title="bbox 246 3698 1821 3771">
    <p class='ocr_par' dir='ltr' id='par_1_55' title="bbox 246 3698 1821 3771">
     <span class='ocr_line' id='line_1_55' title="bbox 246 3698 1821 3771; baseline 0.004 -19"><span class='ocrx_word' id='word_1_366' title='bbox 246 3698 521 3754; x_wconf 79' lang='lat' dir='ltr'><strong>Mortuum</strong></span> <span class='ocrx_word' id='word_1_367' title='bbox 555 3701 945 3771; x_wconf 87' lang='lat' dir='ltr'><strong>interpretatur</strong></span> <span class='ocrx_word' id='word_1_368' title='bbox 975 3700 1334 3771; x_wconf 88' lang='lat' dir='ltr'><strong>Epiphanius,</strong></span> <span class='ocrx_word' id='word_1_369' title='bbox 1363 3704 1431 3757; x_wconf 87' lang='lat' dir='ltr'><strong>ab</strong></span> <span class='ocrx_word' id='word_1_370' title='bbox 1466 3706 1656 3759; x_wconf 89' lang='lat' dir='ltr'><strong>eodem</strong></span> <span class='ocrx_word' id='word_1_371' title='bbox 1684 3720 1821 3759; x_wconf 91' lang='lat' dir='ltr'><strong>con-</strong></span> 
     </span>
    </p>
   </div>
   <div class='ocr_carea' id='block_1_56' title="bbox 246 3790 1819 3864">
    <p class='ocr_par' dir='ltr' id='par_1_56' title="bbox 246 3790 1819 3864">
     <span class='ocr_line' id='line_1_56' title="bbox 246 3790 1819 3864; baseline 0.005 -22"><span class='ocrx_word' id='word_1_372' title='bbox 246 3790 399 3845; x_wconf 79' lang='lat' dir='ltr'><strong>fundi</strong></span> <span class='ocrx_word' id='word_1_373' title='bbox 432 3800 583 3859; x_wconf 88' lang='lat' dir='ltr'><strong>putat</strong></span> <span class='ocrx_word' id='word_1_374' title='bbox 616 3808 738 3845; x_wconf 89' lang='lat' dir='ltr'><strong>cum</strong></span> <span class='ocrx_word' id='word_1_375' title='bbox 778 3792 915 3845; x_wconf 86' lang='lat' dir='ltr'><strong>valle</strong></span> <span class='ocrx_word' id='word_1_376' title='bbox 958 3791 1292 3858; x_wconf 87' lang='lat' dir='ltr'><strong>Salinarum,</strong></span> <span class='ocrx_word' id='word_1_377' title='bbox 1330 3797 1488 3864; x_wconf 86' lang='lat' dir='ltr'><strong>cujus</strong></span> <span class='ocrx_word' id='word_1_378' title='bbox 1519 3799 1724 3851; x_wconf 89' lang='lat' dir='ltr'><strong>mentio</strong></span> <span class='ocrx_word' id='word_1_379' title='bbox 1760 3796 1819 3850; x_wconf 87' lang='lat' dir='ltr'><strong>lit</strong></span> 
     </span>
    </p>
   </div>
   <div class='ocr_carea' id='block_1_57' title="bbox 246 3881 1817 3958">
    <p class='ocr_par' dir='ltr' id='par_1_57' title="bbox 246 3881 1817 3958">
     <span class='ocr_line' id='line_1_57' title="bbox 246 3881 1817 3958; baseline 0.003 -22"><span class='ocrx_word' id='word_1_380' title='bbox 246 3882 344 3936; x_wconf 74' lang='lat' dir='ltr'><strong>lib.</strong></span> <span class='ocrx_word' id='word_1_381' title='bbox 394 3881 436 3940; x_wconf 83' lang='grc'><strong>11</strong></span> <span class='ocrx_word' id='word_1_382' title='bbox 487 3882 771 3952; x_wconf 54' lang='grc' dir='ltr'>Βιιεηοιψ.</span> <span class='ocrx_word' id='word_1_383' title='bbox 810 3900 923 3947; x_wconf 83' lang='lat' dir='ltr'><strong>VIII,</strong></span> <span class='ocrx_word' id='word_1_384' title='bbox 956 3885 1043 3949; x_wconf 75' lang='grc'><strong>15,</strong></span> <span class='ocrx_word' id='word_1_385' title='bbox 1079 3895 1131 3939; x_wconf 88' lang='lat' dir='ltr'><strong>et</strong></span> <span class='ocrx_word' id='word_1_386' title='bbox 1170 3885 1189 3936; x_wconf 94' lang='grc'><strong>1</strong></span> <span class='ocrx_word' id='word_1_387' title='bbox 1237 3886 1493 3957; x_wconf 88' lang='lat' dir='ltr'><strong>Paralip.,</strong></span> <span class='ocrx_word' id='word_1_388' title='bbox 1523 3904 1644 3958; x_wconf 89' lang='lat' dir='ltr'><strong>cap.</strong></span> <span class='ocrx_word' id='word_1_389' title='bbox 1682 3905 1817 3953; x_wconf 68' lang='grc' dir='ltr'>χχιι,</span> 
     </span>
    </p>
   </div>
   <div class='ocr_carea' id='block_1_58' title="bbox 160 3973 1823 4049">
    <p class='ocr_par' dir='ltr' id='par_1_58' title="bbox 160 3973 1823 4049">
     <span class='ocr_line' id='line_1_58' title="bbox 160 3973 1823 4049; baseline 0.005 -25"><span class='ocrx_word' id='word_1_390' title='bbox 160 3983 168 3989; x_wconf 90' lang='grc'><strong>·</strong></span> <span class='ocrx_word' id='word_1_391' title='bbox 249 3973 335 4025; x_wconf 73' lang='grc'><strong>12.</strong></span> <span class='ocrx_word' id='word_1_392' title='bbox 376 3975 430 4025; x_wconf 93' lang='lat' dir='ltr'><strong>lu</strong></span> <span class='ocrx_word' id='word_1_393' title='bbox 469 3975 606 4025; x_wconf 91' lang='lat' dir='ltr'><strong>libro</strong></span> <span class='ocrx_word' id='word_1_394' title='bbox 639 3973 843 4042; x_wconf 75' lang='lat' dir='ltr'><strong>Regum</strong></span> <span class='ocrx_word' id='word_1_395' title='bbox 877 3976 950 4027; x_wconf 87' lang='lat' dir='ltr'><strong>ita</strong></span> <span class='ocrx_word' id='word_1_396' title='bbox 985 3975 1247 4045; x_wconf 89' lang='lat' dir='ltr'><strong>scriptum</strong></span> <span class='ocrx_word' id='word_1_397' title='bbox 1281 3985 1364 4031; x_wconf 87' lang='lat' dir='ltr'><strong>est</strong></span> <span class='ocrx_word' id='word_1_398' title='bbox 1392 3995 1404 4030; x_wconf 90' lang='lat'>:</span> <span class='ocrx_word' id='word_1_399' title='bbox 1446 3978 1593 4032; x_wconf 78' lang='lat' dir='ltr'><strong>Fecit</strong></span> <span class='ocrx_word' id='word_1_400' title='bbox 1621 3997 1823 4049; x_wconf 82' lang='lat' dir='ltr'><strong>quoque</strong></span> 
     </span>
    </p>
   </div>
   <div class='ocr_carea' id='block_1_59' title="bbox 248 4063 1822 4137">
    <p class='ocr_par' dir='ltr' id='par_1_59' title="bbox 248 4063 1822 4137">
     <span class='ocr_line' id='line_1_59' title="bbox 248 4063 1822 4137; baseline 0.003 -20"><span class='ocrx_word' id='word_1_401' title='bbox 248 4063 349 4117; x_wconf 87' lang='lat' dir='ltr'><strong>sibi</strong></span> <span class='ocrx_word' id='word_1_402' title='bbox 379 4063 549 4117; x_wconf 83' lang='lat' dir='ltr'><strong>David</strong></span> <span class='ocrx_word' id='word_1_403' title='bbox 582 4081 788 4127; x_wconf 77' lang='lat' dir='ltr'><strong>mmen,</strong></span> <span class='ocrx_word' id='word_1_404' title='bbox 824 4083 938 4118; x_wconf 84' lang='lat' dir='ltr'><strong>cum</strong></span> <span class='ocrx_word' id='word_1_405' title='bbox 962 4078 1325 4131; x_wconf 80' lang='lat' dir='ltr'><strong>reverteretur,</strong></span> <span class='ocrx_word' id='word_1_406' title='bbox 1361 4079 1514 4135; x_wconf 89' lang='lat' dir='ltr'><strong>capta</strong></span> <span class='ocrx_word' id='word_1_407' title='bbox 1553 4070 1734 4137; x_wconf 86' lang='lat' dir='ltr'><strong>Syria,</strong></span> <span class='ocrx_word' id='word_1_408' title='bbox 1767 4073 1822 4121; x_wconf 89' lang='lat' dir='ltr'><strong>in</strong></span> 
     </span>
    </p>
   </div>
   <div class='ocr_carea' id='block_1_60' title="bbox 245 4152 1823 4219">
    <p class='ocr_par' dir='ltr' id='par_1_60' title="bbox 245 4152 1823 4219">
     <span class='ocr_line' id='line_1_60' title="bbox 245 4152 1823 4219; baseline 0.004 -13"><span class='ocrx_word' id='word_1_409' title='bbox 245 4152 387 4206; x_wconf 81' lang='lat' dir='ltr'><strong>valle</strong></span> <span class='ocrx_word' id='word_1_410' title='bbox 419 4154 751 4219; x_wconf 78' lang='lat' dir='ltr'><strong>Salinarum,</strong></span> <span class='ocrx_word' id='word_1_411' title='bbox 796 4158 945 4208; x_wconf 73' lang='lat' dir='ltr'><strong>ca&#39;sis</strong></span> <span class='ocrx_word' id='word_1_412' title='bbox 981 4155 1155 4209; x_wconf 88' lang='lat' dir='ltr'><strong>decem</strong></span> <span class='ocrx_word' id='word_1_413' title='bbox 1190 4166 1237 4209; x_wconf 89' lang='lat' dir='ltr'><strong>et</strong></span> <span class='ocrx_word' id='word_1_414' title='bbox 1285 4168 1399 4209; x_wconf 80' lang='lat' dir='ltr'><strong>octo</strong></span> <span class='ocrx_word' id='word_1_415' title='bbox 1443 4159 1699 4212; x_wconf 81' lang='lat' dir='ltr'><strong>millibus.</strong></span> <span class='ocrx_word' id='word_1_416' title='bbox 1754 4159 1823 4212; x_wconf 85' lang='lat' dir='ltr'><strong>Et</strong></span> 
     </span>
    </p>
   </div>
   <div class='ocr_carea' id='block_1_61' title="bbox 247 4245 1818 4317">
    <p class='ocr_par' dir='ltr' id='par_1_61' title="bbox 247 4245 1818 4317">
     <span class='ocr_line' id='line_1_61' title="bbox 247 4245 1818 4317; baseline 0.001 -18"><span class='ocrx_word' id='word_1_417' title='bbox 247 4246 424 4313; x_wconf 82' lang='lat' dir='ltr'><strong>posuit</strong></span> <span class='ocrx_word' id='word_1_418' title='bbox 473 4246 527 4299; x_wconf 87' lang='lat' dir='ltr'><strong>in</strong></span> <span class='ocrx_word' id='word_1_419' title='bbox 584 4245 823 4299; x_wconf 77' lang='lat' dir='ltr'><strong>Idunuza</strong></span> <span class='ocrx_word' id='word_1_420' title='bbox 862 4247 1125 4310; x_wconf 78' lang='lat' dir='ltr'><strong>custodes,</strong></span> <span class='ocrx_word' id='word_1_421' title='bbox 1167 4249 1455 4317; x_wconf 77' lang='lat' dir='ltr'><strong>statuitque</strong></span> <span class='ocrx_word' id='word_1_422' title='bbox 1487 4250 1818 4317; x_wconf 62' lang='lat' dir='ltr'><strong>prasidium.</strong></span> 
     </span>
    </p>
   </div>
   <div class='ocr_carea' id='block_1_62' title="bbox 251 4322 1820 4397">
    <p class='ocr_par' dir='ltr' id='par_1_62' title="bbox 251 4322 1820 4397">
     <span class='ocr_line' id='line_1_62' title="bbox 251 4322 1820 4397; baseline 0.003 -9"><span class='ocrx_word' id='word_1_423' title='bbox 251 4335 517 4391; x_wconf 85' lang='lat' dir='ltr'><strong>Hebraice</strong></span> <span class='ocrx_word' id='word_1_424' title='bbox 561 4322 685 4396; x_wconf 63' lang='lat' dir='ltr'><strong>n57:</strong></span> <span class='ocrx_word' id='word_1_425' title='bbox 730 4344 861 4397; x_wconf 66' lang='grc' dir='ltr'><strong>κ’λέ</strong></span> <span class='ocrx_word' id='word_1_426' title='bbox 922 4337 977 4390; x_wconf 92' lang='lat' dir='ltr'><strong>in</strong></span> <span class='ocrx_word' id='word_1_427' title='bbox 1026 4337 1164 4391; x_wconf 78' lang='lat' dir='ltr'><strong>valle</strong></span> <span class='ocrx_word' id='word_1_428' title='bbox 1211 4336 1374 4391; x_wconf 82' lang='lat' dir='ltr'><strong>Salis.</strong></span> <span class='ocrx_word' id='word_1_429' title='bbox 1436 4338 1574 4393; x_wconf 78' lang='lat' dir='ltr'><strong>LXX</strong></span> <span class='ocrx_word' id='word_1_430' title='bbox 1639 4355 1820 4395; x_wconf 80' lang='lat' dir='ltr'><strong>vocem</strong></span> 
     </span>
    </p>
   </div>
   <div class='ocr_carea' id='block_1_63' title="bbox 1847 3105 1892 3167">
    <p class='ocr_par' dir='ltr' id='par_1_63' title="bbox 1847 3105 1892 3167">
     <span class='ocr_line' id='line_1_63' title="bbox 1847 3105 1892 3167; baseline 0 0"><span class='ocrx_word' id='word_1_431' title='bbox 1847 3105 1892 3167; x_wconf 93' lang='lat' dir='ltr'><strong>C</strong></span> 
     </span>
    </p>
   </div>
   <div class='ocr_carea' id='block_1_64' title="bbox 1923 1860 3507 1933">
    <p class='ocr_par' dir='ltr' id='par_1_64' title="bbox 1923 1860 3507 1933">
     <span class='ocr_line' id='line_1_64' title="bbox 1923 1860 3507 1933; baseline -0.001 -15"><span class='ocrx_word' id='word_1_432' title='bbox 1923 1865 2013 1919; x_wconf 90' lang='lat' dir='ltr'><strong>illa</strong></span> <span class='ocrx_word' id='word_1_433' title='bbox 2042 1880 2160 1933; x_wconf 71' lang='lat' dir='ltr'><strong>qua:</strong></span> <span class='ocrx_word' id='word_1_434' title='bbox 2192 1864 2246 1917; x_wconf 94' lang='lat' dir='ltr'><strong>in</strong></span> <span class='ocrx_word' id='word_1_435' title='bbox 2278 1860 2501 1918; x_wconf 57' lang='lat' dir='ltr'><strong>[lubrico</strong></span> <span class='ocrx_word' id='word_1_436' title='bbox 2532 1872 2685 1922; x_wconf 70' lang='lat' dir='ltr'><strong>D’Ttv</strong></span> <span class='ocrx_word' id='word_1_437' title='bbox 2709 1863 2931 1928; x_wconf 89' lang='lat' dir='ltr'><strong>dicitur,</strong></span> <span class='ocrx_word' id='word_1_438' title='bbox 2968 1880 2997 1917; x_wconf 89' lang='lat' dir='ltr'><strong>a</strong></span> <span class='ocrx_word' id='word_1_439' title='bbox 3033 1862 3240 1919; x_wconf 62' lang='lat' dir='ltr'><strong>Graecis</strong></span> <span class='ocrx_word' id='word_1_440' title='bbox 3282 1864 3507 1932; x_wconf 81' lang='grc' dir='ltr'>Ἀλυκή,</span> 
     </span>
    </p>
   </div>
   <div class='ocr_carea' id='block_1_65' title="bbox 1922 1954 3509 2025">
    <p class='ocr_par' dir='ltr' id='par_1_65' title="bbox 1922 1954 3509 2025">
     <span class='ocr_line' id='line_1_65' title="bbox 1922 1954 3509 2025; baseline -0.001 -15"><span class='ocrx_word' id='word_1_441' title='bbox 1922 1957 1991 2011; x_wconf 76' lang='lat' dir='ltr'><strong>ab</strong></span> <span class='ocrx_word' id='word_1_442' title='bbox 2029 1956 2324 2025; x_wconf 86' lang='lat' dir='ltr'><strong>interprete</strong></span> <span class='ocrx_word' id='word_1_443' title='bbox 2357 1964 2545 2011; x_wconf 88' lang='lat' dir='ltr'><strong>nostro</strong></span> <span class='ocrx_word' id='word_1_444' title='bbox 2590 1954 2860 2009; x_wconf 84' lang='lat' dir='ltr'><strong>Silveslris</strong></span> <span class='ocrx_word' id='word_1_445' title='bbox 2892 1955 3218 2023; x_wconf 87' lang='lat' dir='ltr'><strong>appellatur.</strong></span> <span class='ocrx_word' id='word_1_446' title='bbox 3265 1954 3335 2007; x_wconf 82' lang='lat' dir='ltr'><strong>At</strong></span> <span class='ocrx_word' id='word_1_447' title='bbox 3384 1954 3509 2008; x_wconf 82' lang='lat' dir='ltr'><strong>Ilic-</strong></span> 
     </span>
    </p>
   </div>
   <div class='ocr_carea' id='block_1_66' title="bbox 1921 2045 3506 2118">
    <p class='ocr_par' dir='ltr' id='par_1_66' title="bbox 1921 2045 3506 2118">
     <span class='ocr_line' id='line_1_66' title="bbox 1921 2045 3506 2118; baseline -0.001 -17"><span class='ocrx_word' id='word_1_448' title='bbox 1921 2062 2183 2118; x_wconf 84' lang='lat' dir='ltr'><strong>ronymus</strong></span> <span class='ocrx_word' id='word_1_449' title='bbox 2206 2047 2257 2099; x_wconf 88' lang='lat' dir='ltr'><strong>in</strong></span> <span class='ocrx_word' id='word_1_450' title='bbox 2287 2046 2715 2106; x_wconf 84' lang='lat' dir='ltr'><strong>Tradil.,vallem</strong></span> <span class='ocrx_word' id='word_1_451' title='bbox 2738 2045 3050 2100; x_wconf 86' lang='lat' dir='ltr'><strong>Salinarum</strong></span> <span class='ocrx_word' id='word_1_452' title='bbox 3080 2053 3277 2107; x_wconf 83' lang='lat' dir='ltr'><strong>vocat;</strong></span> <span class='ocrx_word' id='word_1_453' title='bbox 3308 2045 3506 2116; x_wconf 79' lang='lat' dir='ltr'><strong>Aquila</strong></span> 
     </span>
    </p>
   </div>
   <div class='ocr_carea' id='block_1_67' title="bbox 1922 2132 3504 2205">
    <p class='ocr_par' dir='ltr' id='par_1_67' title="bbox 1922 2132 3504 2205">
     <span class='ocr_line' id='line_1_67' title="bbox 1922 2132 3504 2205; baseline -0.004 -14"><span class='ocrx_word' id='word_1_454' title='bbox 1922 2152 2049 2191; x_wconf 89' lang='lat' dir='ltr'><strong>vero</strong></span> <span class='ocrx_word' id='word_1_455' title='bbox 2078 2136 2184 2188; x_wconf 84' lang='grc' dir='ltr'>τῶν</span> <span class='ocrx_word' id='word_1_456' title='bbox 2226 2135 2613 2205; x_wconf 76' lang='grc' dir='ltr'>Περιπεδίνων,</span> <span class='ocrx_word' id='word_1_457' title='bbox 2646 2133 2698 2187; x_wconf 91' lang='lat' dir='ltr'><strong>id</strong></span> <span class='ocrx_word' id='word_1_458' title='bbox 2750 2142 2854 2196; x_wconf 81' lang='lat' dir='ltr'><strong>est,</strong></span> <span class='ocrx_word' id='word_1_459' title='bbox 2899 2132 3289 2202; x_wconf 85' lang='lat' dir='ltr'><strong>Campestrium</strong></span> <span class='ocrx_word' id='word_1_460' title='bbox 3315 2148 3333 2185; x_wconf 91' lang='lat'><strong><em>:</em></strong></span> <span class='ocrx_word' id='word_1_461' title='bbox 3369 2134 3504 2203; x_wconf 80' lang='lat' dir='ltr'><strong>legit</strong></span> 
     </span>
    </p>
   </div>
   <div class='ocr_carea' id='block_1_68' title="bbox 1920 2222 3511 2290">
    <p class='ocr_par' dir='ltr' id='par_1_68' title="bbox 1920 2222 3511 2290">
     <span class='ocr_line' id='line_1_68' title="bbox 1920 2222 3511 2290; baseline -0.004 -7"><span class='ocrx_word' id='word_1_462' title='bbox 1920 2228 2063 2283; x_wconf 89' lang='lat' dir='ltr'><strong>enim</strong></span> <span class='ocrx_word' id='word_1_463' title='bbox 2117 2236 2290 2285; x_wconf 61' lang='lat' dir='ltr'><strong>nam.</strong></span> <span class='ocrx_word' id='word_1_464' title='bbox 2325 2224 2627 2280; x_wconf 84' lang='lat' dir='ltr'><strong>Theodotio</strong></span> <span class='ocrx_word' id='word_1_465' title='bbox 2665 2224 2773 2278; x_wconf 86' lang='grc' dir='ltr'><strong>τῶν</strong></span> <span class='ocrx_word' id='word_1_466' title='bbox 2814 2224 3056 2290; x_wconf 64' lang='grc' dir='ltr'>Ἀλσιῖιν,</span> <span class='ocrx_word' id='word_1_467' title='bbox 3106 2224 3157 2278; x_wconf 88' lang='lat' dir='ltr'><strong>id</strong></span> <span class='ocrx_word' id='word_1_468' title='bbox 3190 2233 3295 2289; x_wconf 89' lang='lat' dir='ltr'><strong>cst,</strong></span> <span class='ocrx_word' id='word_1_469' title='bbox 3345 2222 3511 2277; x_wconf 82' lang='lat' dir='ltr'><strong>Luco-</strong></span> 
     </span>
    </p>
   </div>
   <div class='ocr_carea' id='block_1_69' title="bbox 1924 2327 3507 2400">
    <p class='ocr_par' dir='ltr' id='par_1_69' title="bbox 1924 2327 3507 2400">
     <span class='ocr_line' id='line_1_69' title="bbox 1924 2327 3507 2400; baseline -0.001 -17"><span class='ocrx_word' id='word_1_470' title='bbox 1924 2347 2039 2383; x_wconf 86' lang='lat' dir='ltr'><strong>rum</strong></span> <span class='ocrx_word' id='word_1_471' title='bbox 2065 2346 2083 2383; x_wconf 91' lang='lat'><em>:</em></span> <span class='ocrx_word' id='word_1_472' title='bbox 2115 2330 2260 2399; x_wconf 90' lang='lat' dir='ltr'><strong>quod</strong></span> <span class='ocrx_word' id='word_1_473' title='bbox 2290 2330 2356 2383; x_wconf 88' lang='lat' dir='ltr'><strong>ad</strong></span> <span class='ocrx_word' id='word_1_474' title='bbox 2392 2328 2685 2400; x_wconf 81' lang='lat' dir='ltr'><strong>Vulgalum</strong></span> <span class='ocrx_word' id='word_1_475' title='bbox 2726 2330 3078 2398; x_wconf 89' lang='lat' dir='ltr'><strong>interpretem</strong></span> <span class='ocrx_word' id='word_1_476' title='bbox 3121 2328 3357 2383; x_wconf 87' lang='lat' dir='ltr'><strong>accedit.</strong></span> <span class='ocrx_word' id='word_1_477' title='bbox 3392 2327 3507 2381; x_wconf 87' lang='lat' dir='ltr'><strong>No-</strong></span> 
     </span>
    </p>
   </div>
   <div class='ocr_carea' id='block_1_70' title="bbox 1921 2420 3509 2491">
    <p class='ocr_par' dir='ltr' id='par_1_70' title="bbox 1921 2420 3509 2491">
     <span class='ocr_line' id='line_1_70' title="bbox 1921 2420 3509 2491; baseline -0.003 -14"><span class='ocrx_word' id='word_1_478' title='bbox 1921 2438 2046 2478; x_wconf 88' lang='lat' dir='ltr'><strong>men</strong></span> <span class='ocrx_word' id='word_1_479' title='bbox 2101 2432 2255 2481; x_wconf 68' lang='lat' dir='ltr'><strong>n&#39;w</strong></span> <span class='ocrx_word' id='word_1_480' title='bbox 2295 2430 2403 2475; x_wconf 92' lang='lat' dir='ltr'><strong>tam</strong></span> <span class='ocrx_word' id='word_1_481' title='bbox 2449 2422 2517 2476; x_wconf 89' lang='lat' dir='ltr'><strong>de</strong></span> <span class='ocrx_word' id='word_1_482' title='bbox 2552 2435 2684 2491; x_wconf 87' lang='lat' dir='ltr'><strong>agro</strong></span> <span class='ocrx_word' id='word_1_483' title='bbox 2715 2420 2969 2487; x_wconf 87' lang='lat' dir='ltr'><strong>subacto,</strong></span> <span class='ocrx_word' id='word_1_484' title='bbox 3001 2435 3163 2489; x_wconf 88' lang='lat' dir='ltr'><strong>quam</strong></span> <span class='ocrx_word' id='word_1_485' title='bbox 3200 2434 3406 2489; x_wconf 88' lang='lat' dir='ltr'><strong>pascuo</strong></span> <span class='ocrx_word' id='word_1_486' title='bbox 3443 2434 3509 2473; x_wconf 89' lang='lat' dir='ltr'><strong>ac</strong></span> 
     </span>
    </p>
   </div>
   <div class='ocr_carea' id='block_1_71' title="bbox 1921 2523 3510 2595">
    <p class='ocr_par' dir='ltr' id='par_1_71' title="bbox 1921 2523 3510 2595">
     <span class='ocr_line' id='line_1_71' title="bbox 1921 2523 3510 2595; baseline -0.004 -12"><span class='ocrx_word' id='word_1_487' title='bbox 1921 2542 2216 2583; x_wconf 90' lang='lat' dir='ltr'><strong>nemoroso</strong></span> <span class='ocrx_word' id='word_1_488' title='bbox 2255 2526 2537 2581; x_wconf 88' lang='lat' dir='ltr'><strong>sumitur:</strong></span> <span class='ocrx_word' id='word_1_489' title='bbox 2572 2524 2720 2595; x_wconf 85' lang='lat' dir='ltr'><strong>quod</strong></span> <span class='ocrx_word' id='word_1_490' title='bbox 2774 2524 3169 2579; x_wconf 89' lang='lat' dir='ltr'><strong>Theodotionis</strong></span> <span class='ocrx_word' id='word_1_491' title='bbox 3220 2532 3385 2594; x_wconf 89' lang='lat' dir='ltr'><strong>atque</strong></span> <span class='ocrx_word' id='word_1_492' title='bbox 3432 2523 3510 2577; x_wconf 87' lang='lat' dir='ltr'><strong>in-</strong></span> 
     </span>
    </p>
   </div>
   <div class='ocr_carea' id='block_1_72' title="bbox 1920 2612 3511 2688">
    <p class='ocr_par' dir='ltr' id='par_1_72' title="bbox 1920 2612 3511 2688">
     <span class='ocr_line' id='line_1_72' title="bbox 1920 2612 3511 2688; baseline -0.004 -15"><span class='ocrx_word' id='word_1_493' title='bbox 1920 2621 2175 2688; x_wconf 88' lang='lat' dir='ltr'><strong>terpretis</strong></span> <span class='ocrx_word' id='word_1_494' title='bbox 2201 2618 2401 2673; x_wconf 86' lang='lat' dir='ltr'><strong>veteris</strong></span> <span class='ocrx_word' id='word_1_495' title='bbox 2452 2616 2753 2671; x_wconf 87' lang='lat' dir='ltr'><strong>auctoritas</strong></span> <span class='ocrx_word' id='word_1_496' title='bbox 2792 2612 3106 2685; x_wconf 87' lang='lat' dir='ltr'><strong>persuadet.</strong></span> <span class='ocrx_word' id='word_1_497' title='bbox 3144 2614 3317 2669; x_wconf 65' lang='lat' dir='ltr'><strong>Graeci</strong></span> <span class='ocrx_word' id='word_1_498' title='bbox 3353 2631 3387 2668; x_wconf 92' lang='lat' dir='ltr'><strong>a</strong></span> <span class='ocrx_word' id='word_1_499' title='bbox 3416 2613 3511 2667; x_wconf 85' lang='lat' dir='ltr'><strong>Sa-</strong></span> 
     </span>
    </p>
   </div>
   <div class='ocr_carea' id='block_1_73' title="bbox 1921 2703 3509 2780">
    <p class='ocr_par' dir='ltr' id='par_1_73' title="bbox 1921 2703 3509 2780">
     <span class='ocr_line' id='line_1_73' title="bbox 1921 2703 3509 2780; baseline -0.005 -17"><span class='ocrx_word' id='word_1_500' title='bbox 1921 2710 2047 2763; x_wconf 88' lang='lat' dir='ltr'><strong>linis</strong></span> <span class='ocrx_word' id='word_1_501' title='bbox 2063 2708 2301 2780; x_wconf 81' lang='grc' dir='ltr'>Ἀλυκήν</span> <span class='ocrx_word' id='word_1_502' title='bbox 2333 2714 2636 2772; x_wconf 73' lang='lat' dir='ltr'><strong>verterunt,</strong></span> <span class='ocrx_word' id='word_1_503' title='bbox 2674 2714 2735 2761; x_wconf 92' lang='lat' dir='ltr'><strong>ut</strong></span> <span class='ocrx_word' id='word_1_504' title='bbox 2759 2717 2815 2762; x_wconf 93' lang='lat' dir='ltr'><strong>et</strong></span> <span class='ocrx_word' id='word_1_505' title='bbox 2843 2706 3211 2776; x_wconf 83' lang='lat' dir='ltr'><strong>Hieronymus</strong></span> <span class='ocrx_word' id='word_1_506' title='bbox 3237 2706 3293 2758; x_wconf 90' lang='lat' dir='ltr'><strong>in</strong></span> <span class='ocrx_word' id='word_1_507' title='bbox 3324 2703 3509 2757; x_wconf 81' lang='lat' dir='ltr'><strong>Tradi—</strong></span> 
     </span>
    </p>
   </div>
   <div class='ocr_carea' id='block_1_74' title="bbox 1923 2796 3505 2870">
    <p class='ocr_par' dir='ltr' id='par_1_74' title="bbox 1923 2796 3505 2870">
     <span class='ocr_line' id='line_1_74' title="bbox 1923 2796 3505 2870; baseline -0.005 -15"><span class='ocrx_word' id='word_1_508' title='bbox 1923 2804 2178 2857; x_wconf 87' lang='lat' dir='ltr'><strong>tionibus.</strong></span> <span class='ocrx_word' id='word_1_509' title='bbox 2212 2801 2323 2856; x_wconf 87' lang='lat' dir='ltr'><strong>Hos</strong></span> <span class='ocrx_word' id='word_1_510' title='bbox 2365 2802 2412 2856; x_wconf 93' lang='lat' dir='ltr'><strong>si</strong></span> <span class='ocrx_word' id='word_1_511' title='bbox 2442 2800 2566 2870; x_wconf 89' lang='lat' dir='ltr'><strong>quis</strong></span> <span class='ocrx_word' id='word_1_512' title='bbox 2597 2800 2884 2868; x_wconf 90' lang='lat' dir='ltr'><strong>imperitos</strong></span> <span class='ocrx_word' id='word_1_513' title='bbox 2931 2797 3069 2853; x_wconf 88' lang='lat' dir='ltr'><strong>adeo</strong></span> <span class='ocrx_word' id='word_1_514' title='bbox 3114 2796 3289 2851; x_wconf 82' lang='lat' dir='ltr'><strong>fuisse</strong></span> <span class='ocrx_word' id='word_1_515' title='bbox 3332 2803 3505 2865; x_wconf 88' lang='lat' dir='ltr'><strong>putet,</strong></span> 
     </span>
    </p>
   </div>
   <div class='ocr_carea' id='block_1_75' title="bbox 1922 2886 3508 2959">
    <p class='ocr_par' dir='ltr' id='par_1_75' title="bbox 1922 2886 3508 2959">
     <span class='ocr_line' id='line_1_75' title="bbox 1922 2886 3508 2959; baseline -0.006 -12"><span class='ocrx_word' id='word_1_516' title='bbox 1922 2901 1983 2947; x_wconf 91' lang='lat' dir='ltr'><strong>ut</strong></span> <span class='ocrx_word' id='word_1_517' title='bbox 2010 2893 2149 2946; x_wconf 88' lang='lat' dir='ltr'><strong>hanc</strong></span> <span class='ocrx_word' id='word_1_518' title='bbox 2181 2892 2372 2946; x_wconf 90' lang='lat' dir='ltr'><strong>vallem</strong></span> <span class='ocrx_word' id='word_1_519' title='bbox 2392 2904 2516 2944; x_wconf 90' lang='lat' dir='ltr'><strong>cum</strong></span> <span class='ocrx_word' id='word_1_520' title='bbox 2541 2890 2711 2943; x_wconf 88' lang='lat' dir='ltr'><strong>altera</strong></span> <span class='ocrx_word' id='word_1_521' title='bbox 2760 2888 3085 2959; x_wconf 87' lang='lat' dir='ltr'><strong>cognomine</strong></span> <span class='ocrx_word' id='word_1_522' title='bbox 3115 2888 3181 2940; x_wconf 91' lang='lat' dir='ltr'><strong>ad</strong></span> <span class='ocrx_word' id='word_1_523' title='bbox 3214 2886 3508 2939; x_wconf 70' lang='lat' dir='ltr'><strong>Idumazam</strong></span> 
     </span>
    </p>
   </div>
   <div class='ocr_carea' id='block_1_76' title="bbox 1923 2978 3511 3046">
    <p class='ocr_par' dir='ltr' id='par_1_76' title="bbox 1923 2978 3511 3046">
     <span class='ocr_line' id='line_1_76' title="bbox 1923 2978 3511 3046; baseline -0.007 -8"><span class='ocrx_word' id='word_1_524' title='bbox 1923 2983 2027 3038; x_wconf 85' lang='lat' dir='ltr'><strong>sita</strong></span> <span class='ocrx_word' id='word_1_525' title='bbox 2058 2980 2479 3044; x_wconf 81' lang='lat' dir='ltr'><strong>confunderent,</strong></span> <span class='ocrx_word' id='word_1_526' title='bbox 2513 2993 2598 3032; x_wconf 65' lang='lat' dir='ltr'><strong>nae</strong></span> <span class='ocrx_word' id='word_1_527' title='bbox 2644 2978 2693 3032; x_wconf 90' lang='lat' dir='ltr'><strong>is</strong></span> <span class='ocrx_word' id='word_1_528' title='bbox 2723 2992 2915 3046; x_wconf 89' lang='lat' dir='ltr'><strong>parum</strong></span> <span class='ocrx_word' id='word_1_529' title='bbox 2940 2983 3238 3045; x_wconf 88' lang='lat' dir='ltr'><strong>prudenter</strong></span> <span class='ocrx_word' id='word_1_530' title='bbox 3284 2988 3395 3028; x_wconf 84' lang='lat' dir='ltr'><strong>imo</strong></span> <span class='ocrx_word' id='word_1_531' title='bbox 3437 2985 3511 3027; x_wconf 87' lang='lat' dir='ltr'><strong>tc-</strong></span> 
     </span>
    </p>
   </div>
   <div class='ocr_carea' id='block_1_77' title="bbox 1924 3062 3510 3136">
    <p class='ocr_par' dir='ltr' id='par_1_77' title="bbox 1924 3062 3510 3136">
     <span class='ocr_line' id='line_1_77' title="bbox 1924 3062 3510 3136; baseline -0.006 -10"><span class='ocrx_word' id='word_1_532' title='bbox 1924 3087 2072 3127; x_wconf 90' lang='lat' dir='ltr'><strong>mere</strong></span> <span class='ocrx_word' id='word_1_533' title='bbox 2106 3069 2289 3123; x_wconf 82' lang='lat' dir='ltr'><strong>faciat.</strong></span> <span class='ocrx_word' id='word_1_534' title='bbox 2321 3068 2447 3122; x_wconf 80' lang='lat' dir='ltr'><strong>llaec</strong></span> <span class='ocrx_word' id='word_1_535' title='bbox 2475 3068 2619 3122; x_wconf 90' lang='lat' dir='ltr'><strong>enim</strong></span> <span class='ocrx_word' id='word_1_536' title='bbox 2652 3066 2928 3136; x_wconf 88' lang='lat' dir='ltr'><strong>posterior</strong></span> <span class='ocrx_word' id='word_1_537' title='bbox 2962 3067 3016 3118; x_wconf 91' lang='lat' dir='ltr'><strong>in</strong></span> <span class='ocrx_word' id='word_1_538' title='bbox 3052 3063 3301 3118; x_wconf 65' lang='lat' dir='ltr'><strong>Idumam:</strong></span> <span class='ocrx_word' id='word_1_539' title='bbox 3335 3062 3510 3117; x_wconf 83' lang='lat' dir='ltr'><strong>conti-</strong></span> 
     </span>
    </p>
   </div>
   <div class='ocr_carea' id='block_1_78' title="bbox 1923 3154 3510 3232">
    <p class='ocr_par' dir='ltr' id='par_1_78' title="bbox 1923 3154 3510 3232">
     <span class='ocr_line' id='line_1_78' title="bbox 1923 3154 3510 3232; baseline -0.006 -14"><span class='ocrx_word' id='word_1_540' title='bbox 1923 3164 2088 3218; x_wconf 91' lang='lat' dir='ltr'><strong>nihus</strong></span> <span class='ocrx_word' id='word_1_541' title='bbox 2119 3163 2297 3232; x_wconf 89' lang='lat' dir='ltr'><strong>posita</strong></span> <span class='ocrx_word' id='word_1_542' title='bbox 2331 3162 2567 3215; x_wconf 81' lang='lat' dir='ltr'><strong>videtur.</strong></span> <span class='ocrx_word' id='word_1_543' title='bbox 2621 3157 2810 3228; x_wconf 80' lang='lat' dir='ltr'><strong>Neque</strong></span> <span class='ocrx_word' id='word_1_544' title='bbox 2837 3173 2969 3212; x_wconf 90' lang='lat' dir='ltr'><strong>vero</strong></span> <span class='ocrx_word' id='word_1_545' title='bbox 3010 3158 3063 3211; x_wconf 91' lang='lat' dir='ltr'><strong>in</strong></span> <span class='ocrx_word' id='word_1_546' title='bbox 3106 3156 3337 3226; x_wconf 89' lang='lat' dir='ltr'><strong>ipsamet</strong></span> <span class='ocrx_word' id='word_1_547' title='bbox 3382 3154 3510 3209; x_wconf 81' lang='lat' dir='ltr'><strong>ldu-</strong></span> 
     </span>
    </p>
   </div>
   <div class='ocr_carea' id='block_1_79' title="bbox 1922 3248 3491 3319">
    <p class='ocr_par' dir='ltr' id='par_1_79' title="bbox 1922 3248 3491 3319">
     <span class='ocr_line' id='line_1_79' title="bbox 1922 3248 3491 3319; baseline -0.008 -9"><span class='ocrx_word' id='word_1_548' title='bbox 1922 3270 2056 3309; x_wconf 66' lang='lat' dir='ltr'><strong>maaa</strong></span> <span class='ocrx_word' id='word_1_549' title='bbox 2103 3253 2361 3308; x_wconf 88' lang='lat' dir='ltr'><strong>collocari</strong></span> <span class='ocrx_word' id='word_1_550' title='bbox 2408 3266 2634 3306; x_wconf 87' lang='lat' dir='ltr'><strong>necesse</strong></span> <span class='ocrx_word' id='word_1_551' title='bbox 2684 3260 2769 3307; x_wconf 88' lang='lat' dir='ltr'><strong>est</strong></span> <span class='ocrx_word' id='word_1_552' title='bbox 2798 3269 2811 3305; x_wconf 91' lang='lat'><strong>:</strong></span> <span class='ocrx_word' id='word_1_553' title='bbox 2845 3249 2989 3319; x_wconf 91' lang='lat' dir='ltr'><strong>quod</strong></span> <span class='ocrx_word' id='word_1_554' title='bbox 3018 3248 3230 3303; x_wconf 86' lang='lat' dir='ltr'><strong>divinat</strong></span> <span class='ocrx_word' id='word_1_555' title='bbox 3275 3248 3491 3301; x_wconf 75' lang='lat' dir='ltr'><strong>Salma-</strong></span> 
     </span>
    </p>
   </div>
   <div class='ocr_carea' id='block_1_80' title="bbox 1923 3339 3506 3417">
    <p class='ocr_par' dir='ltr' id='par_1_80' title="bbox 1923 3339 3506 3417">
     <span class='ocr_line' id='line_1_80' title="bbox 1923 3339 3506 3417; baseline -0.007 -14"><span class='ocrx_word' id='word_1_556' title='bbox 1923 3348 2039 3403; x_wconf 89' lang='lat' dir='ltr'><strong>sius</strong></span> <span class='ocrx_word' id='word_1_557' title='bbox 2077 3346 2177 3417; x_wconf 88' lang='lat' dir='ltr'><strong>(a),</strong></span> <span class='ocrx_word' id='word_1_558' title='bbox 2205 3345 2307 3399; x_wconf 87' lang='lat' dir='ltr'><strong>levi</strong></span> <span class='ocrx_word' id='word_1_559' title='bbox 2337 3344 2631 3398; x_wconf 89' lang='lat' dir='ltr'><strong>admodum</strong></span> <span class='ocrx_word' id='word_1_560' title='bbox 2666 3342 2865 3397; x_wconf 87' lang='lat' dir='ltr'><strong>ductus</strong></span> <span class='ocrx_word' id='word_1_561' title='bbox 2893 3349 3236 3411; x_wconf 89' lang='lat' dir='ltr'><strong>argumento,</strong></span> <span class='ocrx_word' id='word_1_562' title='bbox 3256 3339 3506 3408; x_wconf 85' lang='lat' dir='ltr'><strong>quoniam</strong></span> 
     </span>
    </p>
   </div>
   <div class='ocr_carea' id='block_1_81' title="bbox 1920 3431 3503 3508">
    <p class='ocr_par' dir='ltr' id='par_1_81' title="bbox 1920 3431 3503 3508">
     <span class='ocr_line' id='line_1_81' title="bbox 1920 3431 3503 3508; baseline -0.008 -13"><span class='ocrx_word' id='word_1_563' title='bbox 1920 3450 1971 3495; x_wconf 82' lang='lat' dir='ltr'><strong>et</strong></span> <span class='ocrx_word' id='word_1_564' title='bbox 2006 3441 2079 3494; x_wconf 86' lang='lat' dir='ltr'><strong>ibi</strong></span> <span class='ocrx_word' id='word_1_565' title='bbox 2114 3439 2343 3494; x_wconf 78' lang='lat' dir='ltr'><strong>Idumwi</strong></span> <span class='ocrx_word' id='word_1_566' title='bbox 2368 3438 2659 3508; x_wconf 85' lang='lat' dir='ltr'><strong>proﬂigati,</strong></span> <span class='ocrx_word' id='word_1_567' title='bbox 2685 3437 2739 3488; x_wconf 92' lang='lat' dir='ltr'><strong>in</strong></span> <span class='ocrx_word' id='word_1_568' title='bbox 2770 3443 2977 3489; x_wconf 86' lang='lat' dir='ltr'><strong>suamet</strong></span> <span class='ocrx_word' id='word_1_569' title='bbox 3005 3435 3237 3502; x_wconf 81' lang='lat' dir='ltr'><strong>ipsorum</strong></span> <span class='ocrx_word' id='word_1_570' title='bbox 3274 3431 3503 3499; x_wconf 87' lang='lat' dir='ltr'><strong>regione.</strong></span> 
     </span>
    </p>
   </div>
   <div class='ocr_carea' id='block_1_82' title="bbox 1921 3520 3506 3597">
    <p class='ocr_par' dir='ltr' id='par_1_82' title="bbox 1921 3520 3506 3597">
     <span class='ocr_line' id='line_1_82' title="bbox 1921 3520 3506 3597; baseline -0.009 -11"><span class='ocrx_word' id='word_1_571' title='bbox 1921 3532 2219 3587; x_wconf 66' lang='lat' dir='ltr'><strong>Praeclare!</strong></span> <span class='ocrx_word' id='word_1_572' title='bbox 2244 3530 2409 3597; x_wconf 88' lang='lat' dir='ltr'><strong>Quasi</strong></span> <span class='ocrx_word' id='word_1_573' title='bbox 2446 3530 2499 3582; x_wconf 91' lang='lat' dir='ltr'><strong>in</strong></span> <span class='ocrx_word' id='word_1_574' title='bbox 2536 3528 2769 3581; x_wconf 71' lang='lat' dir='ltr'><strong>Idumaza</strong></span> <span class='ocrx_word' id='word_1_575' title='bbox 2804 3526 2918 3595; x_wconf 92' lang='lat' dir='ltr'><strong>ipsa</strong></span> <span class='ocrx_word' id='word_1_576' title='bbox 2955 3523 3306 3578; x_wconf 91' lang='lat' dir='ltr'><strong>commissum</strong></span> <span class='ocrx_word' id='word_1_577' title='bbox 3336 3520 3506 3574; x_wconf 79' lang='lat' dir='ltr'><strong>fuisse</strong></span> 
     </span>
    </p>
   </div>
   <div class='ocr_carea' id='block_1_83' title="bbox 1921 3611 3507 3693">
    <p class='ocr_par' dir='ltr' id='par_1_83' title="bbox 1921 3611 3507 3693">
     <span class='ocr_line' id='line_1_83' title="bbox 1921 3611 3507 3693; baseline -0.008 -16"><span class='ocrx_word' id='word_1_578' title='bbox 1921 3623 2169 3693; x_wconf 74' lang='lat' dir='ltr'><strong>przelium</strong></span> <span class='ocrx_word' id='word_1_579' title='bbox 2221 3635 2447 3674; x_wconf 87' lang='lat' dir='ltr'><strong>necesse</strong></span> <span class='ocrx_word' id='word_1_580' title='bbox 2486 3618 2580 3672; x_wconf 86' lang='lat' dir='ltr'><strong>sit.</strong></span> <span class='ocrx_word' id='word_1_581' title='bbox 2622 3615 2823 3670; x_wconf 87' lang='lat' dir='ltr'><strong>Eodem</strong></span> <span class='ocrx_word' id='word_1_582' title='bbox 2856 3611 3273 3684; x_wconf 88' lang='lat' dir='ltr'><strong>argumentandi</strong></span> <span class='ocrx_word' id='word_1_583' title='bbox 3307 3624 3507 3681; x_wconf 82' lang='lat' dir='ltr'><strong>genere</strong></span> 
     </span>
    </p>
   </div>
   <div class='ocr_carea' id='block_1_84' title="bbox 1921 3700 3503 3777">
    <p class='ocr_par' dir='ltr' id='par_1_84' title="bbox 1921 3700 3503 3777">
     <span class='ocr_line' id='line_1_84' title="bbox 1921 3700 3503 3777; baseline -0.012 -8"><span class='ocrx_word' id='word_1_584' title='bbox 1921 3714 2246 3777; x_wconf 81' lang='lat' dir='ltr'><strong>confeceris,</strong></span> <span class='ocrx_word' id='word_1_585' title='bbox 2297 3712 2504 3766; x_wconf 84' lang='lat' dir='ltr'><strong>Italiam</strong></span> <span class='ocrx_word' id='word_1_586' title='bbox 2552 3722 2674 3764; x_wconf 88' lang='lat' dir='ltr'><strong>esse</strong></span> <span class='ocrx_word' id='word_1_587' title='bbox 2705 3707 2758 3760; x_wconf 93' lang='lat' dir='ltr'><strong>in</strong></span> <span class='ocrx_word' id='word_1_588' title='bbox 2809 3704 3018 3769; x_wconf 78' lang='lat' dir='ltr'><strong>Africa,</strong></span> <span class='ocrx_word' id='word_1_589' title='bbox 3061 3702 3320 3771; x_wconf 89' lang='lat' dir='ltr'><strong>quoniam</strong></span> <span class='ocrx_word' id='word_1_590' title='bbox 3361 3700 3503 3765; x_wconf 81' lang='lat' dir='ltr'><strong>Afri,</strong></span> 
     </span>
    </p>
   </div>
   <div class='ocr_carea' id='block_1_85' title="bbox 1923 3794 3502 3869">
    <p class='ocr_par' dir='ltr' id='par_1_85' title="bbox 1923 3794 3502 3869">
     <span class='ocr_line' id='line_1_85' title="bbox 1923 3794 3502 3869; baseline -0.011 -9"><span class='ocrx_word' id='word_1_591' title='bbox 1923 3806 2192 3860; x_wconf 84' lang='lat' dir='ltr'><strong>Annibale</strong></span> <span class='ocrx_word' id='word_1_592' title='bbox 2224 3804 2387 3869; x_wconf 91' lang='lat' dir='ltr'><strong>duce,</strong></span> <span class='ocrx_word' id='word_1_593' title='bbox 2424 3816 2550 3854; x_wconf 84' lang='lat' dir='ltr'><strong>cum</strong></span> <span class='ocrx_word' id='word_1_594' title='bbox 2596 3797 2860 3852; x_wconf 78' lang='lat' dir='ltr'><strong>Romanis</strong></span> <span class='ocrx_word' id='word_1_595' title='bbox 2887 3796 2943 3849; x_wconf 90' lang='lat' dir='ltr'><strong>in</strong></span> <span class='ocrx_word' id='word_1_596' title='bbox 2971 3794 3122 3847; x_wconf 89' lang='lat' dir='ltr'><strong>Italia</strong></span> <span class='ocrx_word' id='word_1_597' title='bbox 3168 3800 3502 3862; x_wconf 88' lang='lat' dir='ltr'><strong>pugnarunt.</strong></span> 
     </span>
    </p>
   </div>
   <div class='ocr_carea' id='block_1_86' title="bbox 1921 3879 3505 3956">
    <p class='ocr_par' dir='ltr' id='par_1_86' title="bbox 1921 3879 3505 3956">
     <span class='ocr_line' id='line_1_86' title="bbox 1921 3879 3505 3956; baseline -0.009 -11"><span class='ocrx_word' id='word_1_598' title='bbox 1921 3894 2167 3947; x_wconf 81' lang='lat' dir='ltr'><strong>Alterum</strong></span> <span class='ocrx_word' id='word_1_599' title='bbox 2221 3888 2475 3943; x_wconf 88' lang='lat' dir='ltr'><strong>Salmasii</strong></span> <span class='ocrx_word' id='word_1_600' title='bbox 2531 3892 2951 3956; x_wconf 89' lang='lat' dir='ltr'><strong>argumentum,</strong></span> <span class='ocrx_word' id='word_1_601' title='bbox 3017 3884 3142 3951; x_wconf 89' lang='lat' dir='ltr'><strong>quia</strong></span> <span class='ocrx_word' id='word_1_602' title='bbox 3192 3879 3505 3949; x_wconf 63' lang='lat' dir='ltr'><strong>prazsidium</strong></span> 
     </span>
    </p>
   </div>
   <div class='ocr_carea' id='block_1_87' title="bbox 1922 3968 3505 4045">
    <p class='ocr_par' dir='ltr' id='par_1_87' title="bbox 1922 3968 3505 4045">
     <span class='ocr_line' id='line_1_87' title="bbox 1922 3968 3505 4045; baseline -0.009 -11"><span class='ocrx_word' id='word_1_603' title='bbox 1922 3982 2117 4034; x_wconf 86' lang='lat' dir='ltr'><strong>ibidem</strong></span> <span class='ocrx_word' id='word_1_604' title='bbox 2160 3979 2465 4045; x_wconf 86' lang='lat' dir='ltr'><strong>impositum</strong></span> <span class='ocrx_word' id='word_1_605' title='bbox 2499 3983 2842 4037; x_wconf 88' lang='lat' dir='ltr'><strong>memoratur,</strong></span> <span class='ocrx_word' id='word_1_606' title='bbox 2890 3974 2944 4024; x_wconf 88' lang='lat' dir='ltr'><strong>in</strong></span> <span class='ocrx_word' id='word_1_607' title='bbox 2986 3972 3102 4037; x_wconf 81' lang='lat' dir='ltr'><strong>ipsa</strong></span> <span class='ocrx_word' id='word_1_608' title='bbox 3140 3984 3319 4037; x_wconf 86' lang='lat' dir='ltr'><strong>nempe</strong></span> <span class='ocrx_word' id='word_1_609' title='bbox 3368 3968 3505 4021; x_wconf 83' lang='lat' dir='ltr'><strong>Idu-</strong></span> 
     </span>
    </p>
   </div>
   <div class='ocr_carea' id='block_1_88' title="bbox 1924 4055 3507 4133">
    <p class='ocr_par' dir='ltr' id='par_1_88' title="bbox 1924 4055 3507 4133">
     <span class='ocr_line' id='line_1_88' title="bbox 1924 4055 3507 4133; baseline -0.008 -11"><span class='ocrx_word' id='word_1_610' title='bbox 1924 4086 2080 4122; x_wconf 73' lang='lat' dir='ltr'><strong>ma&#39;a.</strong></span> <span class='ocrx_word' id='word_1_611' title='bbox 2122 4066 2223 4120; x_wconf 83' lang='lat' dir='ltr'><strong>Ubi</strong></span> <span class='ocrx_word' id='word_1_612' title='bbox 2261 4067 2360 4119; x_wconf 91' lang='lat' dir='ltr'><strong>hoc</strong></span> <span class='ocrx_word' id='word_1_613' title='bbox 2392 4065 2548 4133; x_wconf 85' lang='lat' dir='ltr'><strong>legis,</strong></span> <span class='ocrx_word' id='word_1_614' title='bbox 2585 4061 2805 4125; x_wconf 85' lang='lat' dir='ltr'><strong>ibidem,</strong></span> <span class='ocrx_word' id='word_1_615' title='bbox 2840 4060 2945 4113; x_wconf 87' lang='lat' dir='ltr'><strong>hoc</strong></span> <span class='ocrx_word' id='word_1_616' title='bbox 2975 4068 3079 4122; x_wconf 88' lang='lat' dir='ltr'><strong>est,</strong></span> <span class='ocrx_word' id='word_1_617' title='bbox 3121 4060 3176 4110; x_wconf 90' lang='lat' dir='ltr'><strong>in</strong></span> <span class='ocrx_word' id='word_1_618' title='bbox 3217 4058 3355 4110; x_wconf 81' lang='lat' dir='ltr'><strong>valle</strong></span> <span class='ocrx_word' id='word_1_619' title='bbox 3402 4055 3507 4111; x_wconf 86' lang='lat' dir='ltr'><strong>Sa-</strong></span> 
     </span>
    </p>
   </div>
   <div class='ocr_carea' id='block_1_89' title="bbox 1924 4148 3505 4225">
    <p class='ocr_par' dir='ltr' id='par_1_89' title="bbox 1924 4148 3505 4225">
     <span class='ocr_line' id='line_1_89' title="bbox 1924 4148 3505 4225; baseline -0.007 -12"><span class='ocrx_word' id='word_1_620' title='bbox 1924 4161 2156 4213; x_wconf 82' lang='lat' dir='ltr'><strong>linarum</strong></span> <span class='ocrx_word' id='word_1_621' title='bbox 2207 4156 2522 4225; x_wconf 90' lang='lat' dir='ltr'><strong>impositum</strong></span> <span class='ocrx_word' id='word_1_622' title='bbox 2558 4152 2731 4207; x_wconf 81' lang='lat' dir='ltr'><strong>fuisse</strong></span> <span class='ocrx_word' id='word_1_623' title='bbox 2772 4148 3129 4220; x_wconf 65' lang='lat' dir='ltr'><strong>praesidium?</strong></span> <span class='ocrx_word' id='word_1_624' title='bbox 3176 4148 3354 4217; x_wconf 84' lang='lat' dir='ltr'><strong>Atque</strong></span> <span class='ocrx_word' id='word_1_625' title='bbox 3389 4149 3505 4202; x_wconf 70' lang='lat' dir='ltr'><strong>[nec</strong></span> 
     </span>
    </p>
   </div>
   <div class='ocr_carea' id='block_1_90' title="bbox 1926 4240 3505 4319">
    <p class='ocr_par' dir='ltr' id='par_1_90' title="bbox 1926 4240 3505 4319">
     <span class='ocr_line' id='line_1_90' title="bbox 1926 4240 3505 4319; baseline -0.008 -14"><span class='ocrx_word' id='word_1_626' title='bbox 1926 4252 2167 4319; x_wconf 75' lang='lat' dir='ltr'><strong>disputo,</strong></span> <span class='ocrx_word' id='word_1_627' title='bbox 2196 4263 2305 4301; x_wconf 92' lang='lat' dir='ltr'><strong>non</strong></span> <span class='ocrx_word' id='word_1_628' title='bbox 2354 4257 2413 4300; x_wconf 93' lang='lat' dir='ltr'><strong>ut</strong></span> <span class='ocrx_word' id='word_1_629' title='bbox 2442 4245 2578 4299; x_wconf 86' lang='lat' dir='ltr'><strong>certi</strong></span> <span class='ocrx_word' id='word_1_630' title='bbox 2612 4242 2815 4313; x_wconf 84' lang='lat' dir='ltr'><strong>aliquid</strong></span> <span class='ocrx_word' id='word_1_631' title='bbox 2846 4241 2914 4296; x_wconf 93' lang='lat' dir='ltr'><strong>de</strong></span> <span class='ocrx_word' id='word_1_632' title='bbox 2956 4240 3103 4295; x_wconf 89' lang='lat' dir='ltr'><strong>illius</strong></span> <span class='ocrx_word' id='word_1_633' title='bbox 3153 4240 3261 4294; x_wconf 90' lang='lat' dir='ltr'><strong>situ</strong></span> <span class='ocrx_word' id='word_1_634' title='bbox 3303 4240 3505 4294; x_wconf 84' lang='lat' dir='ltr'><strong>consti-</strong></span> 
     </span>
    </p>
   </div>
   <div class='ocr_carea' id='block_1_91' title="bbox 1927 4329 3506 4405">
    <p class='ocr_par' dir='ltr' id='par_1_91' title="bbox 1927 4329 3506 4405">
     <span class='ocr_line' id='line_1_91' title="bbox 1927 4329 3506 4405; baseline -0.009 -11"><span class='ocrx_word' id='word_1_635' title='bbox 1927 4350 2100 4405; x_wconf 88' lang='lat' dir='ltr'><strong>tuam,</strong></span> <span class='ocrx_word' id='word_1_636' title='bbox 2120 4340 2213 4394; x_wconf 76' lang='lat' dir='ltr'><strong>sed</strong></span> <span class='ocrx_word' id='word_1_637' title='bbox 2239 4336 2544 4391; x_wconf 83' lang='lat' dir='ltr'><strong>utliominis</strong></span> <span class='ocrx_word' id='word_1_638' title='bbox 2568 4332 2845 4402; x_wconf 82' lang='grc' dir='ltr'>ἀλογιστία</span> <span class='ocrx_word' id='word_1_639' title='bbox 2879 4331 3209 4399; x_wconf 87' lang='lat' dir='ltr'><strong>castigetur;</strong></span> <span class='ocrx_word' id='word_1_640' title='bbox 3241 4329 3333 4399; x_wconf 86' lang='lat' dir='ltr'><strong>qui</strong></span> <span class='ocrx_word' id='word_1_641' title='bbox 3365 4344 3394 4383; x_wconf 90' lang='lat' dir='ltr'><strong>e</strong></span> <span class='ocrx_word' id='word_1_642' title='bbox 3417 4344 3506 4383; x_wconf 87' lang='lat' dir='ltr'><strong>sa-</strong></span> 
     </span>
    </p>
   </div>
   <div class='ocr_carea' id='block_1_92' title="bbox 250 4420 3503 4503">
    <p class='ocr_par' dir='ltr' id='par_1_92' title="bbox 250 4420 3503 4503">
     <span class='ocr_line' id='line_1_92' title="bbox 250 4420 3503 4503; baseline -0.002 -24"><span class='ocrx_word' id='word_1_643' title='bbox 250 4429 525 4486; x_wconf 66' lang='lat' dir='ltr'><strong>ltebraaam</strong></span> <span class='ocrx_word' id='word_1_644' title='bbox 545 4434 912 4502; x_wconf 88' lang='lat' dir='ltr'><strong>retinuerunt,</strong></span> <span class='ocrx_word' id='word_1_645' title='bbox 958 4431 1016 4483; x_wconf 91' lang='grc' dir='ltr'><strong>ἐν</strong></span> <span class='ocrx_word' id='word_1_646' title='bbox 1046 4431 1297 4501; x_wconf 81' lang='grc' dir='ltr'>γεμέλεχ,</span> <span class='ocrx_word' id='word_1_647' title='bbox 1346 4435 1504 4501; x_wconf 87' lang='lat' dir='ltr'><strong>quasi</strong></span> <span class='ocrx_word' id='word_1_648' title='bbox 1541 4434 1820 4503; x_wconf 87' lang='lat' dir='ltr'><strong>proprium</strong></span> <span class='ocrx_word' id='word_1_649' title='bbox 1858 4450 1899 4503; x_wconf 78' lang='grc' dir='ltr'>υ</span> <span class='ocrx_word' id='word_1_650' title='bbox 1926 4433 2035 4488; x_wconf 90' lang='lat' dir='ltr'><strong>eris</strong></span> <span class='ocrx_word' id='word_1_651' title='bbox 2053 4431 2273 4485; x_wconf 86' lang='lat' dir='ltr'><strong>Litteris</strong></span> <span class='ocrx_word' id='word_1_652' title='bbox 2294 4431 2346 4483; x_wconf 88' lang='lat' dir='ltr'><strong>id</strong></span> <span class='ocrx_word' id='word_1_653' title='bbox 2368 4430 2503 4484; x_wconf 87' lang='lat' dir='ltr'><strong>ellici</strong></span> <span class='ocrx_word' id='word_1_654' title='bbox 2530 4426 2842 4483; x_wconf 89' lang='lat' dir='ltr'><strong>necessario</strong></span> <span class='ocrx_word' id='word_1_655' title='bbox 2872 4423 3122 4486; x_wconf 87' lang='lat' dir='ltr'><strong>credidit,</strong></span> <span class='ocrx_word' id='word_1_656' title='bbox 3152 4430 3204 4475; x_wconf 92' lang='lat' dir='ltr'><strong>et</strong></span> <span class='ocrx_word' id='word_1_657' title='bbox 3228 4428 3287 4474; x_wconf 89' lang='lat' dir='ltr'><strong>ut</strong></span> <span class='ocrx_word' id='word_1_658' title='bbox 3317 4422 3369 4473; x_wconf 90' lang='lat' dir='ltr'><strong>in</strong></span> <span class='ocrx_word' id='word_1_659' title='bbox 3391 4420 3503 4489; x_wconf 77' lang='lat' dir='ltr'><strong>pit:-</strong></span> 
     </span>
    </p>
   </div>
   <div class='ocr_carea' id='block_1_93' title="bbox 250 4522 1826 4592">
    <p class='ocr_par' dir='ltr' id='par_1_93' title="bbox 250 4522 1826 4592">
     <span class='ocr_line' id='line_1_93' title="bbox 250 4522 1826 4592; baseline 0.005 -23"><span class='ocrx_word' id='word_1_660' title='bbox 250 4533 449 4571; x_wconf 82' lang='lat' dir='ltr'><strong>nonten</strong></span> <span class='ocrx_word' id='word_1_661' title='bbox 478 4528 657 4585; x_wconf 86' lang='lat' dir='ltr'><strong>esset;</strong></span> <span class='ocrx_word' id='word_1_662' title='bbox 695 4536 825 4584; x_wconf 90' lang='lat' dir='ltr'><strong>non,</strong></span> <span class='ocrx_word' id='word_1_663' title='bbox 859 4529 919 4574; x_wconf 92' lang='lat' dir='ltr'><strong>ut</strong></span> <span class='ocrx_word' id='word_1_664' title='bbox 949 4522 1320 4575; x_wconf 85' lang='lat' dir='ltr'><strong>halluciuatur</strong></span> <span class='ocrx_word' id='word_1_665' title='bbox 1360 4524 1685 4592; x_wconf 90' lang='lat' dir='ltr'><strong>Salmasius,</strong></span> <span class='ocrx_word' id='word_1_666' title='bbox 1712 4544 1826 4578; x_wconf 88' lang='grc' dir='ltr'>κοι-</span> 
     </span>
    </p>
   </div>
   <div class='ocr_carea' id='block_1_94' title="bbox 248 4609 1824 4681">
    <p class='ocr_par' dir='ltr' id='par_1_94' title="bbox 248 4609 1824 4681">
     <span class='ocr_line' id='line_1_94' title="bbox 248 4609 1824 4681; baseline 0.005 -20"><span class='ocrx_word' id='word_1_667' title='bbox 248 4609 382 4662; x_wconf 80' lang='grc' dir='ltr'>λάδα</span> <span class='ocrx_word' id='word_1_668' title='bbox 411 4610 518 4663; x_wconf 79' lang='grc' dir='ltr'>τῶν</span> <span class='ocrx_word' id='word_1_669' title='bbox 557 4610 719 4674; x_wconf 79' lang='grc' dir='ltr'>ἁλῶν,</span> <span class='ocrx_word' id='word_1_670' title='bbox 760 4628 870 4681; x_wconf 89' lang='lat' dir='ltr'><strong>quo</strong></span> <span class='ocrx_word' id='word_1_671' title='bbox 915 4613 1135 4667; x_wconf 87' lang='lat' dir='ltr'><strong>nomine</strong></span> <span class='ocrx_word' id='word_1_672' title='bbox 1178 4613 1313 4665; x_wconf 75' lang='lat' dir='ltr'><strong>LXX</strong></span> <span class='ocrx_word' id='word_1_673' title='bbox 1352 4626 1548 4668; x_wconf 86' lang='lat' dir='ltr'><strong>vocant</strong></span> <span class='ocrx_word' id='word_1_674' title='bbox 1582 4618 1633 4669; x_wconf 93' lang='lat' dir='ltr'><strong>in</strong></span> <span class='ocrx_word' id='word_1_675' title='bbox 1683 4617 1824 4669; x_wconf 92' lang='lat' dir='ltr'><strong>libro</strong></span> 
     </span>
    </p>
   </div>
   <div class='ocr_carea' id='block_1_95' title="bbox 250 4699 1821 4776">
    <p class='ocr_par' dir='ltr' id='par_1_95' title="bbox 250 4699 1821 4776">
     <span class='ocr_line' id='line_1_95' title="bbox 250 4699 1821 4776; baseline 0.006 -25"><span class='ocrx_word' id='word_1_676' title='bbox 250 4699 290 4753; x_wconf 85' lang='lat' dir='ltr'><strong>ll</strong></span> <span class='ocrx_word' id='word_1_677' title='bbox 320 4700 578 4770; x_wconf 85' lang='lat' dir='ltr'><strong>Paralip.,</strong></span> <span class='ocrx_word' id='word_1_678' title='bbox 601 4720 723 4756; x_wconf 91' lang='lat' dir='ltr'><strong>cum</strong></span> <span class='ocrx_word' id='word_1_679' title='bbox 759 4704 811 4757; x_wconf 91' lang='lat' dir='ltr'><strong>in</strong></span> <span class='ocrx_word' id='word_1_680' title='bbox 832 4703 1058 4758; x_wconf 78' lang='lat' dir='ltr'><strong>Hebraeo</strong></span> <span class='ocrx_word' id='word_1_681' title='bbox 1084 4705 1271 4759; x_wconf 88' lang='lat' dir='ltr'><strong>eadem</strong></span> <span class='ocrx_word' id='word_1_682' title='bbox 1298 4709 1368 4760; x_wconf 91' lang='lat' dir='ltr'><strong>sit</strong></span> <span class='ocrx_word' id='word_1_683' title='bbox 1386 4724 1507 4776; x_wconf 60' lang='lat' dir='ltr'><strong>quae</strong></span> <span class='ocrx_word' id='word_1_684' title='bbox 1534 4708 1587 4760; x_wconf 90' lang='lat' dir='ltr'><strong>in</strong></span> <span class='ocrx_word' id='word_1_685' title='bbox 1609 4709 1746 4761; x_wconf 87' lang='lat' dir='ltr'><strong>libro</strong></span> <span class='ocrx_word' id='word_1_686' title='bbox 1782 4710 1821 4761; x_wconf 92' lang='lat' dir='ltr'><strong>lI</strong></span> 
     </span>
    </p>
   </div>
   <div class='ocr_carea' id='block_1_96' title="bbox 251 4788 1820 4866">
    <p class='ocr_par' dir='ltr' id='par_1_96' title="bbox 251 4788 1820 4866">
     <span class='ocr_line' id='line_1_96' title="bbox 251 4788 1820 4866; baseline 0.007 -26"><span class='ocrx_word' id='word_1_687' title='bbox 251 4788 383 4859; x_wconf 72' lang='lat' dir='ltr'><strong>Heg.</strong></span> <span class='ocrx_word' id='word_1_688' title='bbox 435 4792 744 4860; x_wconf 88' lang='lat' dir='ltr'><strong>appellatio,</strong></span> <span class='ocrx_word' id='word_1_689' title='bbox 791 4794 944 4847; x_wconf 86' lang='lat' dir='ltr'><strong>vallis</strong></span> <span class='ocrx_word' id='word_1_690' title='bbox 989 4792 1153 4847; x_wconf 87' lang='lat' dir='ltr'><strong>Salis.</strong></span> <span class='ocrx_word' id='word_1_691' title='bbox 1194 4796 1252 4848; x_wconf 90' lang='lat' dir='ltr'><strong>In</strong></span> <span class='ocrx_word' id='word_1_692' title='bbox 1308 4797 1463 4849; x_wconf 88' lang='lat' dir='ltr'><strong>titulo</strong></span> <span class='ocrx_word' id='word_1_693' title='bbox 1491 4798 1684 4866; x_wconf 88' lang='lat' dir='ltr'><strong>psalmi</strong></span> <span class='ocrx_word' id='word_1_694' title='bbox 1732 4815 1820 4851; x_wconf 58' lang='lat' dir='ltr'><strong>Lis</strong></span> 
     </span>
    </p>
   </div>
   <div class='ocr_carea' id='block_1_97' title="bbox 251 4878 1821 4955">
    <p class='ocr_par' dir='ltr' id='par_1_97' title="bbox 251 4878 1821 4955">
     <span class='ocr_line' id='line_1_97' title="bbox 251 4878 1821 4955; baseline 0.007 -22"><span class='ocrx_word' id='word_1_695' title='bbox 251 4878 607 4951; x_wconf 77' lang='lat' dir='ltr'><strong>Septuaginta</strong></span> <span class='ocrx_word' id='word_1_696' title='bbox 677 4884 943 4950; x_wconf 87' lang='lat' dir='ltr'><strong>reddunt,</strong></span> <span class='ocrx_word' id='word_1_697' title='bbox 1001 4885 1259 4955; x_wconf 78' lang='grc' dir='ltr'>φάραγγα</span> <span class='ocrx_word' id='word_1_698' title='bbox 1316 4890 1423 4941; x_wconf 80' lang='grc' dir='ltr'>τῶν</span> <span class='ocrx_word' id='word_1_699' title='bbox 1480 4889 1643 4941; x_wconf 81' lang='grc' dir='ltr'>ἁλῶν.</span> <span class='ocrx_word' id='word_1_700' title='bbox 1705 4888 1821 4944; x_wconf 87' lang='lat' dir='ltr'><strong>Non</strong></span> 
     </span>
    </p>
   </div>
   <div class='ocr_carea' id='block_1_98' title="bbox 236 4971 1819 5049">
    <p class='ocr_par' dir='ltr' id='par_1_98' title="bbox 236 4971 1819 5049">
     <span class='ocr_line' id='line_1_98' title="bbox 236 4971 1819 5049; baseline 0.009 -28"><span class='ocrx_word' id='word_1_701' title='bbox 236 4971 493 5049; x_wconf 81' lang='lat' dir='ltr'><strong>eamdem</strong></span> <span class='ocrx_word' id='word_1_702' title='bbox 526 4990 647 5028; x_wconf 91' lang='lat' dir='ltr'><strong>esse</strong></span> <span class='ocrx_word' id='word_1_703' title='bbox 681 4976 872 5029; x_wconf 89' lang='lat' dir='ltr'><strong>vallem</strong></span> <span class='ocrx_word' id='word_1_704' title='bbox 910 4975 1220 5031; x_wconf 87' lang='lat' dir='ltr'><strong>Salinarum</strong></span> <span class='ocrx_word' id='word_1_705' title='bbox 1251 4995 1377 5033; x_wconf 90' lang='lat' dir='ltr'><strong>cum</strong></span> <span class='ocrx_word' id='word_1_706' title='bbox 1413 4981 1547 5034; x_wconf 90' lang='lat' dir='ltr'><strong>mari</strong></span> <span class='ocrx_word' id='word_1_707' title='bbox 1587 4982 1819 5045; x_wconf 82' lang='lat' dir='ltr'><strong>Mortuo,</strong></span> 
     </span>
    </p>
   </div>
   <div class='ocr_carea' id='block_1_99' title="bbox 250 5066 1823 5137">
    <p class='ocr_par' dir='ltr' id='par_1_99' title="bbox 250 5066 1823 5137">
     <span class='ocr_line' id='line_1_99' title="bbox 250 5066 1823 5137; baseline 0.009 -22"><span class='ocrx_word' id='word_1_708' title='bbox 250 5079 316 5117; x_wconf 85' lang='lat' dir='ltr'><strong>uc</strong></span> <span class='ocrx_word' id='word_1_709' title='bbox 346 5066 666 5135; x_wconf 84' lang='lat' dir='ltr'><strong>probatione</strong></span> <span class='ocrx_word' id='word_1_710' title='bbox 701 5067 920 5135; x_wconf 90' lang='lat' dir='ltr'><strong>quidem</strong></span> <span class='ocrx_word' id='word_1_711' title='bbox 955 5079 1112 5137; x_wconf 89' lang='lat' dir='ltr'><strong>eget;</strong></span> <span class='ocrx_word' id='word_1_712' title='bbox 1157 5070 1207 5122; x_wconf 94' lang='lat' dir='ltr'><strong>id</strong></span> <span class='ocrx_word' id='word_1_713' title='bbox 1238 5086 1363 5125; x_wconf 90' lang='lat' dir='ltr'><strong>vero</strong></span> <span class='ocrx_word' id='word_1_714' title='bbox 1402 5074 1643 5127; x_wconf 82' lang='lat' dir='ltr'><strong>sensisse</strong></span> <span class='ocrx_word' id='word_1_715' title='bbox 1692 5076 1823 5128; x_wconf 86' lang='lat' dir='ltr'><strong>bea-</strong></span> 
     </span>
    </p>
   </div>
   <div class='ocr_carea' id='block_1_100' title="bbox 250 5154 1822 5232">
    <p class='ocr_par' dir='ltr' id='par_1_100' title="bbox 250 5154 1822 5232">
     <span class='ocr_line' id='line_1_100' title="bbox 250 5154 1822 5232; baseline 0.006 -28"><span class='ocrx_word' id='word_1_716' title='bbox 250 5161 364 5207; x_wconf 89' lang='lat' dir='ltr'><strong>tum</strong></span> <span class='ocrx_word' id='word_1_717' title='bbox 422 5154 784 5224; x_wconf 87' lang='lat' dir='ltr'><strong>Epiphanium</strong></span> <span class='ocrx_word' id='word_1_718' title='bbox 843 5155 1199 5211; x_wconf 81' lang='lat' dir='ltr'><strong>falsissimum</strong></span> <span class='ocrx_word' id='word_1_719' title='bbox 1266 5168 1369 5213; x_wconf 88' lang='lat' dir='ltr'><strong>est.</strong></span> <span class='ocrx_word' id='word_1_720' title='bbox 1430 5160 1667 5213; x_wconf 80' lang='grc' dir='ltr'>Κοιλὰδα</span> <span class='ocrx_word' id='word_1_721' title='bbox 1722 5162 1822 5232; x_wconf 77' lang='grc' dir='ltr'><strong>τὴν</strong></span> 
     </span>
    </p>
   </div>
   <div class='ocr_carea' id='block_1_101' title="bbox 262 5243 1823 5323">
    <p class='ocr_par' dir='ltr' id='par_1_101' title="bbox 262 5243 1823 5323">
     <span class='ocr_line' id='line_1_101' title="bbox 262 5243 1823 5323; baseline 0.005 -28"><span class='ocrx_word' id='word_1_722' title='bbox 262 5243 510 5313; x_wconf 81' lang='grc' dir='ltr'>’Λλυκήν,</span> <span class='ocrx_word' id='word_1_723' title='bbox 562 5246 645 5298; x_wconf 89' lang='lat' dir='ltr'><strong>vel</strong></span> <span class='ocrx_word' id='word_1_724' title='bbox 707 5244 937 5313; x_wconf 78' lang='grc' dir='ltr'>Ἀλυκήν</span> <span class='ocrx_word' id='word_1_725' title='bbox 995 5247 1339 5315; x_wconf 79' lang='lat' dir='ltr'><strong>simpliciter,</strong></span> <span class='ocrx_word' id='word_1_726' title='bbox 1401 5250 1516 5304; x_wconf 91' lang='lat' dir='ltr'><strong>sive</strong></span> <span class='ocrx_word' id='word_1_727' title='bbox 1589 5252 1823 5323; x_wconf 82' lang='grc' dir='ltr'>Ἀλυκὴν</span> 
     </span>
    </p>
   </div>
   <div class='ocr_carea' id='block_1_102' title="bbox 251 5334 1823 5405">
    <p class='ocr_par' dir='ltr' id='par_1_102' title="bbox 251 5334 1823 5405">
     <span class='ocr_line' id='line_1_102' title="bbox 251 5334 1823 5405; baseline 0.007 -20"><span class='ocrx_word' id='word_1_728' title='bbox 251 5334 523 5388; x_wconf 79' lang='grc' dir='ltr'>Θάλασσαν</span> <span class='ocrx_word' id='word_1_729' title='bbox 557 5343 873 5389; x_wconf 89' lang='lat' dir='ltr'><strong>constanter</strong></span> <span class='ocrx_word' id='word_1_730' title='bbox 905 5337 1240 5405; x_wconf 86' lang='lat' dir='ltr'><strong>Epiphanius</strong></span> <span class='ocrx_word' id='word_1_731' title='bbox 1294 5342 1565 5395; x_wconf 88' lang='lat' dir='ltr'><strong>nominat.</strong></span> <span class='ocrx_word' id='word_1_732' title='bbox 1624 5343 1678 5395; x_wconf 91' lang='lat' dir='ltr'><strong>Si</strong></span> <span class='ocrx_word' id='word_1_733' title='bbox 1715 5345 1823 5396; x_wconf 86' lang='lat' dir='ltr'><strong>val-</strong></span> 
     </span>
    </p>
   </div>
   <div class='ocr_carea' id='block_1_103' title="bbox 252 5425 1821 5493">
    <p class='ocr_par' dir='ltr' id='par_1_103' title="bbox 252 5425 1821 5493">
     <span class='ocr_line' id='line_1_103' title="bbox 252 5425 1821 5493; baseline 0.006 -18"><span class='ocrx_word' id='word_1_734' title='bbox 252 5426 354 5478; x_wconf 80' lang='lat' dir='ltr'><strong>lem</strong></span> <span class='ocrx_word' id='word_1_735' title='bbox 411 5425 717 5480; x_wconf 82' lang='lat' dir='ltr'><strong>Salinarum</strong></span> <span class='ocrx_word' id='word_1_736' title='bbox 756 5428 1134 5493; x_wconf 82' lang='lat' dir='ltr'><strong>intellexisset,</strong></span> <span class='ocrx_word' id='word_1_737' title='bbox 1167 5446 1299 5484; x_wconf 91' lang='lat' dir='ltr'><strong>usus</strong></span> <span class='ocrx_word' id='word_1_738' title='bbox 1348 5440 1493 5486; x_wconf 86' lang='lat' dir='ltr'><strong>esset</strong></span> <span class='ocrx_word' id='word_1_739' title='bbox 1545 5448 1609 5487; x_wconf 93' lang='lat' dir='ltr'><strong>co</strong></span> <span class='ocrx_word' id='word_1_740' title='bbox 1664 5449 1821 5487; x_wconf 86' lang='lat' dir='ltr'><strong>voca-</strong></span> 
     </span>
    </p>
   </div>
   <div class='ocr_carea' id='block_1_104' title="bbox 252 5520 1818 5594">
    <p class='ocr_par' dir='ltr' id='par_1_104' title="bbox 252 5520 1818 5594">
     <span class='ocr_line' id='line_1_104' title="bbox 252 5520 1818 5594; baseline 0.005 -23"><span class='ocrx_word' id='word_1_741' title='bbox 252 5520 399 5579; x_wconf 80' lang='lat' dir='ltr'><strong>bulo,</strong></span> <span class='ocrx_word' id='word_1_742' title='bbox 431 5520 759 5587; x_wconf 72' lang='lat' dir='ltr'><strong>quod.LXX</strong></span> <span class='ocrx_word' id='word_1_743' title='bbox 800 5529 1119 5591; x_wconf 79' lang='lat' dir='ltr'><strong>posuerunt,</strong></span> <span class='ocrx_word' id='word_1_744' title='bbox 1176 5523 1432 5594; x_wconf 80' lang='grc' dir='ltr'>Γεμέλεχ,</span> <span class='ocrx_word' id='word_1_745' title='bbox 1475 5526 1664 5581; x_wconf 79' lang='lat' dir='ltr'><strong>saltem</strong></span> <span class='ocrx_word' id='word_1_746' title='bbox 1704 5544 1818 5579; x_wconf 88' lang='grc' dir='ltr'>κοι-</span> 
     </span>
    </p>
   </div>
   <div class='ocr_carea' id='block_1_105' title="bbox 315 5697 700 5768">
    <p class='ocr_par' dir='ltr' id='par_1_105' title="bbox 315 5697 700 5768">
     <span class='ocr_line' id='line_1_105' title="bbox 315 5697 700 5768; baseline 0.01 -17"><span class='ocrx_word' id='word_1_747' title='bbox 315 5698 395 5767; x_wconf 84' lang='lat' dir='ltr'><strong>(a)</strong></span> <span class='ocrx_word' id='word_1_748' title='bbox 433 5697 557 5768; x_wconf 75' lang='lat' dir='ltr'><strong>I’ag.</strong></span> <span class='ocrx_word' id='word_1_749' title='bbox 602 5700 700 5754; x_wconf 67' lang='grc'><strong>(3.4</strong></span> 
     </span>
    </p>
   </div>
   <div class='ocr_carea' id='block_1_106' title="bbox 1930 4512 3501 4594">
    <p class='ocr_par' dir='ltr' id='par_1_106' title="bbox 1930 4512 3501 4594">
     <span class='ocr_line' id='line_1_106' title="bbox 1930 4512 3501 4594; baseline -0.008 -15"><span class='ocrx_word' id='word_1_750' title='bbox 1930 4525 2137 4594; x_wconf 88' lang='lat' dir='ltr'><strong>risque,</strong></span> <span class='ocrx_word' id='word_1_751' title='bbox 2163 4523 2263 4592; x_wconf 80' lang='grc' dir='ltr'>τῆς</span> <span class='ocrx_word' id='word_1_752' title='bbox 2294 4518 2703 4588; x_wconf 82' lang='grc' dir='ltr'>συλλογιστικῆς</span> <span class='ocrx_word' id='word_1_753' title='bbox 2729 4517 2948 4588; x_wconf 80' lang='grc' dir='ltr'>μεθόδου</span> <span class='ocrx_word' id='word_1_754' title='bbox 2975 4529 3202 4585; x_wconf 84' lang='lat' dir='ltr'><strong>prorsus</strong></span> <span class='ocrx_word' id='word_1_755' title='bbox 3225 4521 3307 4567; x_wconf 85' lang='lat' dir='ltr'><strong>est</strong></span> <span class='ocrx_word' id='word_1_756' title='bbox 3326 4512 3501 4566; x_wconf 90' lang='lat' dir='ltr'><strong>rudis.</strong></span> 
     </span>
    </p>
   </div>
   <div class='ocr_carea' id='block_1_107' title="bbox 1997 4604 3504 4678">
    <p class='ocr_par' dir='ltr' id='par_1_107' title="bbox 1997 4604 3504 4678">
     <span class='ocr_line' id='line_1_107' title="bbox 1997 4604 3504 4678; baseline -0.011 -7"><span class='ocrx_word' id='word_1_757' title='bbox 1997 4618 2079 4671; x_wconf 82' lang='lat' dir='ltr'><strong>Ab</strong></span> <span class='ocrx_word' id='word_1_758' title='bbox 2110 4618 2298 4671; x_wconf 88' lang='lat' dir='ltr'><strong>eadem</strong></span> <span class='ocrx_word' id='word_1_759' title='bbox 2346 4612 2711 4667; x_wconf 83' lang='lat' dir='ltr'><strong>ratiocinandi</strong></span> <span class='ocrx_word' id='word_1_760' title='bbox 2748 4608 3021 4678; x_wconf 87' lang='lat' dir='ltr'><strong>imperitia</strong></span> <span class='ocrx_word' id='word_1_761' title='bbox 3066 4604 3369 4674; x_wconf 77' lang='lat' dir='ltr'><strong>proiectura</strong></span> <span class='ocrx_word' id='word_1_762' title='bbox 3416 4610 3504 4657; x_wconf 82' lang='lat' dir='ltr'><strong>cst</strong></span> 
     </span>
    </p>
   </div>
   <div class='ocr_carea' id='block_1_108' title="bbox 1926 4693 3501 4776">
    <p class='ocr_par' dir='ltr' id='par_1_108' title="bbox 1926 4693 3501 4776">
     <span class='ocr_line' id='line_1_108' title="bbox 1926 4693 3501 4776; baseline -0.011 -13"><span class='ocrx_word' id='word_1_763' title='bbox 1926 4718 1981 4764; x_wconf 91' lang='lat' dir='ltr'><strong>et</strong></span> <span class='ocrx_word' id='word_1_764' title='bbox 2011 4709 2164 4770; x_wconf 90' lang='lat' dir='ltr'><strong>illud,</strong></span> <span class='ocrx_word' id='word_1_765' title='bbox 2200 4708 2344 4776; x_wconf 86' lang='lat' dir='ltr'><strong>quod</strong></span> <span class='ocrx_word' id='word_1_766' title='bbox 2375 4704 2606 4759; x_wconf 87' lang='lat' dir='ltr'><strong>subinde</strong></span> <span class='ocrx_word' id='word_1_767' title='bbox 2641 4702 2887 4770; x_wconf 90' lang='lat' dir='ltr'><strong>sequitur</strong></span> <span class='ocrx_word' id='word_1_768' title='bbox 2921 4717 2933 4751; x_wconf 88' lang='lat'><strong>:</strong></span> <span class='ocrx_word' id='word_1_769' title='bbox 2973 4698 3164 4751; x_wconf 90' lang='lat' dir='ltr'><strong>vallem</strong></span> <span class='ocrx_word' id='word_1_770' title='bbox 3198 4697 3356 4751; x_wconf 89' lang='lat' dir='ltr'><strong>istam</strong></span> <span class='ocrx_word' id='word_1_771' title='bbox 3400 4693 3501 4747; x_wconf 85' lang='lat' dir='ltr'><strong>Sa-</strong></span> 
     </span>
    </p>
   </div>
   <div class='ocr_carea' id='block_1_109' title="bbox 1930 4785 3503 4859">
    <p class='ocr_par' dir='ltr' id='par_1_109' title="bbox 1930 4785 3503 4859">
     <span class='ocr_line' id='line_1_109' title="bbox 1930 4785 3503 4859; baseline -0.01 -8"><span class='ocrx_word' id='word_1_772' title='bbox 1930 4799 2163 4851; x_wconf 90' lang='lat' dir='ltr'><strong>linarum</strong></span> <span class='ocrx_word' id='word_1_773' title='bbox 2196 4810 2227 4847; x_wconf 88' lang='lat' dir='ltr'><strong>a</strong></span> <span class='ocrx_word' id='word_1_774' title='bbox 2259 4796 2394 4848; x_wconf 89' lang='lat' dir='ltr'><strong>mari</strong></span> <span class='ocrx_word' id='word_1_775' title='bbox 2429 4793 2644 4846; x_wconf 84' lang='lat' dir='ltr'><strong>Mortuo</strong></span> <span class='ocrx_word' id='word_1_776' title='bbox 2684 4790 2899 4859; x_wconf 89' lang='lat' dir='ltr'><strong>longius</strong></span> <span class='ocrx_word' id='word_1_777' title='bbox 2938 4786 3180 4841; x_wconf 79' lang='lat' dir='ltr'><strong>abfuisse</strong></span> <span class='ocrx_word' id='word_1_778' title='bbox 3219 4785 3409 4853; x_wconf 88' lang='lat' dir='ltr'><strong>probat</strong></span> <span class='ocrx_word' id='word_1_779' title='bbox 3436 4800 3503 4837; x_wconf 74' lang='lat' dir='ltr'><strong>ex</strong></span> 
     </span>
    </p>
   </div>
   <div class='ocr_carea' id='block_1_110' title="bbox 1924 4874 3501 4958">
    <p class='ocr_par' dir='ltr' id='par_1_110' title="bbox 1924 4874 3501 4958">
     <span class='ocr_line' id='line_1_110' title="bbox 1924 4874 3501 4958; baseline -0.008 -14"><span class='ocrx_word' id='word_1_780' title='bbox 1924 4906 1990 4944; x_wconf 84' lang='lat' dir='ltr'><strong>eo</strong></span> <span class='ocrx_word' id='word_1_781' title='bbox 2034 4889 2179 4958; x_wconf 91' lang='lat' dir='ltr'><strong>quod</strong></span> <span class='ocrx_word' id='word_1_782' title='bbox 2231 4888 2286 4940; x_wconf 91' lang='lat' dir='ltr'><strong>in</strong></span> <span class='ocrx_word' id='word_1_783' title='bbox 2337 4888 2571 4939; x_wconf 69' lang='lat' dir='ltr'><strong>Idutuzea</strong></span> <span class='ocrx_word' id='word_1_784' title='bbox 2610 4884 2698 4937; x_wconf 89' lang='lat' dir='ltr'><strong>sit.</strong></span> <span class='ocrx_word' id='word_1_785' title='bbox 2742 4883 2813 4933; x_wconf 84' lang='lat' dir='ltr'><strong>At</strong></span> <span class='ocrx_word' id='word_1_786' title='bbox 2872 4879 3131 4943; x_wconf 69' lang='lat' dir='ltr'><strong>lduma&#39;a,</strong></span> <span class='ocrx_word' id='word_1_787' title='bbox 3182 4878 3359 4946; x_wconf 89' lang='lat' dir='ltr'><strong>inquit</strong></span> <span class='ocrx_word' id='word_1_788' title='bbox 3402 4874 3501 4944; x_wconf 87' lang='lat' dir='ltr'><strong>(b_.‘,</strong></span> 
     </span>
    </p>
   </div>
   <div class='ocr_carea' id='block_1_111' title="bbox 1925 4970 3501 5049">
    <p class='ocr_par' dir='ltr' id='par_1_111' title="bbox 1925 4970 3501 5049">
     <span class='ocr_line' id='line_1_111' title="bbox 1925 4970 3501 5049; baseline -0.008 -15"><span class='ocrx_word' id='word_1_789' title='bbox 1925 4982 2056 5034; x_wconf 84' lang='lat' dir='ltr'><strong>satis</strong></span> <span class='ocrx_word' id='word_1_790' title='bbox 2089 4982 2234 5049; x_wconf 90' lang='lat' dir='ltr'><strong>longe</strong></span> <span class='ocrx_word' id='word_1_791' title='bbox 2262 4978 2453 5031; x_wconf 84' lang='lat' dir='ltr'><strong>dissita</strong></span> <span class='ocrx_word' id='word_1_792' title='bbox 2500 4995 2532 5029; x_wconf 91' lang='lat' dir='ltr'><strong>a</strong></span> <span class='ocrx_word' id='word_1_793' title='bbox 2566 4976 2702 5028; x_wconf 87' lang='lat' dir='ltr'><strong>mari</strong></span> <span class='ocrx_word' id='word_1_794' title='bbox 2736 4973 2967 5027; x_wconf 77' lang='lat' dir='ltr'><strong>Mortuo.</strong></span> <span class='ocrx_word' id='word_1_795' title='bbox 3004 4970 3113 5026; x_wconf 89' lang='lat' dir='ltr'><strong>Nec</strong></span> <span class='ocrx_word' id='word_1_796' title='bbox 3152 4970 3283 5023; x_wconf 91' lang='lat' dir='ltr'><strong>illud</strong></span> <span class='ocrx_word' id='word_1_797' title='bbox 3312 4985 3501 5023; x_wconf 86' lang='lat' dir='ltr'><strong>verum</strong></span> 
     </span>
    </p>
   </div>
   <div class='ocr_carea' id='block_1_112' title="bbox 1926 5062 3503 5137">
    <p class='ocr_par' dir='ltr' id='par_1_112' title="bbox 1926 5062 3503 5137">
     <span class='ocr_line' id='line_1_112' title="bbox 1926 5062 3503 5137; baseline -0.008 -12"><span class='ocrx_word' id='word_1_798' title='bbox 1926 5079 2030 5126; x_wconf 91' lang='lat' dir='ltr'><strong>est.</strong></span> <span class='ocrx_word' id='word_1_799' title='bbox 2066 5071 2269 5124; x_wconf 89' lang='lat' dir='ltr'><strong>Tamen</strong></span> <span class='ocrx_word' id='word_1_800' title='bbox 2302 5070 2670 5137; x_wconf 77' lang='lat' dir='ltr'><strong>experiamur,</strong></span> <span class='ocrx_word' id='word_1_801' title='bbox 2698 5081 2859 5135; x_wconf 87' lang='lat' dir='ltr'><strong>quam</strong></span> <span class='ocrx_word' id='word_1_802' title='bbox 2894 5063 2947 5117; x_wconf 88' lang='lat' dir='ltr'><strong>id</strong></span> <span class='ocrx_word' id='word_1_803' title='bbox 2973 5063 3114 5118; x_wconf 87' lang='lat' dir='ltr'><strong>belle</strong></span> <span class='ocrx_word' id='word_1_804' title='bbox 3142 5062 3503 5115; x_wconf 77' lang='lat' dir='ltr'><strong>demonstret.</strong></span> 
     </span>
    </p>
   </div>
   <div class='ocr_carea' id='block_1_113' title="bbox 1928 5151 3502 5231">
    <p class='ocr_par' dir='ltr' id='par_1_113' title="bbox 1928 5151 3502 5231">
     <span class='ocr_line' id='line_1_113' title="bbox 1928 5151 3502 5231; baseline -0.008 -15"><span class='ocrx_word' id='word_1_805' title='bbox 1928 5163 2217 5231; x_wconf 79' lang='lat' dir='ltr'><strong>lncipiebat</strong></span> <span class='ocrx_word' id='word_1_806' title='bbox 2248 5163 2433 5231; x_wconf 80' lang='lat' dir='ltr'><strong>quippe</strong></span> <span class='ocrx_word' id='word_1_807' title='bbox 2464 5161 2527 5213; x_wconf 91' lang='lat' dir='ltr'><strong>ab</strong></span> <span class='ocrx_word' id='word_1_808' title='bbox 2564 5158 2783 5229; x_wconf 64' lang='lat' dir='ltr'><strong>1Egypti</strong></span> <span class='ocrx_word' id='word_1_809' title='bbox 2816 5156 2996 5217; x_wconf 81' lang='lat' dir='ltr'><strong>Casio,</strong></span> <span class='ocrx_word' id='word_1_810' title='bbox 3035 5165 3083 5208; x_wconf 86' lang='lat' dir='ltr'><strong>et</strong></span> <span class='ocrx_word' id='word_1_811' title='bbox 3132 5154 3279 5207; x_wconf 83' lang='lat' dir='ltr'><strong>lacus</strong></span> <span class='ocrx_word' id='word_1_812' title='bbox 3314 5151 3502 5207; x_wconf 82' lang='lat' dir='ltr'><strong>Sirbo-</strong></span> 
     </span>
    </p>
   </div>
   <div class='ocr_carea' id='block_1_114' title="bbox 1924 5245 3504 5316">
    <p class='ocr_par' dir='ltr' id='par_1_114' title="bbox 1924 5245 3504 5316">
     <span class='ocr_line' id='line_1_114' title="bbox 1924 5245 3504 5316; baseline -0.009 -6"><span class='ocrx_word' id='word_1_813' title='bbox 1924 5257 2063 5310; x_wconf 87' lang='lat' dir='ltr'><strong>nidis</strong></span> <span class='ocrx_word' id='word_1_814' title='bbox 2095 5272 2319 5309; x_wconf 69' lang='lat' dir='ltr'><strong>emersit.</strong></span> <span class='ocrx_word' id='word_1_815' title='bbox 2363 5256 2533 5308; x_wconf 83' lang='lat' dir='ltr'><strong>Aeute</strong></span> <span class='ocrx_word' id='word_1_816' title='bbox 2581 5269 2731 5308; x_wconf 89' lang='lat' dir='ltr'><strong>sane.</strong></span> <span class='ocrx_word' id='word_1_817' title='bbox 2778 5250 3044 5316; x_wconf 86' lang='lat' dir='ltr'><strong>Quoniam</strong></span> <span class='ocrx_word' id='word_1_818' title='bbox 3090 5248 3156 5301; x_wconf 87' lang='lat' dir='ltr'><strong>ab</strong></span> <span class='ocrx_word' id='word_1_819' title='bbox 3187 5246 3405 5316; x_wconf 72' lang='lat' dir='ltr'><strong>Aigypti</strong></span> <span class='ocrx_word' id='word_1_820' title='bbox 3440 5245 3504 5295; x_wconf 85' lang='lat' dir='ltr'><strong>li-</strong></span> 
     </span>
    </p>
   </div>
   <div class='ocr_carea' id='block_1_115' title="bbox 1922 5336 3502 5417">
    <p class='ocr_par' dir='ltr' id='par_1_115' title="bbox 1922 5336 3502 5417">
     <span class='ocr_line' id='line_1_115' title="bbox 1922 5336 3502 5417; baseline -0.011 -14"><span class='ocrx_word' id='word_1_821' title='bbox 1922 5349 2148 5403; x_wconf 89' lang='lat' dir='ltr'><strong>mitibus</strong></span> <span class='ocrx_word' id='word_1_822' title='bbox 2198 5347 2494 5417; x_wconf 86' lang='lat' dir='ltr'><strong>incipiebat</strong></span> <span class='ocrx_word' id='word_1_823' title='bbox 2540 5346 2799 5407; x_wconf 66' lang='lat' dir='ltr'><strong>ldumaza,</strong></span> <span class='ocrx_word' id='word_1_824' title='bbox 2848 5343 2968 5395; x_wconf 91' lang='lat' dir='ltr'><strong>ideo</strong></span> <span class='ocrx_word' id='word_1_825' title='bbox 3023 5355 3052 5391; x_wconf 88' lang='lat' dir='ltr'><strong>a</strong></span> <span class='ocrx_word' id='word_1_826' title='bbox 3103 5338 3236 5391; x_wconf 87' lang='lat' dir='ltr'><strong>mari</strong></span> <span class='ocrx_word' id='word_1_827' title='bbox 3286 5336 3502 5387; x_wconf 81' lang='lat' dir='ltr'><strong>Mortuo</strong></span> 
     </span>
    </p>
   </div>
   <div class='ocr_carea' id='block_1_116' title="bbox 1924 5428 3499 5511">
    <p class='ocr_par' dir='ltr' id='par_1_116' title="bbox 1924 5428 3499 5511">
     <span class='ocr_line' id='line_1_116' title="bbox 1924 5428 3499 5511; baseline -0.012 -17"><span class='ocrx_word' id='word_1_828' title='bbox 1924 5442 2139 5511; x_wconf 90' lang='lat' dir='ltr'><strong>longius</strong></span> <span class='ocrx_word' id='word_1_829' title='bbox 2171 5442 2377 5494; x_wconf 90' lang='lat' dir='ltr'><strong>aberat.</strong></span> <span class='ocrx_word' id='word_1_830' title='bbox 2408 5439 2645 5495; x_wconf 84' lang='lat' dir='ltr'><strong>lioccine</strong></span> <span class='ocrx_word' id='word_1_831' title='bbox 2689 5436 2999 5491; x_wconf 88' lang='lat' dir='ltr'><strong>ratiocinari</strong></span> <span class='ocrx_word' id='word_1_832' title='bbox 3028 5442 3131 5497; x_wconf 88' lang='lat' dir='ltr'><strong>est,</strong></span> <span class='ocrx_word' id='word_1_833' title='bbox 3162 5432 3269 5483; x_wconf 87' lang='lat' dir='ltr'><strong>imo</strong></span> <span class='ocrx_word' id='word_1_834' title='bbox 3300 5428 3375 5479; x_wconf 90' lang='lat' dir='ltr'><strong>uti</strong></span> <span class='ocrx_word' id='word_1_835' title='bbox 3412 5442 3499 5478; x_wconf 83' lang='lat' dir='ltr'><strong>ra-</strong></span> 
     </span>
    </p>
   </div>
   <div class='ocr_carea' id='block_1_117' title="bbox 1923 5516 3487 5596">
    <p class='ocr_par' dir='ltr' id='par_1_117' title="bbox 1923 5516 3487 5596">
     <span class='ocr_line' id='line_1_117' title="bbox 1923 5516 3487 5596; baseline -0.007 -11"><span class='ocrx_word' id='word_1_836' title='bbox 1923 5533 2110 5586; x_wconf 89' lang='lat' dir='ltr'><strong>tione?</strong></span> <span class='ocrx_word' id='word_1_837' title='bbox 2164 5532 2350 5586; x_wconf 80' lang='lat' dir='ltr'><strong>ltidcin</strong></span> <span class='ocrx_word' id='word_1_838' title='bbox 2396 5534 2537 5586; x_wconf 90' lang='lat' dir='ltr'><strong>enim</strong></span> <span class='ocrx_word' id='word_1_839' title='bbox 2590 5530 2741 5596; x_wconf 80' lang='lat' dir='ltr'><strong>facit,</strong></span> <span class='ocrx_word' id='word_1_840' title='bbox 2779 5544 2841 5583; x_wconf 82' lang='lat' dir='ltr'><strong>ac</strong></span> <span class='ocrx_word' id='word_1_841' title='bbox 2875 5529 2919 5583; x_wconf 90' lang='lat' dir='ltr'><strong>si</strong></span> <span class='ocrx_word' id='word_1_842' title='bbox 2969 5523 3224 5595; x_wconf 76' lang='lat' dir='ltr'><strong>probaret</strong></span> <span class='ocrx_word' id='word_1_843' title='bbox 3272 5516 3487 5585; x_wconf 60' lang='lat' dir='ltr'><strong>aliquis,</strong></span> 
     </span>
    </p>
   </div>
   <div class='ocr_carea' id='block_1_118' title="bbox 1994 5710 2406 5780">
    <p class='ocr_par' dir='ltr' id='par_1_118' title="bbox 1994 5710 2406 5780">
     <span class='ocr_line' id='line_1_118' title="bbox 1994 5710 2406 5780; baseline 0.005 -17"><span class='ocrx_word' id='word_1_844' title='bbox 1994 5711 2067 5779; x_wconf 72' lang='grc' dir='ltr'>(ιι)</span> <span class='ocrx_word' id='word_1_845' title='bbox 2110 5710 2232 5780; x_wconf 64' lang='grc' dir='ltr'>Ριιε.</span> <span class='ocrx_word' id='word_1_846' title='bbox 2284 5711 2406 5765; x_wconf 67' lang='grc'>(5.4.</span> 
     </span>
    </p>
   </div>
  </div>
