3938 6214
481 260 589 318 645

1815 270 1993 330 DION.
2031 270 2378 334 PETAVIUS

3627 302 3734 358 ιιι

463 359 609 436 ,ιιοιί
631 391 756 433 esse
807 377 1116 451 contiguam
1169 378 1445 450 Pyrenaeis
1484 380 1750 457 Galliam,
1804 389 1932 458 quia
1976 391 2046 444 ab
2082 392 2133 451 Α
2161 393 2330 450 maris
2355 408 2385 449 a
2410 394 2690 468 salsugine
2716 398 2808 454 sit.
2848 401 2962 457 Cur
2993 409 3174 460 autem
3204 404 3540 478 Asplialtites
3577 411 3732 472 lacus
3771 434 3788 454 ν

480 464 694 535 Rheno,
734 471 820 524 vel
850 471 1073 541 Alpibus
1106 470 1318 542 incipit.
1349 472 1536 544 Lupus
1567 478 1847 535 ecrvarius
1876 481 2052 536 bestia

476 567 565 614 est
590 577 605 613 :
635 575 700 614 ea
731 561 968 631 praedam
1021 568 1176 616 nacta
1208 564 1458 632 quamvis
1492 566 1547 620 in
1591 566 1732 624 fame
1761 571 2049 638 mandens,

478 649 589 703 alio
618 651 664 706 si
697 651 1018 720 respexerit,
1044 653 1329 720 praesentis
1355 655 1524 710 oblita
1546 658 1768 726 praedae,
1793 659 1861 714 ad
1886 661 2050 716 aliam

476 744 821 812 quaerendam
882 743 1211 814 digreditur.
1258 744 1410 800 Fecit
1457 747 1598 802 idem
1657 754 2049 820 grammaticus

475 843 682 888 noster.
724 833 859 889 Cum
907 835 962 890 in
1006 852 1073 890 eo
1121 846 1289 903 esset,
1326 847 1386 893 ut
1415 840 1671 908 probaret
1700 841 1988 898 ldumteam
2015 859 2047 899 ι

469 927 607 980 mari
655 927 875 981 Mortuo
907 928 1125 999 longius
1161 930 1376 998 abesse,
1405 941 1569 1002 atque
1600 933 1667 986 ad
1698 935 1749 988 id
1783 936 2044 1001 venisset,

471 1023 530 1070 nt
571 1033 602 1071 a
652 1017 961 1076 Sirbonidis
995 1023 1114 1076 lacu
1149 1039 1269 1081 eam
1317 1026 1558 1094 incipere
1584 1028 1813 1091 diceret,
1849 1031 2046 1112 avertit

465 1109 590 1176 ejus
625 1111 866 1165 animum
906 1111 1195 1170 Strabonis
1222 1119 1547 1186 recordatio,
1578 1121 1670 1189 qui
1706 1120 1758 1174 in
1796 1109 2047 1177 Sirboni-

465 1198 554 1253 dis
616 1201 735 1253 lacu
765 1201 1021 1270 deceptus
1077 1219 1176 1272 pro
1240 1206 1552 1275 Asphaltite
1615 1210 1768 1264 illum
1829 1211 2041 1268 habuit.

465 1291 650 1356 Quare
697 1293 934 1347 instituti
991 1299 1296 1365 argumenti
1346 1314 1468 1353 mox
1506 1301 1731 1366 oblitus,
1776 1302 1843 1356 ad
1889 1304 2044 1359 Stra-

465 1382 664 1437 bonem
705 1400 827 1438 sese
863 1388 1154 1452 convertit,
1190 1389 1244 1442 in
1281 1404 1515 1458 eumque
1547 1392 1738 1448 dentes
1770 1394 1968 1449 inﬁxit.

461 1456 484 1468 ”
536 1475 841 1544 Antequam
862 1476 931 1530 ab
961 1476 1271 1547 Asphaltite
1310 1456 1450 1546 lacu,
1484 1491 1538 1536 et
1572 1482 1672 1537 hac
1707 1491 1819 1538 tota
1846 1485 2039 1555 dispu-

465 1566 674 1621 tatione
721 1567 993 1631 recedam,
1047 1570 1314 1640 triplicem
1367 1574 1548 1626 critici
1594 1574 1752 1630 istius
1795 1591 2036 1630 errorem

465 1665 731 1711 annotare
757 1658 905 1712 libet.
931 1658 1132 1713 Lacum
1168 1661 1336 1726 hunc,
1371 1664 1464 1733 qui
1499 1673 1550 1718 et
1587 1680 1734 1720 mare
1765 1666 2032 1720 Mortuum

464 1747 787 1817 appellatur,
834 1760 995 1821 negat
1039 1751 1112 1822 (a)
1158 1769 1280 1808 esse
1323 1756 1552 1811 salsum.
1603 1757 2033 1812 Absurdissimc.

461 1838 701 1893 Primum
719 1839 856 1896 Gen.
896 1861 1004 1907 xuv,
1035 1846 1088 1909 5,
1113 1847 1416 1916 appellatur
1436 1831 1558 1909 τῖ’-πε)
1577 1858 1641 1906 ειν
1664 1849 1908 1906 Θάλασσα
1928 1855 2035 1906 τῶν

470 1929 663 1998 Ἀλῶν,
697 1949 840 1987 mare
871 1934 1036 1999 Salis,
1070 1938 1120 1990 id
1148 1948 1248 2002 cst,
1285 1937 1518 1992 Salsum.
1557 1938 1646 1992 Sal
1678 1956 1785 1998 non
1812 1951 1892 1996 est
1925 1943 2030 2006 sal,

458 2023 502 2075 si
554 2023 604 2075 id
655 2039 805 2079 mare
879 2027 1082 2082 salsum
1117 2044 1222 2083 non
1251 2037 1358 2084 est.
1396 2029 1596 2086 Deinde
1619 2026 1906 2102 Iosephus,
1937 2035 2031 2104 qui

453 2123 510 2167 et
543 2115 674 2169 vidit
706 2127 759 2170 et
789 2127 1009 2187 gustare
1037 2121 1234 2189 potuit,
1265 2122 1362 2176 lib.
1393 2139 1427 2176 v
1463 2122 1564 2193 τῆς
1605 2124 2027 2196 Ἀλὼσεο›ς,ριψ.

451 2206 544 2263 9.7,
567 2208 642 2260 ait
699 2224 820 2263 esse
869 2210 1179 2282 ἀλμυρὼδη,
1232 2213 1336 2268 hoc
1380 2223 1486 2278 est,
1539 2215 1761 2273 salsum.
1812 2217 2026 2274 Atenim

454 2297 645 2365 objicit
677 2318 690 2354 :
725 2298 877 2354 Mare
909 2319 1058 2356 omne
1085 2305 1286 2357 salsum
1325 2314 1404 2359 est
1440 2316 1623 2374 suapte
1652 2317 1866 2373 natura,
1889 2311 2027 2380 quod

453 2406 630 2444 omnes
669 2393 881 2457 sciunt;
909 2409 1071 2463 neque
1101 2410 1279 2448 verum
1313 2413 1460 2450 mare
1491 2413 1620 2466 opus
1659 2409 1795 2454 esset
1823 2402 1902 2455 ita
1933 2419 2028 2456 no-

453 2482 674 2536 minare.
723 2481 1046 2543 Plumbeum
1115 2489 1377 2547 acumen!
1442 2487 1636 2547 Mirum
1687 2491 1743 2548 ni
1805 2507 2025 2553 errasse

453 2570 677 2642 Moysen
707 2577 1022 2641 contendat,
1063 2577 1157 2647 qui
1197 2587 1253 2637 et
1293 2597 1444 2640 mare
1469 2587 1522 2638 et
1550 2582 1756 2642 salsum
1781 2586 2025 2655 appella-

452 2665 543 2716 rit.
574 2664 665 2732 At,
705 2659 756 2718 ὦ
790 2667 983 2735 ἀγαθέ,
1031 2684 1181 2728 mare
1206 2687 1367 2730 omne
1413 2689 1604 2733 verum
1647 2676 1853 2734 salsum
1899 2693 2023 2736 esse

448 2761 700 2808 constat:
726 2756 821 2810 sed
858 2757 1009 2815 lacus
1043 2759 1147 2815 iste
1177 2776 1365 2818 verum
1395 2778 1548 2824 mare
1583 2781 1690 2824 non
1723 2767 1864 2836 fuit;
1899 2770 2018 2835 sed,

448 2851 508 2895 ut
551 2841 795 2900 Hebraeis
824 2861 943 2903 mos
982 2857 1089 2913 est,
1123 2854 1444 2926 συναγωγὴν
1472 2858 1652 2912 πᾶσαν
1698 2859 1903 2919 ὑδάτων
1943 2863 2018 2921 ita

445 2935 757 3003 nominare,
813 2936 1093 3010 Scriptura
1143 2960 1293 3001 mare
1343 2945 1561 3006 Salsum
1598 2965 1793 3016 vocat,
1837 2961 1898 3008 ut
1947 2955 2018 3011 ab

2153 483 2290 539 nihil
2335 496 2557 556 generet
2598 490 2796 557 alatve,
2856 509 2968 550 non
3009 497 3087 567 τῷ
3129 498 3458 570 ἁλμυρῶδει,
3499 506 3646 574 quod
3677 507 3729 564 ei

2154 574 2346 628 tribuit
2397 574 2689 648 Josepbus,
2743 581 2837 638 sed
2888 583 2966 654 τῷ
3009 586 3372 655 diceat-coast,
3415 607 3527 663 quo
3570 608 3728 665 aqua

2151 664 2271 732 ejus
2303 665 2518 722 infecta;
2556 681 2703 738 sunt,
2743 675 2940 730 merito
2973 677 3252 734 tribuitur.

2222 751 2465 812 Tertium
2499 762 2675 817 critici
2703 775 2986 834 peccatum
3026 769 3214 824 eadem
3252 774 3466 842 pagina.
3507 775 3725 834 Salsum

2149 861 2259 902 non
2288 865 2410 906 csse
2442 850 2620 907 lacum
2659 855 2785 911 inde
2825 859 3037 927 probat,
3078 864 3209 931 quia
3255 863 3486 921 bitumen
3519 870 3724 926 salsum

2147 954 2251 992 non
2298 950 2398 1009 est,
2438 959 2530 998 nec
2577 947 2709 1002 salis
2754 959 3005 1005 naturam
3044 953 3220 1009 habet.
3251 957 3320 1010 At
3360 959 3510 1015 lacus
3543 963 3634 1018 ille
3659 980 3726 1018 ea:

2149 1045 2290 1083 mero
2327 1031 2579 1090 bitumine
2615 1047 2714 1092 est.
2751 1038 2896 1110 Ergo
2935 1044 3093 1099 nulla:
3146 1047 3200 1100 in
3240 1049 3549 1120 Asphaltite
3598 1055 3722 1110 lacu

2147 1135 2303 1191 aqum
2339 1133 2488 1192 sunt,
2518 1129 2615 1185 sed
2645 1141 2884 1200 quantus
2915 1147 3154 1205 quantus
3183 1149 3289 1204 est,
3327 1145 3464 1198 nihil
3497 1147 3605 1202 nisi
3635 1149 3721 1202 bi-

2146 1219 2330 1267 tumen
2379 1224 2482 1272 est.
2523 1217 2795 1290 Iosephus
2848 1222 2945 1282 lib.
2995 1244 3030 1282 v
3073 1227 3173 1300 τῆς
3199 1230 3628 1307 Ἀλὼσεως,οειρ.
3662 1240 3718 1306 5,

2142 1301 2503 1372 Asplialtitem
2541 1310 2745 1374 lacum.
2774 1316 2989 1382 qualem
3022 1318 3236 1374 viderat
3276 1339 3440 1394 saepe,
3473 1301 3593 1382 non
3623 1301 3721 1384 cu;

2137 1391 2381 1461 jusmodi
2430 1414 2498 1454 ex
2565 1404 2930 1463 vocabulariis
2992 1410 3294 1481 didicerat,
3356 1391 3716 1486 describens,

2152 1484 2656 1577 Ὑποκουφότητος,
2678 1495 2876 1565 inquit,
2917 1500 3115 1555 καὶτὰ
3153 1503 3432 1576 βαρύτατα
3473 1510 3586 1564 τῶν
3635 1484 3716 1577 sic

2139 1574 2301 1628 αὑτὸν
2357 1581 2621 1649 ῥιφέντων
2679 1587 2975 1661 ἀναφέρειο
3031 1596 3325 1652 καταδῦναι
3375 1600 3432 1653 δὲ
3488 1604 3571 1666 εἰς
3625 1606 3715 1659 τὸν

2141 1664 2323 1734 βυθὸν,
2363 1672 2484 1725 οὐδὲ
2531 1677 2962 1748 ἐπιτηδεύσαντα
3018 1687 3235 1756 ῥᾴδιον·
3279 1689 3465 1746 Nimia
3498 1664 3712 1752 levitate

2138 1759 2299 1814 etiam
2333 1777 2452 1829 quin
2487 1769 2801 1833 gravissima
2841 1784 2963 1826 sunt
3003 1777 3056 1828 in
3102 1794 3218 1832 eum
3253 1781 3407 1850 jacta
3447 1786 3666 1854 ﬂuitant
3691 1809 3710 1846 :

2137 1847 2368 1921 denter-gi
2393 1865 2570 1908 autem
2612 1860 2729 1927 quis
2768 1862 2824 1914 in
2863 1864 3182 1932 profundum
3217 1847 3307 1924 nec
3348 1873 3413 1926 de
3442 1847 3710 1932 industria

2133 1936 2293 2005 facile
2341 1951 2530 2010 potest.
2595 1945 2850 2019 Subjicit,
2913 1952 3310 2026 Vespasianum
3366 1965 3706 2033 periclitandi

2134 2032 2306 2099 gratia
2335 2036 2601 2102 quosdam
2642 2043 2867 2096 natandi
2901 2043 3126 2111 inscios,
3155 2032 3524 2122 vinctisipost
3559 2065 3706 2128 terga

2132 2123 2408 2192 manibus,
2438 2127 2491 2181 in
2512 2128 2680 2183 altum
2714 2133 2908 2202 projici
2931 2136 3203 2206 jussissc;
3239 2145 3492 2199 evenisse
3521 2123 3701 2201 autem

2131 2213 2388 2270 omnibus
2427 2223 2689 2286 tanquam
2733 2221 2783 2274 vi
2833 2222 3123 2290 cujusdam
3164 2228 3414 2298 spiritus,
3457 2234 3536 2288 uti
3585 2250 3706 2290 sur-

2129 2315 2250 2359 sum
2288 2305 2490 2375 repulsi
2528 2306 2878 2367 fluctuarent.
2929 2312 3056 2369 Hac
3097 2315 3368 2387 Josephus
3413 2338 3480 2377 ex
3523 2323 3703 2380 Ruﬁni

2127 2392 2598 2463 interpretatione.
2627 2401 2816 2467 Addit,
2855 2405 3044 2463 multis
3086 2409 3222 2466 locis
3251 2413 3499 2470 eumdem
3525 2418 3702 2473 lacum

2127 2483 2315 2553 nigras
2344 2485 2629 2546 bituminis
2657 2493 2845 2562 glebas
2866 2511 3105 2564 vomere,
3145 2515 3239 2559 eas
3281 2519 3410 2559 vero
3455 2507 3702 2564 innatarc

2127 2574 2373 2646 figuraet
2398 2583 2770 2652 magnitudine
2823 2590 2998 2646 tauris
3040 2592 3222 2662 capite
3261 2599 3530 2653 truncatis
3563 2601 3700 2656 assi-

2122 2667 2278 2729 tniies
2309 2671 2462 2761 ςνΤῆς
2495 2674 2676 2744 μέντοι
2701 2678 2976 2748 ἀσφάλτου
3011 2685 3153 2739 κατὰ
3190 2687 3362 2741 πολλὰ
3412 2691 3555 2761 μέρη
3589 2692 3696 2761 βὼ-

2119 2757 2245 2823 λους
2275 2760 2510 2831 μέλανας
2535 2766 2820 2823 ἀναδίδωσι
2837 2786 2850 2800 ο
2875 2773 2933 2826 αἱ
2960 2772 3017 2826 δὲ
3046 2777 3390 2846 ἐπινήχονται
3411 2757 3554 2834 reice
3578 2757 3700 2854 ἁχῆ.

2121 2863 2216 2916 μα,
2252 2851 2346 2902 καὶ
2371 2850 2433 2903 τὸ
2463 2851 2695 2923 μέγεθος
2722 2858 2945 2928 ταύροις
2971 2862 3262 2934 ἀκεφάλοις
3295 2850 3692 2942 παραπλήσιαι.

2117 2935 2328 2994 Plinius
2352 2939 2444 2994 lib.
2464 2957 2626 3008 xxxv,
2643 2958 2762 3016 cap.
2784 2947 2871 3012 15,
2896 2948 3176 3010 bituminis
3199 2935 3450 3010 naturam
3473 2935 3602 3014 alibi
3632 2963 3690 3015 li-

443 3028 617 3082 altero
647 3029 767 3084 lacu
797 3029 1135 3091 Genezaretb
1172 3036 1394 3094 differre
1441 3055 1564 3096 eum
1609 3042 2012 3115 intelligamus;
2042 3069 2087 3132 α
2121 3042 2293 3132 Tum,
2313 3030 2440 3087 alibi
2467 3041 2800 3094 terminasse
2821 3038 2972 3097 dicit,
3002 3039 3186 3098 Limus
3202 3043 3443 3101 eJudagag
3473 3048 3694 3116 lacum;

439 3121 558 3189 qui,
609 3131 669 3176 ut
717 3125 906 3183 eodem
958 3126 1079 3183 loco
1121 3126 1391 3201 Josephus
1435 3141 1646 3199 narrat,
1679 3135 1857 3195 dulcis
1909 3146 2014 3196 est.

442 3212 705 3270 Praeterea
733 3219 859 3287 quis
899 3221 1078 3276 nescit
1113 3237 1263 3279 mare
1289 3223 1438 3279 aliud
1478 3227 1586 3282 alio
1619 3229 1823 3285 salsius
1861 3234 2020 3288 esse?

440 3304 647 3362 Pontus
674 3308 918 3364 Euxinus
953 3328 1140 3366 verum
1191 3326 1274 3370 est
1308 3331 1459 3372 mare
1488 3337 1501 3372 :
1539 3318 1678 3373 idem
1709 3328 1890 3378 tamen
1920 3324 2019 3377 πό-

438 3415 598 3466 τιμος
626 3408 731 3459 est,
765 3410 818 3454 et
842 3400 1031 3458 dulces
1057 3403 1221 3459 habet
1248 3421 1440 3474 aquas,
1486 3418 1581 3466 aut
1611 3409 1796 3467 minus
1837 3412 2016 3470 salsas

437 3502 602 3556 quam
639 3488 847 3559 reliqua
879 3493 1079 3556 maria,
1112 3502 1173 3548 ut
1215 3496 1282 3550 iis
1312 3496 1473 3550 etiam
1507 3497 1766 3568 adaquari
1819 3518 2015 3571 pecora

437 3578 670 3642 soleant,
698 3588 757 3633 ut
790 3581 1058 3640 Arrianus
1094 3584 1149 3638 in
1195 3584 1407 3654 Periplo
1441 3588 1625 3653 tradit,
1655 3599 1711 3645 et
1746 3592 2015 3650 Aristote-

437 3669 516 3722 les
550 3669 626 3723 lib
677 3685 780 3732 xn,
807 3669 885 3725 De
909 3670 1034 3727 hist.
1083 3675 1459 3747 animal.,cap.
1489 3679 1574 3740 15,
1609 3681 1677 3736 de
1721 3683 2013 3742 dulcedine

435 3759 686 3814 atIirmat.
718 3761 988 3826 Quocirca
1027 3763 1182 3820 lacus
1226 3766 1583 3838 Asphaltites,
1614 3775 1759 3841 quod
1798 3777 2010 3833 caeteris

433 3850 635 3905 salsior
677 3852 775 3916 sit,
821 3851 945 3908 ideo
977 3869 1121 3908 mare
1169 3855 1537 3912 Salsissintum
1586 3863 1655 3916 ab
1712 3864 2010 3934 interprete

433 3947 625 3994 nostro
670 3942 876 4011 passim
921 3934 1169 4011 vocatur,
1210 3949 1369 4004 Num.
1418 3965 1603 4015 xxxiv,
1651 3953 1704 4016 5,
1738 3955 1895 4010 Deut.
1925 3972 2005 4022 Ill,

427 4031 597 4087 Iosue
638 4048 726 4090 xv.
775 4034 1002 4092 Tacitus
1043 4037 1140 4092 lib.
1167 4054 1202 4093 ν
1265 4040 1411 4100 Hist.
1459 4041 1639 4098 lacum
1683 4045 1829 4101 hunc
1866 4049 2006 4104 mari

426 4125 576 4178 omni
602 4142 790 4194 sapore
817 4130 1193 4199 corruptiorem
1223 4130 1375 4186 facit.
1408 4132 1549 4199 Quid
1575 4151 1707 4208 ergo
1735 4136 2006 4195 Salmasio

425 4218 577 4273 venit
624 4219 678 4272 in
725 4230 997 4287 mentem,
1039 4224 1099 4276 ut
1141 4240 1266 4278 eum
1312 4236 1537 4295 negaret
1580 4244 1705 4284 csse
1757 4231 2003 4287 salsura?

426 4309 574 4366 Sane
620 4311 762 4366 Beda
809 4313 950 4367 libro
981 4315 1050 4368 de
1095 4315 1234 4370 locis
1281 4320 1491 4374 sanctis
1523 4334 1644 4389 cap.
1685 4322 1768 4384 i5,
1819 4323 1998 4377 lacum

2125 3117 2388 3186 diximus,
2418 3138 2737 3196 emergens;
2779 3135 2926 3184 terra
2971 3132 3024 3186 in
3059 3133 3212 3205 Syria
3247 3138 3392 3191 circa
3434 3138 3689 3198 Sidonem

2123 3213 2387 3281 oppidum
2439 3217 2797 3274 maritimum.
2832 3219 2889 3279 Si
2931 3222 3081 3280 lacus
3130 3226 3466 3297 Asphaltitcs
3493 3249 3692 3289 merum

2121 3302 2351 3360 bitumen
2382 3315 2483 3371 est,
2521 3308 2574 3365 id
2614 3319 2701 3364 est
2754 3311 2934 3369 nullas
2978 3329 3148 3383 aquas
3200 3317 3380 3385 habet,
3416 3326 3690 3391 quomodo

2117 3393 2356 3466 demergi
2406 3398 2461 3452 in
2499 3415 2625 3458 eum
2666 3412 2844 3470 potest
2881 3404 3106 3474 aliquid,
3149 3417 3243 3464 aut
3273 3425 3306 3464 a
3341 3411 3516 3468 fundo
3562 3431 3688 3470 sur-

2117 3502 2238 3542 sum
2271 3490 2486 3548 occulta
2536 3491 2585 3545 vi
2637 3494 2865 3562 spiritus
2919 3499 3144 3567 repelli?
3182 3499 3419 3558 Fluitarc
3454 3522 3585 3561 vero
3622 3522 3687 3562 ac

2115 3575 2382 3636 fluctuare
2427 3582 2482 3636 in
2523 3595 2780 3653 perpetua
2821 3587 2999 3658 gleba,
3036 3591 3122 3646 vel
3165 3593 3279 3647 luto
3323 3596 3682 3664 Spississimo,

2113 3670 2206 3740 qui
2257 3674 2465 3740 potest?
2494 3674 2708 3732 Clarius
2751 3679 3142 3736 absurditatem
3190 3683 3479 3742 Strabonis
3532 3691 3683 3747 locus

2112 3762 2343 3820 revincit
2367 3764 2460 3822 lib.
2487 3782 2598 3827 xw.
2634 3768 2724 3824 ubi
2756 3769 2824 3824 de
2847 3770 3149 3840 Asphaltite
3178 3774 3300 3830 lacu
3331 3777 3434 3832 sub
3462 3783 3683 3838 nomine

2112 3851 2421 3914 Sirbonidis
2481 3859 2611 3929 agit,
2674 3875 2980 3930 perperam.
3044 3872 3102 3919 ut
3163 3878 3287 3922 ante
3348 3867 3679 3928 Salmasium

2109 3946 2493 4009 animadvertit
2529 3949 2766 4008 Ortelius
2813 3959 2868 4008 et
2911 3953 3298 4022 Casaubonus,
3332 3968 3386 4014 et
3415 3962 3506 4016 alii
3539 3979 3678 4033 prze-
3753 3968 3764 3980 '

2109 4044 2256 4093 terea
2291 4055 2396 4094 non
2441 4041 2622 4111 pauci.
2672 4041 2828 4098 Hunc
2865 4059 2995 4115 ergo
3046 4047 3222 4102 lacum
3272 4049 3439 4105 refert
3484 4051 3678 4108 Strabo

2106 4144 2228 4184 esse
2257 4129 2550 4201 ἀγχιϐαθῆ,
2585 4130 2882 4201 βαθύτατον
2919 4134 3064 4206 ἔχειν
3103 4135 3265 4208 ὕδωρ,
3292 4156 3459 4209 aquas
3487 4141 3676 4197 habere

2103 4221 2572 4289 profundissimas,
2602 4223 2683 4279 sic
2707 4233 2766 4279 ut
2803 4226 3175 4283 urinatoribus
3204 4231 3387 4285 nullus
3417 4231 3491 4286 ibi
3522 4234 3674 4289 locus
3704 4291 3708 4295 ,

2103 4312 2195 4374 sit,
2236 4313 2330 4368 sed
2363 4315 2453 4382 qui
2486 4315 2910 4372 umbiliCotenus
2938 4318 2990 4372 in
3047 4334 3170 4374 eum
3227 4323 3500 4390 procedit,
3548 4341 3670 4379 mox

427 4402 594 4456 istum
639 4402 805 4456 refert
831 4405 1186 4459 salsissimum
1213 4409 1399 4476 ejicere
1429 4410 1531 4474 sal,
1558 4419 1608 4464 et
1631 4412 1727 4465 hoc
1766 4415 1877 4468 sole
1901 4416 2000 4468 sic-

2123 4405 2400 4461 tttollatur.
2428 4407 2676 4466 Bitumeu
2709 4424 2874 4478 porro
2902 4413 3069 4467 certis
3089 4413 3426 4482 temporibus
3450 4430 3481 4471 c
3508 4416 3672 4474 fundo

424 4503 604 4546 catum
644 4496 834 4562 accipi,
866 4498 1042 4550 multis
1073 4497 1260 4567 ubique
1302 4501 1604 4556 nationibus
1633 4504 1994 4572 profuturum.

495 4584 735 4638 Alterum
763 4587 990 4642 inscitiae
1011 4600 1172 4658 caput
1206 4591 1383 4646 lacum
1421 4594 1760 4663 Asphaltitcn
1802 4599 1993 4654 eodem

423 4690 590 4730 sensu
631 4676 763 4729 dicit
798 4677 870 4746 (ὁ)
903 4680 1163 4748 appellari
1215 4683 1444 4749 salsum,
1483 4699 1593 4755 quo
1629 4695 1825 4740 terram
1865 4690 1997 4745 salis

423 4765 584 4820 iidem
622 4766 832 4820 Hebrwi
875 4781 1174 4838 nuncupant
1208 4789 1346 4837 eam,
1387 4791 1503 4845 qua:
1541 4774 1752 4831 deserta
1801 4790 1882 4833 est
1931 4799 1994 4836 ac

418 4856 684 4911 desolata.
721 4858 888 4912 Terra
928 4862 1079 4927 salis,
1127 4864 1211 4917 vel
1258 4866 1614 4936 salsuginosa,
1669 4869 1906 4940 ingrata,
1943 4882 1999 4928 ct

421 4948 713 5003 infecunda
765 4951 986 5018 dicitur,
1035 4968 1099 5007 ac
1155 4954 1403 5024 frugibus
1457 4957 1678 5024 infelix,
1734 4965 1992 5031 quoniam

421 5044 642 5112 salsugo
672 5044 806 5099 satis
837 5045 1056 5101 inimica
1094 5056 1199 5102 est.
1241 5050 1315 5103 Ea
1343 5051 1645 5108 sterilitatis
1665 5062 1720 5108 et
1747 5055 1996 5111 infecun-

420 5135 610 5188 ditatis
639 5137 856 5205 propria
894 5152 1062 5192 causa
1106 5148 1211 5193 est.
1245 5139 1299 5194 In
1331 5142 1468 5194 mari
1499 5144 1648 5198 nulla
1684 5145 1990 5204 fecunditas

416 5233 504 5282 est
528 5240 714 5281 earum
751 5244 954 5290 rerum,
983 5229 1204 5298 quibus,
1239 5239 1297 5284 ut
1333 5231 1386 5285 in
1413 5241 1579 5299 terra,
1624 5244 1818 5291 natura
1858 5240 1990 5293 salis

417 5318 616 5375 infesta
642 5327 746 5374 est.
775 5317 880 5374 Sed
900 5337 1022 5390 quae
1047 5323 1286 5378 indidem
1311 5326 1584 5393 oriuntur,
1611 5338 1704 5383 aut
1724 5331 1984 5400 gliscunt,

414 5413 694 5482 salsugine
726 5413 1007 5482 juvantur.
1040 5414 1220 5480 Quare
1246 5431 1352 5472 non
1388 5427 1568 5489 potest
1599 5420 1804 5474 salsum
1835 5438 1986 5478 mare

411 5504 521 5562 dici
561 5521 660 5576 pro
705 5506 1000 5564 infecundo
1031 5524 1093 5566 ac
1119 5511 1314 5578 sterili,
1360 5528 1484 5568 cum
1522 5513 1826 5572 fecunditas
1859 5516 1978 5585 ipsa

477 5660 549 5730 (a)
577 5659 702 5731 Pag.
731 5661 847 5716 6H.

2102 4496 2329 4552 ebullire
2385 4499 2608 4562 scribit,
2657 4501 2725 4555 ad
2777 4503 2918 4570 quod
2970 4505 3291 4573 capiendum
3341 4508 3670 4580 arundinetis

2103 4598 2246 4643 rates
2283 4592 2562 4659 expeditas
2599 4593 2800 4648 habent
2833 4613 2844 4648 :
2883 4597 3040 4649 Ἔστι
3080 4597 3136 4649 δὲ
3179 4600 3212 4668 ἡ
3254 4598 3529 4668 ἄσφαλτος
3564 4602 3666 4671 γῆς

2102 4680 2269 4750 βῶλος
2299 4684 2662 4756 ὑγραινομένη
2697 4686 2789 4739 καὶ
2826 4687 3170 4760 διαχεομένη,
3206 4691 3368 4744 πάλιν
3407 4692 3464 4745 δὲ
3505 4711 3667 4762 μετα»

2097 4775 2362 4830 ϐάλλουσα
2398 4779 2477 4840 εἰς
2511 4778 2684 4846 πάγον
2706 4780 2923 4850 ἰσχυρὸν
2957 4781 3060 4832 ὑπὸ
3097 4781 3190 4833 τοῦ
3212 4783 3422 4852 ψυχροῦ
3452 4785 3663 4849 ὕδατος,

2097 4867 2207 4922 οἷόν
2235 4872 2348 4922 ἐστι
2372 4869 2431 4921 τὸ
2457 4869 2554 4937 τῆς
2583 4871 2776 4941 λίμνης
2810 4871 2973 4943 ὕδωρ,
3007 4872 3144 4926 ὥστε
3174 4875 3344 4944 τομῆς
3370 4877 3463 4928 καὶ
3496 4877 3667 4946 κοπῆς

2097 4959 2322 5012 δεῖσθαι’
2359 4959 2606 5014 Bitumen
2631 4971 2707 5015 est
2738 4973 2893 5017 terrw
2923 4963 3094 5034 gleba,
3127 4980 3244 5034 qua:
3292 4966 3576 5034 liquefacta
3603 4984 3664 5020 ac

2095 5052 2332 5122 (li/ﬂuens
2367 5069 2552 5105 rursus
2586 5056 2689 5107 coit
2721 5055 2775 5108 in
2809 5056 3038 5108 solidum
3071 5072 3257 5124 corpus
3289 5074 3441 5126 aqua
3470 5059 3664 5127 [rigore

2095 5147 2423 5207 constricta;
2457 5147 2755 5215 cujusmodi
2789 5148 2936 5201 lacus
2967 5149 3112 5202 illius
3151 5159 3229 5202 est
3253 5167 3410 5219 aqua,
3449 5151 3582 5204 adeo
3608 5158 3662 5203 ut

2094 5233 2257 5288 incidi
2288 5237 2556 5304 securique
2595 5253 2728 5305 opus
2765 5236 2974 5291 habeat.
3011 5237 3233 5294 Tacitus
3280 5240 3373 5293 lib.
3416 5257 3447 5293 ν
3493 5239 3658 5304 Hist.,

2095 5341 2210 5396 cap.
2230 5326 2262 5382 6
2299 5345 2310 5380 :
2347 5324 2571 5381 Incerta:
2603 5330 2758 5382 unda:
2790 5330 3092 5398 superjacta
3117 5340 3172 5384 ut
3195 5331 3366 5384 solido
3398 5331 3656 5390 feruntur.

2094 5420 2263 5476 Periti
2276 5423 2599 5493 imperitique
2613 5423 2774 5475 nandi
2791 5422 3004 5488 perinde
3020 5422 3518 5476 attollitntur.Ccrto
3533 5421 3657 5475 anni

2093 5524 2319 5585 tempore
2353 5516 2582 5568 bitumen
2608 5516 2790 5585 egerit.
2831 5515 2945 5569 Mox
2993 5517 3089 5570 ait.
3121 5515 3378 5570 mutantes
3405 5514 3656 5568 bitumine

2154 5675 2225 5746 (ι)
2267 5673 2391 5742 ρης.
2427 5672 2546 5726 ιλιι.
