3938 6214
241 285 354 349 ὕὶὤ

1281 281 1661 341 ADVERSUS
1704 282 1891 343 CLAU
1905 281 2072 341 DIUM
2117 281 2543 343 SALMASIUM.

3418 283 3527 350 666

252 416 424 469 male:
450 409 603 483 pelli,
645 422 904 479 manuque
930 407 1071 462 trahi
1102 407 1171 462 ad
1222 404 1392 465 littus.
1440 407 1639 479 Aquas
1683 408 1851 480 igitttr
1882 413 1925 470 Α
1954 409 2355 481 ὑπερτίθενται.
2385 402 2467 464 Ad
2498 409 2645 463 hunc
2670 407 2849 463 locum
2884 406 2941 461 in
2968 408 3527 465 Animadversionibus

250 502 421 556 habet
467 498 820 569 Asphallites,
864 515 1041 569 neque
1077 516 1279 559 merum
1324 498 1556 554 bitumen
1583 508 1702 554 est:
1737 500 1832 555 sed

249 592 355 648 hoc
385 593 556 645 certis
581 590 922 660 temporibus
971 598 1219 653 eructat,
1249 590 1351 646 hoc
1381 597 1486 655 est,
1521 589 1834 660 quotannis,

248 690 310 737 ut
346 682 623 736 Diodorus
660 678 897 745 Siculus,
946 679 1157 737 Plinius
1198 683 1293 738 lib.
1352 698 1449 745 vn,
1492 697 1614 752 cap.
1664 682 1752 747 15,
1785 689 1839 736 et

249 773 479 827 Tacitus
529 773 801 843 produnt;
846 780 904 827 ut
952 773 1065 837 alii,
1117 773 1349 828 triennio
1395 789 1633 843 quoque.
1684 772 1840 829 Unde

253 864 445 917 frivola
482 874 569 919 est
592 864 864 933 argutatio
902 883 914 918 :
958 864 1079 919 ideo
1124 866 1329 920 salsum
1376 880 1485 920 non
1531 880 1672 932 esse,
1712 866 1838 935 quia

248 955 498 1008 bitumen
542 969 751 1007 merum
787 961 891 1020 est,
922 957 1064 1024 quod
1109 972 1219 1010 non
1254 964 1339 1011 est
1370 957 1597 1010 salsum.
1633 956 1841 1026 Legen-

250 1046 356 1100 dus
387 1054 441 1099 et
481 1044 790 1112 Vitruvius,
848 1048 941 1117 qui
978 1048 1084 1113 lib.
1134 1064 1254 1113 vul,
1297 1065 1419 1119 cap.
1467 1050 1522 1114 3,
1558 1049 1653 1113 ait,
1696 1049 1841 1103 hunc

251 1136 430 1188 lat-um
491 1138 731 1191 emittere
785 1139 1058 1192 bituminis
1131 1142 1395 1194 maximas
1454 1140 1650 1203 moles,
1708 1158 1839 1211 quas

248 1227 512 1295 diripiunt
565 1229 655 1297 qui
711 1228 953 1283 habitant
1014 1231 1177 1285 circa.
1234 1229 1320 1285 Uti
1379 1231 1639 1288 salscdini
1690 1232 1842 1286 lacus

252 1320 410 1375 istius
454 1320 700 1374 bitumen
728 1336 835 1374 non
866 1322 1068 1390 obstat,
1096 1322 1223 1391 quia
1260 1338 1367 1377 non
1397 1339 1547 1378 inero
1578 1323 1843 1377 bitumine

251 1409 391 1475 ﬂuit,
429 1410 530 1466 sed
574 1427 745 1482 aquas
797 1414 1046 1483 proprias
1095 1414 1277 1478 habet,
1335 1430 1564 1485 quarum
1606 1413 1661 1468 in
1694 1430 1845 1470 sum-

254 1516 403 1556 mum
432 1501 681 1559 bitumen
706 1505 876 1559 certis
917 1504 1254 1572 temporibus
1278 1504 1469 1559 ebullit
1507 1521 1520 1557 :
1550 1504 1630 1561 sic
1668 1518 1843 1573 neque

252 1606 446 1659 causa,
475 1606 580 1645 cur
610 1593 865 1647 immersa
894 1608 1125 1662 corpora
1152 1595 1483 1663 repellantur
1510 1609 1573 1647 ac
1610 1592 1841 1658 ﬂuitent,

255 1683 309 1737 in
338 1683 485 1737 idem
528 1684 771 1739 bitumen
808 1682 995 1739 referri
1028 1683 1209 1747 debet,
1248 1684 1339 1738 sed
1372 1685 1425 1739 in
1466 1700 1620 1754 aqua:
1645 1700 1707 1740 ac
1739 1685 1842 1738 loci

1940 513 1995 568 p.
2052 498 2177 562 563,
2235 498 2595 554 observamus
2655 511 2815 553 usum
2865 498 3020 581 verbi
3067 498 3437 569 ὑπερτιθέναι,
3475 506 3529 555 et.

1942 588 2356 659 ὑπερτίθεσθαι,
2391 590 2534 659 quod
2566 597 2649 645 est
2675 591 2852 643 cibum
2871 590 3119 658 (ti/ferre;
3151 606 3277 644 nam
3304 608 3367 646 ea
3396 607 3528 661 pro-

1944 682 2060 754 pria
2090 690 2174 736 est
2207 696 2270 734 ac
2324 696 2586 751 germana
2630 683 2881 736 vocabuli
2926 683 3099 744 notio,
3141 690 3199 735 ut
3242 683 3315 737 sit
3345 700 3533 752 proro—

1941 788 2091 842 gare,
2129 770 2412 840 protelare,
2457 771 2693 840 diﬁ'erre.
2734 771 2869 826 [lino
2898 772 3194 844 ὑπέρθεσις
3234 784 3317 828 εει
3346 790 3534 841 proro-

1940 863 2105 933 galia,
2162 861 2353 930 utique
2398 862 2575 915 solitas
2629 862 2946 917 cibationis.
3002 864 3530 941 Ilesycliilts,t')r:sp-

1938 954 2141 1017 θέσεις,
2205 952 2484 1017 ἀναϐολαὶ,
2539 953 2886 1023 ὑπερϐάσεις.
2942 953 3150 1010 ϐιοεεῖε
3173 954 3528 1011 Graeco-Lat;

1942 1045 2256 1116 ὑπέρθεσις,
2296 1044 2508 1110 dilatio,
2550 1046 2988 1113 procrastinatio.
3024 1047 3328 1115 frustratio,
3357 1066 3528 1111 mora,

1940 1139 2192 1201 immora,
2233 1138 2518 1191 cunctatio.
2572 1136 2638 1189 Et
2679 1136 3074 1206 ὑπερθετικός,
3135 1141 3488 1205 superlativus
3513 1180 3529 1203 ,

1943 1228 2251 1297 frustrator,
2284 1228 2562 1295 di/ferens.
2622 1227 2750 1279 Item
2787 1227 3044 1296 ὑπέρθου,
3088 1230 3285 1297 profer.
3330 1231 3532 1296 Quam-

1945 1320 2135 1373 obrem
2176 1319 2507 1373 accusativis
2561 1319 2778 1372 duobus
2848 1320 2900 1372 in
2939 1323 3347 1375 constructione
3398 1338 3534 1391 pra:-

1944 1412 2118 1465 ditum
2167 1420 2254 1466 est
2309 1412 2412 1465 hoc
2464 1412 2692 1469 verbum
2744 1427 3027 1482 :quorum
3086 1413 3225 1465 alter
3276 1414 3535 1483 exprimi-

1946 1508 2069 1565 tur,
2126 1502 2261 1557 alter
2307 1502 2471 1556 tacite
2516 1502 2863 1556 subauditur.
2930 1500 3000 1555 Ut
3058 1504 3103 1557 si
3154 1503 3372 1568 dicam,
3440 1504 3536 1556 δύο

1946 1593 2162 1663 ἡμέρας
2209 1593 2599 1663 ὑπερτίθεται,
2659 1602 2857 1663 ιπωιει·
2928 1595 3300 1647 accusativum
3372 1595 3532 1663 spatii

1948 1699 2010 1737 ac
2062 1685 2343 1754 temporis,
2380 1687 2517 1738 alter
2558 1687 2867 1755 concipitur
2905 1686 2981 1739 rei
3020 1686 3101 1740 vel
3142 1686 3341 1756 negotii
3388 1687 3535 1755 quod

256 1773 404 1828 illius
427 1781 722 1840 naturam;
761 1789 884 1827 nam
907 1790 974 1829 ex
1014 1774 1247 1830 occultis
1282 1775 1551 1830 meatibus
1581 1789 1841 1845 vaporum
1878 1748 1917 1804 Β
1946 1777 2197 1830 diﬂ‘ertur
2253 1796 2265 1830 :
2310 1778 2413 1831 hoc
2463 1779 2607 1831 enim
2662 1784 2774 1841 est,
2831 1778 2989 1831 biduo
3045 1789 3315 1848 prorogat.
3377 1779 3535 1844 Quod

255 1876 319 1917 ac
350 1863 649 1932 spirituum
696 1864 889 1934 ingens
928 1866 1011 1920 vis
1056 1865 1373 1931 elTunditur,
1415 1872 1468 1919 et
1504 1879 1675 1934 aquas
1724 1867 1845 1921 illas

252 1962 523 2023 occupat;
558 1954 781 2024 quibus,
813 1962 871 2009 ut
903 1956 980 2009 ait
1006 1955 1298 2026 Josephus,
1349 1972 1673 2026 repercussa
1728 1974 1844 2011 ror-

256 2061 388 2116 pora
431 2062 659 2101 sursum
702 2046 968 2101 feruntur.
1007 2047 1162 2115 Quod
1193 2056 1247 2104 et
1291 2049 1419 2104 alibi
1470 2066 1686 2121 quoque
1716 2066 1845 2104 con-

255 2136 437 2206 tingit.
483 2136 555 2192 Ut
604 2138 657 2191 in
697 2136 880 2192 Sicilia
915 2138 979 2192 ad
1019 2139 1370 2211 Agrigentum
1421 2140 1573 2196 lacus
1624 2141 1842 2211 quidam

255 2234 359 2290 est,
396 2226 449 2280 in
486 2242 652 2297 quem
692 2229 857 2282 nandi
898 2230 1058 2285 etiam
1086 2246 1314 2301 prorsus
1342 2232 1579 2302 imperiti
1603 2233 1837 2302 deprimi

257 2327 577 2385 nequeunt;
622 2326 680 2371 ut
716 2315 915 2372 Strabo
953 2320 1119 2374 refert
1163 2320 1256 2375 lib.
1296 2336 1371 2384 vi,
1422 2330 1477 2375 et
1525 2322 1843 2377 Aristoteles

256 2406 400 2459 libro
443 2405 593 2474 Περὶ
642 2408 1009 2476 θαυμασίων.
1053 2407 1172 2463 Νοη
1213 2415 1393 2478 potest
1446 2410 1550 2465 hoc
1590 2410 1842 2466 bitumini

258 2496 452 2562 tribui,
491 2498 640 2566 quod
671 2499 882 2553 nullum
913 2499 967 2553 in
987 2499 1080 2553 illo
1114 2501 1233 2555 lacu
1264 2509 1479 2556 scatere
1502 2510 1839 2559 memorant:

259 2588 479 2641 tametsi
518 2586 639 2642 lous
673 2588 727 2642 in
755 2604 820 2642 eo
849 2596 1024 2643 tractu
1055 2590 1274 2658 quidam
1312 2600 1415 2656 εει,
1448 2593 1538 2646 eui
1576 2593 1844 2663 liquidum

262 2676 512 2733 bitumen
575 2687 893 2748 supernatat
936 2698 949 2733 :
991 2679 1059 2735 de
1097 2696 1206 2750 quo
1260 2681 1606 2740 Dioscorides
1652 2686 1748 2743 lib.
1795 2702 1841 2752 ι,

263 2770 473 2826 Plinius
504 2771 599 2826 lib.
631 2788 793 2839 xxxv,
827 2787 947 2842 cap.
992 2773 1079 2827 15.
1126 2771 1257 2829 Vide
1291 2773 1607 2831 Cluverium
1653 2776 1745 2831 lib.
1779 2793 1841 2843 ii,

264 2860 463 2915 Sicilia:
501 2877 623 2933 cap.
658 2863 711 2930 2,
746 2879 811 2918 ex
862 2878 971 2932 quo
1001 2862 1303 2921 Salmasius
1355 2867 1559 2931 omnia,
1616 2884 1736 2937 qua:
1778 2869 1846 2925 de

263 2952 367 3007 hoc
402 2953 557 3008 fonte
587 2968 651 3007 ac
678 2954 797 3007 lacu
831 2954 1188 3024 Agrigentino
1219 2955 1483 3028 disputat,
1514 2957 1568 3011 in
1597 2937 1845 3012 'Solinia-

266 3060 391 3098 nam
440 3044 902 3099 Exercitationem
963 3046 1245 3101 transtulit
1274 3048 1372 3116 (a),
1416 3048 1557 3117 ejus,
1595 3055 1654 3103 ut
1686 3050 1823 3105 solet

265 3153 566 3209 suppresso
606 3137 846 3203 nomine,
885 3138 1030 3192 unde
1064 3138 1165 3192 ista
1195 3146 1528 3193 corraserat.

334 3229 515 3298 Atque
548 3227 737 3282 eodem
766 3237 947 3281 tamen
978 3228 1070 3281 illo
1112 3228 1252 3294 loco,
1281 3227 1348 3281 de
1378 3242 1478 3282 suo
1513 3228 1762 3298 imperite
1792 3228 1847 3284 id

267 3321 521 3380 attexuit,
555 3318 676 3373 ideo
707 3319 964 3373 immersa
995 3317 1049 3372 in
1091 3317 1241 3371 illum
1280 3317 1457 3377 lacum
1500 3332 1731 3387 corpora
1763 3334 1848 3373 re-

268 3412 403 3479 geri,
442 3427 506 3464 ac
542 3409 778 3473 ﬂuitare,
807 3408 948 3479 quod
998 3408 1051 3461 in
1091 3422 1157 3462 eo
1202 3408 1446 3464 bitumen
1497 3418 1844 3477 supernatet;

269 3503 527 3571 quoniam
556 3500 693 3553 idem
724 3501 774 3552 in
828 3500 1126 3570 Asphaltite
1169 3499 1288 3572 lacu
1343 3498 1550 3553 ludam:
1585 3501 1843 3554 usuvenit.

271 3590 385 3645 lloc
428 3606 616 3643 verum
665 3605 774 3644 non
824 3600 928 3645 est.
981 3589 1116 3644 Nam
1159 3600 1213 3645 et
1250 3591 1317 3646 de
1363 3590 1671 3660 Asphaltite
1724 3592 1848 3647 lacu

270 3684 426 3737 aliter
467 3682 641 3738 ϐιτεοὶ
688 3681 977 3753 Latinique
1027 3699 1127 3739 nos
1177 3683 1397 3749 docent,
1433 3690 1493 3737 ut
1533 3685 1696 3754 paulo
1726 3694 1850 3741 ante

270 3778 732 3843 monstravimus;
788 3786 842 3831 et
892 3779 945 3829 in
1006 3778 1360 3848 Agrigentino
1420 3776 1544 3832 lacu
1608 3779 1845 3843 nullum,

270 3871 416 3937 quod
455 3867 670 3937 quidem
708 3867 918 3922 idoneis
958 3870 1276 3925 auctoribus
1324 3878 1561 3934 constet,
1606 3871 1851 3928 bitumen

271 3960 515 4014 exsistit.
541 3958 677 4011 Nam
708 3959 926 4021 Solinus
958 3960 1133 4013 lacum
1173 3976 1274 4030 pro
1315 3962 1457 4028 [ante
1493 3978 1591 4031 per
1613 3964 1853 4018 oscitan-

274 4051 410 4104 tiam
440 4050 694 4119 scripsit;
732 4050 875 4119 quod
900 4064 1009 4104 non
1036 4058 1197 4121 negat
1222 4052 1369 4107 illius
1393 4060 1696 4108 enarrator.
1718 4052 1855 4109 Vide

274 4141 502 4196 omnino
567 4140 881 4195 Aristotelis
936 4140 1114 4194 locum
1165 4140 1234 4197 de
1285 4142 1646 4211 Agrigentino
1710 4144 1852 4198 lacu.

1826 3087 1915 3145 ’C

1943 1867 1997 1919 in
2058 1866 2300 1937 Dionysii
2374 1867 2722 1922 Alexandrini
2788 1869 2911 1921 loco
2988 1870 3337 1937 perspicuum
3403 1877 3531 1933 est,

1944 1971 2103 2025 quem
2147 1958 2257 2011 illic
2315 1958 2643 2012 adduximus
2689 1977 2702 2011 :
2759 1959 2910 2010 Ἐπεὶ
2957 1958 3091 2028 μηδὲ
3150 1958 3251 2021 τὰς
3306 1958 3365 2021 ἒξ
3423 1957 3534 2009 τῶν

1944 2047 2204 2116 νηστειῶν
2232 2049 2449 2118 ἡμέρας
2490 2048 2641 2111 ἴσως,
2682 2047 2818 2118 μηδὲ
2863 2049 3066 2118 ὁμοίως
3106 2049 3303 2111 πάντες
3346 2046 3533 2116 διαμέ-

1944 2154 2121 2190 νουσιν
2144 2153 2157 2167 ·
2189 2137 2306 2189 ἀλλ’
2343 2138 2392 2189 οἱ
2440 2137 2538 2208 μὲν
2587 2138 2678 2191 καὶ
2708 2138 2887 2201 πάσας
2913 2138 3329 2209 ὑπερτιθέασιν,
3356 2139 3534 2192 ἄσιτοι

1943 2228 2341 2292 διιιιτελοιῗιντες⁸
2398 2231 2445 2282 οἱ
2496 2230 2552 2282 δὲ
2592 2230 2705 2283 δύο.
2751 2231 2813 2282 Οί
2854 2230 2911 2283 δὲ
2958 2233 3151 2299 τρεῖς”
3202 2232 3253 2283 οἱ
3300 2231 3358 2283 δὲ
3404 2231 3531 2284 τέσ-

1945 2336 2117 2389 σαρας
2138 2337 2151 2349 ·
2194 2322 2243 2373 οἱ
2275 2319 2332 2371 δὲ
2365 2320 2638 2390 οὐδεμίαν.
2931 2316 2949 2357 ¹

2014 2408 2115 2463 llic
2148 2412 2372 2465 verbum
2412 2412 2760 2482 ὑπερ-τιθέναι
2787 2428 3074 2483 prorogare
3107 2428 3173 2467 ac
3196 2413 3410 2482 di/ferre
3444 2414 3529 2469 si-

1945 2500 2205 2573 gniﬁeal;
2262 2502 2565 2573 eodemque
2616 2503 2779 2557 modo
2810 2503 3014 2557 dicitur
3043 2504 3392 2575 ὑπερτιθέναι
3426 2506 3534 2559 πά-

1946 2610 2066 2657 σας,
2099 2593 2184 2647 vel
2238 2592 2353 2657 δύο,
2384 2594 2466 2648 vel
2516 2596 2665 2665 τρεῖς
2710 2594 2947 2664 ἡμέρας,
2984 2609 3095 2663 quo
3125 2594 3402 2666 διαμένειν
3434 2596 3535 2660 τὰς

1943 2682 2004 2749 ἓξ
2034 2684 2269 2755 ἡμέρας.
2305 2683 2441 2739 Nam
2496 2686 2792 2755 utrobique
2839 2686 3169 2741 subauditur
3210 2688 3371 2740 κατά.
3407 2687 3535 2757 Epi-

1947 2775 2179 2843 phanius
2211 2791 2311 2845 pro
2340 2775 2452 2840 δύο,
2478 2779 2648 2847 τρεῖς,
2682 2784 2736 2830 et
2766 2777 3061 2848 τέσσαρας,
3110 2780 3294 2833 dicere
3340 2781 3539 2834 maluit

1945 2868 2161 2933 διπλᾶς,
2191 2868 2447 2939 τριπλᾶς,
2474 2869 2808 2941 τετραπλᾶς,
2846 2869 3165 2939 duplicatus,
3212 2872 3533 2940 triplicatos,

1946 2959 2385 3028 quadruplicatos
2435 2961 2570 3015 dies.
2611 2961 2905 3016 Possemus
2932 2971 2985 3016 et
3020 2964 3395 3016 accusativum
3449 2964 3535 3015 al-

1947 3055 2124 3102 terum
2160 3050 2485 3119 intelligere,
2512 3051 2772 3104 nimirum
2812 3051 3171 3123 ὑπερθέσειςε
3207 3068 3330 3105 nam
3362 3052 3539 3126 ὑπέρ-

1948 3138 2094 3201 θεσις
2117 3153 2215 3207 pro
2236 3138 2446 3207 jejunio
2476 3146 2529 3192 et
2559 3139 2980 3206 superpositione
3015 3139 3251 3193 sumitur
3282 3157 3296 3193 :
3326 3140 3400 3192 ita
3430 3140 3537 3193 erit

1948 3227 2298 3296 ὑπερτιθέναι
2326 3227 2647 3297 ὑπερθέσεις
2696 3227 2922 3296 perinde
2966 3242 3031 3281 ac
3068 3228 3113 3283 si
3142 3226 3333 3281 Latine
3381 3227 3539 3282 dicas

1947 3336 2295 3388 superponere
2325 3321 2790 3389 superpositiones.
2826 3317 2918 3373 Sic
2951 3335 3187 3389 pugnare
3221 3336 3453 3389 pugnam
3481 3328 3538 3373 et

1950 3411 2002 3466 id
2039 3426 2212 3481 genus
2251 3413 2376 3464 alia.
2434 3410 2590 3479 Apud
2642 3409 2932 3478 Evagrium
2971 3410 3065 3464 lib.
3100 3425 3114 3462 t
3151 3407 3294 3463 Hist.
3323 3406 3538 3468 eccles.,

1948 3517 1999 3557 e.
2032 3502 2124 3565 21,
2155 3501 2392 3572 insignis
2427 3501 2582 3553 locus
2620 3509 2724 3562 est,
2755 3499 2849 3553 ubi
2879 3499 2945 3553 de
2986 3499 3404 3566 monachorum,
3443 3498 3541 3567 qui

1951 3588 2007 3643 in
2031 3587 2321 3644 Palaestina
2372 3587 2663 3659 (legebant,
2698 3586 2956 3641 instituto
2987 3588 3252 3658 loquitur,
3286 3603 3349 3641 ac
3388 3602 3531 3657 prae-

1952 3681 2139 3738 sertim
2172 3680 2240 3736 de
2280 3681 2519 3736 mirabili
2550 3695 2741 3736 eorum
2782 3680 3141 3734 abstinentia:
3173 3680 3236 3733 Ol
3270 3679 3535 3743 πολλάκις

1955 3772 2055 3841 μὲν
2104 3772 2198 3825 καὶ
2243 3770 2342 3834 τὰς
2393 3770 2735 3841 καλουμένας
2785 3768 3168 3840 ὑπερθέσμους
3213 3768 3541 3840 πράττουσι,

1951 3863 2202 3933 διήμεροι
2256 3862 2350 3915 καὶ
2396 3862 2685 3933 τριήμεροι
2723 3859 2822 3922 τὰς
2860 3860 3116 3928 νηστείας
3153 3858 3500 3921 ἐκτελοῦντες
3523 3874 3539 3891 ⁸

1954 3955 2061 4008 εἰσὶ
2088 3954 2144 4007 δὲ
2172 3954 2221 4005 οἳ
2254 3953 2349 4006 καὶ
2374 3952 2679 4024 πεμπτῷοι,
2712 3952 2745 4022 ἢ
2784 3953 2879 4005 καὶ
2910 3951 3062 4021 πρός.
3118 3950 3191 4003 Ibi
3237 3951 3335 4013 τὰς
3371 3950 3543 4020 ὑπερ-

1956 4046 2191 4116 θέσμους
2224 4044 2414 4101 eodem
2440 4060 2606 4100 sensu
2640 4058 2751 4112 quo
2774 4042 3104 4112 ὑπερθέσεις
3130 4042 3453 4110 usurpavit;
3478 4056 3544 4095 ac

1957 4137 2144 4191 nescio
2184 4152 2252 4189 an
2289 4135 2613 4207 ὑπερθέσεις
2640 4136 2805 4189 etiam
2840 4135 2941 4203 legi
2977 4134 3162 4187 verius
3214 4136 3304 4188 sit.
3355 4132 3544 4202 Neque

277 4235 551 4305 lntelliges
584 4232 831 4305 profecto
859 4247 969 4286 non
997 4246 1117 4286 eam
1143 4234 1251 4287 vim
1288 4233 1559 4291 innatanti
1590 4234 1858 4289 duntaxat
1959 4236 2139 4282 tamen
2173 4234 2381 4283 temere
2409 4226 2904 4291 commutaverim;
2945 4239 3069 4277 nam
3100 4223 3214 4277 ﬂeri
3256 4230 3458 4292 potest,
3484 4230 3543 4276 ut

278 4327 436 4397 aquis
474 4327 593 4381 oleo
621 4324 787 4379 tribui
833 4338 1015 4394 posse,
1055 4331 1114 4377 ut
1144 4327 1197 4379 in
1236 4324 1399 4379 imam
1431 4326 1692 4396 depressa
1727 4342 1857 4381 corn

278 4434 409 4489 pora
441 4433 661 4474 sursum
698 4416 934 4471 attollat.

894 4544 1123 4599 CAPUT
1166 4543 1210 4598 V

284 4660 667 4731 Epiphaniam:
696 4660 1216 4715 Animadversiones
1243 4678 1275 4713 a
1308 4658 1566 4715 Salmasii
1592 4664 1857 4731 reprelien-

352 4734 496 4785 sione
537 4732 839 4801 vindicatw.
886 4731 1028 4794 Quid
1060 4732 1129 4783 sit
1186 4731 1479 4799 ὑπέρθεσις
1508 4742 1555 4785 et
1588 4749 1857 4801 superpo-

351 4803 497 4857 sitio.
550 4800 805 4855 Sulmasii
850 4817 1018 4854 error.
1064 4801 1189 4864 Bio;
1225 4816 1320 4869 pro
1361 4803 1468 4854 vita
1514 4800 1773 4856 sa'cutari
1805 4813 1855 4857 et

326 4872 695 4925 .matrimonio
753 4872 993 4940 illigata,
1055 4882 1114 4925 ut
1170 4882 1220 4926 et
1282 4871 1501 4941 βιῶσαι.
1550 4872 1855 4928 Casauboni

354 4943 554 5009 lapsus.

350 5052 469 5107 Non
509 5051 732 5105 meliore
769 5066 1031 5106 successu
1077 5051 1185 5105 alio
1215 5052 1335 5105 loco
1364 5052 1419 5106 in
1458 5066 1560 5108 nos
1599 5055 1723 5125 styli
1768 5058 1852 5112 sui

284 5143 711 5197 maledicentiam
758 5142 999 5195 exercuit
1030 5141 1124 5211 (b).
1168 5141 1503 5212 Epiphanius
1541 5146 1595 5200 in
1629 5145 1856 5216 Exposi-

285 5235 431 5288 tione
466 5232 609 5295 lidci,
647 5233 941 5302 dejejunio
990 5242 1194 5289 sancta:
1223 5234 1575 5291 hebdomadte
1605 5240 1853 5307 l0quens,

286 5326 359 5378 ait
376 5328 467 5396 (ο),
484 5326 820 5379 Christianos
849 5338 942 5393 per
959 5322 1010 5376 id
1030 5331 1243 5394 tempus
1265 5326 1477 5395 aliquos
1495 5327 1740 5392 biduum,
1761 5333 1855 5384 tri-

286 5417 540 5479 duumve,
566 5426 657 5470 aut
680 5414 1034 5486 quatriduum
1059 5414 1178 5469 sine
1202 5416 1324 5470 cibo
1356 5419 1689 5489 transigere:
1721 5422 1854 5475 ἀλλὰ

283 5509 379 5561 καὶ
402 5509 450 5559 οἱ
480 5508 756 5560 σπουῖαῖοι
786 5506 979 5568 διπλαῖς
1032 5504 1127 5558 καὶ
1168 5506 1396 5576 τριπλᾶς
1428 5509 1521 5562 καὶ
1550 5512 1854 5581 τετραπλᾶς

357 5621 430 5688 (a)
473 5618 700 5674 Salinas.
733 5620 784 5671 in
826 5618 966 5670 Ptin.
1001 5634 1169 5671 exere.
1202 5633 1253 5687 p.
1290 5616 1412 5672 126.

360 5691 432 5760 φ)
474 5688 616 5743 idem
649 5689 778 5743 ibid.
818 5689 1014 5761 p,59..l.

1961 4316 2343 4388 ὑπερθέσμους
2363 4316 2758 4387 appellaverint
2784 4314 2994 4384 jejunia
3025 4314 3168 4367 ultra
3193 4328 3541 4367 communem

1889 4420 1931 4475 ι)
1964 4412 2132 4479 legem
2165 4424 2500 4479 moremque,
2536 4410 2618 4464 vel
2652 4406 2870 4463 solitum
2900 4405 3155 4474 capiendi
3191 4405 3296 4459 cibi
3326 4412 3545 4475 tempus

1958 4510 2205 4558 extensa.
2234 4500 2357 4556 ΙΙιιξε
2378 4502 2524 4556 verbi
2549 4517 2614 4555 ac
2646 4500 2939 4554 locutionis
2968 4499 3133 4565 hujus
3158 4496 3544 4567 interpretatio

1957 4596 2119 4665 digna
2145 4611 2253 4648 non
2271 4602 2376 4661 est,
2396 4594 2555 4664 cujus
2576 4608 2675 4647 nos
2695 4593 2962 4661 hodieque
2980 4592 3261 4662 pmniteat.
3281 4592 3384 4646 Sed
3406 4605 3543 4661 pm

1957 4696 2040 4741 ter
2068 4688 2207 4739 hanc
2243 4694 2420 4740 tamen
2441 4685 2560 4740 alite
2594 4684 3046 4753 suppetuntduze,
3066 4699 3203 4754 quas
3228 4698 3335 4737 non
3360 4683 3544 4737 minus

1956 4779 2272 4848 probabiles
2319 4778 2528 4848 judico.
2580 4776 2783 4839 Prima,
2837 4777 2917 4830 uti
2972 4776 3200 4830 verbum
3257 4772 3540 4844 ὑπερτιθέ-

1956 4888 2044 4924 vat
2074 4872 2147 4924 sit
2174 4868 2564 4932 transcendere,
2598 4883 2867 4935 superare.
2900 4866 3039 4920 Hinc
3076 4870 3223 4920 enim
3254 4866 3543 4934 superlati-

1957 4977 2077 5014 vum
2116 4960 2339 5029 gradum
2376 4959 2549 5013 Graeci
2578 4964 2777 5010 vocant
2814 4954 3203 5025 ὑπερθετικόν,
3233 4961 3288 5009 ει
3316 4954 3542 5027 ὑπέρθε-

1960 5070 2044 5113 σις
2074 5052 2346 5123 Hesychio
2390 5059 2473 5105 est
2504 5049 2825 5121 ὑπέρϐασις.
2874 5048 3027 5104 Unde
3074 5046 3424 5119 ὑπερτιθὲναι
3457 5060 3540 5103 εει

1958 5146 2311 5217 ὑπερϐαίνειν
2340 5145 2423 5199 vel
2454 5142 2836 5211 ὑπερϐάλλειν.
2867 5140 3049 5194 Altera
3081 5148 3185 5202 est,
3221 5147 3280 5192 ut
3313 5140 3539 5209 ὑπερτι-

1958 5240 2109 5293 θέναι
2144 5240 2215 5293 sit
2253 5237 2469 5303 addere,
2501 5237 2785 5299 imponere,
2828 5247 2893 5287 ac
2946 5243 3142 5303 praeter
3198 5232 3537 5285 ordinarium

1958 5345 2117 5385 usum
2168 5328 2415 5382 indicere
2449 5345 2461 5381 :
2495 5325 2643 5396 quod
2694 5324 2873 5379 Latini
2922 5337 3268 5393 superponere
3315 5333 3535 5373 vocant.

1957 5422 2256 5476 Cassianus
2306 5418 2505 5474 Collat.
2540 5420 2581 5483 l,
2618 5435 2668 5473 ε.
2699 5417 2789 5483 21,
2837 5416 2905 5471 de
2947 5416 3141 5468 abbate
3179 5411 3409 5474 Joanne,
3442 5410 3537 5477 qui

1958 5512 2153 5567 illusus
2183 5525 2212 5564 a
2238 5511 2485 5565 daemone
2510 5510 2747 5565 biduana
2774 5524 2832 5565 se
2853 5506 3032 5562 inedia
3058 5502 3369 5559 confecerat
3398 5518 3413 5555 :
3438 5496 3535 5549 ln-

2031 5626 2102 5696 (ε)
2134 5622 2199 5679 Ν.
2233 5623 2321 5678 22.
2355 5623 2592 5694 p.1‘105.
