3938 6214
371 238 477 295 6W

1710 226 1894 285 DION.
1938 224 2288 285 l’ETAVlUS

2806 150 2898 178 ‘3'

3532 234 3644 293 648

374 353 574 410 ιεηιτεὶι
606 368 663 409 se
689 352 752 407 ob
782 352 882 408 hoc
911 349 1208 406 calliditate
1237 347 1492 402 damtom's
1516 347 1949 409 circumventum,
1979 348 2027 405 Α
2054 343 2241 401 Potest
2272 351 2456 400 tamen
2487 351 2543 401 et
2575 336 2800 402 verbum
2839 346 3017 419 αἴρειν
3062 346 3119 402 in
3161 345 3440 418 ejusmodi
3485 349 3645 405 lacn-

370 444 571 518 talique
620 445 907 500 distentum
947 442 1178 513 jeiunio,
1209 449 1264 493 ut
1295 436 1670 494 lassitudinem
1711 453 1815 491 non
1857 452 1951 490 ne-

372 538 686 604 cessariam,
730 539 836 591 imo
882 538 1043 591 etiam
1094 532 1310 603 spiritui
1357 531 1678 595 nocituram,
1723 528 1951 598 fatigato

374 629 585 699 corpori
614 633 1004 698 superponeret.
1032 622 1153 677 Non
1185 622 1333 677 aliud
1361 621 1467 676 hoc
1498 621 1622 675 loco
1653 625 1737 674 est
1768 633 1954 687 super-

368 734 589 788 ponere,
619 733 781 788 quam
829 717 1118 785 imponere,
1143 714 1228 771 vel
1260 711 1511 781 adjicere.
1547 709 1638 766 Sic
1664 710 1719 765 in
1751 709 1951 765 concil.

375 811 565 864 Aurel.
608 826 659 873 v,
708 823 833 862 can.
866 807 933 861 12
963 804 1149 859 :Nulli
1180 805 1369 860 viventi
1403 805 1643 875 episcopo
1687 801 1826 855 alius
1866 816 1958 855 su-

376 911 718 974 perponatur,
756 909 851 955 aut
898 899 1329 969 superordinetur
1361 898 1655 967 episcopus.
1706 893 1820 948 Hac
1866 907 1956 946 ra-

378 995 526 1048 tione
568 993 777 1063 jejunia
827 992 1111 1063 superponi
1165 991 1454 1056 dicuntur,
1512 987 1772 1057 quoniam
1828 999 1956 1041 cum

380 1083 694 1137 communis
729 1083 1012 1137 hominum
1046 1081 1158 1135 vita
1185 1080 1504 1150 quotidiana
1540 1079 1688 1134 victu
1732 1092 1799 1133 ac
1835 1078 1959 1132 cibo

377 1172 738 1246 transigatur,
777 1181 939 1228 certa:
981 1170 1327 1231 abstinentiae
1378 1172 1523 1241 leges
1575 1172 1957 1239 imponuntur,

380 1264 583 1334 quibus
626 1264 771 1317 velut
816 1271 1117 1319 onerantur
1166 1262 1439 1317 homines.
1475 1261 1553 1315 ita
1581 1260 1960 1316 Tertullianus

380 1365 568 1410 contra
602 1354 822 1424 Psych.,
854 1370 973 1423 cap.
1007 1353 1181 1408 2:Sic
1224 1362 1273 1408 et
1322 1352 1589 1423 apostolos
1636 1353 1959 1416 observasse,

382 1448 593 1503 nullum
624 1446 773 1500 aliud
800 1447 1121 1516 imponentes
1144 1445 1334 1515 jugum
1368 1452 1633 1497 certorum
1667 1458 1716 1495 et
1745 1443 1798 1495 in
1821 1457 1964 1495 com-

385 1559 541 1596 mune
573 1541 813 1595 omnibus
843 1538 1199 1594 obeundorunt
1217 1538 1569 1607 jejuniorum.
1604 1533 1717 1588 Hoc
1741 1534 1846 1589 erit
1871 1549 1965 1588 su-

386 1648 692 1705 perponere
716 1631 908 1701 jugum
941 1630 1094 1693 illud,
1131 1644 1196 1682 ac
1247 1630 1419 1699 legem
1446 1627 1779 1696 jejuniarum
1815 1623 1963 1678 indi-

378 1739 551 1788 cere;
592 1721 736 1776 unde
760 1720 1092 1790 jejuniorum
1124 1718 1473 1788 superpositio
1509 1716 1649 1770 idem
1690 1724 1774 1769 est
1802 1723 1966 1784 atque

386 1812 651 1884 impositio
687 1822 741 1865 et
785 1810 1065 1878 injunctio.
1113 1807 1336 1862 Solinus
1386 1821 1509 1876 cap.
1538 1806 1609 1859 27
1658 1806 1844 1860 leones
1890 1803 1966 1857 ait

379 1902 609 1957 alternis
636 1903 817 1956 diebus
846 1908 1053 1971 potum,
1075 1899 1295 1954 alternis
1319 1896 1497 1952 cibum
1521 1913 1705 1968 capere
1730 1913 1747 1951 :
1779 1913 1840 1949 ac
1859 1895 1967 1965 fre-

385 2004 603 2064 quenter
640 1994 688 2049 si
719 1992 941 2063 digestio
969 2008 1072 2046 non
1111 2001 1187 2045 est
1220 1991 1479 2054 insecuta,
1518 1989 1688 2042 solita:
1715 1986 1966 2041 cibationi

385 2096 745 2158 superponunt
781 2087 942 2140 diem.
982 2083 1372 2153 Superpanere
1396 2090 1483 2137 est
1518 2081 1731 2135 addere.

461 2180 598 2233 Cum
647 2177 815 2248 igitur
860 2177 1035 2230 altera
1066 2188 1285 2244 quoque
1318 2174 1406 2228 die
1435 2172 1619 2227 cibum
1655 2186 1853 2242 capere
1879 2185 1970 2226 so-

388 2272 558 2332 leant,
609 2268 762 2323 crudi
793 2283 917 2322 cum
954 2274 1103 2328 sunt,
1143 2280 1313 2319 unum
1352 2264 1494 2318 diem
1526 2263 1595 2317 ad
1628 2278 1775 2325 eum,
1806 2276 1968 2331 quem

389 2362 738 2430 interponere
765 2373 885 2413 mos
914 2364 998 2413 est
1028 2358 1157 2421 illis,
1201 2355 1488 2426 adjiciunt.
1525 2353 1605 2407 lta
1628 2354 1852 2409 biduum
1881 2368 1972 2408 so-

393 2451 563 2505 lidum
595 2450 715 2504 sine
755 2449 878 2504 ciba
909 2448 1308 2503 transmittunt.
1342 2445 1462 2500 Non
1490 2445 1676 2501 eadem
1712 2445 1820 2509 hic,
1855 2445 1973 2516 api-

392 2559 518 2607 nor,
554 2543 776 2598 notione
808 2542 1035 2598 verbum
1083 2540 1215 2595 illud
1260 2540 1520 2603 sumitur,
1547 2554 1655 2610 qua
1695 2539 1764 2595 ah
1792 2538 1975 2594 eccle-

394 2633 634 2689 siasticis
663 2632 1002 2697 auctoribus,
1034 2645 1160 2686 cum
1188 2631 1395 2702 jejunis
1418 2631 1861 2701 superpositiones
1885 2645 1977 2700 ap-

394 2729 621 2799 pellant,
654 2728 737 2783 vel
772 2728 1106 2798 jejuniorum
1143 2726 1607 2796 superpositiones,
1638 2738 1777 2794 quas
1812 2723 1978 2795 ὑπερ-

396 2818 652 2889 θέσμους,
684 2817 768 2873 vel
799 2815 1122 2887 ὑπερθέσεις
1153 2815 1327 2873 (ΞΓωοί
1365 2814 1554 2871 Patres
1584 2821 1871 2880 vocarunt,
1908 2826 1977 2868 eo

396 2923 560 2963 sensu
595 2923 758 2977 quem
791 2907 1060 2963 hactenus
1103 2908 1478 2977 exposuimus.
1514 2903 1621 2960 Sed
1663 2911 1848 2959 utrum
1878 2902 1976 2957 La-

2054 434 2205 489 tione
2233 435 2412 489 locum
2449 435 2649 490 habere
2681 437 2867 507 :quad
2904 444 2991 493 est
3017 437 3176 506 ferre,
3203 437 3409 494 tollere.
3438 438 3642 507 Quam-

2053 524 2138 579 vis
2166 532 2349 579 autem
2381 523 2731 594 ὑπερτιθέναι
2756 534 2809 580 et
2839 526 3133 597 ὑπέρθεσιν
3158 526 3332 582 (ἔτιθεὶ
3364 528 3548 584 itidem
3578 539 3644 586 ut

2057 614 2236 671 Latini
2262 632 2606 686 superponere
2627 631 2693 671 ac
2720 619 3191 688 superpositionem
3212 626 3502 688 usurpant,
3527 634 3644 674 non

2056 716 2239 764 tamen
2287 709 2478 763 eadem
2512 709 2806 780 utrobique
2853 712 3192 766 constructio
3233 719 3340 767 est.
3377 709 3448 765 Ut
3492 713 3647 767 enim

2055 800 2250 856 Latine
2279 800 2385 856 dici
2415 801 2612 871 possit,
2639 817 2984 872 superponere
3032 803 3197 855 alicui
3228 802 3518 856 biduanum
3553 803 3645 858 vel

2059 893 2369 948 triduanum
2385 894 2686 963 jejunium;
2714 895 2817 958 vel,
2851 902 2909 948 ut
2936 893 3156 950 Solinus
3181 894 3444 964 loquitur.
3467 895 3647 949 solita

2058 986 2315 1041 cibationi
2348 986 2487 1041 diem
2511 1002 2675 1039 unum
2705 1001 3051 1056 superponere
3076 1002 3095 1039 :
3118 1002 3226 1040 non
3251 996 3430 1041 tamen
3455 986 3649 1041 (ἔτειρε

2058 1077 2143 1133 sic
2175 1077 2255 1131 uti
2294 1078 2417 1132 licet
2454 1076 2837 1149 ὑπερτίθεσθαι
2885 1080 2952 1149 τῇ
3006 1079 3180 1149 τροφῇ
3235 1080 3365 1149 μίαν
3403 1077 3645 1149 ἡμέραν.

2058 1168 2180 1226 Non
2205 1171 2349 1226 enim
2375 1170 2758 1242 ὑπερτίθεσθαι
2786 1186 2911 1226 cum
2946 1171 3130 1226 dativo
3156 1172 3530 1243 canjungitur.

2063 1272 2079 1287 '
2132 1261 2252 1327 Qua
2297 1261 2352 1315 in
2388 1277 2447 1317 re
2496 1260 2779 1318 Plinianus
2823 1262 3159 1316 exercitator
3190 1262 3349 1316 valde
3381 1262 3647 1328 deceptus

2061 1361 2145 1409 est
2180 1353 2258 1423 (a)
2282 1369 2296 1419 ;
2321 1353 2416 1423 qui
2446 1354 2786 1408 Solinianam
2824 1353 2984 1407 istam
3018 1353 3348 1408 locutionem
3384 1353 3464 1409 sic
3494 1352 3648 1420 ἐξελ-

2062 1443 2289 1513 ληνίζει,
2333 1443 2506 1497 solita:
2538 1440 2792 1496 cibationi
2818 1449 3175 1510 superponunt
3209 1440 3369 1503 diem,
3406 1444 3469 1511 τῇ
3518 1457 3652 1492 aw-

2065 1534 2186 1604 ήθει
2214 1537 2388 1606 τροφῇ
2411 1533 2624 1605 ἡμέραν
2646 1527 3049 1603 ὑπερτιθὲασιν.
3076 1532 3239 1601 Atqui
3274 1530 3649 1602 ὑπερτιθέναι,

2066 1635 2127 1680 ut
2154 1634 2211 1680 et
2240 1626 2551 1697 praepositio
2578 1625 2740 1693 ὑπὲρ,
2772 1639 2895 1677 cum
2923 1622 3108 1677 dativo
3134 1623 3378 1692 copulari
3414 1639 3525 1675 non
3558 1638 3651 1676 sa-

1996 1685 2038 1739 B
2072 1716 2168 1771 let.
2200 1685 2383 1787 Apage
2407 1731 2538 1787 ergo
2577 1685 2768 1771 sordes
2802 1715 2939 1769 istas
2986 1685 3261 1770 sermonis
3295 1712 3649 1783 ὑπερτιθέναι

2070 1806 2195 1872 τινί,
2223 1822 2567 1877 superponere
2615 1806 2797 1859 alicui.
2836 1805 3052 1860 Diceret
3100 1804 3281 1876 potius
3329 1802 3649 1867 ἐπιτιθέναι,

2073 1902 2156 1955 vel
2181 1899 2551 1971 προστιθέναι.
2577 1897 2806 1967 Reliqua
2833 1884 3242 1952 exercitationis
3264 1895 3510 1966 ejusdem
3537 1911 3654 1948 ma-

2068 1991 2284 2061 joribus
2311 1991 2474 2045 etiam
2504 1990 2724 2059 ineptiis
2748 1988 3026 2059 implicata
3052 1998 3199 2041 sunt.
3228 1987 3287 2041 ln
3313 1986 3514 2056 quibus
3537 1986 3653 2041 sin-

2074 2083 2263 2152 gulare
2296 2081 2350 2134 id
2377 2088 2484 2145 est,
2516 2080 2659 2148 quod
2689 2096 2810 2135 eum
2847 2079 3174 2135 sententiam
3213 2086 3459 2132 nostram
3492 2091 3653 2132 vexa-

2077 2188 2156 2238 re,
2205 2179 2260 2227 et
2299 2170 2603 2226 conviciari
2636 2169 2796 2223 nobis
2829 2168 3150 2231 instituerit,
3184 2165 3240 2220 in
3283 2163 3429 2219 istud
3477 2164 3656 2233 ipsum

2078 2263 2310 2318 incurrit
2344 2272 2524 2317 tamen
2576 2261 2724 2331 quod
2769 2259 3119 2331 reprehendit
3151 2278 3164 2314 :
3192 2257 3490 2329 ὑπέρθεσιν
3517 2256 3659 2311 dixi-

2078 2371 2199 2409 mus
2221 2369 2344 2409 esse
2363 2353 2693 2416 dilationem,
2719 2363 2772 2409 et
2796 2351 3145 2424 ὑπερτιθέναι
3167 2350 3419 2419 diﬂ'erre;
3445 2348 3659 2403 Salma-

2080 2449 2197 2503 sius
2243 2446 2426 2500 itidem
2473 2453 2533 2499 ut
2575 2461 2677 2500 nos
2724 2445 3249 2515 superpositionem,
3312 2453 3367 2499 et
3418 2441 3658 2512 ὑπέρθε-

2080 2556 2165 2593 σιν
2209 2539 2518 2593 dilationem
2566 2553 2690 2593 esse
2739 2536 3036 2607 pertendit.
3066 2535 3239 2604 Cujus
3288 2550 3420 2605 ergo
3469 2533 3658 2588 dilatio

2080 2631 2202 2687 est?
2255 2639 2350 2685 aut
2388 2630 2518 2701 quid
2572 2628 2790 2682 tandem
2847 2626 3051 2682 diﬁ'erri
3098 2625 3333 2680 dicitur?
3383 2623 3555 2694 Negat
3593 2623 3660 2676 de

2080 2723 2232 2788 cibo;
2265 2724 2333 2777 ad
2388 2722 2534 2777 diem
2582 2720 2794 2776 refert:
2829 2718 3009 2789 Neque
3051 2720 3212 2783 enim,
3254 2719 3349 2781 ait,
3379 2716 3661 2785 ὑπερτίθε-

2083 2813 2206 2868 σθαι
2229 2814 2455 2885 τροφήν,
2484 2813 2575 2867 sed
2606 2811 2994 2885 ὑπερτίθεσθαι
3017 2811 3230 2883 ἡμέραν
3263 2809 3463 2863 dixere.
3493 2807 3662 2878 igitur

2078 2908 2270 2979 jejunii
2301 2906 2551 2962 differtur
2578 2907 2719 2963 dies.
2755 2909 2824 2963 At
2858 2924 2967 2962 non
3016 2906 3286 2973 dilfertur,
3322 2907 3415 2961 sed
3461 2920 3662 2976 reprae—

395 3000 638 3052 tinarum
679 2998 982 3054 imitatione
1012 2997 1208 3062 Graeci,
1247 3012 1315 3052 an
1341 2996 1653 3057 Graecorum
1683 2994 1882 3060 Latini,
1906 2994 1972 3048 ad
2002 3032 2046 3090 α
2083 3005 2330 3054 sentatur
2357 2995 2565 3065 utique,
2609 3012 2732 3052 cum
2760 2997 2816 3050 in
2846 3011 2910 3051 ea
2941 3005 3192 3051 versetur
3229 2997 3480 3068 quisquis
3512 2996 3659 3051 illam

391 3088 728 3158 jejuniarum
757 3090 1040 3161 negotium
1075 3090 1128 3144 id
1160 3089 1413 3144 vocabuli
1445 3087 1855 3153 transtulerint,
1880 3085 1977 3155 ju-
2012 3085 2045 3090 “
2075 3090 2289 3160 jejunio
2315 3089 2662 3143 transmittit.
2694 3088 2836 3154 Quid
2866 3088 3169 3158 jacularius
3191 3099 3295 3154 est,
3325 3104 3487 3158 quam
3516 3087 3664 3157 quod

398 3198 459 3238 re
485 3182 722 3238 dubitari
754 3190 949 3251 potest.
984 3182 1063 3236 Ac
1109 3181 1156 3236 si
1207 3180 1381 3251 prima
1414 3181 1532 3245 illa,
1565 3194 1729 3249 quam
1761 3178 1814 3231 in
1847 3177 1981 3231 Ani-

400 3272 850 3328 madoersionibus
879 3272 1113 3342 amplexi
1161 3285 1374 3337 sumus,
1409 3270 1495 3324 vel
1523 3285 1592 3324 ex
1625 3268 1841 3323 duabus
1876 3268 1981 3321 hac

400 3359 579 3430 capite
629 3359 850 3412 traditis
902 3358 1055 3427 prior
1104 3359 1281 3429 magis
1321 3357 1550 3421 arridet,
1587 3366 1648 3411 ut
1685 3356 1981 3427 ὑπέρθεσις

400 3449 590 3503 dilatio
636 3450 1039 3519 proragatioque
1074 3448 1174 3514 sit,
1223 3449 1309 3504 vel
1355 3449 1681 3503 transcensio
1726 3458 1781 3503 et
1814 3448 1983 3520 ὑπέρ-

402 3539 584 3602 ϐασις,
621 3538 883 3593 credibile
906 3547 991 3593 est
1021 3537 1335 3592 Graecorum
1371 3536 1623 3606 exemplo
1644 3534 1868 3592 Latinas
1892 3554 1983 3591 su-

401 3632 809 3703 perpositionem
855 3631 1194 3686 nominasse.
1223 3629 1359 3685 Nam
1414 3630 1522 3686 ista
1577 3646 1742 3686 sensu
1782 3630 1983 3685 Graecae

405 3726 525 3779 voci
554 3738 654 3779 sua
685 3734 740 3777 et
769 3722 954 3777 nativa
994 3722 1300 3791 proprietas
1333 3728 1588 3787 constat;
1618 3736 1741 3792 quae
1778 3724 1834 3774 in
1876 3719 1983 3773 La-

405 3820 522 3871 tina
552 3816 737 3872 minus
766 3815 965 3878 elucet,
999 3822 1058 3870 ut
1080 3816 1399 3871 translatam
1424 3816 1874 3887 peregrinamquc
1896 3829 1985 3870 co-

403 3920 657 3977 gnoscas.
689 3904 785 3959 Sin
809 3914 914 3970 est,
931 3913 991 3960 ut
1014 3906 1502 3976 superpositionem
1530 3922 1629 3978 pro
1651 3906 1985 3977 impositione

404 3998 826 4066 injunctioneque
851 3996 957 4052 dici
999 3997 1173 4068 magis
1210 3998 1457 4068 placeat;
1499 4005 1614 4052 tum
1653 4013 1782 4054 vero
1821 3998 1987 4069 ὑπερ-

401 4087 610 4142 τιθέναι
639 4096 692 4142 ει
713 4086 1100 4159 ὑπερτίθεσθαι
1130 4088 1309 4144 minus
1329 4089 1515 4145 Graece
1535 4098 1856 4159 conceptum
1883 4089 1985 4145 hac

403 4178 803 4249 signiﬁcatione
825 4178 1100 4234 videbitur
1127 4218 1141 4243 ,
1174 4179 1420 4250 adeoque
1443 4179 1511 4235 de
1533 4179 1853 4236 Latinorum
1881 4195 1986 4235 usu

403 4272 759 4341 exemploque
807 4285 1078 4326 manasse.
1130 4268 1189 4323 In
1231 4270 1362 4324 Vitis
1398 4270 1789 4332 Patrum,libra
1826 4287 1879 4335 ν,
1913 4269 1986 4323 li-

2080 3178 2211 3233 inde
2236 3194 2584 3248 consequens
2614 3177 2695 3243 ﬁt,
2732 3194 2854 3233 cum
2901 3178 3093 3233 scribit
3138 3176 3477 3247 Epiphanius
3503 3178 3666 3232 Chri-

2080 3272 2291 3327 stianos
2322 3271 2521 3334 διπλᾶς
2547 3271 2632 3326 vel
2661 3270 2897 3343 τριπλᾶς
2925 3269 3338 3341 ὑπερτίθεσθαι,
3368 3269 3474 3325 hac
3518 3284 3662 3338 esse,

2080 3359 2304 3414 hiduum
2355 3360 2669 3416 triduumve
2719 3359 2962 3426 differre,
3007 3374 3116 3414 non
3168 3360 3375 3424 cibum,
3408 3360 3506 3415 sed
3556 3361 3662 3415 has

2082 3450 2231 3521 ipsos
2256 3453 2395 3508 duos
2429 3460 2610 3508 tresve
2635 3451 2790 3508 dies?
2820 3451 2960 3518 Quid
2989 3452 3164 3507 isthac
3194 3452 3426 3506 obsecra
3450 3466 3662 3507 sermo-

2081 3545 2170 3597 nis
2201 3551 2285 3599 est
2319 3562 2331 3598 :
2365 3543 2478 3599 Iste
2509 3543 2649 3599 diem
2694 3561 2879 3612 unum,
2910 3545 2987 3599 uel
3021 3544 3176 3611 duos,
3201 3547 3279 3599 vel
3308 3554 3413 3598 tres
3448 3545 3663 3614 differt;

2083 3641 2179 3689 aut
2239 3634 2467 3689 duorum
2528 3636 2751 3690 triumve
2800 3635 3112 3691 dilationem
3173 3638 3564 3706 suscipit;pro
3595 3651 3664 3691 eo

2082 3724 2229 3796 quod
2256 3732 2359 3790 est,
2397 3725 2612 3779 biduum
2638 3726 2851 3796 jejunat
2888 3737 2982 3781 aut
3027 3726 3307 3785 triduum?
3349 3727 3467 3782 Nisi
3499 3728 3663 3791 enim,

2082 3815 2230 3886 quod
2266 3817 2543 3883 volumus,
2574 3819 2833 3888 quodque
2867 3817 3118 3887 imperite
3144 3827 3305 3889 negat
3338 3819 3664 3883 Salmasius,

2084 3905 2265 3960 cibum
2313 3919 2374 3960 ac
2402 3907 2634 3976 ιτροφήν
2683 3906 3006 3971 subaudias,
3035 3907 3376 3962 intoleranda
3419 3908 3663 3978 quaedam

2085 3995 2352 4052 orationis
2403 3997 2663 4066 Spurcitia
2717 3997 3002 4052 conﬂatur.
3035 3996 3208 4064 Quam
3262 3998 3480 4068 quidem
3531 3997 3664 4051 adeo

2086 4089 2189 4143 iste
2220 4087 2502 4153 combibit,
2533 4098 2592 4142 ut
2614 4104 2677 4144 ex
2711 4102 2776 4143 eo
2803 4089 2877 4142 ita
2912 4088 3289 4153 ratiocinelur,
3323 4104 3446 4143 cum
3499 4087 3667 4161 ὑπέρ-

2087 4178 2238 4241 θεσις
2262 4178 2597 4244 dilationem,
2627 4187 2682 4234 et
2715 4177 3065 4250 ὑπερτιθέναι
3106 4180 3321 4248 diﬂ'erre
3351 4178 3620 4248 signiﬁcet
3648 4197 3662 4231 :

2079 4269 2415 4337 jejuniorum
2460 4269 2931 4339 superpositionem
2984 4282 3092 4321 non
3129 4282 3288 4336 posse
3330 4266 3435 4320 dici
3463 4285 3476 4320 :
3507 4273 3567 4319 ut
3610 4265 3666 4318 in

406 4359 549 4414 bella
601 4360 690 4427 10,
726 4374 880 4413 num.
910 4360 979 4413 5'5
1007 4366 1063 4414 et
1087 4359 1180 4424 44,
1213 4360 1350 4413 mira
1382 4361 1629 4429 quaedam
1656 4360 1761 4414 hac
1790 4360 1875 4414 vel
1913 4361 1990 4416 si-
2019 4369 2068 4428 ι)
2093 4361 2311 4431 vulgata
2337 4361 2656 4416 Eliberitani
2687 4360 2910 4415 concilii
2936 4360 3170 4414 lectione
3197 4358 3466 4422 habetur;
3500 4371 3569 4411 ne
3597 4355 3668 4411 sit

406 4451 522 4504 mili
574 4452 629 4504 in
684 4464 817 4505 voce
861 4448 1170 4503 Graecitatis
1221 4448 1494 4503 aﬂ'ectatio
1522 4459 1641 4513 est;
1685 4463 1837 4502 num.
1869 4448 1985 4504 ὅδε

406 4542 531 4596 Alia
571 4541 823 4611 cogitatio
862 4556 980 4593 mea
1013 4546 1115 4603 est,
1159 4547 1217 4592 ut
1253 4538 1487 4608 jejunem
1520 4538 1785 4593 biduanas
1809 4528 1995 4593 leuan-

406 4634 511 4697 do;
540 4648 691 4687 num.
716 4633 793 4699 ῥά
829 4650 844 4685 :
877 4630 1016 4701 Ergo
1044 4632 1256 4700 quando
1291 4647 1410 4685 eras
1444 4631 1667 4695 invenis,
1714 4646 1816 4683 non
1843 4630 1991 4699 jeju-

409 4724 576 4778 nabas
613 4722 874 4777 biduanas
918 4723 1156 4777 levando.
1205 4722 1272 4776 Et
1325 4722 1465 4775 dixit
1513 4722 1561 4775 ei
1603 4735 1798 4775 senex:
1823 4721 1991 4775 Crede

408 4813 538 4865 mihi
572 4813 700 4883 quia
731 4824 781 4866 et
825 4812 1107 4867 triduanas
1142 4820 1190 4865 et
1241 4811 1647 4867 hebdomadam.
1678 4810 1876 4867 Let'are
1920 4812 1992 4866 bi-

407 4907 617 4957 duanas
676 4903 854 4968 dixit,
919 4910 982 4957 ut
1030 4903 1365 4974 Epiphanius
1414 4902 1646 4973 τριπλᾶς
1704 4902 1991 4975 ὑπερτίθε-

410 4995 556 5050 σθαι.
588 4995 728 5050 Puto
761 4995 931 5052 levare
957 4997 1045 5053 hic
1065 5012 1207 5064 esse,
1233 4996 1380 5067 quod
1407 5000 1580 5057 tertiae
1603 4997 1990 5068 signiﬁcationi

409 5086 694 5156 congruit,
750 5089 1013 5157 imponere
1067 5088 1155 5143 vel
1203 5088 1434 5143 indicere
1465 5104 1483 5141 :
1516 5090 1876 5145 translatione
1923 5089 1992 5143 ab

409 5177 677 5233 oneribus
701 5178 887 5244 ducta,
913 5194 1035 5249 quas
1063 5187 1121 5235 ut
1152 5179 1504 5250 imponantur
1529 5182 1810 5238 allevanda
1839 5190 1987 5237 sunt.

407 5269 521 5326 Nec
549 5271 694 5326 enim
726 5271 942 5327 videtur
973 5272 1145 5328 levare
1178 5272 1437 5328 biduanus
1464 5290 1587 5331 esse
1625 5274 1848 5329 totidem
1875 5273 1993 5328 die-

411 5377 533 5417 rum
566 5361 839 5433 jejunium
882 5365 1007 5419 cibo
1052 5365 1285 5432 solvere,
1317 5374 1377 5422 ut
1421 5366 1786 5422 subaudiatur
1826 5364 1996 5419 absti—

412 5457 642 5519 nentias,
676 5455 821 5524 quod
875 5456 931 5509 in
973 5449 1312 5514 hebdomade
1339 5455 1623 5514 subaudiri
1652 5472 1758 5512 non
1791 5461 1990 5529 potest.

484 5631 562 5702 (ο)
603 5633 729 5702 Pag.
761 5635 884 5690 324.

2090 4451 2432 4522 jejuniorum
2469 4452 2822 4524 intelligenda
2846 4453 3057 4507 dilatio.
3094 4451 3264 4522 Igitur
3292 4450 3557 4521 parillius
3581 4449 3667 4503 in-

2090 4545 2534 4612 terpretationem
2592 4548 2867 4601 sermonis
2914 4543 3227 4599 absurditas
3273 4544 3542 4612 sequitur,
3575 4540 3666 4611 qui

2089 4641 2144 4687 et
2194 4633 2540 4704 ὑπερτιθέναι
2591 4633 2779 4689 eodem
2834 4648 2997 4687 sensu
3047 4634 3277 4702 accipit,
3316 4640 3370 4686 et
3417 4631 3485 4685 ad
3532 4632 3669 4702 ἡμέ-

2092 4742 2192 4795 ραν
2220 4727 2490 4794 pertinere
2524 4725 2741 4780 asserit.
2771 4723 2927 4789 Quod
2975 4731 3154 4778 autem
3197 4723 3528 4791 jejuniorum
3576 4738 3666 4775 su-

2091 4817 2497 4885 perpositionem
2540 4823 2594 4868 et
2626 4814 2917 4885 ὑπέρθεσιν
2939 4813 3049 4868 dici
3079 4828 3186 4868 non
3221 4815 3418 4867 debere
3443 4818 3665 4885 pugnat,

2092 4906 2218 4976 quia
2241 4911 2559 4975 sequeretur
2583 4904 2795 4974 jejunia
2829 4903 3059 4970 differri,
3090 4903 3541 4975 ἀγραμμάτιστον
3563 4914 3663 4957 est.

2093 4998 2174 5049 An
2208 5011 2331 5050 cum
2361 4996 2435 5049 ita
2465 4996 2738 5066 loquimur
2770 5015 2783 5051 :
2814 4994 3154 5061 Iudaeorum,
3182 4998 3266 5052 vel
3295 4995 3551 5066 festorum
3579 5012 3669 5049 sa-

2095 5087 2320 5156 criﬁcia,
2358 5096 2451 5142 aut
2480 5089 2841 5156 expiationes,
2888 5088 3107 5144 Iudaeos
3157 5089 3305 5157 ipsos
3346 5088 3665 5155 sacriﬁcari,

2096 5188 2190 5233 aut
2212 5181 2418 5250 expiari
2461 5181 2628 5236 festos
2671 5182 2796 5237 illos
2837 5182 2956 5237 dies
2987 5181 3388 5253 intelligimus?
3418 5180 3667 5250 Jejunio-

2096 5286 2216 5326 rum
2263 5268 2801 5345 superpositionesﬁ)
2830 5268 3006 5339 οὗτος,
3037 5283 3165 5330 sunt
3194 5289 3315 5344 quae
3358 5273 3413 5327 in
3441 5273 3666 5342 jejuniis

2097 5363 2369 5417 abeuntur
2410 5364 2699 5420 dilationes
2750 5364 2893 5431 cibi;
2938 5374 2995 5418 ut
3045 5365 3091 5420 si
3137 5373 3412 5420 certorum
3458 5364 3665 5419 dierum

2096 5455 2436 5525 epulationes
2489 5457 2774 5528 appellem,
2817 5471 2911 5532 eas
2962 5455 3284 5528 signiﬁcem,
3315 5469 3435 5527 qua:
3466 5455 3533 5512 iis
3556 5453 3668 5510 die-
