3938 6214
251 418 370 479 619

1292 415 1665 481 suvunsus
1699 387 2062 485 meum
2104 410 2524 477 ssLMASqu.

3422 407 3534 467 σω

261 537 371 593 bus
415 536 589 593 allisa:
618 534 941 609 illigatzeque
970 534 1104 603 sint,
1132 551 1245 593 non
1295 544 1356 593 ut
1391 534 1664 608 epulanda
1707 533 1845 604 festa
1874 540 1921 607 Α
1950 529 2148 603 πικρός
2182 546 2251 589 ex
2287 531 2611 602 conjectura
2655 528 3019 588 substitutum
3055 536 3198 596 erat,
3247 527 3428 593 calces
3474 529 3531 584 in

265 628 386 698 ipsa
423 627 791 697 prmbeentur.
1002 686 1011 693 κ

333 716 611 783 Quocirca
644 725 757 770 tam
791 717 844 772 in
871 715 1157 787 Epiphanii
1179 716 1302 773 loco
1329 717 1461 786 isto,
1495 724 1550 773 et
1579 716 1684 772 hac
1720 714 1847 787 Epi-

263 808 544 879 phaniana
579 824 711 864 voce
760 808 1096 875 declaranda
1141 810 1331 866 infelix
1375 810 1479 877 ista
1519 810 1643 874 fuit,
1678 823 1845 880 quam

213 898 218 903 ’
263 899 319 953 in
352 900 551 965 altera,
585 901 746 969 cujus
780 903 835 956 in
871 910 1108 958 mentem
1150 904 1312 967 modo
1346 904 1515 969 venit.
1553 901 1760 958 Scribit
1790 902 1846 959 in

263 990 462 1045 haeresi
495 989 906 1058 Dositheorum,
949 1009 1070 1066 pag.
1103 994 1194 1059 50,
1227 993 1593 1066 Epiphanius,
1627 1010 1723 1061 eos
1751 996 1847 1063 ὲγ-

262 1081 634 1152 κρατεύεσθαι
669 1082 810 1156 μετὰ
837 1084 897 1138 τὸ
938 1084 1149 1156 βιῶσαι.
1182 1085 1293 1143 Nos
1324 1086 1522 1157 βιῶσαι
1564 1087 1645 1142 sic
1672 1087 1849 1157 expli-

260 1173 555 1239 cabamus,
595 1178 671 1229 uti
700 1175 1096 1234 subaudiretur
1125 1181 1183 1239 ὲν
1212 1178 1290 1249 τῷ
1324 1179 1509 1250 γάμῳ,
1542 1176 1849 1244 Salmasius

260 1273 457 1329 contra
504 1264 861 1323 Kerkoetium
898 1269 1150 1326 scribens
1192 1270 1488 1335 ridiculum
1521 1269 1629 1337 hoc
1660 1270 1849 1341 appel-

262 1355 337 1410 lat
363 1354 464 1427 (a),
495 1366 555 1411 et
592 1357 792 1413 υῐῶσαι
833 1361 960 1433 legit
992 1378 1007 1416 :
1039 1378 1163 1433 quae
1184 1372 1269 1419 est
1298 1363 1619 1429 Casauboni
1656 1364 1848 1433 conje-

262 1460 418 1502 ctura
464 1447 519 1504 in
558 1448 857 1506 Exercitat.
891 1454 912 1506 1
950 1454 1019 1507 ad
1050 1454 1284 1511 Annales
1332 1455 1577 1510 Baronii.
1625 1455 1733 1513 Sed
1781 1472 1847 1513 ea

263 1538 570 1595 falsissima
633 1551 719 1598 cst
753 1558 974 1615 :neque
1030 1544 1167 1615 quid
1233 1554 1383 1603 esset
1432 1546 1630 1617 βιῶσαι
1700 1546 1849 1617 apud

261 1629 635 1702 Epiphanium
694 1636 857 1692 ambo
920 1638 1449 1701 animadverterunt.
1493 1639 1697 1696 llau'esi
1752 1641 1845 1706 59,

261 1737 416 1776 num.
445 1722 500 1789 4,
534 1740 662 1795 pag.
693 1726 825 1794 496,
862 1727 1201 1799 Epiphanius
1219 1730 1359 1787 idem
1408 1740 1601 1787 contra
1645 1732 1849 1788 Catha-

260 1827 354 1869 ros
387 1828 564 1885 agens
587 1818 682 1887 (b),
715 1834 855 1889 quos
887 1820 1193 1879 Salmasius
1226 1824 1463 1891 annulos
1500 1825 1554 1879 in
1589 1826 1844 1895 pedibus,

1950 637 2052 679 nos
2080 622 2240 689 elidit
2269 637 2334 678 ac
2364 634 2617 692 protervo
2648 623 3017 691 conviciator.
3060 620 3194 678 Item
3239 622 3420 693 capite
3452 619 3535 677 De

1952 714 2214 785 lyncurio,
2246 714 2381 785 quia
2414 730 2518 784 pro
2554 715 2797 786 λιγύριον
2831 716 2892 771 in
2931 716 3177 786 margine
3205 714 3534 787 λυγκούριον

1950 803 2273 860 adnotatum
2296 803 2523 871 reperit,
2552 799 2752 863 eadem
2768 804 2819 858 id
2843 803 3111 860 modestia
3144 803 3528 875 persequitur:

1950 896 2096 968 quod
2136 903 2196 957 et
2246 895 2373 951 aliis
2424 896 2612 950 itidem
2647 896 2701 951 in
2742 895 2878 953 locis
2920 896 3105 953 facere
3134 897 3330 968 pergit.
3362 896 3527 966 Atqui

1949 997 2069 1046 erat
2102 989 2272 1054 illius,
2304 987 2401 1058 qui
2428 986 2743 1057 prudentia:
2769 987 2974 1057 aliquid
3004 987 3253 1051 haberet,
3283 984 3539 1047 animad-

1950 1089 2186 1148 vertere,
2224 1096 2332 1147 non
2372 1082 2511 1147 istas
2536 1081 2606 1143 ab
2628 1079 2845 1138 editore
2872 1081 3231 1148 conjecturas
3252 1093 3383 1135 esse
3409 1090 3542 1148 pro-

1949 1174 2160 1242 fectas;
2198 1175 2290 1241 sed
2324 1182 2614 1242 auctorem
2651 1171 2823 1229 fuisse
2850 1170 3168 1227 Conradum
3201 1169 3537 1225 Gesnerum.

1950 1267 2042 1337 qui
2079 1275 2413 1333 anteantnos
2453 1267 2595 1333 duos
2639 1272 2694 1322 et
2736 1266 3029 1334 sexaginta
3071 1262 3316 1319 libellum
3358 1264 3533 1321 istum

1950 1357 2253 1428 publicavit
2300 1372 2425 1421 cum
2475 1355 2671 1419 Latina
2729 1355 3187 1426 interpretatione
3256 1368 3321 1418 ac
3380 1354 3529 1410 notis

1950 1449 2370 1521 marginalibus,
2396 1465 2519 1520 qua:
2545 1450 2732 1504 omnia
2766 1448 3020 1514 totidem,
3046 1455 3107 1502 ut
3132 1454 3312 1514 erant,
3343 1446 3529 1501 verbis

1952 1540 2327 1615 typographus
2354 1539 2410 1594 in
2432 1546 2677 1599 nostram
2702 1539 3008 1595 editionem
3032 1537 3334 1593 transtulit.
3361 1534 3531 1606 quue

1949 1633 2181 1705 ipsemet
2205 1633 2258 1699 in
2288 1631 2617 1691 Prtefatione
2645 1633 2777 1689 tomi
2806 1632 3033 1689 secundi
3052 1632 3224 1702 (nunc
3246 1629 3416 1702 tertii)
3444 1630 3528 1685 le-

1950 1725 2090 1793 ctori
2127 1725 2453 1797 significavi.
2490 1726 2754 1783 Consulat
2786 1727 2897 1790 ille,
2927 1726 2974 1781 si
3010 1722 3528 1796 lubet,Tigurinam

1951 1817 2247 1881 editionem
2265 1816 2493 1881 Gesneri
2516 1818 2645 1875 anni
2671 1816 2827 1872 1568.
2847 1815 2922 1872 lbi
2938 1816 3125 1877 omnia
3143 1815 3247 1870 ista
3274 1814 3531 1884 reperiet,

257 1904 486 1973 pedules
515 1913 575 1961 et
605 1908 799 1965 bracas
824 1909 879 1973 in
911 1911 1168 1966 manibus
1194 1921 1441 1983 gestasse
1470 1902 1842 1987 κριτικὼτατα
1873 1898 1919 1960 Β
1947 1924 2069 1987 quae
2092 1917 2205 1975 tam
2239 1909 2437 1965 acerbe
2465 1909 2814 1972 criminatur.
2851 1924 2977 1963 cum
3007 1907 3101 1962 ma
3130 1907 3247 1978 ίρεει
3276 1908 3533 1963 cautione

258 1996 576 2066 divinabat,
613 1998 871 2056 Ecclesiae
911 2003 1199 2059 catholicae
1235 2019 1442 2060 morem
1485 2005 1679 2069 refert,
1721 2020 1845 2077 quae

259 2091 540 2145 neminem
579 2093 839 2161 conjugio
880 2094 1220 2166 implicatum
1267 2097 1337 2153 ad
1383 2113 1578 2156 sacros
1616 2099 1845 2165 ordines

260 2180 523 2248 admittit,
554 2184 661 2237 nisi
693 2185 761 2239 ab
784 2201 954 2241 uxore
975 2189 1255 2244 contineat
1279 2209 1293 2244 :
1336 2189 1496 2244 Ἀλλὰ
1522 2190 1617 2244 καὶ
1642 2191 1733 2255 τὸν
1757 2190 1838 2244 ἔτι

259 2272 503 2343 βιοῦντα,
546 2277 640 2333 καὶ
668 2278 1108 2346 τεκνογονοῖινταφ
1143 2282 1271 2351 μιᾶς
1308 2281 1565 2351 γυναικὸς
1596 2282 1726 2337 ὄντα
1753 2282 1845 2337 ἄν⁴

258 2363 380 2435 δρα,
424 2366 486 2419 οὐ
528 2366 764 2435 δέχεται,
798 2369 936 2424 ἀλλὰ
983 2370 1089 2425 ἀπὸ
1140 2373 1269 2443 μιᾶς
1315 2367 1845 2445 ὲγκρατευσάμενονέ

262 2454 393 2525 Quis
430 2459 540 2514 hoc
576 2459 699 2514 loco
731 2458 949 2529 βιοῦντα
997 2462 1052 2516 in
1099 2463 1319 2518 υῑοῦντα
1360 2467 1678 2520 convertat?
1703 2463 1844 2521 Nam

262 2548 497 2606 subinde
549 2552 968 2620 τεκνογονοῦντα
1010 2555 1267 2623 subjecit.
1318 2555 1421 2612 Hic
1471 2558 1641 2629 igitur
1688 2559 1846 2616 locus

263 2639 561 2710 utriusque
585 2642 763 2695 critici
789 2643 1067 2714 ἀστοχίαν,
1104 2646 1277 2701 nostri
1311 2661 1443 2703 vero
1473 2648 1844 2705 temeritatem

259 2730 427 2795 etiam
472 2733 675 2802 arguit.
737 2733 1029 2791 Enimvero
1077 2737 1228 2807 βιοῦν
1279 2740 1609 2810 simpliciter
1656 2750 1745 2798 est
1789 2742 1845 2797 in

262 2825 605 2878 matrimonio
623 2825 808 2896 degere
861 2838 913 2884 et
945 2831 999 2883 in
1030 2831 1297 2895 sa'culari,
1328 2832 1480 2904 quod
1515 2833 1689 2901 aiunt,
1715 2835 1842 2888 vita.

264 2912 341 2967 Ita
368 2911 489 2983 βίον
518 2930 620 2984 pro
643 2915 748 2970 hoc
773 2919 897 2973 vitae
925 2935 1145 2990 genere,
1181 2930 1236 2976 et
1265 2921 1519 2992 βιωτικόν
1547 2939 1648 2997 pro
1664 2940 1846 2992 saecu-

264 3004 363 3061 lari
406 3014 465 3061 et
508 3007 809 3079 conjngato
848 3012 1054 3081 passim
1098 3013 1533 3085 Chrysostomus
1584 3027 1842 3089 usurpat.

262 3095 340 3151 Ex
385 3097 604 3154 infinita
652 3101 809 3171 copia
844 3118 990 3157 unus
1024 3103 1092 3158 ad
1120 3119 1351 3169 manum
1397 3106 1631 3180 insignis
1682 3111 1844 3166 modo

1946 2001 2133 2072 operis
2144 2001 2302 2056 initio
2313 2002 2531 2071 praeﬁxa
2549 2020 2562 2056 :
2579 2000 2915 2072 Harginibus
2930 2001 3118 2072 (verba
3134 2010 3264 2057 sunt
3277 2001 3527 2066 Gesneri,

1946 2106 2058 2149 non
2082 2092 2295 2164 nostra)
2323 2092 2568 2163 quadam
2600 2109 2667 2148 ea:
2694 2094 3001 2163 conjectura
3034 2094 3420 2164 ascripsimus;
3443 2093 3531 2145 id-

1946 2198 2045 2254 que
2090 2200 2386 2248 monemus,
2423 2202 2489 2241 ne
2531 2187 2651 2256 quis
2686 2185 2950 2242 diversam
2990 2186 3264 2241 lectionem
3301 2187 3532 2240 aliorum

1946 2273 2186 2333 codicum
2217 2276 2503 2331 existimet.
2536 2275 2657 2331 Non
2705 2292 2807 2333 nos
2848 2276 3055 2348 itaque,
3089 2276 3185 2333 sed
3225 2276 3530 2332 Gcsnerum

1946 2365 2257 2425 maledictis
2299 2375 2520 2436 onerat,
2551 2384 2584 2425 e
2629 2368 2793 2439 cujus
2820 2368 3071 2425 editione
3115 2370 3221 2425 ista
3262 2370 3531 2433 translata

1947 2463 2098 2513 sunt.

2016 2550 2088 2604 At
2128 2550 2293 2617 etiam
2341 2550 2410 2607 de
2464 2551 2753 2623 smaragdo
2797 2551 3151 2608 Kerkoetium
3214 2552 3534 2625 perstringit

1945 2643 2144 2709 obiter,
2193 2659 2356 2715 quem
2403 2644 2479 2699 ait
2503 2643 2582 2716 (ά)
2633 2645 3043 2716 conchyliatum
3085 2645 3327 2699 colorem
3368 2644 3537 2714 lapidi

1946 2737 2024 2803 illi
2059 2738 2321 2793 tribuere.
2348 2736 2463 2793 lloc
2487 2753 2617 2793 vero
2662 2739 2939 2793 calumnia
2979 2746 3085 2794 est.
3117 2736 3238 2792 Non
3264 2738 3368 2792 hoc
3396 2740 3539 2795 scri-

1946 2834 2100 2896 ptum
2126 2826 2196 2880 ab
2229 2826 2324 2880 illo
2356 2835 2440 2880 est
2474 2826 2689 2896 uspiam
2719 2845 2733 2882 :
2769 2826 2868 2881 sed
2897 2841 3056 2882 error
3079 2834 3209 2880 tuus
3234 2827 3307 2880 ab
3337 2824 3532 2881 eodem

1946 2920 2144 2974 merito
2199 2918 2605 2988 reprehensus,
2658 2918 2755 2988 qui
2806 2932 3074 2988 pavonem
3117 2932 3150 2971 ι
3189 2916 3536 2972 Tertulliane

1949 3008 2090 3075 libro
2118 3008 2196 3062 De
2233 3010 2401 3079 pallio
2426 3009 2690 3079 graphice
2720 3008 3002 3078 depictum
3034 3018 3145 3062 tam
3182 3008 3417 3063 feliciter
3443 3008 3533 3063 in.

1950 3100 2347 3170 terpretabare,
2385 3108 2445 3154 ut
2477 3100 2601 3171 ejus
2642 3101 2847 3155 collum
2894 3115 3140 3171 purpura
3185 3099 3445 3165 tinctum,
3475 3106 3534 3153 et

260 3186 417 3245 lorus
447 3197 537 3246 est
560 3198 713 3245 tomo
743 3189 810 3245 Vl
840 3194 1101 3250 editionis
1136 3195 1427 3254 Savilianae
1451 3198 1600 3253 hom.
1636 3198 1687 3268 7,
1716 3214 1839 3270 pag.
1869 3229 1915 3291 ο
1948 3194 2171 3265 quidem
2221 3201 2413 3250 satura
2463 3209 2529 3248 ac
2575 3209 2725 3291 mera
2764 3209 2889 3251 esse
2928 3194 3176 3291 diceres,
3217 3194 3532 3291 cujusmodi

261 3278 385 3342 80l,
425 3295 577 3337 vers.
611 3280 716 3335 ὅδε
751 3280 888 3348 Περὶ
901 3281 1549 3357 μετανοίαςκαὶεύχῆς.
1575 3285 1666 3341 Sic
1695 3288 1840 3343 enim

1947 3283 2108 3357 Tyria
2132 3296 2214 3341 est
2235 3301 2300 3342 ac
2345 3286 2606 3356 dibapha.
2653 3284 2879 3359 Recole,
2894 3286 3217 3356 sodes,qua.~
3246 3286 3305 3340 in
3343 3285 3534 3342 Masti-

262 3370 511 3441 loquitur
536 3390 551 3427 :
582 3366 755 3439 Οὗτος
792 3373 849 3427 δέ
891 3391 982 3444 μοι
1013 3374 1041 3426 ὁ
1066 3374 1225 3445 λόγος
1255 3376 1315 3430 οὐ
1350 3378 1487 3451 πρὸς
1518 3379 1648 3443 τοὺς
1678 3380 1738 3435 ὲν
1764 3380 1845 3453 τῷ

246 3461 362 3534 βίῳ
392 3462 814 3535 ἐξεταζομένους
842 3466 1002 3535 μόνον
1030 3466 1196 3533 ἐστὶν,
1231 3467 1366 3521 ἀλλὰ
1409 3468 1505 3523 καὶ
1546 3470 1683 3544 πρὸς
1717 3475 1845 3538 τοὺς

261 3553 319 3613 ὲν
349 3556 461 3617 τοῖς
488 3554 638 3625 ὄρεσι
670 3554 766 3619 τὰς
805 3554 1014 3617 ἑαυτῶν
1056 3556 1297 3620 καλύϐας
1336 3559 1704 3631 πηξαμένους.
1731 3561 1845 3629 Nec

260 3644 599 3703 omittendus
637 3645 704 3700 ad
754 3648 894 3702 idem
930 3651 1216 3721 negotium
1244 3649 1476 3707 Achillis
1511 3652 1654 3707 Tatii
1684 3654 1843 3712 locus

236 3740 364 3800 ‘est,
394 3737 485 3792 ubi
512 3738 579 3792 de
600 3737 861 3801 Canicula
893 3758 906 3794 :
933 3742 1036 3793 Τὸν
1075 3741 1228 3796 Κύνα
1259 3743 1440 3813 μέντοι
1468 3745 1674 3817 ἀστέρα
1711 3745 1844 3801 ὅντα

260 3826 318 3878 ὲν
347 3826 429 3895 τῷ
458 3826 558 3898 βίῳ
581 3826 778 3899 ἄστρον
805 3829 1053 3901 λέγομεν·
1091 3831 1360 3887 Canicula:
1394 3833 1605 3888 stellam
1634 3837 1844 3907 proprie

259 3925 475 3975 astrum
502 3919 770 3987 nominari
798 3922 873 3975 ait
902 3923 955 3975 in
982 3922 1111 3986 vita,
1143 3923 1249 3979 hoc
1270 3932 1358 3978 est
1405 3926 1568 3997 vulgo
1589 3935 1642 3982 et
1668 3943 1843 3999 popu-

260 4006 477 4060 lariter.
523 4005 579 4059 In
620 4007 746 4064 aliis
786 4008 1109 4078 fragmentis
1142 4027 1286 4082 quae,
1331 4020 1487 4082 puto,
1530 4023 1660 4070 sunt
1684 4017 1845 4087 ejus-

258 4095 386 4150 dem
424 4095 566 4150 Tatii
599 4116 612 4151 :
654 4098 813 4151 Ἀλλὰ
843 4100 950 4172 μὴν
976 4103 1069 4156 καὶ
1094 4104 1152 4157 ὲν
1179 4103 1259 4174 τῷ
1285 4103 1386 4179 βίῳ
1414 4108 1592 4177 φαμὲν
1622 4107 1715 4163 τὸν
1744 4109 1844 4164 Δία

259 4184 377 4239 ὕειν
399 4203 415 4216 °
445 4188 724 4245 Communi
754 4192 892 4246 inter
918 4191 1152 4249 homines
1182 4180 1289 4250 usu
1312 4197 1558 4266 loquendi
1582 4198 1839 4270 dicimus,

255 4280 443 4346 pluere
474 4278 681 4337 Jovem.

869 4421 1106 4479 CAPUT
1150 4425 1231 4480 Vl.

261 4528 521 4607 Salmasii
541 4531 721 4602 iniqua
751 4532 1062 4607 obtrectatio
1089 4534 1409 4603 discutitur;
1437 4537 1672 4607 ejusdem
1695 4541 1835 4595 mul-

333 4601 535 4668 tiplices
581 4601 808 4679 errores.
849 4605 937 4679 _I)e
976 4608 1193 4679 pavonis
1242 4601 1399 4672 collo,
1448 4601 1719 4679 conchylio
1773 4629 1838 4667 ac

328 4686 584 4749 purpura.
636 4674 779 4749 Quid
813 4676 917 4749 sint
951 4678 1249 4749 (flataclita;
1286 4695 1503 4749 eamque
1536 4674 1710 4735 vocem
1738 4684 1838 4736 ad-

316 4744 506 4810 jective
538 4747 695 4798 sumi.
742 4745 882 4811 Quid
930 4748 1001 4799 sit
1031 4748 1185 4812 πίνος
1217 4750 1273 4802 in
1304 4744 1564 4818 aratione,
1591 4752 1839 4808 declara-

331 4822 441 4864 tur.

328 4922 401 4979 Ut
446 4940 515 4979 ne
556 4925 826 4994 judicium
873 4929 1140 4986 duntaxat
1182 4941 1237 4989 et
1282 4936 1685 5007 eruditionem,
1737 4940 1835 5007 sed

257 5017 549 5071 candorem
581 5021 746 5073 etiam
776 5031 830 5075 et
857 5021 1178 5081 civilitatem
1220 5027 1585 5086 Salmasianis
1623 5046 1654 5085 a
1693 5034 1836 5088 scri-

259 5106 366 5174 ptis
389 5106 585 5165 abesse
603 5110 831 5176 sentias,
857 5123 1005 5166 certa
1028 5113 1131 5169 hoc
1151 5116 1205 5170 in
1225 5119 1406 5187 capite
1427 5122 1604 5176 morbi
1627 5123 1836 5180 utrius-

259 5212 363 5268 que
392 5210 715 5269 argumenta
750 5204 1028 5272 colligam.
1065 5205 1502 5277 Epiphanianam
1533 5213 1830 5270 editionem

258 5298 502 5344 nostram
539 5292 748 5362 aliquot
783 5294 921 5353 locis
950 5296 1171 5351 vellicat
1201 5300 1271 5371 (c)
1312 5302 1364 5355 in
1407 5304 1546 5359 libro
1586 5305 1661 5359 De
1688 5323 1832 5377 gem-

258 5379 379 5442 mis,
416 5388 475 5433 ut
513 5381 566 5434 in
597 5384 774 5453 capite
824 5381 897 5438 De
925 5388 1231 5458 smaragdo.
1266 5390 1342 5446 lbi
1369 5393 1497 5463 quia
1525 5397 1829 5456 variantem

256 5465 312 5521 in
344 5471 590 5542 margine
624 5473 916 5529 lectionem
961 5476 1208 5546 oll'endit,
1257 5483 1314 5538 in
1351 5500 1460 5557 qua
1500 5489 1696 5561 μικρός
1728 5505 1833 5563 pro

265 5662 268 5666 .
323 5608 401 5693 ςᾳ)
441 5609 500 5693 [η
531 5611 935 5693 Confutatione,
965 5637 1020 5693 p.
1054 5622 1143 5681 30.

347 5678 399 5760 ὁ)
433 5679 587 5760 "Sept.
620 5700 694 5748 Ix.
721 5704 839 5760 pag.
859 5678 948 5745 65.

344 5749 401 5874 Ἄ
431 5749 662 5874 ἓδΙιηιιε.
690 5749 935 5828 ρὲιςῗ209
973 5763 1032 5818 Β.

474 5822 668 5874 almas.
703 5843 821 5874 mm-
860 5832 965 5874 495

384 5820 401 5874 l
434 5819 668 5878 Salmas.
690 5819 821 5898 "pa'g.
860 5832 986 5890 {95.

492 5916 764 5983 Panos.
799 5923 916 5987 Gn.
963 5928 1186 5997 XLIII.
1251 5956 1257 5962 ·

1945 3375 2189 3447 gophoro
2222 3375 2389 3431 tertio
2420 3377 2521 3432 tibi
2562 3376 2893 3435 Kerkoetius
2924 3377 3178 3447 reposuit
3199 3376 3306 3448 (c);
3336 3384 3532 3433 contra

1944 3485 2107 3540 quem
2149 3476 2489 3540 postremum
2526 3470 2726 3524 librum
2755 3470 2893 3525 nihil
2922 3471 3197 3527 hactenus
3226 3472 3442 3527 hiscere
3466 3486 3530 3529 es

1944 3576 2133 3627 ausus.
2159 3561 2236 3616 Ex
2265 3577 2331 3617 eo
2355 3576 2657 3633 cognosces
2680 3578 2844 3634 quam
2858 3563 3096 3635 sinistre
3126 3562 3527 3619 Tertullianum

1943 3656 2229 3726 acceperis
2264 3654 2317 3709 in
2346 3654 2505 3711 Notis
2549 3655 2623 3710 ad
2662 3657 2787 3727 ejus
2834 3656 3095 3721 Pallium,
3143 3665 3197 3713 et
3237 3658 3353 3721 haec
3386 3659 3531 3713 illius

1942 3748 2109 3807 verba
2140 3767 2153 3803 :
2193 3748 2513 3820 Quanquam
2545 3758 2597 3804 et
2634 3765 2768 3818 pavo
2797 3750 2981 3820 pluma
3020 3752 3200 3817 vestis,
3233 3761 3282 3806 et
3313 3751 3525 3822 quidem

1943 3839 2006 3901 de
2035 3841 2302 3896 cataclitis
2341 3859 2360 3896 :
2404 3844 2510 3897 imo
2557 3845 2704 3897 onmi
2747 3844 3021 3914 conchylio
3063 3844 3381 3913 depressior.
3419 3860 3527 3915 qua

1943 3935 2082 3987 colla
2118 3935 2350 4003 ﬂorent:
2388 3944 2438 3989 et
2476 3937 2621 3989 omni
2641 3938 2854 4007 patagio
2883 3937 3205 3997 inauratior,
3245 3953 3352 4006 qua
3381 3946 3527 4005 terga

1944 4026 2166 4095 fulgent.
2199 4026 2331 4092 Quae
2378 4036 2434 4081 tu
2474 4029 2555 4083 sic
2604 4028 2657 4082 in
2706 4030 2853 4084 notis
2901 4045 2955 4099 p.
2993 4029 3097 4083 156
3137 4030 3402 4099 explicas,
3444 4032 3523 4085 uti

1943 4116 2086 4177 collo
2118 4117 2241 4184 pavi
2274 4133 2483 4171 merum
2522 4134 2783 4188 purpura:
2806 4108 3046 4177 colarem
3074 4136 3137 4174 ac
3171 4122 3353 4176 lumen
3386 4126 3527 4177 assi-

1944 4224 2096 4278 gnes.
2126 4206 2303 4263 Verba
2331 4218 2424 4263 tua
2454 4218 2586 4264 sunt
2621 4210 2687 4279 (f)
2719 4228 2733 4264 :
2760 4209 3107 4281 Cunchylium
3137 4212 3235 4266 hoc
3261 4212 3374 4266 loco
3405 4231 3525 4267 ma-

1941 4303 2024 4374 gis
2056 4310 2155 4363 est,
2201 4312 2258 4355 ut
2298 4302 2367 4355 sit
2412 4302 2687 4372 conchylia
2715 4304 2821 4358 sive
2847 4305 3186 4375 conchyliata
3224 4307 3403 4368 vestis,
3448 4307 3525 4359 vel

1943 4396 2313 4467 conchyliatus
2339 4398 2508 4459 color,
2544 4412 2698 4466 quem
2730 4413 2763 4450 a
2790 4412 3028 4465 purpura
3052 4413 3256 4466 semper
3282 4408 3525 4456 auctores

1942 4489 2251 4545 distinxere.
2290 4490 2432 4542 Nam
2462 4490 2796 4561 conchylium
2828 4492 3022 4547 co.’oris
3056 4509 3217 4562 genus
3246 4503 3323 4547 est
3356 4494 3524 4547 multo

1869 4563 1916 4620 θ
1944 4579 2200 4649 pallidius
2231 4580 2557 4653 dilutiusque
2585 4597 2842 4651 purpura.
2880 4581 2950 4637 Ut
2982 4585 3176 4637 mirum
3219 4602 3322 4639 non
3361 4586 3431 4639 sit
3476 4586 3525 4639 si

1936 4674 2077 4728 colla
2124 4690 2407 4744 pavonum,
2437 4693 2554 4746 quae
2596 4694 2741 4732 mero
2784 4694 3035 4747 purpura:
3073 4679 3271 4734 lumine
3307 4681 3519 4749 ﬂorent,

1939 4766 2085 4819 omni
2125 4765 2401 4834 conchylio
2433 4769 2697 4839 vegetiora
2737 4770 2931 4823 dixerit
2970 4768 3373 4835 Tertullianus;
3401 4788 3521 4824 cum

1939 4856 2215 4927 conchylia
2245 4860 2426 4917 omnia
2456 4861 2796 4915 saturitatem
2825 4862 2981 4915 illam
3013 4864 3165 4932 floris
3205 4879 3269 4916 ac
3303 4864 3520 4918 luminis

1939 4965 2045 5007 non
2071 4949 2319 5013 habeant,
2351 4969 2512 5023 quam
2559 4953 2713 5008 habet
2756 4970 3019 5026 purpura.
3074 4956 3243 5027 Igitur
3284 4955 3338 5009 in
3378 4956 3521 5011 collo

1939 5043 2169 5113 pavonis
2206 5045 2386 5100 inesse
2425 5046 2601 5102 sentis
2634 5062 2746 5102 non
2776 5046 3208 5120 conchyliatum,
3248 5047 3362 5104 hoc
3410 5056 3517 5115 est,

1938 5133 2172 5190 dilutum
2210 5151 2274 5190 ac
2301 5137 2641 5207 pallidiorem
2667 5139 2929 5204 colorem,
2962 5141 3057 5196 sed
3084 5156 3421 5211 purpureum
3450 5157 3515 5196 ex

1936 5227 2028 5285 illa
2065 5244 2212 5283 mera
2246 5238 2301 5285 et
2334 5237 2522 5285 satura
2562 5248 2826 5303 purpura.
2848 5232 2971 5288 almo
3001 5249 3131 5289 vero
3160 5235 3309 5289 hanc
3339 5234 3514 5306 ipsam

1937 5337 2236 5391 purpuram
2269 5323 2489 5394 Tyriam
2530 5342 2656 5381 esse
2688 5340 2753 5382 ac
2781 5326 3077 5397 dibaphum
3119 5328 3250 5382 alibi
3281 5326 3514 5380 demon-

1937 5419 2083 5467 stras
2103 5412 2246 5484 (pag.
2271 5415 2392 5473 126.
2419 5417 2541 5488 127)
2563 5416 2659 5489 (g).
2693 5434 2817 5474 cum
2838 5418 3026 5475 ﬂorem
3049 5419 3201 5473 illum
3220 5417 3516 5488 conchylio

1936 5506 2273 5577 pressiorcm
2303 5508 2359 5562 in
2384 5510 2527 5565 collo
2555 5512 2786 5581 pavonis
2806 5514 3156 5571 concolorem
3178 5526 3300 5567 esse
3319 5510 3512 5581 dispu-

2005 5644 2078 5721 (ς)
2104 5645 2234 5721 135's-
2272 5648 2340 5704 ’⁷2
2367 5666 2486 5721 sqq-

2113 5716 2258 5792 l_£dit.
2290 5716 2602 5777 novissimae
2630 5740 2681 5792 p.
2713 5724 2834 5777 184.

2009 5788 2083 5858 (g)
2112 5787 2254 5845 Edit.
2292 5793 2603 5847 novissimae
2627 5787 2681 5862 ᾗ).
2714 5793 2837 5848 175.
