3938 6214
381 363 495 421 681·

1712 358 1927 431 τῦιοιν.
1972 362 2319 430 l'ETAVlUS

2252 239 2270 243 νς
2285 236 2311 242 Α.
2323 234 2423 244 ...φάν

3554 350 3672 423 δὲἱῖ

384 490 471 537 tas
516 481 870 553 Bahylonicis
912 484 1160 538 vestibus
1201 484 1601 543 tricliniaribus
1632 496 1726 545 aut
1753 492 1976 548 accubi-
2004 492 2049 554 Α
2081 491 2245 548 modo
2277 504 2478 546 vexare
2522 488 2730 545 studet.
2776 474 3084 543 Verissime
3131 484 3327 540 scribit
3368 488 3513 549 esse,
3543 498 3670 553 quae

384 575 614 645 talibus,
660 592 800 647 quas
847 576 1123 646 dibaphas
1171 576 1370 650 Tyrias
1420 596 1545 637 esse
1588 584 1865 655 signiﬁcas
1903 600 1971 641 ex

383 666 643 723 Cornelio
670 665 880 736 Nepote
903 667 1048 738 apud
1079 667 1321 754 Plinium
1348 671 1444 727 lib.
1471 688 1550 741 Ix,
1581 690 1703 745 cap.
1735 676 1825 732 '59.
1854 679 1972 745 Qua

386 757 441 811 in
470 757 934 828 interpretatione
975 758 1177 831 duplex
1221 771 1315 818 est
1344 772 1574 834 stupor.
1614 765 1883 837 Primum,
1925 771 1972 827 si

386 848 511 902 ideo
538 847 913 905 Tertullianus
945 852 1151 906 collum
1187 856 1417 923 pavonis
1448 858 1697 928 quolibet
1728 863 1973 934 conchy-

384 938 459 993 lio
493 939 740 1010 vegutius
766 956 892 998 esse
911 942 1071 1009 dicit,
1100 946 1232 1016 quia
1261 962 1565 1019 purpuram
1590 966 1822 1018 meram,
1852 966 1974 1024 quae

386 1030 576 1102 utique
613 1032 906 1104 conchylio
936 1037 1188 1108 vegetior
1218 1050 1325 1106 est,
1361 1040 1467 1097 hoc
1498 1042 1706 1101 lumine
1736 1047 1975 1103 antecel-

385 1122 447 1177 lit
479 1140 495 1189 ;
539 1125 771 1194 perinde
818 1125 972 1181 illum
1015 1127 1334 1199 loquentem
1374 1130 1532 1200 facis,
1561 1149 1627 1190 ac
1660 1135 1706 1190 si
1744 1136 1971 1203 diceret,

384 1211 650 1272 Helenam
703 1216 831 1272 nive
881 1232 1007 1274 esse
1059 1218 1460 1288 candidiorem,
1516 1225 1630 1281 imo
1689 1236 1844 1284 creta
1890 1229 1975 1286 vel

382 1321 576 1376 gypso.
611 1307 757 1374 Quid
783 1308 928 1363 enim
948 1308 1153 1365 mirum
1167 1320 1271 1375 est,
1298 1312 1449 1385 quod
1471 1315 1543 1372 sit
1560 1332 1804 1390 purpura
1825 1336 1977 1376 mera

388 1404 688 1467 suturaque
729 1399 1047 1463 micantius,
1095 1401 1150 1457 id
1179 1403 1343 1461 etiam
1371 1409 1681 1483 conchylio,
1709 1414 1854 1483 quod
1882 1430 1979 1484 per

386 1503 451 1543 se
493 1489 723 1546 dilutius
785 1498 842 1547 et
884 1492 1139 1562 pallidins
1185 1504 1291 1562 est,
1334 1514 1458 1557 esse
1503 1504 1786 1574 vegetius?
1838 1504 1975 1562 Nam

388 1580 661 1649 particula
684 1581 796 1635 imo
816 1597 1016 1653 augere
1040 1587 1363 1656 rem‘debet,
1395 1601 1451 1647 et
1476 1594 1655 1664 majus
1683 1583 1891 1668 aliquid
1921 1599 1978 1654 in

387 1668 581 1729 eodem
613 1685 811 1743 genere
853 1673 1343 1748 vehementiusque
1393 1678 1688 1752 subjicere.
1731 1691 1801 1741 At
1845 1694 1979 1742 con:

389 1762 573 1834 cbylio
588 1779 788 1835 genere
813 1764 932 1835 ipso
962 1768 1120 1840 longe
1150 1785 1395 1842 purpura
1427 1775 1664 1831 vividior
1677 1788 1781 1846 est,
1813 1781 1977 1836 adco—

2078 584 2294 653 primus
2338 581 2406 637 de
2454 581 2705 637 vocabuli
2763 579 2922 635 πίνου
2970 577 3373 649 signiﬁcatione
3425 575 3668 645 aperuit,

2075 675 2341 747 quidquid
2365 681 2560 729 contra
2590 673 2889 729 blatterent
2911 654 3023 725 alii.
3051 671 3165 739 Age
3195 680 3349 740 ergo,
3382 668 3671 722 videamus

2075 766 2542 841 quemadmodum
2572 779 2811 836 purgare
2847 763 2937 818 illa
2980 762 3177 833 possit,
3213 774 3337 829 quas
3365 773 3532 829 super
3556 758 3670 813 ista

2075 876 2206 918 voce
2220 858 2546 916 Kerkoetius
2572 858 2622 914 ei
2642 856 2833 928 objicit
2855 856 2908 909 in
2921 854 2966 908 Μ
2977 853 3328 925 astigophoro
3339 853 3373 906 3
3396 850 3467 921 (c)
3494 869 3510 905 :
3538 865 3669 904 nam

2077 953 2381 1009 Salmasius
2412 953 2471 1007 in
2516 936 2911 1006 Confutatione
2978 946 3343 1001 Animadvers.
3385 942 3670 999 Kerkoetii

2078 1032 2285 1108 censet,
2309 1044 2379 1100 ab
2401 1024 2878 1120 Halicarnassensi
2902 1038 3165 1111 Dionysio
3195 1038 3350 1093 πίνον
3379 1038 3668 1110 ἀρχαῖκόν,

2078 1135 2196 1190 sive
2254 1132 2441 1205 χνοῦν,
2498 1132 2703 1203 opponi
2754 1146 2985 1187 suorum
3024 1140 3335 1200 temporum
3378 1128 3673 1204 rhetorica:

2077 1225 2334 1281 imbecilli
2395 1216 2453 1282 et
2498 1224 2709 1280 viribus
2746 1223 2974 1278 carenti.
3012 1220 3195 1284 "Hanc,
3240 1220 3439 1291 inquit,
3472 1216 3672 1273 distiu-

2079 1320 2192 1389 guit
2225 1316 2291 1372 ab
2320 1306 2586 1388 ὶίίοπίνῳ
2615 1315 2894 1369 rhetorice
2926 1312 3186 1382 antiqutc,
3219 1326 3336 1380 qua:
3365 1306 3524 1380 fortis
3553 1320 3672 1364 erat

2078 1418 2128 1465 et
2161 1408 2401 1464 mascula
2457 1396 2786 1478 multumque
2814 1403 2922 1458 arti
2947 1414 2996 1458 et
3030 1402 3401 1458 exercitationi
3427 1400 3670 1467 debebat,

2078 1514 2197 1556 cum
2220 1501 2327 1556 ‘illa
2364 1487 2577 1556 econtra
2610 1484 2788 1554 recens
2826 1494 3047 1551 dicendi
3087 1495 3248 1560 ratio,
3278 1510 3393 1564 qua:
3421 1492 3674 1565 Dionysii

2083 1584 2404 1667 temporibus
2450 1594 2674 1666 vigebat,
2719 1578 2870 1646 nulla
2930 1600 3045 1644 arte
3080 1596 3373 1665 constaret,
3413 1585 3502 1642 sed
3556 1591 3672 1642 solo

2081 1689 2276 1759 impetu
2297 1707 2317 1757 ;
2338 1698 2403 1743 etc
2439 1668 2827 1755 temporatitate
2853 1684 3191 1755 quippe'tunc
3215 1673 3504 1751 plurimum
3537 1695 3673 1750 gau-

2081 1782 2275 1837 debant
2307 1778 2634 1849 :fundebunt
2677 1777 2877 1845 itaque,
2918 1780 3024 1829 non‘
3064 1771 3345 1836 dicebant;
3370 1770 3672 1853 ¹ἐμοῦντες,

388 1873 517 1926 que,
544 1858 697 1927 quod
724 1873 788 1915 ea
825 1869 987 1929 putas
1020 1862 1286 1918 infectum
1311 1880 1455 1933 esse,
1488 1870 1689 1925 collum
1728 1873 1976 1943 pavonis.

2091 1874 2189 1928 οὔκ
2210 1846 2592 1945 ἁκριξὶοὗντες.
2613 1867 2729 1923 Ηοο
2768 1881 2894 1922 cum
2931 1865 3197 1921 scriberet
3227 1850 3552 1925 Salmasius,
3577 1878 3673 1917 ne-

390 1948 503 2004 Est.
524 1950 701 2022 igitur;
726 1952 1070 2025 ineptissima
1116 1958 1221 2015 ista
1259 1958 1546 2016 collectio:
1588 1963 1813 2032 perinde
1838 1980 1903 2022 ac
1932 1966 1985 2022 si’

387 2043 529 2111 quis:
553 2051 767 2114 poetam
817 2049 1132 2118 quempiam
1196 2051 1427 2108 laudans
1480 2055 1983 2128 asserat,‘Virgilio

389 2137 821 2204 pmtantiorum
860 2155 1025 2203 esse,
1067 2143 1177 2197 imo
1215 2141 1455 2199 Lucano.
1506 2143 1783 2214 Secundo,
1833 2148 1987 2219 quod

389 2231 619 2300 pavonis
646 2232 852 2286 collum
884 2234 971 2287 vel
1019 2249 1167 2289 mera
1218 2243 1521 2307 suturaque
1568 2253 1840 2309 purpura,
1891 2240 1988 2295 vel‘

390 2318 585 2377 eadem
609 2320 771 2393 Tyria
799 2336 863 2376 ac
886 2322 1125 2394 dibapha
1156 2324 1387 2380 tinctum
1415 2341 1538 2382 esse
1561 2328 1667 2392 vis,
1696 2324 1985 2399 pueriliter

394 2410 640 2466 aberras.
663 2410 799 2478 Quis
824 2427 1088 2481 pavonem
1116 2414 1256 2469 vidit
1284 2432 1524 2486 unquam
1550 2433 1674 2472 cum
1712 2432 1984 2489 purpureo

393 2503 539 2557 collo
569 2509 625 2558 et
658 2504 874 2558 cecc-ini
925 2504 1101 2561 instar
1140 2507 1404 2563 rubente?
1440 2511 1864 2582 Couehyliatum
1900 2522 1984 2568 est

396 2593 628 2662 pavonis
654 2595 878 2658 collum.
913 2612 977 2651 ac
1007 2597 1172 2652 simul
1209 2598 1373 2653 viridi
1413 2609 1468 2655 et
1508 2601 1861 2672 smaragdino
1891 2617 1987 2658 (εοε

397 2682 533 2740 lore
564 2692 948 2755 temperatum,
1002 2699 1060 2744 ut
1109 2706 1175 2744 ex
1227 2690 1458 2747 Pluedro
1502 2699 1560 2748 et
1605 2691 1759 2749 Phile
1796 2693 1986 2750 docuit

399 2772 843 2846 Mastigophorus
871 2777 979 2834 ille.
1021 2778 1135 2834 lmo
1167 2782 1263 2851 qui
1301 2784 1493 2838 oculos
1517 2791 1591 2845 et,
1621 2799 1733 2853 qno
1766 2785 1833 2841 iis
1863 2797 1987 2840 uta-

395 2873 510 2933 tur,
539 2883 886 2925 communem
923 2887 1148 2928 sensum
1183 2873 1371 2940 habet,
1405 2875 1479 2929 ita
1514 2875 1806 2946 judicahit.
1837 2876 1988 2943 Quo-

396 2959 543 3017 circa
574 2965 1123 3036 non'smaragdinum
1149 2970 1391 3023 colorem
1414 2971 1820 3041 conchyliatum
1850 2972 1988 3027 dixit

398 3067 521 3110 esse
553 3053 902 3120 Kerkoetius,
945 3068 1004 3113 ut
1039 3060 1263 3131 nugaris
1289 3104 1303 3126 ,
1336 3061 1432 3116 sed
1471 3077 1595 3115 cum
1632 3061 1987 3132 smaragdino

2084 1960 2536 2036 queintelliguhat
2554 1960 2801 2031 proiecto
2819 1956 2949 2029 quid
2968 1956 3258 2020 scriberet,
3277 1964 3329 2011 et
3347 1949 3672 2027 Dionysium

2085 2057 2628 2112 Halicarnassensem
2690 2050 2856 2106 nimis
2879 2038 3078 2120 rdptim
3106 2049 3335 2119 legerat.
3352 2045 3502 2101 Nihil
3528 2046 3671 2101 enim

2085 2150 2258 2222 magis
2283 2155 2475 2205 contra
2503 2143 2790 2216 scripturis
2816 2142 2967 2199 illius
2996 2153 3233 2198 mentem
3263 2139 3446 2197 aﬂ‘erri
3474 2140 3673 2212 potuit,

2084 2261 2247 2317 quam
2286 2244 2432 2315 quod
2471 2243 2565 2298 illo
2600 2241 2780 2313 capite
2803 2239 3089 2297 disseruit.
3128 2236 3343 2309 Quippe
3376 2236 3675 2308 Dionysius

2086 2336 2355 2411 triplicem
2385 2335 2602 2392 dicendi
2649 2334 3023 2391 characterem
3060 2331 3258 2387 Statuit
3290 2348 3303 2385 :
3351 2330 3567 2402 primus
3594 2335 3675 2385 est

2086 2428 2384 2502 αὐστηρός,
2408 2437 2673 2490 austeras,
2697 2436 2749 2481 et
2774 2425 3089 2488 archaicus,
3108 2424 3201 2495 qui
3226 2431 3278 2478 et
3297 2422 3492 2478 scaber
3515 2429 3677 2492 atque

2087 2522 2373 2592 impolitus
2400 2529 2483 2576 est
2510 2520 2528 2576 ἐ
2553 2521 2723 2590 cujus
2762 2518 3019 2590 proprius
3046 2523 3131 2571 est
3161 2515 3341 2579 πίνος,
3375 2515 3493 2571 sive
3517 2513 3676 2585 χνοῦς

2085 2611 2186 2683 τῆς
2219 2609 2602 2682 ἀρχαιότητος,
2658 2608 2995 2678 antiquitatis
3044 2605 3137 2661 ille
3174 2605 3357 2670 situs;
3399 2602 3676 2660 secundus

2087 2711 2171 2759 est
2199 2701 2531 2773 γλαφυρὸςῆ
2560 2698 2822 2772 ἀνθηρός,
2856 2698 3062 2769 politus
3100 2705 3156 2753 et
3195 2704 3475 2767 comptus,
3507 2708 3536 2748 a
3568 2709 3675 2764 quo

2090 2793 2246 2858 πίνος
2282 2793 2573 2859 abhorret;
2602 2790 2803 2847 tertius
2830 2789 3034 2855 κοινός,
3059 2782 3154 2858 qui
3191 2787 3479 2841 amborum
3518 2784 3678 2840 dotes

2091 2886 2146 2940 in
2180 2899 2240 2941 se
2268 2884 2537 2940 continet.
2563 2882 2642 2937 Ad
2672 2874 2913 2954 primum
2939 2894 3115 2953 genus
3144 2875 3477 2950 pertinente
3500 2875 3679 2947 poetis

2089 2974 2387 3043 Pindarus,
2424 2974 2725 3048 Eschylus
2748 2991 2765 3041 ;
2792 2988 2857 3029 ex
2889 2964 3178 3028 historicis
3204 2968 3571 3041 Thucydides.
3596 2967 3675 3023 Ad

2089 3071 2395 3126 secundum
2419 3066 2716 3128 llesiodus,
2746 3064 2988 3136 Sappho,
3011 3065 3319 3127 Anacreon,
3343 3059 3677 3124 Simonides,

314 3208 319 3215 ,
401 3148 580 3204 virore
609 3148 832 3206 mistum
858 3167 982 3207 esse
1006 3153 1415 3225 conchyliatum
1442 3172 1453 3209 :
1478 3156 1624 3226 quod
1647 3156 1980 3225 scriptorum
2011 3153 2053 3229 (ἓ
2088 3160 2376 3233 Euripides
2392 3175 2458 3216 ex
2484 3159 2695 3231 poetis;
2729 3172 2793 3213 ex
2814 3155 3093 3212 historicis
3119 3153 3371 3226 Ephorus
3404 3165 3471 3207 ac
3503 3149 3681 3233 Theo-

399 3241 708 3298 auctoritas
737 3256 804 3296 ac
830 3258 1033 3300 sensus
1063 3245 1181 3315 ipse
1210 3245 1495 3301 discernit.

438 3331 529 3387 .ln
550 3333 751 3387 eodem
781 3332 1108 3390 Tertulliani
1151 3337 1271 3390 loco
1305 3337 1451 3390 aliud
1487 3345 1572 3391 est
1619 3335 1984 3393 Salmasianas

400 3423 727 3481 temeritatis
763 3424 1053 3495 vestigium
1086 3423 1187 3495 (α).
1222 3424 1493 3479 Catuctim
1523 3434 1687 3495 negat
1718 3426 1789 3481 de
1822 3441 1986 3481 accu-

401 3517 621 3572 bitoriis
650 3515 901 3572 vestibus
943 3518 1222 3588 usurpari,
1244 3526 1301 3572 et
1324 3520 1414 3586 qui
1443 3519 1524 3572 sic
1556 3508 1999 3589 interpretentur

401 3621 656 3680 magnam
692 3621 806 3679 pm
842 3622 905 3664 se
938 3607 1081 3664 ferre
1123 3608 1199 3663 ait
1233 3608 1406 3665 (irasci
1447 3604 1721 3663 sermonis
1767 3609 1988 3680 imperi-

402 3702 536 3755 tiarn
565 3718 579 3754 :
612 3700 818 3771 quippe
850 3699 988 3755 nihil
1018 3699 1169 3757 aliud
1202 3715 1326 3758 esse
1349 3700 1652 3755 κατάκλιτα
1679 3700 1788 3761 nisi
1820 3712 1999 3756 accu-'

402 3792 542 3860 bita,
578 3793 696 3848 sive
741 3802 893 3848 toros
937 3791 1109 3863 ipsos,
1146 3793 1485 3864 minimeque
1524 3802 1724 3855 vestes,
1755 3806 1878 3863 qua;
1923 3793 1990 3847 iis

405 3880 638 3940 insterni
678 3883 875 3940 solent.
912 3880 1019 3940 Sed
1054 3884 1107 3939 id
1139 3899 1267 3940 esse
1296 3883 1493 3941 falsum
1529 3900 1597 3939 ex
1628 3881 1767 3937 LXX
1817 3882 2005 3937 luterm

404 3987 619 4050 prelum
643 3976 831 4035 Graeca
859 3979 1112 4047 lectione,
1135 3986 1190 4035 et
1217 3976 1278 4034 S.
1301 3977 1485 4034 Basilii
1509 3978 1838 4033 auctoritate
1867 3991 1992 4032 con-

405 4084 533 4129 stat.
571 4071 729 4130 lsaite
756 4087 842 4136 ιιι,
888 4072 981 4138 25,
1023 4066 1287 4144 σέριστρα
1338 4070 1639 4125 κατάκλιτα
1691 4070 1989 4136 dicuntur;

405 4167 500 4222 ubi
528 4165 832 4221 κατάκλιτα
879 4165 1150 4236 adjective
1178 4165 1319 4220 sumi
1370 4179 1597 4220 necesse
1644 4176 1750 4228 est,
1782 4172 1838 4219 et
1864 4172 1993 4219 sunt

406 4258 771 4315 accubitoria.
821 4255 899 4312 lta
946 4256 1184 4313 Basilius
1218 4255 1464 4326 exponit,
1505 4257 1600 4325 qui
1643 4256 1788 4311 haud
1830 4257 1993 4326 paulo

407 4350 596 4406 Graece
625 4348 853 4420 peritior
873 4348 976 4403 fuit.
1005 4362 1170 4418 quam
1199 4346 1527 4401 Salmasius.
1553 4346 1874 4401 Κατάκλιτα
1897 4347 1994 4402 νῦν

408 4442 560 4510 λέγει
585 4441 655 4495 τὰ
683 4441 740 4494 ἐν
770 4438 851 4510 τῷ
892 4436 1312 4494 κατακλίνεσθαι
1343 4437 1409 4491 δι’
1439 4437 1746 4509 ὑπερϐολὴν
1782 4439 1994 4510 τρυφῆς

410 4537 527 4598 ταῖς
555 4533 762 4597 κλίναις
801 4530 1202 4603 ὲπιὸαλλόμενα
1224 4547 1240 4563 ο
1295 4530 1551 4586 cataclitu
1589 4540 1761 4595 vocat,
1796 4548 1913 4602 qua:
1943 4534 1996 4585 in

411 4624 791 4688 accumbendo,
837 4638 950 4693 pra:
988 4622 1153 4679 nimio
1207 4623 1359 4687 luxu,
1404 4622 1554 4679 lectis
1606 4625 1995 4679 insteruuntur.

412 4714 609 4772 Videat
637 4730 783 4769 nunc
811 4715 1139 4780 Salmasius,
1164 4729 1328 4785 quam
1354 4730 1414 4771 se
1446 4718 1644 4772 merito
1668 4715 1839 4771 Graeci
1875 4732 1994 4773 ser~

415 4808 596 4863 monis
624 4805 819 4877 peritia
851 4806 1044 4877 iactet,
1085 4822 1150 4863 ac
1181 4807 1506 4864 Tertulliani
1552 4808 1881 4880 interpretes
1909 4826 1999 4865 re-

414 4899 739 4972 prehendat,
771 4899 866 4971 qui
916 4899 1132 4968 eodem,
1173 4917 1286 4974 quo
1329 4900 1588 4968 Basilius,
1624 4917 1792 4959 sensu
1839 4911 1996 4958 cata-

414 4993 545 5051 clita
578 5001 954 5063 sumpserunt.

485 5086 633 5143 Nihil
655 5087 832 5160 magis
855 5088 1099 5145 hominis
1120 5089 1405 5148 intererat.
1426 5103 1594 5159 quam
1621 5090 1826 5147 veteris
1850 5090 2021 5147 illius-

410 5178 529 5235 litis
558 5177 880 5232 memoriam
907 5178 1186 5244 obterere,
1218 5194 1323 5235 nec
1352 5179 1740 5249 intempestiva
1767 5179 1891 5249 ejus
1914 5194 2001 5236 re-

415 5268 739 5329 cordatione
772 5268 1129 5341 insigniorem
1180 5285 1338 5326 suam
1379 5271 1597 5340 culpam
1651 5266 1852 5326 facere.
1891 5269 2001 5326 Sed

417 5370 793 5451 non‘pOtest:
843 5376 972 5419 nam
1011 5376 1145 5419 ecce
1184 5363 1379 5420 .denuo
1435 5363 1663 5420 alterius
1712 5362 1876 5418 errati
1915 5363 2003 5418 sui

414 5456 741 5519 memoriam
788 5456 1009 5516 refricat
1038 5454 1701 5527 (b),.dum.Kerkoetium
1760 5471 2019 5529 quoque,

487 5614 567 5687 (ιι)
618 5615 854 5689 Salmas.
894 5616 951 5689 in
984 5613 1268 5689 Notishatt
1311 5614 1560 5689 Tertull:
1577 5613 1725 5689 _Pall.
1757 5628 1878 5688 cap.
1930 5615 1989 5682 ὅ,

350 5771 363 5783 ⁵
417 5684 558 5758 μοι(
583 5687 704 5756 liii,
730 5698 783 5744 et
815 5689 867 5744 in
897 5686 1112 5757 Coufut.
1141 5684 1385 5743 lierkort.
1414 5701 1467 5758 p.
1504 5685 1604 5742 128
1638 5693 1690 5742 et
1726 5684 1846 5757 sqq}

2090 3228 2360 3325 pemptus;
2409 3228 2836 3307 ett-oratoribus
2875 3246 3188 3313 Isocrates;
3234 3245 3460 3299 tertium
3504 3228 3680 3316 genus

2093 3326 2342 3402 obtinent
2374 3351 2549 3415 poetae
2579 3343 2799 3414 quidem
2841 3339 3139 3400 Homerus,
3176 3335 3547 3399 Stesichorus,
3580 3332 3679 3395 Al-

2096 3436 2264 3501 caeus,
2300 3434 2634 3507 Sophocles:
2669 3448 2736 3488 ex
2769 3429 3054 3487 historicis
3085 3425 3432 3493 Herodotus;
3461 3440 3527 3495 ex
3554 3436 3680 3479 ora-

2099 3526 2313 3583 toribus
2337 3524 2756 3581 Dcnmsthencs.
2784 3519 3026 3577 Secundi
3052 3518 3270 3592 generis
3293 3518 3618 3587 scriptores,
3648 3527 3682 3568 ι

2096 3617 2298 3689 quibus
2349 3614 2504 3677 πίνος
2561 3606 2738 3678 abest,
2797 3610 3076 3683 prioribus
3130 3608 3473 3678 antiquiores
3524 3612 3678 3670 sunt,

2044 3712 2057 3755 \
2096 3721 2329 3779 quorum
2365 3704 2619 3777 proprius
2668 3710 2752 3759 est
2789 3702 2963 3767 πίνος.
3012 3698 3150 3756 Nam
3202 3698 3480 3757 Hesiodus
3523 3697 3685 3769 longe

2094 3797 2314 3856 Pindari
2346 3807 2400 3854 et
2432 3797 2682 3869 tEschyli
2736 3804 2952 3851 :ctatem
3002 3792 3323 3849 antecessit.
3360 3790 3433 3845 At
3472 3789 3685 3844 Salma-

2096 3893 2213 3949 sius
2268 3889 2588 3964 Dionysium
2639 3889 2718 3945 ait
2766 3888 2922 3942 πίνον
2972 3887 3221 3942 tribuere
3277 3882 3685 3957 antiquioribus

2097 3982 2271 4038 multo
2322 3997 2486 4053 quam
2532 3989 2692 4036 erant
2745 3977 2975 4046 secundi
3009 3978 3253 4049 generis,
3286 3983 3342 4031 et
3383 3976 3486 4032 hos
3535 3974 3686 4046 ipsos

2094 4058 2326 4130 aliirmat
2363 4072 2606 4144 Dionysii
2657 4081 2904 4143 tempore
2943 4069 3136 4126 fuisse.
3192 4068 3381 4139 Itaque
3416 4065 3684 4147 Dionysii,

2096 4167 2149 4222 id
2182 4175 2268 4223 est
2301 4165 2553 4238 Augusti,
2599 4166 2802 4220 sacculo
2831 4165 3088 4221 vixerunt
3120 4150 3411 4226 Hesiodus,
3442 4157 3684 4230 Sappho,

2096 4259 2406 4326 Anacreon,
2462 4256 2778 4328 Euripides.
2828 4255 3101 4312 Praeterea
3151 4255 3244 4324 qui
3296 4246 3349 4309 in
3393 4250 3686 4323 posteriori

2098 4361 2416 4419 censentur,
2445 4363 2500 4409 et
2536 4353 2678 4424 πίνῳ
2712 4359 2925 4417 carent,
2969 4351 3072 4408 hos
3112 4349 3313 4405 asserit
3350 4345 3505 4400 nulla
3548 4355 3685 4410 arte,

2100 4445 2191 4501 sed
2221 4446 2337 4501 solo
2363 4447 2579 4515 impetu,
2614 4453 2768 4516 atque
2790 4460 2854 4498 ea:
2891 4452 3118 4513 tempore
3141 4441 3365 4495 dixisse.
3397 4437 3583 4505 Quare
3603 4438 3689 4493 ni-

2108 4538 2183 4593 hil
2215 4537 2283 4593 ad
2329 4521 2682 4594 scribendum
2723 4551 2904 4607 neque
2936 4537 3093 4599 artis,
3137 4547 3316 4604 neque
3351 4532 3559 4593 cultus,
3592 4545 3689 4585 ne-

2103 4647 2212 4703 que
2240 4631 2509 4702 temporis
2543 4630 2776 4685 contulit
2816 4629 3109 4693 lsocrates,
3144 4634 3240 4680 aut
3276 4623 3598 4693 Euripides;
3628 4630 3690 4676 ut

2103 4720 2171 4773 de
2196 4719 2411 4774 cmteris
2440 4724 2677 4780 taceam,
2721 4732 2860 4788 quos
2891 4726 3111 4771 conStat
3143 4712 3578 4770 laboriosissime
3607 4710 3691 4767 di-

2101 4809 2570 4881 ligentissimeque
2604 4808 2913 4878 scripsisse.

2176 4901 2303 4957 Haec
2333 4908 2464 4956 sunt
2503 4907 2753 4971 portenta
2789 4888 2898 4955 non
2944 4897 3205 4952 meditate
3239 4895 3551 4961 scribentis,
3594 4891 3689 4948 sed

2104 4996 2382 5069 ἐμοῦντος,
2414 4994 2666 5048 vomentis
2715 4991 2996 5056 Salmasii,
3042 5004 3275 5061 quorum
3332 4990 3535 5061 pudere
3577 4988 3688 5058 jam

2107 5089 2289 5159 ipsum
2324 5085 2517 5150 debet;
2549 5083 2861 5141 instaurare
2888 5097 3020 5138 vero
3048 5079 3394 5145 memoriam,
3420 5087 3475 5134 et
3505 5077 3690 5132 invitis

2108 5181 2295 5247 etiam,
2338 5189 2502 5251 atque
2557 5179 2705 5234 aliud
2756 5179 3045 5251 agentibus
3088 5174 3405 5240 obtrndcre,
3444 5171 3692 5246 profecto

2108 5287 2216 5328 non
2255 5271 2433 5329 decet.
2467 5272 2577 5328 Sed
2603 5287 2665 5329 ea
2691 5273 2972 5342 capiosins
3012 5272 3067 5327 in
3092 5271 3255 5327 tertio
3283 5266 3691 5340 Mastigophoro

2109 5364 2466 5421 Aremoricus
2520 5364 2845 5422 lierknetius
2890 5363 3145 5435 exposuit
3179 5381 3191 5418 :
3228 5377 3351 5435 quae
3395 5357 3625 5418 comiter
3661 5371 3694 5413 a

2112 5456 2387 5514 Salmasio
2418 5460 2695 5531 praeterita
2726 5457 3185 5528 dissimulataque
3217 5464 3367 5513 sunt.

2174 5614 2249 5687 (ὁ)
2273 5612 2521 5687 Salinas,
2556 5613 2746 5674 Exerc.
2783 5612 3018 5671 Plinian.
3040 5629 3107 5686 .p.
3138 5611 3264 5671 8'59.

2173 5685 2243 5759 (c)
2273 5685 2403 5759 Pag.
2434 5686 2555 5742 175.
