3938 6214
371 411 483 468 653

1411 419 1786 478 ΑΙ)νείιὸυὸ
1823 419 2181 480 CLAUDIUM
2225 427 2645 486 SALMASIUM.

3541 432 3645 486 65-5

389 589 3641 640 mm

1653 768 2379 858 EXGERPTUM

943 945 1035 1000 EX
1075 946 1372 1005 DlONYSll
1414 945 1691 1004 PETAVII
1747 943 2422 1007 DlSSERTATlONlBUS
2473 949 3052 1010 ECCLESIASTICIS.

1619 1087 1828 1147 LIBRI
1875 1085 1931 1146 ιι
1976 1086 2234 1157 CAPUT
2278 1092 2390 1154 Ill.

361 1343 444 1398 De
482 1341 770 1430 Epiplianii
807 1343 1406 1430 loco'lalsa.trapezitie
1437 1341 2336 1430 ($almasi‘i,‘quiAdehtrapezitico
2379 1348 2705 1430 [error-etrcs
2757 1350 2946 1430 libros
2981 1366 3125 1406 anno
3167 1352 3304 1430 1640
3341 1359 3623 1430 emiserat)

434 1409 745 1482 (majectura
777 1409 1071 1482 refellitur:
1105 1409 1343 1484 idemque
1373 1413 1704 1468 declaratur:
1742 1409 2121 1479 Negotiatores'
2141 1415 2288 1469 haud
2316 1409 2452 1472 recte
2479 1419 2585 1472 dici
2609 1422 2672 1474 ab
2704 1422 2886 1476 eodem
2911 1421 3202 1476 damnatos
3247 1426 3312 1478 ab
3363 1409 3620 1484 Ecclesia:

435 1485 562 1546 Βίος
588 1485 990 1540 matiiiuoniuin
1024 1485 1286 1540 interdum
1318 1485 1625 1557 signiﬁcat;
1656 1491 1840 1540 contra
1872 1498 2032 1551 quam
2059 1489 2321 1554 trapezita
2355 1489 2598 1544 credidit.

447 1708 531 1761 Ad
557 1711 888 1778 pmnitentiee
916 1709 1078 1765 ritum
1109 1712 1163 1766 in
1187 1711 1434 1766 Ecclesia
1458 1718 1640 1764 vetere
1667 1709 1952 1764 referenda
1981 1714 2028 1772 Α
2128 1707 2207 1764 Ad
2237 1710 2351 1764 haec
2384 1712 2615 1777 theatra,
2651 1731 2916 1786 equorum
2942 1719 3264 1782 certamina,
3295 1702 3646 1787 venationes,-

361 1810 495 1857 sunt
526 1803 778 1870 quaedam
809 1815 990 1860 errata
1023 1806 1303 1875 trapezitae
1331 1802 1506 1857 nostri
1537 1801 1864 1871 (Salmasii).
1889 1799 1950 1854 In

361 1893 689 1961 prmlatione
725 1895 792 1949 ad
851 1895 1133 1951 Lectorem
1198 1897 1480 1966 praemissa
1523 1893 1682 1947 libris
1725 1881 1800 1945 De
1841 1900 1956 1945 tra-

359 1986 588 2050 pezitico
621 1984 830 2052 fenore,
883 2002 940 2055 p.
977 1985 1067 2044 57.
1120 1976 1408 2056 Epiplianii
1455 1986 1632 2038 locum
1661 1983 1952 2053 quemdam

360 2077 568 2145 attigit,
611 2085 666 2129 et
692 2076 820 2130 dum
853 2077 1014 2133 nimis
1048 2085 1276 2148 argutus
1313 2091 1437 2132 esse
1475 2075 1678 2140 studet,
1713 2076 1958 2144 pessime

361 2161 519 2216 illum
566 2165 796 2233 accepit.
832 2163 889 2217 In
923 2165 1074 2219 calce
1109 2165 1292 2235 magni
1330 2164 1511 2233 operis
1568 2164 1712 2232 quod
1744 2163 1812 2219 de
1843 2164 1956 2217 hic;

362 2255 585 2310 resibus
627 2257 851 2326 scripsit
888 2255 1249 2326 Epiphanius,
1296 2255 1580 2309 catholicae
1628 2255 1750 2309 lldei
1795 2270 1955 2310 sum-

361 2361 535 2408 mam,
565 2360 629 2399 ac
679 2361 892 2400 morum
938 2355 992 2400 et
1045 2348 1425 2402 institutorum
1470 2345 1750 2410 Ecclesize,
1799 2347 1950 2402 brevi

361 2436 741 2506 disputatione
764 2437 1084 2506 complexus
1109 2446 1215 2504 est,
1255 2446 1316 2493 ut
1359 2437 1428 2491 iis
1456 2435 1600 2492 'velut
1635 2439 1778 2492 notis
1820 2451 1948 2506 ger-

361 2543 584 2581 manam
607 2530 811 2583 Christi
839 2545 1098 2598 sponsam
1127 2532 1198 2584 ab
1224 2527 1498 2585 ltiereticis
1523 2529 1944 2592 conventiculis,

360 2634 486 2687 quae
517 2621 954 2673 concubinarum
996 2617 1161 2676 habet
1214 2622 1353 2682 loco.
1402 2623 1709 2677 discernat.
1737 2622 1812 2674 Ac
1844 2621 1950 2675 sub

363 2710 532 2765 linem
580 2712 850 2782 praecipua
890 2713 1137 2781 quaedam
1173 2714 1464 2766 criminum
1507 2714 1689 2782 capita
1718 2712 1952 2782 colligit,-

361 2817 506 2870 QIHB'
537 2802 781 2870 ejusdem
827 2805 1110 2857 catholicae
1154 2804 1414 2860 Ecclesiae
1458 2807 1704 2860 moribus
1736 2819 1949 2874 usuque

358 2895 714 2948 damnantur.
753 2897 1042 2966 Ἀπέχεται
1087 2897 1393 2961 κοινωνίας,
1448 2898 1647 2966 inquit,
1693 2899 1947 2951 ἁπάντων

363 2988 629 3055 αἱρέσεων
669 2986 834 3055 (forte
873 2986 1216 3058 αἱρετικῶν),
1263 2985 1634 3057 ἀποκηρύττει
1671 2987 1954 3058 πορνείαν,-

2052 1801 2261 1855 musica
2286 1806 2596 1872 spectacula
2615 1807 2965 1861 condemnat.
2987 1811 3389 1881 ’Λποκηρύσσει
3407 1813 3632 1884 Θέατρα,

1995 1883 2024 1922 ῖ’
2051 1891 2146 1942 καὶ
2179 1891 2452 1958 ἱππικοὺς,
2489 1895 2584 1947 καὶ
2607 1899 2860 1968 κυνήγια,
2894 1901 3184 1970 μουσικούς
3217 1919 3276 1955 τε
3333 1906 3431 1968 καὶ,
3455 1908 3636 1960 πᾶσαν

2051 1981 2376 2051 κακολογίαν
2417 1986 2512 2039 καὶ
2565 1988 2914 2054 καταλαλιὰν,
2955 1993 3049 2044 καὶ
3092 1995 3271 2046 πᾶσαν
3333 1996 3511 2066 μάχην
3542 1999 3636 2049 καὶ

2053 2071 2422 2144 βλασῳημῐαν.
2456 2077 2704 2143 Damnat,
2740 2081 2936 2150 inquit,
2963 2081 3473 2153 theatra,equestres
3506 2105 3626 2159 ago-

2051 2177 2164 2226 nes,
2203 2167 2519 2233 narrationes,
2558 2171 2762 2223 musica
2787 2173 3114 2240 spectacula,
3155 2184 3204 2228 et
3227 2192 3430 2230 onmem
3465 2179 3632 2232 ntale-

2051 2253 2334 2309 dicentiam
2356 2267 2404 2311 et
2429 2259 2880 2327 obtrectationem,
2929 2255 3233 2335 omnemque
3253 2271 3632 2324 contentionem

2049 2357 2100 2401 et
2131 2349 2485 2404 maledictum
2531 2353 2610 2404 An
2654 2356 2747 2423 qui
2785 2347 3142 2413 theatralibus
3183 2362 3508 2428 spectaculis
3540 2371 3632 2416 aut

2051 2439 2427 2504 circensibus,
2481 2451 2573 2496 aut
2621 2445 3001 2502 venationibus
3052 2449 3411 2516 interfuerat,
3447 2455 3630 2507 statim

2049 2534 2614 2590 excommunicatione
2643 2538 3010 2606 plectebatur?
3045 2538 3154 2594 Hoc
3186 2541 3230 2595 si
3263 2543 3317 2595 in
3351 2558 3452 2597 usu
3499 2544 3634 2600 fuis-

2050 2635 2154 2688 set,
2199 2635 2324 2678 -tnni
2376 2627 2621 2704 profecto
2658 2629 3007 2685 Christianus
3056 2648 3217 2687 nemo
3260 2636 3541 2706 plerisque
3576 2638 3630 2691 in

2048 2717 2365 2772 civitatibus
2400 2720 2453 2772 in
2500 2720 2790 2775 ecclesiatn
2831 2732 2883 2776 et
2923 2723 2989 2776 ad
3052 2741 3210 2779 usum
3259 2739 3623 2797 sacramento-

2049 2821 2170 2860 rum
2206 2807 2401 2863 fuisset
2429 2809 2726 2875 admissus,
2754 2822 2846 2865 ant
2878 2815 3035 2883 pauci
3063 2816 3375 2884 admodum;
3415 2817 3631 2872 Crebra:

2050 2906 2180 2951 sunt
2221 2899 2364 2968 apud
2413 2899 2679 2955 Joannem
2715 2887 3170 2974 Clirysostomum
3213 2909 3469 2977 querelas,
3506 2927 3631 2964 cum

2051 2989 2352 3046 Antiochia:
2397 2992 2574 3046 adhuc
2637 2995 2922 3065 presbyter
3001 2999 3258 3066 populum
3308 2978 3527 3054 doceret
3567 3003 3634 3054 de

365 3078 462 3132 καὶ
515 3077 782 3148 μοιχείαν,
834 3078 930 3130 καὶ
978 3078 1287 3145 ἀσέλγειαν,
1335 3078 1432 3130 καὶ
1480 3077 1945 3150 εἰδωλολατρείαν,

2055 3081 2324 3149 paucitate
2363 3085 2784 3137 commeantium
2839 3087 2906 3139 ad
2967 3088 3278 3155 ecclesiam,
3333 3106 3396 3143 ac
3447 3106 3634 3145 sacras

365 3170 462 3223 καὶ
501 3169 682 3236 φόνον,
716 3169 810 3221 καὶ
840 3170 1020 3221 πᾶσαν
1067 3169 1436 3238 παρανομίαν,
1483 3175 1595 3223 etc;
1652 3168 1820 3223 Hox':
1856 3170 1950 3221 καὶ

365 3259 704 3326 πλεονεξίαν,
737 3258 833 3312 καὶ
853 3258 1205 3328 τοκοληψίαν·
1237 3259 1668 3330 πραγματευτὰς
1695 3259 1796 3311 οὐκ
1818 3259 1952 3311 ἀπο-

365 3351 584 3421 δέχεται
605 3368 619 3382 ·
644 3351 754 3403 ἀλλ’
785 3351 1208 3422 ὑποδεεστέρους
1247 3351 1467 3404 πάντων
1501 3351 1736 3421 ἡγεῖται.
1771 3349 1951 3419 Προσ-

368 3443 543 3514 (popa;
593 3443 858 3514 λαμϐάνει
900 3444 1050 3515 παρὰ
1101 3443 1210 3496 τῶν
1257 3445 1359 3496 οὑκ
1425 3443 1788 3506 ἀδικούντων,
1831 3443 1951 3496 οὐδὲ

369 3536 854 3604 παρανομούντων,
902 3535 1037 3588 ἀλλὰ
1083 3535 1307 3598 δικαίως
1354 3535 1632 3605 βιούντων.
1675 3534 1786 3588 Hoc
1820 3544 1947 3589 est:

370 3626 449 3678 Ab
477 3629 709 3680 omnium
758 3631 1124 3682 communione
1153 3629 1519 3681 litereticorum
1552 3628 1776 3681 abstinet
1804 3643 1822 3680 .'
1858 3626 1951 3679 ab—

365 3718 514 3769 dicat
547 3717 968 3784 fornicutionem,
1007 3719 1326 3772 adulterium
1385 3720 1761 3788 petulantiam,
1787 3720 1952 3772 idolo-

371 3812 614 3870 tatriam,
639 3806 977 3864 Itoinicidium
1007 3824 1055 3864 et
1075 3813 1407 3881 iniquitatem
1439 3819 1792 3873 omnem,etc.
1818 3810 1950 3863 Tum

375 3899 668 3966 improbam
717 3903 1079 3970 cupiditatem,
1117 3914 1165 3958 et
1201 3905 1483 3958 avaritiam
1517 3914 1673 3973 atque
1711 3918 1948 3955 usuram.

380 3987 746 4058 Negotiatores
779 4010 880 4046 non
905 3993 1188 4047 admodum
1226 3995 1436 4062 probat,
1477 3994 1566 4048 sed
1604 3995 1837 4046 omnium
1876 3994 1954 4044 in-

375 4081 531 4148 ﬁmos
560 4083 734 4137 liabet.
764 4084 1070 4138 Oblationes
1115 4088 1306 4155 accipit
1357 4085 1421 4136 ab
1453 4085 1519 4136 iis
1569 4086 1660 4153 qui
1696 4083 1954 4151 injuriam

375 4177 500 4230 aliis
523 4193 623 4228 non
653 4175 879 4246 faciunt,
911 4194 1072 4246 neque
1093 4177 1260 4231 scelus
1284 4177 1498 4247 aliquod
1523 4181 1836 4242 admittunt,
1863 4177 1954 4229 sed

372 4270 510 4336 iuste
540 4271 738 4323 vivunt.
766 4268 865 4323 llic
899 4269 1236 4338 Epiphanius
1266 4267 1559 4338 praecipua,
1590 4274 1648 4320 ut
1679 4267 1816 4335 dixi,
1842 4283 1956 4322 sce-

375 4361 485 4415 lera
517 4370 571 4416 et
610 4361 813 4432 ﬂagitia
850 4368 1156 4430 percenset,
1229 4376 1259 4413 a
1309 4361 1512 4430 quibus
1547 4360 1806 4413 abhorret
1849 4360 1952 4413 Ec-

373 4453 562 4518 clesia,
588 4462 641 4506 et
673 4469 795 4523 qua:
826 4453 1157 4506 auctoritate
1190 4468 1288 4507 sua
1323 4440 1810 4528 condemnat.‘Ubi
1845 4468 1951 4508 vox

372 4547 738 4617 ἀποκηρύττει
776 4563 881 4600 non
913 4547 1016 4600 hoc
1054 4547 1282 4615 praecise
1325 4545 1616 4616 signiﬁcat,
1645 4561 1952 4601 excommu-

373 4639 570 4702 nicare,
599 4639 679 4690 Vel
710 4656 740 4690 a
780 4639 1146 4691 communione
1175 4654 1353 4692 arcere
1379 4654 1444 4690 ac
1489 4654 1800 4707 segregare:
1833 4647 1954 4693 tan-

373 4747 538 4800 quam
572 4747 762 4784 omnes
794 4732 888 4801 qui
921 4731 975 4784 in
1009 4747 1094 4796 ea,
1132 4747 1253 4801 qua:
1285 4733 1483 4787 ibidem
1518 4739 1826 4797 enumerat,
1869 4733 1954 4786 in-

375 4821 630 4885 ciderint,
666 4823 733 4877 ab
771 4821 1152 4878 ecclesiastica
1197 4825 1586 4878 communione
1628 4823 1860 4893 rejiciat,
1897 4835 1957 4878 ut
1999 4874 2007 4883 ,

371 4913 672 4967 arbitratur
719 4916 998 4984 trapezita.
1037 4915 1142 4980 Qui
1181 4924 1236 4970 et
1280 4915 1524 4970 indidem
1570 4916 1800 4985 colligit,
1849 4930 1955 4968 non

373 5006 547 5060 solum
571 5008 660 5076 qui
690 5023 909 5059 usuram
933 5007 1224 5075 accipiunt,
1258 5007 1595 5062 abdicatione
1637 5006 1702 5060 ab
1735 5005 1957 5060 ecclesia

372 5099 606 5166 punitos,
626 5097 850 5152 scribere
876 5096 950 5149 ibi
975 5095 1352 5166 Epiphaniam,
1375 5098 1466 5152 sed
1487 5100 1647 5152 etiam
1673 5115 1849 5152 omnes
1877 5113 1960 5151 ne-

374 5192 686 5263 gotiatores,
720 5190 1171 5261 πραγματευτάς.
1218 5191 1325 5246 Sed
1374 5191 1599 5246 minime
1648 5190 1957 5246 audiendus

375 5291 479 5338 est.
508 5281 644 5335 Nam
673 5279 1075 5350 ἀποκηρύττειν
1109 5296 1218 5335 non
1255 5290 1364 5334 tam
1405 5281 1646 5345 illorum,
1679 5281 1772 5351 qui
1802 5283 1954 5352 ejus-

376 5375 523 5430 modi
554 5375 787 5429 critnina
829 5375 1216 5444 perpetrarint.
1248 5389 1412 5442 quam
1463 5375 1755 5428 criminum
1808 5377 1947 5445 ipsos

377 5481 498 5520 rum
529 5465 932 5521 abdicationem
960 5464 1478 5536 damnationemque
1507 5459 1953 5533 designatL'Alio-

376 5559 469 5630 qui
524 5575 684 5615 nemo
736 5574 848 5615 non
899 5559 1466 5614 excommunicandus
1520 5558 1734 5626 luisset,
1783 5572 1835 5615 et
1885 5561 1955 5616 ab

384 5649 615 5705 Ecclesia
633 5647 1069 5720 proscribendus.
1119 5649 1257 5717 Quis
1302 5660 1387 5707 est
1423 5651 1568 5707 enim
1600 5652 1693 5722 qui
1725 5667 1834 5707 non
1870 5653 1954 5707 in-

382 5751 566 5796 currat
595 5741 884 5810 aliquando
925 5743 979 5795 in
1032 5743 1496 5815 maledicentiam,
1527 5743 1947 5816 detractionem,

374 5835 799 5903 contentionem,
838 5834 1160 5892 avaritiam?

2055 3184 2289 3242 synaxes
2337 3173 2696 3241 obeuntium;
2753 3177 2948 3246 quibus
3005 3182 3241 3235 maxime
3293 3183 3482 3238 diebus
3524 3184 3632 3237 ludi

2055 3275 2120 3315 ac
2172 3264 2486 3332 spectacula
2537 3265 2939 3334 praebebantur.
2989 3269 3160 3334 Quam
3197 3288 3337 3342 saepe
3374 3275 3633 3345 populum

2056 3354 2109 3407 in
2140 3370 2235 3410 cas
2279 3369 2368 3410 res
2407 3356 2840 3427 intemperanter
2883 3359 3115 3416 ellusum
3148 3380 3272 3418 cum
3304 3355 3371 3419 ab
3401 3367 3508 3421 illis
3541 3369 3631 3422 de-

2055 3452 2260 3499 terrere
2296 3446 2502 3511 studet,
2554 3456 2668 3500 tum
2711 3447 2776 3501 ad
2813 3451 3101 3505 ecclesiam
3134 3463 3186 3508 et
3224 3453 3460 3510 ﬁdelium
3504 3473 3633 3511 con-

2054 3546 2250 3591 ventus
2285 3537 2642 3592 celebrandas
2678 3540 2938 3595 allicere?
2990 3543 3124 3596 Cum
3159 3544 3322 3598 etiam
3354 3547 3635 3602 auditorcs

2053 3628 2306 3682 hortatur
2331 3645 2461 3686 suos
2484 3671 2498 3696 ,
2559 3638 2619 3684 ut
2652 3647 2813 3700 quam
2852 3641 3109 3702 poterunt
3139 3635 3402 3704 plurimos
3431 3641 3498 3691 ab
3531 3642 3634 3694 illis

2053 3723 2383 3788 spectaculis
2436 3738 2625 3776 secum
2679 3722 2747 3777 ad
2800 3726 3091 3780 ecclesiam
3155 3728 3450 3784 adducant.
3518 3731 3634 3784 Non

2054 3813 2216 3882 igitur
2256 3813 2326 3866 ob
2356 3814 2457 3867 ista
2498 3815 2886 3870 communione
2931 3816 3187 3874 Ecclesia:
3233 3821 3475 3888 privatos
3506 3823 3639 3877 lide-

2055 3902 2134 3956 les
2169 3902 2465 3956 verisimile
2511 3911 2625 3968 est,
2683 3907 2986 3974 praesertim
3016 3923 3140 3960 cum
3178 3910 3247 3960 ab
3294 3911 3637 3978 imperatori;

2053 3991 2158 4044 bus
2185 3992 2515 4046 Christianis
2545 4002 2600 4046 et
2641 3994 3059 4066 magistratibus
3105 4001 3377 4056 Soletiines
3432 4002 3505 4053 illi
3545 4018 3640 4072 ap-

2056 4090 2281 4151 paratus
2303 4098 2364 4136 ac
2391 4084 2501 4138 ludi
2530 4087 2679 4138 velut
2703 4102 2766 4140 ex
2791 4087 2968 4141 cilicio
2999 4098 3389 4157 przcstarentnr
3414 4096 3633 4162 populo.

2055 4173 2136 4227 Ad
2170 4174 2283 4226 lucc
2307 4183 2526 4244 propter
2548 4175 2685 4228 levia
2709 4184 2763 4232 et
2785 4178 3019 4230 venialia
3052 4189 3272 4248 precata
3302 4197 3462 4236 neruo
3489 4198 3640 4236 com-

2057 4264 2318 4320 munione
2358 4267 2620 4321 multatus
2653 4279 2754 4322 est.
2812 4267 3050 4322 Possunt
3079 4279 3259 4323 autem
3304 4289 3367 4326 ex
3426 4275 3490 4327 iis
3518 4291 3638 4344 ()lla‘.

2065 4355 2402 4426 Epiphanius
2447 4360 2721 4412 recensuit
2786 4361 3045 4413 nonnulla
3100 4378 3221 4417 esse
3279 4363 3438 4431 levia,
3495 4367 3638 4420 velut

2061 4449 2408 4504 maledictum
2468 4451 2691 4520 aliquod
2746 4461 2950 4507 temere
3008 4469 3072 4508 ac
3131 4455 3288 4509 facile
3345 4457 3634 4525 prolatum.

2055 4539 2190 4594 Nam
2215 4540 2573 4611 Augustinus,
2603 4559 2856 4598 sermone
2875 4546 2934 4597 41
2971 4544 3048 4596 De
3075 4547 3297 4612 sanctis,
3332 4548 3419 4601 ubi
3452 4549 3638 4618 gravia

2056 4641 2278 4703 peccata
2314 4633 2612 4704 distinguit.
2641 4649 2669 4687 a
2717 4635 2948 4697 levibus,
2987 4636 3129 4690 inter
3177 4639 3313 4692 levia
3364 4651 3637 4704 numerat,

2054 4725 2263 4796 quando
2303 4742 2418 4779 cum
2466 4727 2612 4779 omni
2640 4725 2899 4796 facilitate
2949 4747 3011 4782 ac
3051 4731 3341 4783 temeritate.
3368 4733 3635 4786 maledici-

2056 4837 2194 4874 mus.
2242 4805 2525 4889 EjusniOdi
2554 4828 2608 4873 et
2643 4821 2747 4875 aliti
2783 4825 3198 4887 commemorari
3237 4834 3484 4892 possunt,
3519 4841 3640 4892 qui:

2059 4909 2432 4963 Tertullianus
2481 4909 2677 4962 delicta
2723 4921 2882 4964 vocat
2926 4911 3249 4979 quotidiana:
3286 4901 3638 4966 incursionis:

2057 5016 2178 5070 quae
2210 5008 2390 5054 tamen
2422 5000 2563 5054 inter
2593 5015 2656 5054 ea
2687 5006 3039 5056 continentur
3084 5019 3203 5072 qutc
3238 5005 3306 5057 ab
3337 5004 3640 5075 Epiphanio

2059 5092 2338 5147 nominata
2379 5102 2526 5147 sunt.
2581 5092 2699 5146 Non
2728 5095 2874 5147 cnim
2928 5096 3044 5148 sola
3098 5097 3187 5150 illa
3228 5113 3348 5166 qua:
3381 5098 3561 5152 letalia
3589 5111 3642 5153 ct

2060 5186 2268 5240 atrocia
2293 5195 2421 5239 sunt
2454 5186 2505 5238 in
2529 5185 2720 5241 eodem
2745 5202 2962 5257 genere,
2999 5188 3094 5242 sed
3115 5189 3280 5242 etiam
3319 5189 3454 5244 levia
3486 5206 3639 5245 com-

2058 5278 2348 5350 prehendit
2389 5279 2500 5342 ille,
2542 5280 2784 5349 quando,
2820 5281 3052 5350 exempli
3095 5295 3285 5343 causa,
3320 5282 3500 5333 πᾶσαν
3540 5298 3640 5333 κα-

2056 5371 2310 5433 κολογίαν
2334 5379 2386 5425 ct
2408 5370 2758 5437 καταλαλιάν,
2789 5373 2970 5426 πᾶσαν
2997 5374 3175 5444 μάχην
3203 5374 3296 5426 καὶ
3326 5372 3638 5436 πλεονεξίαν

2057 5463 2532 5536 ἀποκηρύττεσθαι
2551 5464 2690 5517 dixit
2715 5463 2782 5517 ab
2807 5458 3066 5518 Ecclesia.
3089 5461 3240 5516 Unde
3257 5463 3302 5515 si
3321 5462 3638 5534 ἀποκηρύτ-

2057 5555 2246 5611 τεσθαι
2281 5556 2352 5610 sit
2389 5556 2858 5618 excommunicari,
2897 5563 2953 5607 ut
2987 5556 3264 5622 trapezitae
3291 5537 3489 5623 placet,
3525 5571 3635 5611 non

2058 5662 2237 5706 autem
2267 5651 2558 5721 improbari
2585 5661 2636 5705 et
2677 5648 2976 5717 abjudicari
3010 5654 3243 5711 tantum,
3300 5654 3360 5698 ut
3400 5663 3490 5704 res
3520 5649 3635 5718 ipsa

2059 5745 2240 5808 docet,
2265 5760 2488 5800 necesse
2517 5751 2620 5805 est,
2647 5743 2717 5796 ob
2743 5741 2880 5794 levia
2903 5755 3132 5808 qumque
3154 5741 3386 5795 crimina
3410 5758 3634 5798 excom-

2061 5840 2363 5895 municatos
2397 5836 2582 5899 fuisse,
2632 5834 2681 5886 id
2716 5843 2795 5886 cst
2865 5833 2928 5884 ab
2963 5829 3219 5888 Ecclesia,-
3255 5827 3638 5891 commuggum
