3938 6214
397 251 501 313 θη
1568 242 1849 309 NONNUS
1884 250 2477 312 PANOPOLITANUS.
3553 263 3668 320 6'52

398 390 520 429 rum
548 373 745 429 heroici
765 373 1040 437 carminis,
1063 370 1207 441 quod
1232 386 1260 425 a
1289 386 1349 428 se
1380 372 1710 430 recensitum
1739 389 1865 429 cum
1922 374 2095 431 variis
2139 375 2264 430 lect.
2300 382 2355 430 et
2388 350 2594 431 notulis
2649 374 2703 429 1ιι
2743 374 2989 446 margine
3028 374 3262 445 vulgavit
3291 373 3528 433 Jacobus
3560 376 3670 433 Le-

400 468 546 520 ctius
576 466 779 523 Genev.
805 467 962 527 1606.
994 465 1090 522 fol.
1166 466 1223 521 In
1251 467 1381 522 bibl.
1413 467 1559 523 Petri
1599 466 1816 522 Francii
1876 468 2029 530 fuere
2055 468 2233 526 Nonni
2260 470 2588 541 Dionysiaca
2613 484 2736 525 cum
2765 471 3213 542 castigationibus
3242 489 3345 528 IIIS.
3383 470 3499 527 Jos.
3532 471 3668 526 Sca-

411 561 591 633 ligcri,
626 562 760 617 Dan.
790 562 1018 629 Heinsii,
1043 562 1260 618 Claudii
1286 562 1539 618 Salmasii
1578 571 1632 618 et
1661 562 1898 619 Mattbmi
1923 564 2094 620 Sladi.

544 656 855 725 Μπαόολὴ
882 657 989 712 τοῦ
1028 660 1181 715 κατὰ
1217 659 1506 729 Ἰωάννην
1532 661 1711 731 ἁγίου
1734 662 2099 733 Ebur-fallat

1962 662 2130 717 πλέον.
2173 659 2531 730 Metapltrasis
2569 662 2719 729 epica
2760 657 3036 730 Evangelii
3076 657 3137 714 S.
3166 656 3394 712 Joannis
3420 657 3517 729 (a).

473 773 734 830 Eumdem
765 775 986 844 quidem
1024 792 1150 833 esse
1186 778 1277 847 qui
1309 776 1633 847 Dionysiaca
1671 787 1725 832 et
1757 778 1849 847 qui
1886 778 2027 832 hanc
2054 776 2423 846 Metaphrasin
2448 775 2722 841 condidit,
2754 773 3006 829 Nonnum
3035 771 3509 843 Panopolitanum,
3545 772 3669 826 col-

401 865 510 919 lata
541 862 682 917 inter
704 878 765 919 se
797 862 986 921 Suidas
1015 876 1071 922 et
1095 866 1351 937 Agathia:
1381 867 1719 932 testimonia,
1750 875 1804 922 ct
1830 868 1970 922 idem
2006 868 2060 921 in
2091 876 2327 938 utroque
2355 881 2526 937 opere
2548 875 2720 937 poetze
2748 865 2943 936 genius
2973 862 3223 917 dubitare
3253 877 3357 917 nos
3377 879 3485 917 non
3508 862 3667 919 sinit.

402 956 633 1013 Easdem
667 974 887 1029 quoque
918 960 972 1015 in
1001 961 1102 1015 hac
1136 962 1369 1017 virtutes
1407 962 1736 1031 suspiciunt,
1761 962 1890 1016 vitia
1914 963 2104 1017 eadem
2153 962 2557 1033 reprehendunt
2589 960 2693 1015 viri
2733 959 2904 1023 docti,
2949 958 3164 1028 aliaque
3193 958 3417 1027 insuper
3452 968 3669 1026 notant,

400 1048 604 1120 quibus
638 1050 842 1119 placuit
875 1051 1146 1105 acerrimo
1171 1050 1379 1120 judicio
1409 1065 1474 1105 ac
1500 1066 1749 1106 censurae
1781 1068 1893 1106 sua:
1924 1053 2068 1107 hunc
2091 1061 2307 1122 poetam
2339 1052 2630 1121 subjicere.
2668 1051 2872 1106 Saltem
2920 1050 3045 1105 illos
3083 1049 3389 1104 audiendos
3420 1066 3527 1103 non
3552 1051 3673 1105 exi-

400 1144 640 1207 stimem,
671 1142 766 1211 qui
799 1142 1102 1198 bzcresibus
1157 1140 1609 1206 Manichaorum,
1647 1140 2104 1213 Origenistarum,
2137 1144 2464 1200 Arianorum
2496 1153 2550 1199 et
2591 1144 2778 1199 nescio
2803 1142 3004 1213 quibus
3037 1158 3143 1196 non
3184 1142 3583 1212 patrocinatum
3611 1144 3670 1197 in

401 1236 504 1290 hac
530 1233 863 1303 Metaphrasi
898 1234 1151 1289 Nonnum
1186 1236 1456 1301 scribunt,
1501 1251 1626 1290 cum
1657 1237 1724 1291 ad
1754 1237 2095 1306 ejuscemodi
2138 1238 2555 1294 criminationes
2587 1239 2896 1308 cuicunque
2936 1237 3316 1306 impingendas
3340 1236 3673 1293 clarioribus

402 1335 456 1383 ct
478 1325 950 1383 manifestioribus
984 1330 1322 1398 argumentis
1367 1329 1439 1384 sit
1465 1343 1625 1399 opus.
1667 1326 1851 1385 Missis
1902 1331 2069 1399 igitur
2103 1332 2233 1399 illis,
2277 1330 2498 1387 codices
2527 1338 2582 1386 et
2619 1329 2889 1386 editiones
2915 1328 3035 1399 ejus
3078 1325 3472 1397 Metaphraseos
3502 1327 3668 1382 Joan-

405 1435 526 1474 nea:
553 1421 737 1489 potius
758 1419 967 1477 referre
992 1420 1167 1492 juvat.

1556 1489 1726 1547 Codd.
1768 1507 1898 1547 mss.
1941 1500 1990 1546 et
2017 1491 2276 1546 editiones
2302 1486 2522 1544 ercw.

479 1578 701 1650 (Roma:
728 1582 783 1637 in
814 1580 1076 1638 Vaticana
1098 1584 1229 1640 bibl.
1260 1582 1614 1653 Paraplirasis
1647 1586 1703 1639 in
1728 1583 1954 1651 Joann.,
1990 1594 2128 1641 teste
2162 1583 2462 1639 Montfauc.
2492 1584 2547 1637 in
2591 1583 2732 1637 Bibl.
2785 1582 2912 1636 bibl.
2950 1598 3080 1638 mss.
3126 1597 3165 1646 I,
3206 1595 3329 1651 pag.
3367 1580 3472 1635 I55
3511 1578 3574 1635 C.
3604 1609 3676 1621 --

408 1670 611 1729 Oudin.
649 1675 685 1730 1.
717 1690 769 1731 c.
799 1692 853 1747 p.
881 1677 1005 1741 929,
1033 1678 1217 1742 tradit,
1250 1678 1305 1733 id
1323 1694 1463 1750 Opus
1491 1688 1711 1736 exstare
1739 1679 1836 1736 Gr.
1861 1681 1916 1735 in
1951 1680 2083 1741 bibl.
2118 1678 2382 1734 Vaticana
2413 1694 2480 1733 ex
2519 1678 2643 1733 cod.
2690 1678 3031 1749 Heidelberg.
3069 1694 3124 1732 ιι.
3164 1679 3256 1734 90'.
3292 1707 3362 1717 --
3388 1675 3678 1731 Florentiae

406 1765 462 1819 in
497 1764 629 1819 bibl.
657 1766 913 1823 Laurent.
957 1768 1080 1823 cod.
1126 1769 1232 1837 Vll,
1275 1788 1330 1825 n.
1365 1771 1487 1835 145,
1521 1772 1658 1841 plut.
1692 1772 1746 1831 ⁸7,
1769 1771 1825 1825 1η
1858 1788 1965 1842 quo
2000 1771 2230 1826 Bandin.
2285 1772 2338 1825 in
2374 1770 2494 1825 Cat.
2546 1769 2699 1824 codd.
2743 1767 2835 1825 Gr.
2881 1768 3045 1822 Laur.
3076 1768 3116 1832 1,
3154 1783 3276 1839 pag.
3310 1768 3437 1834 225,
3462 1768 3677 1831 scribit,

418 1853 595 1910 Νοιιηί
626 1857 993 1927 Paraplirasin
1025 1860 1363 1917 concordare
1421 1876 1545 1917 cum
1579 1863 1664 1919 ed.
1703 1862 1958 1935 Sylburg.
1990 1862 2151 1926 1596,
2189 1879 2218 1916 a
2246 1878 2409 1918 versu
2441 1861 2618 1931 primo
2657 1876 2831 1930 usque
2861 1861 2928 1914 ad
2965 1875 3021 1914 ν.
3054 1859 3213 1923 1469,
3243 1860 3456 1930 reliqua
3492 1868 3673 1915 autem

406 1942 633 2015 deesse;
668 1945 958 2003 identidem
981 1959 1159 2005 tamen
1190 1949 1314 2005 cod.
1340 1951 1405 2005 ab
1428 1952 1559 2007 edit.
1586 1950 1823 2015 dillerre,
1846 1968 1911 2005 ex
1932 1967 2107 2022 eoque
2135 1952 2351 2022 supplet
2372 1953 2645 2013 lacunam,
2678 1966 2797 2021 pag.
2824 1950 2917 2015 80,
2939 1965 3134 2006 versus
3156 1950 3356 2006 unius:

1278 2039 1446 2107 Ζωῆς
1480 2041 1590 2111 γὰρ
1626 2038 1813 2095 πέλεν
1844 2040 2008 2108 εἶδαρ
2041 2042 2339 2111 ἐτήτυμον
2373 2041 2628 2113 ἡμετέρη
2657 2040 2834 2109 σάρξ.

407 2126 581 2183 Paris.
622 2127 677 2182 in
707 2126 840 2183 bibl.
886 2128 1034 2198 publ.
1078 2129 1202 2185 cod.
1252 2130 1510 2197 MCCXK,
1546 2149 1601 2186 ιι.
1645 2132 1700 2192 9.
1740 2131 2119 2200 Paraphrasis,
2168 2141 2273 2189 etc.
2310 2132 2552 2203 Mosquas
2596 2133 2650 2187 in
2705 2132 2837 2187 bibl.
2889 2130 3085 2203 synod.
3148 2128 3330 2187 Nonni
3377 2131 3436 2185 in
3475 2130 3677 2189 Joann.

409 2219 825 2281 Commentario.
875 2229 1013 2276 teste
1069 2222 1305 2276 Seltiada
1347 2224 1401 2276 in
1450 2224 1570 2279 Cat.
1616 2224 1771 2277 codd.
1819 2223 1991 2295 Mosq.
2048 2240 2170 2295 pag.
2214 2224 2515 2296 52.11am.)

481 2312 660 2365 Prima
694 2311 814 2365 Aldi
846 2310 1092 2377 Manutii,
1124 2312 1314 2370 Venet.
1358 2316 1510 2381 I501,
1545 2316 1599 2371 4.
1637 2315 1802 2372 ΕΑΒιι.
1838 2346 1907 2355 ——
1935 2316 2090 2371 Hunc
2121 2333 2325 2371 annum
2356 2331 2642 2388 perperam
2703 2316 2935 2372 indicari
2966 2330 3193 2372 necesse
3234 2323 3338 2373 est.
3371 2314 3509 2371 Nam
3537 2318 3591 2370 in
3621 2320 3681 2370 ti-

410 2416 478 2455 no
504 2402 807 2455 carminum
848 2401 1092 2470 Gregorii
1130 2400 1483 2469 Nazianzeni,
1511 2421 1633 2474 qua}
1658 2421 1709 2460 a.
1749 2405 1908 2466 1504.
1938 2406 1992 2471 4,
2032 2406 2226 2469 edidit,
2291 2406 2509 2461 demum
2547 2406 2829 2475 pollicetur
2856 2406 3029 2464 Aldus
3060 2406 3353 2463 editionem
3386 2406 3587 2471 Nomii,
3622 2415 3683 2461 ut

412 2492 529 2559 ipse
559 2490 667 2544 vidi
703 2489 879 2545 oculis
903 2491 1059 2545 meis.
1087 2489 1264 2545 Heuu.
1288 2520 1355 2531 —
1381 2494 1447 2547 Et
1480 2492 1683 2547 Veneta
1712 2504 1766 2550 et
1792 2492 2034 2548 Romana
2059 2496 2146 2549 el.
2170 2495 2336 2549 dubia
2377 2504 2432 2551 et
2463 2512 2589 2551 vero
2613 2496 2917 2551 adulterina
2944 2512 3069 2552 esse
3104 2497 3336 2552 videtur.
3375 2497 3437 2552 In
3463 2500 3679 2555 Arvood

411 2584 735 2655 (llarwodii)
756 2584 1035 2654 Prospetto
1053 2584 1108 2640 di
1126 2588 1268 2640 varie
1289 2587 1424 2641 edis.
1444 2588 1582 2659 degli
1597 2589 1774 2642 autori
1790 2589 2022 2650 classici.
2041 2605 2068 2642 a
2088 2588 2472 2652 Pinelloedito,
2495 2589 2692 2645 Venet.
2714 2590 2871 2655 1780,
2886 2590 2939 2655 8,
2960 2606 3081 2661 pag.
3107 2591 3231 2653 158,
3257 2606 3434 2661 neque
3464 2590 3683 2647 Venetae

410 2691 590 2744 neque
615 2674 873 2730 ﬂuuiana:
894 2678 1149 2732 editionis
1171 2678 1225 2731 lit
1246 2680 1487 2745 mentio;
1522 2687 1577 2732 at
1604 2679 1658 2734 in
1684 2679 2057 2735 recentissima
2074 2680 2219 2735 illius
2241 2680 2363 2734 libri
2394 2680 2481 2735 ed.
2502 2680 2763 2751 inscripta
2792 2701 2804 2735 :
2828 2681 2975 2752 Dein
2997 2676 3685 2741 autoriclassici—rBiblio-

414 2771 562 2824 theca
590 2766 864 2835 portatile,
894 2776 1034 2837 part.
1062 2785 1100 2833 ι,
1125 2768 1315 2824 Venet.
1339 2769 1498 2834 1795,
1532 2770 1587 2837 8,
1629 2778 1859 2840 utraque
1893 2771 1973 2826 sic
2014 2782 2348 2826 memoratur
2396 2790 2410 2826 :
2455 2772 2811 2842 Parapltrasis
2862 2774 2916 2827 in
2951 2771 3236 2841 Joannem,
3273 2772 3371 2828 Gr.
3398 2773 3453 2838 4,
3490 2773 3680 2830 Venet.

410 2860 538 2917 Ald.
573 2861 694 2916 sine
724 2871 892 2918 anno.
922 2880 941 2913 ‹
992 2862 1299 2918 Asserindo
1326 2864 1465 2919 Aldo
1494 2863 1828 2921 nell’lndice
1855 2866 1923 2920 de
1956 2866 2097 2921 versi
2120 2866 2266 2935 greci
2290 2865 2344 2920 di
2380 2863 2439 2920 S.
2478 2864 2741 2935 Gregorio
2767 2864 3027 2920 Nazianz.
3065 2866 3134 2918 da
3163 2864 3237 2919 lui
3279 2873 3554 2935 stampata
3597 2868 3686 2921 nel

414 2950 573 3016 1504,
605 2954 659 3009 di
686 2968 815 3009 aver
843 2955 1118 3026 publicato
1142 2953 1337 3011 Nonno
1369 2964 1449 3011 tre
1518 2956 1651 3010 anni
1689 2956 1956 3021 addietro,
2002 2956 2191 3027 perciti
2218 2956 2469 3012 edizionc
2494 2957 2624 3023 ,dev’
2668 2972 2853 3013 essent
2881 2956 2967 3011 del
3013 2955 3172 3010 1501.
3207 2973 3227 3007 ι
3279 2982 3333 2994 -
3367 2953 3435 3007 Ει
3474 2955 3682 3010 altera:

411 3074 484 3086 —
510 3044 699 3101 Graece
730 3046 785 3102 4.
815 3046 986 3101 Aldus
1023 3048 1178 3104 1508.
1230 3067 1249 3101 ι
1290 3045 1548 3103 Fabricio
1568 3048 1673 3102 cita
1706 3049 1797 3102 un'
1827 3050 1966 3102 altra
1997 3049 2245 3104 edizione
2265 3048 2316 3102 di
2355 3047 2528 3103 Roma
2558 3047 2612 3102 di
2648 3049 2827 3118 quest’
2853 3062 2998 3102 anno
3027 3046 3350 3109 medesimo,
3384 3060 3471 3099 ma
3506 3045 3685 3099 alcuui

413 3137 659 3192 credono
687 3138 791 3192 cbe
815 3137 976 3193 abbia
1010 3137 1146 3195 latto
1173 3139 1432 3209 equivoto
1469 3138 1594 3194 coll’
1621 3138 1839 3194 Aldina.
1897 3157 1917 3191 ι
1962 3168 2011 3178 -
2060 3136 2119 3192 ln
2145 3138 2298 3193 Seric
2324 3137 2451 3193 dell‘
2478 3137 2714 3192 edizioni
2758 3137 2974 3204 Aldine,
3008 3135 3194 3190 Patav.
3230 3134 3387 3198 1790,
3419 3150 3529 3189 una
3566 3145 3687 3188 tan-

414 3237 533 3285 tum
558 3229 754 3284 Aldina
785 3230 914 3285 edit.
953 3238 1412 3286 commemoratur
1436 3249 1448 3284 :
1474 3231 1531 3285 in
1556 3230 1737 3285 indice
1754 3229 1974 3301 quidem
2008 3231 2119 3289 sic:
2159 3228 2342 3284 Nonni
2376 3230 2763 3300 Paraphrasis,
2806 3230 2927 3283 sine
2970 3245 3116 3284 anno
3148 3228 3311 3291 1508,
3371 3234 3425 3282 et
3457 3226 3526 3281 ad
3566 3226 3621 3280 h.
3656 3240 3691 3278 ει

415 3319 532 3375 sive
558 3335 614 3389 p.
644 3320 736 3386 29,
765 3321 1091 3392 simpliciter
1120 3321 1366 3391 quidem,
1398 3321 1495 3377 sed
1527 3336 1582 3392 p.
1611 3321 1734 3376 152.
1770 3321 1827 3376 in
1858 3321 2058 3388 indice,
2105 3321 2367 3377 librorum
2402 3321 2581 3375 Aldin.
2619 3320 2741 3377 sine
2781 3321 2907 3374 anni
2939 3327 3087 3385 nota,
3125 3332 3450 3390 provocatur
3470 3332 3691 3390 quoquo

418 3407 487 3463 ad
510 3409 771 3465 Aldinum
800 3410 1056 3475 indicem,
1089 3412 1275 3467 addita
1316 3410 1826 3466 animadversione:
1864 3429 1884 3463 ι
1925 3411 2106 3481 percio
2138 3413 2316 3482 quest’
2354 3413 2604 3466 edizione
2637 3413 2684 3468 si
2711 3427 2948 3467 conosce
2989 3410 3077 3465 del
3110 3411 3269 3468 1501.
3313 3431 3332 3463 ι
3364 3440 3440 3453 --
3467 3410 3577 3464 Nec
3609 3410 3689 3464 bi-

419 3515 615 3555 narum
647 3502 864 3556 illarum
899 3504 1216 3557 memoriam
1247 3501 1579 3572 deprehendi
1602 3502 1894 3556 excitatam
1934 3519 1963 3556 a
1994 3503 2267 3559 Maittario
2300 3520 2364 3559 ac
2386 3503 2633 3559 Panzero
2664 3504 2719 3559 in
2756 3504 2822 3558 Α.
2850 3504 2914 3563 Τ.
2952 3519 3051 3560 nec
3085 3519 3115 3558 a
3157 3503 3397 3567 Denisio,
3450 3519 3628 3572 neque
3658 3521 3689 3557 ει

418 3593 487 3647 de
510 3590 669 3658 Bure,
705 3600 760 3647 et
795 3593 863 3647 ab
888 3591 1243 3660 Audill'redio,
1270 3608 1449 3663 neque
1478 3608 1509 3646 ει
1538 3591 1743 3655 Lairio,
1780 3608 1958 3665 neque
1989 3593 2043 3648 in
2077 3594 2166 3659 iis,
2193 3610 2333 3665 quos
2379 3594 2635 3665 equidem
2671 3595 2921 3650 consului
2981 3595 3359 3651 bibliothecar.
3402 3595 3691 3664 catalogis,

420 3692 651 3753 excepto
694 3685 859 3739 catal.
895 3685 1026 3740 bibl.
1061 3683 1192 3740 Leid
1221 3724 1238 3750 ,
1277 3686 1335 3739 in
1367 3700 1477 3755 quo
1511 3701 1632 3756 pag.
1665 3683 1736 3741 60
1788 3685 1871 3741 sic
1911 3694 2284 3741 memoratur:
2317 3715 2389 3727 -—-
2422 3685 2677 3756 Ejusdem
2713 3685 2942 3757 (Nonni)
2989 3687 3158 3741 versio
3180 3687 3387 3755 poetica
3416 3685 3691 3754 Evangelii

425 3778 677 3845 Joannis,
702 3778 923 3844 erce;
956 3778 1052 3835 sed
1093 3779 1449 3846 cursivis,uti
1479 3780 1587 3834 dici
1620 3780 1818 3843 solent,
1853 3779 2049 3833 litteris
2077 3792 2396 3848 expressum
2432 3778 2693 3833 additur:
2737 3777 2963 3833 Venetiis
2993 3778 3154 3845 1501,
3195 3787 3253 3830 ut
3292 3789 3371 3832 est
3397 3778 3691 3844 ascriptum

422 3859 458 3927 ἁ
489 3868 780 3925 Francisco
814 3869 1045 3936 Nansio,
1068 3872 1180 3941 qui,
1215 3881 1272 3924 ut
1303 3870 1527 3938 videtur,
1547 3887 1662 3925 eam
1691 3870 1959 3925 nonnullis
1986 3870 2039 3923 in
2064 3870 2189 3924 locis
2218 3870 2469 3924 restituit.
2515 3868 2647 3937 Qua:
2696 3886 2821 3925 cum
2858 3870 2932 3924 ita
2956 3871 3085 3938 sint,
3104 3871 3291 3940 spuria
3311 3886 3445 3925 sane
3462 3884 3583 3925 esse
3610 3867 3694 3923 vi-

423 3964 588 4020 detur
626 3961 870 4018 Romana
907 3962 1039 4018 edit.
1068 3980 1099 4017 a
1128 3964 1304 4019 Cavco
1324 3973 1377 4019 et
1408 3978 1439 4017 a
1465 3961 1762 4020 Possevino
1792 3964 1847 4017 in
1879 3964 2154 4032 Apparalu
2183 3963 2237 4017 1ι.
2262 3980 2315 4019 v.
2343 3963 2529 4026 citata,
2575 3974 2667 4016 aut
2690 3962 2918 4017 confusa
2943 3978 3069 4018 cum
3103 3964 3206 4017 alia
3238 3961 3505 4025 Romana,
3541 3975 3571 4012 a
3597 3958 3701 4015 Pi-

423 4056 592 4111 nellio
642 4055 953 4112 Harwoodii
988 4054 1156 4111 indici
1198 4056 1379 4111 addita
1422 4072 1476 4127 p.
1527 4057 1648 4114 158.
1673 4086 1743 4097 ——
1770 4058 1947 4128 Atque
1972 4056 2042 4111 ab
2072 4056 2436 4125 [lambergero
2464 4072 2529 4113 ex
2577 4056 2742 4112 catal.
2781 4056 2917 4112 bibl.
2956 4056 3132 4114 Paris.
3166 4056 3446 4128 quondam
3481 4053 3686 4124 Regina,

422 4148 862 4214 Belles-Lettrcs,
892 4156 1024 4205 tom.
1050 4147 1091 4212 l.
1116 4163 1170 4219 p.
1200 4147 1328 4217 269,
1354 4156 1408 4203 et
1436 4148 1631 4204 Theol.
1666 4164 1788 4218 pag.
1815 4148 1920 4202 512
1951 4163 1977 4202 e

802 4165 862 4214 rs,
892 4156 1024 4205 tom.
1050 4147 1091 4212 l.
1116 4163 1170 4219 p.
1200 4147 1328 4217 269,
1354 4156 1408 4203 et
1436 4148 1631 4204 Theol.
1666 4164 1788 4218 pag.
1815 4148 1920 4202 512
1951 4158 2006 4202 et
2030 4147 2137 4203 555
2155 4148 2320 4201 citata
2346 4165 2357 4200 :

495 4241 931 4309 —Paraplirasis
974 4238 1248 4311 Evangelii
1298 4239 1586 4294 secundum
1626 4238 1912 4305 Joannem,
1954 4237 2143 4293 Cnseo
2182 4240 2447 4301 carmine,
2470 4236 2652 4292 studio
2674 4235 2934 4292 Demetrii
2988 4236 3170 4293 Ducat.
3206 4235 3511 4303 Cretensis,
3545 4236 3690 4291 edita

425 4334 618 4391 Romae
652 4334 807 4399 15:26,
836 4334 892 4388 4.
938 4335 1115 4400 Atque
1138 4331 1473 4402 Hambergcr
1494 4332 1644 4387 illam
1670 4331 1805 4386 edit.
1831 4331 1956 4400 jure
1992 4330 2297 4403 principem
2324 4345 2449 4384 esse
2473 4327 2704 4398 judicat.
2740 4326 2916 4383 “ut.

502 4428 745 4481 llomaua
788 4426 946 4492 1508,
983 4424 1163 4479 Caveo
1207 4432 1527 4478 memorata.

499 4520 874 4595 Hagenocnsis
904 4518 1044 4589 apud
1065 4516 1331 4573 Joannem
1358 4516 1640 4572 Secerium
1676 4518 1831 4580 1527,
1862 4520 1917 4575 8.
1948 4516 2116 4572 ΕΑΒιι.
2140 4549 2211 4560 -
2234 4517 2371 4574 Cum
2408 4516 2639 4588 epistola
2680 4514 2825 4571 Phil.
2863 4516 3321 4583 Melancbthonis,
3358 4523 3691 4585 nuncupat.,

425 4632 495 4672 ex
524 4630 632 4687 qua
660 4622 808 4684 patet
833 4614 902 4668 ab
932 4613 1189 4667 eomulta
1236 4612 1355 4667 loca
1389 4628 1513 4669 esse
1558 4615 1865 4667 emendata.
1910 4612 2242 4683 Exemplari,
2297 4613 2439 4683 quod
2472 4619 2559 4668 est
2607 4612 2662 4665 in
2722 4611 2856 4668 bibl.
2904 4613 3056 4683 Publ.
3094 4610 3372 4677 Leidensi,
3404 4611 3573 4665 multa
3611 4612 3695 4666 vir

426 4708 626 4763 doctus
657 4704 928 4774 ascripsit,
970 4705 1270 4760 secundum
1293 4706 1454 4759 catal.
1500 4705 1646 4759 illius
1674 4705 1804 4759 bibl.
1845 4722 1899 4776 p.
1936 4706 2025 4758 60.
2071 4704 2244 4759 11Αιιι..

499 4797 978 4854 Francol‘urtensis
1008 4813 1038 4852 a
1074 4797 1232 4863 1511,
1260 4796 1401 4865 apud
1439 4796 1659 4851 Petrum
1688 4798 1937 4854 Brubacb

1857 4799 2078 4865 tcbium,
2109 4797 2163 4852 8.
2195 4796 2365 4850 ΕΑιιιι.
2392 4824 2463 4835 -
2487 4793 2775 4851 Praemissa
2804 4804 2934 4851 sunt
2982 4797 3412 4869 Ὁμηρόκεντρα.

384 4895 393 4951 ι
502 4892 830 4950 Parisiensis
860 4907 911 4948 a.
942 4892 1102 4956 1511,
1132 4892 1273 4964 apud
1293 4890 1562 4947 Jacobum
1604 4892 1936 4962 Bogardum.

502 4989 569 5039 Α.
612 4982 750 5038 1556
784 4981 1111 5041 Parisieusis
1152 4986 1319 5040 altera
1357 4989 1498 5057 apud
1542 4987 1834 5045 Martinum
1866 4987 2151 5057 iuvenem,
2191 4986 2514 5059 quibusdam
2550 4987 2605 5044 in
2645 4989 2782 5046 locis
2826 4986 3153 5054 correctior,
3206 4985 3298 5043 sed
3342 5002 3452 5040 non
3508 4985 3696 5057 paucis

433 5080 622 5143 etiam,
647 5086 869 5133 notante
908 5076 1133 5143 Nansio,
1167 5079 1338 5150 inagis
1380 5087 1661 5149 corrupta.

436 5236 511 5289 les
547 5232 824 5304 l'oyages._
848 5233 1181 5304 lesidmours
1222 5243 1269 5304 et
1307 5235 1378 5285 les
1422 5232 1738 5304 Conquestes
1776 5232 2010 5304 degBac~
2116 5230 2482 5304 cais,rétabli,
2508 5232 2707 5285 traduit
2726 5242 2773 5286 et
2792 5235 3080 5287 continente
3098 5247 3195 5299 par
3214 5231 3260 5287 le
3275 5241 3446 5304 cogite
3467 5228 3689 5304 (ιε-Μαι*-

434 5307 563 5359 chus
593 5300 901 5357 aux'ludvs.
932 5303 1212 5355 Traduites
1236 5301 1306 5354 du
1336 5319 1453 5371 grec
1486 5300 1556 5356 de
1579 5300 1803 5371 annus
1836 5302 2010 5356 Pano-
2116 5301 2299 5365 celius,
2320 5304 2514 5371 fancien
2554 5304 2792 5357 ministra
2818 5304 3290 5371 plénipotentiaire.
3334 5302 3491 5356 Enl'r.
3522 5300 3691 5353 Pun.

436 5376 545 5444 pol.
578 5373 754 5429 Paris.
780 5374 934 5435 1625,
965 5375 1020 5433 8,
1047 5370 1895 5444 prodiit._llsnt..—Prodicrunt
1918 5374 2012 5444 de-
2119 5439 2152 5444 _
2191 5372 2266 5444 (a)
2308 5370 2580 5426 Judiciunt
2638 5374 2742 5426 fert
2788 5370 2857 5428 de
2908 5373 3101 5426 Νοιιιιο
3154 5374 3286 5426 Dan.
3339 5372 3691 5444 lleiusiusuin

439 5439 552 5505 imo
572 5445 898 5514 Dionysiaca
920 5439 1065 5496 anno
1084 5440 1243 5503 1856,
1276 5441 1523 5503 Parisiis.
1542 5444 1682 5510 apud
1706 5442 1910 5496 Fll'lttlll
1934 5442 2012 5495 Di-
2119 5439 2537 5514 Prolegonteun.
2569 5444 2634 5497 ad
2662 5460 2820 5497 suum
2856 5443 3243 5505 Aristarchnm,
3274 5458 3394 5512 pag.
3420 5440 3692 5514 069~69'l;

439 5518 535 5571 dot
555 5509 772 5577 ltatzes,
801 5514 924 5578 iud,
945 5530 1007 5568 ex
1031 5514 1347 5567 recensione
1379 5513 1476 5566 viri
1512 5509 1725 5567 clariss.
1753 5514 2012 5566 cumitisa
2124 5511 2213 5565 ubi
2246 5512 2311 5565 de
2336 5513 2482 5568 vitiis
2511 5515 2814 5567 carminum
2846 5516 2967 5579 ejus
2991 5516 3246 5582 copiosus
3271 5509 3374 5580 est,
3404 5513 3564 5580 eique
3589 5509 3684 5561 tri.

444 5582 1450 5655 Mai-cellu.TitultIscstliic_:_1Vonnos
1490 5582 1587 5637 Les
1611 5584 2013 5655 Dionysiaques,
2123 5582 2242 5655 buit
2283 5584 2512 5655 llaeresin
2542 5583 2822 5655 Arianam,
2868 5585 3029 5655 idque
3068 5584 3313 5653 pluribus
3354 5582 3686 5653 argumentis

444 5673 510 5709 ou
536 5656 794 5712 Bacchus.
823 5653 1011 5711 Poe'me
1031 5670 1094 5710 en
1131 5652 1225 5709 XL
1242 5653 1382 5710 l’lll
1415 5654 1621 5721 chants,
1646 5671 1762 5725 gres
1790 5664 1836 5708 ct
1866 5653 2013 5722 ['ran-
2128 5652 2360 5716 probare
2384 5652 2585 5708 studet.
2613 5652 2786 5710 llrznn.
