3938 6214
336 419 445 475 677
1800 430 1891 485 NO

2051 434 2101 489 λ·
3258 432 3261 435 ’
3499 456 3606 512 678

337 545 399 591 ut
431 537 619 595 Billius
661 541 850 607 ediilit,
882 543 994 629 sive
1022 539 1197 598 Nonni
1235 543 1471 612 abbatis,
1512 553 1570 599 ut
1610 547 1664 600 in
1695 547 1953 621 Catalogo
1985 567 2117 606 mss.
2154 552 2282 607 bibl.
2328 552 2722 615 Escorialensis
2764 562 2981 616 exhibet
3020 564 3072 617 in
3106 564 3255 619 calce
3311 566 3602 635 Apparatus

339 633 501 687 Sacri
546 633 877 703 Possenius,
914 640 984 693 ob
1025 641 1317 694 nonnullas
1358 640 1810 698 ballucinationes
1846 653 1899 698 et
1936 645 1989 698 in
2037 647 2220 711 rebus,
2286 664 2423 717 quas
2473 650 2665 705 Nonne
2705 663 2874 723 poeta:
2923 633 3391 727 perspectissimus
3433 660 3603 715 fuisse

335 723 518 791 docet,
551 727 757 796 lapsus,
788 729 882 783 illo
910 744 1032 787 esse
1068 731 1381 802 indignum;
1418 733 1687 801 praecipue
1717 748 1840 786 eum
1874 734 1926 788 in
1960 736 2149 790 codice
2180 735 2616 805 Vindobonensi,
2662 752 2720 795 ut
2747 761 2809 798 ex
2841 723 3151 801 Monmouth
3180 760 3308 803 emt.
3343 767 3464 821 pag.
3488 752 3609 817 1‘27,

334 828 389 874 et
424 819 711 877 Lambecio
744 834 873 879 tom.
906 824 993 890 ιιι,
1035 825 1102 881 de
1128 826 1260 881 bibl.
1303 826 1537 883 Vindob.
1586 842 1708 899 pag.
1742 828 1868 894 207,
1906 828 2064 903 [ρας.
2097 832 2203 885 452
2244 847 2327 903 sq.
2354 835 2534 904 ibique
2555 835 3090 909 Kollar.,]apparct,
3124 819 3601 899 nullumrau—ctoris

334 931 533 971 nomen
570 927 765 986 exstet,
802 928 856 977 et
893 922 1320 979 commentarius
1363 923 1452 978 hic
1507 922 1576 979 ad
1632 924 1920 982 Maximum
1961 934 2249 997 quemdam
2293 931 2483 985 referri
2529 929 2773 985 videatur
2813 948 2842 985 a
2883 933 3091 997 Joanne
3135 936 3329 995 'l‘zetza
3361 934 3597 989 Cliiliud.

336 1024 410 1073 ix,
455 1026 504 1064 v.
548 1010 671 1066 865.

1105 1195 1243 1262 Περὶ
1271 1196 1378 1249 τοῦ
1399 1200 1687 1267 λέγοντος
1717 1199 1993 1268 χρησμοῦ
2023 1198 2127 1266 τὰς
2156 1200 2450 1267 Θετταλὰς
2478 1201 2586 1265 τὰς
2621 1198 2843 1267 ἵππους

1111 1270 1425 1341 Μέιῇανηταιἐ
1446 1268 1562 1341 μὲν
1589 1272 1685 1323 καὶ
1719 1269 1989 1338 Μάξιμος
2019 1270 2292 1338 ἱστοριῶν
2319 1271 2442 1338 τοῖς
2472 1272 2681 1341 λόγοις

1112 1338 1208 1401 "Ac
1233 1338 1751 1409 ῙστρρίαςΑέΊῬαψε
1788 1342 2113 1408 Γρηγόριος
2144 1345 2177 1394 ὁ
2204 1341 2407 1409 μέγας.

1112 1409 1290 1471 "Eae;
1327 1406 1379 1459 δ’
1416 1406 1597 1462 οὐδὲν
1627 1409 1770 1463 οὐδὲ
1801 1406 2003 1477 ,βραχὺ
2039 1409 2156 1463 τῶν
2186 1406 2297 1465 ἑοῦ
2320 1409 2597 1479 χρησμοῦ
2625 1409 2863 1479 εζρήκει.

402 1589 537 1644 Vide
565 1589 768 1643 laudati
798 1588 1024 1643 Bentleii
1055 1590 1499 1647 dissertationem
1528 1593 1595 1648 de
1621 1593 1869 1662 epistolis
1900 1592 2205 1648 Phalaridis
2233 1594 2434 1648 editam
2489 1587 2710 1659 Anglice
2738 1593 2970 1647 Lundiui
2997 1608 3047 1645 a.
3068 1584 3224 1658 (699,
3250 1609 3369 1664 pag.
3393 1593 3586 1657 94,26.

323 1682 594 1737 Caeterum
633 1684 684 1738 in
720 1682 896 1739 Nonni
934 1686 1325 1739 commentario
1357 1702 1617 1757 equarum
1659 1686 2098 1743 Tliessalicarum
2143 1688 2360 1758 quidem
2413 1688 2684 1756 aliquam,
2730 1696 2783 1741 at
2829 1688 3034 1741 nullam
3081 1689 3291 1758 reperio
3339 1689 3590 1760 χρησμοῦ

324 1775 495 1838 illius,
527 1790 555 1827 a
585 1775 782 1829 Tzetza
823 1775 1131 1837 memorati,
1164 1777 1515 1832 mentionem.
1557 1777 1622 1832 Et
1650 1786 1886 1841 constat,
1928 1779 2071 1848 quod
2106 1789 2296 1848 praeter
2322 1778 2571 1832 Nounum
2601 1779 2868 1833 Maximus
2904 1777 3186 1833 confessor
3214 1779 3325 1831 loca
3352 1779 3588 1832 dillicilia

320 1868 649 1925 Nazianzeni
688 1866 1010 1921 illustranda
1045 1866 1149 1920 sibi
1182 1869 1439 1938 sumpsit,
1476 1880 1534 1923 ut
1576 1869 1823 1925 fecerunt
1852 1870 2016 1924 etiam
2054 1868 2201 1924 Elias
2250 1870 2549 1937 Cretensis,
2582 1870 2814 1925 Basilius
2849 1869 3215 1925 Caesar-censis
3248 1868 3471 1937 (magno
3497 1872 3588 1924 illo

317 1962 560 2035 junior),
588 1960 807 2015 Nicelas
839 1958 1156 2023 Serronius,
1192 1960 1353 2014 Micli.
1390 1961 1600 2017 Psellus
1638 1963 1858 2032 aliique.
1903 1961 2230 2017 Prodierunt
2262 1961 2475 2016 Maximi
2503 1966 2711 2033 scholia
2738 1966 2789 2018 iu
2812 1964 3138 2021 Nazianzeui
3174 1966 3321 2018 locos
3343 1962 3586 2027 difﬁciles

319 2074 447 2112 cum
487 2056 679 2109 Latina
711 2055 962 2110 versione
994 2051 1220 2108 Joannis
1266 2056 1413 2110 Scoti
1455 2056 1733 2126 Erigeuae,
1774 2055 1949 2110 Oxon.
2003 2055 2160 2116 1681,
2214 2056 2331 2121 fol,
2373 2066 2425 2112 et
2469 2074 2497 2112 a
2539 2057 2711 2111 Nouni
2758 2060 3162 2111 commentariis
3217 2056 3585 2112 diversissima

318 2159 470 2205 sunt.
511 2148 777 2202 Caeterum
809 2148 1122 2220 quicunque
1157 2152 1257 2204 iste
1289 2149 1452 2205 fuerit
1488 2148 1736 2215 Nonnus,
1769 2150 1883 2203 sive
1914 2156 2100 2203 noster
2138 2150 2226 2202 ille
2248 2190 2262 2213 ,
2297 2150 2410 2204 sive
2446 2166 2475 2202 a
2521 2150 2912 2219 Panopolilauo
2938 2159 3144 2211 nostro,
3182 2158 3241 2203 ut
3269 2148 3586 2203 doctissimo

318 2244 439 2295 viro
466 2242 695 2296 libenter
736 2241 960 2311 largior,
993 2242 1264 2307 diversus,
1294 2258 1404 2296 non
1432 2242 1825 2296 contemnenda
1858 2243 2105 2311 qiuedam
2144 2258 2241 2296 nec
2275 2243 2415 2296 lectu
2448 2242 2746 2310 injucunda
2784 2243 2849 2296 ad
2879 2240 3276 2296 Nazianzenum
3303 2241 3583 2296 illustratio

318 2337 447 2390 dum
497 2342 808 2399 aunotasse,
859 2337 1029 2406 :cquis
1074 2336 1494 2391 aestimatoribus
1544 2335 1832 2389 videbitur.
1889 2336 2151 2399 Dionem,
2219 2345 2732 2399 commentatorem,
2787 2337 3393 2407 ὑπομνηματογράφον,
3449 2334 3584 2388 citat

320 2428 448 2483 bist.
504 2444 709 2484 xum.
761 2431 1096 2496 Aristmneti,
1156 2431 1426 2497 rhetoris,
1486 2430 1736 2487 meminit
1790 2430 1922 2486 bist.
1979 2445 2165 2496 xxxu,
2229 2431 2296 2485 ad
2355 2438 2495 2485 orat.
2548 2429 2972 2490 2.'Alexandrize
3017 2443 3077 2485 se
3124 2427 3295 2484 fuisse
3347 2433 3577 2482 testatur

321 2523 449 2577 bist.
496 2537 690 2579 xxxm.

1681 3331 2178 3359 “OM-
