3938 6214
202 305 293 362 701

202 424 231 480 δ
253 418 353 477 Καὶ
370 416 549 489 Μαρίη
571 413 842 486 δμώεσσιν
867 415 1124 470 ἐκέκλετο
1156 416 1312 471 τοῦτο
1346 417 1617 484 τελέσσαι,

203 508 421 585 Χριστὸς
447 509 579 577 ὅπερ
608 506 831 571 λέξειεν.
856 507 889 561 6
929 508 1225 579 Ἀμοιϐαίῳ
1249 510 1294 562 δ’
1325 511 1408 564 ἐνὶ
1440 511 1603 581 τοίχῳ

204 600 511 671 Κεκλιμένοι
538 598 815 669 στοιχηδὸν
845 600 1113 669 ὁμόζυγες
1138 601 1487 671 ἀμφιφορῆες

209 692 299 757 Ἐξ
321 692 497 755 ἔσσαν,
526 689 653 760 τρία
686 689 861 761 μέτρα
890 691 1209 760 κεχανδότες
1234 692 1385 762 εὐρέϊ
1417 691 1622 763 κόλπῳ,

216 785 299 839 Ἦέ
321 783 444 836 δύω·
477 782 571 834 καὶ
595 780 827 844 ἕκαστος
868 782 1168 836 Ἰουδαίοισι
1196 783 1486 851 φυλάσσων

205 871 397 944 Δαῖνέῳ
431 871 657 926 κενεῶνι
688 872 983 942 καθάρσιον
1009 873 1197 925 ἕϐλυεν
1232 873 1396 946 ὕδωρ,

215 964 389 1033 Ἀγνὸν
421 962 583 1033 ὕδωρ.
618 962 648 1014 7
675 962 787 1014 Καὶ
812 962 1048 1033 Χριστὸς
1083 964 1504 1035 ὑποδρηστῆρας
1534 963 1770 1033 ἐπείγων

206 1055 414 1126 Διψάδος
434 1044 749 1124 είλαπίνης,¹
768 1054 1037 1108 οίνοσσόον
1074 1055 1193 1125 ἴαχε
1220 1056 1416 1125 φωνήνε

218 1145 528 1220 Ἀρτιχύτων
561 1145 769 1199 ὑδάτων
796 1144 1108 1214 ἐγκύμονας
1131 1146 1492 1217 ἀμφιφορῆας

208 1238 444 1311 Πλήσατέ
475 1255 586 1309 μοι.
621 1238 733 1292 Καὶ
765 1237 976 1299 πάντας
1004 1237 1295 1307 ἀμοιϐαδὶς
1326 1238 1484 1292 ἄλλον
1514 1238 1599 1290 ἐπ’
1629 1238 1773 1309 ἄλλῳ

209 1332 452 1400 Νάματος
481 1329 789 1400 ἐπλήσαντο
817 1328 1113 1400 διάκτοροι,
1145 1328 1356 1382 εἰσόκεν
1381 1329 1563 1383 αὑτῶν

220 1422 542 1494 Ἀκροφανὴς
575 1420 797 1489 εὖῦδρος
826 1420 1093 1488 ἐπέστεφε
1123 1419 1297 1490 χεῖλος
1326 1419 1513 1492 ἐέρση.

214 1518 384 1585 Ἀφνω
416 1514 458 1567 δ’
485 1514 680 1567 ἔπλετο
706 1513 914 1583 θαῦμα,
948 1514 1040 1567 καὶ
1068 1515 1148 1577 είς
1180 1512 1336 1584 χύσιν
1374 1513 1601 1578 αἴθοπος
1631 1515 1775 1568 οἴνου

210 1606 420 1676 Χιονέην
449 1605 653 1676 ἧμειψε
682 1605 849 1675 χρόην
873 1605 1190 1676 ἑτερόχροον
1226 1604 1369 1677 ὕδωρ

211 1698 440 1769 Χεύματι
471 1697 827 1766 φοινίσσοντι,
855 1698 950 1750 καὶ
976 1698 1260 1767 ὑδροδόκου
1291 1696 1380 1751 διὰ
1412 1697 1635 1763 κόλπου,

212 1791 427 1853 ’Υδατος
459 1789 723 1860 ἀκρήτοιο
752 1788 991 1858 φιλεύῖος
1023 1789 1213 1843 ἔπλεεν
1240 1789 1404 1860 αὑρη.

213 1883 242 1936 8
268 1880 477 1953 Οἰνώπῃ
501 1880 545 1933 δ’
574 1880 861 1933 ἐκέλευσεν
890 1880 1060 1946 Ἀναξ
1088 1882 1389 1953 σημάντορι
1424 1885 1598 1953 φωνῇ’

212 1973 477 2043 Κρηναίης
502 1971 761 2042 ἀρύοντες
792 1972 1112 2042 ὑπωροφίης
1147 1973 1255 2026 ἀπὸ
1282 1973 1465 2044 ληνοῦ,

215 2061 495 2133 Είλαπίνης
522 2061 766 2133 μεδέοντι
795 2062 1090 2132 κομίσσατε
1121 2063 1356 2134 νήδυμον
1388 2062 1553 2134 ὕδωρ.

215 2157 273 2208 Οί
297 2156 352 2209 δὲ
398 2155 566 2227 χύδην
594 2154 822 2226 ἀρύοντο
854 2154 1257 2208 παλιννόστοισι
1289 2154 1600 2218 κυπέλλοις.

214 2248 245 2302 9
271 2246 366 2301 Καὶ
396 2247 602 2318 ταμίης
628 2248 715 2300 ὅτε
738 2246 918 2310 δαιτὸς
941 2247 1204 2316 ἐγεύσατο
1228 2247 1466 2320 μάρτυρι
1495 2246 1677 2318 λαιμῷ

218 2339 459 2409 Νάματος
493 2339 808 2402 οίνωθέντος
834 2338 1182 2409 ἐρευθιόωντι
1216 2338 1442 2410 ῥεέθρῳ,

219 2431 288 2484 υὺ
320 2431 412 2501 μὲν
449 2430 594 2500 ἀνὴρ
632 2430 795 2483 πόθεν
825 2425 923 2501 ἦεν
943 2430 1222 2483 ἐπίστατο·
1256 2429 1552 2500 ὑδροφόρος
1574 2429 1632 2482 δὲ

221 2522 371 2594 ᾜδεε
393 2521 585 2593 λάτρις
614 2522 821 2593 ὅμιλος,
844 2521 902 2585 ὃς
921 2520 1235 2593 ὑγροχύτων
1262 2521 1371 2574 ἀπὸ
1405 2520 1620 2574 κόλπων

221 2614 437 2681 Ἀγγεσι
472 2613 706 2675 λαῖνέοις
732 2613 1088 2683 μετανάστιον
1118 2613 1323 2682 ἥφυσεν
1359 2611 1523 2682 ὕδωρ.

224 2705 286 2760 l0
308 2704 607 2774 Εἰλαπίνης
636 2704 757 2757 τότε
788 2705 1003 2774 πομπὸς
1030 2703 1136 2756 ἔσω
1175 2702 1435 2774 μεγάροιο
1467 2700 1737 2765 καλέσσας

222 2793 462 2864 Νυμφίον
484 2794 896 2865 ἀρτιχόρευτον,
922 2794 996 2865 ἐῷ
1019 2794 1401 2866 προσπτύξατο
1427 2793 1579 2864 μύθῳ
1598 2809 1612 2824 ⁸

223 2882 322 2954 18
338 2885 448 2947 Πᾶς
472 2885 574 2954 μὲν
596 2884 754 2955 ἀνὴρ,
781 2882 1087 2953 πρώτιστον
1108 2885 1334 2954 ἐΰχροον
1351 2879 1492 2937 οἶνον
1512 2883 1788 2951 ἀφύσσων,

218 2973 555 3042 Κιρνάμενος
581 2971 889 3045 προτίθησι,
928 2971 1311 3043 βαρυνομένων
1338 2972 1394 3025 δὲ
1415 2973 1669 3043 καρήνων

224 3062 447 3133 Ἀνδρας
473 3061 599 3117 ἰδὼν
627 3061 941 3133 μεθύοντας,
971 3062 1237 3116 ἐλάσσονα
1262 3062 1511 3133 δεύτερον
1533 3058 1674 3116 οἶνον

234 3153 354 3222 Ὀψὲ
386 3154 564 3225 φέρει·
603 3154 666 3205 σὺ
706 3153 762 3205 δὲ
797 3152 983 3207 τοῦτον
1014 3153 1315 3224 ὑπέρτερον
1345 3152 1557 3206 ἔνδοθεν
1588 3151 1740 3205 οἴκου

222 3236 369 3295 Οἶνον
399 3242 542 3313 ἔχων
568 3242 838 3311 ἐφύλαξας
864 3242 968 3305 ἓως
994 3241 1123 3294 πέλε
1161 3241 1396 3304 λοίσθιος
1424 3241 1566 3313 ὥρη.

224 3334 281 3386 ll
314 3335 676 3405 Πρωτοφανὲς
708 3334 826 3388 τόδε
861 3333 1044 3405 θαῦμα
1078 3333 1401 3405 φιλακρήτῳ
1428 3334 1582 3405 παρά
1608 3332 1801 3403 παστῷ

234 3425 434 3495 Ἰησοῦς
472 3425 777 3489 ἐτέλεσσεν,
813 3426 919 3496 ὅπη
947 3427 1255 3480 Καναναῖον
1284 3425 1471 3479 ἀκούει

227 3518 431 3572 Ἐνδιον
460 3517 801 3587 αἰπύδμητον
831 3517 1221 3589 ἀκερσεκόμων
1250 3516 1573 3570 Γαλιλαίων.

234 3608 503 3678 Ἑϐραίοις
528 3607 570 3659 δ’
601 3607 864 3677 ἀνέφηνεν
890 3608 982 3679 ἐὴν
1017 3607 1295 3678 ὑψαύχενα
1323 3609 1490 3680 τιμὴν

224 3701 489 3772 Διψαλέην
519 3702 668 3773 παρὰ
689 3703 864 3757 δαῖτα’
895 3701 1241 3771 διχοστασίην
1272 3702 1329 3754 δέ
1358 3701 1607 3772 μενοινῆς

227 3790 449 3843 Ἴῐθεσιν
482 3790 817 3844 ἀκλινέεσσιν
851 3788 1219 3843 ἐπιστώσαντο
1251 3790 1506 3860 μαθηταί.

226 3882 291 3934 12
321 3883 397 3934 Οὑ
416 3881 519 3951 μὲν
552 3877 717 3946 Ἀναξ
747 3880 938 3951 δήθυνε
962 3880 1121 3934 πέδον
1137 3882 1444 3933 Καναναῖον
1472 3878 1667 3933 ἀκοῦον

225 3966 542 4036 Νυμφιδίην
578 3966 714 4034 μετά
742 3966 897 4019 δαῖτα
928 3967 1313 4036 μεθυσφαλέων
1338 3967 1631 4038 ὑμεναίων,

239 4058 399 4110 Ἀλλά
429 4056 811 4126 Καφαρναοὺμ
844 4057 1173 4125 ἀλιγείτονος
1195 4058 1394 4128 ἕδρανα
1415 4057 1632 4127 βαίνων,

227 4147 393 4199 Νόστι
403 4163 506 4216 μον
541 4146 684 4215 ἴχνος
712 4145 948 4215 ἔκαμψε,
982 4146 1303 4199 καταιϐάτιν
1329 4142 1484 4218 οἶμον
1508 4148 1705 4201 ὁδεύων

229 4238 421 4300 Αὐτὸς,
457 4235 595 4306 ὁμοῦ
631 4237 826 4303 γνωτοί
857 4254 918 4289 τε
948 4237 1259 4307 συνήλυδες·
1286 4238 1563 4309 αὑτογόνῳ
1586 4239 1644 4291 δέ

231 4328 508 4398 Παρθένος
533 4328 830 4399 ὡμάρτησε
864 4329 1131 4399 Θεητόκος
1159 4329 1266 4381 υἱέϊ
1293 4331 1495 4401 μήτηρ⁶

233 4413 351 4471 Οίσι
379 4419 819 4491 δυωδεκάριθμος
849 4420 1138 4490 ὁμόστολος
1156 4416 1301 4491 εἶχεν
1333 4420 1533 4474 ὁδεύων

246 4510 544 4581 Ἀγχιθέων
577 4512 702 4583 μίαν
741 4510 896 4582 οἷμον
926 4513 1213 4585 ὁπίστερος
1233 4514 1398 4586 ἐσμὸς
1420 4516 1669 4587 ἑταίρων.

1138 296 1623 354 ΡΑΒΑΡΗΒΑΞΙΞ
1661 297 1729 352 ΙΝ
1764 298 2178 358 JOANNEM.~—
2209 304 2362 361 CAP.
2395 303 2459 359 ll.

3339 307 3448 365 70?.

1790 428 1834 482 Α
1865 434 1967 475 mae
2001 435 2199 477 cursus
2229 424 2376 477 venit
2401 422 2689 478 circularis
2717 424 2882 477 horae.
2917 422 2950 477 5
2976 422 3041 477 Et
3071 421 3238 480 Maria
3262 424 3443 482 famu-

1870 510 1953 565 los
1978 513 2189 566 vocavit
2215 521 2273 567 ut
2299 516 2402 570 hoc
2426 516 2770 585 perﬁcerent,
2803 514 3057 571 Christus
3081 517 3447 589 quodcunque

1870 602 2118 658 dixisset.
2157 604 2189 658 6
2218 604 2482 674 Opposito
2511 616 2689 660 autem
2718 606 2771 659 in
2800 608 3006 677 pariete
3034 607 3324 662 Rcclinalee
3355 625 3448 663 or-

1869 694 1996 749 dine
2034 696 2346 765 conjunetaa
2367 699 2643 765 amphorae
2675 698 2777 752 Sex
2811 709 2987 763 erant,
3023 710 3132 754 tres
3160 715 3447 756 mensuras

1870 787 2148 856 capientes
2193 786 2301 840 lato
2340 787 2485 852 sinu,
2531 787 2625 843 Vel
2664 789 2913 844 duaszet
2949 790 3201 859 quaelibet
3245 790 3449 849 Judaeis

1870 880 2188 934 custodiens
2225 877 2494 948 Lapidosa
2521 882 2753 933 cavitate
2790 880 3071 935 lustralem
3114 883 3450 937 scaturiebat

1872 985 2092 1041 aquam,
2128 969 2328 1023 Puram
2357 984 2577 1040 aquam.
2608 970 2638 1022 7
2663 969 2726 1023 Et
2762 970 3017 1027 Christus
3049 973 3332 1028 ministros
3359 988 3453 1027 ur-

1872 1076 2006 1132 gens
2049 1061 2324 1116 Sitibundi
2364 1061 2636 1127 convivii,
2670 1061 2952 1116 viniferam
3001 1064 3185 1117 sonuit
3214 1079 3401 1119 vocem
3434 1082 3450 1118 :

1876 1152 2088 1208 Recens
2124 1152 2245 1208 fusa
2277 1168 2418 1223 aqua
2464 1152 2695 1207 refertas
2724 1152 3015 1222 amphoras
3049 1152 3269 1221 lmplete
3296 1154 3451 1207 mihi.

1876 1243 1943 1297 Et
1973 1258 2163 1300 omnes
2190 1245 2499 1299 alternatim
2530 1259 2695 1298 unam
2736 1250 2857 1312 post
2887 1243 3047 1296 aliam
3074 1245 3225 1311 Aqua
3260 1244 3455 1313 imple-

1878 1343 2073 1391 verunt
2106 1335 2364 1403 ministri,
2405 1336 2580 1391 donec
2620 1336 2864 1404 ipsarum
2907 1334 2964 1388 In
3011 1337 3322 1391 summitate
3364 1349 3458 1405 ap-

1876 1440 2077 1496 parens
2104 1441 2347 1496 aquosus
2385 1429 2683 1481 coronabat
2712 1427 2864 1479 labra
2892 1439 3003 1480 ros.
3042 1422 3233 1478 Subito
3276 1430 3457 1478 autem

1876 1524 1996 1571 erat
2042 1517 2403 1580 miraculum,
2437 1524 2491 1571 et
2533 1518 2588 1571 in
2636 1516 2859 1570 ﬁuorem
2894 1514 3034 1585 nigri
3075 1513 3185 1568 vini
3231 1512 3461 1567 Niveum

1879 1610 2112 1663 mutavit
2138 1610 2377 1664 colorem
2402 1608 2673 1664 diversam
2699 1622 2895 1677 aquam
2918 1605 3114 1661 Fluore
3133 1604 3460 1670 rubicundo,

1880 1708 1934 1755 et
1978 1714 2172 1770 aquam
2207 1700 2506 1769 capientem
2538 1714 2634 1769 per
2676 1699 2877 1763 sinum,
2916 1698 3084 1766 Aquae
3115 1712 3278 1751 merae
3323 1695 3462 1749 laeti-

1814 1759 1855 1814 Β
1885 1759 2060 1847 ﬁcans
2100 1759 2324 1846 natabat
2359 1759 2574 1845 humor.
2608 1791 2641 1845 8
2670 1759 2920 1844 Convivii
2954 1759 3133 1841 autem
3160 1788 3463 1856 inspectori

1880 1884 2046 1954 jussit
2068 1884 2183 1937 Rex
2228 1882 2585 1954 signiﬁcativa
2631 1897 2800 1937 voce:
2854 1878 3096 1934 Fontano
3146 1876 3465 1933 hauriemes

1885 1975 2186 2031 domestico
2218 1990 2286 2030 ex
2314 1974 2455 2039 lacu,
2487 1974 2730 2029 Convivii
2762 1973 3090 2028 moderatori
3119 1971 3306 2025 aﬁ‘erte
3339 1984 3469 2024 sua-

1885 2083 2008 2125 vem
2042 2083 2258 2138 aquam.
2300 2067 2380 2121 llli
2424 2081 2553 2122 vero
2590 2065 2791 2121 affatim
2824 2065 3147 2120 hauriebant
3184 2061 3467 2118 redeunti-

1888 2163 1993 2217 bus
2041 2162 2275 2232 poculis.
2324 2160 2358 2215 9
2403 2158 2471 2212 Et
2556 2158 2901 2227 dispensator
2960 2155 3177 2226 quando
3229 2153 3469 2209 convivii

1890 2261 2169 2326 gustasset
2200 2253 2533 2308 testiﬁcante
2564 2258 2781 2320 gutture
2809 2254 3021 2320 Aquam
3050 2253 3103 2304 in
3136 2248 3318 2303 vinum
3348 2262 3471 2302 ver—

1893 2362 2012 2403 sam
2046 2342 2353 2400 rubicundo
2394 2341 2583 2404 ﬂuore,
2625 2340 2744 2395 Non
2780 2356 2913 2396 sane
2941 2342 3023 2395 vir
3053 2339 3323 2394 undenam
3355 2344 3473 2392 erat

1895 2439 2087 2505 scivit;
2123 2436 2387 2507 aquarius
2427 2443 2607 2490 autem
2640 2434 2813 2488 Scivit
2842 2432 3111 2486 famulans
3146 2440 3345 2495 coetus,
3378 2428 3473 2499 qui

1897 2544 2092 2601 aquam
2128 2526 2482 2581 fundentibus
2525 2540 2592 2579 ex
2630 2524 2841 2579 sinibus
2871 2521 3033 2578 Vasis
3073 2520 3301 2591 lapideis
3343 2520 3477 2575 alie-

1895 2636 2020 2675 nam
2061 2618 2244 2674 hausit
2283 2632 2505 2687 aquam.
2540 2616 2607 2671 10
2633 2613 2878 2670 Convivii
2908 2621 3037 2668 tunc
3061 2612 3166 2666 dux
3199 2612 3341 2666 intra
3374 2612 3476 2665 do-

1896 2727 2043 2766 mum
2080 2725 2284 2765 vocans
2320 2707 2594 2778 Sponsum
2629 2707 2844 2760 noviter
2875 2704 3122 2763 ductum.
3152 2719 3253 2758 suo
3280 2702 3477 2758 allatus

1897 2810 1981 2859 est
2002 2800 2198 2855 verbo:
2218 2798 2324 2868 19
2343 2797 2531 2851 Omnis
2550 2797 2765 2866 quidem
2787 2795 2870 2849 vir
2884 2795 3113 2863 primum
3131 2793 3257 2847 boni
3279 2791 3480 2846 coloris

1896 2893 2085 2947 vinum
2116 2904 2393 2959 promens,
2422 2886 2641 2957 Eligens
2682 2886 2928 2954 apponit,
2969 2884 3211 2954 gravatis
3239 2896 3365 2936 vero
3394 2896 3481 2935 ca-

1900 2982 2105 3051 pitibus
2131 2979 2293 3033 Viros
2324 2978 2518 3032 videns
2544 2976 2745 3038 ebrios,
2773 2975 2935 3029 vilius
2965 2974 3111 3027 aliud
3138 2973 3323 3027 vinum
3347 2970 3480 3026 Sero

1902 3070 2040 3136 fert;
2083 3078 2141 3123 tu
2170 3082 2298 3123 vero
2334 3068 2437 3121 hoc
2477 3066 2826 3137 praastantius
2858 3065 3000 3118 intra
3028 3063 3247 3117 domum
3284 3062 3483 3121 Vinum

1903 3163 2130 3226 habens,
2174 3159 2405 3215 servasti
2447 3159 2621 3213 donec
2654 3164 2798 3213 esset
2830 3157 3021 3211 ultima
3063 3156 3218 3210 hora.
3254 3156 3315 3209 ll
3356 3154 3482 3209 Pri-

1899 3268 2046 3307 mum
2079 3266 2349 3322 apparens
2378 3251 2484 3305 hoc
2516 3249 2839 3303 miraculum
2867 3248 3005 3301 meri
3044 3247 3244 3317 cupido
3271 3246 3325 3300 in
3353 3260 3485 3300 con-

1898 3345 2047 3399 vivio
2076 3342 2237 3399 Jesus
2274 3341 2525 3413 perfecit,
2571 3340 2663 3394 ubi
2698 3339 3028 3393 Cananaeum
3061 3338 3211 3393 audit
3240 3335 3331 3408 [id
3366 3343 3484 3398 est,

1900 3433 2535 3506 dicitur]Divcrsorium
2593 3432 2702 3486 alte
2753 3438 3091 3486 exstructum
3140 3430 3483 3483 intonsorum

1903 3527 2273 3583 Galilaeorum.
2344 3524 2588 3581 Hebraeis
2649 3512 2837 3577 autem
2901 3522 3272 3576 manifestavit
3323 3534 3485 3574 suum

1904 3619 2203 3689 gloriosum
2257 3617 2521 3671 honorem
2569 3614 2860 3669 Sitibundo
2893 3616 2946 3668 in
2983 3613 3271 3668 convivio:
3314 3610 3488 3665 ambi-

1905 3708 2166 3780 guitatem
2215 3716 2395 3760 autem
2438 3708 2635 3779 mentis
2686 3702 2928 3758 Moribus
2978 3702 3148 3756 ﬁrmis
3199 3699 3491 3756 conﬁrma-

1907 3806 2035 3850 runt
2078 3795 2351 3865 discipuli.
2392 3793 2459 3846 12
2497 3792 2612 3846 Non
2656 3806 2788 3846 sane
2818 3789 2931 3845 Rex
2961 3785 3403 3843 commorabatur
3432 3784 3490 3839 in

1908 3897 2053 3944 terra
2090 3887 2359 3941 Cananma
2388 3885 2535 3939 dicta
2567 3883 2835 3954 Sponsale
2864 3889 2987 3951 post
3021 3881 3331 3933 convivium
3360 3877 3493 3930 vino

1910 3994 2214 4051 carentium
2240 3991 2579 4061 nuptiarum,
2613 3988 2716 4043 Sed
2743 3988 3088 4056 Capernaum
3120 3980 3382 4037 maritimi
3421 3979 3493 4034 ad

1913 4097 2229 4152 mansiones
2261 4094 2483 4158 vadens,
2516 4090 2756 4145 Rediens
2778 4087 3066 4158 vestigium
3108 4084 3277 4152 ﬂexit,
3319 4081 3492 4138 decli-

1916 4217 2032 4256 vem
2069 4199 2319 4257 semitam
2351 4196 2611 4252 incedens
2635 4192 2777 4264 Ipse,
2809 4190 2973 4246 simul
3001 4199 3055 4245 et
3085 4190 3281 4243 fratres
3315 4184 3495 4241 comi-

1917 4315 2034 4371 tes;
2071 4319 2167 4375 per
2195 4318 2255 4358 se
2278 4300 2523 4374 genitum
2547 4313 2676 4354 vero
2708 4295 2871 4367 Virgo
2902 4294 3232 4365 sequebatur
3263 4290 3496 4359 Deipara

1848 4446 1891 4501 ο
1923 4411 2092 4465 ﬁlium
2120 4414 2326 4462 mater:
2356 4404 2690 4470 Quibuscum
2717 4400 3086 4456 duodeuarius
3114 4410 3300 4451 comes
3327 4394 3498 4449 habe-
3535 4455 3556 4477 .

1922 4519 2015 4573 bat
2055 4514 2315 4571 incedens
2353 4509 2672 4564 Divinorum
2707 4520 2872 4562 unam
2904 4504 3047 4560 viam
3079 4499 3351 4573 posterior
3380 4509 3497 4553 ete-

1441 4654 1723 4712 TEXTUS
1763 4650 2300 4713 ΕΫΑΕΟΕΙᾸΕΤᾸΕ.

305 4797 360 4852 5.
394 4796 561 4863 Λέγει
592 4796 627 4865 ἡ
661 4795 844 4865 μήτηρ
883 4794 1047 4848 αὑτοῦ
1084 4794 1199 4859 τοῖς
1244 4792 1533 4858 διακόνοις·
1572 4795 1641 4848 Ὅ
1672 4812 1727 4849 τι
1757 4797 1825 4851 ἄν

237 4879 371 4951 λέγῃ
408 4882 560 4951 ὑμῖν,
585 4880 867 4948 ποιήσατε.

309 4963 362 5016 6.
395 4958 581 5014 ἾΙσαν
623 4960 679 5013 δὲ
713 4962 829 5013 ἐκεῖ
863 4959 1039 5031 ὑδρίαι
1063 4959 1261 5013 λίθιναι
1295 4958 1375 5023 ἓξ,
1409 4959 1660 5030 κείμεναι
1686 4960 1828 5014 κατὰ

240 5046 331 5097 τὸν
362 5042 707 5114 καθαρισμὸν
729 5041 839 5095 τῶν
876 5042 1162 5107 Ἰουδαίων,
1192 5041 1465 5113 χωροῦσαι
1494 5041 1600 5096 ἀνὰ
1628 5059 1831 5114 μετρη-

243 5129 341 5189 τὰς
371 5127 466 5179 δύο
494 5127 526 5196 ἢ
561 5128 729 5195 τρεῖς.

314 5210 343 5262 ’ῖ
374 5212 539 5277 Λέγει
566 5210 748 5272 αὑτοῖς
770 5209 798 5261 ὁ
830 5205 1056 5277 Ἰησοῦςο
1082 5207 1347 5277 Γεμίσατε
1372 5206 1471 5272 τὰς
1493 5208 1679 5279 ὑδρίας
1702 5207 1829 5261 ὓδα-

244 5307 358 5355 τος.
397 5291 511 5345 Καὶ
537 5291 801 5360 ἐγέμισαν
822 5288 991 5353 αὑτὰς
1022 5289 1127 5353 ἓως
1155 5289 1285 5343 ἅνω.

319 5375 353 5429 8
380 5376 490 5427 Καὶ
511 5374 659 5443 λέγει
677 5375 879 5437 αὑτοῖςο
919 5373 1242 5443 Ἀντλήσατε
1268 5370 1383 5439 νῦν,
1414 5374 1506 5427 καὶ
1535 5372 1728 5445 φέρετε
1746 5374 1825 5445 τῷ

247 5459 658 5530 ἀρχιτρικλίνῳ.
696 5458 807 5511 Καὶ
836 5460 1090 5529 ἤνεγκαν.

323 5542 358 5596 9
399 5542 486 5603 Ὠς
503 5541 559 5593 δὲ
580 5540 841 5608 ἐγεύσατο
857 5545 883 5594 ὁ
906 5538 1305 5612 ἀρχιτρίκλινος
1329 5539 1391 5592 τὸ
1414 5538 1557 5609 ὓδωρ
1572 5534 1713 5592 οἶνον
1738 5556 1829 5608 γε-

251 5626 558 5695 γενημένον
588 5625 702 5693 (καὶ
727 5625 827 5678 οὐκ
855 5624 971 5695 ᾔδει
1005 5623 1168 5677 πόθεν
1215 5624 1381 5677 ἐστίν·
1415 5626 1462 5677 οί
1505 5624 1561 5678 δὲ
1594 5623 1831 5678 διάκονοι

249 5704 476 5775 ᾔδεισαν
501 5710 552 5763 οἱ
583 5708 906 5780 ἠντληκότες
937 5708 997 5763 τὸ
1032 5707 1224 5781 ὕδωρ),
1252 5709 1419 5777 φωνεῖ
1442 5707 1532 5763 τὸν
1553 5706 1781 5778 νυμφίον
1810 5708 1837 5758 ὁ

1921 4789 2342 4864 ἀρχιτρίκλινος·

1999 4856 2062 4930 ΪΟ
2090 4856 2401 4937 ’Καὶ.λέγει
2451 4864 2621 4935 αὐτῷ’
2664 4864 2782 4926 Πᾶς
2828 4860 3112 4933 ἄνθρωπος
3150 4857 3367 4930 πρῶτον
3410 4856 3504 4914 τὸν

1922 4956 2088 5012 καλὸν
2119 4952 2259 5008 οἶνον
2307 4952 2509 5021 τίθησι,
2558 4948 2653 5001 καὶ
2699 4946 2826 4999 ὅταν
2875 4941 3204 5015 μεθυσθῶσι,
3254 4943 3374 4996 τότε
3409 4942 3503 4997 τὸν

1924 5042 2156 5094 ἐλάσσω·
2182 5038 2246 5089 σὺ
2269 5035 2580 5104 τετήρηκας
2606 5030 2698 5082 τὸν
2733 5027 2897 5080 καλὸν
2925 5022 3064 5079 οἶνον
3086 5026 3190 5089 ἓως
3215 5026 3359 5097 ἄρτι.

1997 5125 2058 5177 ll
2096 5120 2311 5190 Ταύτην
2346 5116 2570 5185 ἐποίησε
2610 5113 2709 5183 τὴν
2741 5110 2913 5182 ἀρχὴν
2940 5110 3048 5163 τῶν
3081 5109 3322 5180 σημείων
3342 5110 3369 5161 ὁ
3399 5108 3506 5179 ’1η-

1933 5207 2060 5271 σοῦς
2092 5209 2149 5259 ἐν
2182 5204 2337 5273 Κανᾷ
2369 5202 2469 5270 τῆς
2504 5197 2813 5261 Γαλιλαίας,
2843 5194 2936 5248 καὶ
2964 5194 3276 5265 ἐφανέρωσε
3298 5193 3394 5264 τὴν
3414 5193 3506 5249 δό-

1930 5289 2026 5355 ξαν
2059 5287 2244 5343 αὑτοῦ·
2281 5286 2375 5339 καί¹
2408 5282 2730 5336 ἐπίστευσαν
2763 5280 2842 5342 εἰς
2874 5278 3033 5332 αὑτὸν
3063 5279 3111 5331 οἱ
3146 5277 3383 5348 μαθηταὶ
3406 5274 3511 5328 αὑ-

1926 5390 2041 5426 του.

1999 5456 2065 5510 12
2098 5452 2249 5507 Μετά
2269 5450 2427 5506 τοῦτο
2450 5447 2653 5518 κατέϐη
2687 5449 2766 5511 είς
2792 5446 3185 5517 Καπερναοὺμ,
3215 5440 3375 5502 αὐτὸς
3406 5440 3502 5492 καὶ

1928 5544 1960 5612 ἡ
1998 5541 2177 5610 μήτηρ
2212 5536 2375 5590 αὑτοῦ
2406 5536 2500 5589 καὶ
2530 5536 2579 5587 oi
2605 5532 2825 5601 ἀδελφοὶ
2858 5529 3032 5583 αὑτοῦ
3063 5528 3162 5612 καὶ
3187 5528 3235 5578 οί
3269 5524 3508 5597 μαθηταὶ

1935 5610 2121 5678 αὑτοῦ·
2146 5623 2238 5677 καὶ
2264 5621 2382 5675 ἐκεῖ
2406 5619 2624 5693 ἔμειναν
2657 5616 2717 5669 οὑ
2744 5613 2946 5677 πολλὰς
2969 5610 3198 5682 ἡμέρας.
