3938 6214
471 303 577 360 765

1707 304 1915 362 NONNI
1949 305 2457 362 mucronum
3645 308 3738 392 ἰιι

469 429 562 474 tus
591 415 885 474 sociorum.
920 415 1105 487 Neque
1133 433 1265 474 sane
1305 419 1378 474 ibt
1419 430 1621 476 mansu
1659 437 1754 492 per
1790 424 1909 479 dics
1937 438 2049 478 cre-

2171 426 2234 478 υύ
2272 423 2330 477 δὲ
2361 424 2459 493 μὲν
2486 421 2670 474 αὐτόθι
2703 421 2899 493 μίμνεν
2923 421 2980 486 ἐς
3011 422 3198 493 ήματα
3232 423 3412 478 πυκνὰ
3441 421 3704 496 θαμίζων·

471 511 600 564 bros
646 508 998 578 frequentans
1023 527 1036 562 :
1062 507 1238 578 Prope
1281 511 1424 564 cnim
1471 519 1604 567 tunc
1636 519 1756 568 erat
1789 513 2001 570 Pascha
2035 532 2048 568 :

409 601 420 663 ξ
475 599 541 652 15
573 613 852 654 sacrorum
897 598 1272 653 tractationem
1323 614 1451 656 vero
1491 601 1790 667 honorans,
1825 603 2054 660 Sancto-

471 706 592 746 rum
622 689 866 746 ascendit
895 689 961 744 ad
999 689 1157 745 sedes
1207 689 1708 763 Hierosolymorum
1743 694 1879 749 Cum
1925 712 2057 766 pru-

471 785 728 840 dentibus
748 783 933 840 sociis.
974 784 1039 839 14
1080 784 1273 839 Divino
1301 793 1484 839 autem
1518 785 1572 839 in
1613 786 1816 855 templo
1840 786 2056 841 Cornu-

470 883 557 930 tos
590 875 754 928 boves
796 873 1005 928 invenit
1029 915 1044 939 ,
1087 883 1141 928 et
1179 873 1544 944 lanigerarum
1583 875 1807 931 ordines
1837 875 2050 943 ovium,

474 963 538 1018 Et
567 964 748 1018 varias
782 965 1044 1021 membris
1074 964 1390 1029 columbas;
1432 965 1709 1022 sedentem
1732 981 1862 1020 vero
1890 965 2054 1020 Num-

468 1059 760 1113 mularium
793 1066 995 1114 coetum
1026 1058 1232 1113 invenit
1257 1057 1442 1113 divitis
1477 1073 1696 1122 mensae,
1733 1057 1799 1111 Et
1824 1059 2052 1113 multum

470 1157 676 1204 emtum
711 1149 845 1203 vidit
875 1149 1240 1218 negotiantem
1269 1163 1436 1218 supra
1471 1148 1681 1213 sedilia,
1717 1147 1918 1204 Venale
1954 1165 2052 1206 ne-

472 1243 680 1312 gotium
721 1242 1034 1296 habentem.
1065 1240 1132 1294 15
1166 1239 1232 1293 Et
1263 1241 1314 1294 iu
1346 1240 1603 1297 manibus
1641 1242 1866 1298 volvens
1889 1241 2054 1297 Com-

469 1334 687 1401 plexum
711 1349 776 1388 ex
803 1332 1027 1388 funibus
1057 1332 1304 1402 spurium
1347 1331 1475 1388 fecit
1507 1333 1777 1404 ﬂagellum
1797 1375 1812 1399 ,
1857 1334 1922 1389 Et
1951 1336 2052 1391 bo-

470 1426 658 1480 vinum
687 1439 899 1494 gregem
928 1423 1157 1494 expulit,
1185 1433 1238 1478 et
1267 1423 1488 1480 Ordines
1518 1424 1726 1489 ovium,
1765 1424 1928 1480 Extra
1953 1425 2054 1480 do-

471 1531 620 1570 mum
672 1515 990 1582 odoratam;
1025 1515 1276 1571 crebrum
1321 1521 1501 1570 autem
1533 1516 1776 1580 volvens,
1803 1515 2052 1588 Praeceps

472 1607 814 1678 percutiebat
864 1623 1107 1662 eversam
1168 1616 1536 1677 quaestuosam
1585 1607 1767 1662 sedem
1812 1607 1855 1661 Ε
1895 1624 2053 1664 sacro

472 1700 813 1770 pavimento;
837 1699 1097 1769 praecipiti
1113 1707 1294 1754 autem
1316 1699 1615 1754 vibratione
1628 1698 1832 1754 Eﬂ'udit
1855 1700 1909 1754 in
1935 1708 2052 1755 ter-

2169 514 2392 586 Ἐγγύθι
2416 513 2527 586 γὰρ
2553 511 2676 566 τότε
2704 514 2913 584 Πάσχα·
2945 514 3013 569 15
3043 513 3342 586 θυηπολίην
3366 514 3422 569 δὲ
3447 515 3735 586 γεραίρων,

2155 605 2414 672 Εύαγέων
2441 602 2724 656 ἀνέϐαινεν
2755 605 2813 666 ἐς
2836 602 3058 672 ἕδρανον
3096 603 3478 675 Ίροσολύμων,

2155 696 2261 746 Σὺν
2294 697 2539 757 πινυτοῖς
2568 693 2833 764 ἑτάροισι.
2862 694 2929 751 14
2957 693 3247 764 Θεοκλήτῳ
3274 695 3316 748 δ’
3348 695 3430 747 ἐνὶ
3456 695 3574 766 νηῷ

2154 785 2464 856 Εύκεράους
2503 785 2632 854 βόας
2669 779 2816 856 εὗρε,
2846 784 2938 838 καὶ
2968 785 3271 856 εἰροπόκων
3302 786 3461 857 στίχα
3491 785 3701 856 μήλων,

2154 875 2265 928 Καὶ
2293 875 2514 938 στικτὰς
2544 873 2791 945 μελέεσσι
2818 873 3100 938 πελειάδας
3120 889 3134 903 °
3164 874 3420 947 ἑζόμενον
3453 876 3510 929 δὲ

2154 965 2502 1036 Κερμοδότην
2536 966 2696 1036 χορὸν
2729 959 2856 1037 εῦρε
2886 965 3262 1054 φιλοπλούξοιο
3289 967 3596 1039 τραπέζης,

2155 1058 2264 1112 Kal.
2291 1056 2457 1110 πολὺν
2478 1057 2646 1127 ἐσμὸν
2672 1057 2862 1110 ὄπωπε
2898 1057 3238 1129 φιλέμπορον
3265 1058 3421 1127 ὑψόθι
3447 1058 3666 1123 θώκων,

2159 1151 2339 1202 Ὠνιον
2369 1147 2587 1218 ἔχοντα.
2615 1148 2683 1202 15
2704 1149 2816 1200 Καὶ
2839 1149 2896 1202 ἐν
2925 1148 3242 1221 παλάμῃσιν
3275 1149 3452 1214 ἑλίξας

2155 1241 2479 1310 Σύμπλοκον
2509 1243 2574 1294 ἐκ
2601 1241 2833 1312 οχοίνοιο
2861 1242 3022 1312 νόθην
3047 1243 3276 1311 ποίησεν
3306 1242 3604 1314 ἱμάσθλην,

2155 1333 2265 1387 Καὶ
2293 1332 2452 1403 βοέην
2484 1333 2691 1405 ἀγέλην
2717 1333 2972 1403 ἐξήλασε,
3002 1335 3097 1388 καὶ
3137 1334 3296 1404 στίχα
3329 1334 3536 1406 μήλων,

2153 1425 2328 1493 Νόσφι
2357 1425 2522 1496 δόμου
2558 1423 2809 1489 θυόεντος
2829 1440 2844 1456 ο
2899 1425 3280 1496 ἐπασσυτέρην
3311 1425 3368 1478 δὲ
3403 1422 3690 1489 κυλίνδων,

2153 1514 2450 1586 Κύμϐαχον
2475 1512 2727 1584 ὴκόντιζε
2753 1515 3095 1587 μετάτροπον
3117 1515 3358 1588 ἔμπορον
3380 1515 3546 1587 ἐδρην

2167 1604 2257 1671 Ἐξ
2285 1605 2431 1678 ἱεροῦ
2452 1606 2724 1660 δαπέδοιο·
2757 1606 3122 1680 κυϐιστητῆρι
3157 1608 3214 1661 δέ
3241 1609 3438 1680 παλμῷ

2167 1697 2383 1768 Ἐξέχεε
2423 1697 2574 1768 χθονὶ
2611 1698 2795 1770 κέρμα
2825 1698 3256 1769 πολυστρέπτοιο
3277 1701 3585 1772 τραπέζης.

470 1807 587 1845 ram
609 1791 892 1860 pecuniam
924 1791 1151 1844 multum
1167 1790 1433 1846 versatilis
1457 1805 1676 1846 mensae.
1697 1791 1806 1860 20
1833 1792 1898 1846 16
1927 1790 2049 1845 Viro

2171 1789 2259 1858 ξι
2281 1789 2347 1843 16
2379 1790 2556 1860 Ἀνδρὶ
2586 1789 2641 1842 δὲ
2669 1790 3035 1861 πιπρήσκοντι
3064 1791 3355 1855 πελειάδας
3385 1792 3502 1863 ίαχε
3535 1793 3733 1866 φωνήνο

470 1893 652 1943 autem
678 1882 932 1936 vendenti
953 1880 1238 1938 columbas
1270 1880 1456 1936 sonuit
1479 1896 1664 1936 vocem
1687 1901 1700 1937 :
1725 1881 1848 1937 time
1877 1892 2053 1939 trans-

470 1976 604 2028 ferte
642 1973 956 2042 lapidosum
978 1982 1132 2028 extra
1171 1973 1455 2042 templum,
1494 1972 1681 2044 Neque
1713 1973 1852 2028 lucri
1879 1973 2052 2029 avida:

469 2063 666 2116 mentis
696 2062 902 2131 gravati
949 2061 1192 2126 stimulo,
1216 2060 1486 2120 Mercatus
1529 2064 1751 2119 domum
1802 2072 2050 2119 sanctam

467 2154 573 2208 mei
615 2151 830 2208 faciatis
870 2152 1090 2209 Patris:
1129 2152 1466 2210 Prccationis
1494 2155 1639 2209 enim
1678 2155 1794 2210 haec
1832 2155 2048 2212 domus.

470 2245 537 2297 17
568 2243 634 2297 Et
663 2244 932 2300 recordati
965 2252 1092 2300 sunt
1118 2245 1377 2316 discipuli
1405 2245 1558 2312 Quod
1580 2246 1843 2303 divinitus
1875 2247 2050 2316 inspi-

468 2349 587 2394 rato
608 2339 883 2410 signatum
909 2347 1029 2393 erat
1057 2339 1198 2394 libro
1232 2357 1245 2393 :
1282 2339 1444 2394 Zelus
1480 2355 1566 2395 me
1595 2340 1796 2396 divina:
1823 2347 1929 2395 tua:
1957 2355 2052 2395 co—

469 2433 640 2487 medit
681 2432 897 2487 domus.
941 2431 1008 2484 18
1041 2429 1107 2484 Ει
1145 2431 1246 2500 ipsi
1279 2429 1623 2484 minatricem
1652 2429 1921 2486 eructavit
1961 2445 2054 2500 po-

472 2526 634 2592 pulus
682 2537 912 2576 vocem:
957 2521 1149 2588 Qualia
1179 2520 1322 2591 apud
1383 2519 1642 2576 llebraaos
1700 2519 1851 2574 varia
1895 2520 2052 2591 signa

470 2612 746 2676 ostendes,
777 2610 932 2677 Quod
982 2619 1038 2664 tu
1085 2610 1200 2664 haac
1249 2609 1561 2680 perfecisti?
1600 2609 1661 2663 19
1695 2608 2051 2665 Contentioso

468 2707 650 2756 autem
693 2700 887 2770 populo
921 2698 1306 2753 Admirandam
1337 2697 1670 2769 incognitam
1703 2696 1813 2752 Rex
1833 2705 2050 2752 eructa-

469 2792 548 2848 vit
582 2807 766 2846 vocem
799 2789 1044 2845 :Solvite
1092 2790 1229 2844 hanc
1279 2788 1525 2854 domum,
1567 2803 1667 2858 ego
1701 2803 1832 2844 vero
1877 2789 2048 2859 ipsam

467 2885 675 2956 crigam
708 2883 904 2939 Diebus
933 2884 985 2936 in
1019 2882 1213 2936 tribus.
1242 2881 1313 2936 20
1340 2879 1643 2951 Respondit
1668 2888 1852 2936 autem
1881 2896 2051 2951 popu-

468 2977 557 3032 lus
584 2995 596 3030 :
627 2973 802 3042 Quam
843 2973 1100 3026 Solomon
1132 2972 1259 3027 fecit
1288 2970 1527 3041 lapidum
1566 2970 1717 3026 vario
1742 2983 1958 3035 ornatu,
1992 2970 2049 3024 ln

467 3068 688 3139 longum
709 3065 920 3120 initium
954 3078 1228 3119 reversam
1260 3071 1450 3118 texens
1475 3059 1580 3116 Sex
1606 3071 1662 3117 et
1687 3061 2047 3132 quadraginta

2154 1880 2342 1934 Ταῦτα
2373 1880 2787 1953 μεταστήσασθε
2809 1879 3062 1946 λιθώδεος
3089 1881 3271 1935 ἔκτοθι
3303 1883 3457 1953 νηοῦ,

2151 1973 2303 2045 Μηδὲ
2331 1973 2700 2042 φιλοκτεάνοιο
2724 1973 2845 2026 νόου
2883 1973 3212 2045 βεϐαρηότες
3243 1974 3465 2046 οἴστρῳ,

2166 2067 2468 2139 Ἐμπορίης
2500 2068 2662 2140 δόμον
2692 2069 2853 2138 ἁγνὸν
2887 2068 3022 2140 ἐμοῦ
3045 2069 3303 2140 τελέσητε
3331 2069 3566 2140 Τοκῆοςο

2159 2159 2341 2229 Εύχῆς
2363 2159 2470 2229 γὰρ
2494 2159 2610 2212 τόδε
2633 2158 2809 2229 δῶμα.
2842 2159 2906 2212 17
2938 2157 3044 2212 Καὶ
3077 2159 3384 2230 ἐμνήσαντο
3426 2157 3668 2230 μαθηταὶ

2154 2250 2309 2302 Ὅττι
2341 2248 2683 2319 θεοπνεύστῳ
2711 2250 3122 2322 κεχαραγμένον
3146 2249 3338 2302 ἔπλετο
3361 2249 3531 2320 βίϐλῳ
3555 2267 3570 2280 ·

2153 2339 2322 2410 Ζῆλος
2352 2339 2454 2410 ἐμὲ
2481 2339 2696 2404 ζαθέοιο
2727 2341 2853 2394 τεοῦ
2885 2340 3273 2394 καταδαίνυται
3305 2341 3484 2394 οἴκου.

2153 2429 2221 2483 18
2255 2429 2363 2482 Καί
2396 2431 2445 2482 οἱ
2479 2429 2868 2502 ἀπειλήτειραν
2897 2431 3138 2502 ἁνήρυγε
3159 2430 3286 2494 λαὸς
3326 2432 3491 2502 ἰωήν

2153 2524 2288 2575 Ποῖα
2311 2523 2438 2593 παρ’
2479 2521 2750 2594 Ἑϐραίοις
2774 2522 3106 2594 ἐτερότροπα
3137 2525 3353 2594 σήματα
3371 2523 3591 2588 δείξεις,

2156 2612 2311 2665 Ὅττι
2344 2614 2407 2666 σὺ
2430 2611 2602 2666 ταῦτα
2636 2613 2927 2678 τέλεσσας;
2961 2613 3028 2668 19
3062 2613 3414 2685 Ἀμιλλητῆρι
3445 2615 3503 2668 δὲ
3534 2613 3649 2688 λαῷ

2151 2702 2473 2774 Θαμϐαλέην
2499 2704 2772 2771 ἄγνωστον
2796 2703 2963 2770 Ἀναξ
2987 2702 3252 2774 ἢρεύγετο
3285 2706 3470 2776 φωνήν
3490 2721 3505 2735 ο

2151 2794 2365 2846 Λύσατε
2392 2792 2551 2846 τοῦτο
2575 2794 2862 2866 μέλαθρον,
2895 2793 3006 2864 ἐγὼ
3037 2795 3095 2849 δέ
3129 2814 3221 2866 μιν
3247 2797 3408 2858 αὐτὸς
3431 2797 3633 2870 ἐγείρω

2156 2883 2398 2952 Ἧμασιν
2427 2883 2485 2935 ἐν
2518 2886 2838 2956 τρισσοῖσιν.
2872 2883 2942 2938 20
2982 2885 3416 2954 Ἐπεφθέγξαντο
3441 2887 3498 2940 δὲ
3524 2887 3666 2942 λαοί·

2159 2974 2254 3026 Ὃν
2285 2972 2537 3044 Σολομὼν
2562 2973 2756 3045 ποίησε
2778 2961 2942 3029 λίθων
2980 2977 3259 3049 ἐτερόχροῖ
3282 2979 3492 3050 κόσμῳ,

2106 3127 2117 3145 1
2152 3065 2247 3128 Ei;
2270 3063 2487 3135 δολιχὴν
2517 3063 2740 3134 βαλϐἶδα
2772 3064 3143 3137 παλινδίνητον
3179 3068 3422 3135 ὑφαίνων

465 3125 842 3213 ωιίἰῖἰοοιὶοηίε
878 3154 1203 3226 cupidorum
1230 3167 1526 3218 annorum,
1566 3151 1840 3208 IEditiciis
1866 3162 2049 3224 postc-

2171 3125 2261 3217 Ἐξ
2286 3125 2815 3224 καὶΙτεσσαράκοντα
2845 3125 3204 3223 φιλοκτίστων
3227 3125 3519 3222 ἐνιαυτῶν,

466 3250 703 3305 rioribus
742 3263 939 3304 rursus
984 3246 1218 3300 solutam
1255 3244 1477 3299 domum
1523 3243 1764 3313 erigeres
1816 3243 2048 3298 Tantam

467 3349 591 3412 post
637 3346 859 3403 metam,
909 3345 1031 3409 post
1065 3337 1240 3392 tertia:
1285 3351 1510 3393 cursum
1560 3337 1806 3391 aurorae?
1841 3336 1904 3389 21
1957 3334 2051 3392 Ille

468 3430 729 3498 templum
761 3428 898 3481 dixit
936 3428 1021 3481 sui
1050 3428 1314 3498 corporis,
1355 3427 1498 3498 quod
1531 3427 1766 3498 quodam
1799 3442 2050 3484 sermone

470 3520 704 3575 llorrido
738 3519 990 3574 Christus
1028 3528 1144 3573 erat
1171 3526 1294 3589 post
1326 3521 1547 3575 tertium
1584 3520 1726 3575 diem
1756 3521 2051 3576 resuscita-

471 3621 648 3666 turus.
682 3610 753 3663 22
782 3609 887 3664 Sed
914 3610 1133 3678 quando
1158 3626 1287 3665 sane
1310 3617 1432 3680 post
1461 3611 1639 3667 sinum
1661 3611 1927 3682 irregradi
1955 3613 2050 3666 ba-

471 3701 640 3756 rathri
672 3698 863 3754 Rednx
891 3715 959 3754 ex
983 3699 1174 3754 inferis
1205 3715 1396 3756 rursus
1424 3700 1641 3756 vivente
1671 3701 1905 3768 quodam
1939 3700 2050 3757 fato

474 3790 722 3846 Veterem
759 3790 1100 3859 reciprocum
1126 3806 1285 3845 suum
1314 3792 1612 3862 resumpsit
1634 3792 1893 3847 honorem
1923 3792 2048 3847 Co:-

471 3884 681 3948 lestem,
729 3889 860 3937 tunc
906 3882 1080 3935 solum
1129 3882 1401 3938 recordati
1444 3894 1570 3942 sunt
1608 3883 1860 3954 discipuli
1894 3883 2048 3950 Quod

469 3977 690 4032 domum
723 3989 921 4045 corpus
955 3973 1220 4040 dixisset;
1261 3973 1499 4044 deiloqui
1533 3983 1714 4030 autem
1740 3975 1862 4029 libri
1899 3973 2049 4029 Divi-

471 4085 601 4125 num
627 4068 1020 4123 conﬁrmarunt
1051 4081 1381 4133 sermonem,
1429 4077 1484 4122 et
1505 4067 1855 4123 crediderunt
1885 4068 2050 4123 verbo

469 4159 631 4216 Jesus
676 4159 820 4230 quod
859 4158 1014 4213 dixit.
1060 4157 1132 4212 25
1169 4156 1440 4214 Divinitus
1483 4169 1660 4214 autem
1702 4159 1966 4213 aediﬁcato
1995 4158 2050 4211 in

473 4253 672 4324 templo
703 4250 885 4322 Usque
906 4259 1043 4318 erat,
1071 4256 1124 4306 et
1151 4249 1340 4306 sedilia
1366 4250 1619 4306 transivit
1649 4249 2052 4320 Hierosolymo-

2157 3242 2473 3312 Κτίσμασιν
2501 3241 2692 3294 ὁπλοτέ
2703 3259 2840 3308 ροισι
2869 3243 3191 3299 παλίλλυτον
3225 3241 3370 3299 οἶκον
3397 3248 3621 3319 ἐγείρῃς

2156 3331 2457 3402 Τοσσατίην
2491 3331 2631 3404 μετὰ
2655 3333 2857 3388 νύσσαν
2883 3333 2976 3387 ἐπὶ
3002 3337 3262 3406 τριτάτης
3280 3337 3477 3409 δρόμον
3498 3340 3666 3410 ὴοῦς;

2155 3425 2220 3479 21
2256 3427 2447 3487 Κεῖνος
2463 3425 2592 3496 νηὸν
2619 3425 2798 3478 ἔειπεν
2819 3425 2910 3478 ἑοῦ
2931 3426 3111 3496 χροὸς,
3145 3430 3204 3482 ὄν
3232 3447 3338 3482 τινι
3383 3429 3538 3502 μύθῳ

2155 3514 2371 3587 Φρικτῴ
2395 3516 2631 3588 Χριστὸς
2656 3515 2880 3587 ἔμελλεν
2915 3517 3007 3570 ἐπὶ
3028 3518 3211 3586 τρίτον
3236 3515 3389 3592 ἦμαρ
3410 3521 3664 3593 ἐγείρειν.

2155 3607 2228 3662 22
2268 3607 2407 3660 Ἀλλ’
2435 3607 2523 3660 ὅτε
2553 3607 2616 3678 δὴ
2650 3607 2786 3678 μετὰ
2816 3607 3015 3662 κόλπον
3043 3610 3362 3682 άνοστήτοιο
3387 3611 3650 3684 βερέθρου

2155 3698 2429 3769 Νόστιμος
2458 3697 2516 3764 ἐξ
2549 3698 2704 3752 ἀΐδαο
2739 3699 3026 3771 παλινζὼῳ
3045 3701 3155 3755 τινὶ
3195 3703 3386 3773 πότμῳ

2170 3790 2431 3861 ’Λρχαίην
2464 3789 2788 3860 παλίνορσον
2818 3789 2912 3861 ἐὴν
2937 3791 3234 3863 ἀνεδήσατο
3255 3794 3422 3866 τιμὴν

2155 3881 2449 3954 Οὐρανίην,
2479 3881 2601 3935 τότε
2635 3879 2830 3952 μοῦνον
2860 3882 3235 3953 ἀνεμνήσαντο
3271 3883 3532 3954 μαθηταὶ,

2155 3973 2309 4025 Ὅττι
2330 3971 2491 4043 δόμον
2522 3971 2693 4042 δέμας
2719 3965 2840 4024 εἷπε
2864 3986 2877 4000 ⁸
2906 3970 3262 4040 θεογλώσσοιο
3289 3973 3344 4026 δὲ
3374 3974 3557 4042 βίϐλου

2153 4063 2306 4116 θεῖον
2327 4059 2700 4116 ἐπιστώσαντο
2727 4061 2905 4130 λόγον,
2932 4062 3182 4116 πείθοντό
3204 4079 3262 4115 τε
3293 4063 3470 4135 μύθῳ,

2168 4153 2373 4226 Ἰησοῦς
2396 4154 2455 4207 ὃν
2476 4153 2646 4207 ἔειπε.
2674 4152 2746 4208 25
2767 4153 3057 4226 Θεοδμήτῳ
3088 4153 3133 4207 δ’
3163 4154 3256 4208 ἐπὶ
3279 4154 3394 4225 νηῷ

2161 4247 2354 4319 ’Δχρις
2373 4246 2489 4318 ἔην,
2524 4247 2621 4301 καὶ
2647 4245 2838 4301 ἐδεθλα
2855 4245 3120 4317 διέστιχεν
3157 4245 3541 4319 Ὶροσολύμων,

1674 4407 1954 4464 TEXTUS
1993 4404 2531 4464 EVANGELXSTAB.

542 4548 609 4602 15
627 4545 739 4599 Καὶ
763 4543 928 4612 ἐγγὺς
941 4539 1011 4616 ἦν
1029 4544 1090 4598 τὸ
1112 4545 1302 4618 Πάσχα
1319 4543 1428 4599 τῶν
1467 4543 1753 4611 Ἰουδαίων,
1773 4547 1865 4600 καὶ
1885 4547 2052 4618 ἀνέϐη
2087 4554 2130 4609 D
2156 4547 2222 4600 Τί
2248 4549 2473 4620 σημεῖον
2499 4546 2768 4612 δεικνύεις
2790 4547 2952 4618 ἡμῖν,
2972 4546 3053 4600 ὅτι
3079 4545 3252 4601 ταῦτα
3283 4549 3488 4617 ποιεῖς;

470 4633 552 4695 εἰς
588 4627 933 4698 Ἰεροσόλυμα
964 4629 993 4680 ὀ
1032 4627 1268 4700 Ἰησοῦς.

2219 4630 2287 4686 19
2332 4629 2628 4703 ’Δπεκρίθη
2661 4632 2690 4684 ό
2734 4629 2942 4700 Ἰησοῦς
2970 4629 3064 4682 καὶ
3097 4625 3254 4684 εἶπεν
3281 4631 3486 4694 αὐτοῖς·
3517 4632 3720 4688 Λύσατε

544 4712 612 4766 14
641 4711 751 4764 Καὶ
777 4703 934 4781 εὗρεν
962 4710 1019 4763 ἐν
1047 4710 1126 4780 τῷ
1150 4711 1280 4782 ἱερῷ
1303 4711 1430 4773 τοὺς
1457 4709 1771 4775 πωλοῦντας
1801 4710 1930 4781 βόας
1956 4713 2050 4767 καὶ
2145 4713 2236 4766 τὸν
2257 4712 2382 4767 ναὸν
2413 4713 2623 4778 τοῦτον,
2650 4713 2743 4766 καὶ
2774 4714 2832 4766 ἐν
2855 4712 3032 4782 τρισὶν
3063 4712 3299 4783 ἡμέραις
3329 4713 3508 4784 ἐγερῶ
3537 4715 3716 4768 αὐτόν.

471 4793 717 4865 πρόϐατα
744 4794 838 4846 καὶ
859 4793 1209 4865 περιστεράς,
1225 4793 1464 4858 καὶτοὺς
1490 4794 1865 4866 κερματιστὰς
1917 4795 2050 4850 καθ-

563 4877 581 4904 ι

472 4893 764 5013 ημῑέοῗέαὶ
795 4960 1033 5030 ποιήσας
1080 4959 1404 5031 φραγέλλιον
1449 4961 1516 5015 ἐκ
1543 4961 1809 5032 σχοινίων,
1841 4963 2049 5028 πάντας

472 5043 725 5110 ἐξέϐαλεν
753 5045 816 5096 ἐκ
834 5042 928 5095 τοῦ
963 5043 1131 5113 ἱεροῦ,
1161 5045 1229 5098 τά
1255 5062 1314 5097 τε
1343 5045 1592 5116 πρόϐατα
1617 5047 1711 5099 καὶ
1742 5046 1868 5110 τοὺς
1896 5047 2046 5116 βόας,

473 5127 568 5181 καὶ
599 5126 710 5178 τῶν
733 5125 1096 5179 κολλυϐιστῶν
1128 5126 1310 5196 ἐξέχεε
1345 5129 1408 5182 τὸ
1436 5130 1637 5200 κέρμα,
1674 5131 1766 5182 καὶ
1793 5130 1893 5194 τὰς
1917 5148 2051 5202 τρα-

473 5207 645 5274 πέζας
683 5207 997 5276 ἀνέστρεψε-,ο

2216 4796 2289 4852 20
2340 4790 2507 4850 Εἶπον
2551 4793 2646 4850 οῦν
2695 4797 2743 4848 οἱ
2798 4795 3061 4848 Ἰουδαῖοι·
3100 4795 3522 4867 Τεσσαράκοντα
3555 4799 3646 4851 καὶ
3667 4797 3721 4861 ἒξ

2146 4879 2321 4933 ἐτεσιν
2343 4878 2667 4954 ᾠκοδομήθη
2693 4881 2720 4932 ό
2741 4878 2868 4942 ναὸς
2889 4869 3063 4945 οὗτος,
3095 4877 3190 4932 καὶ
3216 4880 3278 4932 σὺ
3309 4882 3369 4932 ἐν
3397 4880 3578 4952 τρισὶν
3594 4881 3720 4952 ήμέ-

2149 4981 2271 5033 ραις
2302 4963 2514 5033 ἐγερεῖς
2542 4962 2702 5016 αὐτόν
2725 4980 2740 5028 ;

2217 5047 2281 5100 21
2337 5046 2574 5110 Ἐκεῖνος
2611 5045 2669 5100 δέ
2696 5045 2849 5115 ἔλεγε
2885 5045 3016 5117 περὶ
3045 5044 3142 5099 τοῦ
3175 5044 3304 5099 ναοῦ
3339 5044 3436 5100 τοῦ
3479 5045 3717 5118 σώματος

2145 5129 2332 5186 αὑτοῦ.

2214 5212 2286 5266 22
2315 5212 2444 5266 Ὅτε
2473 5206 2565 5268 οὖν
2590 5201 2798 5286 ἠγέρθη
2828 5214 2891 5266 ἐκ
2918 5212 3146 5286 νεκρῶν,
3168 5211 3520 5284 ἐμνήσθησαν
3544 5213 3592 5266 oi
3621 5227 3718 5283 pta-

546 5291 613 5345 16
635 5289 744 5343 Καὶ
759 5292 871 5352 τοῖς
893 5290 991 5352 τὰς
1013 5290 1342 5362 περιστερὰς
1361 5292 1630 5347 πωλοῦσιν
1646 5290 1819 5346 εἶπενο
1845 5293 2046 5364 Ἄρατε
2145 5297 2304 5367 θηταὶ
2329 5295 2493 5350 αὐτοῦ
2521 5298 2602 5352 ὅτι
2627 5296 2787 5351 τοῦτο
2817 5297 3004 5366 ἔλεγεν
3035 5297 3238 5360 αὐτοῖς’
3273 5295 3366 5349 καὶ
3400 5295 3715 5348 ἐπίστευσαν

470 5375 643 5429 ταῦτα
669 5373 937 5452 ἐντεῦθενξ
970 5375 1045 5446 μὴ
1079 5377 1282 5428 ποιεῖτε
1306 5377 1397 5431 τὸν
1419 5373 1566 5433 οἷκον
1588 5377 1681 5432 τοῦ
1707 5379 1919 5449 Πατρός
1946 5395 2046 5450 μου
2143 5382 2208 5452 τῇ
2242 5380 2452 5451 Γραφῇ,
2479 5380 2574 5434 καὶ
2605 5379 2683 5450 τῷ
2713 5381 2854 5451 λόγῳ
2888 5373 2932 5449 ᾧ
2960 5374 3113 5432 εἶπεν
3145 5380 3174 5432 ὁ
3213 5377 3437 5448 Ἰησοῦς.

469 5457 619 5514 οἷκον
647 5447 933 5529 ἐμπορίουζ

542 5542 607 5596 17
649 5542 1027 5612 Ἐμνήσθησαν
1053 5539 1112 5594 δέ
1132 5541 1182 5595 οἱ
1207 5541 1448 5613 μαθηταὶ
1471 5544 1655 5611 αὐτοῦ,
1685 5545 1766 5598 ὅτι
1795 5562 2042 5617 γεγραμ-

477 5623 637 5695 μένον
671 5625 834 5678 ἐστίν’
889 5626 946 5679 ’0
980 5625 1138 5698 ζῆλος
1169 5627 1264 5681 τοῦ
1296 5628 1444 5682 οἴκου
1475 5646 1565 5682 σου
1598 5629 1872 5699 κατέφαγέ
1911 5648 1997 5701 με.

548 5705 616 5762 18
656 5708 1053 5782 Ἀπεκρίθησαν
1085 5707 1176 5767 οἶν
1204 5713 1253 5766 οἱ
1286 5711 1549 5783 Ἰουδαῖοι,
1575 5713 1665 5767 καὶ
1695 5709 1844 5769 εἷπον
1875 5713 2042 5786 αὐτῷ’

2214 5465 2285 5520 25
2325 5465 2411 5528 Ὠς
2441 5464 2498 5518 δὲ
2530 5460 2599 5535 ἦν
2625 5465 2682 5517 ἐν
2726 5462 3117 5534 Ἱεροσολύμοις
3149 5464 3208 5515 ἐν
3246 5461 3323 5532 τῷ
3351 5460 3544 5530 Πάσχα
3575 5461 3632 5512 ἐν
3652 5458 3712 5528 τῇ

2147 5551 2326 5620 ἑορτῇ,
2363 5547 2547 5601 πολλοὶ
2585 5547 2915 5600 ἐπίστευσαν
2953 5546 3033 5608 είς
3061 5544 3124 5598 τὸ
3154 5544 3325 5615 ὄνομα
3357 5541 3548 5610 αὑτοῦ,
3587 5541 3715 5596 θεωο

2153 5631 2368 5705 ροῦντες
2394 5631 2553 5686 αὑτοῦ
2592 5631 2660 5686 τὰ
2690 5631 2891 5704 σημεῖα
2923 5629 2956 5684 ἂ
2982 5627 3173 5682 ἐποίει.
