3938 6214
190 313 295 368 765

119 413 127 421 ⁸
189 431 421 496 Εύάζων
451 430 536 486 ἔτι
565 433 773 503 Πάσχα,
816 436 910 489 καὶ
944 437 1269 509 ἀρνοφάγων
1298 445 1497 515 ίερήων

193 523 396 592 Ὀργια
426 523 790 592 μυστιπόλευε
823 527 1114 598 φιλόκροτα
1149 531 1304 595 θυιὰς
1334 537 1492 607 ἑορτή
1515 552 1529 565 ’
1583 534 1596 550 κ

192 610 390 666 Πολλοὶ
419 612 628 666 λύσσαν
657 614 883 669 ἄπιστον
921 618 1290 688 ὲπετρέψαντο
1320 624 1587 692 θυέλλαις,

190 703 235 755 Χ
246 703 416 773 ριστῷ
449 704 636 756 πίστιν
670 704 884 774 ἔχοντες
913 709 970 772 ἐς
994 709 1218 781 οὕνομα.
1251 713 1321 767 24
1347 715 1702 787 Πειθομένοις
1722 720 1778 772 δὲ

202 793 491 863 Ἀνδρασιν
523 795 581 846 οὐ
613 796 867 851 πίστευεν
900 799 988 852 ἑὸν
1019 801 1161 856 νόον.
1195 803 1266 858 25
1304 806 1377 858 Ού
1419 807 1528 878 γὰρ
1561 810 1779 865 ἀκούειν

196 885 394 936 Ἀλλου
426 885 828 957 φθεγγομένοιο
853 890 1015 961 νόθης
1047 892 1336 948 ὲπεδεύετο
1360 897 1546 966 φωνῆς

194 977 299 1046 22
341 978 534 1048 ’Ὀφρα
591 978 736 1050 μάθῃ
783 980 903 1034 νόον
943 982 1132 1052 ἀνδρὸς
1171 985 1504 1058 ἀμάρτυρον·
1547 987 1687 1058 ἔργα
1725 989 1779 1044 δὲ

1552 1096 1706 1134 ωτων

199 1157 394 1226 ᾝδεεν
425 1158 828 1226 αὐτοδίδακτος,
868 1163 966 1215 ὅσα
1000 1165 1194 1234 φρενὸς
1221 1078 1592 1240 ἔνδοθεν

193 1241 370 1315 Εἶχε-ν,
407 1246 716 1318 ἀκηρύκτῳ
745 1249 1134 1321 κεκαλυμμένα
1161 1253 1325 1325 φάρεϊ
1354 1255 1530 1326 σιγῆς.

857 1363 1016 1417 ΚΕΦ.
1045 1364 1120 1417 I".

268 1467 294 1521 1
334 1462 443 1520 Ἦν
467 1469 528 1520 δέ
557 1486 640 1533 τις
675 1471 819 1541 ἱερὸν
844 1465 982 1542 αἷμα
1005 1475 1346 1540 γοοπ>.ανέων
1369 1477 1673 1548 Φαρισαίων

207 1559 398 1629 ’Λρχὸς
435 1559 728 1626 Ἰουδαίων,
764 1562 1072 1634 πολυλήϊος,
1102 1565 1321 1636 ἔννομος
1344 1569 1503 1640 ἀνήρ·

198 1648 414 1718 Οὕνομὰ
445 1652 496 1702 οῖ
528 1650 859 1722 Νικῶημος.
889 1654 922 1706 2
961 1655 1301 1728 Ἀμάρτυρος
1328 1652 1479 1721 οὗτος
1507 1659 1688 1731 ὁδίτης

195 1739 413 1808 Χριστῷ
448 1741 644 1803 νυκτὸς
680 1741 850 1795 ἵκανε·
883 1745 1308 1816 φυλλασσομένῳ
1332 1748 1452 1800 ποδὶ
1486 1749 1705 1818 βαίνων,

200 1831 460 1900 Ἔννυχος
493 1835 576 1895 είς
602 1833 762 1904 δόμον
789 1830 972 1904 ἦλθεν,
1001 1838 1108 1906 ὅπη
1133 1837 1287 1904 φάος.
1331 1837 1508 1908 Ἀνδρὶ
1526 1839 1580 1892 δὲ
1603 1839 1778 1913 πιστῷ

209 1922 414 1992 Ἰησοῦς
449 1923 668 1977 ἐνέπων
701 1925 1076 1996 βαπτίσματος
1106 1929 1283 1984 ἔνθεον
1306 1929 1522 2002 αίγλην,

198 2013 521 2087 Νυκτιφανῆ
566 2017 877 2089 Νικόδημον
903 2019 976 2090 ἐῷ
1010 2020 1340 2092 φαιδρύνατο
1368 2022 1542 2094 μύθῳ.

198 2105 302 2157 Καί
327 2107 376 2158 οί
407 2106 580 2177 μῦθον
609 2107 756 2173 ἔλεξε
783 2110 900 2181 Θεῷ
921 2110 1195 2181 πειθήνιος
1217 2113 1376 2184 ἀνήρ’

206 2197 426 2251 Ῥαϐδὶν
463 2200 840 2271 ποικιλόμυθε,
871 2202 1187 2272 θεοφραδὲς,
1219 2203 1369 2272 ἴδμεν
1402 2203 1654 2267 ὁπωπαῖς

200 2290 349 2343 Ὀττι
379 2291 516 2344 Θεοῦ
552 2296 804 2364 πομπῇσι
840 2293 1160 2356 διδάσκαλος
1190 2295 1305 2346 ἵκεο
1337 2295 1566 2365 κόσμου,

207 2380 530 2452 Ἀνδρομέου
566 2383 762 2452 βιότοιο
797 2384 1038 2454 βοηθόος·
1069 2385 1130 2437 ού
1156 2385 1377 2439 δύναται
1408 2387 1518 2455 γὰρ

195 2465 394 2542 Θνητδς
413 2473 557 2546 ἀνὴρ
575 2475 702 2528 τάδε
728 2477 903 2530 πάντα
925 2475 1242 2548 πολύτροπα
1263 2476 1516 2548 θαύματα
1537 2477 1772 2548 τεύχειν,

197 2565 365 2616 Ὄσσα
388 2566 452 2618 σὺ
487 2565 762 2637 θεσπεσίῳ
787 2567 990 2631 τελέεις
1017 2570 1237 2639 παιήονι
1271 2569 1447 2639 μύθῳ,

197 2656 257 2707 El
291 2657 363 2728 μή
392 2657 442 2709 οἱ
479 2659 770 2722 συνάεθλος
796 2658 1118 2726 ἀλεξίκακος
1147 2662 1279 2725 Θεὸς
1311 2663 1420 2732 εἴη.

195 2747 226 2799 5
265 2749 470 2820 Ἰησοῦς
497 2750 544 2804 δ’
571 2751 832 2822 ἀγόρευεν
859 2753 1158 2822 ἀσημάντῳ
1185 2755 1290 2806 τινὶ
1323 2753 1496 2825 μύθῳ·

197 2841 256 2893 Εἰ
297 2842 366 2911 μή
403 2859 488 2906 τις
528 2842 665 2912 μετὰ
698 2843 901 2913 κέντρα
932 2844 1321 2913 τελεσσιγόνοιο
1348 2845 1563 2916 λοχείης

195 2929 392 3000 Θνητδς
417 2931 561 3002 ἀνὴρ
593 2931 826 2985 τίκτοιτο
849 2933 909 2985 τὸ
933 2933 1205 3006 δεύτερον,
1237 2934 1455 3005 αἰθέρος
1480 2935 1648 3005 αύλῆς

196 3019 266 3070 Οὐ
289 3011 512 3074 δύναται
541 3021 728 3091 βροτὸς
750 3014 902 3086 οὗτος
932 3023 1075 3094 ἔχειν
1100 3024 1316 3078 αἰώνιον
1336 3027 1529 3096 ἀρχήν.

1157 321 1648 383 PARAPHRASIS
1689 328 1754 382 IN
1794 329 2203 393 JOANNEM.—
2233 337 2388 395 CAP.
2421 337 2504 392 lll.

3343 340 3448 396 766

1807 455 1848 510 Α
1878 466 2020 516 rum,
2051 452 2343 509 Cclebrans
2360 456 2538 510 adhuc
2569 453 2814 521 Pascha;
2856 461 2908 511 et
2946 457 3324 526 aguivororum
3359 453 3449 510 sa?-

1880 544 2162 598 cerdotum
2217 547 2465 616 Mysteria
2515 548 2781 602 tractabat
2836 549 3142 618 plausibilia
3209 550 3451 603 solemne

1880 632 2076 688 festum
2104 653 2117 688 :
2147 635 2298 688 Multi
2325 635 2504 707 [tum]
2528 636 2731 690 rabiem
2776 637 3110 691 incredulam
3163 636 3450 691 commise-

1879 733 2009 779 ruut
2038 727 2232 791 ventis,
2253 727 2454 781 Christi
2477 730 2630 782 ﬁdem
2653 728 2976 784 habentesiu
3006 726 3451 781 nomen.24Cre-

1879 816 2132 872 dentibus
2195 832 2324 874 vero
2351 817 2496 873 Viris
2553 835 2660 872 non
2719 820 2940 874 conﬁdit
2987 833 3143 873 suum
3181 819 3442 871 animum.

1877 905 1949 960 25
1986 905 2103 961 Non
2135 907 2277 962 enim
2321 908 2509 961 audire
2535 907 2712 961 Alium
2749 909 3052 978 loquentem
3083 910 3266 978 spuria
3301 907 3444 961 indi-

1879 997 2038 1066 gebat
2057 997 2327 1066 voce,23
2347 996 2412 1051 Ut
2432 997 2667 1051 disceret
2690 999 2927 1052 animum
2952 999 3049 1052 viri
3073 1000 3188 1054 sine
3207 999 3448 1054 testimo-

1879 1087 2005 1153 nio;
2045 1101 2208 1155 epera
2245 1097 2426 1142 autem
2474 1088 2715 1142 virorum
2754 1088 2969 1142 Sciebat
3002 1101 3096 1158 per
3123 1105 3181 1144 se
3222 1090 3450 1154 doctus,

1879 1191 2218 1246 quaecunque
2254 1177 2395 1230 intra
2421 1186 2656 1232 mentem
2690 1179 2774 1230 vir
2811 1177 3072 1246 Habebat,
3113 1195 3220 1235 non
3255 1182 3450 1252 praedi-

1881 1274 2005 1322 cato
2027 1268 2295 1322 occultata
2331 1269 2564 1340 tegmine
2597 1269 2820 1324 silentii.
3509 1258 3516 1264 ’

2523 1382 2675 1438 CAP.
2718 1382 2808 1437 lll.

1952 1492 1977 1545 1
2019 1493 2146 1546 Erat
2201 1501 2382 1548 autem
2421 1495 2642 1564 quidam
2693 1496 2838 1551 sacri
2893 1496 3107 1566 generis
3154 1488 3451 1567 luetivagoé

1880 1596 1999 1634 rum
2047 1582 2464 1649 Pharisaeorum,
2505 1584 2766 1654 Princeps
2805 1583 3140 1648 Jud:eorum,
3187 1587 3448 1655 locuples,

1874 1675 2056 1744 justus
2087 1675 2205 1738 vir;
2233 1673 2439 1729 Nomen
2490 1675 2539 1729 ei
2589 1675 2934 1731 Nicodemus.
2981 1677 3017 1729 2
3067 1676 3269 1748 Expers
3306 1677 3455 1732 testi-

1809 1785 1851 1839 Β
1883 1765 2047 1818 monii
2099 1764 2185 1819 hic
2215 1766 2389 1819 viator
2421 1765 2503 1818 Ad
2537 1765 2816 1821 Christum
2861 1776 3026 1820 noctu
3070 1768 3250 1832 venit;
3289 1776 3451 1822 cauto
3480 1784 3488 1796 '

1886 1857 2023 1926 pede
2055 1856 2338 1919 incedens,
2369 1856 2683 1911 Nocturnus
2718 1857 2771 1911 in
2801 1858 3020 1912 domum
3052 1859 3200 1912 venit
3239 1859 3328 1912 ubi
3361 1861 3452 1912 lux

1885 1948 2070 2022 [erat].
2095 1947 2224 2002 Viro
2273 1958 2452 2002 autem
2493 1947 2636 2001 ﬁdeli
2683 1946 2844 2003 Jesus
2892 1964 3154 2003 enarraus
3198 1950 3452 2018 baptismi

1883 2042 2128 2097 divinum
2189 2036 2560 2110 splendorem,
2611 2039 2783 2094 Noctu
2834 2049 3180 2110 apparentem
3223 2039 3454 2094 Nicode-

1884 2150 2033 2189 mum
2067 2149 2168 2189 suo
2210 2133 2506 2188 illustravit
2534 2132 2721 2186 verbo.
2750 2131 2816 2184 Et
2844 2131 2943 2200 ipsi
2978 2146 3282 2186 sermonem
3317 2131 3456 2185 dixit

1884 2226 1996 2282 Deo
2025 2225 2284 2280 credulus
2312 2223 2397 2276 vir
2421 2242 2435 2277 :
2465 2221 2641 2275 Rabbi
2669 2221 2924 2287 facunde,
2951 2222 3220 2290 deiloque,
3248 2222 3454 2276 scimus

1883 2328 2108 2386 aspectu
2155 2313 2314 2380 Quod
2361 2313 2457 2367 Dei
2489 2311 2655 2367 ducttt
2706 2312 2966 2382 magister
2998 2311 3192 2366 venisti
3241 2311 3450 2373 mundi,

1882 2408 2146 2462 Humana:
2187 2407 2310 2460 vita:
2354 2403 2568 2474 adjutor
2599 2423 2612 2458 :
2643 2419 2752 2458 non
2803 2412 2979 2472 potest
3027 2403 3170 2458 enim
3213 2402 3454 2456 Mortalis

1881 2501 2047 2554 homo
2088 2499 2203 2552 haec
2250 2496 2431 2550 omnia
2465 2496 2616 2549 varia
2666 2495 2928 2549 miracula
2980 2493 3177 2557 facere,
3219 2493 3349 2558 Quae
3398 2501 3455 2548 tu

1881 2589 2068 2644 divino
2107 2586 2323 2657 perﬁcis
2366 2585 2672 2640 medicante
2710 2585 2896 2646 verbo,
2930 2581 3046 2638 Nisi
3086 2583 3137 2637 ei
3170 2583 3457 2636 auxiliator

1880 2680 2021 2734 mala
2070 2679 2348 2750 depelleus
2399 2675 2543 2731 Deus
2595 2674 2778 2729 fuerit.
2817 2672 3039 2728 5Jesus
3093 2680 3270 2726 autem
3320 2672 3458 2726 dixit

1881 2767 2118 2823 obscuro
2161 2765 2396 2835 quodam
2438 2765 2606 2819 verbo
2637 2783 2648 2818 :
2675 2762 2790 2817 Nisi
2836 2763 2961 2832 quis
3011 2769 3134 2831 post
3175 2760 3456 2815 stimulum

1883 2856 2050 2911 fetum
2083 2854 2419 2925 perﬁcientis
2462 2863 2655 2924 partus
2695 2852 2942 2907 Mortalis
2983 2852 3067 2905 vir
3102 2860 3265 2904 natus
3296 2848 3458 2902 fuerit

1882 2947 2100 3009 iterum,
2151 2945 2277 2999 caeli
2327 2944 2466 2998 aulae
2513 2942 2634 2997 Non
2670 2949 2850 3012 potest
2900 2943 3064 2994 homo
3111 2941 3204 2993 ille
3257 2939 3457 2993 habere

1879 3043 2147 3090 mternum
2203 3033 2588 3103 principatum.
2641 3031 2676 3085 4
2721 3031 2788 3084 Et
2841 3033 3082 3084 miscens
3128 3028 3456 3082 Nicodemus

197 3110 228 3161 4
257 3112 361 3163 Kal.
382 3113 626 3183 κεράσας
645 3114 952 3184 Νικόδημος
976 3117 1213 3186 ἀνήρυγε
1245 3115 1481 3186 θαύματι
1510 3117 1714 3185 φωνήν·

1889 3125 2146 3180 aructavit
2170 3137 2292 3176 cum
2318 3120 2677 3175 admiratione
2709 3133 2892 3173 vocem
2932 3136 2944 3170 :
2979 3116 3260 3182 Quomodo
3282 3122 3459 3185 potest

202 3201 316 3264 Πῶς
337 3201 562 3256 δύναται
589 3204 724 3273 μετὰ
747 3208 922 3275 γῆρας
944 3205 1102 3276 ἀνὴρ,
1131 3205 1268 3275 μετὰ
1291 3206 1524 3259 λευκὰδα
1553 3207 1774 3278 χαίτην,

202 3293 396 3363 ’Ἀλλην
420 3290 761 3364 ὀψιτέλεστον
784 3296 925 3366 ἔχειν
947 3297 1108 3350 ὠδῖνα
1127 3297 1416 3367 γενέθλης;

201 3385 286 3456 Μὴ
313 3387 534 3441 δύναται
557 3387 679 3457 δίχα
702 3389 928 3460 πατρὸς,
962 3389 1239 3456 ἀεξιτόκου
1267 3390 1356 3442 διὰ
1379 3389 1576 3442 κόλπου

201 3477 445 3547 Μητέρος
468 3480 702 3550 ἀρχαίης
721 3479 1001 3550 ἐγκύμονα
1026 3480 1269 3550 ’γαστέρα
1300 3479 1490 3544 δύνων,

201 3568 404 3638 Θεσμὸν
438 3569 569 3621 ἰδεῖν
601 3571 855 3638 γονόεντα
884 3571 1270 3639 παλλιννόστου
1304 3573 1576 3635 τοκετοῖο;

200 3658 232 3711 5
264 3660 472 3730 Ἰησοῦς
500 3661 544 3712 δ’
575 3661 911 3731 ἀπάμειπτο,
946 3661 1264 3716 διδάσκαλον
1293 3662 1460 3733 ἄνδρα
1488 3661 1771 3716 διδάσκων·

202 3749 260 3800 Εἰ
288 3751 359 3821 μή
381 3768 467 3814 τις
495 3750 781 3822 καθαροῖσι
811 3753 980 3823 δέμας
1006 3753 1275 3825 λουτροῖσι
1311 3754 1591 3824 καθαίρων

201 3840 512 3912 Πνεύματος
541 3842 598 3906 ἐξ
622 3843 794 3910 ἀγίοιο
829 3845 921 3896 καὶ
949 3844 1137 3907 ὓδατος
1166 3847 1245 3898 εἰν
1281 3844 1362 3897 ἐνὶ
1389 3845 1596 3915 θεσμῷ,

215 3932 543 4004 Ὀπλοτέρην
570 3933 769 3996 δέξοιτο
798 3934 1070 4002 γενέθλιον
1103 3937 1340 4005 ἄσπορον
1375 3935 1580 4006 ἀρχὴν⁹

215 4022 528 4075 ’Λντίτυπον
553 4021 778 4094 μίμημα
799 4025 1107 4091 γυναικείου
1140 4029 1400 4090 τοκετοῖο,

204 4113 273 4163 Οὐ
299 4113 524 4166 δύναται
551 4112 737 4183 βροτὸς
764 4106 918 4177 οὗτος
946 4115 1329 4186 ὲπεσσομένοιο
1355 4115 1542 4186 νοῆσαι

207 4203 472 4274 Οὐρανίην
504 4203 698 4267 αἰῶνος
731 4204 1026 4276 ἀτέρμονος
1051 4206 1217 4276 ἥλικα
1246 4207 1431 4275 τιμήν.

207 4292 310 4362 24
330 4294 364 4347 6
387 4295 499 4347 Καὶ
515 4294 622 4365 γὰρ
637 4296 770 4368 ὅπερ
793 4297 1047 4366 μερόπων
1066 4297 1247 4369 χθονίη
1270 4295 1529 4350 διεὼσατο
1543 4295 1774 4366 γαστὴρ,

1885 3225 2007 3286 post
2057 3221 2332 3268 senectam
2363 3211 2468 3274 vir,
2523 3219 2644 3280 post
2675 3209 2826 3263 albos
2871 3208 3072 3271 crines,
3112 3207 3286 3259 Alium
3335 3221 3458 3261 sero

1885 3307 2186 3379 perfectum
2231 3303 2435 3357 habere
2471 3311 2686 3371 partum
2739 3298 3150 3370 generationis?
3177 3295 3314 3350 Num
3365 3310 3461 3367 po-

1881 3408 1989 3454 test
2025 3400 2143 3454 sine
2177 3404 2333 3466 patre
2367 3394 2534 3450 fetum
2569 3399 2858 3463 augentem
2893 3405 2991 3460 per
3041 3390 3220 3444 sinum
3270 3388 3460 3442 Matris

1885 3490 2120 3558 antiquae
2165 3486 2450 3556 gravidum
2479 3492 2724 3537 ventrem
2772 3481 3020 3542 subiens,
3069 3479 3241 3548 Leges
3277 3478 3462 3533 videre

1883 3577 2177 3646 genitrices
2223 3573 2491 3643 reciproci
2537 3571 2769 3642 partus?
2803 3569 3017 3625 5Jesus
3050 3585 3180 3624 vero
3231 3585 3456 3638 respou-

1891 3669 1993 3731 dit,
2023 3667 2344 3737 magistrum
2370 3666 2546 3719 virum
2575 3665 2818 3718 docens:
2844 3662 2960 3720 Nisi
2997 3663 3119 3732 quis
3152 3663 3312 3732 puris
3340 3679 3460 3717 cor-

1881 3773 1991 3829 pus
2014 3755 2246 3811 lavacris
2278 3769 2518 3824 purgans
2546 3752 2754 3822 Spiritu
2799 3768 2864 3807 ex
2898 3760 3090 3808 sancto
3120 3762 3172 3807 et
3210 3767 3350 3822 aqua
3405 3753 3459 3806 iu

1883 3875 1990 3914 una
2022 3859 2324 3922 sanctione,
2355 3856 2650 3911 Recenlius
2671 3854 2902 3924 recipiat
2935 3854 3307 3924 generativum
3339 3868 3450 3907 non

1884 3964 2210 4020 seminatum
2271 3960 2648 4030 principium,
2710 3959 3042 4026 Expressam
3098 3954 3459 4008 imitationem

1885 4065 2168 4120 muliebris
2196 4073 2405 4134 partus,
2457 4060 2576 4114 Non
2608 4066 2788 4131 potest
2831 4059 2994 4112 homo
3041 4056 3130 4110 hic
3162 4055 3330 4109 futuri
3366 4071 3460 4110 co-

1887 4182 2153 4239 gnoscere
2199 4165 2490 4221 leestem
2526 4163 2711 4218 saeculi
2743 4161 2939 4216 inﬁniti
2983 4169 3316 4214 coaetaneum
3361 4159 3460 4214 ho-

1888 4283 2097 4323 norem.
2152 4266 2258 4337 25
2295 4266 2328 4321 6
2373 4265 2590 4321 Etenim
2651 4263 2797 4334 quod
2847 4262 3126 4317 hominum
3184 4261 3461 4316 terrestris

206 4381 413 4451 Σαρκδς
448 4385 556 4438 ἀπὸ
585 4385 809 4456 βροτέης
838 4387 1236 4458 μορφούμενον,
1269 4387 1540 4458 ἀνδρομέη
1573 4385 1710 4456 σὰρξ

1889 4374 2144 4446 protrusit
2186 4379 2392 4438 venter,
2447 4370 2624 4426 Carne
2707 4370 2774 4424 ab
2830 4369 3069 4423 humana
3131 4368 3458 4433 formatum,

209 4471 373 4527 Τοῦτο
398 4475 549 4529 πέλει
569 4494 583 4508 ·
614 4476 674 4530 τὸ
706 4477 762 4529 δὲ
789 4476 950 4543 θεῖον,
982 4479 1117 4549 ὅπερ
1141 4477 1396 4550 καθαροῖο
1423 4475 1638 4547 λοετροῦ

1886 4479 2121 4534 humana
2144 4492 2275 4532 caro
2309 4475 2423 4532 lloc
2466 4481 2590 4532 est:
2630 4474 2874 4531 divinum
2909 4481 3090 4528 autem
3120 4471 3276 4539 illud,
3315 4470 3460 4542 quod

1402 4631 1588 4686 TEXT
1597 4631 1682 4688 US
1718 4629 2251 4690 EVANGELISTE.

275 4764 345 4818 9.4
373 4765 539 4830 Αὐτὸς
571 4766 626 4819 δὲ
646 4769 674 4820 6
711 4767 916 4838 Ἰησοῦς
935 4769 1033 4821 οὐκ
1058 4769 1342 4823 ἐπίστευεν
1363 4769 1554 4822 ἑαυτὸν
1577 4769 1778 4836 αὐτοῖς,

212 4845 295 4901 διὰ
328 4849 386 4901 τὸ
411 4849 572 4903 αὐτὸν
593 4849 879 4916 γινώσκειν
909 4851 1137 4914 πάντας

279 4930 348 4984 25
380 4932 490 4983 Καὶ
516 4933 598 4984 ὅτι
624 4931 684 4984 ού
712 4932 898 5003 χρείαν
925 4929 1068 5002 εἶχεν
1092 4934 1177 4986 ἵνα
1196 4951 1280 4996 τις
1307 4934 1630 5006 μαρτυρήσῃ
1657 4934 1783 5006 περὶ

213 5009 300 5060 τοῦ
329 5010 635 5082 ἀνθρώπουο
667 5014 826 5078 αὐτὸς
858 5015 966 5084 γὰρ
1005 5017 1270 5082 ἐγίνωσκε
1312 5016 1364 5068 τί
1395 5011 1464 5086 ἦν
1497 5019 1553 5069 ἐν
1580 5016 1659 5088 τῷ
1688 5019 1782 5072 ἀν-

217 5090 436 5166 θρώπῳ.
877 5116 881 5120 ·

859 5180 1015 5232 ΚΕΦ.
1054 5181 1127 5234 Γ’.

284 5257 311 5308 l
341 5252 446 5312 Ἶίν
467 5260 524 5313 δὲ
555 5261 838 5333 ἄνθρωπος
866 5262 932 5315 ὲκ
969 5262 1077 5315 τῶν
1106 5263 1444 5334 Φαρισαίων,
1483 5261 1785 5336 Νικόδημος

219 5333 380 5407 δνομα
405 5343 573 5412 αὐτῷ,
607 5345 789 5414 ἄρχων
816 5343 922 5396 τῶν
962 5333 1252 5398 Ἰουδαίων.
1666 5333 1676 5336 ν
1744 5339 1748 5344 ’

285 5421 320 5473 2
343 5419 507 5488 Οὗτος
537 5422 669 5496 ἦλθε
704 5425 841 5496 πρὸς
876 5427 967 5478 τὸν
1008 5427 1216 5497 Ἰησοῦν
1248 5428 1460 5491 νυκτὸς,
1512 5428 1605 5481 καὶ
1635 5421 1786 5482 εἶπεν

221 5502 390 5574 αὐτῷ·
439 5508 646 5572 Ῥα66“ι,
695 5509 913 5579 οἴδαμεν
957 5511 1040 5562 ὃτι
1086 5509 1194 5562 ἀπὸ
1241 5509 1376 5564 Θεοῦ
1416 5509 1677 5581 ἐλήλυθας
1712 5511 1788 5564 δι-

222 5581 472 5652 δάσκαλος
492 5605 505 5618 ·
539 5591 712 5655 οὐδεὶς
733 5592 840 5663 γὰρ
862 5593 1030 5647 ταῦτα
1053 5593 1120 5646 τὰ
1152 5597 1352 5662 σημεῖα
1374 5593 1594 5648 δύναται
1616 5597 1787 5648 ποιεῖν

223 5663 264 5717 δι’
285 5687 343 5723 συ
376 5673 564 5738 ποιεῖς,
599 5673 694 5728 ἐὰν
720 5673 796 5746 μὴ
825 5673 860 5750 ᾖ
884 5677 912 5728 6
937 5675 1070 5740 Θεὸς
1097 5678 1214 5746 μετ’
1243 5675 1429 5731 αὑτοῦ.

1954 4767 1988 4822 3
2011 4767 2310 4838 Ἀπεκρίθη
2327 4768 2354 4820 6
2370 4765 2574 4838 Ἰησοῦς
2595 4765 2686 4820 καὶ
2711 4760 2866 4818 εἶπεν
2893 4761 3041 4833 αὐτῷ
3061 4778 3076 4793 ⁸
3124 4760 3295 4831 Ἀμὴν
3315 4758 3460 4830 ἀμὴν

1883 4851 2026 4920 λέγω
2061 4869 2163 4912 σοι,
2216 4851 2312 4904 ἐὰν
2349 4851 2424 4922 μή
2476 4868 2558 4912 τις
2585 4849 2819 4921 γεννηθῇ
2870 4847 3095 4911 ἄνωθεν,
3135 4845 3194 4898 ού
3239 4844 3459 4898 δύναται

1883 4935 2012 4988 ἰδεῖν
2039 4933 2137 5004 τὴν
2166 4933 2443 5003 βασιλείαν
2470 4931 2563 4986 τοῦ
2595 4932 2747 4987 Θεοῦ.

1950 5018 1984 5070 4
2024 5017 2188 5084 Λέγει
2219 5015 2355 5085 πρὸς
2391 5016 2553 5068 αὑτὸν
2603 5016 2630 5066 6
2677 5014 2984 5084 Νικόδημος
3007 5027 3023 5043 ·
3061 5011 3186 5074 Πῶς
3237 5010 3460 5063 δύναται

1877 5099 2163 5168 ἄνθρωπος
2191 5097 2517 5167 γεννηθῆναι
2547 5097 2726 5167 γέρων
2755 5094 2864 5159 ῶν;
2903 5095 2976 5166 μὴ
3002 5093 3224 5147 δύναται
3253 5093 3332 5155 είς
3363 5092 3460 5161 τὴν

1881 5181 2087 5233 κοιλίαν
2140 5180 2241 5249 τῆς
2287 5180 2494 5251 μητρὸς
2547 5178 2710 5232 αὑτοῦ
2759 5177 3012 5247 δεύτερον
3054 5174 3314 5229 εἰσελθεῖν
3364 5174 3459 5226 καὶ

1882 5263 2209 5333 γεννηθῆναι
2230 5279 2245 5328 ;

1950 5346 1984 5399 5
2016 5346 2310 5417 Ἀπεκρίθη
2342 5348 2370 5398 6
2404 5344 2638 5414 Ἰησοῦςο
2686 5343 2856 5416 Ἀμὴν
2879 5343 3026 5414 ἀμὴν
3055 5341 3198 5409 λέγω
3230 5355 3332 5401 σοι,
3364 5335 3458 5388 ἐὰν

1886 5429 1962 5500 μή
1987 5445 2070 5491 τις
2101 5429 2334 5500 γεννηθῇ
2359 5428 2419 5492 ἐξ
2439 5427 2637 5498 ,ὓδατος
2659 5428 2754 5480 καὶ
2782 5425 3119 5496 Πνεύματος,
3151 5423 3210 5474 οὺ
3235 5420 3459 5472 δύναται

1882 5511 2143 5565 εἰσελθεῖν
2171 5515 2251 5576 εἰς
2283 5513 2380 5584 τὴν
2417 5511 2692 5582 βασιλείαν
2719 5510 2814 5563 τοῦ
2844 5507 3002 5561 Θεοῦ.

1956 5594 1990 5649 6
2015 5595 2087 5648 Τὸ
2124 5582 2484 5666 γεγενημένον
2521 5595 2584 5648 ὲκ
2617 5594 2716 5664 τῆς
2751 5591 2970 5661 σαρκὸς,
3023 5586 3158 5655 σάρξ
3184 5586 3333 5636 ἐστι·
3365 5582 3457 5636 καὶ¹

1883 5678 1947 5732 τδ
1975 5681 2344 5753 γεγενημένον
2374 5682 2440 5734 ἐκ
2473 5679 2567 5734 τοῦ
2597 5676 2928 5747 πνεύματος,
2957 5667 3176 5741 πνεῦμά
3200 5667 3334 5720 ἐστι.
