3938 6214
467 331 569 388 771

1744 320 1954 378 ΝΟΝΝΙ
1993 319 2499 377 PANOPOLITAM

3645 326 3750 383 772

467 451 602 520 ptiis
663 448 928 520 privantts
980 444 1125 516 regis
1180 443 1411 498 Domum
1468 455 1682 512 semper
1733 439 2048 495 custoditan

2169 432 2330 490 Οῖκον
2356 435 2753 507 ἀειφρούρητον
2779 435 3008 491 ἐδύσατο
3042 435 3257 510 πομπὸν
3281 438 3501 510 ὀλέθρου

470 541 642 597 subiit
669 540 966 595 ductricem
995 535 1143 592 exitii
1176 532 1401 588 Divinus
1430 535 1514 586 vir
1537 530 1778 602 graviter
1811 528 2048 584 vinctus.

466 633 540 688 25
581 632 876 688 Contentio'
915 643 1046 684 vero
1091 625 1338 697 quaedam
1381 624 1448 679 de
1490 621 1869 694 puriﬁcatione
1921 619 2051 674 Erat

468 722 732 778 sacriﬁcis
787 719 1014 774 Joannis
1075 717 1362 787 discipulis
1424 714 1650 768 llebraao
1718 727 1843 768 cum
1911 711 2049 766 viro.

467 811 539 865 26
582 811 864 866 Concitato
907 821 1036 863 vero
1069 807 1204 878 pede
1251 804 1531 861 Venerunt
1580 804 1647 858 ad
1694 803 1872 857 virum
1915 801 2054 856 divi-

470 915 620 965 nutn,
658 900 1144 967 demulseruntque
1171 911 1422 952 sermone
1457 913 1471 949 :
1505 893 1678 949 Tenui
1711 894 1919 947 hirsuta
1963 895 2052 946 in-

466 990 658 1044 dutum
699 991 877 1045 virum
920 988 1128 1051 tunica,
1174 986 1372 1046 Rabbi.
1412 986 1736 1042 salutarium
1785 997 2051 1052 aquarum

465 1081 728 1151 primarie
784 1094 987 1149 praeco,
1047 1079 1152 1144 Qui
1203 1084 1322 1132 erat
1373 1087 1555 1132 tecum
1611 1086 1767 1130 trans
1815 1073 2054 1129 liliininis

464 1172 669 1236 ﬂuxus,
705 1171 879 1236 Quem
926 1177 983 1223 tu
1015 1184 1084 1224 ex
1118 1168 1230 1224 Deo
1263 1175 1451 1222 natum
1501 1166 1734 1236 sapienti
1759 1164 2051 1219 conﬁrma-

466 1265 534 1320 sti
564 1263 754 1325 verbo,
789 1259 887 1314 Hie
913 1259 1126 1314 habens
1160 1258 1519 1312 imitationem
1553 1255 1629 1309 tui
1667 1255 1790 1324 puri
1824 1255 2048 1319 lavacri,

465 1353 783 1423 Baptizabat
815 1350 924 1420 3o
970 1351 1142 1404 multo
1193 1349 1390 1420 magis,
1451 1356 1506 1402 ct
1567 1345 1825 1401 concordi
1868 1346 2052 1400 animo

473 1441 778 1496 Promiscui
813 1441 976 1494 nubis
1016 1440 1072 1494 in
1114 1439 1336 1494 modum
1366 1453 1556 1493 omnes
1599 1437 1859 1492 festinant
1880 1437 2049 1499 cives,

467 1531 762 1600 Cupientes
803 1531 949 1585 illius
975 1530 1236 1598 consequi
1265 1529 1508 1584 divinum
1549 1528 1848 1581 lavacrum.
1881 1525 1949 1578 27
1986 1526 2052 1580 Et

469 1623 606 1692 ipsis
651 1622 1114 1691 respondentibus
1151 1636 1311 1676 verax
1349 1620 1486 1674 dixit
1518 1619 1635 1674 vir;
1671 1617 1824 1672 Nihil
1857 1633 2051 1688 capere

2153 526 2224 579 25
2236 526 2389 589 Θεῖος
2405 525 2545 597 ἀνὴρ
2563 525 2923 597 βαρύδεσμος.
2941 528 3098 599 Ἔρις
3119 529 3176 581 δέ
3191 547 3275 591 τις
3294 529 3440 600 ἀμφὶ
3454 525 3748 598 καθαρμοῦ

2157 617 2390 671 Ἐπλετο
2427 618 2840 688 μυστιπόλοισιν
2886 618 3139 672 Ἰωάνναο
3170 619 3441 692 μαθηταῖς
3491 676 3497 680 _

2165 706 2415 778 Ἐϐραίου
2450 707 2589 777 μετὰ
2622 707 2818 776 φωτός.
2847 706 2918 760 26
2951 707 3308 779 Ἐρειλίξάντο
3332 711 3391 766 δὲ
3420 711 3624 784 πεδίλῳ

2153 791 2355 850 Ἦλθον
2377 797 2436 860 ἐς
2463 797 2632 868 ἀνέρα
2659 798 2802 851 θεῖον
2822 814 2836 829 ο
2864 799 3206 870 ἐμειλίξαντο
3236 801 3294 852 δὲ
3320 801 3476 872 μύθῳ
3493 808 3515 834 '-

2156 887 2468 957 Λεπτοφυεῖ
2506 887 2676 958 λασίῳ
2707 891 3127 961 πεπυκασμένον
3155 890 3322 962 ἄνδρα
3344 893 3555 962 χιτῶνι.

2166 978 2416 1044 Ῥαϐϐὶν,
2442 977 2780 1044 ἀλεξικάκων
2819 981 3027 1036 ὑδάτων
3060 982 3373 1056 πρωτόθροε
3404 985 3604 1057 κήρυξ,

2156 1069 2346 1132 Ὅστις
2375 1067 2471 1140 ἔην
2496 1069 2634 1140 μετὰ
2659 1073 2773 1124 σεῖο
2801 1070 2977 1140 πέρην
3008 1074 3272 1142 ποταμοῖο
3300 1073 3498 1142 ῥοάων,

2159 1159 2256 1212 Ὃν
2281 1160 2345 1211 σὺ
2380 1156 2516 1211 Θεοῦ
2545 1157 2802 1228 γεγαῶτα
2837 1158 2988 1229 σοφῷ
3032 1158 3305 1212 πιστώσαο
3337 1159 3509 1231 μύθῳ,

2197 1245 2322 1313 ῦτος
2341 1249 2480 1320 ἔχων
2517 1251 2743 1322 μίμημα
2769 1250 2894 1304 τεοῦ
2922 1250 3184 1322 καθαροῖο
3209 1250 3456 1322 λοετροῦ,

2133 1325 2256 1412 '31
2310 1341 2568 1405 Βαπτίζει
2597 1341 2730 1395 πολὺ
2765 1341 2964 1412 μᾶλλον
2989 1359 3001 1371 -
3026 1341 3277 1413 ὁμοζήλῳ
3296 1343 3354 1396 δὲ
3381 1346 3600 1414 μενοινῇ

2152 1433 2462 1504 Συμμιγέες
2487 1433 2773 1504 νεφεληδὸν
2801 1433 2914 1486 ὅλοι
2951 1433 3242 1487 σπεύδουσι
3272 1433 3503 1498 πολῖται,

2163 1526 2386 1596 Ἰέμενοι
2415 1527 2616 1580 κείνοιο
2647 1529 2832 1596 τυχεῖν
2872 1526 3036 1580 θείοιο
3063 1526 3306 1598 λοετροῦ.

2149 1619 2218 1672 27
2253 1618 2361 1670 Καί
2393 1635 2516 1687 σφιν
2541 1617 2987 1689 ἁμειϐομένοισιν
3017 1619 3286 1689 ἐτήτυμος
3310 1618 3532 1673 ἔννεπεν
3565 1621 3734 1697 ἀνήρ’

469 1719 649 1780 potest
674 1711 876 1780 aliquis
904 1711 1221 1766 coelestibus
1243 1726 1273 1765 e
1309 1711 1522 1765 sinibus
1557 1708 1674 1764 Nisi
1708 1710 1810 1763 hoc
1849 1725 2048 1764 munus

2168 1709 2316 1762 )66év
2349 1709 2490 1762 ἐλεῖν
2513 1709 2737 1762 δύναταί
2761 1726 2844 1771 τις
2871 1710 3214 1780 ἐπουρανίων
3243 1710 3352 1762 ἀπὸ
3377 1711 3617 1777 κόλπων,

467 1776 730 1856 divinitus
753 1776 1017 1856 donatum
1051 1803 1235 1858 fuerit.
1269 1802 1341 1856 28
1369 1801 1480 1858 Vos
1507 1811 1674 1858 testes
1707 1801 1841 1856 estis
1864 1801 2048 1855 scien-

2168 1801 2215 1852 Εἰ
2245 1799 2318 1871 μὴ
2351 1800 2510 1853 τοῦτο
2529 1799 2698 1870 γέρας
2728 1799 2916 1853 θεόθεν
2937 1776 3332 1872 κεχαρισμένον
3347 1801 3457 1872 εἴη.

469 1901 574 1956 tes,
616 1893 836 1960 quando
878 1894 1080 1963 populo
1115 1893 1316 1963 Aperte
1361 1893 1474 1948 divi
1529 1908 1704 1949 meam
1736 1907 1918 1947 veram
1957 1906 2052 1946 vo—

466 1997 584 2038 cem
615 2001 628 2037 :
659 1981 912 2038 Christus
953 1983 1069 2038 Rex
1100 1998 1210 2038 non
1245 1999 1388 2049 sum,
1436 1984 1603 2038 vitam
1648 1999 1907 2050 servans;
1957 1982 2052 2038 sed

469 2091 556 2130 me
603 2076 753 2132 illius
805 2077 1118 2148 Altiregens
1171 2078 1438 2148 praemisit
1495 2078 1640 2134 Deus
1697 2079 1889 2134 ducem
1931 2079 2048 2133 vim.

465 2165 536 2221 29
567 2165 831 2236 Sponsam
875 2168 966 2237 qui
1009 2167 1191 2234 habet,
1223 2174 1310 2222 est
1353 2183 1635 2238 sponsus:
1675 2184 1842 2238 prope
1886 2183 2052 2238 appa-

469 2274 598 2312 rens
638 2274 770 2312 vero
797 2258 918 2328 Ipso
951 2260 1232 2328 loquente,
1261 2269 1314 2314 et
1335 2267 1489 2315 stans
1518 2269 1572 2315 et
1603 2262 1852 2322 audiens,
1892 2259 2052 2315 Auri-

469 2349 573 2404 bus
603 2350 889 2404 oblectatis
939 2349 1208 2418 recipiens
1243 2357 1562 2403 consuetam
1607 2364 1816 2413 vocem,
1840 2348 2052 2404 Gaudio

469 2439 612 2494 ﬁdus
644 2440 856 2494 amicus
901 2440 1170 2505 exsultat;
1209 2450 1396 2494 nostra
1430 2455 1558 2494 vero
1593 2439 1890 2495 Delectatio
1924 2457 2051 2512 per-

472 2527 613 2581 fecta
647 2535 732 2582 est
761 2528 917 2582 valde
945 2527 1207 2597 Optanda.
1234 2529 1304 2583 50
1334 2530 1514 2583 Altum
1544 2530 1690 2584 enim
1727 2529 1882 2585 Illum
1914 2547 2051 2587 sem-

469 2634 568 2688 per
601 2634 825 2673 necesse
853 2627 936 2673 est
961 2619 1161 2674 habere
1199 2629 1597 2676 recrescentem
1627 2622 1879 2692 gloriam,
1908 2622 2050 2678 Tan-

467 2724 631 2778 quam
660 2708 850 2774 Denm,
881 2709 1280 2778 immortalem;
1319 2726 1405 2767 me
1445 2721 1626 2766 autem
1662 2712 1934 2769 hominem
1965 2722 2052 2770 est

468 2815 697 2854 necesse
720 2799 958 2856 Minores
993 2815 1282 2856 mensuras
1313 2803 1477 2866 ferre,
1509 2805 1636 2873 quia
1673 2804 1903 2861 minoris
1927 2821 2048 2861 sum

467 2889 869 2959 generationis.
902 2890 964 2944 51
1001 2889 1099 2944 llic
1125 2891 1218 2960 qui
1253 2891 1320 2946 ab
1355 2891 1463 2946 alto
1493 2895 1639 2948 venit
1667 2895 1985 2951 coelestibus
2020 2911 2052 2951 e

466 2980 703 3042 sinibus,
737 2978 913 3048 Supra
955 2993 1147 3035 omnes
1181 2981 1289 3036 alte
1324 2981 1583 3047 incessit;
1616 2982 1710 3053 qui
1741 2999 1871 3038 vero
1894 2993 2051 3040 terra:

467 3070 787 3140 sanguinem
826 3069 952 3131 fert,
1001 3070 1258 3141 Loquens
1307 3080 1466 3127 terrm
1509 3088 1699 3142 opera,
1741 3081 1826 3130 est
1875 3083 2048 3132 terre-
2076 3111 2118 3166 ρ

463 3162 595 3218 stris
623 3162 724 3216 vir.
757 3161 827 3216 52
858 3162 961 3227 Qui
997 3178 1124 3219 vero
1153 3167 1222 3219 ab
1268 3164 1506 3220 eethcreo
1539 3164 1708 3221 Deum
1750 3168 2050 3236 recipiente

464 3253 612 3307 venit
642 3254 788 3317 sinu,
826 3252 1092 3322 Loquitur
1140 3255 1358 3308 cmlitus
1405 3255 1552 3324 quod
1585 3255 1816 3318 audivit,
1868 3273 2047 3328 neque

466 3344 667 3412 aliquis
696 3345 871 3412 ipsius
902 3343 1300 3398 Testimonium
1325 3343 1569 3398 divinum
1600 3346 1812 3416 recipit.
1843 3347 1912 3400 55
1943 3346 2046 3413 Qui

468 3451 596 3488 vero
631 3436 713 3488 vir
742 3435 1153 3491 Testilicantem
1202 3452 1510 3492 sermonem
1542 3438 1780 3506 suscepit
1808 3437 2045 3507 deiloqui

467 3525 600 3585 oris,
637 3524 807 3579 Verax
855 3527 1018 3580 homo
1066 3527 1155 3580 hic
1198 3543 1298 3581 suo
1345 3528 1658 3596 obsignavit
1685 3528 1853 3582 verbo
1884 3527 2042 3593 Quod

466 3612 611 3667 Deus
645 3624 730 3667 est
763 3615 915 3669 solus
959 3631 1140 3670 verus.
1182 3617 1246 3671 5i
1299 3616 1529 3672 Coelilus
1558 3618 1706 3673 enim
1742 3616 1841 3673 Hic
1880 3634 2042 3688 quem

467 3705 522 3756 in
553 3711 752 3758 terram
785 3707 935 3760 misit
969 3706 1111 3762 Deus
1142 3709 1524 3779 opitulatorem
1556 3709 1768 3775 mundi,
1799 3709 2048 3767 Paterna:

467 3807 748 3876 sapientia:
778 3825 874 3879 per
912 3825 972 3866 se
1002 3820 1208 3866 motum
1238 3814 1466 3869 imbrem
1508 3815 1721 3870 tribuit.
1751 3814 1870 3870 Non
1903 3816 2048 3871 enim

466 3923 781 3964 mensuram
837 3913 1120 3983 sapientiae
1160 3915 1264 3970 fert
1315 3915 1597 3983 Verbum,
1655 3920 1750 3975 sed
1809 3920 1856 3976 ei
1889 3918 2048 3977 "sem-

466 4027 562 4081 per
604 4013 714 4069 Soli
743 4016 982 4086 Spiritus
1020 4017 1112 4072 dat
1144 4020 1400 4090 perennis
1428 4021 1633 4078 ﬂuxum
1657 4025 1831 4082 vocis.
1862 4026 1932 4081 55
1959 4026 2049 4081 Al-

464 4118 702 4189 tiregens
742 4137 876 4178 sane
929 4139 1090 4179 suum
1135 4123 1334 4179 Filium
1369 4125 1512 4183 Deus
1546 4127 1711 4184 Pater
1739 4131 1937 4203 diligit,
1979 4131 2045 4187 Et

461 4221 711 4278 ciomnia
744 4225 886 4282 ferre
904 4241 1069 4281 manu
1105 4226 1276 4284 dedit.
1305 4228 1374 4284 56
1412 4229 1736 4301 Quicunque
1761 4248 1892 4303 ergo
1919 4235 2041 4291 fue-

2152 1891 2221 1945 28
2265 1892 2453 1961 Ὑμεῖς
2477 1890 2753 1962 μάρτυρές
2779 1893 2903 1943 ἐστε
2934 1891 3220 1962 δαήμονες,
3251 1892 3454 1945 ὁππότε
3478 1892 3629 1955 λαοῖς

2165 1981 2468 2054 Ἀμφαδίην
2496 1982 2757 2053 ἀγόρευον
2783 1983 2922 2054 ἐμὴν
2954 1983 3189 2053 ἀψευδέα
3213 1984 3396 2054 φωνήν
3415 1999 3429 2011 ·

2151 2073 2384 2143 Χριστὸς
2421 2072 2589 2137 Ἀναξ
2616 2073 2715 2126 οὐκ
2740 2074 2875 2143 εἰμὶ,
2908 2073 3170 2143 βιοσσόος,
3203 2073 3338 2127 ἀλλά
3364 2091 3431 2144 με
3463 2073 3644 2127 κείνου

2163 2163 2471 2234 Ὑψιμέδων
2505 2164 2745 2236 προέηκε
2777 2164 2908 2228 Θεὸς
2943 2164 3174 2236 πομπῆα
3207 2165 3484 2220 κελεύθου.

2150 2250 2220 2304 29
2248 2249 2484 2320 Νύμφην
2513 2252 2659 2314 ὅστις
2679 2251 2812 2321 ἔχει,
2840 2253 2970 2306 πέλε
2991 2253 3246 2322 νυμφίος·
3281 2255 3588 2326 ἀγχιφανὴς
3613 2256 3668 2310 δὲ

2151 2341 2349 2394 Κείνου
2381 2340 2791 2411 φθεγγομένοιο,
2814 2343 2908 2396 καὶ
2937 2343 3244 2414 ἱστάμενος,
3266 2346 3360 2398 καὶ
3397 2345 3632 2410 ἀκούων,

2153 2429 2327 2484 Οΰασι
2364 2429 2742 2501 θελγομένοισι
2767 2431 3088 2501 δεδεγμένος
3119 2432 3293 2502 ἠθάδα
3322 2433 3526 2504 φωνὴν,

2151 2523 2407 2593 Χάρματι
2441 2523 2632 2587 πιστὸς
2659 2525 2874 2595 ἑταῖρος
2905 2525 3202 2593 ἀγάλλεται
3225 2544 3238 2558 ·
3276 2527 3518 2598 ἡμετέρη
3552 2529 3611 2581 δὲ

2153 2614 2418 2686 Τερπωλὴ
2445 2615 2727 2668 τετέλεστο
2763 2615 3098 2678 πολύλλιτος.
3135 2617 3206 2671 '50
3239 2617 3536 2688 Ἀγχινεφῆ
3571 2619 3668 2689 μὲν

2152 2705 2343 2757 Κεῖνον
2378 2704 2464 2758 ἀεὶ
2492 2704 2651 2775 χρέος
2679 2705 2828 2758 ἐστὶν
2852 2705 2998 2776 ἔχειν
3031 2706 3362 2772 παλιναυξέα
3385 2709 3576 2779 τιμὴν,

2161 2795 2251 2858 Ὠς
2279 2794 2432 2861 Θεὸν,
2463 2795 2742 2866 ἀθανάτην
2770 2814 2782 2826 ·
2813 2796 2912 2866 ἐμὲ
2943 2798 3000 2850 δὲ
3035 2798 3227 2869 βροτὸν
3255 2800 3404 2852 ἐστὶν
3443 2800 3657 2869 ἀνάγκη

2155 2886 2397 2938 Ἤσσονα
2426 2886 2600 2956 μέτρα
2628 2886 2837 2958 φέρειν,
2867 2888 2949 2940 ὅτι
2980 2889 3195 2958 μείονός
3230 2892 3346 2961 εἰμι
3375 2890 3654 2960 γενέθλης

2152 2977 2215 3030 51
2245 2971 2414 3041 Οὗτος
2443 2978 2504 3042 ὃς
2533 2978 2730 3049 ὑψόθεν
2758 2974 2922 3050 ἦλθεν
2949 2982 3289 3053 ἐπουρανίων
3316 2983 3423 3036 ἀπὸ
3447 2982 3685 3048 κόλπων,

2152 3067 2377 3122 Πάντων
2403 3068 2496 3138 ῦψι
2525 3069 2758 3143 βέϐηκεν
2786 3089 2798 3102 ·
2825 3073 2853 3124 6
2881 3071 2939 3124 δὲ
2961 3072 3148 3142 χθονὸς
3178 3069 3318 3143 αἷμα
3342 3073 3610 3144 κομίζων,

2151 3157 2529 3230 Φθεγγόμενος
2563 3162 2753 3232 χθονὸς
2787 3164 2946 3236 ἔργα,
2981 3165 3132 3217 πέλει
3160 3165 3374 3235 γαιήῖος
3406 3166 3568 3235 ἀνήρ.

2151 3249 2222 3304 52
2262 3252 2359 3314 ’ος
2384 3251 2442 3304 δὲ
2465 3252 2532 3306 δι’
2563 3253 2805 3325 αἰθερίου
2840 3254 3190 3324 θεοδέγμονΟς
3220 3255 3368 3308 ἵκετο
3401 3255 3626 3315 κόλπου,

2152 3340 2454 3409 Φθέγγεται
2487 3343 2780 3415 οὐρανόθεν
2802 3345 2972 3416 τόπερ
2999 3344 3210 3407 ἔκλυεν,
3241 3345 3363 3398 οὐδέ
3395 3363 3478 3408 τις
3515 3345 3680 3399 αὑτοῦ

2150 3431 2474 3502 Μαρτυρίην
2503 3431 2705 3503 ζαθέην
2737 3433 3103 3504 ἐπιδέχνυται.
3127 3435 3196 3488 ’55
3241 3436 3338 3496 Ὃς
3365 3433 3423 3486 δέ
3457 3436 3507 3486 οἱ
3542 3435 3690 3504 ἀνὴρ

2150 3520 2415 3594 Μάρτυρα
2457 3522 2626 3592 μῦθον
2656 3523 2840 3577 ἔδεκτο
2872 3524 3136 3596 θεηγόρου
3163 3523 3516 3595 ἀνθερεῶνος,

2159 3611 2420 3684 Ἀψευδὴς
2455 3612 2645 3685 βροτὸς
2671 3609 2825 3678 οὗτος
2859 3614 2932 3685 ἐῷ
2963 3616 3336 3686 σφρηγίσσατο
3368 3615 3523 3687 μύθῳ

2149 3701 2303 3754 Ὄττι
2327 3702 2460 3767 Θεὸς
2487 3704 2616 3757 πέλε
2648 3705 2842 3776 μοῦνος
2877 3707 3169 3775 ἐτήτυμος.
3210 3707 3279 3760 54
3305 3707 3606 3778 Οὐρανόθεν
3632 3707 3736 3775 γὰρ

2148 3785 2315 3854 Οὗτος
2341 3793 2400 3846 ὃν
2427 3795 2508 3857 είς
2534 3793 2698 3864 χθόνα
2725 3796 2908 3866 πέμψε
2937 3797 3070 3861 Θεὸς
3101 3801 3488 3870 χραισμήτορα
3509 3801 3732 3869 κόσμου,

2148 3881 2421 3954 Πατρῴης
2445 3885 2639 3956 σοφίης
2673 3886 3005 3940 αύτόσσυτον
3039 3887 3246 3960 ὄμϐρον
3285 3889 3474 3944 ἰάλλει.

2157 3972 2232 4024 Ού
2267 3973 2375 4044 γὰρ
2412 3974 2587 4046 μέτρα
2609 3975 2788 4046 λόγοιο
2819 3977 2975 4050 φέρει
3003 3979 3198 4048 Λόγος,
3233 3981 3370 4034 ἀλλά
3394 3982 3443 4033 οἱ
3470 3981 3577 4034 αίεὶ

2155 4062 2351 4134 Μούνῳ
2383 4064 2610 4136 Πνεῦμα
2642 4067 2854 4122 δίδωσιν
2883 4069 3148 4132 ἀειλιϐέος
3183 4071 3304 4142 ῥόον
3327 4072 3526 4141 ὀμφῆς.

2151 4153 2220 4208 55
2256 4154 2564 4226 ’Υψιμέδων
2597 4157 2642 4210 δ’
2666 4159 2752 4212 ἐὸν
2778 4156 2884 4213 Υἵα
2915 4161 3047 4226 Θεὸς
3079 4165 3307 4233 Γενέτης
3334 4165 3627 4232 ἀγαπάζει,

2151 4243 2260 4298 Καί
2289 4247 2336 4299 οἱ
2368 4247 2544 4301 πάντα
2567 4249 2754 4320 φέρειν
2777 4251 3004 4326 παλάμῃ
3027 4254 3213 4326 πόρεν.
3249 4254 3317 4310 56
3338 4257 3434 4319 Ὃς
3453 4256 3511 4310 δέ
3537 4275 3628 4310 κεν
3649 4257 3730 4327 εἰη

1665 4341 1948 4397 TEXTUS
1988 4344 2525 4410 EVANGELISTIE.

637 4447 886 4548 :FYivsfo
911 4443 1005 4502 οὖν
1036 4450 1263 4548 ςήτηξις
1295 4452 1360 4505 ἔκ
1392 4451 1500 4548 ff?”
1523 4453 1780 4525 μαθητῶν
1795 4455 2046 4512 Ἰωάννου
2082 4467 2125 4519 D
2224 4467 2294 4519 5O
2338 4467 2578 4524 Ἐκεῖνον
2612 4472 2696 4526 δεῖ
2723 4474 2997 4542 αὐξάνειν,
3021 4478 3120 4548 ἐμὲ
3152 4478 3209 4532 δέ
3231 4478 3600 4533 ἐλαττοῦσθαι.

465 4534 604 4604 μετά
638 4531 909 4584 Ἰουδαίων
940 4535 1068 4602 περὶ
1093 4533 1461 4606 καθαρισμοῦ.

531 4616 602 4670 26
626 4615 735 4668 Καὶ
776 4610 942 4686 ἦλθον
969 4618 1106 4687 πρὸς
1131 4617 1224 4672 τὸν
1265 4620 1519 4690 Ἰωάννην
1553 4619 1649 4673 καὶ
1678 4614 1832 4675 εἷπον
1861 4624 2012 4694 αὐτῷ
2035 4642 2049 4655 ·

473 4698 683 4762 Ῥαϐϐὶ,
720 4697 778 4761 ὃς
824 4694 892 4769 ἦν
933 4699 1070 4771 μετὰ
1105 4700 1200 4755 σοῦ
1234 4702 1408 4774 πέραν
1431 4703 1526 4756 τοῦ
1565 4704 1848 4774 Ἰορδάνου,
1896 4700 1940 4774 ᾧ
1987 4708 2052 4761 σὺ

465 4781 918 4854 μεμαρτύρηκας,
963 4784 1038 4838 ῐδε
1075 4779 1230 4850 οὗτος
1283 4785 1558 4856 βαπτίζει,
1593 4787 1689 4841 καὶ
1737 4789 1938 4852 πάντες
1964 4786 2056 4860 ἕρ-

461 4881 650 4934 χονται
687 4865 825 4936 πρὸς
847 4866 1031 4920 αὐτόν.

531 4947 602 5000 27
641 4948 938 5022 Ἀπεκρίθη
981 4951 1238 5024 Ἰωάννης
1269 4951 1361 5005 καὶ
1384 4949 1538 5006 εἶπεν
1559 4970 1570 4980 ·
1603 4954 1676 5006 Οὐ
1705 4954 1928 5008 δύναται
1955 4954 2051 5008 ἀν-

462 5027 678 5100 θρωπος
723 5029 1019 5101 λαμϐάνειν
1045 5034 1219 5101 οὐδὲν,
1263 5035 1356 5090 ἐὰν
1401 5032 1542 5107 μὴῇ
1590 5035 1872 5107 δεδομένον
1901 5036 2051 5106 αὐτῷ

463 5112 529 5164 ἐκ
557 5111 653 5166 τοῦ
679 5113 932 5184 ούρανοῦ.

528 5193 600 5248 28
633 5195 795 5248 Λύτοὶ
845 5196 1001 5265 ὑμεῖς
1048 5215 1136 5267 μοι
1184 5201 1511 5272 μαρτυρεῖτε
1548 5200 1630 5254 ὅτι
1680 5195 1836 5254 εἷπον
1867 5217 1879 5229 ·
1937 5201 2053 5254 Ούκ

457 5277 578 5348 εἰμὶ
605 5277 716 5346 ἐγὼ
733 5279 761 5330 6
783 5278 1037 5348 Χριστὸς,
1087 5280 1202 5334 ἀλλ’
1223 5281 1308 5334 ὅτι
1354 5283 1766 5354 ἀπεσταλμένος
1800 5285 1916 5356 εἰμὶ
1941 5284 2044 5355 ἔμ-

458 5361 697 5431 προσθεν
724 5361 958 5415 ἐκείνου.

528 5445 600 5500 29
634 5445 692 5499 ’0
743 5443 882 5515 ἔχων
935 5443 1174 5517 νύμφην,
1214 5447 1446 5520 νυμφίος
1494 5450 1673 5504 ἐστίν’
1731 5453 1760 5504 6
1790 5452 1848 5505 δέ
1893 5454 2044 5523 φίλος

455 5527 552 5582 τοῦ
583 5528 817 5600 νυμφίου
839 5529 869 5580 6
898 5529 1146 5602 έστηκὼς
1169 5532 1265 5585 καὶ
1288 5531 1502 5586 ἀκούων
1527 5531 1716 5597 αὐτοῦ,
1748 5539 1894 5608 χαρᾷ
1919 5539 2010 5608 χαί
2019 5570 2033 5579 -

459 5627 543 5678 ρει
574 5611 660 5664 διὰ
687 5613 785 5682 τὴν
816 5611 999 5683 φωνὴν
1032 5613 1123 5669 τοῦ
1174 5615 1430 5687 νυμφίου.
1476 5614 1623 5687 Λῦτη
1665 5613 1811 5690 οὖνὴ
1841 5622 1983 5693 χαρά
2007 5625 2040 5692 ἡ

457 5693 567 5765 ἐμὴ
597 5694 972 5764 πεπλήρωται.

2225 4549 2289 4603 51
2335 4551 2394 4604 Ὀ
2437 4553 2644 4608 ἄνωθεν
2673 4557 2986 4630 ἐρχόμενος,
3023 4562 3208 4615 ἐπάνω
3245 4564 3459 4616 πάντων
3500 4563 3673 4616 ἐστίν’
3705 4565 3731 4616 6

2151 4632 2228 4716 ᾣν
2248 4634 2314 4688 ἐκ
2333 4635 2434 4705 τῆς
2463 4638 2588 4705 γῆς,
2624 4639 2690 4690 ἐκ
2719 4643 2818 4711 τῆς
2840 4644 2943 4714 γῆς
2971 4647 3112 4709 ἐστι,
3147 4646 3241 4698 καὶ
3269 4647 3334 4698 ἐκ
3371 4645 3472 4716 τῆς
3512 4646 3616 4714 γῆς
3649 4645 3731 4698 λα’

2151 4715 2232 4768 λεῖ
2251 4733 2263 4745 ·
2291 4719 2320 4770 6
2346 4718 2410 4772 ἐκ
2432 4719 2527 4772 τοῦ
2543 4719 2776 4790 οὐρανοῦ
2798 4725 3113 4795 ἐρχόμενος,
3129 4728 3316 4781 ἐπάνω
3333 4715 3552 4781 πάντων
3570 4729 3725 4782 ἐστίν.

2221 4800 2292 4853 52
2323 4801 2431 4853 Kal.
2457 4801 2485 4852 6
2514 4801 2726 4873 ἑώρακε
2752 4807 2845 4858 καὶ
2871 4808 3091 4877 ήκουσε,
3125 4809 3283 4863 τοῦτο
3313 4815 3611 4882 μαρτυρεῖ·
3639 4811 3727 4864 καὶ

2149 4882 2249 4951 τὴν
2288 4885 2596 4954 μαρτυρίαν
2624 4888 2788 4942 αὑτοῦ
2824 4891 2998 4953 οὐδεὶς
3025 4890 3315 4962 λαμϐάνει.

2222 4963 2292 5047 55
2333 4965 2389 5018 '0
2409 4965 2602 5047 λαϐὼν
2634 4971 2799 5025 αὐτοῦ
2832 4971 2929 5042 τὴν
2961 4975 3262 5045 μαρτυρίαν
3290 4975 3620 5047 ἐσφράγισεν
3651 4977 3725 5029 ὅτι

2149 5046 2177 5097 ό
2200 5043 2334 5108 Θεὸς
2370 5046 2578 5119 ἀληθής
2605 5052 2773 5106 ἐστιν.

2221 5128 2413 5214 βόὋν
2441 5132 2548 5203 γὰρ
2579 5134 2898 5191 ἀπέστειλεν
2925 5141 2952 5192 6
2968 5140 3120 5204 Θεὸς,
3143 5140 3211 5194 τὰ
3229 5144 3450 5214 ῥήματα
3478 5144 3574 5198 τοῦ
3597 5143 3720 5198 Θεοῦ

2153 5211 2422 5298 λαλεῖξού
2458 5215 2566 5286 γὰρ
2591 5217 2654 5270 ἐκ
2688 5217 2890 5290 μέτρου
2930 5222 3145 5277 δίδωσιν
3173 5227 3202 5278 6
3230 5211 3361 5290 Θεὸς
3387 5226 3450 5280 τὸ
3491 5227 3718 5298 πνεῦμα.

2220 5295 2290 5350 55
2335 5297 2392 5349 'o
2416 5299 2609 5370 Πατὴρ
2637 5301 2827 5372 ἀγαπᾷ
2850 5305 2942 5358 τὸν
2977 5306 3124 5372 my,
3151 5310 3246 5360 καὶ
3284 5309 3463 5364 πάντα
3501 5295 3721 5364 δέδωκεν

2148 5377 2207 5431 ἐν
2232 5381 2298 5450 τῇ
2329 5381 2471 5452 χειρὶ
2504 5384 2692 5438 αὑτοῦ.

2217 5460 2286 5548 56
2327 5463 2384 5516 '0
2417 5466 2688 5548 πιστεύων
2722 5471 2803 5534 εἰς
2841 5471 2932 5524 τὸν
2959 5473 3107 5538 Υἰὸν,
3143 5473 3257 5545 ἔχει
3289 5473 3435 5548 ζωὴν
3466 5477 3679 5531 αἰώνιον
3702 5489 3715 5503 ·

2145 5543 2174 5595 6
2201 5543 2257 5630 δὲ
2285 5545 2526 5630 ἀπειθῶν
2551 5549 2629 5620 τῷ
2661 5551 2796 5622 Υἱῷ,
2831 5555 2930 5607 ούκ
2957 5556 3148 5628 ὄψεται
3174 5543 3353 5630 ζωὴν,
3385 5543 3510 5613 ἀλλ’
3537 5563 3566 5630 ή
3592 5557 3719 5629 ὀργὴ

2143 5625 2239 5680 τοῦ
2269 5629 2404 5682 Θεοῦ
2445 5631 2595 5700 μένει
2631 5633 2716 5686 ἐπ’
2748 5635 2930 5692 αὐτόν.
