  <div class='ocr_page' id='page_1' title='image "/cluster/home/n/w/nwhite01/storage/ocr_20150623/43/mdp.39015013284818/428.png"; bbox 0 0 3938 6214; ppageno 0'>
   <div class='ocr_carea' id='block_1_1' title="bbox 245 290 355 347">
    <p class='ocr_par' dir='ltr' id='par_1_1' title="bbox 245 290 355 347">
     <span class='ocr_line' id='line_1_1' title="bbox 245 290 355 347; baseline 0.009 -1"><span class='ocrx_word' id='word_1_1' title='bbox 245 290 355 347; x_wconf 77' lang='grc' dir='ltr'>Ὶϐί</span> 
     </span>
    </p>
   </div>
   <div class='ocr_carea' id='block_1_2' title="bbox 243 407 1694 499">
    <p class='ocr_par' dir='ltr' id='par_1_2' title="bbox 243 407 1694 499">
     <span class='ocr_line' id='line_1_2' title="bbox 243 407 1694 499; baseline 0.014 -35"><span class='ocrx_word' id='word_1_2' title='bbox 243 407 283 464; x_wconf 75' lang='lat'><strong>5</strong></span> <span class='ocrx_word' id='word_1_3' title='bbox 310 407 418 464; x_wconf 73' lang='grc' dir='ltr'>Καὶ</span> <span class='ocrx_word' id='word_1_4' title='bbox 436 409 625 482; x_wconf 87' lang='grc' dir='ltr'>Μαρίη</span> <span class='ocrx_word' id='word_1_5' title='bbox 648 411 919 484; x_wconf 82' lang='grc' dir='ltr'>δμώεσσιν</span> <span class='ocrx_word' id='word_1_6' title='bbox 944 417 1202 475; x_wconf 74' lang='grc' dir='ltr'>ἐκέκλετο</span> <span class='ocrx_word' id='word_1_7' title='bbox 1234 424 1389 480; x_wconf 82' lang='grc' dir='ltr'>τοῦτο</span> <span class='ocrx_word' id='word_1_8' title='bbox 1423 428 1694 499; x_wconf 89' lang='grc' dir='ltr'>τελέσσαι,</span> 
     </span>
    </p>
   </div>
   <div class='ocr_carea' id='block_1_3' title="bbox 244 499 1679 596">
    <p class='ocr_par' dir='ltr' id='par_1_3' title="bbox 244 499 1679 596">
     <span class='ocr_line' id='line_1_3' title="bbox 244 499 1679 596; baseline 0.02 -47"><span class='ocrx_word' id='word_1_9' title='bbox 244 499 490 571; x_wconf 76' lang='grc' dir='ltr'>Χριστὸς</span> <span class='ocrx_word' id='word_1_10' title='bbox 517 502 655 574; x_wconf 82' lang='grc' dir='ltr'>ὅπερ</span> <span class='ocrx_word' id='word_1_11' title='bbox 684 504 906 570; x_wconf 82' lang='grc' dir='ltr'>λέξειεν.</span> <span class='ocrx_word' id='word_1_12' title='bbox 932 509 965 563; x_wconf 94' lang='grc'>6</span> <span class='ocrx_word' id='word_1_13' title='bbox 1005 512 1302 586; x_wconf 77' lang='grc' dir='ltr'>Ἀμοιϐαίῳ</span> <span class='ocrx_word' id='word_1_14' title='bbox 1325 518 1370 570; x_wconf 85' lang='grc' dir='ltr'>δ’</span> <span class='ocrx_word' id='word_1_15' title='bbox 1401 521 1483 574; x_wconf 74' lang='grc' dir='ltr'>ἐνὶ</span> <span class='ocrx_word' id='word_1_16' title='bbox 1516 523 1679 596; x_wconf 84' lang='grc' dir='ltr'>τοίχῳ</span> 
     </span>
    </p>
   </div>
   <div class='ocr_carea' id='block_1_4' title="bbox 243 590 1561 682">
    <p class='ocr_par' dir='ltr' id='par_1_4' title="bbox 243 590 1561 682">
     <span class='ocr_line' id='line_1_4' title="bbox 243 590 1561 682; baseline 0.018 -41"><span class='ocrx_word' id='word_1_17' title='bbox 243 590 583 663; x_wconf 81' lang='grc' dir='ltr'>Κεκλιμένοι</span> <span class='ocrx_word' id='word_1_18' title='bbox 610 598 889 669; x_wconf 79' lang='grc' dir='ltr'>στοιχηδὸν</span> <span class='ocrx_word' id='word_1_19' title='bbox 919 602 1187 673; x_wconf 74' lang='grc' dir='ltr'>ὁμόζυγες</span> <span class='ocrx_word' id='word_1_20' title='bbox 1211 608 1561 682; x_wconf 79' lang='grc' dir='ltr'>ἀμφιφορῆες</span> 
     </span>
    </p>
   </div>
   <div class='ocr_carea' id='block_1_5' title="bbox 248 680 1694 776">
    <p class='ocr_par' dir='ltr' id='par_1_5' title="bbox 248 680 1694 776">
     <span class='ocr_line' id='line_1_5' title="bbox 248 680 1694 776; baseline 0.018 -43"><span class='ocrx_word' id='word_1_21' title='bbox 248 680 358 746; x_wconf 80' lang='grc' dir='ltr'>Ἐξ</span> <span class='ocrx_word' id='word_1_22' title='bbox 382 682 566 749; x_wconf 77' lang='grc' dir='ltr'>ἔσσαν,</span> <span class='ocrx_word' id='word_1_23' title='bbox 598 687 725 757; x_wconf 86' lang='grc' dir='ltr'>τρία</span> <span class='ocrx_word' id='word_1_24' title='bbox 758 689 933 762; x_wconf 82' lang='grc' dir='ltr'>μέτρα</span> <span class='ocrx_word' id='word_1_25' title='bbox 962 697 1281 764; x_wconf 83' lang='grc' dir='ltr'>κεχανδότες</span> <span class='ocrx_word' id='word_1_26' title='bbox 1307 680 1457 771; x_wconf 69' lang='grc' dir='ltr'>εὑρέῗ</span> <span class='ocrx_word' id='word_1_27' title='bbox 1489 680 1694 776; x_wconf 79' lang='grc' dir='ltr'>κόλπῳ,</span> 
     </span>
    </p>
   </div>
   <div class='ocr_carea' id='block_1_6' title="bbox 258 773 1557 858">
    <p class='ocr_par' dir='ltr' id='par_1_6' title="bbox 258 773 1557 858">
     <span class='ocr_line' id='line_1_6' title="bbox 258 773 1557 858; baseline 0.018 -34"><span class='ocrx_word' id='word_1_28' title='bbox 258 773 357 826; x_wconf 82' lang='grc' dir='ltr'>Ἢέ</span> <span class='ocrx_word' id='word_1_29' title='bbox 381 774 512 827; x_wconf 89' lang='grc' dir='ltr'>δύω·</span> <span class='ocrx_word' id='word_1_30' title='bbox 546 778 642 831; x_wconf 75' lang='grc' dir='ltr'>καὶ</span> <span class='ocrx_word' id='word_1_31' title='bbox 666 778 897 845; x_wconf 67' lang='grc' dir='ltr'>ἕκαστος</span> <span class='ocrx_word' id='word_1_32' title='bbox 938 783 1239 843; x_wconf 86' lang='grc' dir='ltr'>Ἰουδαίοισι</span> <span class='ocrx_word' id='word_1_33' title='bbox 1267 792 1557 858; x_wconf 85' lang='grc' dir='ltr'>φυλάσσων</span> 
     </span>
    </p>
   </div>
   <div class='ocr_carea' id='block_1_7' title="bbox 240 862 1465 955">
    <p class='ocr_par' dir='ltr' id='par_1_7' title="bbox 240 862 1465 955">
     <span class='ocr_line' id='line_1_7' title="bbox 240 862 1465 955; baseline 0.017 -40"><span class='ocrx_word' id='word_1_34' title='bbox 240 862 462 936; x_wconf 82' lang='grc' dir='ltr'>Δαῖνέῳ</span> <span class='ocrx_word' id='word_1_35' title='bbox 498 868 725 922; x_wconf 85' lang='grc' dir='ltr'>κενεῶνι</span> <span class='ocrx_word' id='word_1_36' title='bbox 757 872 1052 943; x_wconf 86' lang='grc' dir='ltr'>καθάρσιον</span> <span class='ocrx_word' id='word_1_37' title='bbox 1078 877 1267 931; x_wconf 79' lang='grc' dir='ltr'>ἕϐλυεν</span> <span class='ocrx_word' id='word_1_38' title='bbox 1301 881 1465 955; x_wconf 80' lang='grc' dir='ltr'>ὕδωρ,</span> 
     </span>
    </p>
   </div>
   <div class='ocr_carea' id='block_1_8' title="bbox 253 953 1837 1047">
    <p class='ocr_par' dir='ltr' id='par_1_8' title="bbox 253 953 1837 1047">
     <span class='ocr_line' id='line_1_8' title="bbox 253 953 1837 1047; baseline 0.018 -42"><span class='ocrx_word' id='word_1_39' title='bbox 253 953 452 1022; x_wconf 81' lang='grc' dir='ltr'>Ἀγνὸν</span> <span class='ocrx_word' id='word_1_40' title='bbox 486 956 651 1028; x_wconf 80' lang='grc' dir='ltr'>ὕδωρ.</span> <span class='ocrx_word' id='word_1_41' title='bbox 686 960 716 1011; x_wconf 90' lang='lat'><strong>7</strong></span> <span class='ocrx_word' id='word_1_42' title='bbox 742 962 855 1047; x_wconf 79' lang='grc' dir='ltr'>Καὶ</span> <span class='ocrx_word' id='word_1_43' title='bbox 878 965 1117 1034; x_wconf 86' lang='grc' dir='ltr'>Χριστὸς</span> <span class='ocrx_word' id='word_1_44' title='bbox 1150 953 1572 1046; x_wconf 84' lang='grc' dir='ltr'>ὑποδρηστῆρας</span> <span class='ocrx_word' id='word_1_45' title='bbox 1601 978 1837 1047; x_wconf 77' lang='grc' dir='ltr'>ἐπείγων</span> 
     </span>
    </p>
   </div>
   <div class='ocr_carea' id='block_1_9' title="bbox 242 1043 1482 1135">
    <p class='ocr_par' dir='ltr' id='par_1_9' title="bbox 242 1043 1482 1135">
     <span class='ocr_line' id='line_1_9' title="bbox 242 1043 1482 1135; baseline 0.018 -39"><span class='ocrx_word' id='word_1_46' title='bbox 242 1045 479 1116; x_wconf 63' lang='grc' dir='ltr'>Διψάδος</span> <span class='ocrx_word' id='word_1_47' title='bbox 498 1043 815 1123; x_wconf 58' lang='grc' dir='ltr'>είλαπίνηςξ</span> <span class='ocrx_word' id='word_1_48' title='bbox 834 1055 1103 1111; x_wconf 89' lang='grc' dir='ltr'>οίνοσσόον</span> <span class='ocrx_word' id='word_1_49' title='bbox 1140 1061 1259 1131; x_wconf 79' lang='grc' dir='ltr'>ἴαχε</span> <span class='ocrx_word' id='word_1_50' title='bbox 1286 1043 1482 1135; x_wconf 69' lang='grc' dir='ltr'>φωνήν·</span> 
     </span>
    </p>
   </div>
   <div class='ocr_carea' id='block_1_10' title="bbox 256 1136 1556 1227">
    <p class='ocr_par' dir='ltr' id='par_1_10' title="bbox 256 1136 1556 1227">
     <span class='ocr_line' id='line_1_10' title="bbox 256 1136 1556 1227; baseline 0.018 -39"><span class='ocrx_word' id='word_1_51' title='bbox 256 1136 593 1209; x_wconf 84' lang='grc' dir='ltr'>Ἀρτιχύτων</span> <span class='ocrx_word' id='word_1_52' title='bbox 626 1143 835 1198; x_wconf 83' lang='grc' dir='ltr'>ὑδάτων</span> <span class='ocrx_word' id='word_1_53' title='bbox 860 1146 1172 1218; x_wconf 78' lang='grc' dir='ltr'>ἐγκύμονας</span> <span class='ocrx_word' id='word_1_54' title='bbox 1195 1152 1556 1227; x_wconf 80' lang='grc' dir='ltr'>ἀμφιφορῆας</span> 
     </span>
    </p>
   </div>
   <div class='ocr_carea' id='block_1_11' title="bbox 241 1230 1835 1327">
    <p class='ocr_par' dir='ltr' id='par_1_11' title="bbox 241 1230 1835 1327">
     <span class='ocr_line' id='line_1_11' title="bbox 241 1230 1835 1327; baseline 0.017 -46"><span class='ocrx_word' id='word_1_55' title='bbox 241 1230 507 1301; x_wconf 81' lang='grc' dir='ltr'>Πλήσατέ</span> <span class='ocrx_word' id='word_1_56' title='bbox 538 1251 648 1304; x_wconf 91' lang='grc' dir='ltr'>μοι.</span> <span class='ocrx_word' id='word_1_57' title='bbox 684 1237 796 1290; x_wconf 83' lang='grc' dir='ltr'>Καὶ</span> <span class='ocrx_word' id='word_1_58' title='bbox 828 1238 1039 1303; x_wconf 80' lang='grc' dir='ltr'>πάντας</span> <span class='ocrx_word' id='word_1_59' title='bbox 1067 1242 1358 1311; x_wconf 71' lang='grc' dir='ltr'>ἀμοιϐαδὶς</span> <span class='ocrx_word' id='word_1_60' title='bbox 1389 1248 1546 1302; x_wconf 83' lang='grc' dir='ltr'>ἄλλον</span> <span class='ocrx_word' id='word_1_61' title='bbox 1577 1251 1661 1304; x_wconf 80' lang='grc' dir='ltr'>ἐπ’</span> <span class='ocrx_word' id='word_1_62' title='bbox 1691 1253 1835 1327; x_wconf 71' lang='grc' dir='ltr'>ἄλλῳ</span> 
     </span>
    </p>
   </div>
   <div class='ocr_carea' id='block_1_12' title="bbox 240 1322 1624 1404">
    <p class='ocr_par' dir='ltr' id='par_1_12' title="bbox 240 1322 1624 1404">
     <span class='ocr_line' id='line_1_12' title="bbox 240 1322 1624 1404; baseline 0.016 -31"><span class='ocrx_word' id='word_1_63' title='bbox 240 1322 514 1391; x_wconf 85' lang='grc' dir='ltr'>Νάματος</span> <span class='ocrx_word' id='word_1_64' title='bbox 544 1326 851 1397; x_wconf 81' lang='grc' dir='ltr'>ἐπλήσαντο</span> <span class='ocrx_word' id='word_1_65' title='bbox 878 1330 1174 1404; x_wconf 87' lang='grc' dir='ltr'>διάκτοροι,</span> <span class='ocrx_word' id='word_1_66' title='bbox 1207 1336 1417 1392; x_wconf 80' lang='grc' dir='ltr'>εἰσόκεν</span> <span class='ocrx_word' id='word_1_67' title='bbox 1443 1340 1624 1395; x_wconf 77' lang='grc' dir='ltr'>αὐτῶν</span> 
     </span>
    </p>
   </div>
   <div class='ocr_carea' id='block_1_13' title="bbox 258 1415 1572 1504">
    <p class='ocr_par' dir='ltr' id='par_1_13' title="bbox 258 1415 1572 1504">
     <span class='ocr_line' id='line_1_13' title="bbox 258 1415 1572 1504; baseline 0.014 -39"><span class='ocrx_word' id='word_1_68' title='bbox 258 1415 603 1485; x_wconf 76' lang='grc' dir='ltr'>Ἀκροφανὴς</span> <span class='ocrx_word' id='word_1_69' title='bbox 635 1417 857 1488; x_wconf 81' lang='grc' dir='ltr'>εὕῦδρος</span> <span class='ocrx_word' id='word_1_70' title='bbox 885 1422 1153 1492; x_wconf 77' lang='grc' dir='ltr'>ἐπέστεφε</span> <span class='ocrx_word' id='word_1_71' title='bbox 1182 1427 1357 1496; x_wconf 83' lang='grc' dir='ltr'>χεῖλος</span> <span class='ocrx_word' id='word_1_72' title='bbox 1385 1430 1572 1504; x_wconf 79' lang='grc' dir='ltr'>ἐέρση.</span> 
     </span>
    </p>
   </div>
   <div class='ocr_carea' id='block_1_14' title="bbox 247 1507 1832 1592">
    <p class='ocr_par' dir='ltr' id='par_1_14' title="bbox 247 1507 1832 1592">
     <span class='ocr_line' id='line_1_14' title="bbox 247 1507 1832 1592; baseline 0.018 -35"><span class='ocrx_word' id='word_1_73' title='bbox 247 1507 441 1575; x_wconf 84' lang='grc' dir='ltr'>Ἀφνω</span> <span class='ocrx_word' id='word_1_74' title='bbox 474 1508 518 1562; x_wconf 87' lang='grc' dir='ltr'>δ’</span> <span class='ocrx_word' id='word_1_75' title='bbox 545 1510 738 1564; x_wconf 78' lang='grc' dir='ltr'>ἔπλετο</span> <span class='ocrx_word' id='word_1_76' title='bbox 764 1511 972 1584; x_wconf 83' lang='grc' dir='ltr'>θαῦμα,</span> <span class='ocrx_word' id='word_1_77' title='bbox 1006 1518 1099 1570; x_wconf 78' lang='grc' dir='ltr'>καὶ</span> <span class='ocrx_word' id='word_1_78' title='bbox 1125 1520 1207 1583; x_wconf 88' lang='grc' dir='ltr'>είς</span> <span class='ocrx_word' id='word_1_79' title='bbox 1238 1521 1394 1590; x_wconf 91' lang='grc' dir='ltr'>χύσιν</span> <span class='ocrx_word' id='word_1_80' title='bbox 1432 1525 1659 1592; x_wconf 77' lang='grc' dir='ltr'>αἴθοπος</span> <span class='ocrx_word' id='word_1_81' title='bbox 1688 1531 1832 1585; x_wconf 71' lang='grc' dir='ltr'>οἴνου</span> 
     </span>
    </p>
   </div>
   <div class='ocr_carea' id='block_1_15' title="bbox 242 1597 1425 1686">
    <p class='ocr_par' dir='ltr' id='par_1_15' title="bbox 242 1597 1425 1686">
     <span class='ocr_line' id='line_1_15' title="bbox 242 1597 1425 1686; baseline 0.015 -37"><span class='ocrx_word' id='word_1_82' title='bbox 242 1597 477 1669; x_wconf 84' lang='grc' dir='ltr'>Χιονέην</span> <span class='ocrx_word' id='word_1_83' title='bbox 507 1600 710 1672; x_wconf 69' lang='grc' dir='ltr'>ῆμειψε</span> <span class='ocrx_word' id='word_1_84' title='bbox 739 1605 906 1675; x_wconf 87' lang='grc' dir='ltr'>χρόην</span> <span class='ocrx_word' id='word_1_85' title='bbox 929 1608 1246 1681; x_wconf 80' lang='grc' dir='ltr'>ἐτερόχροον</span> <span class='ocrx_word' id='word_1_86' title='bbox 1283 1612 1425 1686; x_wconf 82' lang='grc' dir='ltr'>ὕδωρ</span> 
     </span>
    </p>
   </div>
   <div class='ocr_carea' id='block_1_16' title="bbox 240 1690 1689 1777">
    <p class='ocr_par' dir='ltr' id='par_1_16' title="bbox 240 1690 1689 1777">
     <span class='ocr_line' id='line_1_16' title="bbox 240 1690 1689 1777; baseline 0.017 -37"><span class='ocrx_word' id='word_1_87' title='bbox 240 1690 497 1761; x_wconf 85' lang='grc' dir='ltr'>Χεύματι</span> <span class='ocrx_word' id='word_1_88' title='bbox 528 1695 883 1763; x_wconf 83' lang='grc' dir='ltr'>φοινίσσοντι,</span> <span class='ocrx_word' id='word_1_89' title='bbox 911 1701 1006 1753; x_wconf 78' lang='grc' dir='ltr'>καὶ</span> <span class='ocrx_word' id='word_1_90' title='bbox 1032 1702 1314 1771; x_wconf 87' lang='grc' dir='ltr'>ὑδροδόκου</span> <span class='ocrx_word' id='word_1_91' title='bbox 1346 1706 1434 1761; x_wconf 87' lang='grc' dir='ltr'>διὰ</span> <span class='ocrx_word' id='word_1_92' title='bbox 1467 1709 1689 1777; x_wconf 85' lang='grc' dir='ltr'>κόλπου,</span> 
     </span>
    </p>
   </div>
   <div class='ocr_carea' id='block_1_17' title="bbox 244 1781 1456 1870">
    <p class='ocr_par' dir='ltr' id='par_1_17' title="bbox 244 1781 1456 1870">
     <span class='ocr_line' id='line_1_17' title="bbox 244 1781 1456 1870; baseline 0.017 -38"><span class='ocrx_word' id='word_1_93' title='bbox 244 1781 482 1846; x_wconf 83' lang='grc' dir='ltr'>’Υδατος</span> <span class='ocrx_word' id='word_1_94' title='bbox 515 1785 777 1856; x_wconf 80' lang='grc' dir='ltr'>ἀκρήτοιο</span> <span class='ocrx_word' id='word_1_95' title='bbox 807 1788 1045 1858; x_wconf 86' lang='grc' dir='ltr'>φιλεύῖος</span> <span class='ocrx_word' id='word_1_96' title='bbox 1077 1794 1267 1848; x_wconf 81' lang='grc' dir='ltr'>ἔπλεεν</span> <span class='ocrx_word' id='word_1_97' title='bbox 1293 1797 1456 1870; x_wconf 76' lang='grc' dir='ltr'>αὔρη.</span> 
     </span>
    </p>
   </div>
   <div class='ocr_carea' id='block_1_18' title="bbox 243 1873 1649 1967">
    <p class='ocr_par' dir='ltr' id='par_1_18' title="bbox 243 1873 1649 1967">
     <span class='ocr_line' id='line_1_18' title="bbox 243 1873 1649 1967; baseline 0.021 -44"><span class='ocrx_word' id='word_1_98' title='bbox 243 1873 279 1926; x_wconf 89' lang='lat'><strong>8</strong></span> <span class='ocrx_word' id='word_1_99' title='bbox 309 1873 532 1947; x_wconf 77' lang='grc' dir='ltr'>Οἰνώπῃ</span> <span class='ocrx_word' id='word_1_100' title='bbox 555 1876 598 1929; x_wconf 87' lang='grc' dir='ltr'>δ’</span> <span class='ocrx_word' id='word_1_101' title='bbox 626 1878 914 1933; x_wconf 84' lang='grc' dir='ltr'>ἐκέλευσεν</span> <span class='ocrx_word' id='word_1_102' title='bbox 942 1883 1112 1951; x_wconf 63' lang='lat' dir='ltr'><strong>&quot;Avari;</strong></span> <span class='ocrx_word' id='word_1_103' title='bbox 1140 1889 1439 1963; x_wconf 82' lang='grc' dir='ltr'>σημάντορι</span> <span class='ocrx_word' id='word_1_104' title='bbox 1475 1898 1649 1967; x_wconf 79' lang='grc' dir='ltr'>φωνῇ’</span> 
     </span>
    </p>
   </div>
   <div class='ocr_carea' id='block_1_19' title="bbox 242 1964 1514 2053">
    <p class='ocr_par' dir='ltr' id='par_1_19' title="bbox 242 1964 1514 2053">
     <span class='ocr_line' id='line_1_19' title="bbox 242 1964 1514 2053; baseline 0.017 -37"><span class='ocrx_word' id='word_1_105' title='bbox 242 1964 532 2036; x_wconf 87' lang='grc' dir='ltr'>Κρηναίης</span> <span class='ocrx_word' id='word_1_106' title='bbox 555 1968 812 2038; x_wconf 83' lang='grc' dir='ltr'>ἀρύοντες</span> <span class='ocrx_word' id='word_1_107' title='bbox 843 1973 1163 2046; x_wconf 83' lang='grc' dir='ltr'>ὑπωροφίης</span> <span class='ocrx_word' id='word_1_108' title='bbox 1197 1980 1305 2033; x_wconf 77' lang='grc' dir='ltr'>ἀπὸ</span> <span class='ocrx_word' id='word_1_109' title='bbox 1331 1981 1514 2053; x_wconf 76' lang='grc' dir='ltr'>ληνοῦ,</span> 
     </span>
    </p>
   </div>
   <div class='ocr_carea' id='block_1_20' title="bbox 245 2053 1601 2146">
    <p class='ocr_par' dir='ltr' id='par_1_20' title="bbox 245 2053 1601 2146">
     <span class='ocr_line' id='line_1_20' title="bbox 245 2053 1601 2146; baseline 0.018 -41"><span class='ocrx_word' id='word_1_110' title='bbox 245 2053 547 2127; x_wconf 88' lang='grc' dir='ltr'>Είλαπίνης</span> <span class='ocrx_word' id='word_1_111' title='bbox 571 2058 815 2129; x_wconf 87' lang='grc' dir='ltr'>μεδέοντι</span> <span class='ocrx_word' id='word_1_112' title='bbox 843 2064 1139 2133; x_wconf 82' lang='grc' dir='ltr'>κομίσσατε</span> <span class='ocrx_word' id='word_1_113' title='bbox 1170 2070 1405 2141; x_wconf 80' lang='grc' dir='ltr'>νήδυμον</span> <span class='ocrx_word' id='word_1_114' title='bbox 1435 2073 1601 2146; x_wconf 80' lang='grc' dir='ltr'>ὕδωρ.</span> 
     </span>
    </p>
   </div>
   <div class='ocr_carea' id='block_1_21' title="bbox 243 2147 1646 2231">
    <p class='ocr_par' dir='ltr' id='par_1_21' title="bbox 243 2147 1646 2231">
     <span class='ocr_line' id='line_1_21' title="bbox 243 2147 1646 2231; baseline 0.018 -33"><span class='ocrx_word' id='word_1_115' title='bbox 243 2147 310 2199; x_wconf 77' lang='lat' dir='ltr'><strong>Oi</strong></span> <span class='ocrx_word' id='word_1_116' title='bbox 339 2148 398 2200; x_wconf 82' lang='grc' dir='ltr'>δὲ</span> <span class='ocrx_word' id='word_1_117' title='bbox 446 2149 613 2222; x_wconf 82' lang='grc' dir='ltr'>χύδην</span> <span class='ocrx_word' id='word_1_118' title='bbox 640 2153 870 2224; x_wconf 81' lang='grc' dir='ltr'>ἀρύοντο</span> <span class='ocrx_word' id='word_1_119' title='bbox 902 2157 1304 2215; x_wconf 89' lang='grc' dir='ltr'>παλιννόστοισι</span> <span class='ocrx_word' id='word_1_120' title='bbox 1336 2166 1646 2231; x_wconf 82' lang='grc' dir='ltr'>κυπέλλοις.</span> 
     </span>
    </p>
   </div>
   <div class='ocr_carea' id='block_1_22' title="bbox 242 2238 1721 2333">
    <p class='ocr_par' dir='ltr' id='par_1_22' title="bbox 242 2238 1721 2333">
     <span class='ocr_line' id='line_1_22' title="bbox 242 2238 1721 2333; baseline 0.016 -40"><span class='ocrx_word' id='word_1_121' title='bbox 242 2238 278 2293; x_wconf 91' lang='lat'><strong>9</strong></span> <span class='ocrx_word' id='word_1_122' title='bbox 306 2238 413 2293; x_wconf 87' lang='grc' dir='ltr'>Καὶ</span> <span class='ocrx_word' id='word_1_123' title='bbox 444 2243 647 2314; x_wconf 80' lang='grc' dir='ltr'>ταμίης</span> <span class='ocrx_word' id='word_1_124' title='bbox 673 2245 761 2297; x_wconf 83' lang='grc' dir='ltr'>ὅτε</span> <span class='ocrx_word' id='word_1_125' title='bbox 784 2246 966 2313; x_wconf 85' lang='grc' dir='ltr'>δαιτὸς</span> <span class='ocrx_word' id='word_1_126' title='bbox 988 2252 1249 2319; x_wconf 79' lang='grc' dir='ltr'>ἐγεύσατο</span> <span class='ocrx_word' id='word_1_127' title='bbox 1274 2255 1511 2331; x_wconf 85' lang='grc' dir='ltr'>μάρτυρι</span> <span class='ocrx_word' id='word_1_128' title='bbox 1540 2259 1721 2333; x_wconf 81' lang='grc' dir='ltr'>λαιμῷ</span> 
     </span>
    </p>
   </div>
   <div class='ocr_carea' id='block_1_23' title="bbox 244 2330 1486 2420">
    <p class='ocr_par' dir='ltr' id='par_1_23' title="bbox 244 2330 1486 2420">
     <span class='ocr_line' id='line_1_23' title="bbox 244 2330 1486 2420; baseline 0.019 -39"><span class='ocrx_word' id='word_1_129' title='bbox 244 2330 507 2402; x_wconf 87' lang='grc' dir='ltr'>Νάματος</span> <span class='ocrx_word' id='word_1_130' title='bbox 541 2336 853 2402; x_wconf 87' lang='grc' dir='ltr'>οίνωθέντος</span> <span class='ocrx_word' id='word_1_131' title='bbox 878 2340 1227 2411; x_wconf 86' lang='grc' dir='ltr'>ἐρευθιόωντι</span> <span class='ocrx_word' id='word_1_132' title='bbox 1259 2330 1486 2420; x_wconf 79' lang='grc' dir='ltr'>ῥεέθρῳ,</span> 
     </span>
    </p>
   </div>
   <div class='ocr_carea' id='block_1_24' title="bbox 246 2422 1674 2512">
    <p class='ocr_par' dir='ltr' id='par_1_24' title="bbox 246 2422 1674 2512">
     <span class='ocr_line' id='line_1_24' title="bbox 246 2422 1674 2512; baseline 0.016 -38"><span class='ocrx_word' id='word_1_133' title='bbox 246 2422 327 2475; x_wconf 86' lang='grc' dir='ltr'>υὺ</span> <span class='ocrx_word' id='word_1_134' title='bbox 360 2424 458 2492; x_wconf 82' lang='grc' dir='ltr'>μὲν</span> <span class='ocrx_word' id='word_1_135' title='bbox 496 2425 637 2496; x_wconf 83' lang='grc' dir='ltr'>ἀνὴρ</span> <span class='ocrx_word' id='word_1_136' title='bbox 675 2428 838 2482; x_wconf 85' lang='grc' dir='ltr'>πόθεν</span> <span class='ocrx_word' id='word_1_137' title='bbox 867 2426 965 2501; x_wconf 81' lang='grc' dir='ltr'>ἦεν</span> <span class='ocrx_word' id='word_1_138' title='bbox 986 2433 1265 2489; x_wconf 80' lang='grc' dir='ltr'>ἐπίστατο·</span> <span class='ocrx_word' id='word_1_139' title='bbox 1299 2439 1593 2512; x_wconf 77' lang='grc' dir='ltr'>ὑδροφόρος</span> <span class='ocrx_word' id='word_1_140' title='bbox 1616 2443 1674 2497; x_wconf 85' lang='grc' dir='ltr'>δὲ</span> 
     </span>
    </p>
   </div>
   <div class='ocr_carea' id='block_1_25' title="bbox 248 2514 1660 2596">
    <p class='ocr_par' dir='ltr' id='par_1_25' title="bbox 248 2514 1660 2596">
     <span class='ocr_line' id='line_1_25' title="bbox 248 2514 1660 2596; baseline 0.015 -30"><span class='ocrx_word' id='word_1_141' title='bbox 248 2514 413 2585; x_wconf 78' lang='grc' dir='ltr'>’ῌδεε</span> <span class='ocrx_word' id='word_1_142' title='bbox 438 2514 626 2588; x_wconf 87' lang='grc' dir='ltr'>λάτρις</span> <span class='ocrx_word' id='word_1_143' title='bbox 654 2519 861 2590; x_wconf 83' lang='grc' dir='ltr'>ὅμιλος,</span> <span class='ocrx_word' id='word_1_144' title='bbox 885 2522 943 2587; x_wconf 86' lang='grc' dir='ltr'>ὃς</span> <span class='ocrx_word' id='word_1_145' title='bbox 963 2524 1276 2596; x_wconf 90' lang='grc' dir='ltr'>ὑγροχύτων</span> <span class='ocrx_word' id='word_1_146' title='bbox 1303 2530 1412 2583; x_wconf 76' lang='grc' dir='ltr'>ἀπὸ</span> <span class='ocrx_word' id='word_1_147' title='bbox 1445 2532 1660 2588; x_wconf 80' lang='grc' dir='ltr'>κόλπων</span> 
     </span>
    </p>
   </div>
   <div class='ocr_carea' id='block_1_26' title="bbox 247 2606 1561 2695">
    <p class='ocr_par' dir='ltr' id='par_1_26' title="bbox 247 2606 1561 2695">
     <span class='ocr_line' id='line_1_26' title="bbox 247 2606 1561 2695; baseline 0.016 -39"><span class='ocrx_word' id='word_1_148' title='bbox 247 2606 480 2674; x_wconf 77' lang='grc' dir='ltr'>Ἀγγεσι</span> <span class='ocrx_word' id='word_1_149' title='bbox 517 2608 747 2674; x_wconf 86' lang='grc' dir='ltr'>λαῖνέοις</span> <span class='ocrx_word' id='word_1_150' title='bbox 772 2615 1127 2683; x_wconf 88' lang='grc' dir='ltr'>μετανάστιον</span> <span class='ocrx_word' id='word_1_151' title='bbox 1158 2619 1363 2689; x_wconf 78' lang='grc' dir='ltr'>ῆφυσεν</span> <span class='ocrx_word' id='word_1_152' title='bbox 1399 2622 1561 2695; x_wconf 80' lang='grc' dir='ltr'>ὕδωρ.</span> 
     </span>
    </p>
   </div>
   <div class='ocr_carea' id='block_1_27' title="bbox 249 2696 1774 2784">
    <p class='ocr_par' dir='ltr' id='par_1_27' title="bbox 249 2696 1774 2784">
     <span class='ocr_line' id='line_1_27' title="bbox 249 2696 1774 2784; baseline 0.014 -36"><span class='ocrx_word' id='word_1_153' title='bbox 249 2696 320 2752; x_wconf 91' lang='grc'><strong>10</strong></span> <span class='ocrx_word' id='word_1_154' title='bbox 345 2697 644 2770; x_wconf 85' lang='grc' dir='ltr'>Είλαπίνης</span> <span class='ocrx_word' id='word_1_155' title='bbox 674 2702 794 2756; x_wconf 87' lang='grc' dir='ltr'>τότε</span> <span class='ocrx_word' id='word_1_156' title='bbox 825 2707 1041 2776; x_wconf 85' lang='grc' dir='ltr'>πομπὸς</span> <span class='ocrx_word' id='word_1_157' title='bbox 1068 2707 1174 2761; x_wconf 78' lang='grc' dir='ltr'>ἔσω</span> <span class='ocrx_word' id='word_1_158' title='bbox 1213 2712 1472 2784; x_wconf 87' lang='grc' dir='ltr'>μεγάροιο</span> <span class='ocrx_word' id='word_1_159' title='bbox 1505 2714 1774 2781; x_wconf 87' lang='grc' dir='ltr'>καλέσσας</span> 
     </span>
    </p>
   </div>
   <div class='ocr_carea' id='block_1_28' title="bbox 246 2785 1648 2876">
    <p class='ocr_par' dir='ltr' id='par_1_28' title="bbox 246 2785 1648 2876">
     <span class='ocr_line' id='line_1_28' title="bbox 246 2785 1648 2876; baseline 0.018 -40"><span class='ocrx_word' id='word_1_160' title='bbox 246 2785 504 2856; x_wconf 78' lang='grc' dir='ltr'>Νυμφίον</span> <span class='ocrx_word' id='word_1_161' title='bbox 524 2789 931 2864; x_wconf 86' lang='grc' dir='ltr'>ἀρτιχόρευτον,</span> <span class='ocrx_word' id='word_1_162' title='bbox 958 2796 1031 2867; x_wconf 84' lang='grc' dir='ltr'>ἑῷ</span> <span class='ocrx_word' id='word_1_163' title='bbox 1056 2803 1437 2871; x_wconf 82' lang='grc' dir='ltr'>προσπτύξατο</span> <span class='ocrx_word' id='word_1_164' title='bbox 1463 2806 1615 2876; x_wconf 84' lang='grc' dir='ltr'>μύθῳ</span> <span class='ocrx_word' id='word_1_165' title='bbox 1634 2823 1648 2838; x_wconf 75' lang='grc'><strong>⁸</strong></span> 
     </span>
    </p>
   </div>
   <div class='ocr_carea' id='block_1_29' title="bbox 247 2874 1822 2967">
    <p class='ocr_par' dir='ltr' id='par_1_29' title="bbox 247 2874 1822 2967">
     <span class='ocr_line' id='line_1_29' title="bbox 247 2874 1822 2967; baseline 0.017 -41"><span class='ocrx_word' id='word_1_166' title='bbox 247 2874 357 2945; x_wconf 76' lang='lat'><strong>18</strong></span> <span class='ocrx_word' id='word_1_167' title='bbox 376 2877 489 2941; x_wconf 82' lang='grc' dir='ltr'>Πᾶς</span> <span class='ocrx_word' id='word_1_168' title='bbox 512 2880 609 2948; x_wconf 88' lang='grc' dir='ltr'>μὲν</span> <span class='ocrx_word' id='word_1_169' title='bbox 631 2881 789 2953; x_wconf 84' lang='grc' dir='ltr'>ἀνὴρ,</span> <span class='ocrx_word' id='word_1_170' title='bbox 816 2884 1121 2954; x_wconf 83' lang='grc' dir='ltr'>πρώτιστον</span> <span class='ocrx_word' id='word_1_171' title='bbox 1143 2891 1369 2962; x_wconf 79' lang='grc' dir='ltr'>ὲΰχροον</span> <span class='ocrx_word' id='word_1_172' title='bbox 1386 2874 1526 2949; x_wconf 83' lang='grc' dir='ltr'>οἶνον</span> <span class='ocrx_word' id='word_1_173' title='bbox 1545 2874 1822 2967; x_wconf 82' lang='grc' dir='ltr'>ἀφύσσων,</span> 
     </span>
    </p>
   </div>
   <div class='ocr_carea' id='block_1_30' title="bbox 241 2965 1701 3056">
    <p class='ocr_par' dir='ltr' id='par_1_30' title="bbox 241 2965 1701 3056">
     <span class='ocr_line' id='line_1_30' title="bbox 241 2965 1701 3056; baseline 0.016 -40"><span class='ocrx_word' id='word_1_174' title='bbox 241 2965 589 3035; x_wconf 82' lang='grc' dir='ltr'>Κιρνάμενος</span> <span class='ocrx_word' id='word_1_175' title='bbox 615 2970 922 3042; x_wconf 86' lang='grc' dir='ltr'>προτίθησι,</span> <span class='ocrx_word' id='word_1_176' title='bbox 960 2974 1343 3048; x_wconf 83' lang='grc' dir='ltr'>βαρυνομένων</span> <span class='ocrx_word' id='word_1_177' title='bbox 1371 2982 1426 3034; x_wconf 84' lang='grc' dir='ltr'>δὲ</span> <span class='ocrx_word' id='word_1_178' title='bbox 1448 2986 1701 3056; x_wconf 87' lang='grc' dir='ltr'>καρήνων</span> 
     </span>
    </p>
   </div>
   <div class='ocr_carea' id='block_1_31' title="bbox 246 3054 1705 3143">
    <p class='ocr_par' dir='ltr' id='par_1_31' title="bbox 246 3054 1705 3143">
     <span class='ocr_line' id='line_1_31' title="bbox 246 3054 1705 3143; baseline 0.018 -39"><span class='ocrx_word' id='word_1_179' title='bbox 246 3054 484 3126; x_wconf 79' lang='grc' dir='ltr'>Ἀνδρας</span> <span class='ocrx_word' id='word_1_180' title='bbox 510 3057 631 3113; x_wconf 85' lang='grc' dir='ltr'>ίδὼν</span> <span class='ocrx_word' id='word_1_181' title='bbox 658 3060 972 3130; x_wconf 88' lang='grc' dir='ltr'>μεθύοντας,</span> <span class='ocrx_word' id='word_1_182' title='bbox 1002 3066 1267 3121; x_wconf 81' lang='grc' dir='ltr'>ἐλάσσονα</span> <span class='ocrx_word' id='word_1_183' title='bbox 1293 3070 1543 3143; x_wconf 90' lang='grc' dir='ltr'>δεύτερον</span> <span class='ocrx_word' id='word_1_184' title='bbox 1564 3054 1705 3130; x_wconf 75' lang='grc' dir='ltr'>οἶνον</span> 
     </span>
    </p>
   </div>
   <div class='ocr_carea' id='block_1_32' title="bbox 256 3145 1770 3232">
    <p class='ocr_par' dir='ltr' id='par_1_32' title="bbox 256 3145 1770 3232">
     <span class='ocr_line' id='line_1_32' title="bbox 256 3145 1770 3232; baseline 0.017 -36"><span class='ocrx_word' id='word_1_185' title='bbox 256 3145 387 3214; x_wconf 68' lang='grc' dir='ltr'>Ὀψὲ</span> <span class='ocrx_word' id='word_1_186' title='bbox 420 3147 594 3219; x_wconf 71' lang='grc' dir='ltr'>φέρει·</span> <span class='ocrx_word' id='word_1_187' title='bbox 632 3151 696 3202; x_wconf 84' lang='grc' dir='ltr'>σὺ</span> <span class='ocrx_word' id='word_1_188' title='bbox 736 3152 792 3205; x_wconf 83' lang='grc' dir='ltr'>δὲ</span> <span class='ocrx_word' id='word_1_189' title='bbox 827 3152 1012 3209; x_wconf 80' lang='grc' dir='ltr'>τοῦτον</span> <span class='ocrx_word' id='word_1_190' title='bbox 1044 3158 1346 3232; x_wconf 85' lang='grc' dir='ltr'>ὑπέρτερον</span> <span class='ocrx_word' id='word_1_191' title='bbox 1375 3162 1586 3219; x_wconf 79' lang='grc' dir='ltr'>ἔνδοθεν</span> <span class='ocrx_word' id='word_1_192' title='bbox 1618 3166 1770 3221; x_wconf 80' lang='grc' dir='ltr'>οἴκου</span> 
     </span>
    </p>
   </div>
   <div class='ocr_carea' id='block_1_33' title="bbox 242 3228 1594 3325">
    <p class='ocr_par' dir='ltr' id='par_1_33' title="bbox 242 3228 1594 3325">
     <span class='ocr_line' id='line_1_33' title="bbox 242 3228 1594 3325; baseline 0.015 -38"><span class='ocrx_word' id='word_1_193' title='bbox 242 3228 401 3287; x_wconf 79' lang='grc' dir='ltr'>Οἶνον</span> <span class='ocrx_word' id='word_1_194' title='bbox 432 3235 570 3305; x_wconf 77' lang='grc' dir='ltr'>ἔχων</span> <span class='ocrx_word' id='word_1_195' title='bbox 596 3239 866 3307; x_wconf 79' lang='grc' dir='ltr'>ἐφύλαξας</span> <span class='ocrx_word' id='word_1_196' title='bbox 892 3243 996 3307; x_wconf 75' lang='grc' dir='ltr'>ἕως</span> <span class='ocrx_word' id='word_1_197' title='bbox 1022 3228 1163 3299; x_wconf 85' lang='grc' dir='ltr'>πέλε</span> <span class='ocrx_word' id='word_1_198' title='bbox 1190 3228 1424 3314; x_wconf 84' lang='grc' dir='ltr'>λοίσθιος</span> <span class='ocrx_word' id='word_1_199' title='bbox 1452 3253 1594 3325; x_wconf 82' lang='grc' dir='ltr'>ὥρη.</span> 
     </span>
    </p>
   </div>
   <div class='ocr_carea' id='block_1_34' title="bbox 245 3510 1595 3593">
    <p class='ocr_par' dir='ltr' id='par_1_34' title="bbox 245 3510 1595 3593">
     <span class='ocr_line' id='line_1_34' title="bbox 245 3510 1595 3593; baseline 0.017 -33"><span class='ocrx_word' id='word_1_200' title='bbox 245 3510 459 3564; x_wconf 82' lang='grc' dir='ltr'>Ἐνδιον</span> <span class='ocrx_word' id='word_1_201' title='bbox 489 3514 824 3586; x_wconf 84' lang='grc' dir='ltr'>αἰπύδμητον</span> <span class='ocrx_word' id='word_1_202' title='bbox 855 3519 1244 3593; x_wconf 87' lang='grc' dir='ltr'>ἁκερσεκόμων</span> <span class='ocrx_word' id='word_1_203' title='bbox 1274 3526 1595 3584; x_wconf 89' lang='grc' dir='ltr'>Γαλιλαίων.</span> 
     </span>
    </p>
   </div>
   <div class='ocr_carea' id='block_1_35' title="bbox 252 3599 1511 3690">
    <p class='ocr_par' dir='ltr' id='par_1_35' title="bbox 252 3599 1511 3690">
     <span class='ocr_line' id='line_1_35' title="bbox 252 3599 1511 3690; baseline 0.018 -40"><span class='ocrx_word' id='word_1_204' title='bbox 252 3599 527 3671; x_wconf 74' lang='grc' dir='ltr'>Ἑϐραίοις</span> <span class='ocrx_word' id='word_1_205' title='bbox 550 3603 593 3655; x_wconf 85' lang='grc' dir='ltr'>δ’</span> <span class='ocrx_word' id='word_1_206' title='bbox 622 3605 886 3677; x_wconf 83' lang='grc' dir='ltr'>ἀνέφηνεν</span> <span class='ocrx_word' id='word_1_207' title='bbox 911 3610 1004 3681; x_wconf 82' lang='grc' dir='ltr'>ἑὴν</span> <span class='ocrx_word' id='word_1_208' title='bbox 1039 3612 1317 3685; x_wconf 81' lang='grc' dir='ltr'>ὑψαύχενα</span> <span class='ocrx_word' id='word_1_209' title='bbox 1345 3621 1511 3690; x_wconf 85' lang='grc' dir='ltr'>τιμὴν</span> 
     </span>
    </p>
   </div>
   <div class='ocr_carea' id='block_1_36' title="bbox 240 3693 1627 3784">
    <p class='ocr_par' dir='ltr' id='par_1_36' title="bbox 240 3693 1627 3784">
     <span class='ocr_line' id='line_1_36' title="bbox 240 3693 1627 3784; baseline 0.019 -42"><span class='ocrx_word' id='word_1_210' title='bbox 240 3693 511 3764; x_wconf 76' lang='grc' dir='ltr'>Διψαλέην</span> <span class='ocrx_word' id='word_1_211' title='bbox 539 3699 689 3769; x_wconf 78' lang='grc' dir='ltr'>παρὰ</span> <span class='ocrx_word' id='word_1_212' title='bbox 710 3700 884 3754; x_wconf 81' lang='grc' dir='ltr'>δαῖτα·</span> <span class='ocrx_word' id='word_1_213' title='bbox 915 3702 1261 3778; x_wconf 89' lang='grc' dir='ltr'>διχοστασίην</span> <span class='ocrx_word' id='word_1_214' title='bbox 1292 3710 1349 3763; x_wconf 81' lang='grc' dir='ltr'>δὲ</span> <span class='ocrx_word' id='word_1_215' title='bbox 1376 3714 1627 3784; x_wconf 85' lang='grc' dir='ltr'>μενοινῆς</span> 
     </span>
    </p>
   </div>
   <div class='ocr_carea' id='block_1_37' title="bbox 244 3781 1524 3870">
    <p class='ocr_par' dir='ltr' id='par_1_37' title="bbox 244 3781 1524 3870">
     <span class='ocr_line' id='line_1_37' title="bbox 244 3781 1524 3870; baseline 0.018 -38"><span class='ocrx_word' id='word_1_216' title='bbox 244 3781 471 3835; x_wconf 86' lang='grc' dir='ltr'>Ἥθεσιν</span> <span class='ocrx_word' id='word_1_217' title='bbox 502 3784 836 3843; x_wconf 86' lang='grc' dir='ltr'>ἀκλινέεσσιν</span> <span class='ocrx_word' id='word_1_218' title='bbox 869 3792 1238 3851; x_wconf 74' lang='grc' dir='ltr'>ἐπιστώσαντο</span> <span class='ocrx_word' id='word_1_219' title='bbox 1268 3781 1524 3870; x_wconf 88' lang='grc' dir='ltr'>μαθηταί.</span> 
     </span>
    </p>
   </div>
   <div class='ocr_carea' id='block_1_38' title="bbox 241 3873 1683 3951">
    <p class='ocr_par' dir='ltr' id='par_1_38' title="bbox 241 3873 1683 3951">
     <span class='ocr_line' id='line_1_38' title="bbox 241 3873 1683 3951; baseline 0.015 -26"><span class='ocrx_word' id='word_1_220' title='bbox 241 3874 310 3925; x_wconf 69' lang='grc'><strong>12</strong></span> <span class='ocrx_word' id='word_1_221' title='bbox 342 3874 417 3926; x_wconf 88' lang='grc' dir='ltr'>Οὑ</span> <span class='ocrx_word' id='word_1_222' title='bbox 436 3875 537 3944; x_wconf 82' lang='grc' dir='ltr'>μὲν</span> <span class='ocrx_word' id='word_1_223' title='bbox 569 3873 734 3945; x_wconf 77' lang='grc' dir='ltr'>Ἀναξ</span> <span class='ocrx_word' id='word_1_224' title='bbox 764 3880 955 3951; x_wconf 90' lang='grc' dir='ltr'>δήθυνε</span> <span class='ocrx_word' id='word_1_225' title='bbox 979 3884 1138 3939; x_wconf 88' lang='grc' dir='ltr'>πέδον</span> <span class='ocrx_word' id='word_1_226' title='bbox 1154 3888 1461 3944; x_wconf 87' lang='grc' dir='ltr'>Καναναῖον</span> <span class='ocrx_word' id='word_1_227' title='bbox 1488 3892 1683 3947; x_wconf 82' lang='grc' dir='ltr'>ἀκοῦον</span> 
     </span>
    </p>
   </div>
   <div class='ocr_carea' id='block_1_39' title="bbox 240 3957 1645 4049">
    <p class='ocr_par' dir='ltr' id='par_1_39' title="bbox 240 3957 1645 4049">
     <span class='ocr_line' id='line_1_39' title="bbox 240 3957 1645 4049; baseline 0.021 -42"><span class='ocrx_word' id='word_1_228' title='bbox 240 3957 557 4030; x_wconf 83' lang='grc' dir='ltr'>Νυμφιδίην</span> <span class='ocrx_word' id='word_1_229' title='bbox 594 3965 730 4031; x_wconf 79' lang='grc' dir='ltr'>μετὰ</span> <span class='ocrx_word' id='word_1_230' title='bbox 758 3966 913 4021; x_wconf 87' lang='grc' dir='ltr'>δαῖτα</span> <span class='ocrx_word' id='word_1_231' title='bbox 944 3970 1328 4041; x_wconf 84' lang='grc' dir='ltr'>μεθυσφαλέων</span> <span class='ocrx_word' id='word_1_232' title='bbox 1353 3978 1645 4049; x_wconf 86' lang='grc' dir='ltr'>ὑμεναίων,</span> 
     </span>
    </p>
   </div>
   <div class='ocr_carea' id='block_1_40' title="bbox 255 4050 1645 4140">
    <p class='ocr_par' dir='ltr' id='par_1_40' title="bbox 255 4050 1645 4140">
     <span class='ocr_line' id='line_1_40' title="bbox 255 4050 1645 4140; baseline 0.021 -41"><span class='ocrx_word' id='word_1_233' title='bbox 255 4050 415 4103; x_wconf 82' lang='grc' dir='ltr'>Ἀλλά</span> <span class='ocrx_word' id='word_1_234' title='bbox 444 4054 825 4127; x_wconf 63' lang='grc' dir='ltr'>Καφαρναοὺμ</span> <span class='ocrx_word' id='word_1_235' title='bbox 858 4059 1187 4128; x_wconf 84' lang='grc' dir='ltr'>ἁλιγείτονος</span> <span class='ocrx_word' id='word_1_236' title='bbox 1209 4067 1408 4138; x_wconf 74' lang='grc' dir='ltr'>ἕδρανα</span> <span class='ocrx_word' id='word_1_237' title='bbox 1428 4070 1645 4140; x_wconf 83' lang='grc' dir='ltr'>βαίνων,</span> 
     </span>
    </p>
   </div>
   <div class='ocr_carea' id='block_1_41' title="bbox 241 4138 1716 4230">
    <p class='ocr_par' dir='ltr' id='par_1_41' title="bbox 241 4138 1716 4230">
     <span class='ocr_line' id='line_1_41' title="bbox 241 4138 1716 4230; baseline 0.02 -41"><span class='ocrx_word' id='word_1_238' title='bbox 241 4138 408 4191; x_wconf 86' lang='grc' dir='ltr'>Νόστι</span> <span class='ocrx_word' id='word_1_239' title='bbox 419 4158 519 4209; x_wconf 83' lang='grc' dir='ltr'>μον</span> <span class='ocrx_word' id='word_1_240' title='bbox 553 4143 697 4211; x_wconf 81' lang='grc' dir='ltr'>ἴχνος</span> <span class='ocrx_word' id='word_1_241' title='bbox 724 4144 960 4217; x_wconf 71' lang='grc' dir='ltr'>ἔκαμψε,</span> <span class='ocrx_word' id='word_1_242' title='bbox 994 4154 1315 4209; x_wconf 78' lang='grc' dir='ltr'>καταιϐάτιν</span> <span class='ocrx_word' id='word_1_243' title='bbox 1342 4138 1496 4230; x_wconf 77' lang='grc' dir='ltr'>οἷμον</span> <span class='ocrx_word' id='word_1_244' title='bbox 1519 4163 1716 4218; x_wconf 86' lang='grc' dir='ltr'>ὁδεύων</span> 
     </span>
    </p>
   </div>
   <div class='ocr_carea' id='block_1_42' title="bbox 241 4230 1654 4323">
    <p class='ocr_par' dir='ltr' id='par_1_42' title="bbox 241 4230 1654 4323">
     <span class='ocr_line' id='line_1_42' title="bbox 241 4230 1654 4323; baseline 0.021 -45"><span class='ocrx_word' id='word_1_245' title='bbox 241 4230 435 4292; x_wconf 75' lang='grc' dir='ltr'>Αὑτὸς,</span> <span class='ocrx_word' id='word_1_246' title='bbox 469 4231 606 4302; x_wconf 80' lang='grc' dir='ltr'>ὁμοῦ</span> <span class='ocrx_word' id='word_1_247' title='bbox 642 4238 837 4301; x_wconf 84' lang='grc' dir='ltr'>γνωτοί</span> <span class='ocrx_word' id='word_1_248' title='bbox 868 4256 929 4293; x_wconf 85' lang='grc' dir='ltr'>τε</span> <span class='ocrx_word' id='word_1_249' title='bbox 959 4244 1270 4313; x_wconf 81' lang='grc' dir='ltr'>συνήλυδες·</span> <span class='ocrx_word' id='word_1_250' title='bbox 1296 4250 1573 4323; x_wconf 82' lang='grc' dir='ltr'>αὑτογόνῳ</span> <span class='ocrx_word' id='word_1_251' title='bbox 1596 4255 1654 4308; x_wconf 80' lang='grc' dir='ltr'>δὲ</span> 
     </span>
    </p>
   </div>
   <div class='ocr_carea' id='block_1_43' title="bbox 241 4321 1504 4412">
    <p class='ocr_par' dir='ltr' id='par_1_43' title="bbox 241 4321 1504 4412">
     <span class='ocr_line' id='line_1_43' title="bbox 241 4321 1504 4412; baseline 0.019 -42"><span class='ocrx_word' id='word_1_252' title='bbox 241 4321 518 4391; x_wconf 85' lang='grc' dir='ltr'>Παρθένος</span> <span class='ocrx_word' id='word_1_253' title='bbox 542 4324 839 4398; x_wconf 82' lang='grc' dir='ltr'>ὡμάρτησε</span> <span class='ocrx_word' id='word_1_254' title='bbox 873 4332 1141 4403; x_wconf 86' lang='grc' dir='ltr'>Θεητόκος</span> <span class='ocrx_word' id='word_1_255' title='bbox 1168 4338 1275 4390; x_wconf 82' lang='grc' dir='ltr'>υίέῖ</span> <span class='ocrx_word' id='word_1_256' title='bbox 1302 4341 1504 4412; x_wconf 86' lang='grc' dir='ltr'>μήτηρ·</span> 
     </span>
    </p>
   </div>
   <div class='ocr_carea' id='block_1_44' title="bbox 242 4404 1539 4499">
    <p class='ocr_par' dir='ltr' id='par_1_44' title="bbox 242 4404 1539 4499">
     <span class='ocr_line' id='line_1_44' title="bbox 242 4404 1539 4499; baseline 0.019 -36"><span class='ocrx_word' id='word_1_257' title='bbox 242 4404 363 4464; x_wconf 81' lang='grc' dir='ltr'>Οἷσι</span> <span class='ocrx_word' id='word_1_258' title='bbox 390 4412 827 4490; x_wconf 75' lang='grc' dir='ltr'>δυωδεκάριθμος</span> <span class='ocrx_word' id='word_1_259' title='bbox 856 4424 1146 4493; x_wconf 83' lang='grc' dir='ltr'>ὁμόστολος</span> <span class='ocrx_word' id='word_1_260' title='bbox 1164 4404 1313 4499; x_wconf 77' lang='grc' dir='ltr'>εἶχεν</span> <span class='ocrx_word' id='word_1_261' title='bbox 1340 4404 1539 4489; x_wconf 73' lang='grc' dir='ltr'>ὁδεύων</span> 
     </span>
    </p>
   </div>
   <div class='ocr_carea' id='block_1_45' title="bbox 255 4502 1675 4601">
    <p class='ocr_par' dir='ltr' id='par_1_45' title="bbox 255 4502 1675 4601">
     <span class='ocr_line' id='line_1_45' title="bbox 255 4502 1675 4601; baseline 0.024 -49"><span class='ocrx_word' id='word_1_262' title='bbox 255 4502 550 4574; x_wconf 82' lang='grc' dir='ltr'>Ἀγχιθέων</span> <span class='ocrx_word' id='word_1_263' title='bbox 582 4509 709 4579; x_wconf 89' lang='grc' dir='ltr'>μίαν</span> <span class='ocrx_word' id='word_1_264' title='bbox 747 4510 903 4584; x_wconf 79' lang='grc' dir='ltr'>οἷμον</span> <span class='ocrx_word' id='word_1_265' title='bbox 931 4517 1219 4592; x_wconf 85' lang='grc' dir='ltr'>ὁπίστερος</span> <span class='ocrx_word' id='word_1_266' title='bbox 1239 4524 1404 4596; x_wconf 79' lang='grc' dir='ltr'>ἐσμὸς</span> <span class='ocrx_word' id='word_1_267' title='bbox 1425 4529 1675 4601; x_wconf 79' lang='grc' dir='ltr'>ἑταίρων.</span> 
     </span>
    </p>
   </div>
   <div class='ocr_carea' id='block_1_46' title="bbox 1216 303 2538 389">
    <p class='ocr_par' dir='ltr' id='par_1_46' title="bbox 1216 303 2538 389">
     <span class='ocr_line' id='line_1_46' title="bbox 1216 303 2538 389; baseline 0.022 -31"><span class='ocrx_word' id='word_1_268' title='bbox 1216 303 1703 368; x_wconf 77' lang='lat' dir='ltr'>PARAPHRASIS</span> <span class='ocrx_word' id='word_1_269' title='bbox 1741 313 1809 368; x_wconf 88' lang='lat' dir='ltr'>IN</span> <span class='ocrx_word' id='word_1_270' title='bbox 1843 316 2257 381; x_wconf 67' lang='lat' dir='ltr'>JOANNEM.-</span> <span class='ocrx_word' id='word_1_271' title='bbox 2289 330 2440 389; x_wconf 85' lang='lat' dir='ltr'>CAP.</span> <span class='ocrx_word' id='word_1_272' title='bbox 2474 332 2538 387; x_wconf 88' lang='lat' dir='ltr'><strong>ll.</strong></span> 
     </span>
    </p>
   </div>
   <div class='ocr_carea' id='block_1_47' title="bbox 3418 351 3527 409">
    <p class='ocr_par' dir='ltr' id='par_1_47' title="bbox 3418 351 3527 409">
     <span class='ocr_line' id='line_1_47' title="bbox 3418 351 3527 409; baseline 0.009 -2"><span class='ocrx_word' id='word_1_273' title='bbox 3418 351 3527 409; x_wconf 76' lang='lat'>70?.</span> 
     </span>
    </p>
   </div>
   <div class='ocr_carea' id='block_1_48' title="bbox 1867 445 3520 525">
    <p class='ocr_par' dir='ltr' id='par_1_48' title="bbox 1867 445 3520 525">
     <span class='ocr_line' id='line_1_48' title="bbox 1867 445 3520 525; baseline 0.02 -34"><span class='ocrx_word' id='word_1_274' title='bbox 1867 445 1911 500; x_wconf 77' lang='grc' dir='ltr'><strong>Α</strong></span> <span class='ocrx_word' id='word_1_275' title='bbox 1942 454 2045 495; x_wconf 82' lang='lat' dir='ltr'>mae</span> <span class='ocrx_word' id='word_1_276' title='bbox 2077 457 2276 502; x_wconf 83' lang='lat' dir='ltr'>cursus</span> <span class='ocrx_word' id='word_1_277' title='bbox 2307 451 2453 504; x_wconf 91' lang='lat' dir='ltr'><strong>venit</strong></span> <span class='ocrx_word' id='word_1_278' title='bbox 2479 452 2767 510; x_wconf 83' lang='lat' dir='ltr'><strong>circularis</strong></span> <span class='ocrx_word' id='word_1_279' title='bbox 2795 458 2960 513; x_wconf 75' lang='lat' dir='ltr'><strong>horae.</strong></span> <span class='ocrx_word' id='word_1_280' title='bbox 2995 459 3027 513; x_wconf 85' lang='lat'><strong><em>5</em></strong></span> <span class='ocrx_word' id='word_1_281' title='bbox 3054 459 3118 514; x_wconf 85' lang='lat' dir='ltr'><strong>Et</strong></span> <span class='ocrx_word' id='word_1_282' title='bbox 3148 460 3316 521; x_wconf 78' lang='lat' dir='ltr'><strong>Maria</strong></span> <span class='ocrx_word' id='word_1_283' title='bbox 3339 465 3520 525; x_wconf 78' lang='lat' dir='ltr'><strong>famu-</strong></span> 
     </span>
    </p>
   </div>
   <div class='ocr_carea' id='block_1_49' title="bbox 1946 530 3523 632">
    <p class='ocr_par' dir='ltr' id='par_1_49' title="bbox 1946 530 3523 632">
     <span class='ocr_line' id='line_1_49' title="bbox 1946 530 3523 632; baseline 0.023 -49"><span class='ocrx_word' id='word_1_284' title='bbox 1946 530 2027 585; x_wconf 89' lang='lat' dir='ltr'>los</span> <span class='ocrx_word' id='word_1_285' title='bbox 2054 537 2264 591; x_wconf 90' lang='lat' dir='ltr'><strong>vocavit</strong></span> <span class='ocrx_word' id='word_1_286' title='bbox 2291 547 2349 592; x_wconf 91' lang='lat' dir='ltr'>ut</span> <span class='ocrx_word' id='word_1_287' title='bbox 2375 542 2477 597; x_wconf 87' lang='lat' dir='ltr'>hoc</span> <span class='ocrx_word' id='word_1_288' title='bbox 2501 547 2846 614; x_wconf 93' lang='lat' dir='ltr'><strong>perﬁcerent,</strong></span> <span class='ocrx_word' id='word_1_289' title='bbox 2879 550 3134 609; x_wconf 78' lang='lat' dir='ltr'>Christus</span> <span class='ocrx_word' id='word_1_290' title='bbox 3157 558 3523 632; x_wconf 82' lang='lat' dir='ltr'><strong>quodcunque</strong></span> 
     </span>
    </p>
   </div>
   <div class='ocr_carea' id='block_1_50' title="bbox 1943 621 3523 711">
    <p class='ocr_par' dir='ltr' id='par_1_50' title="bbox 1943 621 3523 711">
     <span class='ocr_line' id='line_1_50' title="bbox 1943 621 3523 711; baseline 0.021 -36"><span class='ocrx_word' id='word_1_291' title='bbox 1943 621 2192 680; x_wconf 74' lang='lat' dir='ltr'><strong>dixisset.</strong></span> <span class='ocrx_word' id='word_1_292' title='bbox 2230 628 2263 682; x_wconf 87' lang='grc'>6</span> <span class='ocrx_word' id='word_1_293' title='bbox 2292 630 2556 700; x_wconf 89' lang='lat' dir='ltr'><strong>Opposito</strong></span> <span class='ocrx_word' id='word_1_294' title='bbox 2585 647 2764 692; x_wconf 89' lang='lat' dir='ltr'><strong>autem</strong></span> <span class='ocrx_word' id='word_1_295' title='bbox 2792 639 2845 693; x_wconf 92' lang='lat' dir='ltr'>in</span> <span class='ocrx_word' id='word_1_296' title='bbox 2874 644 3081 711; x_wconf 89' lang='lat' dir='ltr'><strong>pariete</strong></span> <span class='ocrx_word' id='word_1_297' title='bbox 3108 621 3399 705; x_wconf 68' lang='lat' dir='ltr'><strong>Reclinataz</strong></span> <span class='ocrx_word' id='word_1_298' title='bbox 3429 621 3523 707; x_wconf 70' lang='lat' dir='ltr'><strong>or-</strong></span> 
     </span>
    </p>
   </div>
   <div class='ocr_carea' id='block_1_51' title="bbox 1941 714 3520 801">
    <p class='ocr_par' dir='ltr' id='par_1_51' title="bbox 1941 714 3520 801">
     <span class='ocr_line' id='line_1_51' title="bbox 1941 714 3520 801; baseline 0.02 -34"><span class='ocrx_word' id='word_1_299' title='bbox 1941 714 2068 770; x_wconf 90' lang='lat' dir='ltr'><strong>dine</strong></span> <span class='ocrx_word' id='word_1_300' title='bbox 2107 720 2418 789; x_wconf 69' lang='lat' dir='ltr'><strong>conjunctae</strong></span> <span class='ocrx_word' id='word_1_301' title='bbox 2440 729 2715 795; x_wconf 63' lang='lat' dir='ltr'><strong>amphorae</strong></span> <span class='ocrx_word' id='word_1_302' title='bbox 2748 731 2850 786; x_wconf 84' lang='lat' dir='ltr'>Sex</span> <span class='ocrx_word' id='word_1_303' title='bbox 2884 746 3060 801; x_wconf 91' lang='lat' dir='ltr'><strong>erant,</strong></span> <span class='ocrx_word' id='word_1_304' title='bbox 3096 749 3205 793; x_wconf 86' lang='lat' dir='ltr'><strong>tres</strong></span> <span class='ocrx_word' id='word_1_305' title='bbox 3233 756 3520 801; x_wconf 86' lang='lat' dir='ltr'><strong>mensuras</strong></span> 
     </span>
    </p>
   </div>
   <div class='ocr_carea' id='block_1_52' title="bbox 1940 807 3521 897">
    <p class='ocr_par' dir='ltr' id='par_1_52' title="bbox 1940 807 3521 897">
     <span class='ocr_line' id='line_1_52' title="bbox 1940 807 3521 897; baseline 0.02 -38"><span class='ocrx_word' id='word_1_306' title='bbox 1940 807 2219 877; x_wconf 86' lang='lat' dir='ltr'><strong>capientes</strong></span> <span class='ocrx_word' id='word_1_307' title='bbox 2264 811 2371 866; x_wconf 89' lang='lat' dir='ltr'><strong>lato</strong></span> <span class='ocrx_word' id='word_1_308' title='bbox 2411 815 2555 881; x_wconf 89' lang='lat' dir='ltr'><strong>sinu,</strong></span> <span class='ocrx_word' id='word_1_309' title='bbox 2602 818 2696 874; x_wconf 78' lang='lat' dir='ltr'>Vel</span> <span class='ocrx_word' id='word_1_310' title='bbox 2736 822 2985 880; x_wconf 74' lang='lat' dir='ltr'><strong>duaszet</strong></span> <span class='ocrx_word' id='word_1_311' title='bbox 3020 829 3272 897; x_wconf 67' lang='lat' dir='ltr'><strong>quaalibet</strong></span> <span class='ocrx_word' id='word_1_312' title='bbox 3317 832 3521 893; x_wconf 59' lang='lat' dir='ltr'><strong>Judmis</strong></span> 
     </span>
    </p>
   </div>
   <div class='ocr_carea' id='block_1_53' title="bbox 1939 902 3520 981">
    <p class='ocr_par' dir='ltr' id='par_1_53' title="bbox 1939 902 3520 981">
     <span class='ocr_line' id='line_1_53' title="bbox 1939 902 3520 981; baseline 0.018 -28"><span class='ocrx_word' id='word_1_313' title='bbox 1939 902 2257 957; x_wconf 89' lang='lat' dir='ltr'><strong>custodiens</strong></span> <span class='ocrx_word' id='word_1_314' title='bbox 2295 902 2562 975; x_wconf 89' lang='lat' dir='ltr'><strong>Lapidosa</strong></span> <span class='ocrx_word' id='word_1_315' title='bbox 2590 914 2822 967; x_wconf 88' lang='lat' dir='ltr'><strong>cavilate</strong></span> <span class='ocrx_word' id='word_1_316' title='bbox 2861 915 3141 973; x_wconf 90' lang='lat' dir='ltr'><strong>lustralem</strong></span> <span class='ocrx_word' id='word_1_317' title='bbox 3185 925 3520 981; x_wconf 87' lang='lat' dir='ltr'><strong>scaturiebat</strong></span> 
     </span>
    </p>
   </div>
   <div class='ocr_carea' id='block_1_54' title="bbox 1939 993 3521 1071">
    <p class='ocr_par' dir='ltr' id='par_1_54' title="bbox 1939 993 3521 1071">
     <span class='ocr_line' id='line_1_54' title="bbox 1939 993 3521 1071; baseline 0.018 -28"><span class='ocrx_word' id='word_1_318' title='bbox 1939 1004 2158 1061; x_wconf 90' lang='lat' dir='ltr'><strong>aquam,</strong></span> <span class='ocrx_word' id='word_1_319' title='bbox 2196 993 2395 1050; x_wconf 85' lang='lat' dir='ltr'><strong>Puram</strong></span> <span class='ocrx_word' id='word_1_320' title='bbox 2424 1012 2643 1069; x_wconf 90' lang='lat' dir='ltr'><strong>aquam.</strong></span> <span class='ocrx_word' id='word_1_321' title='bbox 2675 1003 2705 1055; x_wconf 91' lang='lat'><strong>7</strong></span> <span class='ocrx_word' id='word_1_322' title='bbox 2730 1002 2793 1057; x_wconf 86' lang='lat' dir='ltr'><strong>Et</strong></span> <span class='ocrx_word' id='word_1_323' title='bbox 2830 1005 3085 1064; x_wconf 74' lang='lat' dir='ltr'><strong>Christus</strong></span> <span class='ocrx_word' id='word_1_324' title='bbox 3117 1014 3400 1071; x_wconf 91' lang='lat' dir='ltr'><strong>ministros</strong></span> <span class='ocrx_word' id='word_1_325' title='bbox 3427 1032 3521 1071; x_wconf 84' lang='lat' dir='ltr'><strong>ur-</strong></span> 
     </span>
    </p>
   </div>
   <div class='ocr_carea' id='block_1_55' title="bbox 1937 1084 3516 1163">
    <p class='ocr_par' dir='ltr' id='par_1_55' title="bbox 1937 1084 3516 1163">
     <span class='ocr_line' id='line_1_55' title="bbox 1937 1084 3516 1163; baseline 0.018 -28"><span class='ocrx_word' id='word_1_326' title='bbox 1937 1097 2071 1151; x_wconf 77' lang='lat' dir='ltr'><strong>gens</strong></span> <span class='ocrx_word' id='word_1_327' title='bbox 2115 1084 2390 1142; x_wconf 88' lang='lat' dir='ltr'><strong>Sitibundi</strong></span> <span class='ocrx_word' id='word_1_328' title='bbox 2430 1092 2702 1160; x_wconf 82' lang='lat' dir='ltr'><strong>convivii,</strong></span> <span class='ocrx_word' id='word_1_329' title='bbox 2736 1096 3018 1153; x_wconf 82' lang='lat' dir='ltr'><strong>viniferam</strong></span> <span class='ocrx_word' id='word_1_330' title='bbox 3067 1105 3252 1158; x_wconf 89' lang='lat' dir='ltr'><strong>sonuit</strong></span> <span class='ocrx_word' id='word_1_331' title='bbox 3281 1121 3468 1162; x_wconf 87' lang='lat' dir='ltr'><strong>vocem</strong></span> <span class='ocrx_word' id='word_1_332' title='bbox 3501 1127 3516 1163; x_wconf 88' lang='lat'>:</span> 
     </span>
    </p>
   </div>
   <div class='ocr_carea' id='block_1_56' title="bbox 1940 1172 3516 1263">
    <p class='ocr_par' dir='ltr' id='par_1_56' title="bbox 1940 1172 3516 1263">
     <span class='ocr_line' id='line_1_56' title="bbox 1940 1172 3516 1263; baseline 0.016 -37"><span class='ocrx_word' id='word_1_333' title='bbox 1940 1172 2152 1231; x_wconf 78' lang='lat' dir='ltr'><strong>Recens</strong></span> <span class='ocrx_word' id='word_1_334' title='bbox 2188 1176 2308 1233; x_wconf 80' lang='lat' dir='ltr'><strong>fusa</strong></span> <span class='ocrx_word' id='word_1_335' title='bbox 2341 1196 2482 1251; x_wconf 90' lang='lat' dir='ltr'><strong>aqua</strong></span> <span class='ocrx_word' id='word_1_336' title='bbox 2528 1183 2759 1241; x_wconf 85' lang='lat' dir='ltr'><strong>refertas</strong></span> <span class='ocrx_word' id='word_1_337' title='bbox 2788 1189 3080 1258; x_wconf 88' lang='lat' dir='ltr'><strong>amphoras</strong></span> <span class='ocrx_word' id='word_1_338' title='bbox 3113 1192 3333 1263; x_wconf 89' lang='lat' dir='ltr'><strong>lmplcte</strong></span> <span class='ocrx_word' id='word_1_339' title='bbox 3362 1198 3516 1252; x_wconf 91' lang='lat' dir='ltr'><strong>mihi.</strong></span> 
     </span>
    </p>
   </div>
   <div class='ocr_carea' id='block_1_57' title="bbox 1938 1262 3518 1357">
    <p class='ocr_par' dir='ltr' id='par_1_57' title="bbox 1938 1262 3518 1357">
     <span class='ocr_line' id='line_1_57' title="bbox 1938 1262 3518 1357; baseline 0.016 -40"><span class='ocrx_word' id='word_1_340' title='bbox 1938 1262 2005 1317; x_wconf 81' lang='lat' dir='ltr'><strong>Et</strong></span> <span class='ocrx_word' id='word_1_341' title='bbox 2036 1280 2224 1323; x_wconf 89' lang='lat' dir='ltr'><strong>omnes</strong></span> <span class='ocrx_word' id='word_1_342' title='bbox 2252 1271 2561 1328; x_wconf 87' lang='lat' dir='ltr'><strong>alternatim</strong></span> <span class='ocrx_word' id='word_1_343' title='bbox 2593 1290 2757 1329; x_wconf 88' lang='lat' dir='ltr'><strong>unam</strong></span> <span class='ocrx_word' id='word_1_344' title='bbox 2798 1288 2920 1346; x_wconf 90' lang='lat' dir='ltr'><strong>post</strong></span> <span class='ocrx_word' id='word_1_345' title='bbox 2950 1281 3109 1336; x_wconf 84' lang='lat' dir='ltr'><strong>aliam</strong></span> <span class='ocrx_word' id='word_1_346' title='bbox 3137 1262 3287 1352; x_wconf 88' lang='lat' dir='ltr'><strong>Aqua</strong></span> <span class='ocrx_word' id='word_1_347' title='bbox 3324 1286 3518 1357; x_wconf 78' lang='lat' dir='ltr'><strong>imple-</strong></span> 
     </span>
    </p>
   </div>
   <div class='ocr_carea' id='block_1_58' title="bbox 1939 1361 3519 1450">
    <p class='ocr_par' dir='ltr' id='par_1_58' title="bbox 1939 1361 3519 1450">
     <span class='ocr_line' id='line_1_58' title="bbox 1939 1361 3519 1450; baseline 0.015 -41"><span class='ocrx_word' id='word_1_348' title='bbox 1939 1366 2134 1411; x_wconf 88' lang='lat' dir='ltr'><strong>verunt</strong></span> <span class='ocrx_word' id='word_1_349' title='bbox 2166 1361 2425 1430; x_wconf 88' lang='lat' dir='ltr'><strong>ministri,</strong></span> <span class='ocrx_word' id='word_1_350' title='bbox 2466 1365 2641 1421; x_wconf 91' lang='lat' dir='ltr'><strong>donec</strong></span> <span class='ocrx_word' id='word_1_351' title='bbox 2680 1368 2925 1437; x_wconf 90' lang='lat' dir='ltr'><strong>ipsarum</strong></span> <span class='ocrx_word' id='word_1_352' title='bbox 2968 1372 3024 1427; x_wconf 86' lang='lat' dir='ltr'><strong>In</strong></span> <span class='ocrx_word' id='word_1_353' title='bbox 3071 1379 3382 1434; x_wconf 85' lang='lat' dir='ltr'><strong>summitate</strong></span> <span class='ocrx_word' id='word_1_354' title='bbox 3424 1395 3519 1450; x_wconf 87' lang='lat' dir='ltr'><strong>ap-</strong></span> 
     </span>
    </p>
   </div>
   <div class='ocr_carea' id='block_1_59' title="bbox 1935 1460 3515 1524">
    <p class='ocr_par' dir='ltr' id='par_1_59' title="bbox 1935 1460 3515 1524">
     <span class='ocr_line' id='line_1_59' title="bbox 1935 1460 3515 1524; baseline 0.015 -25"><span class='ocrx_word' id='word_1_355' title='bbox 1935 1460 2136 1515; x_wconf 86' lang='lat' dir='ltr'><strong>parens</strong></span> <span class='ocrx_word' id='word_1_356' title='bbox 2163 1465 2406 1520; x_wconf 89' lang='lat' dir='ltr'><strong>aquosus</strong></span> <span class='ocrx_word' id='word_1_357' title='bbox 2445 1461 2741 1513; x_wconf 87' lang='lat' dir='ltr'><strong>coronabat</strong></span> <span class='ocrx_word' id='word_1_358' title='bbox 2771 1461 2922 1515; x_wconf 87' lang='lat' dir='ltr'><strong>labra</strong></span> <span class='ocrx_word' id='word_1_359' title='bbox 2952 1478 3062 1519; x_wconf 83' lang='lat' dir='ltr'><strong>ros.</strong></span> <span class='ocrx_word' id='word_1_360' title='bbox 3101 1463 3292 1521; x_wconf 87' lang='lat' dir='ltr'><strong>Subito</strong></span> <span class='ocrx_word' id='word_1_361' title='bbox 3334 1476 3515 1524; x_wconf 88' lang='lat' dir='ltr'><strong>autem</strong></span> 
     </span>
    </p>
   </div>
   <div class='ocr_carea' id='block_1_60' title="bbox 1934 1540 3517 1623">
    <p class='ocr_par' dir='ltr' id='par_1_60' title="bbox 1934 1540 3517 1623">
     <span class='ocr_line' id='line_1_60' title="bbox 1934 1540 3517 1623; baseline 0.014 -32"><span class='ocrx_word' id='word_1_362' title='bbox 1934 1545 2053 1591; x_wconf 86' lang='lat' dir='ltr'><strong>erat</strong></span> <span class='ocrx_word' id='word_1_363' title='bbox 2100 1540 2460 1608; x_wconf 87' lang='lat' dir='ltr'><strong>miraculum,</strong></span> <span class='ocrx_word' id='word_1_364' title='bbox 2494 1554 2548 1601; x_wconf 92' lang='lat' dir='ltr'>et</span> <span class='ocrx_word' id='word_1_365' title='bbox 2591 1548 2645 1603; x_wconf 93' lang='lat' dir='ltr'>in</span> <span class='ocrx_word' id='word_1_366' title='bbox 2693 1549 2916 1605; x_wconf 88' lang='lat' dir='ltr'><strong>ﬁuorem</strong></span> <span class='ocrx_word' id='word_1_367' title='bbox 2952 1552 3092 1623; x_wconf 81' lang='lat' dir='ltr'><strong>nigri</strong></span> <span class='ocrx_word' id='word_1_368' title='bbox 3132 1556 3242 1609; x_wconf 87' lang='lat' dir='ltr'><strong>viui</strong></span> <span class='ocrx_word' id='word_1_369' title='bbox 3288 1555 3517 1614; x_wconf 87' lang='lat' dir='ltr'><strong>Niveum</strong></span> 
     </span>
    </p>
   </div>
   <div class='ocr_carea' id='block_1_61' title="bbox 1934 1632 3515 1717">
    <p class='ocr_par' dir='ltr' id='par_1_61' title="bbox 1934 1632 3515 1717">
     <span class='ocr_line' id='line_1_61' title="bbox 1934 1632 3515 1717; baseline 0.016 -37"><span class='ocrx_word' id='word_1_370' title='bbox 1934 1632 2168 1685; x_wconf 87' lang='lat' dir='ltr'><strong>mutavit</strong></span> <span class='ocrx_word' id='word_1_371' title='bbox 2194 1635 2432 1690; x_wconf 89' lang='lat' dir='ltr'><strong>colorem</strong></span> <span class='ocrx_word' id='word_1_372' title='bbox 2457 1637 2728 1695; x_wconf 90' lang='lat' dir='ltr'><strong>diversam</strong></span> <span class='ocrx_word' id='word_1_373' title='bbox 2754 1658 2950 1711; x_wconf 87' lang='lat' dir='ltr'><strong>aquam</strong></span> <span class='ocrx_word' id='word_1_374' title='bbox 2975 1644 3170 1701; x_wconf 89' lang='lat' dir='ltr'><strong>Fluore</strong></span> <span class='ocrx_word' id='word_1_375' title='bbox 3189 1648 3515 1717; x_wconf 82' lang='lat' dir='ltr'><strong>rubicundo,</strong></span> 
     </span>
    </p>
   </div>
   <div class='ocr_carea' id='block_1_62' title="bbox 1935 1727 3516 1805">
    <p class='ocr_par' dir='ltr' id='par_1_62' title="bbox 1935 1727 3516 1805">
     <span class='ocr_line' id='line_1_62' title="bbox 1935 1727 3516 1805; baseline 0.015 -32"><span class='ocrx_word' id='word_1_376' title='bbox 1935 1728 1988 1774; x_wconf 90' lang='lat' dir='ltr'>et</span> <span class='ocrx_word' id='word_1_377' title='bbox 2032 1737 2226 1792; x_wconf 89' lang='lat' dir='ltr'><strong>aquam</strong></span> <span class='ocrx_word' id='word_1_378' title='bbox 2261 1727 2561 1795; x_wconf 86' lang='lat' dir='ltr'><strong>capientem</strong></span> <span class='ocrx_word' id='word_1_379' title='bbox 2593 1746 2689 1800; x_wconf 89' lang='lat' dir='ltr'>per</span> <span class='ocrx_word' id='word_1_380' title='bbox 2730 1733 2931 1799; x_wconf 92' lang='lat' dir='ltr'><strong>sinum,</strong></span> <span class='ocrx_word' id='word_1_381' title='bbox 2970 1736 3137 1805; x_wconf 76' lang='lat' dir='ltr'><strong>Aqua:</strong></span> <span class='ocrx_word' id='word_1_382' title='bbox 3170 1754 3331 1793; x_wconf 75' lang='lat' dir='ltr'><strong>mera:</strong></span> <span class='ocrx_word' id='word_1_383' title='bbox 3377 1741 3516 1796; x_wconf 77' lang='lat' dir='ltr'><strong>heli-</strong></span> 
     </span>
    </p>
   </div>
   <div class='ocr_carea' id='block_1_63' title="bbox 1866 1777 3515 1899">
    <p class='ocr_par' dir='ltr' id='par_1_63' title="bbox 1866 1777 3515 1899">
     <span class='ocr_line' id='line_1_63' title="bbox 2080 1777 3515 1805; baseline 0.015 -30"><span class='ocrx_word' id='word_1_384' title='bbox 2080 1777 2097 1792; x_wconf 51' lang='grc' dir='ltr'>ι</span> <span class='ocrx_word' id='word_1_385' title='bbox 2271 1777 2561 1795; x_wconf 27' lang='grc' dir='ltr'>μῖγμα---</span> <span class='ocrx_word' id='word_1_386' title='bbox 2594 1777 2678 1800; x_wconf 54' lang='grc' dir='ltr'>,ω</span> <span class='ocrx_word' id='word_1_387' title='bbox 2730 1777 2931 1799; x_wconf 77' lang='lat'>-........,</span> <span class='ocrx_word' id='word_1_388' title='bbox 2970 1777 3137 1805; x_wconf 60' lang='grc' dir='ltr'>.-Ὶυω</span> <span class='ocrx_word' id='word_1_389' title='bbox 3170 1777 3331 1793; x_wconf 64' lang='grc' dir='ltr'>...νην</span> <span class='ocrx_word' id='word_1_390' title='bbox 3377 1777 3515 1796; x_wconf 65' lang='grc' dir='ltr'>ηπ...-</span> 
     </span>
     <span class='ocr_line' id='line_1_64' title="bbox 1866 1777 3515 1899; baseline 0.015 -35"><span class='ocrx_word' id='word_1_391' title='bbox 1866 1777 1908 1831; x_wconf 74' lang='grc' dir='ltr'><strong>Β</strong></span> <span class='ocrx_word' id='word_1_392' title='bbox 1937 1812 2113 1869; x_wconf 87' lang='lat' dir='ltr'><strong>ﬁcans</strong></span> <span class='ocrx_word' id='word_1_393' title='bbox 2151 1817 2376 1871; x_wconf 88' lang='lat' dir='ltr'><strong>natabat</strong></span> <span class='ocrx_word' id='word_1_394' title='bbox 2412 1820 2626 1874; x_wconf 88' lang='lat' dir='ltr'><strong>humor.</strong></span> <span class='ocrx_word' id='word_1_395' title='bbox 2660 1823 2694 1877; x_wconf 94' lang='lat'><strong>8</strong></span> <span class='ocrx_word' id='word_1_396' title='bbox 2723 1824 2972 1879; x_wconf 88' lang='lat' dir='ltr'><strong>Convivii</strong></span> <span class='ocrx_word' id='word_1_397' title='bbox 3006 1837 3186 1881; x_wconf 90' lang='lat' dir='ltr'><strong>autem</strong></span> <span class='ocrx_word' id='word_1_398' title='bbox 3213 1830 3515 1899; x_wconf 88' lang='lat' dir='ltr'><strong>inspectori</strong></span> 
     </span>
    </p>
   </div>
   <div class='ocr_carea' id='block_1_64' title="bbox 1930 1904 3516 1981">
    <p class='ocr_par' dir='ltr' id='par_1_64' title="bbox 1930 1904 3516 1981">
     <span class='ocr_line' id='line_1_65' title="bbox 1930 1904 3516 1981; baseline 0.012 -20"><span class='ocrx_word' id='word_1_399' title='bbox 1930 1904 2097 1973; x_wconf 86' lang='lat' dir='ltr'><strong>jussit</strong></span> <span class='ocrx_word' id='word_1_400' title='bbox 2119 1906 2233 1961; x_wconf 78' lang='lat' dir='ltr'><strong>Rex</strong></span> <span class='ocrx_word' id='word_1_401' title='bbox 2278 1910 2635 1980; x_wconf 79' lang='lat' dir='ltr'><strong>signiﬁcativa</strong></span> <span class='ocrx_word' id='word_1_402' title='bbox 2682 1930 2851 1972; x_wconf 87' lang='lat' dir='ltr'><strong>voce:</strong></span> <span class='ocrx_word' id='word_1_403' title='bbox 2904 1914 3147 1973; x_wconf 86' lang='lat' dir='ltr'><strong>Fontano</strong></span> <span class='ocrx_word' id='word_1_404' title='bbox 3198 1920 3516 1981; x_wconf 70' lang='lat' dir='ltr'><strong>haurientes</strong></span> 
     </span>
    </p>
   </div>
   <div class='ocr_carea' id='block_1_65' title="bbox 1934 1995 3517 2070">
    <p class='ocr_par' dir='ltr' id='par_1_65' title="bbox 1934 1995 3517 2070">
     <span class='ocr_line' id='line_1_66' title="bbox 1934 1995 3517 2070; baseline 0.013 -20"><span class='ocrx_word' id='word_1_405' title='bbox 1934 1995 2235 2054; x_wconf 88' lang='lat' dir='ltr'><strong>domestico</strong></span> <span class='ocrx_word' id='word_1_406' title='bbox 2268 2016 2335 2056; x_wconf 80' lang='lat' dir='ltr'>ex</span> <span class='ocrx_word' id='word_1_407' title='bbox 2363 2002 2504 2068; x_wconf 88' lang='lat' dir='ltr'><strong>lacu,</strong></span> <span class='ocrx_word' id='word_1_408' title='bbox 2537 2004 2779 2061; x_wconf 87' lang='lat' dir='ltr'><strong>Convivii</strong></span> <span class='ocrx_word' id='word_1_409' title='bbox 2812 2010 3139 2066; x_wconf 90' lang='lat' dir='ltr'><strong>moderatori</strong></span> <span class='ocrx_word' id='word_1_410' title='bbox 3168 2012 3355 2069; x_wconf 88' lang='lat' dir='ltr'><strong>aﬁ&#39;erte</strong></span> <span class='ocrx_word' id='word_1_411' title='bbox 3388 2030 3517 2070; x_wconf 88' lang='lat' dir='ltr'><strong>sua-</strong></span> 
     </span>
    </p>
   </div>
   <div class='ocr_carea' id='block_1_66' title="bbox 1933 2094 3514 2162">
    <p class='ocr_par' dir='ltr' id='par_1_66' title="bbox 1933 2094 3514 2162">
     <span class='ocr_line' id='line_1_67' title="bbox 1933 2094 3514 2162; baseline 0.011 -19"><span class='ocrx_word' id='word_1_412' title='bbox 1933 2104 2056 2145; x_wconf 81' lang='lat' dir='ltr'>vem</span> <span class='ocrx_word' id='word_1_413' title='bbox 2089 2105 2306 2161; x_wconf 89' lang='lat' dir='ltr'><strong>aquam.</strong></span> <span class='ocrx_word' id='word_1_414' title='bbox 2347 2094 2428 2149; x_wconf 91' lang='lat' dir='ltr'><strong>Illi</strong></span> <span class='ocrx_word' id='word_1_415' title='bbox 2472 2112 2601 2151; x_wconf 90' lang='lat' dir='ltr'><strong>vero</strong></span> <span class='ocrx_word' id='word_1_416' title='bbox 2637 2098 2839 2153; x_wconf 79' lang='lat' dir='ltr'><strong>affatim</strong></span> <span class='ocrx_word' id='word_1_417' title='bbox 2872 2101 3195 2159; x_wconf 90' lang='lat' dir='ltr'><strong>hauriebant</strong></span> <span class='ocrx_word' id='word_1_418' title='bbox 3232 2108 3514 2162; x_wconf 87' lang='lat' dir='ltr'><strong>redeunti-</strong></span> 
     </span>
    </p>
   </div>
   <div class='ocr_carea' id='block_1_67' title="bbox 1934 2182 3514 2265">
    <p class='ocr_par' dir='ltr' id='par_1_67' title="bbox 1934 2182 3514 2265">
     <span class='ocr_line' id='line_1_68' title="bbox 1934 2182 3514 2265; baseline 0.011 -29"><span class='ocrx_word' id='word_1_419' title='bbox 1934 2182 2039 2237; x_wconf 83' lang='lat' dir='ltr'>bus</span> <span class='ocrx_word' id='word_1_420' title='bbox 2087 2186 2320 2254; x_wconf 88' lang='lat' dir='ltr'><strong>poculis.</strong></span> <span class='ocrx_word' id='word_1_421' title='bbox 2370 2188 2404 2241; x_wconf 87' lang='lat'><strong>9</strong></span> <span class='ocrx_word' id='word_1_422' title='bbox 2449 2187 2517 2241; x_wconf 89' lang='lat' dir='ltr'><strong>Et</strong></span> <span class='ocrx_word' id='word_1_423' title='bbox 2602 2190 2947 2260; x_wconf 86' lang='lat' dir='ltr'><strong>dispensator</strong></span> <span class='ocrx_word' id='word_1_424' title='bbox 3007 2196 3223 2265; x_wconf 87' lang='lat' dir='ltr'><strong>quando</strong></span> <span class='ocrx_word' id='word_1_425' title='bbox 3275 2200 3514 2254; x_wconf 86' lang='lat' dir='ltr'><strong>convivii</strong></span> 
     </span>
    </p>
   </div>
   <div class='ocr_carea' id='block_1_68' title="bbox 1935 2280 3516 2357">
    <p class='ocr_par' dir='ltr' id='par_1_68' title="bbox 1935 2280 3516 2357">
     <span class='ocr_line' id='line_1_69' title="bbox 1935 2280 3516 2357; baseline 0.013 -29"><span class='ocrx_word' id='word_1_426' title='bbox 1935 2284 2213 2345; x_wconf 73' lang='lat' dir='ltr'><strong>gustasset</strong></span> <span class='ocrx_word' id='word_1_427' title='bbox 2246 2280 2578 2335; x_wconf 85' lang='lat' dir='ltr'><strong>testiﬁcante</strong></span> <span class='ocrx_word' id='word_1_428' title='bbox 2608 2290 2827 2351; x_wconf 83' lang='lat' dir='ltr'><strong>gutture</strong></span> <span class='ocrx_word' id='word_1_429' title='bbox 2852 2289 3065 2357; x_wconf 84' lang='lat' dir='ltr'><strong>Aquam</strong></span> <span class='ocrx_word' id='word_1_430' title='bbox 3094 2292 3147 2343; x_wconf 91' lang='lat' dir='ltr'>in</span> <span class='ocrx_word' id='word_1_431' title='bbox 3180 2290 3362 2345; x_wconf 88' lang='lat' dir='ltr'><strong>vinum</strong></span> <span class='ocrx_word' id='word_1_432' title='bbox 3392 2308 3516 2347; x_wconf 86' lang='lat' dir='ltr'><strong>ver-</strong></span> 
     </span>
    </p>
   </div>
   <div class='ocr_carea' id='block_1_69' title="bbox 1935 2369 3515 2438">
    <p class='ocr_par' dir='ltr' id='par_1_69' title="bbox 1935 2369 3515 2438">
     <span class='ocr_line' id='line_1_70' title="bbox 1935 2369 3515 2438; baseline 0.008 -15"><span class='ocrx_word' id='word_1_433' title='bbox 1935 2382 2054 2423; x_wconf 86' lang='lat' dir='ltr'>sam</span> <span class='ocrx_word' id='word_1_434' title='bbox 2088 2369 2396 2425; x_wconf 90' lang='lat' dir='ltr'><strong>rubicundo</strong></span> <span class='ocrx_word' id='word_1_435' title='bbox 2436 2370 2626 2435; x_wconf 87' lang='lat' dir='ltr'><strong>ﬂuore,</strong></span> <span class='ocrx_word' id='word_1_436' title='bbox 2668 2373 2787 2428; x_wconf 88' lang='lat' dir='ltr'><strong>Non</strong></span> <span class='ocrx_word' id='word_1_437' title='bbox 2823 2392 2956 2432; x_wconf 91' lang='lat' dir='ltr'><strong>sane</strong></span> <span class='ocrx_word' id='word_1_438' title='bbox 2984 2379 3067 2432; x_wconf 92' lang='lat' dir='ltr'>vir</span> <span class='ocrx_word' id='word_1_439' title='bbox 3096 2381 3366 2436; x_wconf 90' lang='lat' dir='ltr'><strong>undenam</strong></span> <span class='ocrx_word' id='word_1_440' title='bbox 3397 2390 3515 2438; x_wconf 87' lang='lat' dir='ltr'><strong>erat</strong></span> 
     </span>
    </p>
   </div>
   <div class='ocr_carea' id='block_1_70' title="bbox 1936 2461 3514 2544">
    <p class='ocr_par' dir='ltr' id='par_1_70' title="bbox 1936 2461 3514 2544">
     <span class='ocr_line' id='line_1_71' title="bbox 1936 2461 3514 2544; baseline 0.009 -30"><span class='ocrx_word' id='word_1_441' title='bbox 1936 2461 2128 2528; x_wconf 85' lang='lat' dir='ltr'><strong>scivit;</strong></span> <span class='ocrx_word' id='word_1_442' title='bbox 2164 2464 2428 2531; x_wconf 90' lang='lat' dir='ltr'><strong>aquarius</strong></span> <span class='ocrx_word' id='word_1_443' title='bbox 2468 2473 2649 2520; x_wconf 80' lang='lat' dir='ltr'><strong>autem</strong></span> <span class='ocrx_word' id='word_1_444' title='bbox 2682 2466 2855 2521; x_wconf 85' lang='lat' dir='ltr'><strong>Scivit</strong></span> <span class='ocrx_word' id='word_1_445' title='bbox 2883 2470 3153 2527; x_wconf 78' lang='lat' dir='ltr'><strong>famulans</strong></span> <span class='ocrx_word' id='word_1_446' title='bbox 3187 2482 3386 2539; x_wconf 71' lang='lat' dir='ltr'><strong>cmtus,</strong></span> <span class='ocrx_word' id='word_1_447' title='bbox 3419 2474 3514 2544; x_wconf 88' lang='lat' dir='ltr'>qui</span> 
     </span>
    </p>
   </div>
   <div class='ocr_carea' id='block_1_71' title="bbox 1936 2552 3516 2631">
    <p class='ocr_par' dir='ltr' id='par_1_71' title="bbox 1936 2552 3516 2631">
     <span class='ocr_line' id='line_1_72' title="bbox 1936 2552 3516 2631; baseline 0.011 -28"><span class='ocrx_word' id='word_1_448' title='bbox 1936 2566 2131 2621; x_wconf 88' lang='lat' dir='ltr'><strong>aquam</strong></span> <span class='ocrx_word' id='word_1_449' title='bbox 2168 2552 2521 2609; x_wconf 81' lang='lat' dir='ltr'><strong>fundentibus</strong></span> <span class='ocrx_word' id='word_1_450' title='bbox 2565 2570 2632 2610; x_wconf 83' lang='lat' dir='ltr'>ex</span> <span class='ocrx_word' id='word_1_451' title='bbox 2671 2558 2881 2613; x_wconf 88' lang='lat' dir='ltr'><strong>sinibus</strong></span> <span class='ocrx_word' id='word_1_452' title='bbox 2912 2557 3073 2615; x_wconf 81' lang='lat' dir='ltr'><strong>Vasis</strong></span> <span class='ocrx_word' id='word_1_453' title='bbox 3114 2561 3340 2631; x_wconf 88' lang='lat' dir='ltr'><strong>lapideis</strong></span> <span class='ocrx_word' id='word_1_454' title='bbox 3382 2565 3516 2620; x_wconf 86' lang='lat' dir='ltr'><strong>alie-</strong></span> 
     </span>
    </p>
   </div>
   <div class='ocr_carea' id='block_1_72' title="bbox 1934 2642 3515 2713">
    <p class='ocr_par' dir='ltr' id='par_1_72' title="bbox 1934 2642 3515 2713">
     <span class='ocr_line' id='line_1_73' title="bbox 1934 2642 3515 2713; baseline 0.011 -19"><span class='ocrx_word' id='word_1_455' title='bbox 1934 2657 2058 2695; x_wconf 89' lang='lat' dir='ltr'>nam</span> <span class='ocrx_word' id='word_1_456' title='bbox 2100 2642 2283 2698; x_wconf 90' lang='lat' dir='ltr'><strong>hausit</strong></span> <span class='ocrx_word' id='word_1_457' title='bbox 2322 2659 2543 2713; x_wconf 86' lang='lat' dir='ltr'><strong>aquam.</strong></span> <span class='ocrx_word' id='word_1_458' title='bbox 2578 2647 2646 2702; x_wconf 89' lang='grc'><strong>10</strong></span> <span class='ocrx_word' id='word_1_459' title='bbox 2672 2647 2916 2703; x_wconf 86' lang='lat' dir='ltr'><strong>Convivii</strong></span> <span class='ocrx_word' id='word_1_460' title='bbox 2947 2657 3076 2705; x_wconf 91' lang='lat' dir='ltr'><strong>tunc</strong></span> <span class='ocrx_word' id='word_1_461' title='bbox 3100 2652 3205 2707; x_wconf 85' lang='lat' dir='ltr'><strong>dux</strong></span> <span class='ocrx_word' id='word_1_462' title='bbox 3238 2654 3378 2709; x_wconf 92' lang='lat' dir='ltr'><strong>intra</strong></span> <span class='ocrx_word' id='word_1_463' title='bbox 3413 2657 3515 2710; x_wconf 90' lang='lat' dir='ltr'><strong>do-</strong></span> 
     </span>
    </p>
   </div>
   <div class='ocr_carea' id='block_1_73' title="bbox 1934 2734 3514 2805">
    <p class='ocr_par' dir='ltr' id='par_1_73' title="bbox 1934 2734 3514 2805">
     <span class='ocr_line' id='line_1_74' title="bbox 1934 2734 3514 2805; baseline 0.011 -19"><span class='ocrx_word' id='word_1_464' title='bbox 1934 2748 2081 2787; x_wconf 88' lang='lat' dir='ltr'>mum</span> <span class='ocrx_word' id='word_1_465' title='bbox 2117 2748 2321 2789; x_wconf 87' lang='lat' dir='ltr'><strong>vocans</strong></span> <span class='ocrx_word' id='word_1_466' title='bbox 2358 2734 2631 2805; x_wconf 86' lang='lat' dir='ltr'><strong>Sponsum</strong></span> <span class='ocrx_word' id='word_1_467' title='bbox 2666 2741 2881 2795; x_wconf 86' lang='lat' dir='ltr'><strong>noviter</strong></span> <span class='ocrx_word' id='word_1_468' title='bbox 2912 2741 3158 2803; x_wconf 83' lang='lat' dir='ltr'><strong>ductum.</strong></span> <span class='ocrx_word' id='word_1_469' title='bbox 3188 2760 3289 2799; x_wconf 89' lang='lat' dir='ltr'>suo</span> <span class='ocrx_word' id='word_1_470' title='bbox 3316 2746 3514 2804; x_wconf 74' lang='lat' dir='ltr'><strong>affatus</strong></span> 
     </span>
    </p>
   </div>
   <div class='ocr_carea' id='block_1_74' title="bbox 1933 2824 3514 2901">
    <p class='ocr_par' dir='ltr' id='par_1_74' title="bbox 1933 2824 3514 2901">
     <span class='ocr_line' id='line_1_75' title="bbox 1933 2824 3514 2901; baseline 0.008 -23"><span class='ocrx_word' id='word_1_471' title='bbox 1933 2831 2016 2878; x_wconf 88' lang='lat' dir='ltr'>est</span> <span class='ocrx_word' id='word_1_472' title='bbox 2038 2824 2234 2878; x_wconf 84' lang='lat' dir='ltr'><strong>verbo:</strong></span> <span class='ocrx_word' id='word_1_473' title='bbox 2254 2825 2359 2894; x_wconf 79' lang='lat'>19</span> <span class='ocrx_word' id='word_1_474' title='bbox 2378 2824 2567 2882; x_wconf 78' lang='lat' dir='ltr'><strong>Omnis</strong></span> <span class='ocrx_word' id='word_1_475' title='bbox 2586 2829 2800 2897; x_wconf 88' lang='lat' dir='ltr'><strong>quidem</strong></span> <span class='ocrx_word' id='word_1_476' title='bbox 2823 2830 2905 2885; x_wconf 90' lang='lat' dir='ltr'>vir</span> <span class='ocrx_word' id='word_1_477' title='bbox 2919 2833 3148 2901; x_wconf 90' lang='lat' dir='ltr'><strong>primum</strong></span> <span class='ocrx_word' id='word_1_478' title='bbox 3165 2835 3291 2888; x_wconf 88' lang='lat' dir='ltr'><strong>boni</strong></span> <span class='ocrx_word' id='word_1_479' title='bbox 3313 2836 3514 2893; x_wconf 88' lang='lat' dir='ltr'><strong>coloris</strong></span> 
     </span>
    </p>
   </div>
   <div class='ocr_carea' id='block_1_75' title="bbox 1931 2914 3514 2994">
    <p class='ocr_par' dir='ltr' id='par_1_75' title="bbox 1931 2914 3514 2994">
     <span class='ocr_line' id='line_1_76' title="bbox 1931 2914 3514 2994; baseline 0.009 -29"><span class='ocrx_word' id='word_1_480' title='bbox 1931 2914 2119 2966; x_wconf 84' lang='lat' dir='ltr'><strong>viuum</strong></span> <span class='ocrx_word' id='word_1_481' title='bbox 2150 2930 2427 2983; x_wconf 88' lang='lat' dir='ltr'><strong>promens,</strong></span> <span class='ocrx_word' id='word_1_482' title='bbox 2455 2916 2675 2988; x_wconf 67' lang='lat' dir='ltr'><strong>Eligens</strong></span> <span class='ocrx_word' id='word_1_483' title='bbox 2715 2923 2961 2990; x_wconf 88' lang='lat' dir='ltr'><strong>apponit,</strong></span> <span class='ocrx_word' id='word_1_484' title='bbox 3003 2925 3243 2994; x_wconf 78' lang='lat' dir='ltr'><strong>gravatis</strong></span> <span class='ocrx_word' id='word_1_485' title='bbox 3272 2941 3398 2981; x_wconf 87' lang='lat' dir='ltr'><strong>vero</strong></span> <span class='ocrx_word' id='word_1_486' title='bbox 3427 2942 3514 2982; x_wconf 86' lang='lat' dir='ltr'><strong>ca-</strong></span> 
     </span>
    </p>
   </div>
   <div class='ocr_carea' id='block_1_76' title="bbox 1933 3002 3512 3074">
    <p class='ocr_par' dir='ltr' id='par_1_76' title="bbox 1933 3002 3512 3074">
     <span class='ocr_line' id='line_1_77' title="bbox 1933 3002 3512 3074; baseline 0.012 -20"><span class='ocrx_word' id='word_1_487' title='bbox 1933 3002 2137 3072; x_wconf 89' lang='lat' dir='ltr'><strong>pitibus</strong></span> <span class='ocrx_word' id='word_1_488' title='bbox 2165 3003 2326 3060; x_wconf 76' lang='lat' dir='ltr'><strong>Viros</strong></span> <span class='ocrx_word' id='word_1_489' title='bbox 2356 3007 2550 3063; x_wconf 87' lang='lat' dir='ltr'><strong>videns</strong></span> <span class='ocrx_word' id='word_1_490' title='bbox 2576 3009 2777 3074; x_wconf 86' lang='lat' dir='ltr'><strong>ebrios,</strong></span> <span class='ocrx_word' id='word_1_491' title='bbox 2805 3012 2967 3067; x_wconf 91' lang='lat' dir='ltr'><strong>vilius</strong></span> <span class='ocrx_word' id='word_1_492' title='bbox 2997 3014 3142 3068; x_wconf 89' lang='lat' dir='ltr'><strong>aliud</strong></span> <span class='ocrx_word' id='word_1_493' title='bbox 3169 3015 3354 3070; x_wconf 88' lang='lat' dir='ltr'><strong>vinum</strong></span> <span class='ocrx_word' id='word_1_494' title='bbox 3378 3016 3512 3074; x_wconf 84' lang='lat' dir='ltr'><strong>Sero</strong></span> 
     </span>
    </p>
   </div>
   <div class='ocr_carea' id='block_1_77' title="bbox 1932 3090 3511 3167">
    <p class='ocr_par' dir='ltr' id='par_1_77' title="bbox 1932 3090 3511 3167">
     <span class='ocr_line' id='line_1_78' title="bbox 1932 3090 3511 3167; baseline 0.013 -23"><span class='ocrx_word' id='word_1_495' title='bbox 1932 3090 2070 3159; x_wconf 79' lang='lat' dir='ltr'><strong>fert;</strong></span> <span class='ocrx_word' id='word_1_496' title='bbox 2114 3101 2171 3147; x_wconf 89' lang='lat' dir='ltr'>tu</span> <span class='ocrx_word' id='word_1_497' title='bbox 2202 3109 2328 3149; x_wconf 89' lang='lat' dir='ltr'><strong>vero</strong></span> <span class='ocrx_word' id='word_1_498' title='bbox 2364 3096 2467 3150; x_wconf 89' lang='lat' dir='ltr'>hoc</span> <span class='ocrx_word' id='word_1_499' title='bbox 2508 3102 2856 3167; x_wconf 64' lang='lat' dir='ltr'><strong>praestantius</strong></span> <span class='ocrx_word' id='word_1_500' title='bbox 2889 3103 3029 3157; x_wconf 88' lang='lat' dir='ltr'><strong>intra</strong></span> <span class='ocrx_word' id='word_1_501' title='bbox 3059 3105 3276 3161; x_wconf 87' lang='lat' dir='ltr'><strong>domum</strong></span> <span class='ocrx_word' id='word_1_502' title='bbox 3314 3106 3511 3167; x_wconf 86' lang='lat' dir='ltr'><strong>Vinum</strong></span> 
     </span>
    </p>
   </div>
   <div class='ocr_carea' id='block_1_78' title="bbox 1931 3183 3509 3256">
    <p class='ocr_par' dir='ltr' id='par_1_78' title="bbox 1931 3183 3509 3256">
     <span class='ocr_line' id='line_1_79' title="bbox 1931 3183 3509 3256; baseline 0.013 -20"><span class='ocrx_word' id='word_1_503' title='bbox 1931 3183 2159 3249; x_wconf 81' lang='lat' dir='ltr'><strong>habens,</strong></span> <span class='ocrx_word' id='word_1_504' title='bbox 2203 3188 2435 3243; x_wconf 86' lang='lat' dir='ltr'><strong>servasti</strong></span> <span class='ocrx_word' id='word_1_505' title='bbox 2475 3188 2650 3245; x_wconf 88' lang='lat' dir='ltr'><strong>donec</strong></span> <span class='ocrx_word' id='word_1_506' title='bbox 2683 3201 2828 3248; x_wconf 84' lang='lat' dir='ltr'><strong>esset</strong></span> <span class='ocrx_word' id='word_1_507' title='bbox 2859 3195 3050 3249; x_wconf 88' lang='lat' dir='ltr'><strong>ultima</strong></span> <span class='ocrx_word' id='word_1_508' title='bbox 3093 3198 3247 3253; x_wconf 90' lang='lat' dir='ltr'><strong>hora.</strong></span> <span class='ocrx_word' id='word_1_509' title='bbox 3283 3200 3342 3254; x_wconf 84' lang='grc'>11</span> <span class='ocrx_word' id='word_1_510' title='bbox 3384 3200 3509 3256; x_wconf 88' lang='lat' dir='ltr'><strong>Pri-</strong></span> 
     </span>
    </p>
   </div>
   <div class='ocr_carea' id='block_1_79' title="bbox 1926 3280 3511 3359">
    <p class='ocr_par' dir='ltr' id='par_1_79' title="bbox 1926 3280 3511 3359">
     <span class='ocr_line' id='line_1_80' title="bbox 1926 3280 3511 3359; baseline 0.014 -33"><span class='ocrx_word' id='word_1_511' title='bbox 1926 3289 2073 3328; x_wconf 89' lang='lat' dir='ltr'>mum</span> <span class='ocrx_word' id='word_1_512' title='bbox 2106 3291 2377 3347; x_wconf 88' lang='lat' dir='ltr'><strong>apparens</strong></span> <span class='ocrx_word' id='word_1_513' title='bbox 2406 3280 2512 3334; x_wconf 89' lang='lat' dir='ltr'>hoc</span> <span class='ocrx_word' id='word_1_514' title='bbox 2544 3282 2866 3337; x_wconf 91' lang='lat' dir='ltr'><strong>miraculum</strong></span> <span class='ocrx_word' id='word_1_515' title='bbox 2895 3288 3031 3342; x_wconf 91' lang='lat' dir='ltr'><strong>meri</strong></span> <span class='ocrx_word' id='word_1_516' title='bbox 3072 3291 3271 3359; x_wconf 89' lang='lat' dir='ltr'><strong>cupido</strong></span> <span class='ocrx_word' id='word_1_517' title='bbox 3299 3292 3353 3345; x_wconf 90' lang='lat' dir='ltr'>in</span> <span class='ocrx_word' id='word_1_518' title='bbox 3380 3307 3511 3347; x_wconf 91' lang='lat' dir='ltr'><strong>con-</strong></span> 
     </span>
    </p>
   </div>
   <div class='ocr_carea' id='block_1_80' title="bbox 1926 3366 3510 3454">
    <p class='ocr_par' dir='ltr' id='par_1_80' title="bbox 1926 3366 3510 3454">
     <span class='ocr_line' id='line_1_81' title="bbox 1926 3366 3510 3454; baseline 0.012 -35"><span class='ocrx_word' id='word_1_519' title='bbox 1926 3366 2073 3420; x_wconf 86' lang='lat' dir='ltr'><strong>vivio</strong></span> <span class='ocrx_word' id='word_1_520' title='bbox 2101 3366 2263 3424; x_wconf 79' lang='lat' dir='ltr'><strong>Jesus</strong></span> <span class='ocrx_word' id='word_1_521' title='bbox 2301 3369 2550 3440; x_wconf 79' lang='lat' dir='ltr'><strong>perfecit,</strong></span> <span class='ocrx_word' id='word_1_522' title='bbox 2598 3373 2689 3427; x_wconf 93' lang='lat' dir='ltr'>ubi</span> <span class='ocrx_word' id='word_1_523' title='bbox 2724 3374 3053 3432; x_wconf 66' lang='lat' dir='ltr'><strong>Cananaeum</strong></span> <span class='ocrx_word' id='word_1_524' title='bbox 3086 3381 3237 3435; x_wconf 86' lang='lat' dir='ltr'><strong>audit</strong></span> <span class='ocrx_word' id='word_1_525' title='bbox 3266 3380 3357 3454; x_wconf 81' lang='lat' dir='ltr'><strong>[id</strong></span> <span class='ocrx_word' id='word_1_526' title='bbox 3392 3392 3510 3447; x_wconf 76' lang='lat' dir='ltr'><strong>est,</strong></span> 
     </span>
    </p>
   </div>
   <div class='ocr_carea' id='block_1_81' title="bbox 1924 3456 3507 3530">
    <p class='ocr_par' dir='ltr' id='par_1_81' title="bbox 1924 3456 3507 3530">
     <span class='ocr_line' id='line_1_82' title="bbox 1924 3456 3507 3530; baseline 0.011 -19"><span class='ocrx_word' id='word_1_527' title='bbox 1924 3456 2559 3530; x_wconf 82' lang='lat' dir='ltr'><strong>dicitur]Diversoritun</strong></span> <span class='ocrx_word' id='word_1_528' title='bbox 2618 3465 2726 3520; x_wconf 90' lang='lat' dir='ltr'><strong>alte</strong></span> <span class='ocrx_word' id='word_1_529' title='bbox 2776 3477 3115 3524; x_wconf 81' lang='lat' dir='ltr'><strong>exstructum</strong></span> <span class='ocrx_word' id='word_1_530' title='bbox 3164 3473 3507 3529; x_wconf 89' lang='lat' dir='ltr'><strong>intonsorum</strong></span> 
     </span>
    </p>
   </div>
   <div class='ocr_carea' id='block_1_82' title="bbox 1926 3546 3507 3621">
    <p class='ocr_par' dir='ltr' id='par_1_82' title="bbox 1926 3546 3507 3621">
     <span class='ocr_line' id='line_1_83' title="bbox 1926 3546 3507 3621; baseline 0.012 -19"><span class='ocrx_word' id='word_1_531' title='bbox 1926 3547 2295 3606; x_wconf 71' lang='lat' dir='ltr'><strong>Galilazorum.</strong></span> <span class='ocrx_word' id='word_1_532' title='bbox 2366 3552 2611 3610; x_wconf 74' lang='lat' dir='ltr'><strong>Hebraeis</strong></span> <span class='ocrx_word' id='word_1_533' title='bbox 2672 3546 2859 3613; x_wconf 81' lang='lat' dir='ltr'><strong>autem</strong></span> <span class='ocrx_word' id='word_1_534' title='bbox 2924 3563 3295 3619; x_wconf 80' lang='lat' dir='ltr'><strong>manifestavit</strong></span> <span class='ocrx_word' id='word_1_535' title='bbox 3346 3583 3507 3621; x_wconf 90' lang='lat' dir='ltr'><strong>suum</strong></span> 
     </span>
    </p>
   </div>
   <div class='ocr_carea' id='block_1_83' title="bbox 1925 3640 3509 3714">
    <p class='ocr_par' dir='ltr' id='par_1_83' title="bbox 1925 3640 3509 3714">
     <span class='ocr_line' id='line_1_84' title="bbox 1925 3640 3509 3714; baseline 0.012 -21"><span class='ocrx_word' id='word_1_536' title='bbox 1925 3640 2224 3709; x_wconf 74' lang='lat' dir='ltr'><strong>gloriosum</strong></span> <span class='ocrx_word' id='word_1_537' title='bbox 2280 3643 2542 3700; x_wconf 87' lang='lat' dir='ltr'><strong>honorem</strong></span> <span class='ocrx_word' id='word_1_538' title='bbox 2591 3646 2881 3705; x_wconf 89' lang='lat' dir='ltr'><strong>Sitibundo</strong></span> <span class='ocrx_word' id='word_1_539' title='bbox 2914 3654 2967 3706; x_wconf 90' lang='lat' dir='ltr'>in</span> <span class='ocrx_word' id='word_1_540' title='bbox 3004 3656 3291 3712; x_wconf 89' lang='lat' dir='ltr'><strong>convivio:</strong></span> <span class='ocrx_word' id='word_1_541' title='bbox 3335 3659 3509 3714; x_wconf 84' lang='lat' dir='ltr'><strong>ambi-</strong></span> 
     </span>
    </p>
   </div>
   <div class='ocr_carea' id='block_1_84' title="bbox 1924 3729 3510 3801">
    <p class='ocr_par' dir='ltr' id='par_1_84' title="bbox 1924 3729 3510 3801">
     <span class='ocr_line' id='line_1_85' title="bbox 1924 3729 3510 3801; baseline 0.013 -20"><span class='ocrx_word' id='word_1_542' title='bbox 1924 3729 2185 3799; x_wconf 76' lang='lat' dir='ltr'><strong>guitatem</strong></span> <span class='ocrx_word' id='word_1_543' title='bbox 2234 3744 2415 3788; x_wconf 91' lang='lat' dir='ltr'><strong>autem</strong></span> <span class='ocrx_word' id='word_1_544' title='bbox 2456 3739 2655 3792; x_wconf 88' lang='lat' dir='ltr'><strong>mentis</strong></span> <span class='ocrx_word' id='word_1_545' title='bbox 2706 3738 2947 3796; x_wconf 82' lang='lat' dir='ltr'><strong>Moribus</strong></span> <span class='ocrx_word' id='word_1_546' title='bbox 2997 3742 3167 3798; x_wconf 91' lang='lat' dir='ltr'><strong>ﬁrmis</strong></span> <span class='ocrx_word' id='word_1_547' title='bbox 3219 3746 3510 3801; x_wconf 81' lang='lat' dir='ltr'><strong>conﬁrma-</strong></span> 
     </span>
    </p>
   </div>
   <div class='ocr_carea' id='block_1_85' title="bbox 1924 3820 3507 3890">
    <p class='ocr_par' dir='ltr' id='par_1_85' title="bbox 1924 3820 3507 3890">
     <span class='ocr_line' id='line_1_86' title="bbox 1924 3820 3507 3890; baseline 0.011 -20"><span class='ocrx_word' id='word_1_548' title='bbox 1924 3827 2052 3871; x_wconf 88' lang='lat' dir='ltr'><strong>runt</strong></span> <span class='ocrx_word' id='word_1_549' title='bbox 2096 3820 2368 3890; x_wconf 91' lang='lat' dir='ltr'><strong>discipuli.</strong></span> <span class='ocrx_word' id='word_1_550' title='bbox 2410 3822 2477 3875; x_wconf 73' lang='grc'>12</span> <span class='ocrx_word' id='word_1_551' title='bbox 2514 3823 2630 3878; x_wconf 85' lang='grc' dir='ltr'>Νοη</span> <span class='ocrx_word' id='word_1_552' title='bbox 2673 3840 2806 3881; x_wconf 90' lang='lat' dir='ltr'><strong>sane</strong></span> <span class='ocrx_word' id='word_1_553' title='bbox 2836 3827 2948 3883; x_wconf 82' lang='lat' dir='ltr'>Rex</span> <span class='ocrx_word' id='word_1_554' title='bbox 2978 3831 3421 3885; x_wconf 84' lang='lat' dir='ltr'><strong>commorabatur</strong></span> <span class='ocrx_word' id='word_1_555' title='bbox 3449 3832 3507 3887; x_wconf 89' lang='lat' dir='ltr'>in</span> 
     </span>
    </p>
   </div>
   <div class='ocr_carea' id='block_1_86' title="bbox 1925 3910 3509 3989">
    <p class='ocr_par' dir='ltr' id='par_1_86' title="bbox 1925 3910 3509 3989">
     <span class='ocr_line' id='line_1_87' title="bbox 1925 3910 3509 3989; baseline 0.011 -27"><span class='ocrx_word' id='word_1_556' title='bbox 1925 3916 2069 3964; x_wconf 89' lang='lat' dir='ltr'><strong>terra</strong></span> <span class='ocrx_word' id='word_1_557' title='bbox 2106 3910 2375 3969; x_wconf 79' lang='lat' dir='ltr'><strong>Cananaea</strong></span> <span class='ocrx_word' id='word_1_558' title='bbox 2404 3914 2551 3969; x_wconf 90' lang='lat' dir='ltr'><strong>dicta</strong></span> <span class='ocrx_word' id='word_1_559' title='bbox 2584 3917 2851 3986; x_wconf 88' lang='lat' dir='ltr'><strong>Sponsale</strong></span> <span class='ocrx_word' id='word_1_560' title='bbox 2880 3929 3003 3989; x_wconf 88' lang='lat' dir='ltr'><strong>post</strong></span> <span class='ocrx_word' id='word_1_561' title='bbox 3037 3924 3346 3976; x_wconf 80' lang='lat' dir='ltr'><strong>convivium</strong></span> <span class='ocrx_word' id='word_1_562' title='bbox 3377 3924 3509 3979; x_wconf 89' lang='lat' dir='ltr'><strong>vino</strong></span> 
     </span>
    </p>
   </div>
   <div class='ocr_carea' id='block_1_87' title="bbox 1924 4017 3505 4093">
    <p class='ocr_par' dir='ltr' id='par_1_87' title="bbox 1924 4017 3505 4093">
     <span class='ocr_line' id='line_1_88' title="bbox 1924 4017 3505 4093; baseline 0.008 -21"><span class='ocrx_word' id='word_1_563' title='bbox 1924 4017 2227 4073; x_wconf 87' lang='lat' dir='ltr'><strong>carentium</strong></span> <span class='ocrx_word' id='word_1_564' title='bbox 2254 4020 2592 4090; x_wconf 90' lang='lat' dir='ltr'><strong>nuptiarum,</strong></span> <span class='ocrx_word' id='word_1_565' title='bbox 2627 4021 2730 4077; x_wconf 89' lang='lat' dir='ltr'><strong>Sed</strong></span> <span class='ocrx_word' id='word_1_566' title='bbox 2757 4025 3101 4093; x_wconf 84' lang='lat' dir='ltr'><strong>Capernaum</strong></span> <span class='ocrx_word' id='word_1_567' title='bbox 3134 4028 3395 4082; x_wconf 90' lang='lat' dir='ltr'><strong>maritimi</strong></span> <span class='ocrx_word' id='word_1_568' title='bbox 3434 4028 3505 4083; x_wconf 89' lang='lat' dir='ltr'>ad</span> 
     </span>
    </p>
   </div>
   <div class='ocr_carea' id='block_1_88' title="bbox 1924 4121 3503 4197">
    <p class='ocr_par' dir='ltr' id='par_1_88' title="bbox 1924 4121 3503 4197">
     <span class='ocr_line' id='line_1_89' title="bbox 1924 4121 3503 4197; baseline 0.006 -23"><span class='ocrx_word' id='word_1_569' title='bbox 1924 4121 2240 4177; x_wconf 86' lang='lat' dir='ltr'><strong>mansiones</strong></span> <span class='ocrx_word' id='word_1_570' title='bbox 2272 4124 2495 4190; x_wconf 88' lang='lat' dir='ltr'><strong>vadens,</strong></span> <span class='ocrx_word' id='word_1_571' title='bbox 2527 4123 2767 4181; x_wconf 84' lang='lat' dir='ltr'><strong>Rediens</strong></span> <span class='ocrx_word' id='word_1_572' title='bbox 2790 4126 3077 4197; x_wconf 82' lang='lat' dir='ltr'><strong>vestigium</strong></span> <span class='ocrx_word' id='word_1_573' title='bbox 3120 4127 3289 4197; x_wconf 83' lang='lat' dir='ltr'><strong>ﬂexit,</strong></span> <span class='ocrx_word' id='word_1_574' title='bbox 3331 4129 3503 4185; x_wconf 88' lang='lat' dir='ltr'><strong>decli-</strong></span> 
     </span>
    </p>
   </div>
   <div class='ocr_carea' id='block_1_89' title="bbox 1926 4226 3505 4299">
    <p class='ocr_par' dir='ltr' id='par_1_89' title="bbox 1926 4226 3505 4299">
     <span class='ocr_line' id='line_1_90' title="bbox 1926 4226 3505 4299; baseline 0.005 -20"><span class='ocrx_word' id='word_1_575' title='bbox 1926 4240 2042 4279; x_wconf 89' lang='lat' dir='ltr'>vem</span> <span class='ocrx_word' id='word_1_576' title='bbox 2078 4226 2328 4281; x_wconf 86' lang='lat' dir='ltr'><strong>semitam</strong></span> <span class='ocrx_word' id='word_1_577' title='bbox 2360 4227 2620 4283; x_wconf 90' lang='lat' dir='ltr'><strong>incedens</strong></span> <span class='ocrx_word' id='word_1_578' title='bbox 2645 4226 2786 4299; x_wconf 89' lang='lat' dir='ltr'><strong>lpse,</strong></span> <span class='ocrx_word' id='word_1_579' title='bbox 2819 4230 2982 4284; x_wconf 84' lang='lat' dir='ltr'><strong>simul</strong></span> <span class='ocrx_word' id='word_1_580' title='bbox 3010 4240 3064 4286; x_wconf 92' lang='lat' dir='ltr'>et</span> <span class='ocrx_word' id='word_1_581' title='bbox 3094 4232 3291 4288; x_wconf 80' lang='lat' dir='ltr'><strong>fratres</strong></span> <span class='ocrx_word' id='word_1_582' title='bbox 3325 4232 3505 4287; x_wconf 85' lang='lat' dir='ltr'><strong>comi-</strong></span> 
     </span>
    </p>
   </div>
   <div class='ocr_carea' id='block_1_90' title="bbox 1925 4331 3504 4407">
    <p class='ocr_par' dir='ltr' id='par_1_90' title="bbox 1925 4331 3504 4407">
     <span class='ocr_line' id='line_1_91' title="bbox 1925 4331 3504 4407; baseline 0.006 -25"><span class='ocrx_word' id='word_1_583' title='bbox 1925 4337 2042 4396; x_wconf 89' lang='lat' dir='ltr'><strong>tes;</strong></span> <span class='ocrx_word' id='word_1_584' title='bbox 2079 4345 2175 4401; x_wconf 90' lang='lat' dir='ltr'>per</span> <span class='ocrx_word' id='word_1_585' title='bbox 2203 4346 2263 4386; x_wconf 92' lang='lat' dir='ltr'>se</span> <span class='ocrx_word' id='word_1_586' title='bbox 2286 4331 2530 4402; x_wconf 78' lang='lat' dir='ltr'><strong>genitum</strong></span> <span class='ocrx_word' id='word_1_587' title='bbox 2555 4348 2684 4387; x_wconf 91' lang='lat' dir='ltr'><strong>vero</strong></span> <span class='ocrx_word' id='word_1_588' title='bbox 2716 4332 2879 4405; x_wconf 82' lang='lat' dir='ltr'><strong>Virgo</strong></span> <span class='ocrx_word' id='word_1_589' title='bbox 2911 4336 3240 4405; x_wconf 86' lang='lat' dir='ltr'><strong>sequebatur</strong></span> <span class='ocrx_word' id='word_1_590' title='bbox 3271 4336 3504 4407; x_wconf 82' lang='lat' dir='ltr'><strong>Deipara</strong></span> 
     </span>
    </p>
   </div>
   <div class='ocr_carea' id='block_1_91' title="bbox 1855 4434 3562 4527">
    <p class='ocr_par' dir='ltr' id='par_1_91' title="bbox 1855 4434 3562 4527">
     <span class='ocr_line' id='line_1_92' title="bbox 1855 4434 3562 4527; baseline 0.006 -40"><span class='ocrx_word' id='word_1_591' title='bbox 1855 4467 1897 4521; x_wconf 73' lang='grc' dir='ltr'>ο</span> <span class='ocrx_word' id='word_1_592' title='bbox 1929 4434 2099 4488; x_wconf 89' lang='lat' dir='ltr'><strong>ﬁlium</strong></span> <span class='ocrx_word' id='word_1_593' title='bbox 2127 4441 2332 4490; x_wconf 89' lang='lat' dir='ltr'><strong>mater:</strong></span> <span class='ocrx_word' id='word_1_594' title='bbox 2362 4434 2696 4501; x_wconf 85' lang='lat' dir='ltr'><strong>Quibuscum</strong></span> <span class='ocrx_word' id='word_1_595' title='bbox 2724 4438 3092 4495; x_wconf 88' lang='lat' dir='ltr'><strong>duodeuarius</strong></span> <span class='ocrx_word' id='word_1_596' title='bbox 3121 4455 3306 4496; x_wconf 85' lang='lat' dir='ltr'><strong>comes</strong></span> <span class='ocrx_word' id='word_1_597' title='bbox 3335 4440 3504 4497; x_wconf 84' lang='lat' dir='ltr'><strong>habe-</strong></span> <span class='ocrx_word' id='word_1_598' title='bbox 3540 4505 3562 4527; x_wconf 38' lang='grc' dir='ltr'>θ</span> 
     </span>
    </p>
   </div>
   <div class='ocr_carea' id='block_1_92' title="bbox 1927 4539 3501 4615">
    <p class='ocr_par' dir='ltr' id='par_1_92' title="bbox 1927 4539 3501 4615">
     <span class='ocr_line' id='line_1_93' title="bbox 1927 4539 3501 4615; baseline 0.005 -21"><span class='ocrx_word' id='word_1_599' title='bbox 1927 4541 2020 4595; x_wconf 90' lang='lat' dir='ltr'>bat</span> <span class='ocrx_word' id='word_1_600' title='bbox 2060 4540 2320 4596; x_wconf 89' lang='lat' dir='ltr'><strong>incedens</strong></span> <span class='ocrx_word' id='word_1_601' title='bbox 2358 4539 2676 4598; x_wconf 88' lang='lat' dir='ltr'><strong>Divinorum</strong></span> <span class='ocrx_word' id='word_1_602' title='bbox 2712 4558 2877 4598; x_wconf 88' lang='lat' dir='ltr'><strong>unam</strong></span> <span class='ocrx_word' id='word_1_603' title='bbox 2910 4544 3051 4599; x_wconf 89' lang='lat' dir='ltr'><strong>viam</strong></span> <span class='ocrx_word' id='word_1_604' title='bbox 3084 4545 3356 4615; x_wconf 87' lang='lat' dir='ltr'><strong>posterior</strong></span> <span class='ocrx_word' id='word_1_605' title='bbox 3385 4558 3501 4602; x_wconf 66' lang='lat' dir='ltr'><strong>ca:-</strong></span> 
     </span>
    </p>
   </div>
   <div class='ocr_carea' id='block_1_93' title="bbox 1444 4668 2302 4734">
    <p class='ocr_par' dir='ltr' id='par_1_93' title="bbox 1444 4668 2302 4734">
     <span class='ocr_line' id='line_1_94' title="bbox 1444 4668 2302 4734; baseline 0.015 -13"><span class='ocrx_word' id='word_1_606' title='bbox 1444 4668 1726 4730; x_wconf 78' lang='lat' dir='ltr'>TEXTUS</span> <span class='ocrx_word' id='word_1_607' title='bbox 1766 4676 2302 4734; x_wconf 56' lang='lat' dir='ltr'>EVARGELISTE.</span> 
     </span>
    </p>
   </div>
   <div class='ocr_carea' id='block_1_94' title="bbox 310 4790 1825 4872">
    <p class='ocr_par' dir='ltr' id='par_1_94' title="bbox 310 4790 1825 4872">
     <span class='ocr_line' id='line_1_95' title="bbox 310 4790 1825 4872; baseline 0.017 -28"><span class='ocrx_word' id='word_1_608' title='bbox 310 4790 363 4845; x_wconf 84' lang='lat'>5.</span> <span class='ocrx_word' id='word_1_609' title='bbox 399 4791 561 4860; x_wconf 82' lang='grc' dir='ltr'>Λέγει</span> <span class='ocrx_word' id='word_1_610' title='bbox 593 4794 626 4862; x_wconf 86' lang='grc' dir='ltr'>ἡ</span> <span class='ocrx_word' id='word_1_611' title='bbox 660 4794 845 4866; x_wconf 88' lang='grc' dir='ltr'>μήτηρ</span> <span class='ocrx_word' id='word_1_612' title='bbox 884 4797 1048 4853; x_wconf 82' lang='grc' dir='ltr'>αὑτοῦ</span> <span class='ocrx_word' id='word_1_613' title='bbox 1085 4801 1200 4866; x_wconf 78' lang='grc' dir='ltr'>τοῖς</span> <span class='ocrx_word' id='word_1_614' title='bbox 1245 4802 1534 4872; x_wconf 82' lang='grc' dir='ltr'>διακόνοις·</span> <span class='ocrx_word' id='word_1_615' title='bbox 1573 4810 1641 4864; x_wconf 87' lang='lat'>&#39;0</span> <span class='ocrx_word' id='word_1_616' title='bbox 1674 4829 1727 4866; x_wconf 91' lang='grc' dir='ltr'>τι</span> <span class='ocrx_word' id='word_1_617' title='bbox 1757 4815 1825 4869; x_wconf 75' lang='grc' dir='ltr'>ἄν</span> 
     </span>
    </p>
   </div>
   <div class='ocr_carea' id='block_1_95' title="bbox 241 4870 866 4947">
    <p class='ocr_par' dir='ltr' id='par_1_95' title="bbox 241 4870 866 4947">
     <span class='ocr_line' id='line_1_96' title="bbox 241 4870 866 4947; baseline 0.014 -23"><span class='ocrx_word' id='word_1_618' title='bbox 241 4870 373 4944; x_wconf 82' lang='grc' dir='ltr'>λέγῃ</span> <span class='ocrx_word' id='word_1_619' title='bbox 410 4874 438 4925; x_wconf 87' lang='grc' dir='ltr'>ὑ</span> <span class='ocrx_word' id='word_1_620' title='bbox 448 4879 559 4945; x_wconf 83' lang='grc' dir='ltr'>μῖν,</span> <span class='ocrx_word' id='word_1_621' title='bbox 583 4879 866 4947; x_wconf 81' lang='grc' dir='ltr'>ποιήσατε.</span> 
     </span>
    </p>
   </div>
   <div class='ocr_carea' id='block_1_96' title="bbox 1921 4815 2343 4888">
    <p class='ocr_par' dir='ltr' id='par_1_96' title="bbox 1921 4815 2343 4888">
     <span class='ocr_line' id='line_1_97' title="bbox 1921 4815 2343 4888; baseline 0 -19"><span class='ocrx_word' id='word_1_622' title='bbox 1921 4815 2343 4888; x_wconf 85' lang='grc' dir='ltr'>ἀρχιτρίκλινος·</span> 
     </span>
    </p>
   </div>
   <div class='ocr_carea' id='block_1_97' title="bbox 1998 4898 3502 4974">
    <p class='ocr_par' dir='ltr' id='par_1_97' title="bbox 1998 4898 3502 4974">
     <span class='ocr_line' id='line_1_98' title="bbox 1998 4898 3502 4974; baseline 0.008 -23"><span class='ocrx_word' id='word_1_623' title='bbox 1998 4900 2061 4953; x_wconf 83' lang='grc'><strong>10</strong></span> <span class='ocrx_word' id='word_1_624' title='bbox 2110 4898 2400 4966; x_wconf 44' lang='grc' dir='ltr'>Καὶκλέγει</span> <span class='ocrx_word' id='word_1_625' title='bbox 2450 4898 2620 4969; x_wconf 84' lang='grc' dir='ltr'>αὐτῷ·</span> <span class='ocrx_word' id='word_1_626' title='bbox 2664 4899 2781 4963; x_wconf 82' lang='grc' dir='ltr'>Πᾶς</span> <span class='ocrx_word' id='word_1_627' title='bbox 2827 4898 3111 4972; x_wconf 77' lang='grc' dir='ltr'>ἄνθρωπος</span> <span class='ocrx_word' id='word_1_628' title='bbox 3148 4902 3366 4974; x_wconf 85' lang='grc' dir='ltr'>πρῶτον</span> <span class='ocrx_word' id='word_1_629' title='bbox 3409 4904 3502 4963; x_wconf 79' lang='grc' dir='ltr'>τὸν</span> 
     </span>
    </p>
   </div>
   <div class='ocr_carea' id='block_1_98' title="bbox 310 4952 3500 5053">
    <p class='ocr_par' dir='ltr' id='par_1_98' title="bbox 310 4952 3500 5053">
     <span class='ocr_line' id='line_1_99' title="bbox 310 4952 3500 5053; baseline 0.012 -45"><span class='ocrx_word' id='word_1_630' title='bbox 310 4956 363 5009; x_wconf 86' lang='grc'>6.</span> <span class='ocrx_word' id='word_1_631' title='bbox 396 4952 578 5010; x_wconf 82' lang='grc' dir='ltr'>Ἦσαν</span> <span class='ocrx_word' id='word_1_632' title='bbox 620 4959 676 5012; x_wconf 81' lang='grc' dir='ltr'>δὲ</span> <span class='ocrx_word' id='word_1_633' title='bbox 710 4962 827 5014; x_wconf 82' lang='grc' dir='ltr'>ἐκεῖ</span> <span class='ocrx_word' id='word_1_634' title='bbox 860 4962 1036 5033; x_wconf 80' lang='grc' dir='ltr'>ὑδρίαι</span> <span class='ocrx_word' id='word_1_635' title='bbox 1060 4964 1259 5020; x_wconf 87' lang='grc' dir='ltr'>λίθιναι</span> <span class='ocrx_word' id='word_1_636' title='bbox 1293 4968 1373 5034; x_wconf 76' lang='grc' dir='ltr'>ἒξ,</span> <span class='ocrx_word' id='word_1_637' title='bbox 1406 4973 1658 5044; x_wconf 86' lang='grc' dir='ltr'>κείμεναι</span> <span class='ocrx_word' id='word_1_638' title='bbox 1683 4978 1826 5033; x_wconf 81' lang='grc' dir='ltr'>κατὰ</span> <span class='ocrx_word' id='word_1_639' title='bbox 1919 4952 2085 5035; x_wconf 78' lang='grc' dir='ltr'>καλὸν</span> <span class='ocrx_word' id='word_1_640' title='bbox 2116 4952 2257 5034; x_wconf 75' lang='grc' dir='ltr'>οἶνον</span> <span class='ocrx_word' id='word_1_641' title='bbox 2304 4952 2506 5051; x_wconf 64' lang='grc' dir='ltr'>τίθησι,</span> <span class='ocrx_word' id='word_1_642' title='bbox 2555 4952 2649 5034; x_wconf 74' lang='grc' dir='ltr'>καὶ</span> <span class='ocrx_word' id='word_1_643' title='bbox 2696 4952 2824 5035; x_wconf 76' lang='grc' dir='ltr'>ὅταν</span> <span class='ocrx_word' id='word_1_644' title='bbox 2871 4952 3219 5053; x_wconf 48' lang='grc' dir='ltr'>με’θυσθώσιῖ</span> <span class='ocrx_word' id='word_1_645' title='bbox 3251 4989 3371 5043; x_wconf 86' lang='grc' dir='ltr'>τότε</span> <span class='ocrx_word' id='word_1_646' title='bbox 3407 4991 3500 5046; x_wconf 85' lang='grc' dir='ltr'>τὸν</span> 
     </span>
    </p>
   </div>
   <div class='ocr_carea' id='block_1_99' title="bbox 240 5037 1827 5131">
    <p class='ocr_par' dir='ltr' id='par_1_99' title="bbox 240 5037 1827 5131">
     <span class='ocr_line' id='line_1_100' title="bbox 240 5037 1827 5131; baseline 0.016 -43"><span class='ocrx_word' id='word_1_647' title='bbox 240 5037 330 5090; x_wconf 73' lang='grc' dir='ltr'>τὸν</span> <span class='ocrx_word' id='word_1_648' title='bbox 361 5038 703 5110; x_wconf 77' lang='grc' dir='ltr'>καθαρισμὸν</span> <span class='ocrx_word' id='word_1_649' title='bbox 726 5042 835 5097; x_wconf 85' lang='grc' dir='ltr'>τῶν</span> <span class='ocrx_word' id='word_1_650' title='bbox 873 5046 1158 5114; x_wconf 85' lang='grc' dir='ltr'>Ἰουδαίων,</span> <span class='ocrx_word' id='word_1_651' title='bbox 1189 5052 1461 5122; x_wconf 84' lang='grc' dir='ltr'>χωροῦσαι</span> <span class='ocrx_word' id='word_1_652' title='bbox 1490 5037 1596 5111; x_wconf 56' lang='lat' dir='ltr'><strong>civi</strong></span> <span class='ocrx_word' id='word_1_653' title='bbox 1624 5076 1827 5131; x_wconf 86' lang='grc' dir='ltr'>μετρη-</span> 
     </span>
    </p>
   </div>
   <div class='ocr_carea' id='block_1_100' title="bbox 240 5120 1333 5193">
    <p class='ocr_par' dir='ltr' id='par_1_100' title="bbox 240 5120 1333 5193">
     <span class='ocr_line' id='line_1_101' title="bbox 240 5120 1333 5193; baseline 0.012 -22"><span class='ocrx_word' id='word_1_654' title='bbox 240 5122 338 5182; x_wconf 74' lang='grc' dir='ltr'>τὰς</span> <span class='ocrx_word' id='word_1_655' title='bbox 368 5120 461 5172; x_wconf 87' lang='grc' dir='ltr'>δύο</span> <span class='ocrx_word' id='word_1_656' title='bbox 488 5123 520 5191; x_wconf 80' lang='grc' dir='ltr'><strong>ἢ</strong></span> <span class='ocrx_word' id='word_1_657' title='bbox 554 5126 723 5193; x_wconf 86' lang='grc' dir='ltr'>τρεῖς.</span> <span class='ocrx_word' id='word_1_658' title='bbox 1275 5120 1283 5122; x_wconf 63' lang='grc'><em>“</em></span> <span class='ocrx_word' id='word_1_659' title='bbox 1330 5168 1333 5169; x_wconf 45' lang='grc' dir='ltr'>ν</span> 
     </span>
    </p>
   </div>
   <div class='ocr_carea' id='block_1_101' title="bbox 310 5203 1823 5294">
    <p class='ocr_par' dir='ltr' id='par_1_101' title="bbox 310 5203 1823 5294">
     <span class='ocr_line' id='line_1_102' title="bbox 310 5203 1823 5294; baseline 0.017 -39"><span class='ocrx_word' id='word_1_660' title='bbox 310 5203 339 5255; x_wconf 86' lang='lat'><strong>7</strong></span> <span class='ocrx_word' id='word_1_661' title='bbox 369 5206 533 5272; x_wconf 83' lang='grc' dir='ltr'>Λέγει</span> <span class='ocrx_word' id='word_1_662' title='bbox 558 5208 741 5272; x_wconf 86' lang='grc' dir='ltr'>αὑτοῖς</span> <span class='ocrx_word' id='word_1_663' title='bbox 763 5211 790 5261; x_wconf 90' lang='grc' dir='ltr'>ὁ</span> <span class='ocrx_word' id='word_1_664' title='bbox 824 5209 1049 5294; x_wconf 77' lang='grc' dir='ltr'>Ἰησοῦς·</span> <span class='ocrx_word' id='word_1_665' title='bbox 1075 5214 1341 5284; x_wconf 84' lang='grc' dir='ltr'>Γεμίσατε</span> <span class='ocrx_word' id='word_1_666' title='bbox 1366 5218 1465 5285; x_wconf 77' lang='grc' dir='ltr'>τὰς</span> <span class='ocrx_word' id='word_1_667' title='bbox 1487 5221 1671 5294; x_wconf 84' lang='grc' dir='ltr'>ὑδρίας</span> <span class='ocrx_word' id='word_1_668' title='bbox 1696 5224 1823 5279; x_wconf 81' lang='grc' dir='ltr'>ὕδα-</span> 
     </span>
    </p>
   </div>
   <div class='ocr_carea' id='block_1_102' title="bbox 238 5286 1277 5360">
    <p class='ocr_par' dir='ltr' id='par_1_102' title="bbox 238 5286 1277 5360">
     <span class='ocr_line' id='line_1_103' title="bbox 238 5286 1277 5360; baseline 0.014 -23"><span class='ocrx_word' id='word_1_669' title='bbox 238 5300 352 5349; x_wconf 87' lang='grc' dir='ltr'>τος.</span> <span class='ocrx_word' id='word_1_670' title='bbox 392 5286 503 5340; x_wconf 70' lang='grc' dir='ltr'>Καὶ</span> <span class='ocrx_word' id='word_1_671' title='bbox 529 5289 792 5359; x_wconf 80' lang='grc' dir='ltr'>ἐγέμισαν</span> <span class='ocrx_word' id='word_1_672' title='bbox 813 5293 981 5357; x_wconf 86' lang='grc' dir='ltr'>αὑτὰς</span> <span class='ocrx_word' id='word_1_673' title='bbox 1014 5295 1118 5360; x_wconf 76' lang='grc' dir='ltr'>ἕως</span> <span class='ocrx_word' id='word_1_674' title='bbox 1147 5298 1277 5352; x_wconf 87' lang='grc' dir='ltr'>ἄνω.</span> 
     </span>
    </p>
   </div>
   <div class='ocr_carea' id='block_1_103' title="bbox 1920 5062 3354 5142">
    <p class='ocr_par' dir='ltr' id='par_1_103' title="bbox 1920 5062 3354 5142">
     <span class='ocr_line' id='line_1_104' title="bbox 1920 5062 3354 5142; baseline 0.007 -28"><span class='ocrx_word' id='word_1_675' title='bbox 1920 5063 2153 5117; x_wconf 81' lang='grc' dir='ltr'>ἐλάσσω·</span> <span class='ocrx_word' id='word_1_676' title='bbox 2178 5065 2241 5116; x_wconf 84' lang='grc' dir='ltr'>σὺ</span> <span class='ocrx_word' id='word_1_677' title='bbox 2264 5065 2577 5134; x_wconf 82' lang='grc' dir='ltr'>τετήρηκας</span> <span class='ocrx_word' id='word_1_678' title='bbox 2600 5064 2694 5117; x_wconf 82' lang='grc' dir='ltr'>τὸν</span> <span class='ocrx_word' id='word_1_679' title='bbox 2728 5065 2892 5117; x_wconf 88' lang='grc' dir='ltr'>καλὸν</span> <span class='ocrx_word' id='word_1_680' title='bbox 2921 5062 3060 5120; x_wconf 75' lang='grc' dir='ltr'>οἶνον</span> <span class='ocrx_word' id='word_1_681' title='bbox 3082 5068 3185 5132; x_wconf 82' lang='grc' dir='ltr'>ἓως</span> <span class='ocrx_word' id='word_1_682' title='bbox 3212 5071 3354 5142; x_wconf 85' lang='grc' dir='ltr'>ἄρτι.</span> 
     </span>
    </p>
   </div>
   <div class='ocr_carea' id='block_1_104' title="bbox 1991 5146 3500 5228">
    <p class='ocr_par' dir='ltr' id='par_1_104' title="bbox 1991 5146 3500 5228">
     <span class='ocr_line' id='line_1_105' title="bbox 1991 5146 3500 5228; baseline 0.005 -28"><span class='ocrx_word' id='word_1_683' title='bbox 1991 5148 2052 5200; x_wconf 88' lang='grc'>11</span> <span class='ocrx_word' id='word_1_684' title='bbox 2091 5146 2305 5217; x_wconf 86' lang='grc' dir='ltr'>Ταύτην</span> <span class='ocrx_word' id='word_1_685' title='bbox 2340 5146 2563 5216; x_wconf 86' lang='grc' dir='ltr'>ἐποίησε</span> <span class='ocrx_word' id='word_1_686' title='bbox 2604 5147 2704 5218; x_wconf 86' lang='grc' dir='ltr'>τὴν</span> <span class='ocrx_word' id='word_1_687' title='bbox 2735 5148 2908 5220; x_wconf 82' lang='grc' dir='ltr'>ἀρχὴν</span> <span class='ocrx_word' id='word_1_688' title='bbox 2934 5151 3043 5205; x_wconf 83' lang='grc' dir='ltr'>τῶν</span> <span class='ocrx_word' id='word_1_689' title='bbox 3076 5155 3365 5224; x_wconf 88' lang='grc' dir='ltr'>σημείωνὸ</span> <span class='ocrx_word' id='word_1_690' title='bbox 3394 5156 3500 5228; x_wconf 80' lang='grc' dir='ltr'>Ἰη-</span> 
     </span>
    </p>
   </div>
   <div class='ocr_carea' id='block_1_105' title="bbox 1926 5229 3499 5311">
    <p class='ocr_par' dir='ltr' id='par_1_105' title="bbox 1926 5229 3499 5311">
     <span class='ocr_line' id='line_1_106' title="bbox 1926 5229 3499 5311; baseline 0.008 -30"><span class='ocrx_word' id='word_1_691' title='bbox 1926 5229 2052 5294; x_wconf 81' lang='grc' dir='ltr'>σοῦς</span> <span class='ocrx_word' id='word_1_692' title='bbox 2085 5233 2142 5283; x_wconf 83' lang='grc' dir='ltr'>ὲν</span> <span class='ocrx_word' id='word_1_693' title='bbox 2176 5232 2329 5301; x_wconf 81' lang='grc' dir='ltr'>Κανᾷ</span> <span class='ocrx_word' id='word_1_694' title='bbox 2362 5231 2461 5300; x_wconf 80' lang='grc' dir='ltr'>τῆς</span> <span class='ocrx_word' id='word_1_695' title='bbox 2496 5231 2805 5299; x_wconf 87' lang='grc' dir='ltr'>Γαλιλαίας,</span> <span class='ocrx_word' id='word_1_696' title='bbox 2837 5234 2929 5286; x_wconf 76' lang='grc' dir='ltr'>καὶ</span> <span class='ocrx_word' id='word_1_697' title='bbox 2958 5236 3269 5308; x_wconf 86' lang='grc' dir='ltr'>ἐφανέρωσε</span> <span class='ocrx_word' id='word_1_698' title='bbox 3291 5240 3388 5311; x_wconf 73' lang='grc' dir='ltr'>τὴν</span> <span class='ocrx_word' id='word_1_699' title='bbox 3408 5242 3499 5297; x_wconf 86' lang='grc' dir='ltr'>δό-</span> 
     </span>
    </p>
   </div>
   <div class='ocr_carea' id='block_1_106' title="bbox 1921 5310 3503 5392">
    <p class='ocr_par' dir='ltr' id='par_1_106' title="bbox 1921 5310 3503 5392">
     <span class='ocr_line' id='line_1_107' title="bbox 1921 5310 3503 5392; baseline 0.008 -28"><span class='ocrx_word' id='word_1_700' title='bbox 1921 5310 2018 5376; x_wconf 83' lang='grc' dir='ltr'>ξαν</span> <span class='ocrx_word' id='word_1_701' title='bbox 2051 5312 2236 5367; x_wconf 67' lang='grc' dir='ltr'>αὑτοῦ·</span> <span class='ocrx_word' id='word_1_702' title='bbox 2273 5314 2366 5367; x_wconf 73' lang='grc' dir='ltr'>καὶ</span> <span class='ocrx_word' id='word_1_703' title='bbox 2399 5314 2721 5371; x_wconf 77' lang='grc' dir='ltr'>ἐπίστευσαν</span> <span class='ocrx_word' id='word_1_704' title='bbox 2754 5317 2833 5380; x_wconf 86' lang='grc' dir='ltr'>είς</span> <span class='ocrx_word' id='word_1_705' title='bbox 2865 5317 3025 5371; x_wconf 82' lang='grc' dir='ltr'>αὑτὸν</span> <span class='ocrx_word' id='word_1_706' title='bbox 3054 5321 3102 5372; x_wconf 85' lang='grc' dir='ltr'>οἱ</span> <span class='ocrx_word' id='word_1_707' title='bbox 3137 5310 3375 5392; x_wconf 75' lang='grc' dir='ltr'>μαθηταὶ</span> <span class='ocrx_word' id='word_1_708' title='bbox 3398 5322 3503 5377; x_wconf 81' lang='grc' dir='ltr'>αὺ-</span> 
     </span>
    </p>
   </div>
   <div class='ocr_carea' id='block_1_107' title="bbox 311 5369 2031 5463">
    <p class='ocr_par' dir='ltr' id='par_1_107' title="bbox 311 5369 2031 5463">
     <span class='ocr_line' id='line_1_108' title="bbox 311 5369 2031 5463; baseline 0.015 -41"><span class='ocrx_word' id='word_1_709' title='bbox 311 5369 345 5422; x_wconf 89' lang='grc'>8</span> <span class='ocrx_word' id='word_1_710' title='bbox 371 5370 481 5422; x_wconf 77' lang='grc' dir='ltr'>Καὶ</span> <span class='ocrx_word' id='word_1_711' title='bbox 502 5370 649 5441; x_wconf 84' lang='grc' dir='ltr'>λέγει</span> <span class='ocrx_word' id='word_1_712' title='bbox 666 5376 868 5439; x_wconf 74' lang='grc' dir='ltr'>αὐτοῖς⁹</span> <span class='ocrx_word' id='word_1_713' title='bbox 908 5377 1233 5449; x_wconf 85' lang='grc' dir='ltr'>Ἀντλήσατε</span> <span class='ocrx_word' id='word_1_714' title='bbox 1258 5381 1373 5451; x_wconf 80' lang='grc' dir='ltr'>νῦν,</span> <span class='ocrx_word' id='word_1_715' title='bbox 1404 5387 1496 5439; x_wconf 79' lang='grc' dir='ltr'>καὶ</span> <span class='ocrx_word' id='word_1_716' title='bbox 1526 5388 1718 5460; x_wconf 85' lang='grc' dir='ltr'>φέρετε</span> <span class='ocrx_word' id='word_1_717' title='bbox 1736 5392 1814 5463; x_wconf 85' lang='grc' dir='ltr'>τῷ</span> <span class='ocrx_word' id='word_1_718' title='bbox 1916 5369 2031 5448; x_wconf 75' lang='grc' dir='ltr'>τοῦ.</span> 
     </span>
    </p>
   </div>
   <div class='ocr_carea' id='block_1_108' title="bbox 238 5453 1077 5532">
    <p class='ocr_par' dir='ltr' id='par_1_108' title="bbox 238 5453 1077 5532">
     <span class='ocr_line' id='line_1_109' title="bbox 238 5453 1077 5532; baseline 0.015 -28"><span class='ocrx_word' id='word_1_719' title='bbox 238 5453 646 5527; x_wconf 80' lang='grc' dir='ltr'>ἀρχιτρικλίνῳ.</span> <span class='ocrx_word' id='word_1_720' title='bbox 684 5460 795 5512; x_wconf 80' lang='grc' dir='ltr'>Καὶ</span> <span class='ocrx_word' id='word_1_721' title='bbox 824 5463 1077 5532; x_wconf 75' lang='grc' dir='ltr'>ἤνεγκαν.</span> 
     </span>
    </p>
   </div>
   <div class='ocr_carea' id='block_1_109' title="bbox 312 5536 1815 5626">
    <p class='ocr_par' dir='ltr' id='par_1_109' title="bbox 312 5536 1815 5626">
     <span class='ocr_line' id='line_1_110' title="bbox 312 5536 1815 5626; baseline 0.015 -37"><span class='ocrx_word' id='word_1_722' title='bbox 312 5536 347 5589; x_wconf 84' lang='lat'><strong>9</strong></span> <span class='ocrx_word' id='word_1_723' title='bbox 388 5536 473 5599; x_wconf 83' lang='grc' dir='ltr'>Ὠς</span> <span class='ocrx_word' id='word_1_724' title='bbox 490 5537 545 5589; x_wconf 83' lang='grc' dir='ltr'>δὲ</span> <span class='ocrx_word' id='word_1_725' title='bbox 566 5539 826 5626; x_wconf 80' lang='grc' dir='ltr'>ἐγεύσατο</span> <span class='ocrx_word' id='word_1_726' title='bbox 843 5549 869 5597; x_wconf 87' lang='grc' dir='ltr'>ὁ</span> <span class='ocrx_word' id='word_1_727' title='bbox 892 5545 1291 5618; x_wconf 86' lang='grc' dir='ltr'>ἀρχιτρίκλινος</span> <span class='ocrx_word' id='word_1_728' title='bbox 1316 5552 1376 5605; x_wconf 86' lang='grc' dir='ltr'>τὸ</span> <span class='ocrx_word' id='word_1_729' title='bbox 1400 5552 1545 5625; x_wconf 79' lang='grc' dir='ltr'>ὕδωρ</span> <span class='ocrx_word' id='word_1_730' title='bbox 1558 5550 1700 5609; x_wconf 70' lang='grc' dir='ltr'>οἶνον</span> <span class='ocrx_word' id='word_1_731' title='bbox 1725 5574 1815 5626; x_wconf 84' lang='grc' dir='ltr'>γε·</span> 
     </span>
    </p>
   </div>
   <div class='ocr_carea' id='block_1_110' title="bbox 1987 5478 3492 5556">
    <p class='ocr_par' dir='ltr' id='par_1_110' title="bbox 1987 5478 3492 5556">
     <span class='ocr_line' id='line_1_111' title="bbox 1987 5478 3492 5556; baseline 0.006 -24"><span class='ocrx_word' id='word_1_732' title='bbox 1987 5478 2053 5532; x_wconf 78' lang='grc'><strong>12</strong></span> <span class='ocrx_word' id='word_1_733' title='bbox 2086 5478 2237 5532; x_wconf 79' lang='grc' dir='ltr'>Μετὰ</span> <span class='ocrx_word' id='word_1_734' title='bbox 2258 5479 2415 5533; x_wconf 79' lang='grc' dir='ltr'>τοῦτο</span> <span class='ocrx_word' id='word_1_735' title='bbox 2439 5480 2641 5552; x_wconf 80' lang='grc' dir='ltr'>κατέϐη</span> <span class='ocrx_word' id='word_1_736' title='bbox 2675 5484 2754 5547; x_wconf 78' lang='grc' dir='ltr'>είς</span> <span class='ocrx_word' id='word_1_737' title='bbox 2781 5485 3174 5556; x_wconf 79' lang='grc' dir='ltr'>Καπερναοὺμ,</span> <span class='ocrx_word' id='word_1_738' title='bbox 3203 5486 3363 5549; x_wconf 84' lang='grc' dir='ltr'>αὑτὸς</span> <span class='ocrx_word' id='word_1_739' title='bbox 3395 5489 3492 5541; x_wconf 74' lang='grc' dir='ltr'>καὶ</span> 
     </span>
    </p>
   </div>
   <div class='ocr_carea' id='block_1_111' title="bbox 1915 5564 3496 5645">
    <p class='ocr_par' dir='ltr' id='par_1_111' title="bbox 1915 5564 3496 5645">
     <span class='ocr_line' id='line_1_112' title="bbox 1915 5564 3496 5645; baseline 0.006 -31"><span class='ocrx_word' id='word_1_740' title='bbox 1915 5565 1948 5632; x_wconf 84' lang='grc' dir='ltr'>ἡ</span> <span class='ocrx_word' id='word_1_741' title='bbox 1984 5564 2164 5634; x_wconf 87' lang='grc' dir='ltr'>μήτηρ</span> <span class='ocrx_word' id='word_1_742' title='bbox 2199 5564 2362 5617; x_wconf 82' lang='grc' dir='ltr'>αὑτοῦ</span> <span class='ocrx_word' id='word_1_743' title='bbox 2393 5566 2487 5618; x_wconf 74' lang='grc' dir='ltr'>καὶ</span> <span class='ocrx_word' id='word_1_744' title='bbox 2517 5568 2566 5619; x_wconf 76' lang='lat' dir='ltr'>oi</span> <span class='ocrx_word' id='word_1_745' title='bbox 2592 5566 2829 5636; x_wconf 61' lang='grc' dir='ltr'>ἀδελφοὶ</span> <span class='ocrx_word' id='word_1_746' title='bbox 2850 5568 3018 5621; x_wconf 81' lang='grc' dir='ltr'>αὑτοῦ</span> <span class='ocrx_word' id='word_1_747' title='bbox 3054 5571 3149 5621; x_wconf 64' lang='grc' dir='ltr'>καί¹</span> <span class='ocrx_word' id='word_1_748' title='bbox 3174 5573 3222 5622; x_wconf 79' lang='lat' dir='ltr'>of.</span> <span class='ocrx_word' id='word_1_749' title='bbox 3256 5570 3496 5645; x_wconf 74' lang='grc' dir='ltr'>μαθηταὶ</span> 
     </span>
    </p>
   </div>
   <div class='ocr_carea' id='block_1_112' title="bbox 240 5621 3184 5724">
    <p class='ocr_par' dir='ltr' id='par_1_112' title="bbox 240 5621 3184 5724">
     <span class='ocr_line' id='line_1_113' title="bbox 240 5621 3184 5724; baseline 0.012 -54"><span class='ocrx_word' id='word_1_750' title='bbox 240 5621 544 5724; x_wconf 53' lang='grc' dir='ltr'>γενημένον</span> <span class='ocrx_word' id='word_1_751' title='bbox 573 5624 687 5691; x_wconf 83' lang='grc' dir='ltr'>(καὶ</span> <span class='ocrx_word' id='word_1_752' title='bbox 712 5625 812 5679; x_wconf 88' lang='grc' dir='ltr'>οὑκ</span> <span class='ocrx_word' id='word_1_753' title='bbox 840 5628 956 5698; x_wconf 72' lang='grc' dir='ltr'>ᾔδει</span> <span class='ocrx_word' id='word_1_754' title='bbox 990 5630 1154 5685; x_wconf 83' lang='grc' dir='ltr'>πόθεν</span> <span class='ocrx_word' id='word_1_755' title='bbox 1200 5636 1366 5690; x_wconf 82' lang='grc' dir='ltr'>ἐστίν·</span> <span class='ocrx_word' id='word_1_756' title='bbox 1399 5640 1446 5691; x_wconf 86' lang='grc' dir='ltr'>οί</span> <span class='ocrx_word' id='word_1_757' title='bbox 1489 5621 1545 5693; x_wconf 75' lang='grc' dir='ltr'>δέ</span> <span class='ocrx_word' id='word_1_758' title='bbox 1578 5621 1817 5696; x_wconf 79' lang='grc' dir='ltr'>διάκονοι</span> <span class='ocrx_word' id='word_1_759' title='bbox 1920 5621 2224 5702; x_wconf 58' lang='grc' dir='ltr'>αὑτοῦ-’καὶ</span> <span class='ocrx_word' id='word_1_760' title='bbox 2251 5647 2368 5703; x_wconf 82' lang='grc' dir='ltr'>ἐκεῖ</span> <span class='ocrx_word' id='word_1_761' title='bbox 2392 5648 2609 5722; x_wconf 78' lang='grc' dir='ltr'>ἔμειναν</span> <span class='ocrx_word' id='word_1_762' title='bbox 2642 5651 2702 5703; x_wconf 81' lang='grc' dir='ltr'>οὐ</span> <span class='ocrx_word' id='word_1_763' title='bbox 2730 5621 2931 5716; x_wconf 68' lang='grc' dir='ltr'>πολλὰς</span> <span class='ocrx_word' id='word_1_764' title='bbox 2955 5650 3184 5724; x_wconf 77' lang='grc' dir='ltr'>ἡμέρας.</span> 
     </span>
    </p>
   </div>
   <div class='ocr_carea' id='block_1_113' title="bbox 239 5697 1821 5794">
    <p class='ocr_par' dir='ltr' id='par_1_113' title="bbox 239 5697 1821 5794">
     <span class='ocr_line' id='line_1_114' title="bbox 239 5697 1821 5794; baseline 0.015 -39"><span class='ocrx_word' id='word_1_765' title='bbox 239 5697 461 5767; x_wconf 70' lang='grc' dir='ltr'>ᾔδεισαν</span> <span class='ocrx_word' id='word_1_766' title='bbox 486 5706 536 5759; x_wconf 90' lang='grc' dir='ltr'>οἱ</span> <span class='ocrx_word' id='word_1_767' title='bbox 566 5697 889 5780; x_wconf 69' lang='grc' dir='ltr'>ἠντληκότες</span> <span class='ocrx_word' id='word_1_768' title='bbox 922 5714 981 5768; x_wconf 86' lang='grc' dir='ltr'>τὸ</span> <span class='ocrx_word' id='word_1_769' title='bbox 1016 5714 1207 5789; x_wconf 79' lang='grc' dir='ltr'>ὕδωρ),</span> <span class='ocrx_word' id='word_1_770' title='bbox 1235 5722 1402 5789; x_wconf 87' lang='grc' dir='ltr'>φωνεί</span> <span class='ocrx_word' id='word_1_771' title='bbox 1425 5722 1515 5779; x_wconf 83' lang='grc' dir='ltr'>τὸν</span> <span class='ocrx_word' id='word_1_772' title='bbox 1536 5724 1765 5794; x_wconf 81' lang='grc' dir='ltr'>νυμφίον</span> <span class='ocrx_word' id='word_1_773' title='bbox 1793 5728 1821 5778; x_wconf 87' lang='grc' dir='ltr'>ὁ</span> 
     </span>
    </p>
   </div>
  </div>
