3938 6214
397 299 504 356 765

1633 300 1840 358 NON-Nl
1875 301 2383 358 PANUPOLITANI

3575 302 3682 359 766

395 425 488 470 tus
518 412 810 471 sociorum.
846 412 1031 484 Neque
1059 429 1191 471 sane
1232 415 1304 471 ibi
1345 427 1547 472 mansnt
1585 433 1680 488 per
1717 421 1834 476 dies
1864 435 1976 475 cre-

2096 423 2161 475 υύ
2198 419 2256 474 δὲ
2288 421 2386 490 μὲν
2412 418 2597 471 αὐτόθι
2629 417 2824 489 μίμνεν
2849 417 2907 483 ἐς
2937 418 3124 489 ήματα
3159 418 3338 473 πυκνά
3367 384 3643 491 θαμίζωνο

398 508 527 561 bros
572 505 924 575 frequentans
949 523 962 559 :
989 504 1164 575 Prope
1207 507 1350 561 cnim
1398 516 1530 563 tunc
1562 515 1682 564 erat
1715 509 1926 566 Pascha
1961 529 1974 564 :

336 597 347 661 ξ
402 595 467 649 15
499 610 779 650 sacrorum
823 595 1198 649 tractationem
1249 611 1378 652 vero
1418 598 1716 663 bonorans,
1751 600 1980 657 Sancto-

397 702 518 742 rum
549 686 793 743 ascendit
822 686 888 741 ad
926 686 1084 741 sedes
1133 685 1634 760 Hierosolymorum
1669 689 1806 746 Cum
1851 709 1983 762 pru-

398 783 656 837 dentibus
675 781 860 837 sociis.
901 781 966 836 M
1007 780 1410 836 Divinoautem
1444 781 1499 836 in
1540 783 1742 852 templo
1766 782 1982 837 Cornu-

397 880 484 927 tos
517 872 682 926 boves
723 870 971 936 invenit,
1014 880 1068 926 et
1105 871 1472 940 lanigerarum
1509 871 1733 926 ordines
1764 871 1976 939 ovium,

401 961 465 1016 Et
495 961 675 1016 varias
709 961 970 1018 membris
1001 961 1317 1026 columbas;
1359 962 1636 1018 sedentem
1659 978 1789 1016 vero
1816 961 1980 1016 Num-

395 1056 687 1110 mularium
719 1063 922 1110 emtum
952 1055 1158 1110 invenit
1184 1055 1368 1110 divitis
1403 1070 1623 1118 mensae,
1659 1054 1725 1107 Et
1750 1056 1978 1110 multum

397 1154 604 1202 emtum
638 1145 772 1200 vidit
803 1145 1167 1216 negotiantem
1195 1159 1363 1215 supra
1397 1145 1607 1209 sedilia,
1644 1144 1844 1201 Venale
1882 1162 1978 1202 ne-

399 1240 606 1309 gotium
648 1239 961 1292 habentem.
991 1237 1059 1291 15
1093 1235 1159 1290 Et
1189 1237 1241 1291 in
1273 1237 1530 1294 manibus
1567 1238 1792 1294 volvens
1817 1238 1980 1294 Com-

397 1331 614 1398 plexum
638 1346 704 1386 ex
730 1329 954 1385 funibus
984 1329 1230 1399 spurium
1274 1327 1402 1384 fecit
1434 1330 1703 1401 ﬂagellum
1725 1373 1738 1396 ,
1782 1331 1848 1386 Et
1877 1332 1978 1387 bo-

397 1423 585 1476 vinum
613 1436 826 1491 gregem
855 1420 1084 1491 expulit,
1111 1430 1165 1474 et
1193 1420 1414 1476 ordines
1445 1421 1653 1485 ovium,
1691 1421 1855 1476 Extra
1880 1422 1980 1476 do-

397 1527 548 1567 mum
599 1512 917 1579 odoratam;
952 1512 1204 1568 crebrum
1248 1517 1428 1566 autem
1461 1513 1702 1577 volvens,
1729 1512 1978 1584 Prmceps

399 1604 740 1675 percutiebat
791 1619 1034 1659 eversam
1095 1612 1462 1674 quaestuosam
1512 1603 1694 1659 sedem
1739 1603 1782 1658 E
1821 1620 1979 1660 sacro

399 1697 740 1767 pavimento;
764 1695 1024 1766 praecipiti
1040 1703 1220 1751 autem
1243 1696 1541 1750 vibratione
1555 1695 1758 1750 Eﬂ‘udit
1782 1697 1835 1751 in
1862 1703 1978 1752 ter-

2095 511 2318 579 Ἐγγύθι
2343 510 2453 582 γάρ
2479 508 2602 562 τότε
2631 510 2839 580 Πάσχα
2870 511 2938 565 15
2969 509 3268 581 θυηπολίην
3292 510 3350 564 δέ
3374 509 3678 581 γεραίρων,

2081 600 2340 668 Εύαγέων
2367 598 2650 652 ἀνέϐαινεν
2681 601 2739 662 ἐς
2761 598 2984 668 ἕδρανον
3021 599 3404 670 Ίροσολύμων,

2081 692 2187 742 Σὺν
2220 692 2465 753 πινυτοίς
2495 689 2759 760 ἑτάροισι.
2787 690 2855 747 14
2883 689 3173 760 Θεοκλήτῳ
3199 690 3243 743 δ’
3274 690 3356 742 ἐνὶ
3382 689 3500 762 νηῷ

2080 781 2391 852 Εύκεράους
2429 781 2558 850 βόας
2595 776 2742 852 εὗρε,
2772 780 2864 833 καὶ
2894 781 3196 852 εἰροπόκων
3229 782 3388 852 στίχα
3419 781 3637 852 μήλων,

2080 871 2191 924 Kal
2219 871 2440 933 πικτάς
2471 869 2717 941 μελέεσσι
2743 869 3026 934 πελειάδας
3047 886 3060 898 ⁸
3091 870 3347 942 ἑζόμενον
3378 871 3438 924 δὲ

2080 961 2429 1032 Κερμοδότην
2462 962 2622 1032 χορὸν
2655 956 2782 1032 εῦρε
2811 961 3188 1050 φιλοπλούιξοιο
3215 963 3521 1034 τραπέζης,

2081 1054 2190 1108 Kal.
2217 1052 2383 1106 πολὺν
2404 1054 2572 1124 ἐσμὸν
2597 1053 2788 1106 δπωπε
2824 1052 3165 1125 φιλέμπορον
3190 1053 3348 1122 ὑψόθι
3373 1054 3593 1119 θώκων,

2086 1147 2265 1198 Ὠνιον
2295 1143 2514 1214 ἔχοντα.
2541 1145 2609 1199 15
2631 1144 2742 1196 Ka‘t
2765 1145 2822 1197 ἐν
2851 1144 3168 1217 παλάμῃσιν
3201 1144 3378 1210 ἑλίξας

2081 1237 2405 1307 Σύμπλοκον
2436 1239 2501 1290 ἐκ
2528 1237 2759 1308 σχοίνοιο
2787 1237 2948 1308 νόθην
2973 1239 3201 1308 ποίησεν
3232 1237 3528 1310 ἱμάσθλην,

2081 1330 2191 1383 Καὶ
2219 1328 2379 1400 βοέην
2411 1328 2616 1401 ἀγέλην
2643 1329 2898 1399 ἐξήλασε,
2928 1332 3023 1384 καί⁹
3064 1330 3222 1400 στίχα
3255 1329 3461 1401 μήλων,

2079 1421 2254 1490 Νόσφι
2283 1421 2448 1491 δόμου
2484 1419 2735 1484 θυόεντος
2755 1436 2771 1452 ο
2825 1421 3206 1492 ἐπασσυτέρην
3238 1421 3294 1474 δέ
3331 1417 3624 1483 κυλίνδων,

2079 1510 2376 1583 Κύμϐαχον
2402 1509 2654 1581 ὴκόντιζε
2679 1511 3022 1582 μετάτροπον
3043 1511 3285 1582 ἔμπορον
3307 1511 3470 1582 ἐδρην

2093 1601 2183 1668 Ἐξ
2212 1601 2357 1675 ίεροῦ
2378 1602 2650 1657 δαπέδοιο·
2684 1603 3048 1676 κυϐιστητῆρι
3084 1604 3141 1657 δέ
3167 1604 3366 1676 παλμῷ

2094 1693 2309 1765 Ἐξέχεε
2349 1694 2500 1764 χθονὶ
2537 1695 2721 1766 κέρμα
2752 1694 3183 1764 πολυστρέπτοιο
3204 1696 3511 1768 τραπέζης.

397 1803 515 1842 ram
537 1787 818 1858 pecuniam
851 1787 1079 1840 multum
1094 1787 1360 1842 versatilis
1383 1802 1602 1842 mensae.
1624 1788 1732 1856 20
1758 1788 1824 1842 16
1854 1786 1976 1842 Viro

2096 1784 2274 1854 2116
2306 1786 2482 1856 Ἀνδρὶ
2512 1785 2567 1838 δέ
2595 1787 2961 1857 πιπρήσκοντι
2991 1787 3282 1851 πελειάδας
3312 1787 3431 1859 ἴαχε
3461 1789 3681 1860 φωνήν·

397 1889 580 1940 autem
605 1878 858 1932 vendenti
880 1877 1165 1935 columbas
1197 1877 1383 1933 sonuit
1405 1892 1591 1933 vocem
1613 1897 1627 1932 :
1651 1877 1775 1932 [huc
1804 1888 1980 1936 trans-

397 1973 532 2025 ferte
569 1969 884 2039 lapidosum
905 1979 1059 2024 extra
1099 1970 1382 2038 templum,
1420 1968 1608 2040 Neque
1641 1970 1779 2026 lucri
1805 1969 1979 2025 avida:

396 2060 594 2113 tuentis
623 2059 830 2128 gravati
876 2058 1120 2123 stimulo,
1143 2057 1414 2117 Mercatus
1455 2060 1678 2115 domum
1729 2067 1976 2116 sanctam

395 2150 500 2205 mei
542 2148 756 2205 faciatis
796 2149 1018 2206 Patris:
1056 2149 1393 2207 Prccationis
1421 2151 1566 2206 enim
1605 2152 1721 2206 haec
1758 2151 1975 2208 domus.

397 2243 464 2294 17
496 2240 561 2294 Ει
590 2241 858 2297 recordati
892 2249 1019 2296 sunt
1045 2241 1302 2312 discipuli
1332 2241 1486 2308 Quod
1507 2243 1770 2299 divinitus
1803 2242 1977 2312 inspi-

395 2346 514 2391 rato
535 2337 810 2407 signatura
836 2344 955 2390 erat
984 2335 1124 2390 libro
1159 2354 1171 2390 :
1209 2335 1372 2391 Zelus
1407 2351 1492 2391 me
1523 2336 1723 2392 divinae
1750 2344 1856 2392 tua:
1884 2351 1979 2392 co-

396 2430 567 2484 medit
608 2429 823 2483 domus.
868 2428 935 2481 18
968 2426 1034 2480 Ει
1072 2426 1173 2496 ipsi
1206 2426 1550 2481 minatricem
1579 2425 1847 2483 eructavit
1888 2441 1981 2496 po-

399 2523 562 2589 pulus
610 2533 839 2573 vocem:
884 2518 1076 2584 Qualia
1106 2516 1249 2587 apud
1310 2516 1568 2572 Hebraeos
1627 2515 1778 2570 varia
1823 2517 1978 2587 signa

397 2609 672 2673 ostendes,
704 2606 858 2674 Quod
909 2616 965 2660 tu
1012 2607 1126 2660 haec
1176 2605 1488 2676 perfecisti?
1526 2605 1588 2659 19
1622 2605 1978 2661 Conlentioso

396 2704 577 2752 autem
619 2697 814 2766 populo
847 2694 1232 2749 Admirandam
1264 2694 1596 2765 incognitam
1629 2692 1738 2748 lies
1761 2701 1977 2748 eructa-

396 2788 475 2844 vit
509 2803 693 2843 vocem
727 2785 972 2842 :Solvite
1020 2787 1156 2840 hanc
1206 2785 1452 2849 domum,
1494 2799 1594 2855 ego
1628 2800 1759 2840 vero
1803 2786 1974 2855 ipsam

395 2881 602 2952 crigam
635 2879 831 2935 Diebus
859 2881 912 2933 in
945 2879 1140 2933 tribus.
1169 2877 1240 2932 20
1267 2875 1570 2948 Respondit
1595 2884 1779 2932 autem
1808 2892 1978 2947 popu-

396 2973 485 3028 lus
511 2990 524 3026 :
555 2971 729 3037 Quam
769 2969 1027 3023 Solomon
1059 2968 1186 3024 fecit
1215 2967 1454 3038 lapidum
1493 2966 1644 3022 vario
1669 2978 1886 3031 ornatu,
1918 2967 1976 3020 In

395 3064 614 3135 longum
637 3061 848 3117 initium
881 3075 1155 3116 reversam
1187 3067 1377 3115 texens
1403 3055 1507 3113 Sex
1533 3066 1589 3112 et
1615 3057 1975 3128 quadraginta

2080 1877 2268 1931 Ταῦτα
2299 1876 2713 1948 μεταστήσασθε
2736 1875 2989 1941 λιθώδεος
3015 1877 3198 1931 ἔκτοθι
3229 1878 3384 1950 νηοῦ,

2078 1969 2230 2041 Μηδὲ
2257 1969 2627 2038 φιλοκτεάνοιο
2651 1969 2772 2022 νόου
2809 1969 3137 2041 βεϐαρηότες
3171 1970 3393 2042 οἴστρῳ,

2092 2063 2394 2135 Ἐμπορίης
2427 2064 2588 2135 δόμον
2618 2065 2780 2134 ἁγνὸν
2814 2064 2949 2136 ἐμοῦ
2972 2065 3230 2137 τελέσητε
3258 2065 3491 2135 Τοκῆοςο

2085 2155 2267 2225 Εύχῆς
2289 2155 2397 2224 γὰρ
2421 2155 2536 2208 τόδε
2559 2154 2735 2224 δῶμα.
2769 2155 2833 2208 17
2865 2153 2971 2208 Kal
3004 2155 3312 2226 ἐμνήσαντο
3353 2153 3599 2225 μαθηταὶ

2081 2246 2236 2299 Ὅττι
2267 2244 2609 2315 θεοπνεύστῳ
2637 2246 3049 2318 κεχαραγμένον
3073 2244 3265 2298 ἔπλετο
3288 2245 3457 2315 βίϐλῳ
3479 2262 3494 2276 ο

2080 2335 2249 2406 Ζῆλος
2279 2335 2380 2406 ἐμὲ
2407 2335 2622 2400 ζαθέοιο
2653 2336 2780 2390 τεοῦ
2812 2336 3200 2390 καταδαίνυται
3233 2337 3411 2390 οἴκου.

2081 2425 2148 2479 18
2182 2425 2290 2478 Καί
2323 2427 2372 2478 οἱ
2405 2425 2794 2498 ἀπειλήτειραν
2823 2427 3064 2498 ἀνήρυγε
3085 2426 3213 2489 λαὸς
3254 2428 3418 2497 ίωήψ

2079 2520 2214 2571 Ποῖα
2237 2519 2365 2588 παρ’
2406 2518 2676 2590 Ἑϐραίοις
2701 2518 3033 2590 ἐτερότροπα
3062 2521 3279 2590 σήματα
3298 2518 3518 2585 δείξεις,

2083 2608 2238 2661 Ὅττι
2270 2610 2333 2662 σὺ
2356 2607 2528 2662 ταῦτα
2562 2609 2854 2674 τέλεσσας;
2889 2609 2955 2663 19
2989 2609 3342 2681 ’Λμιλλητῆρι
3372 2611 3429 2663 δέ
3459 2609 3579 2684 λαῷ

2077 2698 2400 2770 Θαμϐαλέην
2426 2700 2698 2767 ἄγνωστον
2722 2699 2890 2766 Ἀναξ
2913 2699 3178 2769 ήρεύγετο
3211 2701 3396 2772 φωνήν
3417 2716 3432 2730 ·

2077 2789 2291 2843 Λύσατε
2319 2789 2477 2842 τοῦτο
2501 2790 2788 2862 μέλαθρον,
2822 2789 2933 2860 ἐγὼ
2964 2791 3022 2845 δέ
3055 2809 3147 2862 μιν
3173 2793 3335 2854 αὐτὸς
3358 2793 3561 2865 ἐγείρω

2083 2879 2324 2948 Ἤμασιν
2355 2879 2412 2931 ἐν
2445 2882 2764 2952 τρισσοῖσιν.
2799 2879 2868 2934 20
2908 2881 3343 2950 Ἐπεφθέγξαντο
3368 2882 3425 2936 δὲ
3451 2883 3596 2938 λαοί·

2085 2970 2180 3022 Ὃν
2212 2967 2464 3040 Σολομὼν
2489 2969 2683 3040 ποίησε
2705 2970 2869 3024 λίθων
2907 2972 3186 3044 ἑτερόχροῖ
3208 2973 3418 3045 κόσμῳ,

2033 3123 2044 3141 .
2079 3061 2174 3123 Είς
2197 3059 2414 3131 δολιχὴν
2443 3058 2666 3130 βαλϐἰδα
2699 3060 3070 3133 παλινδίνητον
3106 3063 3350 3131 ὑφαίνων

393 3121 770 3210 ωᾱίῖἰοειίοηὶε
805 3151 1130 3222 cupidorum
1157 3164 1453 3212 annorum,
1493 3147 1767 3204 Ediliciis
1793 3158 1976 3219 poste-

2096 3148 2188 3213 Ἐξ
2213 3149 2307 3201 καὶ
2330 3149 2742 3219 τεσσαράκοντα
2771 3148 3130 3219 φιλοκτίστων
3161 3153 3446 3218 ἐνιαυτῶν,

393 3246 631 3302 rioribus
669 3259 867 3299 rursus
911 3242 1144 3297 solutam
1182 3240 1405 3295 domum
1451 3239 1691 3310 crigeres
1743 3239 1976 3294 Tantam

393 3345 518 3409 post
564 3343 786 3399 metam,
837 3342 959 3405 post
992 3333 1167 3388 tertia:
1212 3347 1438 3389 cursum
1488 3332 1733 3388 aurorae?
1767 3332 1831 3386 21
1885 3330 1979 3388 Ille

396 3426 656 3496 templum
689 3424 825 3478 dixit
863 3425 948 3478 sui
977 3424 1241 3494 corporis,
1283 3424 1426 3494 quod
1459 3423 1694 3494 quodam
1727 3438 1978 3479 sermone

396 3517 631 3571 llorrido
665 3516 917 3570 Christus
955 3524 1070 3570 erat
1099 3523 1221 3586 post
1253 3516 1474 3572 tertium
1511 3516 1653 3571 diem
1683 3517 1978 3572 resuscita-

398 3617 575 3663 turus.
609 3607 681 3660 '22
709 3606 815 3661 Sed
841 3607 1060 3675 quando
1085 3623 1214 3662 sane
1237 3614 1360 3677 post
1387 3607 1566 3663 sinum
1589 3608 1853 3678 irregradi
1882 3609 1978 3662 ba-

398 3698 567 3753 rathri
599 3695 790 3750 Redux
819 3712 886 3752 ex
911 3695 1101 3752 inferis
1132 3711 1324 3753 rursus
1351 3697 1568 3752 vivente
1599 3697 1832 3764 quodam
1866 3697 1977 3752 fato

401 3787 649 3842 Veterem
687 3787 1028 3856 reciprocum
1054 3802 1212 3842 suum
1242 3789 1539 3858 resumpsit
1561 3789 1820 3845 honorem
1850 3788 1975 3844 Cm-

398 3880 609 3944 lestcm,
657 3886 787 3933 tunc
833 3879 1008 3932 solum
1057 3879 1327 3934 recordati
1371 3890 1497 3938 sunt
1535 3879 1787 3951 discipuli
1821 3880 1975 3946 Quod

397 3974 618 4029 domum
651 3986 848 4042 corpus
883 3969 1148 4036 dixisset;
1189 3970 1426 4042 deiloqui
1460 3979 1640 4027 autem
1667 3971 1790 4026 libri
1826 3970 1976 4025 Divi—

399 4081 529 4121 num
555 4064 948 4120 confirmarunt
979 4078 1308 4129 sermonem,
1357 4073 1411 4119 et
1432 4064 1782 4120 crediderunt
1811 4064 1978 4119 verbo

397 4155 558 4212 Jesus
603 4156 747 4227 quod
786 4155 942 4210 dixit.
987 4154 1059 4209 25
1097 4153 1368 4210 Divinitus
1410 4165 1587 4210 autem
1629 4155 1893 4210 aediﬁcato
1921 4154 1977 4207 in

401 4248 599 4320 templo
631 4246 812 4319 Usque
833 4255 970 4314 erat,
998 4253 1052 4302 et
1078 4246 1268 4302 sedilia
1292 4246 1546 4302 transivit
1575 4245 1979 4316 Hierosolymo-

2085 3237 2400 3308 Κτίσμασιν
2427 3236 2766 3304 όπλοτέροισι
2796 3239 3118 3294 παλίλλυτον
3151 3237 3297 3295 οἷκον
3324 3243 3548 3316 ἐγείρῃς

2083 3327 2384 3399 Τοσσατίην
2418 3328 2558 3400 μετά
2581 3329 2784 3384 νύσσαν
2811 3329 2902 3382 ἐπὶ
2929 3332 3189 3402 τριτάτης
3207 3332 3404 3404 δρόμον
3425 3335 3596 3405 ὴοῦςς

2083 3421 2146 3475 21
2183 3423 2374 3484 Κεῖνος
2390 3420 2519 3491 νηὸν
2547 3420 2725 3474 ἔειπεν
2746 3420 2837 3474 ἐοῦ
2857 3422 3037 3492 χροὸς,
3072 3426 3130 3477 ὃν
3158 3442 3264 3478 τινι
3309 3425 3465 3497 μύθῳ

2082 3511 2298 3583 Φρικτῷ
2322 3512 2558 3583 Χριστὸς
2583 3511 2807 3583 ἔμελλεν
2842 3513 2934 3566 ἐπὶ
2955 3513 3138 3582 τρίτον
3163 3511 3316 3587 ἦμαρ
3337 3517 3594 3588 ἐγείρειν.

2083 3603 2155 3658 22
2195 3602 2334 3655 Ἀλλ’
2361 3603 2450 3655 ὅτε
2479 3602 2543 3674 δὴ
2577 3603 2713 3674 μετά
2743 3603 2941 3658 κόλπον
2970 3606 3288 3678 ἀνοστήτοιο
3314 3607 3580 3679 βερέθρου

2083 3694 2356 3765 Νόστιμος
2385 3693 2444 3760 ἐξ
2477 3693 2632 3747 ἀΐδαο
2667 3695 2952 3767 παλινζὼῳ
2971 3697 3082 3750 τινὶ
3121 3699 3312 3769 πότμῳ

2097 3786 2358 3857 ’Λρχαίην
2391 3784 2715 3856 παλίνορσον
2745 3785 2840 3857 ἐὴν
2864 3787 3162 3859 ἀνεδήσατο
3183 3791 3349 3862 τιμὴν

2081 3877 2376 3950 Οὐρανίην,
2407 3877 2529 3931 τότε
2563 3875 2757 3948 μοῦνον
2787 3878 3162 3949 ἀνεμνήσαντο
3198 3879 3460 3950 μαθηταὶ,

2082 3969 2236 4022 Ὅττι
2257 3967 2418 4039 δόμον
2450 3967 2622 4039 δέμας
2645 3961 2767 4020 εἷπε
2791 3981 2804 3995 ’
2833 3966 3190 4036 θεογλώσσοιο
3217 3968 3272 4022 δὲ
3301 3970 3484 4038 βίϐλου

2081 4059 2234 4112 Θεῖον
2254 4055 2627 4114 ἐπιστώσαντο
2655 4057 2832 4125 λόγον,
2859 4058 3109 4112 πείθοντό
3130 4075 3189 4111 τε
3220 4059 3396 4130 μύθῳ,

2095 4148 2300 4221 Ἰησοῦς
2323 4149 2383 4203 ὃν
2403 4149 2574 4204 ἔειπε.
2601 4148 2674 4204 25
2695 4148 2984 4222 Θεοδμήτῳ
3015 4149 3061 4203 δ’
3091 4149 3184 4203 ἐπὶ
3207 4150 3321 4222 νηῷ

2088 4243 2282 4315 Ἀχρις
2299 4242 2416 4315 ἔην,
2451 4242 2548 4297 καὶ
2575 4242 2765 4296 ἐδεθλα
2783 4241 3048 4313 διέστιχεν
3084 4241 3469 4315 Ἰροσολύμων,

1602 4402 1882 4459 TEXTUS
1920 4400 2458 4459 EVANGELlSTAE.

469 4544 536 4598 15
557 4542 666 4596 Kal.
690 4539 857 4609 ἐγγὺς
869 4536 938 4611 ἦν
957 4540 1018 4594 τὸ
1042 4541 1230 4613 Πάσχα
1247 4539 1356 4596 τῶν
1394 4539 1680 4607 Ἰουδαίων,
1701 4542 1793 4595 καὶ
1813 4542 1979 4614 ἀνέϐη
2015 4549 2058 4605 D
2083 4542 2149 4596 Τί
2175 4545 2401 4616 σημεῖον
2427 4541 2695 4607 δεικνύεις
2717 4543 2879 4614 ἡμῖν,
2900 4542 2980 4595 ὅτι
3007 4541 3179 4596 ταῦτα
3210 4545 3413 4612 ποιεῖς;

397 4629 480 4691 είς
515 4623 860 4694 Ἰεροσόλυμα
892 4625 921 4676 ὁ
960 4624 1196 4695 Ἰησοῦς.

472 4708 539 4762 14
569 4707 679 4761 Καὶ
703 4699 861 4776 εὗρεν
890 4706 946 4759 ἐν
975 4705 1054 4776 τῷ
1078 4707 1208 4778 ἱερῷ
1231 4706 1358 4769 τοὺς
1385 4704 1699 4770 πωλοῦντας
1729 4705 1857 4776 βόας
1884 4709 1978 4762 καὶ

399 4790 645 4862 πρόϐατα
672 4789 766 4841 καὶ
787 4788 1137 4860 περιστεράς,
1154 4789 1248 4842 καὶ
1267 4789 1392 4852 τοὺς
1419 4789 1793 4860 κερματιστὰς
1845 4791 1978 4844 καθ-

399 4875 659 4936 ημένους.
1551 4906 1554 4910 ι

421 4893 692 5009 ’μῖξοῗέᾶιι
724 4955 962 5024 ποιήσας
1009 4953 1332 5025 φραγέλλιον
1378 4955 1444 5009 ἐκ
1471 4906 1737 5026 σχοινίων,
1769 4958 1976 5024 πάντας

400 5038 654 5107 ἐξέϐαλεν
682 5040 744 5090 ἐκ
763 5037 857 5090 τοῦ
892 5037 1060 5107 ἱεροῦ,
1090 5038 1158 5092 τά
1183 5055 1243 5091 τε
1271 5039 1520 5110 πρόϐατα
1545 5041 1639 5093 καὶ
1669 5041 1796 5104 τοὺς
1824 5042 1974 5111 βόας,

401 5123 496 5177 καὶ
527 5121 638 5174 τῶν
661 5120 1024 5174 κολλυϐιστῶν
1056 5119 1239 5190 ἐξέχεε
1274 5122 1336 5176 τὸ
1364 5125 1564 5195 κέρμα,
1601 5125 1693 5177 καὶ
1721 5125 1821 5189 τὰς
1845 5142 1978 5197 τρα-

401 5203 573 5270 πέζας
611 5201 925 5272 ἀνέστρεψε

474 5287 541 5341 16
563 5285 672 5338 Καὶ
687 5288 799 5348 τοῖς
821 5286 920 5348 τὰς
940 5285 1270 5358 περιστεράς
1289 5287 1557 5342 πωλοῦσιν
1574 5285 1747 5342 εἶπεν·
1773 5288 1974 5359 ’Ἄρατε

398 5371 571 5424 ταῦτα
597 5368 864 5423 ἐντεῦθεν·
898 5370 973 5441 μὴ
1007 5373 1210 5425 ποιεῖτε
1233 5373 1324 5427 τὸν
1346 5369 1493 5428 οἷκον
1516 5372 1608 5428 τοῦ
1635 5373 1847 5443 Πατρός
1874 5389 1974 5443 μου

397 5452 547 5510 οἷκον
576 5443 861 5524 ἐμπορίου.

471 5537 535 5591 17
577 5535 955 5606 Ἐμνήσθησαν
981 5535 1038 5589 δέ
1060 5538 1109 5590 οί
1135 5538 1375 5609 μαθηταὶ
1399 5540 1583 5605 αὑτοῦ,
1613 5540 1695 5592 ὅτι
1723 5555 1969 5611 γεγραμ-

405 5619 566 5690 μένον
599 5619 763 5672 ἐστίν·
819 5620 875 5672 '0
909 5619 1066 5692 ζῆλος
1097 5623 1191 5676 τοῦ
1223 5624 1372 5676 οἴκου
1403 5640 1493 5675 σου
1526 5623 1799 5692 κατέφαγε
1838 5642 1924 5694 με.

476 5701 543 5757 18
584 5703 981 5776 Ἀπεκρίθησαν
1013 5701 1104 5761 οἶν
1132 5707 1181 5759 οἱ
1214 5705 1477 5774 Ἰουδαῖοι,
1503 5707 1593 5760 καὶ
1623 5701 1773 5762 εἷπον
1803 5707 1970 5781 αὐτῷ’

2147 4625 2214 4682 19
2259 4625 2555 4698 Ἀπεκρίθη
2588 4627 2618 4680 ό
2662 4624 2869 4696 Ἰησοῦς
2897 4625 2992 4678 καὶ
3024 4620 3182 4679 εἶπεν
3208 4627 3412 4689 αὐτοῖς·
3444 4626 3671 4683 Λύσατε

2072 4708 2164 4762 τὸν
2184 4708 2310 4762 ναὸν
2341 4708 2550 4774 τοῦτον,
2577 4709 2670 4762 καὶ
2702 4710 2760 4761 ἐν
2783 4707 2960 4778 τρισὶν
2990 4708 3226 4779 ήμέραις
3256 4709 3434 4780 ἐγερῶ
3461 4709 3664 4767 αὐτόν.

2143 4792 2216 4847 20
2267 4785 2435 4845 Εἶπον
2479 4788 2573 4845 οὖν
2622 4793 2670 4844 oi
2724 4789 2988 4843 Ἰουδαῖοι·
3027 4790 3448 4862 Τεσσαράκοντα
3480 4794 3573 4846 καὶ
3595 4794 3673 4859 ἓξ

2073 4873 2248 4928 ἐτεσιν
2270 4873 2594 4948 ᾠκοδομήθη
2621 4876 2648 4927 ὁ
2669 4873 2794 4938 ναὸς
2816 4865 2990 4941 οὗτος,
3023 4873 3117 4927 καὶ
3143 4875 3206 4929 σὺ
3235 4877 3296 4928 ἐν
3323 4875 3502 4947 τρισὶν
3519 4877 3671 4947 ἠμέ-

2076 4975 2198 5028 ραις
2229 4958 2442 5027 ἐγερεῖς
2469 4957 2630 5010 αὐτόν
2652 4975 2666 5023 ;

2145 5041 2208 5095 21
2265 5041 2501 5106 Ἐκεῖνος
2537 5040 2596 5095 δέ
2623 5041 2777 5110 ἔλεγε
2812 5041 2943 5113 περὶ
2973 5039 3069 5095 τοῦ
3101 5039 3231 5095 ναοῦ
3267 5040 3363 5095 τοῦ
3404 5039 3668 5113 σώματος

2073 5123 2260 5180 αὑτοῦ.

2142 5207 2214 5260 22
2243 5207 2372 5261 Ὅτε
2400 5201 2492 5262 οὖν
2517 5196 2724 5281 ὴγέρθή
2755 5209 2818 5261 ἐκ
2844 5207 3073 5281 νεκρῶν,
3095 5206 3444 5279 ἐμνήσθησαν
3469 5208 3518 5260 οἱ
3550 5223 3671 5278 μα-

2073 5291 2232 5362 θηταὶ
2257 5290 2420 5345 αὑτοῦ
2447 5293 2528 5346 ὅτι
2554 5290 2714 5346 τοῦτο
2744 5292 2931 5360 ἔλεγεν
2962 5293 3164 5355 αὐτοῖς·
3199 5289 3294 5344 καὶ
3327 5289 3666 5345 ἐπίστευσαν

2070 5377 2136 5446 τῇ
2170 5374 2378 5446 Γραφῇ,
2405 5375 2501 5428 καὶ
2531 5374 2610 5444 τῷ
2639 5375 2781 5445 λόγῳ
2814 5367 2860 5444 ᾧ
2887 5369 3040 5428 εἶπεν
3072 5375 3100 5426 ό
3141 5372 3363 5444 Ἰησοῦς.

2142 5459 2212 5514 25
2253 5460 2337 5523 Ὠς
2368 5459 2424 5512 δὲ
2457 5455 2525 5530 ἦν
2551 5459 2609 5511 ἐν
2653 5457 3044 5529 Ἰεροσολύμοις
3076 5458 3136 5510 ἐν
3173 5457 3250 5528 τῷ
3279 5456 3470 5525 Πάσχα
3501 5456 3561 5507 ἐν
3585 5457 3664 5527 τῇ

2074 5544 2253 5614 ἐορτῇ,
2290 5541 2474 5596 πολλοὶ
2513 5541 2842 5595 ἐπίστευσαν
2880 5541 2960 5604 είς
2988 5539 3051 5592 τὸ
3082 5539 3252 5610 ὄνομα
3285 5536 3474 5604 αὑτοῦ,
3513 5536 3670 5592 θεω-

2080 5626 2295 5699 ροῦντες
2321 5626 2480 5682 αὑτοῦ
2519 5625 2587 5681 τά
2617 5627 2818 5700 σημεῖα
2849 5624 2883 5680 ἃ
2909 5622 3101 5678 ἐποίει.
