3938 6214
227 298 336 353 765

144 396 154 404 .
227 416 458 481 Εῦάζων
487 416 566 470 ἔτι
595 418 804 487 Πάσχα,
849 421 942 473 καὶ
977 422 1301 493 ἀρνοφάγων
1330 428 1529 498 ίερήων

230 508 435 577 ὀργια
464 509 822 577 μυστιπόλευε
856 512 1147 583 φιλόκροτα
1182 514 1336 579 θυιὰς
1367 520 1525 590 ἑορτή
1548 535 1561 548 ”
1616 520 1627 531 κ

230 596 429 650 Πολλοὶ
458 598 661 650 λύσσαν
690 599 915 652 ἄπιστον
954 602 1321 672 ἐπετρέψαντο
1353 607 1619 675 θυέλλαις,

227 687 456 758 Χριστῷ
487 689 669 742 πίστιν
703 690 917 759 ἔχοντες
946 693 1002 756 ἐς
1027 693 1250 764 οὕνομα.
1284 697 1353 750 24
1380 698 1733 769 Πειθομένοις
1755 702 1811 754 δὲ

241 779 525 849 Ἀνδρασιν
555 780 614 831 οὐ
647 781 900 835 πίστευεν
933 783 1020 836 ἐὸν
1051 785 1194 840 νόον.
1228 787 1298 841 ‘25
1336 790 1409 841 Οὐ
1452 789 1561 860 γὰρ
1594 792 1812 847 ἀκούειν

234 870 434 922 Ἀλλου
464 870 860 941 φθεγγομένοιο
886 874 1047 945 νόθης
1080 876 1368 931 ἐπεδεύετο
1393 880 1579 949 φωνῆς

232 963 340 1031 22
385 963 567 1034 ὀφρα
624 964 769 1034 μάθῃ
816 964 935 1017 νόον
976 966 1165 1036 ἀνδρὸς
1204 968 1537 1042 ἀμάρτυρονο
1581 970 1720 1040 ἔργα
1758 972 1812 1025 δὲ

1502 1062 1517 1131 [
1547 1061 1739 1130 φωτῶν

237 1142 434 1211 ’ῌδεεν
466 1144 861 1211 αὐτοδίδακτος,
902 1147 1000 1199 ὅσα
1033 1149 1227 1217 φρενὸς
1255 1148 1463 1202 ἔνδοθεν
1484 1152 1625 1222 ἀνὴρ

230 1226 412 1300 Εἶχε-ν,
448 1231 749 1303 ἀκηρύκτῳ
777 1234 1168 1304 κεκαλυμμένα
1194 1236 1357 1307 φάρεϊ
1387 1238 1563 1307 σιγῆς.

891 1348 1050 1401 ΚΕΦ.
1079 1348 1154 1400 Γν.

308 1453 336 1506 1
377 1448 483 1505 Ἦν
506 1454 563 1507 δέ
592 1472 675 1518 τις
710 1455 854 1525 ἱερὸν
879 1449 1016 1525 αἷμα
1040 1458 1379 1524 γοοπ).ανέων
1404 1460 1707 1530 Φαρισαίων

246 1545 439 1615 Ἀρχὸς
476 1545 763 1611 Ἰουδαίων,
799 1546 1107 1618 πολυλήϊος,
1136 1549 1355 1619 ἔννομος
1378 1552 1537 1621 ἀνήρ’

233 1633 456 1704 Οῦνομά
486 1637 533 1687 οί
566 1636 894 1707 Νικόδημος.
924 1638 958 1691 2
997 1639 1335 1711 Ἀμάρτυρος
1362 1635 1513 1703 οὗτος
1542 1641 1721 1713 ὁδίτης

231 1724 455 1794 Χριστῷ
488 1726 679 1788 νυκτὸς
716 1726 885 1779 ἵκανε·
919 1729 1343 1799 φυλλασσομένῳ
1367 1731 1487 1782 ποδὶ
1520 1731 1739 1801 βαίνων,

236 1817 500 1885 Ἔννυχος
532 1820 611 1880 εἰς
637 1817 797 1888 δόμον
825 1815 1007 1888 ἦλθεν,
1037 1822 1143 1890 ὅπη
1169 1821 1322 1887 φάος.
1367 1821 1543 1890 Ἀνδρὶ
1561 1822 1614 1874 δὲ
1639 1822 1813 1894 πιστῷ

245 1908 456 1977 Ἰησοῦς
491 1909 703 1961 ἐνέπων
737 1910 1111 1980 βαπτίσματος
1141 1913 1319 1967 ἔνθεον
1341 1912 1557 1984 αἴγλην,

231 2000 560 2071 Νυκτιφανῆ
602 2002 913 2073 Νικόδημον
938 2003 1012 2073 ἐῷ
1047 2004 1377 2075 φαιδρύνατο
1405 2005 1578 2076 μύθῳ.

232 2091 345 2143 Καί
370 2093 419 2143 ot
449 2091 617 2162 μῦθον
645 2093 792 2157 ἔλεξε
820 2094 936 2164 Θεῷ
957 2094 1231 2165 πειθήνιος
1253 2096 1412 2166 ἀνήρ·

242 2182 468 2236 Ῥαϐϐὶν
504 2184 876 2255 ποικιλόμυθε,
908 2186 1223 2256 θεοφραδὲς,
1256 2186 1405 2255 ἴδμεν
1439 2186 1689 2249 όπωπαῖς

235 2276 392 2329 Ὅττι
422 2276 555 2328 Θεοῦ
588 2280 840 2347 πομπῇσι
877 2278 1196 2339 διδάσκαλος
1227 2279 1341 2330 ἵκεο
1374 2279 1602 2348 κόσμου,

242 2366 567 2437 Ἀνδρομέου
602 2367 798 2436 βιότοιο
834 2367 1075 2438 βοηθόος·
1106 2369 1166 2420 οὐ
1193 2368 1414 2421 δύναται
1445 2370 1554 2438 γὰρ

229 2457 437 2527 Θνητὸς
455 2458 593 2530 ἀνὴρ
612 2460 738 2513 τάδε
765 2461 939 2514 πάντα
962 2459 1279 2531 πολύτροπα
1300 2460 1553 2531 θαύματα
1574 2460 1808 2531 τεύχειν,

231 2550 408 2601 Ὄσσα
431 2550 494 2602 σὺ
527 2550 799 2621 θεσπεσίῳ
824 2551 1027 2615 τελέεις
1054 2554 1274 2622 παιήονι
1308 2553 1483 2622 μύθῳ,

229 2641 296 2693 Et
334 2643 406 2713 μή
434 2642 483 2694 οἱ
520 2643 806 2706 συνάεθλος
833 2642 1155 2708 ἀλεξίκακος
1184 2646 1315 2708 Θεὸς
1348 2646 1457 2715 εἴη.

228 2734 263 2785 5
306 2732 511 2804 Ἰησοῦς
537 2735 581 2789 δ’
609 2735 869 2806 ἀγόρευεν
897 2736 1195 2805 ἀσημάντῳ
1222 2738 1327 2790 τινὶ
1360 2736 1533 2807 μύθῳ·

230 2827 293 2878 Ei
338 2827 409 2895 μή
444 2843 527 2889 τις
566 2826 701 2896 μετὰ
736 2827 938 2897 κέντρα
969 2828 1359 2896 τελεσσιγόνοιο
1385 2828 1600 2898 λοχείης

227 2915 435 2985 Θνητδς
460 2916 598 2986 ἀνὴρ
630 2915 863 2969 τίκτοιτο
886 2918 946 2969 τὸ
971 2916 1242 2989 δεύτερον,
1275 2917 1491 2988 αἰθέρος
1518 2918 1687 2988 αὐλῆς

227 3006 306 3056 (ὶὺ
330 2996 550 3058 δύναται
578 3006 765 3074 βροτὸς
788 2998 939 3070 οὗτος
970 3007 1112 3078 ἔχειν
1137 3007 1352 3062 αἰώνιον
1374 3010 1566 3079 ἀρχήν.

1188 306 1679 366 PARAPHRASIS
1722 311 1785 365 IN
1826 312 2234 375 JO;\NNE.\I.—
2266 318 2420 376 CAP.
2453 318 2536 372 ΙΙΙ.

3374 319 3479 375 766

1839 438 1880 493 Α
1910 450 2052 498 rum,
2083 434 2374 490 Celebrans
2392 437 2569 490 adhuc
2602 435 2845 501 Pascha;
2888 442 2939 491 et
2978 436 3356 505 agnivororum
3391 450 3481 490 sa-

1912 526 2193 580 cerdotum
2248 528 2497 597 Mysteria
2548 528 2812 583 tractabat
2869 529 3173 598 plausibilia
3241 530 3483 582 solemne

1914 614 2109 669 festum
2137 634 2149 669 :
2179 616 2329 669 Multi
2358 616 2536 687 [tum]
2560 617 2763 671 rabiem
2809 617 3142 671 ineredulam
3195 616 3482 671 commise—

1912 715 2042 761 runt
2070 709 2264 772 ventis,
2286 708 2486 761 Christi
2509 710 2662 763 ﬁdem
2685 708 3008 764 habentcsin
3038 707 3339 761 nomenﬂl
3352 706 3483 761 Cre-

1912 798 2164 854 dentibus
2228 813 2357 854 vero
2384 798 2529 854 Viris
2586 815 2693 853 non
2751 800 2972 854 conlidit
3019 814 3176 853 suum
3214 798 3474 851 animum.

1910 887 1982 942 25
2019 887 2135 942 Non
2168 889 2309 943 enim
2355 889 2541 941 audire
2567 888 2744 941 Alium
2782 890 3085 958 loquentem
3116 889 3298 957 spuria
3334 886 3477 940 indi-

1913 978 2071 1048 gebat
2091 994 2241 1045 voce,
2255 978 2360 1047 23
2380 977 2445 1032 Ut
2465 978 2699 1031 disceret
2722 980 2960 1031 animum
2985 980 3081 1032 viri
3107 980 3220 1033 sine
3240 978 3481 1033 testimo-

1912 1069 2038 1134 nio;
2078 1082 2241 1136 Opera
2279 1077 2459 1122 autem
2508 1068 2747 1122 virorum
2787 1068 3001 1123 Sciebat
3036 1080 3128 1138 per
3156 1086 3214 1124 se
3255 1070 3482 1134 doctus,

1913 1172 2251 1227 qumcunque
2288 1158 2428 1211 intra
2454 1166 2689 1212 mentem
2723 1159 2807 1210 vir
2844 1157 3104 1225 Habebat,
3146 1175 3253 1215 non
3287 1161 3483 1231 praedi-

1914 1255 2038 1302 cato
2060 1249 2328 1303 occultata
2364 1250 2597 1321 tegmine
2631 1249 2853 1304 silentii.
3542 1238 3549 1243 ’

2557 1362 2708 1418 CAP.
2752 1363 2841 1417 Ill.

1986 1474 2011 1526 l
2054 1475 2179 1527 Erat
2234 1482 2415 1529 autem
2456 1475 2676 1545 quidam
2727 1476 2871 1531 sacri
2927 1476 3141 1545 generis
3188 1474 3485 1546 luctivago—

1914 1578 2033 1616 rum
2081 1563 2498 1630 Pharisaeorum,
2538 1564 2800 1634 Princeps
2840 1563 3173 1626 Judseorum,
3221 1566 3481 1634 locuples,

1908 1656 2090 1724 justus
2122 1656 2239 1719 vir;
2268 1655 2473 1709 Nomen
2525 1656 2573 1709 ei
2623 1655 2968 1711 Nicodemus.
3016 1656 3051 1708 2
3101 1656 3303 1727 Expers
3339 1656 3490 1711 testi-

1844 1767 1885 1820 Β
1917 1746 2081 1800 monii
2133 1746 2219 1800 hic
2250 1747 2423 1800 viator
2456 1745 2537 1799 Ad
2571 1745 2849 1801 Christum
2896 1755 3060 1800 noctu
3104 1747 3285 1811 venit;
3324 1756 3485 1800 cauto
3514 1763 3521 1774 ‘

1920 1838 2058 1907 pede
2090 1838 2373 1900 incedens,
2404 1837 2717 1891 Nocturnus
2752 1838 2805 1891 in
2835 1838 3054 1891 domqu
3087 1839 3234 1891 venit
3275 1839 3362 1892 ubi
3395 1840 3485 1892 lux

1921 1929 2105 2003 [erat].
2132 1928 2259 1983 Viro
2308 1940 2485 1983 autem
2527 1928 2670 1982 ﬁdeli
2718 1926 2879 1983 Jesus
2926 1945 3188 1983 enarratis
3233 1929 3485 1997 baptismi

1918 2024 2163 2077 divinum
2225 2017 2594 2090 splendorem,
2646 2020 2818 2074 Noctu
2869 2029 3215 2090 apparentem
3257 2019 3488 2073 Nicode-

1919 2132 2068 2171 mum
2102 2130 2203 2170 suo
2245 2114 2541 2168 illustravit
2568 2113 2755 2166 verbo.
2786 2111 2851 2164 Et
2878 2112 2977 2181 ipsi
3014 2126 3317 2165 sermonem
3352 2111 3491 2164 dixit

1920 2208 2031 2262 Deo
2060 2206 2319 2261 credulus
2348 2205 2431 2256 vir
2457 2223 2469 2257 :
2500 2202 2676 2255 Rabbi
2704 2202 2959 2266 facunde,
2986 2202 3255 2269 deiloque,
3284 2202 3490 2255 scimus

1919 2309 2143 2367 aspectu
2192 2294 2349 2361 Quod
2397 2293 2493 2347 Dei
2525 2293 2691 2347 ductu
2742 2293 3001 2362 magister
3034 2292 3227 2345 venisti
3277 2290 3485 2352 mumli,

1919 2390 2182 2443 Humana:
2223 2388 2345 2442 vitae
2390 2385 2605 2455 adjutor
2634 2404 2647 2439 :
2680 2400 2787 2438 non
2839 2393 3015 2453 potest
3063 2383 3205 2437 enim
3248 2382 3490 2435 Mortalis

1919 2483 2083 2536 homo
2124 2481 2239 2534 haec
2286 2478 2467 2532 omnia
2500 2478 2651 2531 varia
2702 2476 2963 2529 miracula
3016 2474 3212 2537 facere,
3255 2472 3384 2538 Quze
3434 2481 3491 2526 tu

1918 2571 2104 2626 divino
2144 2568 2359 2639 perticis
2403 2568 2709 2621 medicante
2746 2566 2932 2627 verbo,
2966 2562 3082 2618 Nisi
3122 2563 3173 2617 ei
3206 2563 3493 2616 auxiliator

1918 2662 2059 2716 mala
2108 2661 2384 2731 depellens
2436 2658 2579 2712 Deus
2632 2656 2815 2709 fuerit.
2854 2653 3075 2709 SJcsus
3129 2660 3306 2706 autem
3357 2652 3494 2705 dixit

1919 2749 2154 2806 obscuro
2198 2747 2432 2816 quodam
2475 2746 2642 2801 verbo
2673 2764 2685 2798 :
2712 2744 2825 2798 Nisi
2873 2744 2998 2813 quis
3047 2750 3169 2812 post
3212 2741 3491 2795 stimulum

1922 2839 2087 2893 fetura
2120 2836 2455 2907 perﬁcientis
2500 2845 2691 2905 partus
2733 2834 2977 2888 Mortalis
3020 2834 3103 2885 vir
3138 2841 3300 2885 natus
3332 2829 3494 2883 fuerit

1919 2930 2137 2991 iterum,
2188 2928 2314 2981 coali
2365 2927 2502 2980 aulae
2550 2925 2670 2980 Non
2707 2932 2887 2995 potest
2936 2925 3099 2977 horno
3148 2923 3239 2975 ille
3293 2921 3492 2973 habere

1917 3027 2183 3073 attentum
2242 3016 2625 3086 principatum.
2679 3014 2712 3068 4
2758 3014 2825 3066 Et
2879 3015 3117 3066 miscens
3165 3010 3492 3064 Nicodemus

228 3096 262 3147 4
296 3097 404 3148 Καὶ
424 3098 663 3166 κεράσας
684 3098 990 3167 Νικόδημος
1014 3101 1251 3169 ἀνήρυγε
1283 3099 1518 3170 θαύματι
1547 3101 1751 3169 φωνήν·

1926 3108 2183 3163 eructavit
2207 3120 2330 3158 cum
2356 3103 2714 3157 admiratione
2746 3116 2929 3156 vocem
2970 3119 2981 3153 :
3015 3099 3295 3165 Quomodo
3318 3104 3495 3167 potest

232 3186 357 3248 Πῶς
379 3186 598 3239 δύναται
627 3188 761 3257 μετὰ
786 3191 960 3259 γῆρας
982 3189 1139 3260 ἀνὴρ,
1168 3189 1306 3258 μετὰ
1329 3190 1561 3243 λευκὰδα
1591 3191 1810 3261 χαίτην,

232 3278 437 3347 ’Ἄλλην
462 3276 799 3347 ὀψιτέλεστον
822 3280 962 3349 ἔχειν
985 3281 1145 3333 ὠδῖνα
1165 3281 1453 3350 γενέθληςς

230 3371 325 3441 Μὴ
354 3371 573 3424 δύναται
596 3372 718 3441 δίχα
742 3373 966 3443 πατρὸς,
1000 3374 1277 3439 ἀεξιτόκου
1306 3373 1393 3426 διὰ
1417 3373 1613 3425 κόλπου

230 3461 486 3531 Μητέρος
508 3463 740 3533 ἀρχαίης
760 3463 1039 3532 ἐγκύμονα
1065 3463 1306 3533 γαστέρα
1339 3462 1528 3527 δύνων,

230 3552 445 3622 Ηεσμὸν
479 3553 607 3604 ἰδεῖν
641 3554 893 3622 γονόεντα
923 3554 1309 3607 παλλιννόστου
1343 3557 1613 3618 τοκετοῖο;

226 3646 265 3697 5
303 3644 512 3714 Ἰησοῦς
539 3644 583 3695 δ’
614 3645 949 3714 ἁπάμειπτο,
984 3645 1302 3698 διδάσκαλον
1332 3645 1498 3715 ἄνδρα
1526 3645 1809 3699 διδάσκων·

230 3736 299 3786 lii
328 3735 402 3804 μή
423 3751 507 3796 τις
534 3734 819 3805 καθαροῖσι
850 3736 1018 3806 δέμας
1044 3737 1313 3808 λουτροῖσι
1350 3738 1629 3807 καθαίρων

228 3826 550 3895 Πνεύματος
579 3826 636 3890 ἐξ
660 3827 831 3894 ἁγίοιο
867 3828 958 3881 καὶ
987 3828 1175 3890 ὓδατος
1204 3830 1283 3881 εἰν
1320 3827 1400 3881 ἐνὶ
1428 3828 1633 3898 θεσμῷ,

245 3918 580 3988 Ὀπλοτέρην
607 3917 806 3982 δέξοιτο
835 3919 1107 3986 γενέθλιον
1141 3920 1378 3989 ἄσπορον
1412 3919 1617 3990 ἀρχὴν⁹

245 4007 563 4060 Ἀντίτυπον
589 4008 814 4079 μίμημα
836 4010 1144 4076 γυναικείου
1178 4013 1437 4075 τοκετοῖο,

232 4099 313 4149 Οὐ
341 4098 561 4151 δύναται
588 4098 773 4168 βροτὸς
801 4092 955 4162 οὗτος
982 4100 1366 4170 ἐπεσσομένοιο
1392 4101 1579 4170 νοῆσαι

233 4188 510 4259 Οὐρανίην
542 4189 735 4252 αἰῶνος
768 4189 1063 4261 ἀτέρμονος
1088 4191 1254 4261 ἥλικα
1284 4192 1468 4260 τιμήν.

233 4279 349 4349 24
371 4280 403 4332 6
428 4281 537 4332 Καὶ
553 4280 659 4350 γὰρ
675 4282 808 4353 ὅπερ
831 4282 1084 4352 μερόπων
1103 4282 1284 4353 χθονίη
1307 4280 1566 4334 διεὼσατο
1580 4281 1810 4351 γαστὴρ,

1922 3209 2044 3270 post
2094 3204 2369 3251 senectam
2402 3194 2506 3257 vir,
2560 3202 2681 3262 post
2712 3192 2864 3246 albos
2908 3192 3109 3254 crines,
3148 3189 3322 3241 Alium
3370 3203 3494 3243 sero

1922 3290 2223 3362 perfectura
2268 3286 2472 3340 habere
2508 3294 2723 3354 partum
2776 3281 3186 3353 generationis?
3214 3278 3351 3333 Num
3402 3293 3496 3349 po-

1920 3391 2025 3437 test
2062 3383 2180 3437 sine
2216 3388 2371 3449 patre
2406 3378 2571 3433 I'etum
2607 3383 2894 3445 augentem
2930 3389 3027 3443 per
3078 3373 3257 3427 sinum
3307 3371 3495 3425 Matris

1923 3473 2157 3540 antiqua:
2203 3469 2487 3539 gravidum
2517 3474 2761 3520 ventrem
2810 3464 3057 3525 subiens,
3107 3462 3278 3532 Leges
3315 3462 3499 3516 videre

1921 3560 2215 3629 genitrices
2262 3556 2527 3626 reciproci
2575 3553 2806 3624 partus?
2840 3552 3054 3608 SJesus
3088 3568 3217 3606 vero
3268 3568 3493 3622 respou-

1930 3652 2031 3713 dit,
2062 3650 2381 3720 magistrum
2407 3650 2582 3703 virum
2614 3648 2816 3701 docens
2842 3666 2854 3700 :
2882 3645 2997 3703 Nisi
3034 3646 3156 3715 quis
3190 3646 3348 3715 puris
3377 3662 3497 3700 cor-

1919 3755 2029 3811 pus
2053 3738 2283 3793 lavacris
2316 3752 2556 3807 purgans
2584 3734 2791 3805 Spiritu
2836 3752 2901 3790 ex
2935 3744 3127 3792 sancto
3157 3745 3209 3790 et
3246 3751 3387 3805 aqua
3442 3736 3495 3789 in

1920 3857 2028 3897 una
2060 3841 2362 3905 sanctione,
2394 3839 2687 3894 Beceulius
2709 3838 2939 3908 recipiat
2972 3837 3343 3907 generativum
3376 3852 3486 3890 non

1922 3947 2248 4003 seminatum
2309 3944 2684 4014 principium,
2748 3943 3077 4011 Expressam
3136 3938 3495 3993 imitationem

1923 4048 2206 4105 muliebris
2234 4057 2442 4119 partus,
2494 4045 2612 4100 Non
2646 4052 2825 4116 potest
2868 4045 3030 4097 homo
3078 4043 3167 4097 hic
3199 4041 3366 4095 futuri
3402 4056 3497 4095 co-

1924 4167 2190 4224 gnoscere
2237 4150 2527 4206 leestem
2563 4149 2747 4204 saeculi
2781 4148 2975 4202 inﬁniti
3019 4156 3353 4202 comtaneum
3397 4146 3495 4200 ho-

1925 4269 2135 4309 norem.
2189 4251 2295 4322 25
2332 4252 2364 4306 6
2410 4252 2627 4306 Etenim
2688 4249 2834 4319 quod
2884 4250 3163 4303 hominum
3220 4247 3497 4304 terrestris

231 4369 453 4438 Σαρκὸς
488 4371 594 4423 ἀπὸ
623 4370 847 4441 βροτέης
876 4372 1273 4443 μορφούμενον,
1306 4372 1577 4443 ἀνδρομέη
1611 4371 1747 4441 σὰρξ

1926 4360 2182 4431 protrusit
2224 4364 2430 4422 venter,
2485 4356 2661 4411 Carne
2744 4355 2812 4409 ab
2868 4355 3105 4409 humana
3168 4355 3494 4420 formatum,

234 4458 413 4513 Τοῦτο
438 4460 622 4514 πέλει·
653 4462 713 4515 τὸ
744 4462 799 4515 δὲ
827 4462 987 4529 θεῖον,
1020 4464 1154 4534 ὅπερ
1179 4463 1434 4535 καθαροῖο
1460 4461 1676 4533 λοετροῦ

1923 4465 2159 4518 humana
2182 4478 2312 4517 caro
2347 4460 2460 4517 lloc
2504 4466 2628 4517 est:
2668 4460 2910 4515 divinum
2947 4467 3127 4513 autem
3157 4458 3312 4525 illud,
3352 4457 3496 4527 quod

1440 4616 1718 4673 TEXTUS
1756 4614 2288 4674 EVANGELIST/E.

309 4752 382 4805 ‘24
411 4751 578 4815 Αὐτὸς
610 4752 664 4804 δὲ
685 4754 713 4806 6
750 4753 953 4823 Ἰησοῦς
974 4754 1071 4806 οὐκ
1096 4754 1379 4808 ἐπίστευεν
1401 4754 1592 4808 ἑαυτὸν
1615 4755 1815 4821 αὐτοῖς,

235 4837 329 4890 διὰ
366 4836 425 4887 τὸ
450 4836 610 4888 αὐτὸν
631 4835 917 4902 γινώσκειν
948 4837 1174 4899 πάντας·

313 4918 385 4971 25
419 4918 528 4969 Καὶ
555 4918 636 4970 ὅτι
663 4918 722 4969 ού
751 4918 936 4988 χρείαν
964 4915 1106 4987 εἶχεν
1130 4920 1214 4972 ἵνα
1234 4937 1317 4982 τις
1345 4920 1667 4991 μαρτυρήσῃ
1694 4920 1821 4991 περὶ

236 4998 333 5050 τοῦ
366 4996 673 5068 ἀνθρώπου·
705 5000 864 5063 αὐτὸς
897 5000 1004 5069 γὰρ
1044 5002 1308 5068 ἐγίνωσκε
1349 5002 1402 5053 τί
1434 4998 1501 5072 ἦν
1534 5005 1590 5055 ἐν
1618 5002 1697 5073 τῷ
1725 5004 1820 5057 ἀνα

242 5083 271 5135 θ
281 5081 452 5152 ρώπῳ
462 5122 474 5134 .

898 5166 1053 5217 ΚΕΦ.
1092 5167 1165 5220 Γ’.

317 5246 343 5298 1
376 5240 484 5298 Ἦν
505 5246 562 5299 δὲ
593 5247 876 5318 ἄνθρωπος
904 5248 969 5300 ἐκ
1007 5247 1115 5301 τῶν
1145 5249 1481 5319 Φαρισαίων,
1522 5247 1822 5323 Νικόδημος

242 5326 417 5396 δνομα
442 5328 611 5398 αὐτῷ,
645 5331 827 5400 ἄρχων
854 5329 960 5382 τῶν
1000 5330 1290 5383 Ἰουδαίων.

315 5411 353 5463 2
378 5405 545 5473 Οὗτος
575 5408 707 5481 ἦλθε
743 5411 879 5481 πρὸς
915 5413 1004 5464 τὸν
1046 5412 1253 5482 Ἰησοῦν
1286 5414 1497 5477 νυκτὸς,
1549 5414 1643 5466 καὶ
1673 5410 1824 5469 εἶπεν

243 5491 427 5563 αὐτῷ·
478 5495 684 5558 'Pa66‘t,
733 5495 951 5565 οἴδαμεν
995 5496 1077 5547 ὅτι
1124 5495 1231 5547 ἀπὸ
1279 5496 1414 5548 Θεοῦ
1454 5496 1714 5566 ἐλήλυθας
1750 5497 1826 5549 δι-

241 5575 511 5636 δασκαλος
530 5591 543 5603 ·
578 5577 750 5640 οὐδεὶς
771 5578 879 5649 γὰρ
900 5578 1067 5632 ταῦτα
1091 5579 1157 5630 τὰ
1190 5583 1390 5648 σημεῖα
1412 5579 1632 5634 δύναται
1654 5583 1824 5634 ποιεῖν

241 5660 279 5713 ἆ
315 5678 377 5714 συ
412 5659 601 5724 ποιεῖς,
638 5660 732 5713 ἐὰν
759 5660 834 5731 μὴ
864 5659 950 5736 ᾖό
976 5661 1108 5724 Θεὸς
1135 5662 1252 5731 μετ’
1282 5661 1466 5716 αὑτοῦ.

1991 4752 2025 4808 3
2050 4752 2348 4823 Ἀπεκρίθη
2364 4754 2392 4805 6
2408 4750 2612 4823 Ἰησοῦς
2633 4750 2724 4804 καὶ
2748 4744 2903 4803 εἶπεν
2931 4745 3078 4817 αύτῷ
3099 4762 3114 4776 ·
3162 4744 3333 4815 Ἀμὴν
3352 4742 3497 4813 ἀμὴν

1921 4837 2063 4905 λέγω
2099 4855 2201 4898 σοι,
2254 4837 2349 4889 ἐὰν
2387 4836 2461 4907 μή
2513 4853 2595 4898 τις
2623 4834 2856 4905 γεννηθῇ
2908 4830 3133 4895 ἄνωθεν,
3173 4829 3232 4882 ού
3276 4829 3496 4881 δύναται

1920 4921 2050 4973 ὶδεῖν
2076 4919 2174 4989 τὴν
2204 4918 2480 4989 βασιλείαν
2508 4918 2600 4971 τοῦ
2633 4917 2785 4971 Θεοῦ.

1987 5004 2021 5056 4
2061 5004 2225 5070 Λέγει
2256 5001 2393 5071 πρὸς
2428 5001 2591 5053 αὐτὸν
2640 5002 2668 5051 6
2713 4998 3022 5068 Νικόδημος
3045 5012 3060 5027 ·
3099 4995 3224 5058 Πῶς
3274 4994 3497 5047 δύναται

1915 5085 2201 5154 ἄνθρωπος
2228 5083 2554 5153 γεννηθῆναι
2585 5082 2764 5152 γέρων
2793 5079 2902 5143 ὥν;
2941 5080 3013 5151 μὴ
3040 5078 3262 5131 δύναται
3291 5078 3370 5139 είς
3400 5076 3497 5145 τὴν

1918 5167 2124 5220 κοιλίαν
2178 5166 2277 5235 τῆς
2324 5166 2531 5237 μητρὸς
2584 5163 2749 5217 αὐτοῦ
2798 5163 3049 5232 δεύτερον
3092 5159 3352 5213 εἰσελθεῖν
3402 5159 3498 5210 καὶ

1919 5249 2246 5319 γεννηθῆναι
2268 5266 2282 5315 ;

1988 5332 2021 5385 5
2053 5332 2347 5403 Ἀπεκρίθη
2380 5335 2408 5385 6
2441 5330 2677 5401 Ἰησοῦς·
2724 5329 2894 5401 Ἀμὴν
2918 5328 3064 5398 ἀμὴν
3094 5325 3236 5394 λέγω
3268 5340 3370 5384 σοι,
3402 5320 3496 5373 ἐὰν

1924 5415 1999 5485 μή
2024 5432 2107 5477 τις
2139 5415 2371 5485 γεννηθῇ
2397 5414 2457 5479 ἐξ
2480 5414 2675 5481 ῦδατος
2698 5414 2791 5464 καὶ
2822 5410 3157 5481 Πνεύματος,
3189 5408 3248 5459 οὺ
3273 5405 3497 5456 δύναται

1920 5497 2180 5550 εἰσελθεῖν
2208 5501 2288 5561 εἰς
2321 5499 2417 5569 τὴν
2454 5496 2729 5567 βασιλείαν
2757 5495 2851 5547 τοῦ
2882 5492 3040 5546 Θεοῦ.

1994 5581 2027 5634 6
2053 5581 2125 5633 Τὸ
2162 5566 2521 5651 γεγενημένον
2559 5581 2623 5633 ἐκ
2656 5579 2754 5648 τῆς
2790 5576 3009 5645 σαρκὸς,
3061 5571 3197 5640 σάρξ
3223 5571 3371 5621 ἐστι·
3403 5566 3496 5620 καί

1921 5664 1985 5718 τδ
2013 5666 2383 5738 γεγενημένον
2413 5667 2478 5719 ἐκ
2512 5664 2605 5718 τοῦ
2635 5661 2965 5731 πνεύματος,
2996 5652 3214 5726 πνεῦμὰ
3238 5653 3372 5705 ἐστι.
