3938 6214
216 308 339 366 769

1181 299 1671 357 PARAPHRASIS
1703 299 1772 357 IN
1808 298 2218 359 JOANNEMa—
2257 304 2408 363 CAP.
2450 302 2537 361 111.

3392 312 3498 370 170

218 426 299 480 16
331 425 492 480 Οὕτω
515 422 630 493 γὰρ
657 419 1011 493 πολύμορφον
1049 417 1274 489 ὲφίλατο
1302 419 1508 490 κόσμον
1541 419 1746 490 ἀλήτην

1940 419 2289 487 generationis
2336 422 2576 477 volvitur
2610 420 2828 479 ﬁrmum
2869 439 3065 480 avum.
3104 424 3171 480 16
3213 425 3307 481 Sic
3344 427 3494 484 cnim

231 516 559 588 ’Υψιμέδων
586 514 951 585 σκηπτοῦχος,
980 513 1063 565 ὅτι
1092 513 1476 581 χραισμήτορα
1501 510 1695 580 φωτῶν

219 606 555 675 Μουνογενῆ
580 606 755 674 Λόεγον
784 598 891 658 Υία
923 604 1088 673 πόρεν
1113 601 1405 673 τετράζυγι
1437 602 1645 673 κόσμῳ,

226 694 427 765 ’Ὀφρα
460 711 550 766 μιν
570 693 629 758 ὃς
654 693 879 760 δέξοιτο,
916 692 1256 763 μετάτροπον
1283 686 1415 761 ἦθος
1446 691 1705 762 ἀμείψας,

224 788 429 841 Πίστιν
463 790 521 850 ἐς
552 787 942 857 ἀστυφέλικτον
973 784 1217 838 ἑκούσιον
1244 782 1446 852 αὐχένα
1470 782 1761 853 κάμπτων,

224 880 393 949 Ζωῆς
420 878 677 950 οὐρανίης
703 876 919 931 αἰώνιον
944 878 1024 940 είς
1054 875 1213 949 χορὸν
1242 874 1393 947 ἔλθῃ,

227 972 423 1025 Ναίων
454 970 679 1040 ἄφθιτον
710 966 858 1021 οἷκον
889 969 947 1021 ὲν
979 967 1242 1038 εὐδένδρῳ
1270 967 1608 1038 παραδείσῳ.

230 1061 303 1113 17
336 1061 412 1113 Οὐ
444 1060 554 1131 γὰρ
581 1059 670 1113 ἑὸν
699 1058 870 1127 Λόγον
892 1052 998 1111 Υἴα
1018 1058 1207 1129 Πατὴρ
1229 1058 1363 1121 Θεὸς
1393 1057 1583 1111 ὤπασε
1607 1059 1820 1128 κόσμῳ,

229 1150 460 1220 Κόσμον
494 1150 580 1202 ἵνα
612 1148 818 1218 κρίνειε
846 1146 1137 1219 προώριον,
1166 1148 1299 1202 ἀλλά
1326 1147 1600 1201 πεσοῦσαν

244 1241 582 1312 Ἀνδρομέην
614 1241 702 1294 ἵνα
729 1242 910 1295 πᾶσαν
934 1243 1259 1312 ἀναστήσειε
1283 1240 1564 1311 γενέθλην.

234 1334 307 1388 18
335 1335 433 1395 ’ος
461 1332 519 1385 δέ
553 1350 646 1402 μιν
675 1332 944 1396 ἀπλανέος
971 1332 1198 1403 κραδίης
1230 1331 1504 1403 μειλίξατο
1536 1330 1725 1401 θεσμῷ

243 1424 442 1494 Ῥίψας
468 1423 732 1495 ὴερίοισιν
759 1422 988 1477 ἀπειθέα
1016 1423 1221 1477 λύσσαν
1252 1423 1468 1494 ἀήταις,

247 1510 447 1582 Ὀρθὴν
480 1511 662 1564 πίστιν
687 1510 844 1581 ἔχων,
871 1512 932 1565 οὐ
957 1512 1201 1583 κρίνεται
1236 1530 1250 1543 ·
1287 1514 1335 1565 εί
1366 1512 1425 1565 δέ
1453 1529 1536 1575 τις
1562 1510 1701 1582 ἀνὴρ

248 1602 587 1675 Ἀνδρομέην
616 1603 710 1657 ἐπὶ
749 1603 927 1675 σάρκα
957 1604 1251 1673 νοοσφαλὲς
1281 1603 1438 1674 ὄμμα
1468 1605 1740 1667 τιταίνων,

234 1694 511 1765 Τολμήεις
539 1694 810 1748 ἐπέτασσε
836 1696 932 1765 θεη
942 1695 1114 1766 μάχον
1138 1696 1470 1768 ἀνθερεῶνα,

248 1784 417 1856 Ἀνὴρ
445 1785 696 1856 κέκριται
726 1780 900 1851 οὗτος,
930 1788 1013 1840 ὅτι
1044 1787 1392 1859 βραδυπειθέῖ
1421 1787 1578 1860 θυμῷ

232 1875 410 1930 υύπω
434 1876 618 1931 πίστιν
651 1877 856 1943 ἔδεκτο,
883 1878 977 1933 καὶ
998 1880 1060 1932 οὐ
1092 1879 1359 1951 μετέθηκε
1385 1880 1655 1951 μενοινὴν,

242 1967 403 2031 Υίέος
430 1967 675 2037 ὐψίστοιο
701 1968 837 2023 Θεοῦ
861 1969 1090 2025 Γενέταο
1114 1970 1351 2041 πιθήσας

240 2059 554 2129 Τηλυγέτου
584 2060 850 2132 Βασιλῆος
878 2063 937 2125 ἐς
964 2061 1187 2134 οὐνομα.
1226 2062 1293 2117 19
1323 2062 1621 2127 Δυσσεϐέος
1645 2062 1703 2117 δὲ

242 2151 469 2222 Κόσμου
502 2152 762 2221 σύγγονος
784 2153 880 2223 ἥδε
913 2152 1065 2207 πέλει
1094 2153 1296 2224 κρίσις.
1321 2154 1626 2226 Οὐρανόθεν
1659 2153 1769 2225 γὰρ

240 2242 358 2312 28
398 2242 494 2306 Εἰς
529 2242 696 2313 χθόνα
742 2242 946 2313 φέγγος
995 2243 1180 2297 ἵκανε·
1215 2242 1309 2297 καὶ
1343 2242 1624 2296 ἀσταθέων
1672 2242 1827 2309 γένος

1514 2329 1534 2402 [
1548 2330 1756 2400 ἀνδρῶν

238 2418 485 2489 Φέγγεος
514 2418 918 2492 ἀστράπτοντος
944 2422 1164 2490 ἐφίλατο
1188 2422 1384 2494 μᾶλλον
1410 2421 1661 2492 ὁμίχλην,

247 2511 358 2564 Καὶ
387 2510 523 2578 φάος
550 2513 612 2565 οὐ
642 2513 928 2566 ποθέουσιν
964 2514 1092 2567 ὅσον
1118 2513 1280 2582 ζόφον
1304 2528 1318 2543 ο
1355 2512 1494 2584 ἔργα
1518 2512 1627 2583 γάρ
1648 2509 1826 2565 αὐτῶν

246 2602 393 2669 Λοξά
425 2603 597 2659 πέλει.
639 2604 709 2658 20
745 2606 854 2659 Καὶ
886 2607 994 2668 πᾶς
1027 2622 1110 2668 τις
1142 2605 1283 2676 ἀνὴρ
1306 2604 1600 2673 ἀθεμίστια
1632 2602 1825 2673 ῥέζων,

252 2694 415 2759 "Agna
442 2694 634 2758 νυκτὸς
658 2695 817 2765 ἔχων,
854 2696 1069 2765 στυγέει
1101 2695 1260 2764 φάος,
1290 2694 1487 2748 οὐποτε
1517 2694 1692 2763 βαίνει

248 2782 347 2847 Εἰς
372 2787 507 2853 φάος
541 2788 946 2857 ἀγχικέλευθος,
983 2790 1131 2853 ὅπως
1164 2788 1237 2859 μὴ
1274 2789 1475 2858 φέγγος
1502 2788 1695 2859 ἐλέγξῃ

253 2876 451 2945 Ἔργα,
478 2877 656 2946 τάπερ
681 2877 853 2931 τελέει
883 2880 1088 2951 κρυφίῃ
1124 2879 1514 2949 κεκαλυμμένα
1549 2881 1697 2949 σιγῇ.

248 2968 315 3021 21
357 2970 453 3031 Ὃς
478 2968 536 3021 δὲ
559 2968 889 3041 θεουδείῃσιν
923 2972 1165 3042 ἐτήτυμα
1203 2973 1379 3025 πάντα
1408 2971 1691 3039 φυλάσσει,

249 3055 454 3119 Ἳξεται
482 3057 902 3123 αὐτοκέλευστος
924 3060 1029 3128 ὅπη
1060 3061 1214 3129 φάος,
1248 3061 1389 3130 ὄφρα
1416 3059 1608 3129 φανείη

256 3147 456 3217 Ἔργα,
485 3147 661 3219 τάπερ
688 3150 881 3220 ποίησε
911 3149 1046 3203 Θεοῦ
1078 3150 1437 3221 τετελεσμένα
1466 3150 1650 3220 βουλῇ.

256 3239 509 3294 Ἐννεπε.
581 3241 653 3295 22
690 3241 798 3295 Καὶ
833 3242 1129 3312 μετέπειτα
1156 3244 1313 3297 πέδον
1336 3242 1620 3297 Γαλιλαῖον
1645 3242 1831 3307 ὲάσας,

264 3332 457 3399 Ἀγνὲν
492 3332 757 3385 Ἰουδαίων
786 3332 1089 3386 ὐπεδύσατο
1120 3333 1320 3386 κόλπον
1356 3333 1620 3404 ἀρούρης.

255 3421 368 3475 Κοιί
392 3420 523 3484 θεὸς
546 3421 730 3473 αὑτόοι
760 3421 923 3492 μίμνε
951 3424 1047 3475 σὺν
1078 3422 1368 3475 ἀντιθέοισι
1402 3422 1692 3492 μαθηταῖς,

256 3509 539 3563 Ναιετάων
566 3508 770 3563 όθνεῖον
807 3509 1072 3565 ὲναύλιον.
1109 3511 1437 3581 Ἀγχιπόρου
1460 3510 1519 3563 δὲ

254 3598 424 3669 Γαίης
450 3599 603 3652 αίόλα
628 3598 770 3668 φῦλα
792 3599 939 3670 σοφῷ
973 3598 1265 3669 βαπτίζετο
1293 3600 1516 3671 ῥείθρῳ,
1628 3611 1631 3616 “

255 3691 492 3761 Σμήχων
507 3690 809 3762 ἀνδρομέης
825 3692 1053 3762 κραδίης
1067 3691 1259 3762 ῥύπον.
1284 3691 1355 3744 23
1366 3686 1473 3745 Ἦν
1484 3691 1540 3745 δὲ
1564 3691 1657 3746 καὶ
1677 3689 1840 3753 αὐτὸς

255 3780 414 3845 Θείος
458 3781 712 3851 Ἰωάννης
740 3780 1025 3834 θεοπειθέα
1050 3781 1178 3834 λαὸν
1207 3780 1415 3850 ἀλήτην

264 3875 455 3927 ’Υδατι
497 3874 771 3945 βαπτίζων
807 3874 1180 3944 βαθυκύμονος
1213 3872 1406 3941 ἐγγύθι
1435 3873 1662 3941 Σαλείμ.

264 3967 419 4020 Κείθι
449 3967 559 4036 γὰρ
591 3966 914 4037 εὐρυπόροιο
942 3963 1319 4035 κυλινδομένου
1366 3965 1630 4031 ποταμοῖο

265 4058 545 4129 Χεύμασιν
573 4057 790 4120 ἀενάοις
819 4055 1142 4125 κυμαίνεται
1174 4053 1402 4124 ἄφθονον
1438 4052 1583 4122 ὓδωρ

271 4150 497 4221 Ἀρκιον
526 4151 607 4202 εἰν
637 4149 718 4201 ἐν).
748 4149 932 4202 πᾶσιν.
972 4143 1378 4199 Ἐκυκλὼσαντο
1403 4142 1458 4195 δὲ
1484 4142 1603 4194 λαοὶ

265 4242 533 4313 Εὐσεϐίης
560 4243 657 4296 ἕνα
682 4242 859 4312 φῶτα,
886 4240 980 4305 καὶ
1005 4238 1201 4307 όψινόῳ
1239 4234 1491 4307 μετανοίῃ

279 4333 620 4403 ’Λμπλακίας
649 4334 948 4396 νίπτοντες,
988 4329 1368 4399 ὲφαιδρύνοντο
1402 4326 1666 4399 ῥεέθροις.

266 4424 339 4479 94
360 4424 526 4479 Οὔπω
552 4424 660 4496 γὰρ
686 4424 774 4478 διὰ
797 4423 1022 4495 λέκτρον
1053 4419 1434 4491 ἀμερσιγάμου
1466 4415 1721 4489 βασιλῆος

1926 510 2134 567 varium
2164 511 2357 567 dilexit
2399 513 2663 569 mundum
2693 523 2969 572 errantem
3009 507 3341 587 A'ltiregens,
3376 532 3499 573 sce-

1923 602 2249 671 ptritencns,
2272 610 2329 658 ut
2359 604 2662 672 adiutorem
2684 606 2966 663 hominum
2989 607 3341 680 Unigenitum
3365 610 3501 666 Ver-

1924 691 2053 749 bum
2084 691 2277 748 Filium
2307 693 2519 749 dederit
2561 698 2890 769 quadrijugo
2927 701 3152 766 mundo,
3181 700 3273 769 Ut,
3318 703 3497 772 ipsum

1924 784 2016 854 qui
2060 786 2347 855 receperit,
2393 787 2677 843 versatiles
2724 804 2906 847 mores
2953 792 3268 861 immutans,
3303 793 3499 862 .Fidem

1923 877 1992 932 ad
2051 877 2263 932 ﬁrmam
2314 878 2675 933 voluntariam
2727 882 2994 937 cervicem
3071 883 3319 950 ﬂectens,
3372 886 3503 940 Viue

1924 967 2164 1023 caelestis
2194 976 2455 1022 aeternum
2489 969 2543 1022 in
2566 975 2769 1025 emtum
2793 973 2996 1035 veniat,
3024 962 3287 1029 llabitans
3321 976 3501 1030 incor-

1924 1066 2140 1127 ruptam
2193 1059 2415 1113 domum
2480 1059 2534 1115 in
2600 1060 2893 1115 arboribus
2958 1064 3173 1117 consito
3222 1064 3497 1133 paradiso.

1926 1147 1993 1200 17
2042 1146 2162 1202 Νοιι
2209 1149 2355 1203 enim
2401 1147 2637 1204 Verbum
2688 1164 2848 1204 suum
2897 1148 3092 1205 Filium
3141 1153 3283 1208 Deus
3341 1152 3503 1209 Pater

1820 1274 1823 1275 ν
1924 1238 2075 1295 dedit
2100 1239 2325 1303 mundo,
2357 1238 2618 1294 Mundum
2642 1247 2703 1294 ut
2730 1239 2941 1309 judicet
2974 1248 3101 1295 ante
3136 1249 3372 1312 tempus,
3405 1246 3501 1302 sed

1925 1330 2135 1398 lapsam
2167 1328 2468 1383 Humanam
2504 1338 2564 1385 ut
2602 1344 2818 1386 omnem
2866 1332 3158 1389 resuscitet
3196 1334 3503 1401 generatio-

1924 1436 2071 1479 nem.
2118 1422 2184 1476 18
2227 1422 2329 1487 Qui
2372 1422 2538 1492 igitur
2564 1422 2742 1492 ipsum
2788 1422 2927 1477 ﬁrmi
2975 1424 3160 1480 cordis
3206 1425 3505 1495 placaverit

1926 1511 2064 1581 lege,
2113 1513 2394 1582 Abjiciens
2441 1514 2617 1569 aereis
2664 1512 3000 1568 incredulam
3048 1514 3259 1571 rabiem
3302 1517 3502 1583 ventis,

1926 1601 2150 1658 Rectam
2185 1605 2344 1661 ﬁdem
2380 1606 2610 1673 habens,
2652 1623 2762 1662 non
2790 1608 3103 1677 iudicatur:
3140 1608 3186 1663 si
3215 1623 3347 1663 vero
3373 1608 3501 1678 quis

1926 1695 2011 1750 vir
2061 1694 2365 1751 Humanam
2410 1699 2464 1752 in
2514 1713 2735 1754 carnem
2782 1707 2966 1755 mente
3013 1709 3233 1770 captum
3283 1701 3506 1756 oculum

1857 1808 1899 1863 Β
1928 1784 2190 1856 dirigens,
2223 1786 2416 1841 Audax
2459 1788 2735 1858 aperuerit
2782 1790 2890 1845 Deo
2933 1805 3243 1862 repugnans
3288 1807 3373 1857 os,
3409 1791 3507 1847 Vir

1922 1876 2202 1947 judicatus
2242 1888 2327 1934 est
2355 1879 2466 1942 hic,
2501 1881 2627 1948 quia
2651 1881 2808 1935 tarde
2849 1882 3107 1937 credente
3148 1882 3332 1936 animo
3360 1882 3507 1938 Non-

1926 1967 2057 2023 dum
2095 1968 2256 2023 ﬁdem
2299 1969 2565 2038 suscepit,
2606 1979 2661 2024 et
2707 1984 2813 2025 non
2846 1973 3237 2026 transmutavit
3282 1983 3505 2029 senten-

1928 2059 2081 2122 tiam,
2111 2057 2235 2113 Filii
2270 2060 2527 2115 altissimi
2553 2059 2649 2115 Dei
2687 2060 2866 2117 Patris
2890 2060 3123 2117 credens
3162 2060 3335 2117 Unice
3361 2064 3507 2119 σξιο-ι

1926 2149 2001 2202 cti
2038 2148 2201 2219 Regis
2233 2150 2289 2204 in
2316 2164 2537 2205 nomen.
2574 2149 2639 2205 19
2670 2150 2823 2220 Impii
2866 2159 3047 2206 autem
3087 2151 3270 2207 Mundi
3307 2168 3507 2223 conge-

1927 2237 2100 2290 nitum
2139 2238 2242 2294 hoc
2284 2245 2368 2293 est
2393 2238 2684 2307 judicium.
2711 2237 2822 2307 29
2850 2237 3081 2295 Ccelitus
3118 2240 3263 2294 enim
3304 2239 3362 2294 ln
3400 2248 3508 2294 ιον-ι

1927 2342 2044 2381 ram
2079 2327 2263 2383 lumen
2302 2327 2470 2393 venit,
2518 2335 2573 2382 et
2620 2327 2957 2383 instabilium
3008 2343 3182 2399 genus
3226 2329 3506 2385 hominum

1929 2414 2159 2469 Lumine
2200 2415 2440 2485 fulgente
2489 2414 2680 2472 dilexit
2730 2418 2904 2486 magis
2960 2418 3267 2487 caliginem,
3314 2417 3380 2473 Et
3431 2419 3510 2473 lu-

1930 2520 2055 2559 mcn
2079 2520 2186 2559 non
2217 2506 2529 2561 desiderant
2560 2515 2821 2577 quantum
2855 2507 3108 2561 tenebras
3138 2521 3337 2576 :opera
3363 2509 3509 2565 enim

1930 2593 2175 2663 ipsorum
2216 2594 2394 2648 Curva
2422 2603 2600 2649 erant.
2632 2596 2702 2649 20
2735 2594 2799 2648 Et
2829 2596 3143 2666 ‘quicunque
3185 2596 3270 2650 vir
3298 2596 3509 2655 nefaria
3554 2658 3555 2661 η

1932 2684 2344 2756 faciens,Digna
2377 2694 2538 2743 nocte
2570 2686 2799 2753 habens,
2845 2687 2959 2741 odit
2999 2687 3208 2749 lumen,
3253 2702 3357 2742 nec
3403 2703 3512 2745 un-

1930 2790 2094 2845 quam
2130 2775 2277 2829 venit
2301 2775 2359 2829 ln
2391 2776 2566 2829 lucem
2600 2776 2855 2841 vicinam,
2904 2791 2973 2832 ne
3005 2775 3185 2830 lumen
3222 2775 3512 2845 redarguat

1932 2866 2111 2937 Opera
2144 2882 2268 2937 quae
2296 2866 2432 2920 facit
2460 2866 2678 2921 occulto
2717 2873 2859 2921 tecta
2891 2866 3131 2921 silentio.
3160 2866 3223 2920 21
3251 2865 3355 2931 Qui
3380 2881 3512 2922 vero

1932 2959 2135 3028 pietate
2174 2973 2301 3013 vera
2332 2959 2516 3014 omnia
2540 2957 2802 3020 custodit,
2842 2955 3034 3012 Veniet
3061 2964 3252 3025 sponte
3294 2958 3388 3011 ubi
3430 2958 3515 3010 lu-

1936 3076 2083 3125 men,
2113 3067 2172 3115 ut
2215 3058 2633 3115 manifestentur
2670 3059 2847 3128 Opera
2888 3074 3009 3127 quae
3040 3057 3167 3113 fecit
3210 3057 3303 3112 Dei
3332 3054 3520 3128 perfe-

1936 3172 2025 3218 cta
2054 3164 2352 3218 voluntate.
2381 3162 2545 3215 Dixit.
2590 3162 2662 3215 22
2694 3161 2759 3215 Et
2787 3162 3047 3231 deinceps
3075 3175 3267 3231 campo
3290 3160 3517 3215 Galilmo

1937 3269 2150 3329 relicto,
2186 3266 2445 3321 Sanctum
2485 3259 2796 3319 Judaeorum
2825 3266 2993 3321 subiit
3021 3265 3201 3319 sinum
3233 3274 3414 3319 terrae.
3448 3262 3518 3317 Et

1937 3370 2082 3425 Deus
2128 3370 2200 3424 ibi
2244 3369 2448 3424 mansit
2489 3384 2615 3424 cum
2659 3368 2858 3423 divinis
2904 3368 3213 3438 discipulis,
3248 3365 3515 3426 Hahitans

1938 3475 2174 3530 alienum
2209 3473 2573 3529 domicilium.
2621 3472 2949 3543 Propiuquae
2978 3487 3108 3526 vero
3130 3471 3311 3526 Terrae
3334 3472 3517 3528 varias

1940 3576 2118 3631 tribus
2150 3575 2384 3646 sapienti
2420 3573 2731 3644 baptizabat
2759 3573 2932 3638 ﬂuxu,
2960 3572 3292 3644 Abstergens
3317 3574 3386 3628 ab
3419 3574 3520 3628 hu-

1938 3697 2103 3737 mano
2133 3682 2299 3737 corde
2333 3681 2545 3737 sordes.
2583 3680 2653 3734 25
2685 3679 2815 3735 Erat
2843 3688 3022 3735 autem
3054 3687 3109 3735 et
3144 3680 3262 3749 ipse
3290 3678 3518 3735 Divinus

1938 3785 2177 3841 Joannes
2224 3784 2335 3841 Deo
2381 3785 2693 3841 credentem
2733 3784 2991 3854 populum
3044 3790 3319 3837 errantem
3362 3782 3519 3853 Aqua

1941 3889 2248 3961 baptizans,
2286 3887 2542 3958 profundi
2589 3886 2768 3939 ﬂuxus
2798 3886 2954 3955 juxta
3003 3884 3205 3941 Salem.
3244 3884 3322 3938 lbi
3373 3885 3520 3939 enim

1942 3993 2132 4048 vadosi
2161 3992 2326 4047 veluti
2356 3990 2596 4046 ﬂuminis
2630 3986 2893 4042 Fluxibus
2925 3987 3203 4057 perpetuis
3224 3986 3522 4042 ﬂuctuabat

1944 4098 2095 4169 larga
2136 4112 2300 4168 aqua,
2354 4094 2638 4149 Sufficiens
2676 4107 2786 4148 una
2839 4091 3119 4146 omnibus.
3156 4091 3523 4147 Circumdcdit

1947 4209 2126 4256 autem
2163 4199 2397 4270 populus
2427 4196 2650 4253 Pietatis
2687 4197 2907 4251 unicum
2946 4195 3144 4259 virum,
3185 4202 3241 4248 et
3269 4209 3394 4250 sero
3434 4208 3524 4249 sa-

1945 4308 2126 4378 piente
2167 4305 2486 4376 poenitentia
2545 4300 2736 4357 Errata
2797 4302 3044 4356 lavantes
3095 4300 3525 4371 purificabantur

1948 4411 2185 4467 ﬂuentis.
2234 4410 2305 4465 21
2353 4407 2602 4465 Nondum
2641 4408 2784 4469 enim
2814 4413 3034 4478 propter
3077 4405 3375 4460 thalamum
3416 4418 3523 4458 nu-

1467 4532 1748 4589 TEXTUS
1788 4526 2312 4586 EVANGELIST/E.

344 4633 411 4688 16
442 4632 598 4686 Οὕτω
630 4631 738 4703 γάρ
769 4632 1056 4702 ἠγάπησεν
1092 4633 1120 4684 6
1153 4630 1282 4692 Θεὸς
1316 4628 1407 4682 τὸν
1453 4627 1677 4697 κόσμον,
1703 4624 1844 4677 ὥστε
1879 4630 1925 4688 D
1948 4622 2048 4675 οὐκ
2086 4622 2301 4693 ἔρχεται
2332 4618 2467 4690 πρὸς
2497 4618 2559 4673 τὺ
2587 4617 2703 4686 φῶς
2722 4631 2738 4646 ο
2790 4615 2879 4669 ἵνα
2912 4614 2987 4685 μὴ
3018 4611 3246 4682 ἐλεγχθῇ
3273 4609 3342 4663 τά
3390 4606 3527 4681 ιργα

270 4720 362 4773 τὸν
395 4717 525 4770 Υἱὸν
574 4716 739 4769 αὐτοῦ
789 4715 883 4769 τὸν
940 4714 1201 4786 μονογενῆ
1252 4713 1473 4773 ἔδωκεν,
1533 4710 1620 4763 ἵνα
1665 4709 1772 4770 πᾶς
1820 4709 1849 4760 6

271 4799 547 4855 πιστεύων
588 4801 669 4864 είς
709 4799 872 4853 αὐτὸν
920 4800 995 4872 μὴ
1043 4798 1335 4867 ἀπόληται,
1388 4793 1504 4848 ἀλλ’
1552 4791 1651 4861 έχῃ
1704 4789 1848 4861 ζωήν

275 4885 513 4940 αἰώνιον.

349 4969 416 5022 17
461 4967 536 5021 Οὐ
571 4967 681 5039 γὰρ
715 4964 1034 5020 ἀπέστειλεν
1068 4964 1097 5017 6
1129 4962 1262 5025 Θεὸς
1291 4962 1382 5014 τὸν
1413 4959 1540 5013 Υἱδν
1579 4955 1744 5011 αὐτοῦ
1773 4957 1851 5020 εἰς

274 5053 367 5105 τὸν
408 5051 633 5121 κόσμον,
670 5051 758 5104 ἵνα
793 5050 955 5121 κρίνῃ
983 5050 1074 5101 τδν
1121 5048 1347 5117 κόσμον,
1383 5043 1500 5098 ἀλλ’
1538 5043 1625 5097 ἵνα
1649 5042 1795 5113 σωθῇ
1826 5042 1854 5095 ό

277 5136 481 5205 κόσμος
510 5133 575 5186 δι’
607 5132 797 5189 αὐτοῦ.

351 5220 416 5273 18
450 5220 507 5271 't)
537 5216 807 5271 πιστεύων
844 5216 924 5278 εἰς
955 5212 1137 5275 αὐτὸν,
1180 5212 1240 5263 οὐ
1295 5210 1575 5281 κρίνεταιο
1632 5210 1661 5261 6
1686 5207 1742 5261 δὲ
1781 5207 1854 5278 μὴ

282 5300 572 5363 πιστεύων,
618 5302 718 5371 ἤδη
759 5299 1034 5369 κέκριται,
1073 5297 1155 5348 ὃτι
1194 5295 1268 5365 μὴ
1301 5295 1662 5347 πεπίστευκεν
1691 5295 1770 5357 εἰς
1796 5293 1855 5345 τὸ

281 5384 453 5437 ὄνομα
484 5388 578 5438 τοῦ
610 5380 932 5455 μονογενοῦς
962 5378 1094 5432 Υίοῦ
1121 5376 1213 5431 τοῦ
1239 5376 1397 5430 Θεοῦ.

354 5466 424 5521 19
454 5465 600 5537 Αὕτη
635 5465 692 5519 δέ
727 5465 936 5534 ἐστινὴ
976 5462 1177 5533 κρίσις,
1224 5461 1304 5513 ὅτι
1336 5458 1398 5511 τὸ
1441 5457 1557 5527 φῶς
1599 5455 1855 5527 ἐλήλυθεν

283 5552 364 5616 εἰς
400 5550 491 5603 τὸν
528 5551 754 5620 κόσμον,
791 5548 884 5602 καὶ
930 5545 1225 5617 ἠγάπησαν
1264 5542 1312 5595 οἱ
1343 5543 1622 5613 ἄνθρωποι
1657 5539 1855 5610 μᾶλλον

283 5634 345 5688 τὸ
369 5633 558 5697 σκότος
585 5633 618 5702 ἢ
646 5633 707 5685 τὸ
736 5631 850 5700 φῶς
871 5647 884 5661 ’
934 5624 1003 5698 ἦν
1030 5628 1137 5697 γὰρ
1163 5625 1376 5696 πονηρά
1398 5623 1576 5676 αὐτῶν
1606 5623 1676 5675 τὰ
1702 5621 1855 5695 ἔργα.

356 5717 428 5773 20
458 5718 572 5781 Πᾶς
607 5716 711 5788 γὰρ
742 5717 769 5767 ὁ
795 5714 973 5784 φαῦλα
1011 5714 1292 5781 πράσσων,
1324 5711 1471 5779 μισεῖ
1499 5708 1558 5763 τὸ
1589 5706 1733 5777 φῶς·
1763 5709 1857 5761 καὶ

1956 4721 2141 4757 αυτου.

2025 4786 2089 4839 21
2111 4786 2168 4837 '0
2192 4784 2250 4837 δὲ
2281 4782 2449 4836 ποιιῖιν
2469 4781 2565 4852 τὴν
2594 4779 2871 4851 ἀλήθειαν,
2896 4776 3114 4848 ἔρχεται
3139 4774 3274 4844 πρὸς
3302 4771 3363 4826 τὸ
3390 4770 3526 4841 φῶς,

1957 4871 2043 4923 ἵνα
2096 4867 2382 4938 φανερωθῇ
2434 4864 2597 4919 αὐτοῦ
2645 4864 2713 4917 τά
2774 4862 2935 4933 ἔργα,
2989 4861 3073 4913 ότι
3133 4860 3189 4911 ὲν
3227 4856 3346 4927 Θεῷ
3384 4857 3529 4909 ἐστιν

1950 4951 2308 5022 είργασμένα.

2022 5035 2092 5088 22
2124 5034 2279 5088 Μετά
2328 5030 2502 5089 ταῦτα
2553 5026 2718 5101 ἦλθεν
2756 5030 2785 5081 6
2825 5024 3032 5098 Ἰησοῦς
3065 5023 3158 5077 καὶ
3199 5023 3249 5076 oi
3295 5024 3531 5095 μαθηταὶ

1952 5117 2116 5171 αὐτοῦ
2150 5117 2230 5178 είς
2268 5116 2368 5185 τὴν
2404 5113 2664 5167 Ἰουδαίαν
2697 5111 2833 5181 γῆν·
2876 5110 2969 5164 καὶ
3002 5110 3117 5162 ἐκεῖ
3148 5106 3383 5176 διέτριϐε
3413 5107 3532 5177 μετ’

1954 5201 2131 5255 αὐτῶν
2160 5198 2253 5253 καὶ
2286 5197 2597 5261 ἐϐάπτιζεν.

2022 5286 2095 5338 ‘25
2121 5281 2229 5337 Ἦν
2254 5283 2309 5335 δὲ
2337 5282 2430 5335 καὶ
2465 5280 2718 5350 Ἰωάννης
2754 5276 3030 5349 βαπτίζων
3061 5277 3117 5330 ὲν
3148 5272 3342 5332 Αἰνὼν.
3369 5270 3534 5338 ἐγγὺς

1953 5367 2046 5420 τοῦ
2076 5368 2300 5437 Σαλεὶμ,
2341 5366 2421 5419 ὅτι
2462 5364 2631 5417 ὕδατα
2673 5361 2846 5415 πολλὰ
2893 5355 2961 5431 ἦν
2992 5359 3138 5411 ὲκεί’
3175 5355 3269 5408 καὶ
3302 5350 3534 5420 παρεγί-⁴

1952 5467 2103 5507 νοντο
2135 5446 2226 5503 καὶ
2257 5449 2634 5513 ὲόαπτίζοντο.

2018 5534 2095 5587 24
2135 5533 2303 5588 Οὔπω
2344 5528 2556 5608 γὰρῆν
2588 5529 2920 5604 βεῦλημένος
2961 5525 3176 5593 είς¹τὴν
3221 5512 3467 5590 φυλακὴν
3492 5513 3523 5565 6

1966 5616 2237 5689 Ἰωάννης.
