3938 6214
446 318 550 379 ’171

1722 311 1934 369 NONNI
1972 309 2479 369 PANOPOLITAM

3637 315 3748 372 772

447 443 582 512 ptiis
641 439 908 512 privantia
959 435 1105 508 regis
1158 433 1390 488 Domum
1447 445 1662 504 semper
1711 430 2028 486 custoditum

2148 423 2309 481 Οἶκον
2334 425 2740 507 ἀειφρούρητον,
2757 426 2987 482 ἐδύσατο
3020 424 3236 501 πομπὸν
3258 429 3481 500 ὀλέθρου

449 533 622 588 subiit
648 531 946 587 ductricem
974 525 1123 583 exitii
1154 523 1380 578 Divinus
1409 526 1492 577 vir
1515 521 1757 593 graviter
1788 519 2027 575 vinctus.

445 624 520 680 25
560 623 856 680 Contentio’
894 633 1027 675 vero
1070 616 1318 689 quasdam
1360 615 1427 670 de
1469 611 1848 685 puriﬁcatione
1899 609 2030 667 Erat

447 713 712 770 sacriﬁcia
767 710 993 766 Joannis
1055 707 1341 778 discipulis
1403 704 1628 759 Hebraeo
1697 717 1822 759 cum
1889 702 2028 757 viro.

446 802 519 857 26
562 802 844 858 Concitato
886 812 1017 855 vero
1047 797 1184 869 pede
1229 794 1510 851 Venerunt
1559 794 1627 849 ad
1673 794 1851 847 virum
1894 791 2033 847 divi-

448 906 600 957 num,
637 890 1123 958 demulseruntque
1149 901 1402 944 sermone
1437 903 1451 940 :
1484 884 1657 940 Tenui
1689 884 1899 938 hirsuta
1940 885 2031 937 in-

445 981 638 1036 dutum
678 981 857 1038 virum
899 979 1107 1043 tunica,
1153 977 1352 1038 Rabbi.
1391 976 1715 1033 salutarium
1763 988 2031 1043 aquarum

444 1072 709 1142 primario
763 1084 967 1140 praeco,
1027 1069 1133 1135 Qui
1182 1074 1302 1124 erat
1351 1077 1535 1123 tecum
1590 1077 1746 1121 trans
1792 1063 2033 1120 “tintinis

443 1163 649 1227 ﬂuxus,
682 1162 859 1228 Quem
905 1168 964 1215 tn
994 1174 1065 1216 ex
1097 1158 1210 1215 Deo
1241 1165 1431 1214 natum
1480 1156 1713 1228 sapienti
1738 1155 2030 1211 conﬁrma-

446 1255 515 1311 sti
543 1253 734 1316 verbo,
768 1250 867 1305 Hic
892 1250 1105 1306 habens
1139 1248 1499 1304 imitationem
1533 1246 1609 1300 tui
1646 1246 1769 1315 puri
1803 1245 2028 1311 lavacri,

445 1343 764 1414 Baptizahat
795 1340 905 1412 30
950 1342 1122 1395 multo
1172 1339 1370 1410 magis,
1429 1347 1485 1394 et
1546 1336 1805 1392 concordi
1847 1336 2032 1391 animo

451 1432 760 1487 Promiscui
791 1432 956 1485 nubis
995 1431 1053 1485 in
1093 1431 1316 1485 modum
1345 1443 1536 1485 omnes
1578 1427 1839 1503 festinant
1859 1429 2028 1491 cives,

446 1521 743 1592 Cupientes
782 1520 929 1577 illius
955 1520 1215 1589 consequi
1244 1519 1488 1574 divinum
1529 1518 1828 1572 lavacrum.
1861 1515 1929 1569 27
1965 1516 2031 1571 Et

448 1613 586 1684 ipsis
629 1613 1094 1682 respondentibus
1130 1626 1291 1667 verax
1329 1611 1466 1665 dixit
1498 1609 1615 1664 vir.-
1651 1608 1804 1663 Nihil
1835 1622 2031 1678 capere

448 1708 629 1773 potest
653 1702 856 1772 aliquis
884 1701 1201 1758 coelestibus
1221 1716 1253 1756 e
1288 1701 1502 1756 sinibus
1536 1698 1654 1755 Nisi
1687 1700 1790 1754 hoc
1828 1714 2028 1754 munus

2131 516 2203 571 25
2214 516 2367 580 Θεῖος
2383 516 2524 588 ἀνὴρ
2540 516 2902 588 βαρύδεσμος.
2919 518 3077 590 Ἔρις
3096 518 3154 572 δέ
3168 537 3254 582 τις
3272 519 3418 591 ἀμφὶ
3430 515 3747 588 καθαρμοῦ

2135 608 2369 662 Ἐπλετο
2405 608 2819 679 μυστιπόλοισιν
2865 609 3118 664 Ἰωάνναο
3148 610 3419 683 μαθητακ
3468 665 3478 672 _

2143 695 2395 769 Ἐδραίου
2428 697 2569 768 μετά
2600 697 2797 767 φωτός.
2825 696 2897 752 26
2929 698 3286 771 Ἐρειλίξάντο
3310 701 3368 757 δὲ
3397 701 3615 774 πεδίλῳ

2130 781 2334 840 *Ηλθον
2356 788 2416 851 ἐς
2441 787 2611 859 ἀνέρα
2637 788 2781 842 θεῖον
2800 805 2815 820 ο
2842 790 3185 860 ἐμειλίξαντο
3214 791 3273 843 δὲ
3298 791 3454 863 μύθῳ
3471 797 3498 824 '°

2135 878 2447 947 Λεπτοφυεῖ
2484 877 2656 949 λασίῳ
2686 880 3106 952 πεπυκασμένον
3133 881 3301 953 ἄνδρα
3321 884 3540 953 χιτῶνι,

2145 968 2395 1035 Ῥαόϐὶν,
2420 968 2759 1035 ἀλεξικάκων
2797 971 3006 1026 ὑδάτων
3037 973 3350 1046 πρωτόθροε
3381 974 3593 1048 κήρυξ,

2134 1060 2325 1123 Ὅστις
2353 1057 2451 1131 έην
2474 1060 2614 1130 μετά
2638 1063 2753 1115 σεῖο
2780 1060 2955 1131 πέρην
2986 1063 3250 1132 ποταμοῖο
3277 1063 3479 1133 ῥοάων,

2139 1150 2235 1203 Ὃν
2260 1150 2324 1202 σὺ
2358 1146 2496 1201 Θεοῦ
2523 1147 2782 1219 γεγαῶτα.
2815 1148 2967 1220 ουφῷ
3010 1148 3283 1203 πιστώσαο
3315 1149 3492 1222 μύθῳ,

2132 1236 2302 1303 Οὗτος
2320 1240 2459 1311 έχων
2496 1241 2722 1313 μίμημα
2747 1240 2873 1295 τεοῦ
2898 1239 3163 1312 καθαροῖο
3186 1240 3434 1312 λοετροῦ,

2110 1314 2236 1402 '31
2288 1331 2547 1396 Βαπτίζει
2576 1331 2710 1385 πολὺ
2743 1331 2943 1403 μᾶλλον
2966 1349 2980 1362 ·
3004 1330 3256 1404 ὁμοζήλῳ
3274 1332 3332 1386 δὲ
3358 1335 3587 1403 μενοινῇ

2131 1423 2441 1495 Συμμιγέες
2466 1423 2752 1495 νεφεληδὸν
2780 1423 2892 1477 ὅλοι
2929 1423 3220 1477 σπεύδουσι
3250 1423 3484 1490 πολῖται,

2143 1516 2366 1587 Ἰέμενοι
2393 1517 2595 1571 κείνοιο
2626 1519 2811 1587 τυχεῖν
2850 1516 3015 1570 θείοιο
3039 1515 3284 1589 λοετροῦ.

2128 1608 2197 1662 27
2231 1608 2340 1661 Καί
2371 1625 2496 1677 σφιν
2519 1606 2966 1679 ἀμειῶμένοισιν
2994 1609 3265 1680 ἐτήτυμος
3288 1607 3514 1663 ἔννεπεν
3547 1610 3733 1687 ἀνήρ’

2130 1699 2296 1753 Οὐδὲν
2328 1699 2469 1752 ἐλεῖν
2492 1698 2717 1753 δύναταί
2739 1715 2824 1762 τις
2848 1699 3193 1771 ἐπουρανίων
3221 1700 3331 1753 ἀπὸ
3354 1700 3605 1768 κόλπων,

447 1766 711 1847 divinitus
732 1766 997 1847 donatum
1029 1793 1215 1849 fuerit.
1248 1792 1321 1847 28
1348 1790 1459 1848 Vos
1486 1801 1655 1848 testes
1687 1791 1821 1847 estis
1843 1791 2028 1846 scien-

2144 1791 2194 1844 Et
2224 1789 2298 1862 μὴ
2330 1789 2490 1844 τοῦτο
2508 1789 2677 1860 γέρας
2706 1788 2895 1843 θεόθεν
2915 1766 3312 1862 κεγαρισμένον
3326 1790 3435 1862 εἴη.

447 1890 554 1947 tes,
595 1883 816 1952 quando
857 1884 1060 1954 populo
1093 1884 1296 1953 Aperte
1340 1884 1453 1938 diti
1508 1898 1685 1939 meam
1715 1898 1898 1938 veram
1935 1896 2033 1937 vo-

445 1988 564 2029 cem
594 1992 607 2028 :
638 1972 891 2029 Christus
932 1973 1049 2029 Rex
1079 1989 1188 2029 non
1223 1989 1368 2040 sum,
1414 1974 1583 2029 vitam
1627 1988 1887 2041 servans;
1936 1972 2031 2029 sed

447 2081 536 2121 me
583 2067 734 2123 illius
784 2068 1097 2139 Altiregens
1150 2068 1418 2139 praemisit
1474 2068 1620 2125 Deus
1676 2069 1869 2125 ducem
1910 2069 2028 2123 vim.

444 2155 516 2211 29
545 2156 811 2227 Sponsam
854 2157 947 2228 qui
989 2158 1171 2225 habet,
1201 2164 1290 2213 est
1331 2173 1614 2228 sponsus:
1654 2173 1822 2229 prope
1865 2173 2032 2228 appa-

448 2264 578 2304 rens
616 2264 750 2303 vero
775 2248 897 2319 Ipso
929 2250 1211 2319 loquente,
1240 2259 1294 2304 et
1314 2257 1469 2306 stans
1497 2259 1552 2306 et
1583 2252 1832 2313 audiens,
1871 2250 2032 2305 Auri-

448 2340 553 2395 bus
583 2340 869 2395 oblectatis
918 2339 1187 2409 recipiens
1222 2348 1543 2394 consuetam
1585 2354 1796 2403 vocem,
1819 2338 2032 2395 Gaudio

449 2429 592 2484 ﬁdus
622 2430 836 2484 amicus
879 2430 1150 2496 exsultat;
1187 2441 1375 2485 nostra
1408 2445 1537 2486 vero
1571 2429 1870 2486 Delectatio
1903 2447 2030 2502 per-

451 2517 593 2571 fecta
626 2525 712 2573 est
739 2517 897 2572 valde
924 2518 1186 2587 optanda.
1213 2519 1284 2574 50
1313 2520 1494 2574 Altum
1523 2520 1669 2574 enim
1706 2520 1862 2576 Illum
1893 2537 2031 2577 sem-

448 2623 548 2679 per
580 2623 805 2664 necesse
833 2617 916 2664 est
940 2608 1141 2665 habere
1178 2620 1577 2667 recrescentem
1606 2612 1859 2684 gloriam,
1887 2612 2030 2669 Tan-

447 2713 611 2768 quam
640 2697 830 2765 Deum,
861 2699 1260 2769 immortalem;
1298 2716 1385 2757 me
1425 2712 1606 2757 autem
1640 2702 1914 2760 hominem
1945 2712 2031 2761 est

445 2804 677 2845 necesse
698 2789 939 2846 Minores
973 2805 1262 2847 mensuras
1292 2793 1457 2857 ferre,
1489 2795 1616 2863 quia
1652 2795 1883 2852 minoris
1906 2811 2028 2852 sum

445 2879 850 2951 generationis.
881 2880 945 2935 51
980 2878 1080 2935 llic
1104 2881 1197 2951 qui
1232 2881 1301 2937 ab
1335 2883 1443 2937 alto
1471 2884 1620 2939 venit
1647 2885 1965 2942 coelestibus
1998 2900 2031 2942 e

445 2962 683 3033 sinibus,
716 2968 894 3040 Supra
934 2983 1128 3026 omnes
1161 2971 1269 3027 alte
1303 2971 1563 3038 incessit;
1595 2973 1690 3044 qui
1720 2988 1851 3030 vero
1873 2984 2031 3031 terra:

2130 1880 2201 1936 28
2244 1881 2433 1952 Ὑμεῖς
2454 1880 2733 1952 μάρτυρές
2758 1881 2882 1934 ἐστε
2913 1881 3199 1952 δαήμονες,
3230 1882 3432 1935 ὁππότε
3453 1882 3618 1945 λαοῖς

2144 1971 2447 2043 Ἀμφαδίην
2474 1972 2737 2043 ἀγόρευον
2762 1973 2902 2045 ἐμὴν
2932 1973 3168 2043 ἀψευδέα
3191 1973 3375 2045 φωνήν
3393 1989 3408 2002 '

2130 2063 2363 2133 Χριστὸς
2400 2061 2570 2128 ’Δναξ
2594 2064 2695 2117 οὐκ
2718 2064 2855 2133 εἰμὶ,
2886 2063 3149 2134 βιοσσόος,
3182 2063 3319 2117 ἀλλά
3343 2081 3410 2135 με
3440 2063 3634 2117 κείνου

2142 2153 2451 2224 ’Υψιμέδων
2483 2154 2725 2226 προέηκε
2757 2153 2887 2219 Θεὸς
2922 2153 3154 2226 πομπῆα
3186 2155 3459 2211 κελεύθου.

2129 2239 2199 2294 29
2226 2239 2464 2310 Νύμφην
2491 2243 2639 2305 ὅστις
2657 2240 2792 2312 ἔχει,
2819 2242 2950 2296 πέλε
2970 2243 3226 2314 νυμφίοςο
3260 2245 3573 2317 ἁγχιφανὴς
3597 2246 3661 2300 δὲ

2131 2330 2328 2384 Κείνου
2360 2330 2771 2402 φθεγγομένοιο,
2793 2333 2888 2386 καὶ
2916 2332 3223 2405 ἱστάμενος,
3246 2336 3340 2388 καὶ
3376 2335 3619 2401 ἀκούων,

2131 2418 2306 2474 Ούασι
2343 2419 2720 2491 θελγομένοισι
2746 2421 3067 2492 δεδεγμένος
3097 2421 3273 2493 ἠθάδα
3301 2423 3504 2495 φωνὴν,

2130 2513 2387 2584 Χάρματι
2419 2513 2612 2578 πιστὸς
2639 2515 2853 2585 ἑταῖρος
2883 2514 3182 2584 ἀγάλλεται
3203 2534 3218 2548 ·
3255 2517 3497 2589 ἡμετέρη
3530 2518 3593 2572 δέ

2131 2604 2397 2676 Τερπωλὴ
2425 2604 2707 2658 τετέλεστο
2742 2605 3078 2669 πολύλλιτος.
3113 2606 3185 2662 50
3218 2607 3513 2678 Ἀγχινεφῆ
3549 2608 3660 2680 μὲν

2130 2696 2323 2748 Κεῖνον
2357 2694 2444 2748 ἀεὶ
2471 2694 2631 2766 χρέος
2658 2694 2808 2749 ἐστὶν
2831 2694 2977 2766 ἔχειν
3010 2695 3342 2762 παλιναυξέα
3363 2698 3556 2769 τιμὴν,

2141 2785 2230 2849 Ὠς
2258 2784 2412 2851 Θεὸν,
2442 2784 2722 2856 ἀθανάτην
2749 2803 2763 2816 ·
2791 2785 2893 2857 ἐμὲ
2922 2787 2980 2841 δὲ
3013 2788 3207 2860 βροτὸν
3234 2790 3384 2842 ἐστὶν
3420 2789 3648 2860 ἀνάγκη

2133 2875 2376 2929 Ἤσσονα
2405 2876 2580 2947 μέτρα
2607 2876 2818 2948 φέρειν,
2847 2877 2929 2931 ὅτι
2959 2878 3176 2948 μείονός
3209 2881 3327 2951 εὶμι
3354 2879 3643 2951 γενέθλης.

2131 2966 2195 3021 51
2224 2961 2394 3032 Οὗτος
2422 2968 2483 3033 ὃς
2513 2968 2710 3039 ὑψόθεν
2737 2963 2902 3040 ἦλθεν
2928 2971 3269 3043 ἐπουρανίων
3294 2972 3403 3026 ἀπὸ
3424 2972 3679 3039 κόλπων,

444 3060 768 3131 sanguinem
805 3059 932 3122 fert,
980 3060 1239 3132 Loquens
1286 3069 1447 3117 terra:
1489 3077 1679 3133 opera,
1720 3071 1806 3121 est
1855 3073 2027 3122 terre-

2144 3057 2358 3113 Πάντων
2380 3058 2476 3129 squ
2504 3059 2738 3133 βέϐηκεν
2765 3079 2779 3092 ·
2805 3062 2833 3115 6
2861 3060 2919 3114 δὲ
2939 3061 3128 3133 χθονὸς
3157 3058 3299 3134 αἷμα
3322 3064 3590 3134 κομίζων,

442 3152 575 3209 stris
602 3153 704 3207 vir.
737 3152 808 3208 32
838 3152 942 3218 Qui
975 3168 1105 3210 vero
1133 3157 1204 3210 ah
1247 3154 1486 3211 aethereo
1518 3154 1688 3212 Deum
1730 3158 2028 3228 recipiente

2144 3148 2509 3221 Ρθεγγόμενος
2541 3152 2732 3223 χθονὸς
2766 3153 2926 3227 ἔργα,
2960 3154 3112 3207 πέλει
3139 3156 3355 3225 γαιήῖος
3385 3155 3546 3226 ἀνήρ.

443 3244 593 3298 venit
622 3244 769 3308 sinu,
806 3243 1073 3314 Loquitur
1119 3244 1339 3305 coalitus
1384 3245 1796 3316 quodaudivit,
1847 3263 2027 3318 neque

445 3334 647 3403 aliquis
676 3334 851 3403 ipsius
882 3333 1281 3390 Testimonium
1304 3334 1549 3389 divinum
1579 3336 1793 3407 recipit.
1822 3337 1892 3391 33
1922 3336 2025 3403 Qui

448 3440 577 3479 vero
611 3426 693 3480 vir
722 3424 1134 3482 Tcstilicantem
1181 3442 1491 3483 sermonem
1522 3428 1760 3496 suscepit
1787 3426 2026 3498 deiloqui

446 3515 581 3577 oris,
616 3514 787 3570 Verax
835 3516 998 3571 homo
1045 3517 1136 3571 hic
1178 3533 1278 3572 suo
1324 3518 1639 3587 obsignavit
1665 3518 1833 3572 verbo
1863 3516 2022 3584 Quod

445 3602 591 3658 Deus
625 3614 710 3658 est
743 3605 895 3660 solus
939 3620 1120 3661 verus.
1161 3607 1227 3662 '54
1279 3606 1509 3663 leitus
1538 3608 1685 3663 enim
1720 3606 1821 3664 Hic
1859 3623 2023 3679 quem

446 3695 502 3747 in
532 3701 733 3748 terram
763 3697 915 3751 misit
948 3696 1091 3753 Deus
1121 3699 1505 3769 opitulatorein
1535 3699 1748 3765 mundi,
1777 3699 2027 3758 Paterna:

447 3797 728 3866 sapientiae
758 3814 855 3870 per
892 3815 952 3857 se
981 3810 1188 3857 motum
1218 3804 1446 3860 imbrem
1487 3804 1701 3861 tribuit.
1730 3804 1849 3861 Non
1882 3806 2028 3862 enim

445 3913 761 3955 mensuram
816 3903 1100 3974 sapientiae
1140 3905 1244 3961 fert
1295 3905 1577 3974 Verbum,
1634 3910 1730 3966 sed
1788 3910 1837 3967 ei
1868 3908 2028 3968 'sem-

445 4017 543 4072 per
583 4003 696 4060 Soli
723 4006 962 4077 Spiritus
999 4006 1093 4063 dat
1124 4010 1381 4081 perennis
1407 4010 1614 4069 ﬂuxum
1636 4015 1811 4072 vocis.
1842 4016 1912 4072 55
1937 4016 2029 4072 Al-

443 4109 683 4179 tiregens
721 4127 857 4169 sane
908 4129 1070 4170 suum
1114 4112 1315 4170 Filium
1348 4115 1493 4174 Deus
1525 4117 1692 4175 Pater
1718 4120 1917 4194 diligit,
1957 4121 2026 4177 Et

441 4213 491 4268 ei
509 4214 692 4269 omnia
723 4215 868 4272 ferre
884 4230 1050 4271 manu
1085 4203 1257 4275 dedit.
1284 4217 1354 4275 56
1391 4220 1716 4292 Quicunque
1741 4238 1871 4294 ergo
1899 4224 2021 4281 fue-

2128 3239 2202 3294 32
2241 3243 2338 3305 ’ος
2363 3241 2422 3295 δέ
2444 3242 2511 3296 δι’
2541 3243 2785 3316 αἰθερίου
2819 3243 3171 3314 θεοδέγμονος
3199 3245 3348 3299 ἵκετο
3379 3245 3606 3305 κόλπου,

2131 3329 2434 3400 comem
2466 3333 2759 3406 οὐρανόθεν
2780 3335 2952 3407 τόπερ
2978 3335 3190 3398 ἔκλυεν,
3220 3335 3344 3388 οὐδέ
3374 3353 3455 3398 τις
3490 3335 3673 3390 αὑτοῦ

2129 3421 2454 3493 Μαρτυρίην
2482 3422 2685 3495 ζαθέην
2715 3423 3083 3495 ἐπιδέχνυται.
3106 3425 3176 3480 ’55
3220 3425 3318 3487 Ὃς
3344 3423 3402 3476 δέ
3434 3426 3483 3476 ot
3519 3425 3631 3493 ἀνὴ
3642 3443 3683 3496 ρ

2129 3510 2395 3585 Μάρτυρα
2436 3512 2605 3583 μῦθον
2634 3513 2819 3569 ἔδεκτο
2851 3514 3115 3586 θεηγόρου
3142 3513 3494 3586 ἀνθερεῶνος,

2139 3600 2400 3674 Ἀψευδὴς
2434 3602 2624 3676 βροτὸς
2650 3600 2804 3669 οὗτος
2838 3604 2912 3677 ἐῷ
2942 3605 3316 3678 σφρηγίσσατο
3347 3605 3500 3677 μύθῳ

2128 3691 2283 3745 Ὅττι
2305 3692 2439 3757 Θεὸς
2465 3694 2596 3747 πέλε
2627 3695 2822 3766 μοῦνος
2857 3697 3148 3767 ἐτήτυμος.
3188 3697 3258 3751 54
3283 3697 3587 3769 Ούρανόθεν
3613 3698 3732 3767 γὰρ

2127 3774 2295 3845 Οὗτος
2321 3782 2380 3836 ὃν
2406 3783 2488 3847 είς
2514 3783 2678 3854 χθόνα
2704 3786 2888 3858 πέμψε
2916 3787 3049 3852 Θεὸς
3080 3791 3466 3861 χραισμήτορα
3487 3790 3726 3860 κόσμου,

2126 3870 2401 3944 Πατρῴης
2425 3874 2619 3945 σοφίης
2653 3876 2985 3931 αὐτόσσυτον
3018 3877 3225 3950 όμὸρον
3263 3879 3453 3935 ἰάλλει.

2136 3962 2211 4015 Ού
2245 3962 2356 4034 γὰρ
2392 3964 2567 4036 μέτρα
2589 3965 2768 4036 λόγοιο
2798 3967 2955 4040 φέρει
2982 3969 3177 4038 Λόγος,
3211 3970 3349 4024 ἀλλά
3372 3972 3423 4023 oi
3448 3971 3559 4025 αἰεὶ

2134 4051 2332 4124 Μούνῳ
2361 4053 2590 4127 Πνεῦμα
2620 4056 2834 4112 δίδωσιν
2862 4058 3128 4122 ἀειλιόέος
3161 4059 3283 4131 ῥόον
3305 4061 3506 4132 ὀμφῆς.

2130 4142 2201 4198 55
2235 4143 2545 4216 ’Υψιμέδων
2576 4147 2622 4200 δ’
2645 4147 2733 4202 ἐὸν
2758 4145 2864 4203 Υἷα
2894 4150 3027 4216 Θεὸς
3056 4154 3286 4223 Γενέτης
3311 4155 3611 4223 άγαπὰζει,

2130 4233 2240 4288 Καί
2268 4237 2317 4289 οἱ
2347 4236 2524 4291 πάντα
2545 4238 2734 4311 φέρειν
2755 4241 2984 4316 παλάμῃ
3006 4244 3192 4316 πόρεν.
3226 4244 3296 4300 36
3317 4246 3414 4310 ⁸ος
3431 4246 3491 4299 δέ
3515 4264 3612 4301 κεν
3631 4248 3723 4320 ειη

1645 4330 1929 4387 TEXTUS
1967 4332 2505 4401 EVANGELISTE.

513 4438 586 4539 2‘5
617 4436 867 4539 Ἐγίνετο
892 4432 985 4493 οὖν
1016 4439 1245 4539 ςήτηξις
1276 4441 1341 4495 ἔκ
1372 4441 1481 4539 cf»)
1503 4442 1760 4515 μαθητῶν
1774 4444 2025 4501 Ἰωάννου
2061 4455 2105 4510 Ι)
2204 4455 2275 4510 50
2318 4456 2557 4515 Ἐκεῖνον
2591 4462 2676 4517 δεῖ
2702 4463 2977 4532 αὐξάνειν,
3000 4467 3100 4539 ἐμὲ
3131 4467 3189 4523 δὲ
3209 4467 3581 4523 ἐλαττοῦσθαι.

446 4522 586 4592 μετὰ
618 4519 890 4574 Ἰουδαίων
920 4524 1050 4592 περὶ
1073 4524 1441 4595 καθαρισμοῦ.

511 4604 583 4659 26
606 4604 717 4658 Καὶ
757 4600 923 4684 ἦλθον
948 4607 1087 4677 πρὸς
1111 4606 1205 4662 τὸν
1245 4609 1499 4681 Ἰωάννην
1532 4609 1630 4663 καὶ
1657 4604 1812 4665 εἷπον
1840 4613 1991 4684 αύτῷ
2015 4631 2029 4645 ·

453 4686 664 4753 Ῥα66ὶ,
700 4686 759 4751 ὃς
804 4683 873 4760 ἦν
912 4689 1051 4762 μετὰ
1085 4690 1181 4745 σοῦ
1215 4692 1388 4764 πέραν
1411 4692 1507 4746 τοῦ
1544 4694 1828 4764 Ἰορδάνου,
1875 4690 1920 4764 ᾧ
1966 4683 2032 4751 σὺ

445 4770 899 4845 μεμαρτύρηκας,
943 4773 1019 4828 ῐδε
1055 4768 1210 4839 οὗτος
1262 4774 1538 4847 βαπτίζει,
1572 4776 1669 4830 καὶ
1716 4778 1918 4844 πάντες
1943 4776 2037 4850 ἔρ-

441 4871 630 4925 χονται
667 4854 806 4926 πρὸς
827 4855 1012 4911 αὐτόν.

511 4938 582 4990 27
620 4939 919 5011 Ἀπεκρίθη
962 4939 1219 5012 Ἰωάννης
1249 4941 1342 4995 καὶ
1365 4938 1519 4996 εἶπεν
1539 4959 1551 4971 ο
1582 4943 1657 4996 Ού
1685 4944 1909 4999 δύναται
1935 4943 2032 4999 ἄν·

441 5017 659 5089 θρωπος
704 5018 1001 5089 λαμϐάνειν
1024 5022 1201 5090 οὐδὲν,
1243 5024 1337 5079 ἐὰν
1382 5021 1523 5097 μὴῇ
1571 5024 1853 5098 δεδομένον
1880 5026 2032 5097 αὐτῷ

443 5101 511 5153 ἐκ
537 5099 634 5154 τοῦ
659 5099 914 5173 οὐρανοῦ.

508 5182 581 5238 28
613 5183 776 5237 Δύτοὶ
825 5184 982 5254 ὑμεῖς
1028 5203 1118 5256 μοι
1165 5190 1492 5261 μαρτυρεῖτε
1528 5188 1612 5243 ὅτι
1660 5184 1817 5244 εἷπον
1847 5206 1860 5219 '
1917 5191 2034 5245 Ούκ

438 5265 559 5338 sip).
585 5266 697 5336 ἐγὼ
713 5268 742 5320 6
762 5266 1018 5338 Χριστὸς,
1067 5268 1184 5324 ἀλλ’
1204 5269 1290 5325 ὅτι
1335 5272 1747 5344 ἀπεσταλμένος
1780 5274 1897 5346 εἰμὶ
1921 5273 2024 5345 έμ-

438 5349 678 5421 προσθεν
704 5350 938 5405 ἐκείνου.

508 5434 580 5491 29
614 5435 672 5489 '0
724 5433 862 5505 ἔχων
915 5433 1155 5508 νύμφην,
1194 5437 1427 5510 νυμφίος
1474 5438 1655 5493 ἐστίν’
1711 5441 1741 5494 6
1770 5441 1829 5495 δὲ
1873 5443 2024 5513 φίλος,

435 5516 533 5572 τοῦ
563 5517 799 5590 νυμφίου
820 5518 849 5570 ό
878 5518 1126 5593 έστηκὼς
1150 5522 1246 5575 καὶ
1267 5521 1483 5577 ἀκούων
1508 5520 1697 5586 αὐτοῦ,
1729 5528 1875 5599 χαρᾷ
1899 5528 2014 5598 χαί-

440 5617 529 5684 ρει
554 5600 642 5655 διὰ
667 5603 766 5684 τὴν
796 5601 979 5674 φωνὴν
1012 5602 1104 5659 τοῦ
1154 5604 1411 5677 νυμφίου.
1456 5603 1605 5677 Δῦτη
1646 5602 1792 5681 οὖνὴ
1821 5612 2020 5684 χαρὰή

436 5682 547 5756 ἐμὴ
577 5683 952 5755 πεπλήρωται.

2204 4539 2269 4593 51
2315 4540 2376 4594 '0
2417 4544 2624 4599 ἄνωθεν
2653 4547 2965 4620 ἐρχόμενος,
3002 4552 3187 4605 ἐπάνω
3223 4553 3439 4607 πάντων
3479 4552 3624 4607 ἐστίν
3645 4570 3660 4584 ·
3694 4557 3725 4609 ό

2131 4621 2209 4706 ξὺν
2228 4624 2294 4678 ἐκ
2313 4625 2414 4696 τῆς
2442 4627 2568 4696 γῆς,
2604 4629 2670 4681 ἐκ
2699 4631 2798 4702 τῆς
2819 4633 2923 4705 γῆς
2950 4637 3093 4699 ἐστι,
3125 4636 3220 4688 καὶ
3246 4636 3313 4688 ἐκ
3350 4634 3452 4706 τῆς
3490 4636 3598 4705 γῆς
3630 4636 3725 4691 λα-

2130 4703 2212 4758 λεῖ
2230 4722 2244 4736 ’
2271 4708 2300 4760 6
2325 4708 2390 4762 ἐκ
2412 4709 2508 4762 τοῦ
2522 4709 2755 4781 ούρανοῦ
2777 4703 3093 4786 ἐρχόμενος,
3107 4718 3294 4771 ἐπάνω
3311 4703 3531 4771 πάντων
3549 4703 3717 4774 ἐστίν.

2202 4790 2272 4844 32
2302 4790 2411 4844 Καὶ
2436 4791 2465 4843 ὃ
2494 4790 2706 4863 ἑώρακε
2731 4796 2826 4849 καὶ
2850 4797 3070 4868 ἠκουσε,
3103 4799 3261 4853 τοῦτο
3291 4804 3593 4873 μαρτυρεῦ
3620 4803 3721 4856 καὶ

2130 4872 2230 4941 τὴν
2268 4874 2575 4945 μαρτυρίαν
2604 4877 2768 4932 αὐτοῦ
2803 4880 2977 4944 οὐδεὶς
3004 4880 3295 4953 λαμϐάνει.
3484 4872 3489 4873 ί
3662 4912 3665 4919 ·

2388 4955 2582 5038 Δλαβὼν
2613 4960 2779 5015 αὑτοῦ
2811 4961 2909 5033 τὴν
2940 4966 3242 5036 μαρτυρίαν
3268 4965 3602 5038 ἐσφράγισεν
3631 4967 3717 5021 ὅτι

2129 5036 2158 5087 6
2180 5032 2314 5098 Θεὸς
2349 5035 2559 5109 ἀληθής
2584 5042 2753 5098 ἐστιν.

2200 5117 2393 5204 ξδ’*ον
2421 5122 2529 5193 γὰρ
2558 5124 2878 5182 ἀπέστειλεν
2903 5131 2932 5183 6
2947 5129 3100 5195 Θεὸς,
3121 5130 3190 5185 τὰ
3208 5134 3430 5204 ῥήματα
3457 5134 3553 5188 τοῦ
3575 5134 3713 5188 Θεοῦ

2132 5200 2403 5289 λαλείίού
2422 5205 2547 5289 Ῠγάρ
2570 5209 2635 5261 ἐκ
2667 5207 2870 5280 μέτρου
2909 5212 3125 5268 δίδωσιν
3151 5216 3181 5268 6
3208 5200 3342 5281 Θεὸς
3365 5216 3430 5271 τὸ
3452 5218 3709 5289 πνεῦμα.

2200 5284 2271 5340 55
2314 5286 2373 5340 '0
2396 5288 2590 5360 Πατὴρ
2617 5290 2807 5363 ἀγαπᾷ
2829 5295 2922 5349 τὸν
2955 5296 3103 5363 ἰ’ἱὸν,
3130 5300 3225 5352 καὶ
3263 5299 3443 5354 πάντα
3478 5284 3712 5356 δέδωκεν

2128 5367 2188 5421 ἐν
2211 5370 2279 5440 τῇ
2309 5371 2452 5443 χειρὶ
2484 5372 2673 5428 αὑτοῦ.

2197 5450 2286 5538 66A
2307 5452 2365 5506 '0
2397 5456 2669 5538 πιστεύων
2702 5460 2784 5524 εἰς
2820 5462 2911 5516 τὸν
2938 5463 3086 5530 Υἰὸν,
3122 5463 3237 5537 ἔχει
3268 5464 3415 5538 ζωὴν
3444 5467 3665 5522 αἰώνιον
3689 5482 3705 5496 ·

2124 5532 2155 5586 ό
2180 5533 2238 5622 δὲ
2261 5536 2507 5622 ἀπειθῶν
2532 5538 2610 5611 τῷ
2641 5540 2776 5613 Υἱῷ,
2810 5545 2910 5598 οὐκ
2936 5546 3127 5618 ὄψεται
3152 5532 3333 5622 ζωὴν,
3362 5532 3489 5604 ἀλλ’
3514 5554 3546 5621 ἠ
3572 5548 3710 5621 ὀργὴ

2123 5616 2219 5672 τοῦ
2249 5619 2384 5673 Θεοῦ
2424 5621 2576 5691 μένει
2612 5623 2698 5677 ἐπ’
2727 5625 2910 5683 αὐτόν.
