3938 6214
428 310 536 368 ’175
586 323 592 333 "

1645 296 1858 356 NONNI
1888 293 2400 354 PANOPOLlTANl
2494 326 2505 335 -

428 422 562 480 aliis
586 419 736 477 misti
758 415 1034 476 communi
1067 415 1184 486 lege
1209 412 1269 469 In
1301 412 1448 469 victu
1500 413 1730 470 invicem
1776 429 2006 471 conver-

2136 414 2184 467 »ὑ
2209 413 2318 484 γὰρ
2351 412 2594 468 Ἰουδαῖοι
2631 412 2858 483 μιγάδες
2891 411 3105 483 ξυνήονι
3137 410 3326 484 θεσμῷ

431 512 697 567 sabantur
735 516 792 565 et
832 505 1205 564 Samaritani.‘
1239 504 1309 559 10
1359 502 1427 557 Ει
1472 503 1522 559 ei
1571 503 1823 560 Christus
1871 505 2007 559 dixit

433 601 674 657 obscuro
705 600 939 672 quodam
973 611 1228 653 sermone
1260 615 1274 651 :
1308 595 1366 650 Si
1403 610 1595 651 nosses
1619 596 1876 652 altissimi
1911 595 2007 651 Dei

432 691 692 762 gratiam,
721 692 772 744 si
797 690 1000 744 donum
1033 689 1207 744 scires
1238 727 1253 752 ,
1285 688 1352 742 Et
1381 687 1505 758 quis
1531 696 1678 742 esset
1705 686 1798 756 qui
1833 685 2003 740 dixit:

432 779 796 838 Terrestriex
829 781 980 836 fonte
1027 780 1105 835 Da
1148 780 1280 834 mihi
1325 779 1530 834 sitienti
1575 778 1760 834 bibere
1805 788 2011 848 tempo-

431 874 600 928 ralem
651 887 870 942 aquam,
923 872 1044 942 Ipsa
1090 878 1344 941 prompto
1391 871 1577 924 animo
1615 876 1871 924 aeternam
1913 884 2007 938 pe-

433 963 622 1019 tiisses
660 964 730 1018 ab
781 963 902 1033 ipso
949 961 1141 1016 Vivam
1175 977 1396 1031 aquam,
1436 970 1491 1016 et
1532 961 1673 1016 hanc
1710 960 2006 1030 sapientem

431 1063 620 1125 potum
654 1063 842 1126 posset
871 1054 1132 1125 praebere.
1162 1054 1222 1108 11
1261 1052 1408 1108 Dixit
1442 1059 1622 1108 autem
1666 1067 1778 1106 non
1813 1051 2012 1107 intelli-

430 1163 566 1218 gens
590 1146 1160 1203 muliervivificantem
1182 1161 1380 1216 aquam
1405 1165 1419 1199 :
1453 1145 1498 1201 Ο
1529 1144 1665 1210 Rex,
1703 1155 1892 1216 stupor
1925 1155 2010 1203 te-

431 1247 528 1296 net
571 1255 678 1304 me,
711 1247 770 1294 tu
805 1241 950 1296 enim
978 1240 1214 1294 rotundo
1244 1240 1451 1296 circulo
1495 1237 1613 1293 Non
1653 1237 1851 1293 cadum
1883 1239 2013 1294 hau-

435 1339 612 1384 strum
648 1327 779 1393 fers,
823 1344 932 1384 non
965 1327 1148 1384 funem
1181 1329 1346 1390 tellis.
1377 1326 1449 1382 Ut
1475 1329 1531 1382 in
1563 1327 1891 1398 profundum
1918 1327 2013 1382 de-

433 1419 644 1484 mittas,
687 1419 970 1491 subriguis
1013 1435 1044 1474 e
1090 1419 1304 1475 sinibus
1332 1419 1581 1474 Manibus
1617 1419 2013 1474 alternantibus

435 1511 648 1567 ducens
692 1510 927 1564 alienam
951 1525 1151 1581 aquam
1179 1529 1192 1575 ;
1218 1510 1283 1564 Et
1309 1520 1507 1582 puteus
1531 1518 1615 1567 est
1641 1509 2014 1581 profundissi-

434 1615 587 1669 mus;
620 1615 684 1654 ex
723 1600 971 1655 terrestri
1005 1610 1196 1670 autem
1243 1601 1368 1655 sinu
1412 1601 1566 1656 Hanc
1609 1600 1754 1656 unde
1791 1599 2013 1655 vitalem

2122 506 2212 570 Ἐς
2242 506 2356 575 βίον
2379 504 2686 576 ἀλλήλοισιν
2715 504 2931 575 ὁμίλεον
2968 503 3002 574 ἢ
3032 504 3392 573 Σαμαρεῖται.

2110 596 2178 649 10
2218 597 2327 650 Καί
2351 597 2402 649 οἱ
2430 596 2666 668 Χριστὸς
2701 595 2882 649 ἔειπεν
2911 594 3211 664 ἀσημάντῳ
3238 593 3347 645 τινὶ
3378 589 3568 662 μύθῳ·

2110 689 2174 740 El
2199 687 2372 758 μάθες
2396 686 2641 758 ὑψίστοιο
2665 685 2801 740 Θεοῦ
2829 687 3008 756 χάριν,
3049 685 3098 738 εί
3120 685 3264 738 δόσιν
3294 682 3485 750 ἔγνως,

2109 780 2221 832 Καὶ
2246 777 2328 842 τίς
2352 777 2446 849 ἔην
2471 779 2528 842 ὃς
2552 778 2735 833 ἔειπεν
2755 795 2770 810 ·
2819 776 3165 848 Ἐπιχθονίης
3189 776 3298 830 ἀπὸ
3331 773 3521 845 πηγῆς

2109 869 2210 932 Δός
2241 885 2330 938 μοι
2351 867 2509 938 δίψαν
2537 868 2714 937 ἔχοντι
2751 869 2896 920 πιεῖν
2925 865 3223 937 μινυώριον
3258 864 3424 936 ὕδωρ,

2109 961 2260 1032 Αὐτὴ
2284 961 2635 1035 προφρονέως
2656 960 2874 1014 αἰώνιον
2897 959 3055 1030 ᾔτεες
3089 958 3254 1012 αὑτὸν

2113 1053 2261 1108 Ζωδν
2285 1051 2450 1124 ὕδωρ,
2479 1053 2574 1107 καὶ
2601 1052 2759 1106 τοῦτο
2776 1052 2944 1120 σοφὸν
2974 1051 3138 1105 ποτὸν
3163 1046 3308 1120 εἶχεν
3330 1049 3594 1103 ὀπάσσαι.

2115 1145 2177 1198 11
2220 1138 2356 1196 Εῐπε
2377 1143 2436 1196 δὲ
2467 1143 2543 1215 μὴ
2573 1142 2801 1199 νοέουσα
2826 1141 2964 1213 γυνὴ
2991 1141 3245 1212 φυσίζοον
3270 1140 3446 1213 ὕδωρο

2112 1231 2182 1288 Ὦ
2213 1236 2370 1298 Ἀνα,
2395 1234 2602 1304 θάμϐος
2628 1233 2740 1304 ἔχει
2771 1249 2862 1304 με·
2900 1233 2964 1285 σὺ
2990 1233 3102 1305 γὰρ
3122 1233 3415 1305 τροχοειδέῖ
3434 1232 3628 1304 κύκλῳ

2115 1328 2188 1380 Οὐ
2215 1326 2380 1382 κάδον
2404 1325 2718 1397 ἑλκυστῆρα
2756 1324 2963 1396 φέρεις,
2987 1325 3046 1378 οὐ
3071 1327 3279 1395 σχοῖνον
3308 1325 3538 1395 ἀείρεις,

2117 1417 2301 1487 Ὄφρα
2325 1415 2472 1487 βυθῷ
2497 1415 2792 1485 χαλάσειας
2817 1415 3164 1485 ὑποϐρυχίων
3192 1414 3300 1467 ἀπὸ
3333 1415 3577 1480 κόλπων,

2112 1505 2316 1576 Χερσὶν
2345 1506 2714 1578 ἀμοιϐαίοισιν
2739 1507 2890 1576 ἄγων
2922 1507 3281 1577 μετανάπιον
3309 1504 3486 1577 ὓδωρ⁹

2115 1598 2227 1652 Καὶ
2252 1597 2430 1669 φρέαρ
2458 1599 2578 1650 ἐστὶ
2607 1597 2861 1669 βάθιστον
2880 1615 2894 1630 ·
2927 1597 3038 1651 ἀπὸ
3069 1597 3301 1668 χθονίοιο
3323 1597 3381 1650 δὲ
3411 1597 3618 1652 κόλπου

435 1691 704 1747 hauriens
755 1692 1101 1764 peregrinam
1152 1707 1376 1762 aquam.
1441 1693 1563 1756 Ipse
1618 1693 1788 1751 babes
1827 1699 2013 1762 potum

2136 1690 2289 1744 Γοῦτο
2321 1689 2487 1744 πόθεν
2518 1689 2774 1762 ζείδωρον
2809 1691 3112 1762 ἀρυόμενος
3145 1690 3294 1756 ξένον
3320 1691 3486 1762 ὓδωρ,

433 1783 637 1836 alium?
670 1757 772 1835 i2-
803 1757 944 1837 Num
994 1797 1178 1838 mares
1202 1757 1359 1837 lilios
1390 1782 1620 1843 habente
1645 1757 2017 1852 Iacob-Major

2136 1783 2291 1846 ιὺτδς
2319 1782 2464 1854 ἔχεις
2487 1783 2650 1836 ποτὸν
2678 1757 2806 1837 ἀλλο
2824 1757 2935 1847 ζη
2954 1757 3050 1854 Μὴ
3079 1757 3472 1851 ἀρσενόπαιδος
3506 1780 3697 1836 Ἰακὼϐ

434 1881 629 1928 nostro
654 1887 715 1927 es
746 1872 932 1926 divino
967 1873 1157 1944 patre?
1191 1872 1293 1940 Qui
1327 1882 1552 1943 puteum
1601 1875 1834 1945 praebuit
1870 1875 2017 1932 hunc

433 1978 637 2020 munus
665 1963 1025 2018 Samaritanae
1059 1971 1240 2030 terrae,
1272 1963 1338 2020 Et
1367 1966 1508 2021 bibit
1539 1981 1607 2022 ex
1640 1967 1760 2038 ipso
1801 1967 1856 2021 in
1898 1966 2018 2024 SOIO

433 2055 700 2110 nutritam
742 2053 949 2111 foedere
977 2056 1258 2122 .sancitam
1299 2071 1533 2127 aquam,
1575 2058 1698 2129 ipse
1750 2058 1916 2114 simul
1963 2064 2019 2114 et

432 2145 591 2201 liberi
626 2153 680 2199 et
719 2153 1108 2200 montanorum
1140 2147 1440 2218 generatio,
1485 2145 2022 2218 Quadrupedumque

432 2235 664 2306 greges?
685 2235 752 2290 15
774 2234 1077 2292 Excitatam
1094 2243 1277 2292 autem
1307 2237 1592 2294 mulierem
1621 2237 1782 2295 Jesus
1812 2237 2019 2304 docuit,

433 2340 500 2380 ex
537 2325 772 2396 caligine
805 2326 862 2378 in
885 2325 1061 2381 lucem
1093 2326 1352 2383 trahens:
1382 2327 1485 2395 Qui
1515 2329 1651 2383 bibit
1677 2329 2021 2385 terrestrium

435 2417 736 2471 cavitatum
793 2418 1148 2486 temporalem
1205 2432 1404 2488 aquam
1468 2419 1866 2492 Seaturiginis,
1936 2424 2025 2478 vel

434 2506 653 2562 dulcem
681 2519 877 2576 aquam
899 2508 1124 2581 humilis
1147 2507 1312 2574 ﬂuvii,
1339 2509 1495 2566 Sitict
1515 2526 1708 2568 rursus
1731 2530 1744 2566 :
1770 2512 1838 2568 Η
1859 2527 2022 2582 quam

436 2612 570 2652 vero
595 2598 646 2658 ei
675 2598 985 2669 prtebuero,
1032 2599 1142 2671 36
1167 2600 1456 2671 Nunquam
1505 2602 1652 2657 sitiet
1696 2603 1888 2662 bibens
1919 2617 2026 2660 coa-

423 2687 628 2744 lestem
659 2703 855 2759 aquam
883 2708 896 2744 :
926 2688 1030 2744 Sed
1055 2693 1104 2745 ei
1131 2692 1186 2746 in
1215 2692 1531 2761 praecordiis
1555 2695 1795 2752 manebit
1822 2693 2020 2760 ﬂuxus,

436 2779 695 2851 prudenti
749 2780 892 2835 saltu
947 2780 1161 2837 Saliens
1216 2784 1570 2854 intelligentis
1629 2785 2023 2854 profunditatis

439 2871 627 2927 divino
662 2872 868 2942 impetu
899 2872 1089 2930 Fontis
1119 2875 1270 2929 intus
1303 2875 1525 2930 latentis
1559 2892 1754 2933 rursus
1786 2893 2023 2934 nascens

440 2962 600 3018 ﬁrma
637 2978 781 3034 aqua
829 2962 964 3018 Vitae
987 2972 1223 3030 aeternae,
1251 2974 1305 3022 et
1329 2982 1440 3026 non
1462 2969 1735 3024 terrestris
1761 2968 2022 3024 fluminis.

441 3067 516 3121 15
543 3064 730 3124 Jesum
777 3075 962 3122 autem
1007 3069 1220 3139 rogavit
1253 3070 1450 3125 mulier
1484 3071 1708 3126 credula
1739 3085 1876 3126 voce
1905 3088 1921 3126 :
1946 3070 2021 3125 Da

440 3170 598 3237 mihi,
634 3170 883 3238 Domine,
927 3171 1071 3227 hanc
1100 3173 1166 3227 ad
1199 3173 1496 3229 bibendum
1535 3173 1760 3230 vitalem
1796 3188 2016 3244 aquam,

439 3273 489 3326 A
520 3273 856 3343 scaturigine
899 3275 1150 3329 terrestri
1195 3274 1490 3341 diversam,
1536 3285 1595 3330 ut
1638 3277 1833 3332 bibens
1866 3275 2019 3331 Nun-

440 3392 607 3449 quam
655 3377 858 3441 sitiam,
895 3385 949 3432 et
979 3393 1089 3432 non
1130 3379 1362 3450 amplius
1399 3379 1507 3434 huc
1539 3381 1753 3436 veniam
1791 3379 1869 3434 Ex
1903 3395 2023 3450 pro-

443 3479 632 3536 fu'udis
679 3479 1010 3536 cavitatibus
1042 3481 1264 3538 haurire
1296 3491 1545 3538 coactam
1587 3498 1804 3554 aquam.
1851 3483 2019 3540 Dixit.

442 3581 512 3639 16
544 3581 612 3635 Ει
644 3589 922 3637 versatam
947 3584 1269 3654 responsivo
1297 3586 1534 3656 quodam
1573 3602 1829 3644 sermone
1861 3587 2024 3646 Jesus

441 3687 646 3742 multos
677 3686 829 3742 viros
861 3688 1156 3745 habentem
1183 3691 1415 3746 tentavit
1445 3692 1725 3749 mulierem
1755 3711 1770 3749 :
1799 3665 2026 3751 Veniet

425 3805 576 3845 .voca
635 3799 791 3844 tuum
845 3790 1105 3848 maritum
1132 3807 1146 3843 :
1173 3805 1239 3844 ex
1256 3792 1470 3867 civitate
1491 3803 1668 3850 autem
1686 3794 1902 3852 Festina
1928 3811 2026 3867 pe-

440 3886 605 3942 dibus
652 3892 918 3949 celeribus
957 3891 1155 3946 iterum
1172 3889 1498 3952 hucvenire.
1515 3895 1678 3954 Dixit.
1699 3898 1762 3954 17
1779 3896 1846 3951 Et
1875 3902 2026 3973 igno-

438 4006 571 4047 rans
615 3993 774 4047 multi
813 3997 1041 4053 seminis
1070 3997 1138 4054 de
1170 3999 1426 4056 thalamis
1471 4000 1741 4060 Menticns
1791 4002 2026 4062 Samari-

438 4104 570 4150 tana
608 4113 792 4153 veram
824 4103 1012 4188 sonuit
1045 4118 1230 4159 vocem
1265 4105 1427 4172 :Quae
1456 4108 1728 4164 maritum
1775 4126 1886 4166 non
1934 4110 2025 4166 ba-

439 4198 562 4263 beo,
594 4203 739 4257 unde
768 4207 1026 4260 maritum
1055 4208 1122 4262 ad
1157 4217 1209 4264 te
1234 4211 1482 4266 vocabo?
1518 4211 1637 4266 Non
1669 4213 1815 4269 enim
1851 4215 2025 4271 habeo

437 4301 668 4362 charum
698 4308 897 4364 virum.
926 4312 994 4366 18
1019 4311 1159 4368 Deus
1182 4321 1363 4370 autem
1392 4316 1678 4389 redarguit
1701 4320 2020 4376 mulierem:

437 4407 596 4479 Novi,
631 4414 847 4483 mulier,
883 4425 1007 4486 post
1051 4419 1296 4491 quinque
1325 4423 1572 4492 spurium
1616 4431 1768 4479 tuum
1802 4432 2018 4482 sextum

2118 1874 2330 1938 Μείξων
2361 1874 2650 1949 ἡμετέροιο
2674 1875 2860 1940 πέλεις
2886 1874 3102 1939 ζαθέοιο
3130 1877 3363 1946 τοκῆος;

2123 1965 2222 2029 ⁸⁸ος
2250 1965 2427 2039 φρέαρ
2459 1966 2648 2020 ὤπασε
2677 1966 2836 2020 τοῦτο
2864 1967 3035 2038 γέρας
3063 1967 3414 2041 Σαμαρείτιδι
3443 1966 3599 2038 γαίῃ-

2118 2057 2230 2110 Καὶ
2258 2057 2381 2110 πίεν
2407 2056 2468 2122 ἐξ
2505 2057 2689 2112 αὐτοῖο
2719 2057 3046 2129 πεδοτροφὲς
3072 2059 3259 2130 ὅρκιον
3283 2059 3452 2129 ὕδωρ,

2121 2147 2293 2212 Αὐτὸς
2315 2148 2450 2218 ὁμοῦ
2485 2148 2581 2203 καὶ
2603 2149 2811 2213 παῖδες,
2839 2149 3207 2222 ὀρεσσινόμων
3232 2165 3292 2202 τε
3321 2148 3571 2219 γενέθλη,

2123 2238 2478 2310 Τετραπόδων
2507 2257 2568 2292 τε
2602 2239 2915 2309 φάλαγγες;
2961 2241 3030 2296 15
3083 2241 3480 2312 Ἀνεγρομένην
3503 2239 3564 2294 δὲ
3605 2256 3694 2306 γυ-

3447 2331 3637 2404 [ναῖκα

2136 2420 2343 2492 Ἰησοῦς
2369 2420 2627 2487 ἐδίδαξεν,
2661 2422 2754 2475 ἀπ’
2791 2421 2988 2492 ἀχλύος
3021 2423 3101 2487 είς
3134 2423 3272 2493 φάος
3304 2423 3512 2478 ἕλκων·

2130 2513 2227 2574 ’ος
2256 2511 2434 2564 πίεται
2467 2512 2691 2582 χθονίων
2719 2505 2960 2580 λαγόνων
2986 2513 3279 2584 μινυώριον
3303 2512 3455 2584 ὕδωρ

2125 2603 2382 2670 Πίδακος,
2411 2603 2444 2673 ἦ
2473 2604 2645 2672 γλυκὺ
2677 2607 2824 2675 νᾶμα
2847 2606 3206 2674 χαμαιγενέος
3230 2607 3513 2676 ποταμοῖο,

2127 2694 2353 2766 Διψήσει
2389 2696 2710 2767 παλίνορσος
2730 2715 2744 2728 ·
2783 2697 2850 2752 14
2877 2698 3013 2768 ὅπερ
3037 2698 3094 2750 δέ’
3124 2701 3171 2751 οἱ
3212 2698 3536 2767 ἐγγυαλίξω,

2126 2786 2233 2856 37
2268 2783 2477 2842 Οῦποτε
2505 2786 2744 2856 διψήσειε
2770 2787 2908 2841 πιὼν
2933 2787 3150 2842 αἰώνιον
3185 2787 3351 2859 ὕδωρ,

2141 2877 2302 2931 Ἀλλά
2329 2879 2378 2930 οἱ
2413 2882 2470 2931 ὲν
2496 2879 2824 2948 πραπίδεσσι
2850 2882 3002 2949 μενεῖ
3025 2880 3166 2949 ῥόος,
3193 2879 3422 2951 ἔμφρονι
3445 2876 3649 2950 παλμῷ

2138 2967 2458 3038 Ἀλλόμενον
2489 2972 2692 3038 νοεροῖο
2718 2968 2880 3038 βυθοῦ
2915 2968 3142 3023 θεοδινέῖ
3179 2974 3309 3042 ῥιπῇ

2128 3059 2321 3130 Πηγῆς
2355 3059 2670 3130 ὲνδομύχοιο
2693 3060 3005 3130 παλιμφυὲς
3033 3061 3264 3132 ἔμπεδον
3292 3062 3438 3135 ὕδωρ

2126 3151 2282 3220 Ζωῆς
2315 3151 2548 3213 ἀενάοιο,
2579 3152 2672 3205 καὶ
2708 3151 2770 3204 οὗ
2809 3151 3023 3220 χθονίου
3062 3155 3346 3223 ποταμοῖο.

2127 3239 2196 3292 15
2248 3238 2452 3309 Ἰησοῦν
2472 3238 2516 3291 δ’
2547 3239 2756 3292 ἱκέτευε
2784 3240 2920 3310 γυνὴ
2947 3241 3232 3311 πειθήμονι
3270 3245 3418 3313 φωνῇ

2118 3330 2217 3392 Δός
2243 3347 2353 3400 μοι,
2391 3331 2645 3402 Κοίρανε,
2675 3332 2831 3385 τοῦτο
2863 3335 3007 3385 πιεῖν
3029 3332 3300 3403 βιοτησιον
3326 3333 3492 3406 ὕδωρ,

2121 3421 2351 3486 Πίδακος
2387 3422 2607 3491 οὐδαίης
2631 3420 2933 3494 ἀλλότριον,
2961 3423 3106 3493 ὄφρα
3137 3424 3336 3478 πιοῦσα

2120 3513 2345 3584 Μήποτε
2373 3512 2601 3582 διψήσω,
2632 3513 2726 3566 καὶ
2751 3513 2948 3583 μηκέτι
2969 3514 3128 3584 δεῦρο
3153 3516 3397 3586 περήσω,

2134 3604 2230 3656 Ἐκ
2265 3603 2466 3674 βυθίων
2485 3604 2727 3671 λαγόνων
2755 3605 2945 3675 ἀρύειν
2981 3605 3133 3676 βεϐιη
3144 3606 3304 3677 μένον
3329 3605 3490 3680 ὕδωρ.

2119 3690 2278 3748 Εἴπε.
2309 3695 2376 3750 16
2398 3695 2508 3749 Καὶ
2540 3695 2910 3767 ἁγκυλὸμητιν
2950 3697 3223 3769 ἀμοιϐαίῳ
3251 3699 3358 3752 τινὶ
3398 3699 3558 3770 μύθῳ
3603 3768 3605 3770 η

2134 3786 2342 3854 Ἰησοῦς
2369 3785 2704 3858 πολύανδρον
2732 3787 3046 3860 ἐπειρήτιζε
3072 3792 3307 3860 γυναῖκα
3327 3806 3340 3820 ·

2125 3874 2344 3950 Ἔρχεο,
2380 3879 2476 3930 καὶ
2504 3877 2765 3948 κίκλησκε
2795 3879 2916 3932 τεὸν
2943 3880 3099 3933 πόσιν
3123 3899 3136 3911 ·
3169 3883 3232 3935 ὲκ
3262 3883 3444 3948 πόλιος
3474 3885 3530 3939 δὶς

2122 3970 2328 4023 Σπεῦδε
2363 3969 2522 4023 ποσὶν
2540 3973 2802 4041 ταχινοῖσι
2823 3971 3134 4044 τοδεύτερον
3157 3974 3344 4028 ἐνθάδε
3371 3975 3590 4045 βαίνειν.

2122 4055 2282 4115 Εἷπε.
2316 4061 2379 4116 17
2396 4061 2506 4114 Καὶ
2518 4061 2873 4128 ἀγνὼσσουσα
2893 4063 3276 4136 πολυσπερέων
3294 4083 3360 4118 πε
3369 4067 3422 4136 ρὶ
3439 4067 3698 4138 λέκτρων,

2122 4153 2442 4224 Ψευδομένη
2467 4155 2793 4226 Σαμαρεῖτις
2823 4156 3090 4226 ἐτήτυμον
3117 4158 3234 4226 ίαχε
3265 4159 3450 4228 φωνήν
3474 4177 3488 4190 ·

2133 4246 2198 4298 Ἢ
2217 4245 2372 4299 πόσιν
2397 4247 2457 4298 οὗ
2480 4245 2812 4318 μεθέπουσα,
2845 4247 3006 4302 πόθεν
3041 4248 3196 4302 πόσιν
3224 4251 3303 4312 εἰς
3333 4251 3392 4303 σὲ
3421 4249 3696 4317 καλέσσω;

2121 4336 2194 4389 Οὐ
2216 4336 2326 4409 γάρ
2356 4336 2465 4407 ἔχω
2493 4336 2642 4407 φίλον
2676 4339 2863 4411 ἄνδρα.
2884 4361 2887 4365 ί
2908 4341 2972 4395 18
2995 4340 3127 4404 Θεὸς
3146 4342 3190 4395 δ’
3220 4342 3415 4413 1ἤλεγξε
3438 4347 3694 4411 γυναῖκα·

2123 4420 2273 4489 Οἶδα,
2294 4425 2476 4493 γύναι,
2506 4427 2644 4498 μετά
2670 4429 2829 4482 πέντε
2851 4430 3002 4484 νόθον
3027 4431 3146 4485 τεὸν
3165 4431 3322 4487 ἕκτον
3346 4433 3594 4504 ἀκοίτην.

1637 4555 1920 4613 TEXTUS
1957 4555 2484 4616 EVANGELISTJE.

410 4674 534 4782 .-³-1
947 4678 1312 4782 ,διαὶ
1324 4764 1337 4782 ν
1353 4677 1509 4782 εἶπεν
1550 4685 1694 4782 αὐτη
1709 4703 1734 4782 ο,
1766 4688 1830 4740 El
1871 4688 2020 4758 ᾕδεις
2050 4691 2095 4748 D
2123 4690 2184 4743 οὐ
2291 4691 2492 4782 διψήσῃ
2508 4698 2588 4782 είς
2601 4695 2692 4782 te);
2706 4698 2900 4782 αἰῶνα,
2923 4701 3058 4756 ἀλλά
3074 4703 3134 4757 τὸ
3157 4703 3300 4777 ὕδωρ
3317 4707 3344 4760 ὃ
3358 4707 3514 4762 δώσω
3529 4711 3693 4782 αὐτῷ,

434 4756 534 4827 τὴν
568 4756 778 4829 δωρεὰν
817 4758 910 4812 τοῦ
947 4760 1104 4825 Θεοῦ,
1135 4762 1233 4822 καὶ
1283 4764 1368 4828 τίς
1418 4767 1565 4822 ἐστιν
1613 4768 1643 4821 ὁ
1677 4767 1852 4837 λέγων
1879 4756 2017 4825 Πσοι·

435 4839 536 4903 Δός
575 4858 664 4911 μοι
695 4843 876 4894 πιεῖν
917 4843 983 4897 σὺ
1009 4843 1076 4899 ἂν
1103 4843 1313 4919 ᾔτησας
1352 4848 1538 4914 αὑτὸν,
1574 4851 1670 4906 καὶ
1715 4851 1915 4908 ἔδωκεν
1955 4853 2022 4908 ἄν

437 4937 520 4974 σοι
543 4921 686 4993 ὕδωρ
721 4921 851 4986 ζῶν.

507 5005 568 5057 11
611 5005 1050 5091 Λέγει-αὺτῷςὴ
1110 5009 1246 5082 γυνή
1274 5027 1288 5041 ·
1338 5012 1547 5084 Κύριε,
1597 5015 1720 5071 οὔτε
1770 5018 2020 5091 ἄντλημα

436 5085 597 5172 έχεις,
628 5088 824 5172 statuo
856 5089 1032 5160 φρέαρ
1075 5092 1194 5145 ἐστὶ
1228 5094 1362 5165 βαθύ
1386 5115 1399 5128 ·
1442 5098 1606 5152 πόθεν
1649 5096 1742 5155 οῦν
1782 5085 2020 5172 ἔχειςητὺ

436 5168 579 5237 ῦδωρ
612 5169 673 5222 τὸ
705 5168 812 5232 ζῶν
833 5188 848 5236 ;

504 5251 574 5304 12
610 5251 701 5323 Μὴ
734 5254 797 5306 σὺ
837 5256 1036 5325 μείζων
1063 5254 1116 5310 εἴ
1150 5260 1243 5313 τοῦ
1277 5265 1482 5335 πατρὸς
1506 5267 1666 5337 ἡμῶν
1715 5269 1928 5337 Ἰακὼϐ,
1960 5272 2020 5337 ὃς

435 5334 632 5419 ἔδωκεν
653 5338 783 5406 ἡμῖν
821 5337 881 5390 τὸ
916 5339 1115 5411 φρέαρ,
1152 5345 1246 5396 καὶ
1281 5334 1443 5410 αὐτὸς
1472 5334 1726 5413 ὲξμαύτοῦ
1755 5334 2020 5419 ἕπιεβιαῖ⁹

431 5421 480 5472 οἱ
511 5417 618 5471 υίοὶ
649 5419 836 5485 αὑτοῦ,
874 5423 968 5475 καὶ
1006 5424 1074 5477 τὰ
1107 5423 1400 5498 θρέμματα
1431 5431 1633 5498 αὐτοῦ;

504 5502 571 5555 15
623 5503 918 5587 ’ᾼπεκρὶθη
968 5507 996 5559 ὁ
1041 5508 1248 5578 Ἰησοῦς
1281 5513 1376 5567 καὶ
1417 5509 1572 5567 εἶπεν
1609 5517 1778 5587 αὐτῇ·
1822 5519 1939 5584 Πᾶς
1985 5523 2015 5577 ὁ

428 5581 603 5635 πίνων
633 5584 697 5639 ἐκ
721 5587 813 5640 τοῦ
844 5588 1036 5653 ὓδατος
1062 5592 1277 5653 τούτου.
1307 5594 1523 5666 διψήσει
1554 5581 1734 5652 πάλινξ

503 5662 572 5718 Η
612 5667 709 5729 Ὃς
733 5667 777 5721 δ’
804 5669 870 5725 ἂν
893 5671 994 5744 πίῃ
1019 5674 1082 5726 ἐκ
1102 5677 1195 5728 τοῦ
1230 5662 1502 5741 ὓδατοςοῦ
1534 5676 1644 5748 ἐγὼ
1665 5680 1821 5736 δώσω
1839 5683 2009 5757 αὐτῷ,

2120 4775 2410 4909 γῗνήσεται
2439 4781 2497 4831 ὲν
2529 4777 2682 4849 αὐτῷ
2706 4781 2857 4854 πηγὴ
2885 4783 3074 4860 ὓδατος
3103 4775 3400 4860 ἁλλομένου
3425 4793 3507 4856 είς
3555 4775 3696 4866 ζωῆν

2120 4874 2156 4909 α
2179 4874 2356 4909 ωνιον.

2120 4874 2356 4912 αιωνιον.

2193 4939 2261 5028 15
2304 4940 2468 5028 Λέγει
2523 4944 2659 5017 πρὸς
2716 4947 2877 5002 αὑτὸν
2919 4951 2950 5020 ἡ
3009 4953 3144 5023 γυνή
3178 4971 3192 4984 ο
3239 4955 3437 5026 Κύριε,
3475 4958 3695 5028 δός’μοι

2119 5021 2370 5160 Σοῦῖοἴτὸ
2413 5025 2579 5098 ὕδωρ,
2609 5030 2694 5082 ἵνα
2740 5032 2814 5103 μὴ
2854 5033 3015 5103 διψῶ,
3059 5021 3194 5108 μηδὲ
3223 5021 3472 5110 ἔρχωμαι
3515 5021 3695 5096 ὲνθάδε

2156 5125 2214 5160 ντ
2250 5123 2274 5159 ε
2302 5124 2351 5160 ν.

2192 5189 2258 5278 16
2296 5191 2462 5259 Λέγει
2511 5195 2645 5267 αὐτῇ
2693 5199 2722 5250 ὁ
2762 5199 2968 5271 Ἰησοῦς
2993 5222 3006 5236 ·
3053 5204 3293 5275 ”Υπαγε,
3329 5205 3580 5278 φώνησον
3609 5209 3696 5263 τὸν

2117 5271 2288 5342 ἄνδρα
2328 5291 2444 5337 σου,
2477 5279 2572 5331 καὶ
2601 5281 2723 5335 ἐλθὲ
2755 5284 2962 5338 ἐνθάδε.

2193 5355 2254 5408 17
2308 5357 2604 5445 Ἀπεκρίθη
2635 5365 2667 5434 ὴ
2697 5367 2831 5438 γυνὴ
2867 5368 2957 5420 καὶ
2986 5365 3174 5421 εἶπεν
3213 5368 3324 5424 Οὔκ
3353 5370 3463 5443 ἔχω
3506 5375 3686 5445 ἄνδρα,

2117 5439 2278 5573 geret
2305 5443 2443 5516 αὐτῇ
2473 5447 2500 5496 6
2543 5448 2776 5517 Ἰησοῦς·
2804 5451 2998 5516 Καλῶς
3027 5450 3189 5518 εἶπας
3208 5470 3222 5484 ·
3258 5455 3340 5509 ὃτι
3373 5439 3576 5530 δλνδρα
3596 5439 3691 5514 οὐκ

2147 5539 2243 5575 γω.

2181 5541 2243 5576 ω.

2147 5539 2257 5660 χ18
2295 5607 2474 5700 Πέντε-
2501 5610 2610 5683 γάρ
2640 5613 2836 5700 ἀνδρας
2862 5617 3047 5688 ἔσχες·
3083 5620 3176 5674 καὶ
3199 5619 3294 5676 νῦν
3317 5619 3377 5678 ὃν
3407 5621 3690 5700 {xeunt}!

2117 5689 2231 5745 ἐστι
2263 5708 2356 5745 σου
2382 5694 2550 5768 ἀνήρ’
2580 5698 2738 5752 τοῦτο
2761 5701 2959 5772 ἀληθὲς
2989 5703 3238 5776 εἴρηκας.
