3938 6214
415 395 526 452 Ὶ79

1685 395 1895 453 NONNI
1937 395 2436 454 PANOPOLITANI

3573 392 3687 451 180

420 521 649 583 loquens
677 514 793 586 ipse
822 529 941 572 sum
969 533 983 582 ;
1027 515 1394 586 propinquum
1438 531 1566 572 vero
1596 515 1785 573 Oculis
1819 517 1988 574 intue-

2109 519 2332 590 Χριστὸς
2369 521 2397 573 6
2427 518 2511 573 col.
2535 516 2742 572 λαλέων
2776 516 2939 581 αὐτὸς
2975 515 3126 570 πέλω
3147 530 3159 547 ·
3197 515 3473 587 άγχιφανῆ
3499 513 3558 569 δέ

421 607 500 662 ris
528 621 614 662 me
631 621 790 679 quem
819 608 1042 662 auribus
1070 622 1287 678 semper
1311 608 1490 665 audis.

489 698 603 772 40
623 701 874 756 Christus
905 715 1004 770 ego
1024 709 1166 766 Sum,
1204 716 1315 755 non
1339 701 1615 758 secundus
1647 703 1788 757 alius
1823 702 1992 757 venit.

420 786 492 842 27
539 787 726 858 Neque
771 789 949 858 ipsum
1012 789 1368 860 interrogavit
1398 790 1617 857 Petrus,
1653 792 1758 846 etsi
1792 791 1993 854 audax,

422 894 600 949 neque
623 881 747 948 quis
765 881 942 951 ipsum
977 881 1161 937 Ausus
1188 880 1568 953 interrogavit,
1609 883 1742 954 quid
1763 882 1994 953 quaerit?

420 982 514 1025 aut
543 987 642 1025 cur
677 987 800 1026 cum
833 973 952 1042 ipsa
989 970 1277 1041 loquitur?
1300 973 1370 1028 28
1418 972 1594 1029 Celeri
1629 981 1812 1028 autem
1850 973 1996 1028 ince-

419 1064 554 1118 dens
584 1063 972 1134 pedeSitulam
1017 1065 1367 1119 committens
1405 1066 1603 1120 mulier
1634 1065 1804 1120 Deum
1855 1065 1995 1120 reci-

417 1155 587 1225 pienti
633 1165 796 1224 puteo
826 1155 885 1209 In
920 1155 1196 1210 civitatem
1230 1155 1520 1226 vestigium
1551 1155 1721 1222 ﬂexit,
1757 1163 1813 1212 et
1846 1155 1995 1211 dixit

417 1249 675 1303 omnibus
703 1248 914 1302 civibus
941 1265 953 1302 :
986 1248 1056 1302 29
1091 1246 1284 1303 Venite
1312 1255 1365 1303 et
1390 1247 1570 1303 videte
1597 1257 1778 1303 vatem
1813 1247 1992 1303 virum

419 1338 766 1407 prophetam,
801 1335 904 1403 Qui
953 1334 1084 1390 mihi
1133 1334 1269 1389 dixit
1306 1333 1490 1388 omnia
1531 1349 1653 1404 qua:
1687 1333 1811 1388 feci.
1853 1332 1994 1387 Num

419 1428 587 1484 David
617 1427 716 1482 Hic
745 1428 964 1497 optimae
993 1427 1164 1496 prolis
1189 1426 1432 1497 parentis
1460 1434 1689 1481 vocatus
1723 1425 1866 1481 lilius
1900 1440 1992 1479 νεα

420 1520 530 1574 nit?
567 1519 634 1572 30
660 1517 920 1572 Nuntium
957 1525 1134 1572 autem
1161 1516 1446 1571 audientes
1481 1529 1769 1586 compares
1803 1513 1994 1568 Sama-

417 1612 603 1677 ritani,
635 1609 985 1681 Conjunetim
1033 1609 1274 1664 velocem
1316 1607 1769 1678 aggrediebantur
1822 1606 1990 1669 viam,

419 1703 499 1756 Ex
528 1702 750 1758 civitate
781 1701 1098 1756 incedentes
1127 1699 1195 1754 ad
1241 1699 1412 1755 divini
1443 1698 1646 1752 aditum
1688 1696 1878 1764 fontis,
1909 1697 1992 1751 Ad

419 1795 588 1850 Deum
635 1794 859 1850 Stimulo
909 1791 1114 1847 conciti
1167 1805 1279 1846 uno
1347 1798 1586 1846 mentem
1640 1788 1988 1849 demulcente

417 1899 688 1940 sermone.

482 1977 545 2030 51
591 1975 745 2030 Tunc
793 1979 1034 2044 tempore
1089 1971 1431 2036 intermedio,
1487 1978 1777 2041 antequam
1835 1979 1988 2024 extra

413 2068 690 2123 civitatem
718 2066 969 2122 venirent
1001 2064 1344 2119 Arctantium
1381 2063 1606 2117 nubium
1632 2063 1808 2116 instar
1829 2060 1986 2116 densi

413 2161 612 2216 ﬂuctus
672 2160 984 2220 hominum,
1041 2158 1318 2212 Christum
1356 2154 1875 2218 circumdederunt,
1939 2158 1992 2206 et

415 2251 638 2307 allocuti
699 2257 829 2305 sunt
887 2247 1147 2316 discipuli
1197 2262 1210 2299 :
1257 2243 1453 2307 Rabbi,
1488 2258 1643 2299 sume
1672 2243 1790 2297 haec
1816 2248 1991 2296 etco-

414 2343 590 2397 mede.
633 2339 705 2394 52
746 2337 906 2392 Mota:
955 2344 1135 2391 autem
1189 2335 1383 2390 Manus
1436 2341 1601 2388 mutae
1654 2331 1992 2402 intelligente

414 2433 741 2488 testiﬁcante
799 2430 1018 2485 silentio
1065 2428 1260 2483 Cibum
1310 2424 1668 2494 temporalem
1730 2423 1985 2486 removit,

415 2525 532 2578 haec
561 2523 750 2577 dicens
778 2539 791 2574 :
821 2520 1000 2573 Alium
1029 2518 1210 2572 cibum
1243 2515 1358 2570 fero
1395 2514 1642 2578 vitalem,
1673 2528 1834 2582 quem
1871 2513 1991 2565 ani-

414 2630 505 2669 mo
519 2612 632 2668 Vos
653 2610 898 2667 nescitis.
925 2611 995 2664 55
1016 2608 1078 2661 Et
1109 2608 1246 2663 dixit
1270 2607 1408 2660 alius
1443 2605 1511 2660 ad
1533 2605 1698 2659 alium
1732 2623 1744 2658 :
1780 2603 1916 2657 Num
1940 2604 1990 2660 ei

417 2699 560 2756 aliud
586 2699 814 2769 prmbuit
833 2697 899 2752 ad
915 2695 1307 2752 comedendum
1327 2694 1649 2765 peregrinus
1663 2693 1786 2748 vir?
1809 2694 1879 2748 54
1897 2691 1992 2747 Pa-

415 2792 517 2847 tris
555 2797 768 2844 amator
785 2795 964 2844 autem
998 2785 1263 2842 dixitRex
1294 2786 1448 2840 aliter
1481 2785 1751 2840 sentiente
1778 2785 1944 2840 verbo
1973 2802 1989 2841 :

413 2880 582 2935 Cibus
615 2894 770 2934 meus
794 2887 878 2934 est
903 2877 1161 2944 verbum;
1187 2891 1342 2932 meus
1369 2883 1548 2946 potus,
1579 2890 1746 2946 opera
1775 2875 1988 2938 Patris;

411 2969 583 3025 Cibus
622 2983 778 3025 meus
819 2976 924 3032 est,
960 2968 1138 3023 solum
1183 2973 1244 3022 ut
1277 2966 1617 3021 immutabile
1651 2965 1989 3021 desiderium

412 3061 592 3118 Patris
611 3062 714 3117 mei
733 3061 949 3128 faciam,
968 3069 1023 3116 et
1039 3059 1283 3114 divinum
1298 3073 1437 3128 opus
1460 3057 1756 3128 perﬁciam.
1779 3057 1850 3115 55
1879 3055 1992 3113 Vos

413 3171 592 3212 nonne
645 3156 750 3210 hoc
811 3169 1004 3210 omnes
1066 3167 1176 3206 uno
1253 3152 1672 3207 communicatis
1740 3167 1992 3208 sermone

2103 611 2349 681 Ὄμμασι
2380 610 2707 673 παπταίνεις
2741 626 2830 680 με,
2863 607 2954 661 τὸν
2985 605 3174 660 οὔασιν
3204 607 3321 660 αίέν
3348 604 3590 670 ἀκούεις.

2169 701 2274 772 ῆι
2290 701 2523 774 Χριστὸς
2544 699 2655 770 ἐγὼ
2677 701 2935 771 γενόμην,
2958 701 3018 752 ού
3037 698 3289 769 δεύτερος
3305 697 3462 760 ἄλλος
3481 696 3682 753 ἱκάνει.

2098 791 2169 844 27
2191 793 2324 846 Ούδέ
2347 809 2441 864 μιν
2462 792 2638 864 εἴρετο
2654 791 2881 864 Πέτρος,
2908 790 3004 845 ἅτε
3028 788 3259 860 θρασύς·
3280 787 3401 842 οὐδέ
3421 805 3507 852 τις
3519 788 3685 842 αὑτὸν

2099 865 2392 956 Τολμήσας
2416 885 2644 957 ἐρέεινε,
2676 883 2732 937 τί
2760 883 2985 948 δίζεται,
3019 881 3131 954 ήτί
3167 882 3285 952 μετ’
3316 877 3489 951 αὐτῆς

2096 976 2420 1045 Φθέγγεται.
2450 977 2522 1032 28
2573 975 2844 1046 Ὠκυτέρῳ
2879 973 2936 1028 δὲ
2965 973 3345 1043 διαστείχουσα
3373 971 3597 1042 πεδίλῳ,

2099 1068 2311 1122 Κάλπιν
2343 1067 2685 1139 ἐπιτρέψασα
2709 1065 2846 1136 γυνὴ
2874 1065 3184 1135 θεοδέγμονι
3221 1065 3393 1134 πηγῇ,

2100 1158 2192 1221 Et;
2221 1157 2376 1210 πόλιν
2406 1156 2550 1226 ἴχνος
2575 1154 2813 1225 ἔκαμψε,
2845 1155 2938 1208 καὶ
2961 1153 3150 1207 ἔννεπε
3174 1155 3310 1206 πᾶσι
3337 1152 3608 1216 πολίταις·

2095 1248 2166 1303 29
2203 1248 2370 1302 Δεῦτε
2399 1249 2496 1302 καὶ
2529 1248 2808 1320 ἁθρήσητε
2842 1245 3144 1317 θεοπρόπον
3173 1244 3344 1316 ἄνδρα
3371 1245 3681 1316 προφήτην,

2101 1341 2288 1403 Ὅστις
2315 1341 2436 1412 ἐμοὶ
2466 1340 2603 1410 φάτο
2633 1339 2809 1394 πάντα
2838 1339 3015 1410 τάπερ
3036 1333 3316 1410 κάμον.¹Ἠ
3341 1337 3411 1409 ῥά
3439 1355 3500 1390 νυ
3517 1336 3684 1392 Δασὶδ

2098 1425 2266 1494 Οὗτος
2298 1432 2669 1502 ἀριστογόνοιο
2703 1430 2976 1503 βοώμενος
3005 1431 3121 1495 υίὸς
3151 1431 3362 1498 ίκάνει;

2096 1521 2165 1576 50
2215 1520 2497 1592 Ἀγγελίην
2525 1521 2571 1574 δ’
2604 1521 2816 1584 ἀΐοντες
2845 1519 3142 1592 ὁμοζυγέες
3179 1521 3536 1593 Σαμαρεῖται,

2097 1612 2422 1685 Συμφερτὴν
2446 1611 2780 1684 ταχύγουνον
2808 1611 3166 1665 ἐπεσσεύοντο
3195 1612 3446 1684 πορείην,

2109 1705 2204 1758 Ἐκ
2237 1705 2422 1769 πόλιος
2455 1705 2762 1776 στείχοντες
2792 1706 2852 1768 ἐς
2880 1703 3134 1774 ἀγχιθέου
3170 1705 3346 1775 στόμα
3367 1703 3573 1776 πηγῆςυ
3621 1733 3629 1739 ’

2096 1796 2193 1861 Εἰς
2229 1795 2363 1850 Θεὸν
2387 1795 2766 1866 οἱστρηθέντες
2804 1795 2884 1849 ἐνὶ
2907 1795 3257 1867 φρενοθελγέῖ
3291 1794 3466 1866 μύθῳ.

2024 1879 2067 1934 Β
2156 1886 2220 1942 51
2239 1885 2412 1940 Ἔνθα
2423 1885 2616 1957 χρόνου
2638 1884 2906 1956 μεσσηγὺ,
2928 1885 3058 1956 πρὶν
3072 1885 3264 1948 ἄστεος
3278 1884 3459 1937 ἔκτοθι
3475 1883 3677 1954 βαίνειν

2095 1977 2464 2049 Στεινομένων
2492 1975 2783 2047 νεφεληδὸν
2809 1977 3094 2047 ἐπήτριμα
3123 1975 3188 2028 κύ
3199 1992 3346 2046 ματα
3369 1975 3537 2039 λαῶν,

2095 2069 2328 2141 Χριστὸν
2364 2066 2763 2133 ἐκυκλώσαντο,
2794 2067 2890 2121 καὶ
2922 2065 3256 2136 ἐφθέγξαντο
3283 2065 3540 2137 μαθηταί’

2105 2161 2346 2228 Ῥα66ὶν,
2379 2160 2603 2230 δέχνυσο
2638 2157 2831 2224 ταῦτα,
2866 2160 2959 2213 καὶ
2983 2158 3148 2211 ἔσθιε.
3183 2158 3253 2213 52
3287 2157 3600 2229 Κινυμένης
3620 2157 3674 2210 δὲ

2093 2252 2290 2324 Χειρὸς
2321 2252 2628 2322 ἀφωνήτοιο
2653 2251 2875 2322 νοήμονι
2903 2251 3140 2322 μάρτυρι
3171 2253 3298 2322 σιγῇ

2095 2346 2259 2396 Δαῖτα
2291 2341 2638 2414 μινυνθαδίην
2661 2341 3013 2408 ἀπεσείσατο,
3045 2341 3217 2396 ταῦτα
3243 2341 3466 2411 βοήσαςο

2099 2437 2299 2508 ’Ἄλλην
2319 2437 2474 2489 δαῖτα
2501 2435 2651 2506 φέρω
2683 2434 2973 2506 βιοτήσιον,
3005 2435 3073 2506 ἢν
3101 2436 3181 2488 ἐνὶ
3208 2434 3366 2506 θυμῷ

2105 2529 2293 2598 Ὑμεῖς
2319 2527 2418 2580 οὐκ
2441 2526 2655 2595 ἐδάητε.
2679 2527 2748 2581 55
2767 2527 2879 2580 Kal
2901 2526 3120 2580 ἔννεπεν
3149 2526 3310 2590 ἄλλος
3330 2526 3418 2580 ἐπ’
3440 2526 3600 2599 ἀλλῳο

2093 2615 2171 2673 Ἦ
2199 2620 2269 2689 ρά
2289 2619 2337 2671 οἱ
2365 2617 2524 2682 ἄλλος
2558 2617 2764 2671 ὄπασσε
2796 2621 2990 2687 φαγεῖν
3013 2619 3300 2690 ἐπιδήμιος
3321 2621 3463 2692 ἀνήρ
3486 2639 3500 2686 ἒ

2094 2714 2166 2768 54
2201 2711 2522 2780 Φιλοπάτωρ
2551 2712 2596 2766 δ’
2632 2711 2893 2783 ἀγόρευεν
2929 2711 3097 2777 Ἀναξ
3129 2713 3442 2784 ἐτερόφρονι
3486 2713 3667 2785 θυμῷ·

2094 2805 2259 2880 Εῐδαρ
2285 2805 2416 2876 ἐμὸν
2442 2804 2572 2859 πέλε
2604 2805 2793 2877 μῦθος·
2822 2804 2955 2876 ἐμὸν
2983 2805 3165 2872 ποτὸν,
3195 2805 3333 2877 ἔργα
3361 2806 3568 2878 Τοκῆος
3589 2823 3603 2838 °

2095 2896 2264 2970 Εἷδαρ
2300 2897 2431 2967 ἐμὸν
2459 2896 2588 2950 πέλε
2615 2897 2832 2967 μοῦνον,
2855 2897 3002 2960 ὅπως
3035 2897 3304 2970 ἄτρεπτον
3339 2898 3539 2968 ἐέλδωρ

2095 2989 2308 3062 Πατρδς
2337 2987 2472 3058 ἐμοῦ
2496 2989 2764 3061 τελέοιμι,
2804 2990 2899 3043 καὶ
2928 2989 3110 3043 ἔνθεον
3139 2989 3302 3061 ἔργον
3338 2990 3576 3045 ἀνύσσω.

2096 3081 2164 3138 55
2217 3081 2404 3153 Ὑμεῖς
2437 3083 2499 3134 ού
2529 3083 2648 3136 τόδε
2671 3082 2874 3144 πάντες
2911 3081 2993 3135 ἐνὶ
3024 3081 3297 3147 ξυνώσατε
3331 3083 3486 3156 μύθῳ

2099 3173 2339 3244 Ἴδμονες
2365 3175 2582 3246 ὡράων,
2601 3173 2684 3226 ὅτι
2718 3172 2965 3228 λείπεται
2997 3173 3167 3226 εἰσέτι
3188 3173 3362 3247 μούνη

411 3247 578 3304 Periti
608 3255 936 3316 temporum,
964 3245 1111 3314 quod
1143 3243 1324 3299 deﬁcit
1360 3244 1540 3298 adhuc
1565 3245 1681 3300 sola
1717 3243 1988 3300 Mensium

2109 3239 2306 3336 Μηνῶν
2339 3239 2721 3338 τετραέλικτος
2753 3264 3062 3336 ἀελλήεσσα
3101 3239 3319 3338 πορείη,

411 3347 607 3408 quater
633 3338 1030 3391 circumvoluta
1057 3337 1213 3389 velox
1247 3335 1355 3398 via,
1385 3333 1451 3386 Et
1473 3344 1636 3390 aestas
1667 3335 1981 3404 splendidos

414 3430 624 3483 fructus
670 3427 848 3482 ferens
881 3427 1105 3481 veniet?
1146 3441 1295 3490 ecce,
1338 3440 1532 3481 omnes
1578 3425 1662 3479 Ad
1711 3426 1989 3481 civitatem

411 3521 717 3591 oppositam
753 3519 983 3573 attollite
1021 3517 1289 3572 circulum
1323 3518 1494 3582 visus,
1531 3515 1818 3583 Quomodo
1857 3518 1992 3573 civi-

412 3620 553 3666 tates
602 3609 735 3664 albis
791 3609 1222 3679 perhorrescunt
1270 3608 1572 3677 segetibus,
1628 3607 1695 3661 Et
1750 3608 1990 3665 humana

411 3705 658 3775 indigent
690 3703 980 3771 eloquente
1020 3715 1223 3768 messe,
1266 3699 1552 3766 Quomodo
1591 3701 1756 3771 spicae
1795 3701 1992 3758 ﬁerent

409 3796 728 3869 prudentes.
776 3793 845 3848 36
887 3792 951 3847 Si
999 3807 1128 3847 vero
1174 3793 1297 3862 quis
1347 3793 1429 3848 vir
1457 3793 1567 3866 42
1618 3793 1825 3858 Labiis,
1878 3809 1989 3850 non

411 3887 683 3949 manibus,
729 3887 927 3941 tollens
973 3884 1284 3954 loquentem
1335 3884 1552 3951 falcem,
1587 3885 1794 3942 Vicina:
1840 3904 1990 3945 rese-

411 3983 587 4036 cucrit
615 3979 732 4050 pias
760 3986 972 4050 segetes
1005 3986 1182 4044 terrae,
1219 3977 1520 4034 Mercedem
1559 3980 1756 4049 habet;
1788 3988 1843 4037 et
1878 3982 1989 4038 Deo

411 4071 560 4125 Patri
593 4071 858 4124 viventem
890 4055 1228 4134 custodiens,
1272 4066 1328 4122 In
1370 4077 1587 4140 tempus
1620 4087 1728 4126 non
1762 4087 1987 4130 cessans

409 4159 798 4231 intelligentem
847 4158 1084 4214 fructum
1125 4169 1441 4231 congregat,
1493 4159 1562 4215 Ut
1594 4173 1648 4218 et
1678 4165 1770 4233 qui
1821 4168 1989 4220 semi-

409 4260 524 4316 nat,
565 4259 619 4306 et
648 4252 740 4321 qui
783 4258 936 4321 prata
978 4251 1162 4305 divina
1194 4259 1364 4316 secat,
1407 4251 1652 4310 Gaudeat
1698 4256 1884 4322 simul,
1933 4269 1988 4312 et

409 4343 587 4410 ﬁdelia
621 4342 892 4398 sacriﬁcia
937 4341 1086 4394 Patri
1127 4342 1312 4408 faciat,
1345 4341 1573 4400 Pietatis
1623 4357 1895 4403 aratorem
1935 4360 1987 4404 et

409 4423 708 4490 messorem
741 4434 1042 4509 honoraris.
1074 4433 1143 4486 '57
1176 4432 1312 4488 llinc
1344 4442 1428 4491 est
1463 4435 1553 4491 ille
1593 4451 1775 4491 sermo
1799 4455 1982 4505 verus,

2099 3359 2209 3412 Kal.
2247 3357 2406 3430 θέρος
2437 3357 2819 3428 ἀγλαόκαρπον
2855 3357 3165 3423 ἐλεύσεται;
3199 3358 3368 3428 ήνίδε,
3409 3360 3604 3424 πάντες

2099 3448 2192 3511 Εἰς
2224 3448 2378 3502 πόλιν
2411 3446 2787 3502 ἀντικέλευθον
2812 3447 3033 3520 ἁείρατε
3065 3447 3267 3502 κύκλον
3298 3448 3550 3520 ὀπωπῆς,

2099 3539 2224 3602 Πῶς
2258 3539 2439 3604 πόλιες
2471 3540 2698 3611 λευκῇσι
2725 3539 3173 3610 περιφρίσσουσιν
3200 3540 3426 3608 άλωαῖς,

2099 3633 2211 3685 Kal.
2242 3631 2461 3702 βροτέου
2487 3631 2771 3702 χατέουσιν
2803 3631 3132 3702 ἐῦγλώσσοιο
3161 3632 3442 3704 θερισμοῦ,

2099 3722 2223 3786 Πῶς
2250 3721 2480 3792 στάχυες
2500 3722 2813 3778 θαλέθουσιν
2841 3723 3147 3796 ἐχέφρονες.
3171 3724 3240 3780 56
3273 3726 3335 3778 Εἰ
3361 3725 3417 3778 δέ
3437 3743 3518 3789 τις
3534 3725 3672 3797 ἀνὴρ

2095 3813 2202 3885 43
2238 3814 2582 3880 Χείλεσιν,οὐ
2609 3813 2943 3886 παλάμῃσιν,
2967 3815 3247 3888 ἀερτάζων
3282 3816 3441 3872 λάλον
3471 3819 3673 3890 ἆρπην,

2097 3903 2340 3967 Γείτονος
2368 3904 2601 3975 ἀμήσειε
2633 3903 2852 3959 θεουδέα
2883 3905 3008 3978 λήῖα
3035 3906 3218 3978 γαίης,

2095 3993 2300 4046 Μισθὸν
2333 3993 2474 4065 ἔχει·
2511 3996 2602 4049 καὶ
2627 3995 2803 4066 Πατρὶ
2832 3996 2950 4068 Θεῷ
2975 3996 3182 4062 ζώοντα
3213 3999 3524 4068 φυλάσσων,

2095 4081 2190 4145 Εἰς
2217 4083 2407 4154 χρόνον
2437 4084 2496 4137 ού
2525 4084 2779 4155 λήγοντα,
2800 4086 3038 4157 νοήμονα
3065 4088 3276 4159 καρπὸν
3305 4091 3540 4162 ἀγείρει·

2097 4175 2278 4245 Ὄφρα
2294 4193 2387 4229 κεν
2412 4179 2440 4230 6
2469 4177 2727 4246 σπείρων,
2746 4177 2839 4230 καὶ
2869 4180 2897 4231 6
2927 4178 3053 4250 λήῖα
3083 4180 3313 4234 θέσκελα
3348 4183 3566 4254 κείρων,

2093 4268 2272 4339 Χαίρῃ
2303 4269 2459 4340 ὁμοῦ,
2488 4270 2581 4324 καὶ
2607 4270 2773 4324 πιστὰ
2803 4271 3030 4326 θαλύσια
3057 4274 3231 4344 Πατρὶ
3255 4275 3504 4348 τελέσσῃ,

2096 4357 2361 4430 Εὐσεϐίης
2387 4361 2628 4432 ἀροτῆρα
2654 4363 2748 4415 καὶ
2781 4363 3040 4435 ἀμητῆρα
3065 4363 3358 4436 γεραίρων.

2092 4452 2161 4505 57
2203 4451 2395 4506 Ἔνθεν
2428 4452 2522 4524 ἔην
2551 4454 2636 4506 ὅδε
2670 4453 2836 4524 μῦθος
2866 4456 3152 4527 ἐτήτυμος,
3189 4455 3412 4512 οὕνεκεν
3434 4457 3572 4530 ἀνὴρ

1612 4592 1894 4654 TEXTUS
1931 4591 2460 4663 EVANGEL‘lST/E.

477 4731 546 4822 2?
586 4729 696 4782 Kal
733 4729 824 4822 ἐπὶ
876 4729 1048 4822 τούτω
1088 4726 1251 4802 ἦλθον
1272 4734 1373 4822 ὀίΔ
1388 4734 1650 4822 μαθηται
1670 4737 1858 4822 αύτοῦ,
1895 4743 1989 4796 καὶ
2020 4749 2066 4808 D
2092 4747 2320 4818 ήνεγκεν
2347 4751 2497 4822 αὐτῷ
2524 4755 2750 4821 φαγεῖν;

410 4813 725 4893 ἐθαύμασαν
771 4813 854 4865 ὄτι
898 4813 1037 4883 μετὰ
1071 4815 1327 4884 γυναικὸς
1358 4817 1534 4870 ἐλάλει
1555 4835 1568 4847 '
1601 4819 1774 4884 οὐδεὶς
1804 4823 1986 4893 μέντοι

410 4891 561 4948 εἷπε·
600 4895 665 4948 Τί
691 4895 902 4966 ζητεῖς
931 4898 988 4968 ἢ,
1021 4898 1086 4951 Τί
1111 4899 1291 4964 λαλεῖς
1323 4901 1439 4971 μετ’
1463 4902 1665 4974 αὐτῆς;

479 4979 551 5032 28
606 4979 837 5050 ’Λφῆκεν
885 4977 978 5036 οὖν
1027 4982 1125 5054 τήν
1176 4983 1362 5054 ὑδρίαν
1410 4985 1579 5057 αὐτῆς
1623 4989 1847 5062 ήγυνὴ,
1894 4994 1986 5046 καὶ

409 5061 650 5133 ἀπῆλθεν
675 5065 751 5126 είς
779 5065 876 5134 τὴν
904 5065 1078 5131 πόλιν,
1109 5067 1203 5120 καὶ
1228 5067 1374 5136 λέγει
1400 5072 1510 5134 τοῖς
1536 5061 1878 5143 ἀνθρὼποις’

479 5145 548 5202 29
589 5145 772 5211 Δεῦτε,
805 5147 941 5226 ἴδετε
973 5148 1276 5220 ἄνθρωπον,
1309 5151 1367 5214 ὃς
1395 5149 1515 5206 εἶπέ
1547 5173 1637 5226 μοι
1686 5156 1862 5210 πάντα
1890 5157 1990 5210 ὅσα

410 5230 640 5298 ἐποίησα
665 5245 678 5258 '
713 5231 842 5300 μήτι
866 5223 1017 5294 οὗτός
1044 5233 1190 5285 ἐστιν
1222 5234 1250 5284 ὁ
1286 5235 1545 5303 Χριστός;

477 5316 546 5369 50
598 5313 848 5385 Ἐξῆλθον
875 5309 966 5367 οὖν
992 5316 1055 5368 ἐκ
1086 5315 1184 5385 τῆς
1218 5316 1442 5384 πόλεως,
1475 5322 1567 5374 καὶ
1597 5321 1824 5392 ἤρχοντο
1853 5323 1989 5394 πρὸς

407 5397 588 5454 αὐτόν.
1740 5412 1748 5420 '

477 5481 538 5534 31
597 5480 685 5533 Ἑν
725 5481 781 5534 δέ
825 5478 903 5549 τῷ
948 5479 1147 5551 μεταξὺ
1181 5481 1406 5553 ἠρώτων
1440 5485 1599 5538 αὐτὸν
1626 5488 1673 5539 οἱ
1721 5487 1977 5558 μαθηταὶ,

407 5562 674 5628 λέγοντες·
721 5564 934 5627 Ῥαδϐὶ,
975 5565 1137 5632 φάγε.

477 5645 547 5723 52
593 5647 652 5699 'U
698 5646 754 5700 δὲ
801 5644 953 5700 εἶπεν
984 5649 1192 5712 αὐτοῖς’
1237 5648 1375 5717 Ἐγὼ
1410 5649 1613 5722 βρῶσιν
1645 5653 1750 5721 ἔχω
1790 5656 1981 5723 φαγεῖν

408 5719 474 5784 ἢν
509 5721 660 5791 ὑμεῖς
689 5730 787 5782 οὐκ
811 5730 1010 5785 οἴδατε.
1413 5719 1456 5722 θ’
1675 5719 1703 5721 Π
1802 5719 1811 5722 ⁷
1879 5719 1888 5723 ’
1945 5733 1959 5742 ⁵

495 5812 562 5866 5'5
593 5811 814 5882 Ἔλεγον
844 5811 935 5868 οὖν
963 5817 1012 5868 oi.
1047 5817 1283 5889 μαθηταὶ
1317 5817 1452 5890 πρὸς
1485 5817 1771 5890 ἀλλήλους·
1807 5821 1980 5891 Μήτις

2161 4833 2231 4886 54
2267 4834 2430 4902 Λέγει
2465 4837 2646 4900 αὐτοῖς
2690 4837 2719 4889 6
2760 4837 3002 4907 Ἰησοῢςο
3048 4838 3210 4908 Ἐμὸν
3259 4839 3456 4910 βρῶμά
3503 4842 3666 4906 ἐστιν,

2093 4915 2179 4967 ἵνα
2213 4917 2350 4970 ποιῶ
2374 4918 2435 4970 τὸ
2465 4917 2676 4991 θέλημα
2700 4919 2794 4973 τοῦ
2821 4920 3136 4992 πέμψαντός
3162 4939 3252 4994 με,
3275 4924 3371 4977 καὶ
3404 4923 3671 4979 τελειώσω

2092 4997 2257 5050 αὑτοῦ
2295 4999 2356 5051 τὸ
2387 4999 2568 5070 ἔργον.

2159 5079 2229 5133 55
2266 5081 2377 5152 Ούχ
2417 5085 2576 5154 ὑμεῖς
2599 5083 2806 5154 λέγετε,
2840 5087 2921 5140 ὅτι
2952 5087 3032 5141 ἐτι
3059 5088 3400 5159 τετράμηνόν
3427 5089 3559 5154 ἐστι,
3577 5091 3666 5144 καὶ

2086 5164 2114 5214 6
2143 5161 2399 5232 θερισμὸς
2432 5165 2694 5236 ,ἔρχεται;
2741 5169 2894 5232 Ἰδοὺ,
2925 5170 3068 5240 λέγω
3101 5171 3250 5241 ὑμῖν,
3285 5173 3524 5242 ἐπάρατε
3549 5174 3665 5236 τοὺς

2087 5243 2400 5315 ὀφθαλμοὺς
2427 5248 2600 5319 ὑμῶν,
2634 5253 2728 5304 καὶ
2753 5253 3024 5307 θεάσασθε
3053 5253 3150 5318 τὰς
3178 5253 3362 5326 χώρας
3384 5255 3467 5308 ὅτι
3485 5255 3664 5308 λευκαί

2089 5329 2194 5380 εἰσι
2228 5329 2363 5399 πρὸς
2394 5330 2652 5403 θερισμὸν
2679 5334 2802 5405 ήδη.

2159 5411 2226 5464 56
2269 5413 2376 5466 Kal.
2416 5416 2445 5466 6
2495 5415 2725 5488 θερίζων
2757 5419 2950 5490 μισθὸν
2992 5419 3281 5491 λαμϐάνει,
3311 5421 3406 5474 καὶ
3450 5420 3660 5488 συνάγει

2089 5495 2298 5564 καρπὸν
2338 5499 2416 5560 είς
2446 5497 2590 5568 ζωὴν
2635 5498 2881 5554 αἰώνιον
2926 5503 3012 5556 ἵνα
3057 5504 3150 5556 καὶ
3195 5507 3224 5556 6
3272 5503 3511 5574 σπείρων
3536 5503 3658 5574 ὁμοῦ

2090 5578 2275 5650 χαίρῃ,
2309 5582 2404 5633 καὶ
2437 5583 2464 5634 6
2497 5581 2746 5654 θερίζων.

2159 5661 2228 5714 57
2281 5663 2367 5715 Ἐν
2401 5663 2510 5734 γὰρ
2554 5665 2726 5737 τούτῳ
2757 5670 2785 5720 6
2813 5667 2966 5736 λόγος
3029 5669 3176 5723 ἐστὶν
3210 5670 3238 5723 6
3266 5665 3542 5740 ἀληθινὸς,
3570 5665 3645 5719 ὅτι

2090 5740 2246 5808 ἄλλος
2277 5746 2422 5800 ἐστὶν
2453 5748 2481 5799 6
2516 5749 2776 5819 σπείρων,
2805 5752 2898 5805 καὶ
2927 5751 3084 5816 ἄλλος
3109 5753 3137 5804 6
3171 5752 3426 5825 θερίζων.
