3938 6214
412 314 514 371 781

419 435 616 500 ’Λλλος
644 435 929 509 ἀροτρεύει
958 438 1160 510 σπόρον
1186 437 1417 510 ὄμπνιον
1446 439 1644 495 αῡλακι
1678 442 1897 509 νείφων,

415 526 527 579 Kal
563 527 765 599 στάχυν
805 529 1010 600 ἀμήσει
1041 532 1449 602 στεφανηφόρος
1477 533 1634 595 ἄλλος
1663 532 1889 596 ἀλωεύς.

413 618 483 673 33
525 618 708 672 Ἀλλοι
735 620 835 691 μὲν
866 620 1166 691 μογέεσκον
1194 622 1395 685 ἀλωέες
1429 621 1625 677 αὔλακι
1651 624 1854 694 φωνῆς’

416 716 644 789 Καρπὺν
672 716 777 778 ἕως
806 714 1068 786 ἔσπειραν
1092 731 1105 745 ·
1138 713 1438 768 ἐπιστέλλω
1461 713 1517 767 δὲ
1544 714 1829 785 καμόντων

429 808 630 880 ’Υμέας
664 806 983 878 ἀκαμάτους
1012 806 1289 879 ἀλλότριον
1318 807 1399 868 είς
1428 805 1587 860 πόνον
1626 807 1857 877 ἀνδρῶν,

429 901 663 971 ’Λμῆσαι
694 900 1054 970 στομάτεσσιν
1092 899 1454 970 ὲτοιμοτάτων
1488 900 1645 969 στίχα
1672 898 1924 971 καρπῶν,

415 993 581 1063 Λήῖον
610 990 671 1044 οὐ
697 991 1047 1062 σπείραντας,
1083 990 1117 1061 ἢ
1147 990 1515 1062 ἀρδεύσαντας
1552 991 1753 1061 ἀλωήν.

414 1083 485 1134 59
523 1080 714 1135 Πολλοὶ
746 1082 843 1152 μὲν
876 1081 1063 1136 ναέται
1089 1080 1424 1150 ταχυπειθέα
1461 1079 1587 1134 λαὸν
1619 1080 1824 1151 ἀλήτην

415 1172 633 1235 Histro;
666 1172 1033 1243 ἀῤῥαγέεσσιν
1059 1171 1454 1242 ὲπυργώσαντο
1484 1170 1788 1241 θεμέθλοις,

415 1264 738 1334 Μαρτυρίην
772 1265 979 1327 ἀΐοντες
1016 1262 1346 1335 ὲγερσινόοιο
1374 1262 1632 1332 γυναικὸς

413 1356 821 1427 Φοεγγομένης,
852 1356 937 1410 ὅτι
969 1356 1157 1409 Πάντα
1195 1355 1376 1426 τάπερ
1408 1355 1609 1426 κάμον,
1633 1351 1755 1409 εἶπε
1786 1357 2001 1498 araer?-

1846 1444 1965 1497 της.

414 1516 484 1570 40
535 1514 672 1568 Ἀλλ’
693 1515 781 1568 ὅτε
812 1515 860 1568 oi
888 1515 1072 1585 σχεδὸν
1098 1510 1261 1584 ἦλθον
1284 1513 1621 1585 ὁμοφραδέες
1641 1514 1999 1586 Σαμαρεῖται,

414 1606 649 1677 Χριστὸν
673 1605 1027 1674 ὲγουνάζοντο
1052 1606 1389 1678 φιλοστόργῳ
1417 1607 1521 1660 τινὶ
1545 1606 1720 1678 μύθῳ,

412 1694 551 1752 Δῦθι
592 1697 775 1767 μένειν
795 1712 808 1726 ·
837 1698 932 1750 καὶ
956 1695 1164 1749 παῦσεν
1185 1695 1352 1760 ’Δναξ
1379 1696 1528 1766 παρά
1563 1696 1763 1765 γείτονι
1792 1698 1963 1766 πηγῇ,

414 1787 528 1839 Kal
557 1788 723 1856 ταχὺς
750 1786 831 1849 εἰς
865 1785 1049 1839 πτόλιν
1078 1782 1241 1856 ἦλθεν
1270 1786 1559 1857 ὁμόστολον
1590 1781 1761 1856 οἶμον
1779 1784 1997 1885 ὁδεύῖων.
2033 1830 2073 1885 Β
2104 1807 2259 1861 vel“

414 1878 526 1930 Kal
548 1876 679 1939 Θεὸς
709 1876 895 1928 αὐτόθι
928 1876 1145 1947 μίμνεν,
1176 1876 1279 1939 ἕως
1308 1876 1505 1948 δρόμος
1530 1878 1685 1941 ἀλλος
1710 1878 1797 1931 ἐπ’
1819 1876 1963 1948 ἄλλῳ

427 1969 608 2043 Ὀξείῃ
636 1969 995 2041 στροφάλιγγι
1029 1970 1325 2042 παρέστιχε
1352 1970 1567 2040 δίζυγος
1594 1970 1746 2042 ἠοῦς.

414 2154 487 2209 45
526 2153 636 2206 Kal
667 2153 806 2224 μετά
841 2153 1057 2208 διπλόον
1078 2150 1234 2227 ἦμαρ
1268 2154 1437 2222 ’Δναξ
1472 2155 1751 2209 σπεύδοντι
1774 2155 1994 2228 πεδίλῳ,

414 2243 524 2316 44
560 2244 729 2298 Ούασι
755 2245 1119 2316 πειθομένοισι
1146 2248 1430 2319 πεπηγότα
1465 2248 1632 2319 μῦθον
1666 2251 1855 2317 ἐάσας,

414 2337 607 2390 Κεῖθεν
637 2336 733 2407 ἔϐη
762 2337 1101 2407 παλίνορσος,
1124 2340 1488 2412 ἀναινομένων
1521 2343 1819 2413 ναετήρων,

414 2428 526 2481 Kal
554 2426 714 2481 πάλιν
740 2428 820 2491 είς
853 2428 1011 2481 πέδον
1042 2425 1171 2500 ἦλθε
1208 2431 1568 2504 φιλοχρίστων
1604 2433 1923 2491 Γαλιλαίων.

414 2511 485 2567 44
522 2513 741 2585 Μούνην
766 2515 808 2566 δ⁴
836 2516 935 2568 οὐκ
958 2516 1230 2588 ὲπάτησεν
1256 2518 1351 2590 ἑὴν
1375 2518 1655 2592 ζηλήμονα
1689 2523 1922 2594 πάτρην,

414 2606 526 2657 Καὶ
554 2606 661 2676 γὰρ
688 2608 1006 2678 ὁμογνήτων
1026 2609 1349 2681 δεδαημένος
1384 2612 1521 2684 ήθεα
1554 2616 1748 2683 φωτῶν

415 2696 684 2770 Μάρτυρα
714 2698 880 2768 μῦθον
910 2699 1091 2754 ἔειπεν
1121 2702 1410 2775 ἐτήτυμον,
1442 2706 1557 2759 ὄττι
1585 2708 1870 2781 προφήτης

415 2789 490 2840 οὐ
518 2787 741 2842 δύναται
770 2791 1099 2861 περίπυστον
1132 2792 1275 2864 ἔχειν
1300 2796 1381 2851 ὲνὶ
1419 2799 1639 2869 πατρίδι
1664 2802 1869 2873 τιμήν.’

414 2878 486 2933 45
536 2880 673 2932 Ἀλλ’
707 2881 796 2934 ὅτε
827 2882 890 2954 δὴ
918 2884 1199 2940 Γαλιλαῖον
1227 2887 1286 2950 ὲς
1319 2887 1540 2960 ἕδρανον
1578 2887 1741 2963 ἦλθεν
1770 2892 1995 2965 Ἰησοῦς,

414 2970 490 3043 Δὴ
516 2971 635 3024 τότε
672 2990 762 3040 μιν
792 2976 1136 3045 προφανέντα
1162 2979 1555 3035 παλιννόστοισι
1581 2984 1856 3051 κελεύθοις

420 3062 684 3132 Ἀσμενος
719 3065 886 3135 ἐσμὸς
918 3066 1102 3122 ἔδεκτο
1136 3070 1472 3143 θεοστόργων
1502 3075 1818 3143 Γαλιλαίων,

415 3151 602 3205 Πάντα
627 3154 803 3227 τάπερ
830 3158 1054 3229 ποίησεν
1080 3160 1139 3213 ὲν
1171 3162 1388 3234 ἕρκεσιν
1431 3166 1787 3239 Ἱροσολύμων

420 3243 697 3314 Ὀμμασιν
723 3246 988 3318 ἀθρήσας,
1020 3252 1171 3323 ἱερῆς
1194 3255 1281 3307 ὅτε
1315 3254 1499 3325 κῶμον
1526 3257 1720 3329 έορτῆς

414 3336 667 3407 Μητέρες
690 3340 941 3410 εὐσεϐίης
970 3341 1270 3409 θεασὼδεες
1298 3347 1506 3418 ἤγαγον
1531 3344 1691 3421 ὧραι.

416 3426 528 3478 Καὶ
558 3427 668 3499 γὰρ
705 3430 762 3491 ἐς
792 3430 933 3502 ἱερὸν
960 3428 1113 3507 ἦμαρ
1143 3436 1534 3509 ὲπεστιχόωντο
1564 3441 1656 3493 καὶ
1684 3440 1842 3496 αὐτοί

416 3515 487 3603 46
538 3518 742 3589 Ἰησοῦς
773 3522 871 3591 μὲν
904 3523 1075 3587 ἵκανε,
1110 3527 1202 3578 καὶ
1231 3525 1402 3597 ᾧκεεν
1430 3529 1618 3584 αὐτόθι
1651 3532 1883 3603 μίμνων,

417 3597 551 3676 ᾟχι
581 3607 738 3661 πέδον
772 3611 1098 3679 Καναναῖον,
1130 3614 1236 3686 ὅπη
1271 3617 1443 3688 πάρος
1471 3621 1550 3682 είς
1580 3597 1735 3690 χύσιν
1762 3597 1907 3676 οἴνου

415 3695 615 3751 Ξανθὸν
652 3698 794 3771 ὕδωρ
820 3702 1035 3772 ποίησε,
1071 3705 1233 3773 φύσιν
1264 3709 1519 3778 χιονωτὸν
1548 3713 1807 3782 ἀμείψας.

488 3783 596 3841 Ἦν
626 3790 680 3843 δέ
711 3808 792 3854 τις
830 3792 1020 3848 ἰθύνων
1052 3797 1309 3868 στρατιὴν
1340 3800 1616 3873 βασιλήῖος
1645 3804 1805 3876 ἀνὴρ,

414 3871 493 3932 Oi)
528 3880 656 3943 πάϊς
682 3881 961 3951 ἀγχιάλοιο
980 3885 1359 3961 Καφαρναοὺμ
1380 3892 1460 3944 ἐν).
1486 3871 1548 3964 δῆ
1558 3912 1643 3964 μῳ

414 3967 669 4033 Κέκλιτο,
693 3971 873 4042 νωθρὰ
903 3975 1082 4045 φέρων
1116 3979 1324 4050 πεπεδη
1334 3980 1470 4051 μένα
1497 3984 1736 4051 γούνατα
1762 3988 1955 4060 νούσῳ.

415 4061 529 4113 Καὶ
552 4060 777 4132 γενέτης
805 4063 1116 4132 φιλότεκνος
1146 4067 1245 4138 ἴσῳ
1273 4071 1563 4139 μαστίζετο
1591 4077 1785 4147 πυρσῷ

417 4151 613 4215 Παιδὸς
647 4154 1046 4224 ἱμασσομένοιο,
1060 4156 1202 4226 τάχα
1220 4158 1404 4213 πλέον.
1445 4163 1511 4215 47
1542 4159 1710 4228 Οὗτος
1737 4168 1997 4234 ἀκούσας,

420 4242 695 4313 Ἐδραμεν
723 4245 802 4308 είς
827 4246 1131 4300 Καναναῖον
1157 4248 1416 4305 έδέθλιον⁸
1446 4255 1751 4329 ἀγχιφανὴς
1771 4258 1828 4313 δὲ

429 4333 632 4404 Ἰησοῦν
664 4335 899 4407 ἐρέεινεν
928 4339 1076 4403 ὅπως
1105 4338 1226 4396 νέον
1256 4337 1347 4397 υἷα
1382 4342 1588 4420 σαώσῃ,

1342 316 1822 373 PARAPHRASIS
1858 317 1926 373 IN
1961 318 2297 376 JOANNEM.
2332 351 2403 361 -—-
2440 321 2595 378 CAP.
2638 321 2728 378 IV.

3576 323 3680 384 782

2034 449 2077 504 Α
2109 442 2255 512 quod
2291 444 2374 497 vir
2417 445 2569 500 Alius
2601 451 2720 498 arat
2752 458 2940 500 semen
2972 444 3183 501 cereale
3220 446 3276 501 in
3307 446 3491 503 sulcos
3529 461 3685 520 spar-

2102 545 2264 601 gens,
2328 530 2395 585 Et
2442 534 2650 602 spicam
2703 533 2940 589 demetet
2994 548 3254 590 coronam
3309 535 3490 591 ferens
3544 537 3683 595 alius

2103 633 2339 673 messor.
2367 620 2435 673 58
2464 622 2568 674 Alii
2595 621 2813 691 quidem
2849 622 3172 678 laborarunt
3197 625 3451 695 agricolae
3485 627 3542 681 in
3570 628 3684 684 sul-

2101 722 2200 763 cos
2257 709 2429 775 vocis,
2504 708 2767 765 Fructum
2828 710 3005 768 donec
3081 714 3459 782 seminarent;
3529 717 3687 771 mitto

2103 816 2234 857 vero
2269 803 2636 857 laborantium
2672 803 2784 860 Vos
2815 820 2927 860 non
2975 806 3289 863 laborantes
3346 807 3585 863 alienum
3628 807 3684 862 in

2103 892 2343 948 laborem
2422 892 2665 947 virorum
2695 931 2711 957 ,
2782 893 3067 952 Demetere
3142 898 3332 954 aribus
3399 898 3685 967 paratissi-

2104 999 2318 1039 morum
2362 982 2587 1040 ordines
2658 984 2971 1052 fructuum,
3039 987 3306 1059 Campum
3368 1003 3478 1045 non
3520 990 3685 1046 semi-

2104 1082 2321 1143 nantes,
2367 1081 2462 1130 aut
2526 1077 2820 1148 irrigantes
2858 1088 3089 1151 segetes.
3140 1082 3210 1137 '59
3270 1082 3423 1137 Multi
3463 1084 3682 1153 quidem

2100 1167 2252 1221 cives
2294 1165 2577 1221 credulum
2655 1169 2918 1239 populum
2993 1178 3266 1226 errantem
3320 1172 3471 1229 Fidei
3512 1173 3684 1231 ﬁrmis

2105 1257 2426 1313 munierunt
2496 1258 2915 1329 fulciminibus,
2984 1261 3381 1319 Testimonium
3457 1267 3687 1322 audien-

2104 1356 2189 1405 tes
2239 1350 2532 1406 excitantis
2582 1359 2822 1406 mentem
2877 1352 3150 1420 mulieris,
3218 1353 3484 1421 Dicentis,
3535 1359 3685 1429 quod

2103 1439 2299 1495 Omnia
2334 1458 2454 1512 qua:
2504 1441 2608 1497 feci
2649 1444 2787 1498 dixit
2835 1445 3122 1516 propheta.
3188 1446 3257 1501 40
3302 1447 3406 1504 Sed
3454 1463 3580 1504 cum
3615 1451 3685 1506 ad

2103 1548 2228 1587 eum
2261 1534 2545 1590 venissent
2576 1537 2987 1593 consentientes
3022 1534 3378 1606 Samaritani,
3403 1541 3682 1598 Christum

2104 1626 2388 1694 supplices
2420 1626 2654 1682 orabant
2696 1629 2963 1685 benevolo
3001 1631 3243 1701 quodam
3287 1647 3561 1701 sermone,
3606 1633 3685 1689 lbi

2104 1730 2361 1784 manere;
2408 1727 2462 1773 et
2494 1721 2702 1789 quievit
2734 1720 2851 1777 Rex
2898 1722 3043 1793 apud
3072 1724 3312 1779 vicinum
3362 1725 3589 1793 fontem,
3619 1726 3685 1782 Et

2295 1808 2350 1863 in
2385 1810 2662 1867 civitatem
2703 1812 2800 1867 ivit
2840 1815 3094 1870 comitem
3123 1816 3267 1871 viam
3302 1817 3582 1874 incedens.
3620 1818 3685 1873 Et

2109 1897 2254 1956 Deus
2296 1901 2378 1956 ibi
2419 1903 2648 1970 mansit,
2700 1904 2876 1961 donec
2919 1922 3118 1964 cursus
3167 1910 3307 1966 alius
3350 1920 3472 1993 post
3514 1911 3681 1965 alium

2105 1990 2281 2047 Celeri
2313 1994 2583 2065 vertigine
2605 1998 2870 2067 praeteriit
2899 1998 3106 2070 bijugis
3136 1990 3371 2057 aurorae.
3408 2000 3493 2073 [41
3530 2008 3584 2058 et
3611 2000 3684 2057 42

2102 2173 2174 2228 45
2204 2172 2267 2226 Ει
2297 2182 2417 2243 post
2450 2173 2721 2245 duplicem
2752 2178 2894 2234 diem
2926 2178 3040 2236 Rex
3068 2181 3348 2239 festinanti
3382 2183 3538 2255 pede,
3570 2183 3679 2258 45

2105 2265 2351 2321 Auribus
2374 2267 2727 2326 credentibus
2755 2270 2982 2326 inﬁxum
3015 2289 3322 2330 sermonem
3342 2277 3680 2347 relinquens,

2105 2355 2232 2413 Inde
2262 2358 2397 2413 abiit
2441 2374 2718 2426 reversus,
2764 2365 3125 2420 renuentibus
3156 2365 3577 2432 habitatoribus,
3616 2367 3685 2422 Et

2102 2463 2300 2505 rursus
2330 2449 2385 2503 in
2418 2464 2671 2521 campum
2698 2453 2846 2508 venit
2876 2454 3156 2513 Christum
3189 2459 3489 2512 amantium
3531 2458 3683 2513 Gali-

2105 2536 2350 2592 laeorum.
2404 2538 2475 2593 44
2510 2540 2695 2595 Solam
2727 2555 2859 2596 vero
2904 2557 3015 2597 non
3050 2544 3186 2599 adiit
3221 2560 3378 2601 suam
3420 2549 3684 2603 aemulan-

2103 2637 2212 2687 tem
2238 2631 2472 2701 patriam
2501 2650 2513 2685 :
2554 2630 2768 2687 Etenim
2803 2635 3150 2705 popularium
3180 2637 3362 2694 sciens
3393 2653 3575 2693 mores
3604 2640 3686 2695 vi-

2104 2736 2312 2786 rorum,
2350 2720 2758 2777 Testiiicantem
2789 2738 3102 2781 sermonem
3131 2726 3270 2781 dixit
3298 2742 3510 2795 verum,
3535 2729 3682 2798 quod

2106 2811 2371 2882 propheta
2418 2810 2539 2866 Non
2594 2819 2778 2883 potest
2828 2814 3097 2871 illustrem
3148 2816 3349 2872 habere
3392 2817 3449 2872 in
3508 2820 3682 2887 patria

2106 2900 2394 2956 honorem.
2426 2902 2498 2957 45
2538 2902 2647 2957 Sed
2687 2903 2908 2972 quando
2934 2920 3069 2961 sane
3112 2906 3166 2961 in
3194 2906 3473 2962 Galilazum
3506 2909 3682 2963 solum

2105 2992 2255 3047 venit
2287 2990 2471 3058 Jesus,
2505 2992 2661 3049 Tunc
2684 2994 2862 3065 ipsum
2892 2996 3250 3065 conspicuum
3290 2999 3563 3053 reversiva
3597 2999 3685 3053 via

2105 3082 2313 3140 Avidus
2341 3093 2520 3140 etetus
2550 3088 2792 3157 suscepit
2819 3087 3034 3156 piorum
3065 3087 3436 3158 Galilaeorum,
3488 3089 3685 3145 Omnia

2027 3190 2069 3249 ς
2103 3190 2226 3245 quae
2304 3173 2434 3232 fecit
2497 3175 2644 3231 intra
2710 3186 2866 3248 septa
2933 3176 3435 3250 Hierosolymorum
3498 3179 3685 3237 Oculis

2102 3266 2399 3337 aspiciens,
2449 3268 2594 3322 sacri
2640 3273 2862 3337 quando
2912 3269 3335 3326 celebrationem
3388 3272 3514 3327 festi
3572 3272 3685 3328 Ma-

2104 3364 2216 3413 tres
2248 3357 2468 3427 pietatis
2499 3360 2753 3435 cho‘raga:
2785 3360 3146 3417 adduxissent
3176 3361 3344 3416 horae.
3375 3361 3588 3418 Etenim
3612 3364 3686 3420 ad

2101 3449 2247 3506 diem
2277 3448 2476 3506 festum
2509 3452 3000 3522 proliciscebantur
3029 3461 3083 3509 et
3112 3454 3238 3525 ipsi.
3271 3454 3339 3509 46
3366 3454 3529 3512 Jesus
3559 3458 3687 3528 qui-

2101 3543 2223 3597 dem
2259 3540 2429 3608 venit,
2482 3552 2537 3598 et
2575 3543 2840 3598 habitavit
2878 3545 2951 3600 ibi
3004 3560 3254 3614 manens,
3309 3545 3411 3601 Ubi
3454 3561 3683 3619 campus

2101 3634 2406 3692 Cananaeus
2437 3643 2541 3702 est,
2598 3636 2691 3691 ubi
2735 3648 2893 3693 antea
2936 3640 2993 3693 in
3042 3637 3270 3695 ﬂuorem
3301 3641 3413 3695 vini
3461 3639 3685 3710 Flavam

2097 3740 2296 3795 aquam
2355 3734 2629 3795 mutarat,
2686 3736 2943 3784 naturam
2998 3732 3213 3787 niveam
3279 3742 3678 3792 transmutans.

2153 3816 2280 3871 Erat
2320 3826 2502 3873 autem
2537 3820 2757 3890 quidam
2791 3836 2988 3893 regens
3026 3826 3329 3881 exercitum
3357 3827 3538 3897 regius
3573 3829 3677 3895 vir,

2095 3907 2267 3976 Cujus
2304 3909 2451 3963 ﬁlius
2497 3912 2788 3968 maritima:
2833 3914 3176 3984 Capernaum
3219 3917 3272 3970 in
3318 3922 3521 3988 populo
3580 3920 3681 3975 De-

2097 3999 2411 4063 cumbebat,
2450 4000 2704 4069 languida
2735 4002 2918 4059 ferens
2956 4005 3117 4075 ligata
3148 4018 3325 4076 genua
3352 4009 3562 4064 morbo.
3613 4010 3680 4064 Et

2104 4095 2257 4155 pater
2306 4102 2498 4142 amans
2553 4092 2761 4147 sobolis
2802 4094 3000 4163 aequali
3049 4097 3411 4172 torquebatur
3456 4099 3677 4156 ﬂamma

2101 4177 2236 4231 Cum
2273 4179 2381 4233 lilio
2411 4179 2631 4247 amicto,
2675 4182 2859 4238 forsan
2902 4194 2956 4240 et
2990 4188 3131 4256 plus.
3168 4190 3233 4243 47
3274 4189 3372 4245 llic
3414 4207 3537 4246 cum
3584 4208 3682 4247 au-

2099 4267 2292 4333 disset,
2327 4267 2588 4325 Cucurrit
2627 4271 2683 4327 in
2710 4272 3038 4330 Canameum
3073 4279 3285 4344 solum;
3336 4284 3680 4355 prepinquus

2102 4374 2228 4413 vero
2276 4358 2465 4416 Jesum
2520 4365 2753 4436 rogavit,
2806 4375 2866 4421 ut
2906 4368 3164 4439 juvenem
3199 4371 3372 4428 ﬁlium
3417 4386 3680 4447 servaret,

1622 4462 1906 4525 TEXTUS
1941 4470 2467 4533 EVANGELIST/E.

484 4559 1550 4674 £3535".esse}:esseesse
1578 4575 1674 4674 sx
1705 4577 1863 4674 ξτεῑς
2027 4590 2072 4645 υ
2111 4669 2122 4674 -
2170 4587 2432 4674 ψιετά
2471 4591 2528 4644 δὲ
2557 4593 2655 4658 τὰς
2700 4596 2793 4649 δύο
2840 4599 3051 4670 ἡμέρας
3081 4601 3302 4674 ἐξῆλθεν
3333 4605 3559 4673 ἐκεῖθεν,
3588 4611 3682 4664 καὶ

414 4644 715 4697 κοπιάκατε
737 4665 749 4678 ·
778 4648 923 4703 ἄλλοι
953 4653 1340 4719 κεκοπιάκασι,
1368 4656 1459 4708 καὶ
1493 4644 1759 4729 ὑμεῖς-είς
1786 4662 1878 4716 τὸν
1909 4666 1999 4719 κό-

415 4744 516 4780 πον
547 4728 725 4780 αὑτῶν
762 4732 1166 4802 εἰσεληλύθατε.

484 4809 552 4864 59
604 4810 698 4864 Ἐκ
724 4811 779 4865 δὲ
811 4814 910 4884 τῆς
958 4817 1163 4881 πόλεως
1207 4819 1425 4891 ἐκείνης
1456 4823 1640 4878 πολλοὶ
1669 4826 1998 4886 ἐπίστευσαν

412 4892 494 4981 είς
519 4892 680 4945 αὐτὸν
712 4896 1218 4981 τῶνΣαμαρειτῶν,
1258 4903 1345 4956 διὰ
1370 4906 1463 4958 τὸν
1497 4905 1653 4976 λόγον
1682 4911 1781 4981 τῆς
1810 4928 1996 4981 γυναι-

412 4974 526 5039 κὸς,
558 4980 942 5051 μαρτυρούσης
966 4998 979 5012 ·
1007 4984 1127 5035 Ὅτι
1156 4980 1278 5038 εἶπέ
1305 5005 1394 5057 μοι
1417 4974 1595 5043 πάντα
1616 4993 1716 5045 ὅσα
1736 4974 1988 5069 ἐποίησα.

481 5059 552 5111 40
596 5060 687 5150 ςΩς
718 5058 817 5150 οὖν
838 5059 999 5133 ἦλθον
1030 5067 1165 5137 πρὸς
1193 5069 1355 5122 αὑτὸν
1387 5074 1436 5124 οἱ
1467 5074 1822 5145 Σαμαρεῖται,
1851 5058 1997 5150 η’ρώ-

409 5158 517 5193 των
550 5142 710 5196 αὐτὸν
741 5149 919 5215 μεῖναι
965 5150 1087 5218 παρ’
1115 5151 1329 5215 αὐτοῖς·
1362 5157 1454 5207 καὶ
1485 5142 1699 5227 ἔμεινεν
1745 5142 1997 5218 ἐκείδύο

412 5222 645 5295 ἡμέρας·

480 5308 543 5398 41
590 5309 700 5362 Kal
721 5310 898 5382 πολλῷ
920 5312 1137 5378 πλείους
1157 5318 1482 5376 ἐπίστευσαν
1505 5322 1593 5377 διά
1610 5325 1700 5379 τὸν
1720 5327 1876 5398 λόγον
1899 5331 1996 5384 αὐ-

410 5407 530 5446 του.

588 5479 665 5549 Τῇ
701 5497 759 5533 τε
789 5483 1006 5569 γυναικὶ
1037 5482 1247 5569 ἔλεγον·
1288 5487 1407 5541 Ὅτι
1440 5488 1623 5544 ούκέτι
1653 5491 1740 5547 διὰ
1766 5496 1864 5567 τὴν
1896 5499 1993 5569 σὴν

411 5556 597 5644 λαλιάν
622 5563 977 5644 πιστεύομεν·
1011 5568 1163 5620 αὐτοὶ
1196 5569 1305 5640 γὰρ
1339 5572 1676 5644 ἀκηκόαμεν,
1724 5556 1994 5633 καὶόῖδα-

414 5659 515 5712 μεν
559 5643 640 5698 ὅτι
669 5640 822 5712 οὗτός
853 5649 1000 5705 ἐστιν
1025 5651 1238 5723 ἀληθῶς
1263 5655 1291 5707 ὁ
1319 5640 1508 5728 Σωτὴρ
1558 5640 1650 5712 τοῦ
1702 5661 1927 5734 κόσμου,
1962 5667 1996 5719 ὁ

413 5742 455 5793 Κ
466 5736 668 5809 ρἰστός.

2098 4669 2340 4740 ἀπῆλθεν
2366 4674 2446 4737 είς
2472 4674 2569 4745 τὴν
2603 4676 2914 4734 Γαλιλαίαν.

2164 4753 2234 4847 44-
2270 4755 2470 4847 At’fcog“
2497 4758 2607 4830 γὰρ
2642 4759 2670 4811 ὁ
2703 4762 2914 4847 Α’ίησοῦς
2943 4765 3323 4839 ἐμαρτύρησεν
3357 4771 3439 4824 ὅτι
3470 4776 3683 4847 προφή-

2091 4853 2191 4921 της
2215 4838 2273 4921 ὲν
2302 4841 2367 4909 τῇ
2404 4840 2508 4921 ἰδία
2545 4844 2765 4921 πατρίδι
2797 4847 2963 4918 τιμὴν
2996 4848 3096 4902 οὐκ
3125 4838 3257 4921 ἔχει.

2161 4918 2232 4971 45
2251 4921 2400 5005 ῌὌτε
2430 4919 2524 4977 οὖν
2549 4919 2713 4996 ἦλθεν
2742 4928 2823 4992 είς
2850 4932 2949 5001 την
2976 4918 3286 4998 Γαλιλαίαν,
3316 4936 3565 5005 ἐδέξαντο
3585 4942 3681 4995 αὐ-

2091 5001 2181 5055 τὸν
2215 5003 2590 5091 οἰΔΓαλιλαῖοι,
2624 5008 2804 5064 πάντα
2836 5014 3139 5083 ἑωρακότες
3169 5016 3203 5071 ἃ
3228 5001 3481 5091 ἐποίησεν
3507 5025 3563 5076 ὲν
3590 5025 3686 5079 Ἰε-

2098 5086 2414 5180 ροσολύμοις
2439 5092 2498 5145 ἐν
2526 5095 2592 5164 τῇ
2624 5094 2784 5168 ἑορτῇ
2808 5113 2819 5124 ·
2850 5098 2943 5151 καὶ
2971 5099 3125 5152 αὐτοὶ
3149 5100 3257 5174 γὰρ
3285 5086 3448 5175 ἦλθον
3472 5108 3553 5172 εἰς
3579 5110 3679 5180 τὴν

2093 5169 2312 5240 ἑορτήν.

2271 5249 2474 5341 τῌλθεν
2521 5254 2617 5311 οὖν
2665 5261 2693 5313 ό
2732 5261 2938 5333 Ἰησοῦς
2974 5265 3134 5319 πάλιν
3163 5269 3243 5330 είς
3267 5270 3365 5339 τὴν
3402 5272 3557 5324 Κανᾶ
3585 5273 3687 5341 τῆς

2093 5335 2401 5425 Γαλιλαίας,
2436 5340 2567 5425 ὅπου
2615 5343 2839 5416 ἐποίησε
2896 5348 2957 5399 τὸ
3001 5348 3144 5421 ὕδωρ
3173 5335 3333 5405 οῒνον.
3372 5355 3481 5406 Kal
3507 5350 3575 5425 ἦν

2096 5417 2392 5504 βασιλικός,
2429 5418 2490 5477 οὗ
2524 5426 2553 5476 ὁ
2582 5426 2695 5489 υίὸς
2725 5428 2941 5498 ἠσθένει
2968 5434 3024 5484 ὲν
3054 5417 3445 5504 Κάπερναούμ.

2174 5503 2233 5587 47
2274 5497 2443 5571 Οὗτος
2495 5508 2733 5574 ἀκούσας
2779 5512 2859 5565 ὅτι
2905 5513 3111 5584 Ἰησοῦς
3134 5497 3257 5583 ἥκει
3297 5517 3359 5568 ὲκ
3388 5497 3505 5587 ’τῆς
3551 5520 3684 5575 Ἰου-

2094 5584 2249 5670 δαίας
2304 5590 2385 5651 εἰς
2431 5591 2531 5661 τὴν
2584 5594 2892 5661 Γαλιλαίαν,
2941 5596 3149 5665 ἀπῆλθε
3196 5599 3330 5668 πρὸς
3372 5584 3554 5670 αὑτὸν,
3584 5602 3689 5657 καὶ

2094 5669 2283 5740 ἠρώτα
2311 5674 2494 5738 αὑτὸν,
2529 5676 2615 5729 ἵνα
2642 5678 2851 5748 καταϐῇ
2885 5680 2973 5733 καὶ
3009 5680 3226 5752 ἰάσηται
3248 5682 3413 5737 αὑτοῦ
3434 5669 3683 5743 τὸνυίόν⁹

2098 5752 2299 5824 ἤμελλε
2330 5758 2438 5830 γὰρ
2471 5759 2857 5832 ἀποθνήσκειν.
