3938 6214
390 392 499 449 785

453 546 466 559 .
510 545 523 559 .
568 544 583 560 .
627 544 641 558 .
716 504 831 577 48
899 503 931 559 1
974 506 1118 578 Ὂπη
1146 508 1480 579 κεκαῦμένος
1505 510 1667 581 ἀνὴρ,

395 597 664 667 ’Ἀλμασιν
689 596 1076 667 αὑτομάτοισιν
1107 597 1230 652 ἰδὼν
1253 600 1582 674 ὀρχούμενον
1605 600 1768 673 ὕδωρ,

402 687 640 741 ὐππότε
669 688 987 757 κυμαίνοντι
1015 688 1184 759 δέμας
1214 690 1471 762 φαίδρυνε
1509 690 1764 763 λοετρῷ,.

392 775 584 847 Θερμὰ
622 776 1031 847 πεπαινομένης
1069 778 1397 844 ἀπεσείσατο
1428 779 1652 850 κύματα
1688 782 1902 849 νούσου,

390 869 656 940 Φέρτερον
693 868 914 939 ἰητῆρος
947 868 1069 924 ἰδὼν
1097 870 1428 941 ὀδυνήφατον
1460 870 1623 945 ὕδωρ.

390 958 426 1011 5
465 953 574 1011 Ἦν
598 957 655 1010 δέ
678 975 761 1021 τις
789 958 1192 1029 ἐμπεδόμοχθος
1214 960 1354 1033 ἀνὴρ
1383 963 1536 1035 παρά
1567 965 1767 1033 γείτονι
1805 971 1981 1040 πηγῇ,

391 1050 556 1120 Τρεῖς
580 1049 812 1113 δεκάδας
844 1049 1113 1120 δασπλῆτι
1138 1054 1533 1123 παριππεύσας
1568 1056 1650 1110 ἐνὶ
1677 1057 1873 1129 νούσῳ,

393 1139 506 1193 Καὶ
536 1139 697 1193 πάλιν
725 1139 887 1208 δγδοα
914 1139 1089 1194 κύκλα
1120 1142 1513 1214 κυλινδομένων
1535 1147 1818 1201 ἐνιαυτῶν.

393 1229 428 1284 6
466 1229 667 1284 Τοῦτον
698 1231 822 1286 ἰδὼν
848 1231 1133 1287 ἀτίνακτον
1167 1233 1392 1305 ἐθήμονι
1425 1237 1677 1307 κείμενον
1710 1240 1838 1312 εὐνῇ

408 1319 635 1393 Ἰησοῦς,
668 1322 890 1394 ἐνόησεν
919 1325 1000 1378 ὅτι
1032 1326 1261 1397 χρονίων
1290 1327 1382 1380 ἐπὶ
1410 1326 1655 1400 λέκτρων

395 1409 523 1483 Εἶχε
551 1413 871 1485 δυσαθλήτῳ
893 1416 1100 1486 πεπεδη
1110 1416 1246 1485 μένα
1269 1415 1504 1484 γούνατα
1536 1418 1730 1490 νούσῳ.

394 1503 505 1557 Καί
532 1521 627 1574 μιν
645 1504 814 1569 Ἀναξ
831 1505 1053 1577 ἐρέεινε,
1074 1507 1212 1578 χέων
1240 1508 1561 1581 οἰκτίρμονα
1587 1511 1772 1581 φωνήν
1789 1526 1803 1541 ·

408 1595 679 1667 Ἀσκηθὴς
698 1595 900 1661 ἐθέλεις
922 1597 1083 1652 πάλιν
1109 1598 1343 1670 ἔμμεναι
1363 1618 1377 1668 ;
1418 1601 1449 1653 7
1472 1600 1657 1672 Αὐτὰρ
1681 1602 1710 1653 6
1733 1603 1977 1671 κάμνων,

408 1688 502 1740 Ἐκ
521 1689 716 1759 φρενὸς
743 1688 1002 1761 ἀδρανέος
1024 1690 1176 1762 βεϐιη
1186 1692 1344 1761 μένον
1367 1691 1555 1764 ἆσθμα
1576 1693 1851 1759 τιταίνων,

392 1778 678 1852 Λεπταλέῃ
714 1781 874 1851 μόγις
912 1779 1065 1837 εἶπεν
1097 1783 1237 1854 ἀνὴρ
1278 1782 1646 1855 βραδυπευθέῖ
1680 1787 1832 1857 φωνῇ
1857 1798 1869 1813 ·

396 1870 651 1939 Κοίρανε,
684 1872 1030 1943 νουσοκόμοιο
1057 1872 1430 1944 φιλοστόργοιο
1460 1874 1666 1943 χατίζω
1684 1891 1697 1904 ·

395 1962 470 2013 Οὐ
498 1960 607 2033 γὰρ
631 1961 740 2032 ἔχω
768 1963 891 2016 τινὰ
919 1962 1074 2032 φῶτα
1106 1964 1408 2035 διάκτορον,
1435 1965 1578 2035 ὄφρα
1610 1982 1673 2018 κε
1704 1967 1887 2038 πηγῆς

391 2051 599 2116 Θυάδος
634 2053 978 2108 αὐτοέλικτον
1016 2056 1137 2109 ἰδὼν
1166 2055 1534 2127 κυρτούμενον
1567 2055 1731 2129 ὕδωρ,

392 2139 491 2202 Εἰς
516 2139 668 2211 ἱερὴν
694 2141 996 2212 ἀσάμινθον
1026 2142 1334 2213 ἐλαφρίζων
1364 2161 1433 2215 με
1461 2144 1729 2216 χαλάσσῃ.

397 2231 579 2303 ὀφρα
609 2233 707 2303 μὲν
730 2234 1060 2304 ἀστήρικτον
1089 2234 1221 2305 ἐμὸν
1255 2234 1391 2288 πόδα
1416 2236 1621 2307 νωθρὸν
1652 2236 1886 2308 ἐρέσσω,

390 2320 581 2392 Τόφρα
616 2321 673 2375 δὲ
710 2323 908 2394 μᾶλλον
936 2327 1088 2395 ἐμεῖο
1118 2324 1382 2396 νεώτερος
1408 2326 1522 2391 ὀξέῖ
1551 2327 1754 2398 παλμῷ

390 2412 787 2484 Προφθάμενος
805 2414 995 2485 βροτὸς
1023 2416 1183 2480 ἀλλος
1210 2417 1573 2489 ἐλαφρότερος
1609 2420 1929 2475 καταϐαίνει

404 2504 603 2575 Ἀφρὸν
634 2506 1028 2579 ἁερσιπότητον
1055 2510 1423 2581 ἐρευγομένης
1453 2512 1774 2583 ἀσαμίνθου.
1930 2498 1938 2504 ⁵

390 2593 426 2647 8
465 2593 570 2648 Καί
603 2613 695 2666 μιν
722 2598 890 2665 Ἀναξ
919 2598 1185 2669 θάρσυνεν
1220 2602 1281 2671 ἐῇ
1311 2600 1553 2672 ζωαρκέῖ
1579 2605 1729 2673 φωνῇ
1749 2617 1764 2632 ⁶

394 2687 615 2758 Ἕγρεο,
645 2688 872 2760 λέκτρον
900 2689 1074 2762 ἄειρε,
1108 2692 1203 2745 καὶ
1248 2692 1407 2763 ξρχεο
1440 2691 1643 2762 κοῦφος
1668 2694 1871 2765 ὁδίτης.

389 2779 426 2833 9
466 2779 763 2845 Νουσαλέος
787 2782 832 2835 δ’
852 2782 1141 2850 ἀνέπαλτο,
1174 2786 1269 2840 καὶ
1289 2787 1367 2849 εἰς
1393 2785 1552 2839 πέδον
1570 2787 1715 2856 ἴχνος
1735 2785 1975 2856 ἐρείσας,

392 2867 609 2922 Ἷστατο
628 2885 641 2898 °
683 2870 779 2925 καὶ
803 2871 1069 2944 κλιντῆρα
1096 2873 1276 2927 λαϐὼν
1305 2873 1653 2944 ἐπικείμενον
1680 2872 1836 2944 ὤμῳ,

395 2958 617 3030 Ἔστιχε
640 2961 906 3017 πάνδοκον
931 2959 1100 3031 οἷκον,
1133 2964 1306 3036 ἀήθεα
1331 2964 1569 3033 γούνατα
1597 2963 1835 3029 πάλλων,

390 3049 503 3103 Καὶ
530 3051 763 3122 καμάτῳ
791 3052 1131 3125 βαρύφορτον
1159 3054 1410 3125 ἐπωμίδα
1439 3054 1667 3126 λέκτρον
1687 3054 1905 3125 ἀείρων.
1981 3049 1983 3053 “

392 3141 505 3194 Καὶ
531 3143 653 3195 τότε
682 3144 952 3198 σάϐϐατον
978 3141 1098 3215 ἦεν.
1179 3147 1246 3201 10
1299 3146 1388 3199 Ἐν
1413 3146 1663 3214 εὐλάῖγγι
1685 3145 1742 3199 δέ
1765 3144 1877 3216 νηῷ

321 3236 329 3243 ’
395 3232 503 3304 50
552 3234 744 3305 Ἀνέρα
776 3237 1208 3303 παπταίνοντες,
1244 3237 1304 3291 ὃν
1331 3239 1566 3309 ἀρχαίης
1596 3237 1705 3291 ἀπὸ
1740 3237 1932 3291 νούσου
2004 3226 2045 3282 C

396 3325 684 3397 Λυσιπόνῳ
710 3328 1010 3399 ταχυεργὸς
1038 3329 1207 3395 Ἀναξ
1228 3330 1419 3400 ἰήσατο
1445 3329 1619 3400 μύθῳ,

394 3415 604 3488 Εῖρεονο
643 3418 832 3484 Ὅστις
868 3419 1078 3490 ἄνωγεν
1108 3422 1169 3492 έῇ
1205 3422 1507 3494 σημάντορι
1542 3426 1694 3494 φωνῇ

393 3510 633 3581 Λέκτρον
663 3511 1000 3583 άερτάζοντα
1037 3514 1414 3585 παλινδίνητον
1448 3514 1653 3571 ὁδεύειν
1679 3532 1693 3581 ;

394 3603 455 3655 ll
486 3603 595 3656 Καὶ
624 3603 905 3677 φθονεροῖς
936 3606 1253 3677 ἀπάμειπτο
1288 3607 1438 3678 σοφῷ
1467 3606 1737 3662 θεοπειθέῖ
1779 3608 1934 3679 μύθῳ
1960 3626 1971 3639 ⁸

394 3693 584 3758 Ὅστις
615 3697 725 3750 ἀπὸ
755 3698 1044 3770 κλιντῆρος
1077 3699 1432 3772 ἀνεζώγρησε
1467 3701 1725 3769 πεσόντα,

393 3786 564 3851 Αὐτὸς
592 3789 717 3858 ἐμοὶ
740 3789 1029 3854 κατέλεξεν
1056 3790 1345 3861 ἀερτάζειν
1378 3792 1477 3846 καὶ
1500 3792 1724 3847 ὁδεύειν.

394 3879 464 3932 12
488 3880 599 3933 Καί
631 3897 724 3949 μιν
768 3882 1039 3936 Ἰουδαίων
1072 3883 1234 3937 πάλιν
1260 3884 1441 3954 εἴρετο
1470 3884 1598 3948 λαὸς
1626 3886 1879 3955 ἀγήνωρ·

392 3972 491 4034 Τίς
522 3970 685 4025 πέλεν
716 3972 774 4036 ὃς
810 3989 870 4026 σε
898 3974 1154 4028 κέλευσεν
1181 3975 1489 4045 ἀδειμάντῳ
1515 3975 1621 4029 τινὶ
1649 3979 1798 4046 φωνῇ
1816 3992 1830 4005 ·

394 4062 621 4131 ’Έρχεο,
650 4060 743 4115 σὺν
771 4062 1037 4135 κλιντῆρα
1063 4064 1245 4117 λαϐὼν
1273 4065 1655 4135 πεφορημένον
1683 4065 1849 4135 ὥμῳ;

396 4154 463 4206 15
489 4154 564 4208 Οὐ
589 4152 690 4223 μὲν
717 4153 858 4225 ἀνὴρ
884 4154 1149 4225 δεδάηκεν
1178 4155 1277 4225 ἐῆς
1306 4157 1497 4226 ἰήτορα
1529 4138 1741 4211 νούσου.

395 4245 587 4299 14Καί
623 4264 717 4316 μιν
751 4245 876 4300 ἰδὼν
903 4247 1182 4318 στείχοντα
1211 4247 1460 4311 λιθώδεος
1486 4247 1657 4303 ἔνδοθι
1680 4249 1831 4318 νηοῦ,

395 4336 592 4408 Ὕϐριν
614 4338 936 4409 ἀναμνήσας
966 4338 1257 4410 προτέρην,
1294 4340 1590 4410 ποινήτορα
1618 4339 1831 4405 νούσου,

1359 388 1847 447 PARAPIIRASIS
1887 387 1951 442 IN
1994 388 2331 446 JOANNEM.
2373 419 2443 431 -—-
2479 387 2631 444 CAP.
2685 387 2743 442 ν.

3550 390 3652 447 735

2095 539 2106 551 ν
2143 549 2157 564 .
2204 551 2218 565 .
2258 548 2272 563 .
2319 551 2332 563 .
2371 506 2653 581 4941]ὺί
2672 514 2913 561 aestuans
2938 503 3038 571 vir,
3075 505 3318 561 Saltibus
3342 514 3656 575 spontaneis

2088 601 2276 657 videns
2310 601 2590 655 salientem
2621 613 2840 669 aquam,
2878 595 3108 664 Quando
3128 596 3428 652 ﬂuctuante
3459 614 3660 667 corpus

2084 699 2629 772 purgassetlavacro,
2644 697 2865 753 Calidos
2882 696 3132 752 concocti
3146 695 3450 766 espulissct
3462 693 3663 748 ﬂuctus

2084 791 2284 855 morbi,
2322 789 2763 845 Praestantiorem
2796 788 3009 844 medico
3046 786 3238 842 videns
3268 785 3660 855 mitigatoriam

2084 897 2300 953 aquam.
2318 881 2354 935 5
2368 881 2495 935 Erat
2515 888 2697 935 autem
2711 880 2931 949 quidam
2949 885 3211 948 perpetuo
3228 876 3584 932 laboransvir
3596 884 3663 929 ad

2083 974 2323 1029 vicinum
2342 972 2569 1037 fontem,
2591 972 2729 1026 Tres
2744 970 2976 1025 dccades
2999 971 3149 1040 gravi
3172 970 3505 1039 obequitans
3520 982 3667 1021 mor-

2083 1066 2187 1130 bo,
2221 1063 2289 1117 Et
2335 1078 2530 1118 rursus
2569 1070 2697 1117 octo
2729 1061 2968 1116 circulos
3010 1062 3319 1116 volutorum
3369 1075 3660 1115 annorum.

2085 1158 2119 1212 6
2146 1155 2305 1211 Hunc
2332 1154 2527 1210 videns
2562 1169 2669 1208 non
2708 1153 2970 1223 agitatum
3005 1158 3270 1207 consueto
3296 1150 3569 1221 jacentem
3608 1147 3664 1201 in

2084 1246 2227 1303 lecto
2254 1245 2435 1310 Iesus,
2478 1244 2863 1300 animadvertit
2894 1242 3043 1313 quod
3092 1242 3370 1296 diuturnis
3409 1241 3465 1294 in
3508 1238 3666 1295 lectis

2085 1337 2321 1394 llaberet
2368 1336 2659 1392 incurabili
2707 1336 2872 1407 ligata
2911 1349 3089 1407 genua
3130 1333 3343 1388 morbo.
3372 1331 3439 1386 Et
3485 1332 3663 1401 ipsum

2084 1427 2198 1483 Rex
2249 1427 2644 1499 interrogabat,
2679 1424 2916 1481 fundens
2967 1424 3377 1479 misericordem
3429 1434 3663 1474 vocem:

2082 1519 2377 1575 Incolumis
2406 1520 2490 1575 vis
2518 1534 2715 1575 rursus
2740 1518 2906 1574 esse?
2938 1520 2967 1573 7
2988 1516 3095 1571 Sed
3134 1516 3411 1578 laborans,
3430 1511 3507 1566 Ex
3528 1527 3667 1582 prae-

2082 1613 2290 1668 cordiis
2316 1611 2590 1668 debilibus
2639 1617 2890 1665 coactum
2936 1607 3236 1663 anhelitum
3286 1604 3534 1669 trahens,
3565 1602 3670 1656 Te-

2084 1706 2178 1758 nui
2211 1704 2299 1757 vix
2341 1702 2479 1757 dixit
2506 1702 2589 1756 vir
2608 1701 2762 1755 tarde
2790 1698 2975 1754 audita
3005 1713 3136 1753 voce
3167 1713 3181 1749 :
3214 1695 3463 1761 Domine,
3495 1705 3669 1762 aegro-

2082 1809 2203 1847 rum
2245 1799 2499 1847 curatore
2544 1789 2811 1845 benevolo
2848 1788 3087 1858 indigeo.
3129 1785 3249 1839 Non
3307 1785 3453 1839 enim
3496 1782 3669 1837 habeo

2018 1873 2055 1927 Β
2086 1885 2323 1955 aliquem
2355 1882 2532 1937 virum
2563 1881 2900 1945 ministrum,
2934 1886 2995 1932 ut
3023 1877 3190 1933 fontis
3226 1874 3455 1929 Turbati
3484 1889 3579 1944 per
3610 1887 3672 1927 se

2082 1973 2321 2030 Volutam
2353 1972 2547 2028 videns
2587 1973 2855 2029 elevatam
2898 1984 3130 2039 aquam,
3165 1970 3223 2023 In
3254 1982 3469 2022 sacram
3502 1965 3669 2035 pisci-

2080 2074 2205 2113 nam
2228 2059 2414 2113 levans
2435 2074 2521 2114 me
2550 2059 2816 2114 demittat.
2849 2058 2985 2113 Cum
3006 2056 3154 2111 enim
3182 2054 3456 2109 inﬁrmum
3487 2069 3669 2108 meum

2082 2152 2272 2221 pedem
2330 2151 2650 2220 languidum
2690 2164 2919 2215 moveo,
2949 2148 3107 2203 Tunc
3142 2164 3230 2202 me
3259 2146 3451 2216 junior
3497 2145 3670 2199 celeri

2081 2243 2386 2299 vibratione
2416 2242 2765 2298 Praeveniens
2810 2242 2972 2295 homo
3016 2240 3157 2294 alius
3189 2238 3358 2293 levior
3386 2235 3673 2293 descendit

2082 2334 2138 2389 In
2165 2349 2416 2403 spumam
2446 2334 2733 2388 sublimem
2753 2331 3052 2387 eructantis
3077 2330 3320 2400 piscinae.
3340 2329 3373 2384 8
3393 2327 3460 2381 Et
3489 2328 3675 2397 ipsum

2081 2425 2198 2483 Rex
2230 2426 2577 2481 conﬁrmavit
2625 2440 2725 2481 sua
2756 2423 2967 2477 viviﬁca
3008 2438 3143 2477 voce
3178 2436 3192 2474 :
3232 2420 3429 2490 Surge,
3469 2426 3670 2473 lectum

2083 2520 2231 2585 tolle,
2254 2526 2308 2574 et
2340 2517 2499 2583 vade,
2540 2517 2677 2572 levis
2700 2515 2903 2570 viator.
2935 2514 2968 2570 9
3010 2512 3457 2568 Valetudinarius
3488 2517 3675 2565 autem

2082 2610 2250 2675 saliit,
2289 2619 2343 2666 et
2373 2609 2431 2664 in
2463 2609 2641 2665 solum
2669 2606 2962 2677 vestigium
2988 2604 3239 2672 ﬁrmans,
3276 2602 3441 2658 Stetit
3474 2620 3487 2656 :
3513 2610 3567 2656 et
3596 2600 3673 2654 le-

2083 2710 2230 2756 ctum
2286 2715 2514 2757 sumens
2569 2698 2887 2769 impositum
2945 2696 3190 2750 humeris
3246 2692 3540 2749 Incedebat
3574 2706 3673 2762 per

2083 2793 2505 2862 capacissimam
2539 2791 2795 2854 domum,
2843 2792 3168 2861 inconsueta
3217 2800 3395 2857 genua
3426 2785 3668 2846 vibrans.

2087 2883 2191 2954 51
2229 2883 2296 2937 Et
2347 2882 2537 2937 labore
2579 2881 2762 2952 gravis
2803 2878 3064 2950 ponderis
3097 2877 3435 2932 humeralem
3467 2876 3669 2932 lectum

2085 2985 2389 3040 tollens.Et
2425 2991 2558 3038 tunc
2581 2983 2870 3038 sabbatum
2897 2988 3037 3037 erat.
3076 2980 3145 3035 10
3175 2977 3235 3032 In
3265 2978 3512 3055 lapidoso
3541 2991 3670 3031 vero

2085 3090 2288 3161 templo
2337 3086 2524 3142 Virum
2567 3086 2853 3151 videntes,
2889 3099 3051 3154 quem
3096 3084 3324 3153 antiquo
3366 3098 3434 3136 ex
3480 3083 3670 3136 morbo

2084 3193 2425 3264 Dolorifrago
2470 3206 2636 3263 opere
2672 3199 2958 3261 promptus
2992 3190 3104 3245 Rex
3153 3194 3445 3244 sanaverat
3473 3186 3665 3248 verbo,

2086 3297 2529 3368 lnterrogabant:
2557 3295 2820 3363 QuiSnam
2845 3295 3012 3365 )USSil
3030 3308 3129 3349 sua
3162 3290 3506 3363 signiﬁcante
3537 3303 3672 3344 voce

2086 3402 2311 3458 Lectum
2362 3402 2703 3457 attollentem
2738 3408 2793 3456 te
2825 3414 3107 3455 reversum
3152 3396 3480 3453 ambulare?
3506 3396 3567 3449 11
3604 3395 3669 3448 Et

2083 3508 2283 3564 invidis
2314 3508 2597 3578 respondit
2626 3506 2857 3577 sapienti
2887 3506 2998 3561 Deo
3034 3512 3261 3575 parente
3293 3502 3461 3557 verbo
3511 3520 3524 3557 :
3561 3500 3667 3567 Qui

2087 3628 2117 3669 e
2151 3613 2294 3668 lecto
2339 3613 2665 3668 instauravit
2700 3611 2937 3682 lapsum,
2972 3610 3065 3665 Ille
3095 3624 3181 3664 me
3205 3608 3379 3678 jussit
3419 3606 3670 3661 attollere

2014 3786 2017 3787 ν
2085 3725 2139 3772 et
2172 3717 2473 3772 ambulare.
2515 3716 2582 3770 12
2620 3715 2684 3770 Ει
2715 3715 2894 3786 ipsum
2929 3713 3241 3769 Judmorum
3271 3726 3467 3767 rursus
3499 3711 3671 3765 inter-

2085 3822 2301 3893 rogavit
2349 3822 2585 3892 p0pulus
2639 3821 2912 3892 superbus
2944 3840 2956 3874 :
2992 3818 3127 3886 Quis
3166 3827 3251 3874 est
3291 3818 3385 3888 qui
3421 3824 3475 3871 te
3500 3816 3667 3886 jussit

2083 3923 2353 3992 intrepida
2387 3923 2622 3993 quadam
2646 3938 2812 3979 voce:
2835 3922 3002 3985 Vade,
3028 3930 3181 3976 tuum
3214 3922 3413 3975 lectum
3445 3934 3665 3975 sumens

2084 4032 2354 4093 gestatum
2387 4025 2655 4081 humero?
2690 4027 2754 4079 15
2778 4026 2898 4081 Non
2934 4041 3068 4080 sane
3110 4027 3195 4081 vir
3231 4026 3394 4081 scivit
3429 4024 3515 4079 sui
3550 4039 3666 4079 me-

2087 4127 2272 4182 dicum
2318 4128 2520 4183 morbi.
2554 4130 2622 4184 14
2656 4130 2721 4183 Et
2765 4130 2946 4200 ipsum
2982 4130 3177 4187 videns
3204 4129 3548 4186 incedentem
3587 4129 3667 4181 la-

2085 4214 2278 4301 pidoso
2325 4233 2383 4288 in
2409 4234 2633 4305 templo,
2666 4233 3029 4290 Petulantiam
3066 4236 3120 4290 in
3156 4236 3475 4291 memoriam
3506 4249 3663 4290 revo-

2083 4351 2217 4394 cans
2258 4339 2520 4410 priorem,
2554 4340 2827 4397 vindicem
2863 4340 3071 4410 morbi,
3110 4340 3361 4398 Cbristus
3400 4352 3665 4397 coercens

1594 4455 1878 4514 TEXTUS
1916 4454 2444 4512 EVANGEleTlE.

391 4572 653 4639 νούντων,
679 4572 895 4644 τυφλῶν
917 4612 933 4639 ,
968 4573 1159 4645 χωλῶν
1177 4614 1193 4641 ,
1225 4575 1404 4648 ξηρῶν
1427 4616 1442 4643 ,
1474 4578 1845 4650 ἐκδεχομένων
1871 4578 1969 4648 τὴν
2003 4581 2047 4640 1,)
2075 4576 2237 4631 ϐατόν
2266 4594 2381 4641 σου,
2401 4577 2497 4631 καὶ
2530 4578 2844 4649 περιπάτει.

390 4657 485 4712 τοῦ
514 4656 704 4722 ὓδατος
728 4658 966 4729 κίνησιν.

460 4742 494 4796 4
533 4742 797 4810 Ἀγγελος
825 4741 935 4811 γάρ
962 4742 1105 4796 κατά
1134 4742 1325 4813 καιρὸν
1358 4743 1679 4798 κατέϐαινεν
1705 4744 1762 4797 ἐν
1783 4745 1848 4813 τῇ
1875 4761 1971 4797 κο-

391 4824 715 4895 λυμϐήθρᾳ,
766 4828 862 4880 καὶ
902 4826 1172 4897 ἐτάρασσε
1220 4828 1282 4880 τὸ
1332 4827 1513 4901 ὕδωρ·
1542 4832 1570 4882 6
1609 4824 1703 4883 οὖν
1753 4828 1970 4899 πρῶτος

391 4907 566 4978 ἐμϐὰς
603 4908 740 4978 μετά
762 4909 862 4978 τὴν
890 4909 1134 4980 ταραχὴν
1166 4910 1261 4964 τοῦ
1291 4911 1482 4975 ὕδατος
1500 4953 1516 4979 ,
1541 4910 1701 4983 ὑγιὴς
1738 4912 1968 4981 ἐγίνετο,

390 4984 438 5059 ᾧ
463 4991 664 5062 δήποτε
701 4992 985 5063 κατείχετο
1014 4994 1304 5063 νοσήματι.

461 5074 496 5128 5
518 5071 629 5127 Ἦν
658 5074 716 5127 δέ
758 5091 844 5137 τις
870 5071 1164 5147 άνθρωποξ
1189 5077 1307 5131 ἐκεῖ
1353 5077 1648 5153 τριάκοντα
1691 5076 1835 5132 ὀκτὼ
1873 5076 1969 5149 ἐτη

392 5158 532 5229 ἔχων
560 5160 619 5213 ἐν
642 5161 710 5230 τῇ
739 5158 1017 5231 ἀσθενείᾳ.

462 5242 496 5296 6
517 5240 718 5296 Τοῦτον
751 5241 876 5296 ἰδὼν
905 5245 934 5296 6
979 5242 1185 5313 Ἰησοῦς
1218 5242 1641 5314 κατακείμενον,
1684 5245 1778 5298 καὶ
1804 5244 1966 5313 γνοὺς

390 5326 474 5380 ὅτι
497 5326 664 5380 πολὺν
686 5326 789 5398 ήδη
812 5326 1004 5399 χρόνον
1028 5326 1140 5397 ἔχει
1162 5364 1178 5391 ,
1206 5324 1354 5395 λέγει
1379 5326 1559 5397 αὐτῷ·
1597 5325 1783 5392 Θέλεις
1806 5327 1965 5399 ὑγιὴς

393 5409 645 5478 γενέσθαι
661 5427 677 5477 ;

462 5491 495 5545 7
543 5491 841 5564 Ἀπεκρίθη
870 5492 1019 5563 αὑτῷ
1063 5493 1093 5546 6
1122 5491 1362 5547 ἀσθενῶν
1382 5510 1395 5524 ·
1442 5492 1616 5563 Κύριε
1635 5531 1650 5555 ,
1683 5490 1965 5565 ἄν’)ρωπον

390 5573 493 5629 οὐκ
514 5573 653 5645 ἔχω,
684 5576 806 5641 ἶνα,
839 5577 966 5631 ὅταν
1003 5577 1249 5646 ταραχθῇ
1294 5576 1355 5628 τὸ
1381 5575 1524 5647 ὕδωρ
1551 5615 1565 5639 ,
1593 5575 1761 5646 βάλλῃ
1793 5594 1861 5647 με
1885 5579 1964 5641 εἰς

390 5657 489 5728 τὴν
519 5658 904 5730 κολυμϐήθραν
923 5677 936 5691 ·
968 5662 1026 5714 ἐν
1068 5654 1111 5728 ᾧ
1140 5661 1197 5713 δὲ
1236 5660 1466 5731 ἔρχομαι
1500 5658 1639 5729 ἐγὼ,
1671 5660 1826 5724 ἄλλος
1858 5662 1964 5730 πρὸ

392 5741 527 5810 ἐμοῦ
555 5742 891 5798 καταϐαίνει.

462 5824 497 5880 8
522 5824 687 5899 Λέγει
721 5827 868 5899 αὐτῷ
893 5830 920 5881 6
960 5828 1190 5901 Ἰησοῦς·
1225 5831 1493 5903 Ἔγειραι,
1521 5824 1651 5901 ἆρον
1672 5830 1760 5887 τὸν
1792 5829 1960 5903 κράϐ-

2145 4660 2178 4715 9
2207 4661 2318 4713 Καὶ
2345 4659 2550 4723 εὐθέως
2590 4661 2808 4729 ἐγένετο
2839 4660 2997 4731 ὑγιὴς
3023 4662 3051 4713 6
3084 4659 3370 4731 ἅνθρωπος
3393 4676 3406 4691 ·
3439 4660 3532 4713 καὶ
3556 4655 3657 4730 ἦρε

2075 4742 2167 4796 τὸν
2194 4742 2506 4814 κράϐϐατον
2534 4743 2698 4797 αὑτοῦ
2722 4746 2737 4809 ,
2769 4746 2864 4798 καὶ
2885 4742 3229 4815 περιεπάτει.
3248 4738 3355 4797 Ἦν
3374 4741 3431 4796 δὲ
3450 4742 3655 4797 σάϐϐα-

2076 4843 2168 4880 τον
2198 4828 2255 4881 ἐν
2283 4828 2469 4899 ἐκείνῃ
2500 4830 2565 4898 τῇ
2591 4828 2793 4899 ἡμέρᾳ.

2148 4912 2217 4966 10
2263 4911 2489 4980 Ἔλεγον
2537 4907 2630 4965 οὖν
2679 4913 2726 4966 οἰ
2773 4912 3013 4966 Ἰουδαῖοι
3044 4911 3122 4981 τῷ
3156 4910 3650 4984 τεθεραπευμένῳσ

2075 4992 2352 5049 Σάϐϐατόν
2382 4995 2550 5062 ἐστιν,
2581 4996 2681 5049 οὐκ
2710 4995 2887 5061 ἔξεστί
2917 5012 2999 5048 σοι
3032 4991 3163 5066 ἆραι
3194 4995 3284 5047 τὸν
3321 4994 3649 5066 κράϐϐατον.

2147 5076 2207 5130 11
2248 5076 2547 5149 Ἀπεκρίθη
2571 5078 2784 5141 αὐτοῖς’
2826 5079 2885 5131 '0
2921 5080 3152 5149 ποιήσας
3182 5096 3247 5149 με
3278 5079 3425 5149 ὑγιῆ,
3447 5080 3654 5141 ἐκεῖνός

2077 5177 2168 5230 μοι
2203 5158 2384 5215 εἶπεν·
2408 5156 2578 5230 Ἀρον
2609 5160 2700 5214 τὸν
2737 5160 3043 5233 κραϐϐατόν
3076 5178 3191 5226 σου,
3216 5162 3310 5215 καὶ
3336 5164 3646 5234 περιπάτει.

2147 5245 2215 5298 12
2261 5243 2581 5316 Ἠρώτησαν
2627 5239 2719 5298 οὖν
2752 5245 2947 5299 αὐτόν·
2987 5245 3085 5308 Τίς
3122 5247 3269 5300 ἐστιν
3310 5246 3339 5299 6
3364 5247 3649 5317 ἄνθρωπος

2073 5330 2101 5381 6
2129 5326 2299 5382 εἰπών
2338 5345 2457 5383 σοι’
2492 5324 2662 5399 τΑρον
2695 5329 2788 5381 τὸν
2827 5328 3139 5399 κράϐϐατόν
3183 5346 3312 5395 σου,
3356 5329 3449 5383 καὶ
3491 5345 3645 5400 περι-

2072 5411 2234 5463 πάτει
2256 5426 2272 5476 ;

2144 5495 2211 5549 15
2248 5494 2306 5547 '0
2334 5493 2391 5547 δέ
2422 5493 2591 5558 ἰαθεὶς
2613 5496 2714 5549 οὐκ
2740 5495 2856 5568 ᾔδει
2892 5496 2976 5559 τίς
3018 5498 3166 5549 ἐστιν
3186 5512 3200 5527 ο
3235 5495 3265 5547 6
3293 5493 3398 5563 γάρ
3438 5491 3643 5564 Ἰησοῦς

2071 5577 2349 5644 ἐξένευσεν
2375 5577 2531 5648 ὄχλου
2561 5579 2713 5641 ὄντος
2735 5581 2794 5632 ἐν
2826 5578 2902 5648 τῷ
2928 5578 3097 5647 τόπῳ.

2146 5662 2213 5716 14
2245 5661 2400 5716 Μετὰ
2431 5662 2603 5716 ταῦτα
2646 5664 2890 5730 εὑρίσκει
2932 5662 3094 5713 αὑτὸν
3139 5662 3167 5713 6
3208 5658 3412 5729 Ἰησοῦς
3458 5660 3515 5712 ἐν
3565 5660 3643 5729 τῷ

2074 5746 2236 5817 ἱερῷ,
2270 5748 2363 5800 καὶ
2388 5743 2540 5800 εἶπεν
2573 5747 2753 5815 αὐτῷ·
2792 5746 2918 5807 Ἴδε,
2954 5745 3113 5814 ὑγιὴς
3147 5744 3374 5811 γέγονας
3396 5761 3407 5774 ·
3443 5743 3641 5817 μηκέτι

2071 5831 2370 5903 ἁμάρτανε,
2403 5833 2488 5887 ἵνα
2526 5831 2599 5903 μὴ
2633 5828 2811 5901 χεῖρόν
2842 5827 2890 5881 τί
2927 5845 3004 5882 σοι
3038 5829 3279 5901 γένηται.
