3938 6214
332 391 433 447 787

1593 399 1637 456 Ν
1645 400 1732 457 0N
1739 401 1804 457 Nl
1837 398 2344 460 PANOPOLITANI

3489 407 3599 464 783

331 491 586 582 praecepit
619 511 947 569 testiﬁcante
978 512 1183 569 verbo:
1217 513 1376 582 Ecce,
1411 515 1658 572 morbum
1684 519 1909 583 habens.

2029 520 2256 592 Χριστὸς
2285 515 2624 572 ἀναστέλλων
2649 514 2965 569 ἐπετέλλετο
2994 516 3228 588 μάρτυρι
3265 515 3450 586 μύθῳ·

332 619 503 661 sanus
536 605 711 661 factus
735 621 794 663 es
825 625 838 662 :
873 622 940 662 ne
964 607 1200 677 amplius
1228 606 1398 664 facias
1428 608 1717 666 Peccatum
1743 612 1911 677 aliud,

333 710 404 750 ne
445 694 601 765 pejus
629 696 760 766 quid
789 697 1017 753 sentias.
1052 697 1120 753 15
1142 697 1209 752 Et
1239 699 1418 755 audax
1457 698 1699 758 Hebraeis
1727 718 1915 760 recur-

332 800 462 841 rens
502 788 732 841 nuntius
768 787 940 855 stetit,
991 786 1313 846 Sermonem
1368 793 1619 847 renuenti
1669 793 1916 849 clamans

331 877 607 932 mmulanti
639 879 863 947 populo,
900 877 1059 945 Quod
1119 880 1301 950 ipsum
1343 892 1541 952 sponte
1565 882 1796 937 illaesum
1827 883 1915 937 di-

330 968 456 1023 vina
499 982 629 1024 voce
651 966 812 1025 Jesus
839 969 1119 1040 jussisset,
1154 979 1209 1028 et
1252 975 1608 1045 serogradum
1647 977 1913 1031 viatorem

328 1058 576 1112 Morbum
600 1057 826 1116 ferentis
848 1060 974 1115 lecti
999 1061 1382 1119 inconsuetum
1412 1064 1634 1121 fecisset
1660 1067 1910 1120 latorem.

331 1149 400 1204 16
435 1149 609 1220 Cujus
647 1151 823 1221 gratia
875 1150 1088 1208 llebnei
1126 1153 1374 1211 furentes
1419 1157 1698 1228 insipienti
1731 1159 1916 1214 animo

327 1239 513 1296 Jesum
567 1243 1058 1312 persequebantur,
1105 1246 1252 1316 quod
1303 1246 1550 1303 divinum
1596 1249 1739 1319 apud
1772 1258 1913 1304 tem-

331 1331 501 1401 plum,
519 1331 659 1388 Cum
691 1332 983 1389 sabbatum
1004 1341 1169 1400 esset,
1188 1345 1481 1392 conaretur
1507 1338 1609 1393 hoc
1629 1338 1910 1408 perﬁcere,

332 1425 496 1482 Solus
525 1441 634 1481 non
665 1427 970 1483 observans
1009 1429 1230 1498 quando
1276 1429 1534 1485 humanis
1559 1445 1589 1484 a
1629 1431 1914 1486 laboribus

329 1516 533 1574 Omnes
561 1517 754 1574 otiosis
788 1520 1201 1576 commisissent
1249 1536 1390 1592 opus
1418 1522 1614 1592 spinis.
1653 1522 1721 1575 17
1751 1521 1914 1578 Jesus

331 1615 518 1663 autem
559 1608 719 1674 dixit,
751 1609 984 1666 fundens
1015 1611 1308 1683 gloriosam
1340 1627 1552 1677 vocem,
1582 1613 1774 1668 Adhuc
1797 1614 1910 1682 jam

332 1697 494 1752 Pater
524 1706 783 1768 operatur
806 1699 861 1754 in
895 1709 1160 1756 consueto
1182 1701 1389 1755 mundo
1423 1700 1666 1757 Moribus
1689 1717 1911 1772 expres-

331 1788 431 1853 sis,
459 1797 514 1844 et
535 1805 638 1861 ego
659 1789 828 1847 Filius
855 1806 995 1862 opus
1024 1800 1169 1849 texo.
1199 1792 1264 1848 18
1281 1793 1510 1864 Propter
1531 1795 1674 1864 quod
1699 1793 1911 1850 Hebraei

2021 612 2186 682 Ἤδη,
2215 609 2406 664 νοῦσον
2440 608 2600 679 ἔχων,
2634 607 2756 670 σόος
2785 607 2958 686 ἔπλεο.
2971 624 2984 638 ’
3029 607 3225 678 μηκέτι
3260 607 3419 680 ῥέξῃς

2029 699 2374 772 Ἀμπλακίην
2406 699 2621 770 ἑτέρην,
2655 699 2732 768 μὴ
2761 687 3020 769 κύντερον
3047 698 3175 751 ἄλλο
3198 701 3416 769 νοήσῃς.

2018 791 2087 845 15
2117 790 2227 844 Καὶ
2252 789 2456 860 θρασὺς
2485 788 2785 859 Ἐϐραίοισι
2814 787 3170 861 παλίνδρομος
3192 790 3418 860 ἄγγελος
3440 789 3596 860 ἔστη,

2013 884 2200 938 Μῦθον
2228 881 2565 953 ἀναινομένῳ
2596 880 2763 950 βοόων
2790 880 3053 953 ζηλήμονι
3084 881 3218 951 λαῷ,

2017 977 2178 1030 ”Οττι
2205 991 2298 1047 μιν
2320 973 2738 1037 αὐτοκέλευστος
2767 975 3027 1044 ἀπήμονα
3058 973 3270 1028 Θέσπιδι
3300 976 3453 1046 φωνῇ

2027 1067 2240 1140 Ἰησοῦς
2264 1066 2541 1131 ἐκέλευσε,
2573 1065 2662 1118 καὶ
2703 1064 3051 1132 ὀψικέλευθον
3071 1063 3249 1134 όδίτην

2014 1155 2376 1226 Νουσοκόμου
2406 1154 2695 1224 κλιντῆρος
2715 1152 2890 1225 ἀήθεα
2920 1153 3053 1224 θῆκε
3076 1154 3276 1226 φορῆα.

2020 1249 2086 1304 16
2118 1241 2194 1303 Οὗ
2226 1249 2386 1319 χάριν
2429 1247 2670 1318 Ἑϐραῖοι
2700 1245 2993 1317 μανιώδεες
3024 1241 3217 1318 ἄφρονι
3246 1245 3403 1318 θυμῷ

2031 1340 2239 1412 Ἰησοῦν
2267 1340 2490 1393 ἐδίωκον
2509 1378 2524 1403 ,
2559 1341 2640 1393 ὅτι
2672 1339 2848 1410 ζαθέῳ
2877 1338 3031 1411 παρά
3057 1338 3198 1410 νηῷ,

2027 1429 2265 1484 Ὁππότε
2292 1428 2565 1482 σάϐϐατον
2592 1425 2710 1499 ἦεν,
2743 1429 2992 1499 ἐπείγετο
3016 1429 3189 1483 ταῦτα
3216 1428 3487 1495 τελέσσαι,

2016 1521 2230 1585 Μοῦνος
2265 1519 2370 1573 ἐὼν
2401 1519 2710 1590 ἀφύλακτος
2738 1522 2827 1573 ὅτε
2859 1519 3094 1592 βροτέων
3121 1519 3230 1574 ἀπὸ
3275 1521 3489 1591 μόχθων

2015 1614 2226 1676 Πάντες
2254 1613 2599 1683 ἀεργηλοῖσιν
2632 1611 2934 1684 ἐπέτρεπον
2955 1613 3116 1684 ἔργον
3137 1611 3418 1675 ἀκάνθαις.

2015 1705 2080 1780 17
2125 1703 2337 1774 Ἰησοῦς
2387 1704 2430 1756 δ’
2462 1702 2690 1776 ἀγόρευε
2719 1703 2859 1773 χέων
2888 1701 3166 1772 ὑψαύχενα
3194 1703 3378 1773 φωνήν
3399 1717 3412 1730 ·

2015 1796 2198 1850 Είσέτι
2227 1795 2320 1849 νῦν
2350 1795 2578 1866 Γενέτης
2609 1795 2900 1867 ἐργάζεται
2926 1795 3084 1865 ἡθάδι
3111 1794 3299 1865 κόσμῳ

328 1879 524 1936 doloso
552 1882 902 1952 inquirebant
921 1885 1090 1939 exitio
1113 1884 1390 1940 Christum
1413 1887 1741 1952 interficere,
1763 1887 1909 1956 quod

2029 1887 2239 1941 Ἠθεσιν
2264 1886 2578 1949 ἀντιτύποις
2601 1926 2616 1950 ,
2645 1887 2739 1939 καὶ
2766 1885 2875 1955 ἐγὼ
2898 1888 3035 1950 Πάῖς
3063 1886 3224 1957 ἔργον
3257 1885 3488 1954 ὑφαίνω.

336 1982 438 2023 Iton
463 1971 640 2026 solum
665 1974 884 2029 volebat
911 1975 1120 2030 solvere
1145 1973 1472 2046 Legitimum
1502 1977 1694 2032 otiosae
1721 1977 1907 2046 splen-

328 2064 516 2117 dorem
541 2063 891 2119 observatum
921 2080 1154 2133 aurorae,
1191 2068 1298 2124 Sed
1320 2069 1465 2139 quod
1490 2071 1746 2140 mysticae
1787 2075 1912 2137 post

328 2165 556 2207 cursum
603 2168 836 2219 aurorae,
884 2155 950 2209 Et
1008 2154 1176 2212 Deum
1217 2173 1314 2229 per
1360 2174 1420 2214 se
1463 2160 1704 2229 genitum
1751 2173 1910 2214 suum

328 2255 580 2302 vocasset
606 2247 1037 2319 Parentem,52
1060 2248 1348 2320 Equalent
1377 2250 1584 2306 faciens
1610 2266 1764 2306 suam
1795 2251 1914 2320 glo-

329 2337 466 2392 riam
497 2341 716 2396 cmlesti'
742 2340 896 2413 Regi.
938 2343 1003 2398 l9
1028 2342 1189 2399 Jesus
1223 2351 1405 2398 autem
1436 2342 1596 2407 dixit,
1616 2344 1789 2398 Amen
1830 2351 1914 2396 te-

327 2429 624 2484 stiﬁcatum
650 2432 722 2486 sit
742 2451 755 2488 :
773 2431 916 2488 Nihil
942 2450 1038 2489 sua
1070 2436 1350 2491 voluntate
1372 2433 1760 2505 poteritFilius
1786 2449 1907 2504 per-

329 2517 514 2582 licere,
531 2517 646 2573 Nisi
687 2519 989 2591 inspexerit
1013 2539 1173 2578 suum
1203 2523 1572 2594 perlicientem
1599 2522 1908 2579 Parentem.

327 2605 506 2677 Opera
535 2611 681 2664 enim
713 2610 768 2665 in
806 2612 1125 2668 universum
1157 2614 1340 2670 omnia
1374 2629 1714 2683 qumcunque
1757 2629 1912 2670 meus

329 2697 490 2755 Pater
507 2699 657 2767 facit,
685 2701 808 2757 [Luc
841 2701 1008 2759 Deum
1032 2701 1319 2761 Parentem
1347 2707 1571 2762 imitans
1593 2707 1762 2762 Filius
1784 2723 1910 2778 per-

327 2789 459 2844 licit.
503 2790 578 2845 20
602 2791 798 2849 Filium
833 2795 977 2850 enim
1023 2795 1198 2866 diligit
1236 2795 1398 2852 Pater
1440 2812 1600 2852 suum
1630 2815 1643 2852 :
1674 2804 1730 2852 et
1762 2812 1912 2868 quae-

325 2895 544 2951 cunque
571 2881 720 2949 facit,
740 2883 880 2941 Filio
905 2901 1035 2941 caro
1072 2887 1354 2943 ostendit:
1393 2897 1448 2944 et
1481 2887 1661 2943 adhuc
1699 2889 1908 2959 majora

324 2972 599 3040 ostendet,
623 2975 692 3030 Ut
731 2975 1006 3032 miremini
1034 2977 1422 3048 perfectiorum
1449 2979 1625 3050 gratia
1659 2993 1908 3049 operum.

324 3073 390 3130 21
440 3075 597 3132 Sicut
629 3079 776 3133 enim
827 3079 988 3135 Pater
1018 3090 1266 3137 mortuos
1298 3089 1425 3152 post
1472 3080 1642 3136 fatum
1683 3081 1908 3145 excitat,

325 3177 596 3252 Vegetans
632 3183 1012 3255 retrogradum
1067 3185 1427 3242 immobilium
1482 3201 1684 3256 corpus
1731 3185 1910 3240 homi-

323 3301 456 3342 num
485 3304 501 3342 :
535 3286 628 3343 Sic
659 3303 800 3358 quos
829 3291 946 3346 vult
989 3298 1044 3346 et
1085 3292 1284 3348 similis
1323 3289 1495 3346 Filius
1521 3290 1766 3354 excitat,
1800 3290 1910 3345 Re-

324 3403 522 3445 creans
563 3403 947 3461 corruptorum
982 3407 1182 3450 rursus
1211 3404 1538 3465 congregata
1574 3408 1808 3464 corpora
1839 3393 1916 3448 vi-

325 3506 540 3548 rorum.
563 3492 638 3547 22
672 3492 956 3551 Neminem
997 3497 1145 3552 enim
1167 3497 1499 3566 judicaverit
1530 3496 1690 3553 Pater
1718 3512 1873 3554 meus
1897 3516 1910 3551 :

326 3595 625 3651 humanum
673 3611 800 3653 vero
851 3597 1046 3654 Serum
1082 3599 1222 3654 Filio
1251 3599 1400 3655 dedit
1434 3615 1597 3656 omne
1620 3599 1914 3670 judicium,

324 3699 398 3758 23
417 3708 478 3756 ut
505 3716 698 3757 omnes
725 3700 923 3758 Filium
955 3703 1225 3760 honorent
1250 3705 1512 3776 aequalem
1539 3720 1641 3762 suo
1671 3704 1912 3772 Parenti,

326 3801 480 3859 Sicut
535 3815 590 3861 et
625 3804 934 3874 gloriﬁcant
985 3807 1358 3880 altiregentem
1408 3809 1650 3866 Patrem.
1693 3809 1750 3865 Si
1785 3825 1914 3866 vero

323 3907 450 3980 quis
471 3907 784 3966 instabilem
815 3910 978 3968 habet
1013 3921 1274 3980 mentem,
1302 3930 1479 3983 neque
1505 3914 1755 3972 Parentis
1779 3914 1911 3971 Glo-

322 4010 500 4066 rilicat
515 4009 755 4068 Verbum
773 4014 992 4082 Filium,
1017 4032 1119 4074 nec
1146 4015 1434 4075 Parentem
1458 4019 1708 4075 honorat.
1727 4020 1798 4074 24
1817 4019 1913 4075 Το-

321 4117 570 4176 stilicans
599 4119 969 4192 ﬁrmiloquum
1000 4121 1198 4192 Amen,
1232 4124 1405 4182 Amen
1431 4139 1626 4182 rursus
1648 4125 1746 4192 sit,
1773 4123 1908 4190 Qui-

322 4237 543 4293 cunque
565 4224 650 4279 vir
676 4226 949 4295 receperit
975 4229 1176 4285 mentis
1208 4229 1432 4286 credula
1464 4231 1594 4300 lege
1616 4228 1912 4286 Sermones

321 4336 568 4394 nostros,
593 4337 648 4385 et
671 4346 796 4388 meo
823 4333 1121 4392 crediderit
1142 4332 1314 4399 Patri,
1335 4333 1394 4390 In
1411 4335 1680 4405 judicium
1714 4342 1910 4390 ventu—

321 4443 444 4483 rum
492 4441 605 4483 non
643 4431 816 4497 venit,
844 4433 943 4488 sed
981 4433 1050 4487 ad
1093 4434 1242 4489 illam
1291 4434 1472 4491 Vitam
1521 4437 1908 4502 immortalem,

2017 1981 2086 2034 18
2109 1976 2183 2034 Ob
2205 1980 2366 2050 χάριν
2411 1979 2650 2049 Ἑϐραῖοι
2675 1978 2838 2049 δολίῳ
2868 1980 3138 2049 μάστευον
3167 1978 3376 2050 ὀλέθρῳ

2014 2061 2250 2142 Χριστὸν
2280 2071 2629 2124 ἀποκτενέειν
2654 2112 2667 2135 ,
2703 2071 2785 2124 ὅτι
2816 2072 2891 2141 μὴ
2925 2069 3084 2140 μόνον
3112 2069 3272 2140 ’ήθελε
3306 2068 3456 2121 λύειν

2018 2160 2290 2229 Ἐννομονι
2305 2159 2608 2229 ἀπρήκτοιο
2636 2158 2792 2221 σέλας
2821 2157 3239 2227 πεφυλαγμένον
3269 2156 3424 2225 ἠοῦς,

2027 2248 2167 2300 Ἀλλ’
2194 2249 2277 2301 ὃτι
2309 2248 2660 2318 μυστιπόλοιο
2697 2251 2833 2320 μετά
2859 2249 3060 2320 δρόμον
3084 2247 3418 2319 ἠριγενείης,

2014 2335 2125 2388 Καὶ
2163 2334 2297 2388 Θεὸν
2330 2335 2712 2404 αύτογένεθλον
2738 2336 2825 2391 ἐὸν
2859 2336 3119 2407 κίκλησκε
3148 2336 3354 2407 Τοκῆα,

2015 2424 2119 2502 53
2158 2425 2378 2490 Ίσάζων
2402 2427 2490 2480 ἐὸν
2516 2423 2673 2498 εὖχος
2707 2428 3014 2500 ἐπουρανίῳ
3042 2427 3291 2497 Βασιλῆῖ.

2015 2509 2082 2570 19
2126 2516 2330 2588 Ἰησοῦς
2369 2517 2412 2570 δ’
2435 2519 2727 2590 ἀγόρευενο
2773 2519 2944 2591 Ἀμὴν
2973 2519 3348 2592 ἐπιμάρτυρον
3389 2516 3549 2581 ἔστω,

2013 2607 2179 2662 Οὐδὲν
2207 2610 2268 2680 ἐῇ
2306 2609 2476 2680 ἰότητι
2501 2609 2790 2681 δυνήσεται
2830 2611 2958 2674 Υἱὸς
2985 2610 3237 2677 ἀνύσσαι,

2013 2700 2076 2753 Εἰ
2113 2701 2186 2771 μὴ
2221 2700 2573 2771 ἐσαθρήσειεν
2603 2700 2690 2755 ἐὸν
2719 2701 2971 2755 τελέοντα
2999 2702 3203 2773 Τοκῆα.

2015 2794 2193 2862 Ἔργα
2229 2793 2336 2862 γὰρ
2361 2795 2441 2846 εἰν
2473 2794 2556 2846 ἐνὶ
2583 2793 2761 2846 πάντα
2791 2793 2981 2864 Πατὴρ
3006 2793 3138 2864 ἐμὸς
3168 2795 3384 2848 ὁππόσα
3424 2792 3596 2864 ῥέζει,

2012 2884 2198 2939 Ταῦτα
2223 2884 2355 2938 Θεὸν
2386 2885 2618 2954 Γενέτην
2651 2884 2988 2954 μιμούμενος
3015 2886 3142 2949 Υἱὸς
3167 2887 3412 2941 ἀνύσσει.

2011 2974 2083 3028 20
2109 2975 2246 3030 Υίέα
2277 2975 2386 3046 γὰρ
2410 2975 2585 3045 φιλέει
2615 2975 2847 3045 Γενέτης
2873 2976 2961 3030 ἐόν
2986 2993 3001 3008 °
3033 2977 3170 3030 ὅσσα
3199 2977 3255 3030 δέ
3284 2977 3486 3047 τεύχει,

2012 3065 2172 3119 Παιᾶ
2198 3066 2335 3137 φίλῳ
2362 3066 2635 3130 δείκνυσι,
2665 3067 2760 3118 καὶ
2787 3067 2954 3120 εἰσέτι
2988 3067 3214 3138 μείζονα
3240 3067 3426 3133 δείξει,

2015 3157 2201 3229 Ὀφρα
2226 3175 2288 3211 κε
2319 3158 2638 3230 θαμϐήσητε
2668 3159 3016 3230 τελειοτέρων
3037 3160 3199 3232 χάριν
3232 3159 3427 3230 ἔργων.

1937 3247 1979 3303 C
2013 3251 2072 3304 2i
2109 3251 2318 3323 Ὥσπερ
2345 3251 2454 3322 γὰρ
2479 3251 2712 3322 Γενέτης
2740 3253 2939 3316 νέκυας
2966 3253 3104 3324 μετά
3133 3253 3340 3323 πότμον
3366 3253 3573 3326 ἐγείρει
3677 3237 3679 3239 ί

2011 3343 2308 3414 Ζωγρήσας
2334 3343 2660 3417 παλίνορσον
2688 3345 2958 3414 ἀκινήτων
2981 3345 3151 3414 δέμας
3183 3345 3414 3417 ἀνδρῶν,

2012 3432 2201 3497 Οὕτως
2226 3433 2322 3498 οὒς
2348 3434 2522 3488 ἐθέλει
2546 3435 2642 3490 καὶ⁸
2665 3435 2871 3506 ὁμοίῖος
2899 3437 3029 3500 Υἱὸς
3059 3438 3285 3508 ἐγείρει,

2012 3527 2310 3597 Ζωγρήσας
2338 3526 2614 3598 φθιμένων
2645 3529 3020 3601 παλινάγρετα
3042 3529 3273 3600 σώματα
3305 3528 3514 3599 φωτῶν.

2012 3617 2083 3670 22
2115 3616 2314 3670 Οὖτινα
2339 3617 2447 3689 γὰρ
2474 3619 2679 3690 κρίνειε
2708 3619 2898 3689 Πατὴρ
2932 3619 3064 3689 ἐμός
3088 3635 3101 3648 ·
3137 3620 3444 3690 ἀνδρομέην
3463 3618 3522 3670 δέ

2016 3707 2250 3778 Ὄψιμον
2276 3708 2396 3761 Υίέῖ
2420 3708 2592 3762 δῶκεν
2618 3709 2747 3780 ὃλην
2774 3710 2974 3780 κρίσιν,
2999 3709 3070 3763 25
3093 3709 3238 3780 ὃφρα
3282 3727 3345 3764 κε
3394 3709 3594 3771 πάντες

2013 3799 2147 3852 Υίέα
2168 3801 2475 3869 τιμήσωσιν
2504 3799 2749 3869 ίσόζυγον
2781 3794 2826 3869 ᾧ
2857 3800 3140 3870 Γενετῆρι,

2013 3884 2116 3942 Οἷά
2139 3906 2196 3942 τε
2225 3889 2534 3943 κυδαίνουσι
2564 3892 2656 3944 καὶ
2679 3891 3012 3962 ὑψιμέδοντα
3037 3891 3242 3960 Τοκῆα.

2009 3981 2072 4034 Ei
2099 3980 2157 4034 δέ
2182 3997 2265 4045 τις
2284 3979 2717 4053 ἀλλοπρόσαλλον
2747 3981 2861 4053 ἔχει
2893 3983 3033 4044 νόον,
3062 3981 3184 4034 οὑδὲ
3205 3981 3412 4052 Τοκῆος

2010 4072 2267 4126 Κυδαίνει
2288 4072 2459 4140 Λόγον
2482 4067 2607 4138 Υἶα,
2635 4075 2730 4127 καὶ
2754 4074 2816 4126 ού
2838 4072 3114 4143 Γενετῆρα
3134 4072 3402 4143 γεραίρει.

1985 4163 2078 4218 24
2112 4165 2403 4235 Μάρτυρον
2429 4164 2805 4236 ἐμπεδόμυθον
2843 4165 2992 4236 ἀμὴν
3024 4165 3175 4237 ἀμὴν
3198 4164 3360 4219 πάλιν
3391 4163 3555 4229 ἔστω,

2011 4255 2202 4318 Ὅστις
2234 4255 2376 4328 ἀνὴρ
2408 4255 2614 4321 δέξοιτο
2646 4257 2768 4311 νόου
2799 4256 3094 4328 πειθήμονι
3127 4256 3312 4327 θεσμῷ

2008 4345 2230 4410 Μύθους
2257 4347 2591 4417 ἡμετέρους,
2621 4355 2716 4401 καὶ
2743 4348 2864 4419 ἐμῷ
2893 4349 3134 4402 πείθοιτο
3151 4346 3344 4416 Τοκῆῖ,

2010 4438 2107 4503 Εἰς
2133 4438 2314 4509 κρίσιν
2342 4439 2645 4511 ἐρχομένην
2676 4440 2776 4494 οὑκ
2801 4440 3041 4513 ἔρχεται,
3076 4438 3190 4493 ἀλλ’
3225 4439 3310 4490 ἐπ’
3339 4437 3558 4510 ἐκείνην

1525 4588 1808 4645 TEXTUS
1846 4589 2379 4646 EVANGELISTAE.

389 4747 462 4802 15
500 4746 768 4818 Ἀπῆλθεν
788 4751 818 4803 6
840 4748 1148 4821 ἄνθρωπος,
1181 4752 1280 4805 καὶ
1307 4751 1595 4822 ἀνήγγειλε
1625 4754 1736 4815 τοῖς
1768 4753 1899 4806 Ίου-
1931 4756 1976 4811 D
2005 4753 2290 4808 ποιοῦντα·
2318 4753 2354 4806 ἀ
2388 4755 2497 4824 γὰρ
2535 4752 2602 4807 ἂν
2636 4754 2841 4814 ἐκεῖνος
2874 4753 2999 4822 ποιῇ
3025 4790 3041 4817 ,
3072 4749 3246 4804 ταῦτα
3281 4749 3376 4803 καὶ
3400 4749 3428 4800 6
3465 4749 3590 4809 Υἱὸς

317 4831 486 4896 δαίοις
512 4833 596 4886 ὅτι
641 4833 849 4905 Ἰησοῦς
873 4835 1021 4889 ἐστιν
1045 4837 1073 4887 6
1099 4837 1332 4905 ποιήσας
1361 4836 1525 4890 αὐτὸν
1555 4837 1704 4906 ὑγιῆ.

389 4915 460 4970 16
506 4917 620 4971 Καὶ
665 4917 755 4971 διὰ
801 4918 958 4972 τοῦτο
1002 4919 1225 4973 ἐδίωκον
1271 4919 1363 4973 τὸν
1417 4920 1624 4992 Ἰησοῦν
1671 4922 1721 4974 oi
1773 4923 1906 4975 Ἰου-

316 4999 487 5064 δαῖοι,
547 4999 646 5053 καὶ
705 5000 933 5072 ἐζήτουν
981 5003 1143 5058 αὑτὸν
1184 5003 1503 5058 ἀποκτεῖναι
1529 5045 1543 5071 ,
1599 5004 1681 5057 δτι
1732 5005 1907 5060 ταῦτα

317 5079 491 5135 ἐποίει
513 5081 570 5133 ἐν
605 5080 879 5154 σαϐϐάτῳ.

388 5163 455 5218 17
495 5163 553 5218 '0
606 5163 664 5216 δὲ
712 5164 921 5235 Ἰησοῦς
967 5168 1302 5240 ἀπεκρίνατο
1354 5173 1573 5234 αὐτοῖς’
1625 5172 1684 5224 '0
1716 5172 1906 5244 Πατήρ

320 5265 424 5318 μου
449 5247 556 5312 ἕως
583 5247 708 5320 ἄρτι
735 5250 1046 5320 ἐργάζεται,
1079 5253 1233 5321 κάγὼ
1264 5254 1588 5326 ἐργάζομαι.

389 5332 457 5389 18
492 5332 595 5388 Διά
629 5331 788 5386 τοῦτο
836 5330 930 5388 οὖν
983 5334 1182 5405 μᾶλλον
1211 5339 1435 5408 ἐζήτουν
1477 5337 1640 5392 αὑτὸν
1669 5339 1721 5391 oi
1775 5340 1899 5391 ’ἰου-

310 5419 452 5473 δαῖοι
503 5419 824 5472 ἀποκτεῖναι
851 5461 866 5485 ,
923 5419 1006 5472 ὅτι
1039 5419 1099 5472 οὑ
1154 5421 1312 5490 μόνον
1360 5421 1480 5474 ἐλυε
1507 5423 1569 5476 τὸ
1603 5421 1897 5488 σάϐϐατον,

314 5501 452 5556 ἀλλὰ
477 5503 572 5556 καὶ
603 5502 823 5575 Πατέρα
868 5502 998 5557 ἴδιον
1032 5502 1185 5573 ἔλεγε
1215 5503 1304 5558 τὸν
1347 5504 1510 5573 Θεὸν,
1545 5505 1660 5559 ἴσον
1707 5506 1898 5560 ἐαυτὸν

316 5593 484 5641 ποιῶν
509 5585 586 5656 τῷ
608 5586 749 5657 Θεῷ.
1531 5607 1535 5611 ·

385 5667 454 5723 19
494 5669 855 5741 Ἀπεκρίνατο
898 5666 990 5725 οὖν
1023 5673 1052 5724 ὁ
1098 5671 1302 5743 Ἰησοῦς
1340 5670 1432 5724 καὶ
1481 5666 1634 5724 εἶπεν
1673 5671 1897 5734 αὑτοῖς·

325 5749 499 5820 Ἀμὴν
537 5751 684 5822 ἀμὴν
721 5753 864 5822 λέγω
915 5755 1078 5824 ὑμῖν,
1107 5757 1166 5810 οὑ
1216 5755 1431 5811 δύναται
1486 5757 1515 5808 6
1551 5755 1678 5817 mg
1727 5758 1898 5810 ποιεῖν

316 5833 406 5901 ἀφ’
439 5833 636 5887 ἐαυτοῦ
691 5837 884 5905 οὐδὲν,
925 5841 1018 5894 ἐὰν
1073 5842 1145 5911 μή
1205 5859 1255 5894 τι
1309 5840 1479 5912 βλέπῃ
1531 5839 1622 5893 τὸν
1679 5839 1897 5910 Πατέρα

2009 4838 2210 4909 ὁμοίως
2242 4839 2406 4891 ποιεῖ.

2078 4921 2149 4976 20
2192 4921 2252 4974 Ὁ
2294 4918 2404 4990 γὰρ
2451 4918 2643 4990 Πατὴρ
2698 4919 2845 4988 φιλεῖ
2897 4918 2990 4972 τὸν
3039 4915 3166 4970 Υίὸν
3190 4954 3205 4980 ,
3264 4915 3360 4967 καὶ
3414 4914 3586 4968 πάντα

2007 5003 2279 5057 δείκνυσιν
2314 5001 2464 5071 αύτῷ
2499 5000 2535 5055 ἃ.
2579 5002 2741 5066 αὐτὸς
2774 5004 2950 5055 ποιεῖ·
2991 5000 3089 5053 καὶ
3135 4998 3360 5069 μείζονα
3383 4997 3587 5051 τούτων

2008 5085 2171 5152 δείξει
2205 5085 2355 5156 αὐτῷ
2392 5084 2572 5155 ἔργα,
2595 5085 2683 5139 ἵνα
2705 5086 2862 5156 ὑμεῖς
2888 5081 3230 5152 θαυμάζητε.

2078 5172 2144 5225 21
2184 5170 2395 5240 Ὥσπερ
2419 5169 2527 5242 γὰρ
2554 5171 2582 5222 6
2609 5170 2800 5242 Πατὴρ
2827 5167 3030 5238 ἐγείρει
3057 5166 3184 5229 τοὺς
3227 5165 3457 5235 νεκροὺς
3491 5166 3586 5220 καὶ

2009 5254 2283 5318 ζωοποιεῖ,
2311 5254 2452 5307 οὕτω
2483 5254 2577 5307 καὶ
2607 5255 2635 5307 6
2656 5253 2779 5317 Υἱὸς
2804 5251 2898 5316 οὓς
2931 5249 3372 5313 θέλειζωοποιεῖ.

2075 5338 2151 5393 2‘2
2175 5337 2308 5392 Οὑδέ
2337 5337 2443 5409 γὰρ
2467 5339 2495 5390 6
2520 5336 2710 5408 Πατὴρ
2739 5337 2912 5408 κρίνει
2941 5335 3154 5402 οὐδένα,
3186 5331 3322 5388 ἀλλά
3343 5334 3444 5406 τὴν
3465 5333 3585 5406 κρίο

2008 5438 2090 5474 σιν
2119 5423 2297 5475 πᾶσαν
2334 5421 2533 5475 δέδωκε
2564 5420 2642 5490 τῷ
2667 5419 2802 5489 Υίῷ.

2076 5505 2146 5561 25
2186 5507 2302 5560 Ἴνα
2346 5506 2546 5568 πάντες
2593 5503 2794 5574 τιμῶσι
2829 5503 2919 5556 τὸν
2953 5501 3108 5567 Υίδν,
3166 5500 3350 5564 καθὼς
3382 5499 3584 5570 τιμῶσι

2003 5591 2094 5643 τὸν
2115 5591 2350 5662 Πατέρα.
2393 5591 2451 5643 ’0
2486 5589 2559 5660 μὴ
2587 5588 2762 5658 τιμῷν
2787 5587 2877 5641 τὸν
2911 5586 3058 5647 Υίὸν,
3088 5586 3152 5638 ού
3180 5586 3318 5656 τιμᾷ
3343 5583 3435 5637 τὸν
3466 5583 3582 5638 Πα-

2003 5673 2138 5746 τέρα
2166 5675 2259 5728 τὺν
2287 5673 2577 5744 πέμψαντα
2605 5672 2786 5725 αὐτόν.
3011 5681 3022 5690 ’

2072 5758 2144 5811 ’24
2184 5758 2356 5829 Ἀμὴν
2385 5755 2529 5827 ἀμὴν
2559 5756 2701 5824 λέγω
2745 5756 2872 5825 ὑμῖν
2896 5793 2910 5816 ,
2961 5753 3042 5806 ὅτι
3079 5752 3107 5804 ό
3151 5749 3244 5804 τὸν
3287 5747 3445 5817 λόγον
3475 5763 3581 5817 μου

2003 5843 2243 5910 ἁκούων,
2281 5842 2372 5895 καὶ
2404 5840 2670 5897 πιστεύων
2706 5837 2784 5910 τῷ
2831 5834 3104 5908 πέμψαντί
3142 5851 3238 5905 με,
3276 5832 3391 5904 ἔχει
3433 5829 3580 5901 ζωήν
