3938 6214
406 226 520 282 789

410 336 571 409 Ζωὴν
597 334 926 408 ἀμϐροσίην,
955 333 1053 404 τὴν
1086 334 1148 387 ού
1171 332 1362 404 χρόνος
1400 328 1540 386 οἶδεν
1567 333 1805 397 ὀλέσσαι,

409 428 620 496 Ἶξεται
645 430 711 480 ἐκ
738 427 990 482 Θανάτοιο
1023 427 1383 498 μετάτροπος.
1415 426 1485 480 95
1527 427 1817 498 Ἀπροῖδὴς
1858 426 1966 494 γὰρ

413 521 571 574 Μαῖα
596 519 970 587 παλιγγενέων
1011 519 1266 589 μερόπων
1322 518 1638 581 νεκυοσσόος
1672 517 1792 588 ὥρη
1948 527 1950 532 ’

415 611 623 677 Ἵξεται
658 611 1022 681 δψιτέλεστος,
1051 609 1308 673 ἀναυδέες
1340 609 1546 663 ὁππότε
1575 609 1759 680 νεκροὶ

415 698 584 765 Δῦτις
608 700 955 772 ἀναξήσωσιν
990 701 1299 771 ἀνοστήτων
1341 699 1447 753 ἀπὸ
1480 698 1716 762 κόλπων,

415 794 628 857 Πάντες
657 792 1004 865 ἀλεξιμόροιο
1029 792 1169 864 ἐμῆς
1201 793 1409 854 ἀΐοντες
1443 791 1574 860 ίωῆς
1596 830 1611 853 ,

418 886 620 949 Παιδὸς
643 883 960 955 τηλυγέτοιο
988 901 1052 954 φε
1063 883 1286 955 ροζώοιο
1309 883 1539 954 Τοκῆος.

419 966 490 1018 ‘26
530 967 736 1036 Ὠσπερ
763 971 871 1037 γάρ
903 968 1130 1038 Γενέτης
1164 971 1388 1038 μεθεπει
1415 972 1749 1043 παμμήτορα
1775 982 1984 1044 κόσμου

421 1053 593 1123 Ζωὴν,
623 1055 690 1130 ἦς
723 1055 829 1109 ἄπο
855 1057 986 1110 πᾶσι
1021 1055 1263 1125 βιοσσόον
1292 1055 1478 1128 ἆσθμα
1511 1060 1772 1127 τιταίνει,

422 1142 576 1196 Οὕτω
602 1145 966 1215 παμμεδέοντι
995 1147 1087 1206 καὶ
1117 1142 1229 1198 Υὲέί
1261 1146 1400 1200 δῶκε
1430 1147 1678 1218 κομίζειν

417 1243 593 1314 Ζωὴν,
623 1241 694 1296 27
723 1243 818 1298 καὶ
841 1241 1043 1315 ζαθέην
1064 1242 1328 1314 ὑψίζυγον
1347 1243 1537 1300 ὤπασε
1569 1243 1758 1315 τιμὴν,

417 1335 524 1408 54
556 1337 666 1390 Καὶ
704 1335 885 1407 κρίσιν
909 1329 982 1391 ὧν
1007 1337 1184 1392 ἐθέλει
1213 1336 1419 1390 τελέειν
1449 1337 1656 1406 ίσόζυγι
1683 1333 1890 1406 θεσμῷ,

417 1426 682 1499 Ὀττιπερ
710 1426 1020 1499 ἀνθρώποιο
1053 1430 1340 1500 φερέσϐιος
1371 1429 1498 1493 Υἱὸς
1529 1426 1738 1482 ἀκούει.

417 1518 484 1572 28
511 1519 622 1573 Καὶ
649 1519 723 1592 μὴ
748 1520 957 1590 θάμϐος
985 1520 1181 1591 ἔχοιτε,
1206 1522 1301 1575 καὶ¹
1329 1521 1520 1574 εἴτινα
1545 1518 1802 1573 θέσκελον
1824 1517 2001 1588 ὀμφὴν

417 1612 682 1666 Ἕννεπον
717 1613 1043 1684 ἐσσομένην,
1079 1615 1161 1667 ὅτι
1194 1612 1429 1678 λοίσθιος
1457 1613 1678 1683 ἔρχεται
1708 1611 1858 1682 ὥρη,

369 1724 372 1727 ·
413 1703 526 1756 Καὶ
550 1702 646 1756 νῦν
675 1703 1077 1776 ἀμφιϐέϐηκεν,
1108 1704 1327 1768 ἀολλέες
1361 1705 1566 1757 ὁππότε
1602 1703 1785 1774 νεκροὶ

414 1794 704 1848 Ζωοτόκων
733 1797 945 1860 ἀΐοντες
973 1799 1284 1868 ἀνοστήτων
1310 1795 1416 1849 ἀπὸ
1444 1795 1693 1866 τύμϐων,

413 1883 650 1956 Χριστοῦ
684 1884 1080 1957 φθεγγομένοιο
1110 1887 1424 1958 δεδεγμένοι
1460 1886 1644 1942 ἔνθεον
1671 1886 1819 1958 ὴχὼ,

413 1976 684 2030 Πάντοθεν
709 1978 978 2042 ἀΐσσουσι,
1002 1977 1073 2036 29
1097 1979 1190 2033 καὶ
1215 1978 1412 2050 δψιμος
1441 1978 1600 2042 ἄλλος
1631 1979 1718 2032 ἐπ’
1748 1978 1894 2050 ἄλλῳ

423 2068 650 2140 Ἀρχαίῃ
679 2069 934 2124 πελάσειε
970 2071 1296 2139 παλιγγενές
1325 2070 1470 2142 ίχνος
1497 2070 1727 2142 ἀρούρῃο

411 2161 476 2214 Oi
512 2161 610 2231 μὲν
637 2159 1031 2224 ἀεθλεύσαντες
1063 2161 1330 2233 ἀμεμφέα
1362 2162 1552 2215 πιστὸν
1580 2161 1789 2230 ἀγῶνα,

411 2237 867 2323 Ζωῆςάθανάτης
896 2254 956 2316 ἐς
987 2251 1284 2306 ἀνάστασιν
1304 2269 1317 2283 ο
1353 2253 1403 2305 οἱ
1432 2252 1489 2305 δὲ
1517 2252 1788 2322 καμόντες

416 2343 592 2414 Ἔργα
626 2342 994 2408 πολυπλανὲος
1023 2343 1206 2414 βιοτῆς
1234 2343 1550 2414 ὲτερόφρονι
1583 2343 1755 2413 λύσσῃ
1776 2382 1791 2407 ,

410 2433 640 2503 Κρίσιος
666 2433 965 2503 ἐσσομένης
993 2435 1052 2498 ἐς
1081 2434 1401 2489 ἀνάστασιν.
1430 2435 1499 2490 50
1533 2434 1798 2504 Οὐρανίου
1828 2433 1927 2503 μὲν

410 2524 487 2577 Ού
513 2523 748 2596 δύναμαι
778 2526 1076 2597 Γενετῆρος
1120 2525 1433 2596 ἀπόπροθεν
1471 2525 1622 2578 οὐδὲν
1656 2525 1885 2580 ἀνύσσαι

409 2615 725 2685 Λύτόματος
745 2655 761 2678 ,
805 2617 1011 2689 κρίνειν
1043 2617 1099 2670 δὲ
1135 2617 1438 2688 δυνήσομαι
1469 2615 1661 2687 ὥσπερ
1685 2617 1887 2672 ἀκούω.

408 2705 705 2777 Νημερτής
727 2706 785 2759 δέ
817 2705 908 2776 μοί
932 2708 1081 2760 ἐστιν
1108 2707 1214 2779 ἐμὴ
1247 2706 1461 2777 κρίσις⁹
1496 2707 1558 2759 ού
1592 2707 1700 2778 γὰρ
1724 2707 1892 2762 ἱκάνω

411 2796 586 2861 Κῦδος
617 2796 751 2868 ἐμδν
780 2798 985 2850 τελέειν
1006 2797 1319 2868 διζήμενος,
1357 2797 1496 2851 ἀλλὰ
1520 2798 1747 2870 Τοκῆος.

409 2887 588 2960 Τιμην
617 2889 893 2960 ἡμετέρην
928 2889 990 2942 οὐ
1026 2889 1355 2959 φθέγγομαι.
1386 2889 1448 2942 51
1495 2890 1598 2942 Ἦν
1621 2887 1732 2960 γὰρ
1759 2887 1926 2958 ἐνίψω

409 2979 732 3050 Μαρτυρίην
769 2980 941 3050 ἰδίην,
975 2981 1038 3033 οὐ
1067 2979 1317 3033 πείθεται
1345 2979 1506 3043 ἄλλος
1545 2979 1772 3034 ἀκούων.

410 3071 487 3124 Οὐ
511 3070 620 3141 γάρ
648 3071 782 3143 ἐμὸς
809 3071 940 3124 πέλε
973 3070 1142 3142 μῦθος
1171 3072 1444 3142 ἐτήτυμος
1470 3111 1485 3136 ,
1515 3071 1689 3143 ἥνπερ
1721 3070 1887 3136 ἐνίψω

408 3163 733 3236 Μαρτυρίην
769 3164 906 3234 ίδίην
933 3153 1246 3236 αὐτόθροόν.
1283 3163 1354 3218 52
1397 3164 1561 3234 Ἀμφ’
1583 3163 1779 3233 ἐμέθεν
1807 3163 1864 3216 δὲ

413 3251 605 3316 Ἀλλος
635 3253 777 3324 ἀνὴρ
821 3255 951 3308 πέλε
983 3255 1194 3326 μάρτυς
1216 3255 1482 3326 ἐπάρκιος
1505 3269 1518 3284 ⁸
1555 3251 1673 3308 οῐδα
1701 3254 1744 3307 δ’
1781 3255 1990 3308 ἐκείνου

410 3343 616 3414 Πιστὴν
652 3345 959 3417 μαρτυρίην
989 3347 1086 3399 καὶ
1119 3345 1412 3417 ἐτήτυμον.
1451 3345 1520 3400 55
1553 3345 1840 3416 Είρόμενοι
1865 3345 1922 3398 δὲ

421 3429 610 3499 ’Λγνὺν
649 3432 903 3504 Ἰωάννην
933 3433 1286 3502 θεοδέγμονος
1307 3435 1502 3504 ἔγκυον
1529 3435 1734 3506 ὀμφῆς,

420 3521 609 3592 Ὑμεῖς
641 3523 1013 3595 ούρεσίφοιτον
1045 3527 1332 3598 ἐπέμψατε
1361 3526 1491 3581 λαὸν
1521 3525 1702 3596 ὁδίτην

421 3613 652 3687 Ἀνδρῶν
685 3616 1030 3687 μυστιπόλων
1049 3635 1062 3648 ’
1091 3619 1186 3673 καὶ
1213 3618 1476 3690 ἀμεμφέα
1505 3617 1758 3681 θέσκελος
1787 3615 1928 3688 ἀνὴρ

410 3705 588 3760 Μῦθον
615 3706 874 3779 ἀληθείης
901 3709 1087 3779 ἀλύτῳ
1121 3710 1500 3781 σφρηγίσσατο
1528 3708 1706 3780 μύθῳ,

408 3799 703 3870 Μάρτυρος
723 3800 1117 3871 ἐμπεδόμυθος.
1141 3801 1210 3856 ’.54
1233 3800 1576 3872 Ἐπιχθονίης
1596 3802 1643 3854 δ’
1671 3803 1779 3856 άπὸ
1811 3804 1996 3874 φωνῆς

408 3888 735 3960 Μαρτυρίην
772 3889 1026 3960 μερόπων
1049 3891 1112 3945 ού
1139 3891 1402 3962 δέχνυμαι
1423 3930 1438 3955 ,
1469 3891 1606 3946 ἀλλά
1635 3893 1901 3948 διδάσκων

419 3980 710 4054 Ἐϐραίους
729 4023 745 4049 ,
775 3983 904 4036 τάδε
946 3984 1124 4038 πάντα
1156 3983 1510 4054 μετέρχομαι,
1543 3983 1688 4055 ὄφρα
1730 3985 2000 4056 μαθόντας

421 4071 626 4143 Ὑμέας
648 4075 732 4127 είν
762 4074 845 4128 ένὶ
869 4075 1079 4138 πάντας
1103 4076 1257 4144 ἐμοῖς
1280 4074 1501 4128 ἐπέεσσι
1530 4073 1746 4130 σαώσω.

410 4164 480 4217 ’55
514 4165 706 4230 Κεῖνος
747 4166 1003 4237 Ἰωάννης
1046 4165 1269 4238 νοεροὺς
1296 4164 1604 4238 σπινθῆρας
1640 4166 1854 4232 ίάλλων,

411 4257 681 4330 Εὐσεϐίης
708 4258 839 4312 πέλε
876 4258 1069 4329 λύχνος
1099 4259 1370 4330 ἐτήτυμος
1396 4258 1622 4330 ἀνδράσι
1643 4261 1850 4329 φαίνων
1874 4279 1886 4291 ·

1397 217 1884 274 PARAPHRASIS
1919 216 1983 272 IN
2021 217 2362 274 JOANNEM.
2402 248 2472 258 --
2507 216 2658 272 CAP.
2699 214 2761 270 ν.

2002 357 2006 364 ι
2028 345 2073 396 Α
2104 345 2269 400 quam
2325 337 2543 400 tempus
2589 344 2700 383 non
2735 327 2884 382 novit
2914 325 3163 398 perdere,
3196 320 3389 376 Veniet
3416 336 3478 375 ex
3509 331 3684 378 morte.

3578 206 3679 260 79)

2105 437 2378 478 reversus.
2429 419 2832 491 251mprovisa
2881 420 3025 475 enim
3066 416 3343 472 Obstetrix
3391 429 3686 469 renascen-

2105 515 2238 567 tium
2275 514 2558 568 hominum
2581 523 2827 570 mortuos
2861 513 3141 569 suscitans
3164 510 3298 565 hora
3337 507 3530 563 Veniet
3560 523 3684 564 sero

2106 604 2370 674 perfecta,
2415 606 2550 659 muti
2586 606 2805 675 quando
2849 604 3053 660 mortui
3094 602 3308 658 Rursus
3354 601 3686 656 reviviscent

2105 698 2312 753 reditus
2339 698 2656 768 expertibus
2684 714 2714 753 e
2734 698 2970 762 sinibus,
2997 695 3200 750 Omnes
3228 708 3455 747 mortem
3481 691 3687 762 pellen-

2103 799 2208 843 tem
2239 805 2414 844 meam
2447 790 2731 845 audientes
2752 805 2961 854 vocem,
2982 788 3101 842 Filii
3131 788 3290 842 unice
3312 786 3494 842 dilecti
3515 784 3682 837 vitam

2103 880 2328 937 ferentis
2359 879 2562 937 Patris.
2595 881 2665 936 26
2696 882 2846 937 Sicut
2877 883 3020 936 enim
3063 880 3222 936 Pater
3250 879 3412 935 habet
3452 885 3684 931 matrem

2102 974 2348 1029 omnium
2383 974 2441 1028 in
2493 974 2698 1029 mundo
2744 973 2946 1037 Vitam,
2973 988 3002 1026 a
3031 969 3145 1042 qua
3181 972 3438 1027 omnibus
3463 969 3684 1024 vitalem

2102 1065 2353 1136 spiritum
2387 1066 2615 1136 praebet,
2648 1065 2738 1122 Sic
2766 1065 3011 1121 onmium
3046 1063 3243 1119 rectori
3277 1072 3332 1118 et
3361 1061 3498 1116 Filio
3535 1059 3686 1114 dedit

2101 1155 2244 1210 ferre
2264 1153 2440 1208 Vitam
2474 1171 2486 1207 :
2515 1154 2583 1207 27
2606 1162 2658 1209 et
2685 1153 2926 1208 divinam
2951 1149 3230 1220 altijugam
3253 1150 3402 1204 dedit
3432 1149 3681 1218 gloriam,

2111 1245 2217 1316 55
2252 1244 2322 1300 EI.
2335 1242 2604 1316 judicium
2630 1261 2864 1316 quorum
2894 1244 3008 1297 vult
3033 1242 3292 1314 perﬁcere
3326 1241 3520 1311 aequali
3545 1241 3682 1310 lege,

2103 1336 2242 1401 Quia
2270 1335 2512 1390 hominis
2541 1337 2705 1390 vitam
2734 1335 2915 1392 ferens
2936 1333 3112 1390 Filius
3152 1333 3375 1388 dicitur.
3411 1331 3482 1386 28
3515 1329 3582 1384 Et
3616 1345 3686 1384 ne

2103 1426 2376 1482 miremini
2411 1427 2458 1483 si
2491 1427 2730 1497 aliquam
2751 1427 2991 1482 divinam
3015 1441 3203 1481 vocem
3233 1423 3354 1478 Dixi
3377 1432 3686 1483 venturam.

2103 1517 2234 1587 quia
2254 1527 2500 1574 extrema
2524 1519 2672 1573 venit
2701 1518 2854 1582 hora,
2870 1517 2935 1570 Et
2952 1533 3096 1573 nunc
3112 1531 3280 1588 prope
3293 1515 3687 1578 accessit,con-

2103 1609 2308 1676 gregati
2339 1607 2561 1678 quando
2589 1610 2818 1675 mortui,
2845 1608 3012 1665 Vivos
3040 1607 3382 1679 parientibus
3401 1604 3687 1659 audientes

2030 1700 2072 1754 B
2103 1699 2312 1758 reditus
2356 1700 2672 1769 expertibus
2697 1715 2727 1755 e
2758 1700 3042 1770 sepulcris,
3065 1698 3267 1753 Christi
3306 1698 3576 1766 loquentis
3598 1711 3686 1750 re-

2103 1793 2372 1862 cipientes
2405 1791 2650 1846 divinum
2688 1806 2906 1856 sonum,
2934 1789 3186 1859 Undique
3238 1789 3684 1847 comitabuntur.

2102 1881 2172 1937 29
2213 1891 2268 1936 et
2313 1897 2472 1936 serus
2505 1881 2647 1936 alius
2677 1889 2799 1952 post
2832 1881 3000 1934 alium
3029 1878 3210 1960 Yeteri
3240 1881 3500 1948 adiunget
3524 1892 3688 1934 rena-

2103 1979 2216 2026 tum
2271 1971 2560 2043 vestigium
2609 1983 2766 2028 terrae
2802 1988 2817 2039 ;
2849 1971 2952 2038 Qui
2986 1971 3203 2041 quidem
3240 1980 3524 2026 certarunt
3559 1971 3703 2026 irre-

2103 2061 2469 2132 prehensihile
2517 2063 2671 2120 ﬁdele
2713 2072 3026 2126 certamen,
3059 2061 3198 2118 Vitae
3247 2063 3573 2119 immortalis
3619 2062 3687 2116 ad

2105 2155 2608 2221 resurrectionem;
2644 2155 2738 2225 qui
2782 2171 2910 2210 vero
2939 2155 3288 2226 perfecerunt
3335 2154 3511 2225 Opera
3544 2154 3685 2208 mulo

2102 2251 2217 2298 tum
2252 2246 2492 2302 errantis
2522 2246 2644 2301 vitae
2669 2247 2829 2301 aliter
2870 2248 3141 2302 sentiente
3168 2247 3341 2312 rabie,
3371 2245 3571 2301 Judicii
3610 2243 3695 2298 fu-

2104 2335 2212 2388 turi
2235 2337 2308 2389 ad
2348 2337 2833 2393 resurrectionem.
2860 2339 2928 2394 30
2971 2338 3194 2395 Caelesti
3223 2339 3368 2393 enim
3411 2335 3530 2391 Non
3566 2351 3689 2406 pos-

2101 2442 2222 2482 sum
2254 2428 2371 2484 sine
2421 2427 2580 2484 Patre
2613 2429 2823 2499 aliquid
2873 2430 3133 2500 perlicere
3183 2430 3408 2502 Sponte,
3437 2430 3688 2500 judicare

2102 2533 2231 2573 vero
2280 2528 2472 2589 potero
2529 2522 2673 2576 sicut
2726 2523 2908 2578 audio.
2950 2522 3240 2579 lnfallibile
3282 2531 3462 2578 autem
3504 2536 3687 2576 meum

2099 2620 2185 2667 est
2213 2611 2522 2682 judicium;
2555 2629 2667 2669 non
2691 2603 2848 2670 enim
2877 2617 3039 2672 venio
3062 2616 3304 2671 Gloriam
3348 2630 3524 2670 meam
3562 2629 3688 2684 per-

2101 2701 2264 2757 licere
2282 2717 2556 2772 quaerens,
2591 2704 2684 2760 sed
2735 2703 2937 2761 Patris.
2974 2705 3251 2762 Honorem
3281 2715 3534 2762 nostrum
3577 2722 3688 2761 non

2100 2792 2313 2862 loquor.
2358 2794 2422 2848 51
2489 2793 2547 2849 Si
2593 2796 2739 2850 enim
2801 2797 3016 2854 locutus
3079 2799 3232 2853 fuero
3293 2797 3687 2855 Testimonium

2100 2897 2406 2966 proprium,
2439 2911 2550 2958 non
2581 2900 2757 2954 credit
2777 2900 2919 2956 alius
2947 2903 3196 2958 audiens.
3222 2902 3341 2957 Non
3359 2903 3508 2958 enim
3532 2914 3687 2958 meus

2099 3011 2188 3057 est
2233 3016 2415 3057 sermo
2469 3018 2672 3070 verus,
2715 3004 2763 3058 si
2823 3005 3040 3062 locutus
3096 3006 3251 3062 luero
3313 3007 3682 3062 testimonium

2101 3108 2381 3180 pr0prium
2411 3109 2478 3164 de
2509 3110 2723 3179 meipso
2745 3111 2990 3167 dictum.
3028 3112 3099 3166 δὲ
3124 3111 3198 3168 De
3217 3127 3303 3168 me
3332 3123 3510 3168 autem
3532 3112 3682 3167 Alius

2101 3215 2187 3270 vir
2219 3227 2302 3270 est
2337 3215 2492 3270 testis
2515 3213 2825 3281 suﬂiciens;
2855 3217 2982 3271 novi
3015 3224 3196 3272 autem
3225 3217 3372 3271 illius
3402 3216 3588 3272 Fidele
3613 3223 3688 3271 te-

2103 3317 2425 3374 stimonium
2473 3325 2527 3372 et
2566 3323 2774 3374 verum.
2807 3321 2878 3375 33
2911 3321 3315 3392 lnterr‘ogantes
3359 3329 3537 3374 autem
3583 3319 3688 3375 Ca-

2104 3430 2248 3478 stum
2305 3420 2572 3478 Joannem
2613 3423 2797 3478 divina
2833 3426 3101 3496 repletum
3146 3438 3300 3490 voce,
3342 3423 3453 3481 Vos
3485 3425 3690 3480 monti-

2102 3544 2299 3599 vagum
2332 3529 2566 3586 misistis
2603 3531 2862 3602 pepulum
2893 3532 3156 3588 viatorem
3185 3511 3440 3587 Virorum
3479 3531 3684 3587 sacriﬁ-

2101 3651 2327 3702 corum;
2355 3643 2411 3692 et
2443 3637 2980 3708 irreprebensibilem
3003 3637 3222 3694 divinus
3255 3640 3336 3694 vir
3370 3637 3689 3694 Sermonem

2103 3741 2350 3797 veritatis
2393 3743 2673 3799 insolubili
2715 3744 3024 3816 obsignavit
3067 3746 3235 3801 verbo
3258 3787 3272 3810 ,
3310 3744 3487 3800 TeSIis
3516 3746 3692 3799 ﬁrmi-

2103 3845 2321 3914 loquus.
2369 3845 2441 3900 54
2479 3845 2748 3902 Terrestri
2798 3855 2980 3902 autem
3027 3860 3057 3899 a
3102 3859 3238 3902 voce
3289 3845 3689 3928 Testimonium

2104 3948 2388 4002 hominum
2429 3964 2538 4003 non
2577 3950 2806 4020 recipio,
2859 3951 2955 4006 sed
2994 3950 3200 4006 docens
3249 3949 3527 4016 Hebraeos,
3575 3954 3690 4004 haec

2101 4050 2287 4105 ominia
2311 4050 2552 4120 adduco,
2585 4059 2647 4106 ut
2681 4052 2878 4106 doctos
2904 4051 3013 4108 Vos
3046 4053 3104 4106 in
3136 4053 3453 4108 universum
3493 4067 3688 4108 omnes

2103 4154 2241 4210 meis
2266 4155 2449 4211 verbis
2479 4156 2706 4211 salvem.
2731 4155 2802 4210 '55
2822 4154 2917 4211 Ille
2942 4154 3186 4213 Joannes
3230 4158 3508 4228 sapientes
3541 4155 3688 4213 scln-

2105 4260 2251 4315 tillas
2287 4259 2567 4326 emittens,
2597 4259 2825 4316 Pietatis
2858 4267 2974 4316 erat
3009 4260 3233 4316 lucerna
3267 4277 3395 4317 vera
3427 4262 3561 4317 viris
3590 4275 3687 4332 ap-

1612 4373 1893 4431 TEXTUS
1933 4374 2467 4432 EVANGELIST/E.

410 4489 652 4546 αἰώνιον·
698 4495 792 4546 καὶ
818 4495 897 4557 είς
927 4492 1109 4566 κρίσιν
1143 4493 1244 4547 οὐκ
1273 4491 1534 4565 ἔρχεται·
1568 4495 1703 4549 ἀλλά
1754 4497 1992 4566 μεταϐέ-
2027 4500 2069 4554 D
2169 4497 2238 4551 50
2275 4495 2350 4549 Οὐ
2402 4494 2638 4565 δύναμαι
2696 4495 2807 4563 ἐγὼ
2857 4498 3032 4548 ποιεῖν
3079 4496 3172 4550 ἀπ’
3216 4495 3454 4567 ἐμαυτοῦ
3505 4496 3677 4551 οὐδέν.

408 4574 577 4646 ϐηκεν
607 4578 672 4630 ἐκ
695 4576 791 4629 τοῦ
819 4577 1054 4631 θανάτου
1080 4579 1160 4641 είς
1184 4577 1284 4648 τὴν
1312 4578 1478 4648 ζωήν.

373 4664 392 4732 ’ξ
478 4659 551 4712 25
592 4659 764 4731 Ἀμὴν
797 4660 944 4732 ἀμὴν
969 4660 1114 4730 λέγω
1151 4661 1280 4731 ὑμῖν
1307 4701 1321 4722 ,
1347 4662 1429 4714 ὅτι
1459 4661 1676 4732 ἔρχεται
1710 4661 1859 4734 ὥρα,
1900 4666 1995 4718 καὶ

383 4743 503 4814 ςνῦν
535 4743 682 4798 ἐστιν
707 4786 722 4809 ,
767 4745 852 4797 ὅτε
885 4746 934 4797 oi
963 4746 1150 4816 νεκροὶ
1181 4743 1505 4798 ἀκούσονται
1549 4746 1648 4816 τῆς
1677 4748 1864 4818 φωνῆς
1897 4747 1992 4801 τοῦ

409 4826 539 4880 Υίοῦ
566 4827 661 4881 τοῦ
688 4827 822 4881 Θεοῦ
840 4844 854 4858 ·
885 4829 978 4881 καὶ
1007 4829 1056 4880 oi
1080 4828 1415 4891 ἀκούσαντες
1442 4828 1720 4900 ζήσονται.

477 4913 549 4966 96
572 4913 785 4982 Ὥσπερ
811 4911 920 4982 γὰρ
956 4912 986 4964 6
1014 4913 1205 4983 Πατὴρ
1238 4912 1351 4983 ἔχει
1389 4911 1534 4984 ζωὴν
1560 4913 1618 4965 ἐν
1656 4911 1865 4984 ἑαυτῷ,
1905 4913 1994 4967 ού-

406 5013 514 5060 τως
542 4995 711 5050 ἔδωκε
752 4995 849 5048 καὶ
873 4995 953 5065 τῷ
975 4995 1089 5066 Υίῷ
1116 4996 1261 5066 ζωὴν
1291 4997 1436 5067 ἔχειν
1464 4998 1521 5048 ἐν
1544 4996 1743 5068 ἐαυτῷ.

477 5079 547 5133 27
577 5081 688 5134 Ka‘t
723 5078 974 5146 ἐξουσίαν
1021 5079 1220 5133 ἔδωκεν
1258 5078 1408 5150 αὐτῷ
1437 5080 1532 5133 καὶ
1579 5080 1760 5152 κρίσιν
1792 5085 1991 5144 ποιεῖν,

406 5163 488 5216 ὅτι
519 5163 646 5227 Υίδς
672 5162 962 5234 ἀνθρώπου
989 5163 1124 5218 ἐστί.

475 5247 546 5302 28
585 5247 677 5318 Μὴ
711 5245 1022 5318 θαυμάζετε
1068 5245 1254 5300 τοῦτο⁹
1299 5246 1381 5299 δτι
1425 5245 1641 5316 ἔρχεται
1679 5238 1806 5317 ’ὥρα
1853 5248 1912 5299 ἐν

404 5331 610 5398 πάντες
648 5335 698 5388 οί
728 5337 786 5389 ἐν
829 5336 942 5398 τοῖς
991 5334 1277 5405 μνημείοις
1314 5333 1639 5389 ἀκούσονται
1671 5335 1771 5405 τῆς
1809 5335 1993 5404 φωνῆς

409 5416 596 5470 αὑτοῦ.

477 5498 550 5554 9.9
576 5499 686 5552 Καὶ
737 5500 1166 5571 ἐκπορεύσονται
1195 5502 1244 5553 οἱ
1295 5501 1366 5554 τά
1416 5500 1595 5570 ἀγαθά
1646 5505 1990 5574 ποιήσαντες,

409 5580 493 5645 εἰς
519 5582 816 5638 ἀνάστασιν
844 5584 989 5652 ζωῆς
1011 5601 1024 5614 ·
1067 5586 1112 5638 οἱ
1147 5584 1202 5638 δὲ
1234 5584 1303 5638 τὰ
1340 5585 1517 5655 φαῦλα
1552 5587 1883 5657 πράξαντες,
1917 5590 1994 5652 εἰς

419 5663 716 5722 ἀνάστασιν
751 5668 1001 5738 κρίσεως.

2105 4577 2302 4643 Καθὼς
2325 4579 2509 4631 ἀκούω
2533 4620 2547 4643 ,
2595 4578 2766 4649 κρίνω
2793 4595 2806 4609 °
2855 4580 2950 4632 καὶ
2989 4582 3020 4650 ή
3071 4579 3249 4651 κρίσις
3293 4581 3326 4650 ὴ
3363 4580 3468 4650 ἐμὴ
3502 4579 3684 4633 δικαία

2103 4665 2192 4714 ἐστ
2206 4663 2287 4715 ίνο
2320 4663 2401 4714 ὅτι
2432 4663 2492 4714 ού
2530 4660 2679 4731 ζητῶ
2709 4661 2769 4713 τὸ
2802 4661 3013 4733 θέλημα
3051 4664 3109 4716 τὸ
3141 4666 3272 4733 ἐμὸν
3293 4702 3306 4728 ,
3342 4663 3478 4717 ἀλλὰ
3508 4665 3568 4716 τὸ
3597 4665 3684 4717 θέ-

2102 4745 2252 4816 λημα
2277 4745 2371 4798 τοῦ
2405 4744 2718 4815 πέμψαντός
2745 4756 2811 4816 με
2844 4746 3076 4817 Πατρός.

2169 4829 2231 4882 51
2281 4829 2407 4882 Ἐάν
2437 4827 2549 4896 ἐγὼ
2575 4828 2838 4900 μαρτυρῶ
2867 4830 2996 4901 περὶ¹
3024 4827 3286 4900 ἐμαυτοῦ,
3329 4830 3365 4901 ἡ
3408 4829 3683 4903 μαρτυρία

2105 4929 2206 4983 μου
2237 4912 2336 4965 οὐκ
2365 4911 2510 4965 ἔστιν
2537 4913 2764 4984 ἀληθής.

2172 4996 2242 5051 52
2274 4995 2468 5060 ’Ἄλλος
2491 4997 2637 5049 ἐστὶν
2667 4999 2695 5049 6
2724 4996 3018 5068 μαρτυρῶν
3051 4997 3179 5070 περὶ
3228 4998 3359 5069 ἐμοῦ
3382 5040 3396 5063 ,
3441 4996 3535 5051 καὶ
3568 4995 3682 5053 οῖδα

2101 5081 2181 5134 ὅτι
2214 5080 2421 5150 ἀληθής
2455 5081 2599 5134 ἐστιν
2631 5081 2662 5151 ή
2688 5083 2962 5155 μαρτυρία
2985 5083 3051 5153 ἥν
3077 5086 3347 5154 μαρτυρεῖ
3367 5083 3492 5154 περὶ
3522 5083 3679 5154 ἐμοῦ.

2174 5163 2244 5218 55
2283 5163 2471 5234 Ὑμεῖς
2505 5165 2880 5221 ἀπεστάλκατε
2933 5167 3069 5239 πρὸς
3109 5168 3363 5238 Ἰωάννην
3390 5207 3404 5231 ,
3445 5168 3538 5219 καὶ
3583 5185 3679 5238 με-

2104 5248 2430 5320 μαρτύρηκε
2450 5251 2517 5320 τῇ
2553 5249 2801 5322 ἀληθεία.

2178 5333 2247 5386 54
2294 5331 2433 5400 Ἐγὼ
2479 5333 2532 5386 δὲ
2577 5335 2636 5386 οὐ
2685 5335 2835 5406 παρὰ
2893 5335 3182 5407 ἀνθρώπου
3238 5334 3335 5404 τὴν
3376 5330 3679 5402 μαρτυρίαν

2106 5415 2370 5486 λαμϐάνω
2391 5435 2404 5449 ·
2437 5419 2571 5472 άλλά
2601 5419 2775 5472 ταῦτα
2801 5419 2942 5488 λέγω
2967 5421 3054 5472 ἴνα
3091 5419 3249 5487 ὑμεῖς
3281 5416 3509 5484 σωθῆτε.

2173 5503 2243 5556 55
2284 5503 2520 5566 Ἐκεῖνος
2554 5500 2620 5574 ἦν
2653 5503 2681 5555 6
2714 5503 2903 5574 λύχνος
2928 5505 2956 5555 6
2987 5501 3268 5570 καιόμενος
3301 5498 3395 5550 καὶ
3432 5495 3637 5566 φαίνων
3661 5513 3675 5530 ο

2105 5588 2261 5656 ὑμεῖς
2289 5587 2344 5639 δὲ
2379 5587 2679 5659 ἠθελήσατε
2712 5584 3134 5655 ἀγαλλιασθῆναι
3164 5583 3298 5654 πρὸς
3334 5580 3483 5654 ὤραν
3525 5588 3578 5640 ἐν
3606 5585 3680 5657 τῖν

2107 5672 2243 5741 φωτὶ
2273 5671 2456 5726 αὑτοῦ.
