3938 6214
338 257 438 312 ’τοι

1565 258 1776 307 ΝυΝΜ
1805 255 2308 306 PANUPULI'I'ANI

3515 241 3624 295 79?.

341 365 712 443 parens;Vos
759 375 938 425 autem
982 367 1049 423 ad
1097 367 1416 439 vertiginem
1449 367 1614 422 unius
1657 367 1911 423 volubilis

2029 366 2219 436 Ὑμεῖς
2249 366 2295 418 δ’
2328 365 2408 428 εἰς
2439 361 2807 435 στροφάλιγγα
2839 359 2966 432 μιῆς
3013 360 3318 431 ταχυδινέος
3350 357 3550 430 ὥρης,

339 459 512 526 hor-ar,
536 460 644 531 56
672 457 819 513 Illius
847 457 1172 513 testimoniis
1209 456 1371 510 laztati
1411 457 1546 512 estis
1573 457 1912 527 apparenlis,

239 613 242 618 ν
337 551 512 620 Aquis
562 557 940 605 coruscantem
969 548 1265 617 gestientes
1297 546 1363 600 ad
1397 547 1698 612 lucernam,
1740 547 1914 618 Aquis

337 619 557 698 divinis.
585 640 654 696 36
682 639 909 696 Joannis
936 645 1118 694 autem
1159 653 1295 694 voce
1338 619 1514 708 Majus
1540 639 1913 695 testimonium

336 734 547 797 habeo,
579 741 633 788 et
663 731 1009 802 praestantius
1053 731 1355 785 oraculum.
1380 731 1555 801 Opera
1593 732 1737 786 enim
1768 746 1915 802 quae-

334 838 554 894 cunque
584 822 735 877 dedit
781 819 942 876 Pater
986 836 1142 877 meus
1175 832 1236 876 ut
1264 821 1564 891 perﬁciam,
1592 821 1914 892 Loquuntur

330 927 431 981 per
457 927 516 966 se
551 911 845 966 clamantia
897 910 1156 982 loquente
1208 911 1338 966 tuba
1389 911 1628 968 silentii:
1663 911 1788 967 Haec
1826 927 1914 968 me

331 1001 629 1071 praedicant
661 1008 718 1056 et
757 1009 1011 1057 eructant
1033 1002 1245 1056 ﬁrmam
1269 1016 1477 1058 vocem.
1501 1002 1573 1056 57
1599 1002 1785 1073 Neque
1809 1002 1911 1056 Pa-

330 1100 414 1146 ter
444 1107 532 1147 me
558 1092 778 1162 reliquit
811 1108 919 1147 non
962 1093 1254 1163 praedicata
1283 1093 1522 1164 quodam
1547 1095 1785 1162 silentio,
1806 1095 1911 1162 Qui

331 1197 417 1237 me
436 1181 699 1254 praemisit
719 1198 750 1239 e
770 1183 925 1239 caelis
949 1202 963 1238 :
987 1185 1082 1240 sed
1102 1192 1156 1240 et
1176 1185 1292 1256 ipse
1322 1185 1693 1257 Loquentibus
1720 1188 1911 1244 oribus

331 1273 618 1344 deiloquos
658 1289 756 1344 per
795 1274 946 1331 viros
979 1274 1377 1332 Testimonium
1415 1279 1596 1333 vivum
1629 1279 1910 1349 reciproco

329 1364 480 1420 dedit
518 1365 680 1431 libro,
701 1364 804 1432 Qui
833 1382 917 1421 me
942 1368 1235 1437 prmisit;
1269 1377 1323 1425 et
1347 1371 1587 1424 divinam
1628 1386 1908 1442 nunquam

331 1457 566 1511 formam
608 1456 788 1515 Patris
830 1459 1071 1524 vidistis,
1109 1467 1163 1515 et
1205 1476 1314 1516 non
1351 1463 1639 1519 audivistis
1679 1478 1907 1528 vocem,

329 1547 398 1602 58
437 1547 624 1619 Neque
657 1550 707 1604 el
741 1564 847 1603 non
881 1552 1194 1607 errantibus
1231 1554 1520 1610 custoditis
1547 1555 1771 1610 verbum
1812 1569 1910 1609 au.-

329 1637 505 1694 ribus.
533 1639 704 1706 Quem
735 1640 883 1695 enim
925 1658 1080 1698 meus
1116 1643 1382 1713 praemisit
1415 1643 1574 1699 Pater
1609 1646 1905 1714 opitulato-

2019 452 2124 523 57
2145 453 2338 506 Κείνου
2367 452 2728 523 μαρτυρίῃσιν
2756 449 3147 520 ἐφαιδρύνασθε
3174 449 3470 516 φανέντος.

2019 543 2247 597 ’Ύδασιν
2271 543 2676 613 άστράπτοντος
2702 540 3056 610 ἀγαλλόμενοι
3093 538 3242 610 παρὰ
3270 537 3507 610 λύχνου,

2017 634 2209 688 ’Ύδασι
2242 633 2633 687 θεσπεσίοισιν·
2661 633 2730 686 36
2765 631 3018 685 Ἱωάνναο
3039 630 3096 682 δὲ
3127 630 3311 699 φωνῆς

2013 725 2252 789 Μείζονα
2287 725 2594 796 μαρτυρίην
2631 722 2872 794 μεθέπω,
2900 723 2998 775 καὶ
3029 721 3330 792 ὑπέρτερον
3357 721 3586 792 ὀμφήν.

2017 818 2197 888 Ἔργα
2217 817 2324 886 γὰρ
2351 815 2570 868 ὁππόσα
2597 815 2737 868 δῶκε
2777 815 2970 884 Πατὴρ
3005 814 3136 884 ἐμὸς
3161 813 3304 883 ὄφρα
3332 811 3618 874 τελέσσω,

2011 907 2311 975 Φθέγγεται
2337 905 2645 976 αὑτοϐόητα
2667 905 2812 976 λάλῳ
2847 904 3110 972 σάλπιγγι
3143 905 3355 973 σιωπῆς
3378 915 3394 930 ⁸

2013 997 2201 1052 Ταῦτά
2235 1015 2304 1068 με
2336 997 2638 1068 κηρύσσει,
2671 997 2764 1051 καὶ
2795 997 3081 1068 ἐρεύγεται
3107 994 3335 1065 ἔμπεδον
3364 993 3580 1064 αὐδήν.

2011 1093 2078 1147 57
2114 1092 2250 1147 Οὐδὲ
2281 1093 2472 1161 Πατήρ
2497 1107 2564 1161 με
2589 1089 2834 1142 λέλοιπεν
2859 1086 3157 1157 ἀκηρύκτῳ
3179 1087 3288 1138 τινὶ¹
3321 1087 3454 1153 σιγῇ
3477 1124 3497 1149 ,

2014 1184 2206 1246 Ὅστις
2230 1183 2330 1252 ἐμὲ
2356 1181 2626 1254 προέηκεν
2657 1179 2751 1234 ἀπ’
2778 1178 2992 1250 αίθέρος
3015 1195 3029 1211 ·
3059 1177 3192 1232 ἀλλά
3218 1178 3314 1231 καὶ
3338 1177 3516 1240 αὐτὸς

2010 1277 2402 1350 Φθεγγομένοις
2431 1277 2757 1348 στομάτεσσι
2783 1274 3136 1344 θεογλώσσων
3165 1273 3254 1327 διὰ
3292 1272 3504 1342 φωτῶν

2011 1371 2334 1442 Μαρτυρίην
2365 1368 2612 1432 ζώουσαν
2638 1367 2904 1439 ἀμοιϐαίῃ
2937 1366 3072 1436 πόρε
3104 1365 3306 1434 δέλτῳ·

2013 1463 2203 1524 Ὅστις
2236 1460 2335 1532 ἐμὲ
2363 1461 2602 1530 προέηκε
2628 1477 2643 1491 ·
2675 1459 2768 1512 καὶ
2796 1458 2976 1511 ἔνθεον
3004 1456 3200 1510 οὔποτε
3238 1456 3462 1527 μορφὴν

2012 1552 2222 1623 Πατρός
2254 1551 2581 1622 ἐθηήσασθε,
2610 1551 2704 1603 καὶ
2731 1550 2831 1603 οὑκ
2855 1548 3124 1619 ἠκούσατε
3148 1547 3331 1617 φωνῆς
3357 1585 3372 1612 ,

2010 1644 2078 1698 58
2112 1643 2248 1697 Ούδέ
2271 1646 2318 1696 οἱ
2346 1641 2674 1697 ἀπλανέεσσι
2702 1641 3004 1710 φυλάσσετε
3041 1639 3209 1710 μῦθον
3238 1639 3496 1698 ἀκουαῖς.

329 1745 443 1785 rem
481 1731 707 1798 mundo,
741 1731 860 1789 Non
888 1734 1057 1789 Deum
1100 1733 1294 1788 Filium
1332 1735 1598 1807 recipitis,
1633 1750 1732 1790 nec
1783 1736 1911 1790 mit-

2027 1737 2116 1789 ’ον
2139 1736 2248 1805 γὰρ
2276 1735 2408 1806 ἐμὸς
2442 1735 2684 1806 προέηκε
2710 1732 2901 1804 Πατὴρ
2930 1732 3314 1803 χραισμήτορα
3341 1729 3568 1799 κόσμῳ,

329 1829 533 1876 tentem
563 1821 798 1878 Patrem.
825 1827 894 1881 39
922 1826 1139 1895 Scripta
1162 1824 1625 1897 diviniloquorum
1652 1826 1912 1897 inquirite

225 1963 228 1966 .
325 1916 550 1970 oracula
597 1915 860 1971 librorum
883 1956 899 1982 ,
932 1916 988 1976 In
1025 1917 1226 1987 quibus
1253 1917 1456 1973 habere
1496 1918 1752 1988 speratis,
1775 1927 1912 1974 tem-

325 1999 478 2066 poris
523 2008 868 2056 recrescente
899 2001 1130 2064 circulo,
1161 1998 1344 2055 Vitam
1377 2016 1486 2055 non
1515 2002 1905 2072 temporalem:

325 2089 382 2141 in
406 2086 708 2158 Scripturis
730 2099 911 2145 autem
931 2091 1021 2146 illa
1044 2089 1442 2146 Testimonium
1471 2092 1711 2146 clamant
1727 2107 1909 2147 meum

324 2179 718 2250 interpretante
743 2183 907 2237 verbo
942 2180 1238 2236 lmmortali
1287 2182 1450 2248 tuba;
1483 2183 1554 2238 40
1585 2190 1640 2238 et
1688 2197 1796 2237 non
1835 2183 1912 2238 fe-

325 2271 544 2326 stinatis
579 2272 857 2329 discentes
888 2271 1204 2342 Scripturas
1236 2273 1544 2343 loquentes,
1577 2274 1814 2343 prompti
1843 2273 1910 2327 ad

325 2379 412 2418 me
438 2365 647 2419 venire.
678 2365 739 2419 41
772 2364 1045 2420 Honorem
1077 2365 1146 2418 ab
1176 2365 1493 2420 hominibus
1523 2379 1631 2418 non
1665 2365 1869 2433 recipio
1893 2407 1906 2420 .

324 2455 395 2510 42
415 2453 520 2510 Sed
565 2458 795 2526 cognovi
815 2455 928 2512 Vos
964 2457 1276 2511 inhumanis
1308 2457 1576 2521 moribus,
1613 2472 1790 2526 neque
1813 2457 1910 2510 Pa-

324 2550 426 2602 tris
445 2547 704 2602 Amorem
727 2547 971 2603 coelestis
1000 2549 1229 2603 servatis
1254 2547 1495 2601 omnium
1529 2547 1696 2619 regis.
1722 2549 1791 2603 45
1816 2548 1912 2603 Ve-

324 2640 378 2695 ni
410 2655 514 2712 ego
541 2641 789 2696 clamans
821 2648 1109 2712 paternum
1146 2657 1346 2698 nomen
1381 2641 1616 2707 mundo,
1649 2641 1714 2696 Et
1739 2641 1907 2698 Deum

323 2747 433 2786 non
486 2746 574 2786 me
601 2731 865 2802 recipitis,
899 2747 1000 2787 nec
1029 2731 1256 2788 creditis
1303 2732 1452 2788 Patri
1485 2752 1498 2789 :
1538 2734 1594 2788 Si
1624 2749 1757 2788 vero
1787 2734 1910 2804 quis

323 2824 466 2878 alius
517 2822 731 2879 venerit
791 2823 1017 2894 spurius
1073 2822 1216 2880 falso
1268 2826 1588 2882 nominatus
1633 2825 1759 2889 vir,
1800 2823 1910 2880 Deo

323 2917 654 2982 contrarius,
693 2923 826 2973 tunc
853 2916 1004 2972 illum
1045 2916 1304 2972 infestum
1337 2916 1680 2988 deceptorem
1712 2915 1908 2970 Statim

323 3023 611 3093 placabitis
648 3022 963 3094 stupefacti,
992 3029 1054 3078 ut
1091 3023 1215 3094 quis
1253 3024 1440 3079 dicere
1470 3024 1680 3094 possit:
1709 3020 1910 3092 Legiti-

323 3145 472 3186 mum
503 3131 868 3202 abnegarunt,
895 3131 1146 3202 spurium
1180 3139 1361 3186 autem
1392 3139 1719 3202 receperunt
1747 3144 1910 3200 appa-

323 3241 530 3288 rentem
549 3269 563 3285 .
589 3233 661 3287 44
689 3232 976 3298 Quomodo
1014 3241 1195 3288 autem
1225 3249 1346 3297 me,
1375 3233 1651 3304 quomodo
1683 3233 1912 3303 potestis

325 3337 417 3394 Dei
455 3335 694 3392 Verbum
734 3336 932 3393 Filium
973 3339 1244 3393 honorare
1265 3377 1280 3403 ,
1309 3338 1548 3394 Gloriam
1578 3340 1648 3394 ab
1680 3339 1913 3394 invicem

323 3447 752 3511 exspectantes;
795 3457 976 3511 neque
1040 3456 1378 3513 cognoscere
1434 3440 1618 3498 Solius
1669 3443 1913 3497 omnium

324 3541 591 3613 genitoris
621 3541 714 3598 Dei
739 3541 1020 3613 inquiritis
1059 3543 1360 3599 honorem?
1382 3545 1492 3616 58
1529 3546 1602 3600 45
1628 3547 1774 3601 Sane
1798 3545 1916 3601 fru-

324 3655 440 3705 stra
463 3648 692 3713 timetis,
715 3649 1034 3706 accusantia
1067 3650 1209 3704 labia
1242 3652 1461 3708 solvens
1491 3651 1746 3710 Vestram
1768 3655 1914 3724 quod

325 3753 531 3808 rabiem
583 3767 703 3808 meo
734 3752 953 3808 Parenti
999 3754 1345 3812 indicaturus
1375 3755 1500 3812 sim.
1537 3755 1647 3812 Vos
1685 3758 1739 3812 in
1771 3756 1916 3813 Scri-

325 3855 502 3927 pturis
539 3864 829 3914 accusator
871 3859 1014 3915 alius
1047 3859 1360 3931 redarguit,
1398 3860 1577 3918 Moses
1612 3863 1910 3934 lcgislator,

325 3963 623 4034 primarius
654 3965 941 4036 propheta,
971 3965 1026 4020 in
1075 3981 1186 4036 quo
1219 3967 1338 4022 solo
1377 3966 1517 4039 Spes
1550 3977 1748 4025 vestrae
1787 3971 1920 4028 ﬁde-

325 4071 425 4127 les.
451 4070 521 4128 46
553 4070 610 4127 Si
633 4072 780 4128 enim
817 4073 965 4130 illius
993 4071 1238 4130 Firmum
1265 4090 1374 4130 non
1403 4077 1718 4134 errantibus
1749 4093 1913 4150 repo—

325 4176 576 4233 suissetis
624 4177 847 4233 verbum
906 4177 1370 4244 auribus,Etiam
1425 4181 1562 4236 mihi
1614 4182 1912 4238 crederetis

326 4281 685 4352 conﬁdentes,
705 4283 773 4339 de
801 4298 890 4339 me
923 4283 1071 4340 enim
1102 4282 1332 4341 Divinus
1357 4285 1442 4340 vir
1473 4287 1699 4356 scripsit
1723 4302 1909 4342 verus.

2012 1825 2090 1881 Ού
2125 1824 2258 1879 Θεὸν
2287 1819 2395 1878 Υἷα
2418 1824 2659 1895 δέχεσθε,
2693 1825 2786 1878 καὶ
2822 1824 2884 1877 οὑ
2923 1821 3216 1892 πέμψαντα
3243 1819 3451 1888 Τοκῆα.

2008 1917 2076 1971 '59
2100 1917 2329 1988 Γραπτὰ
2363 1916 2675 1986 θεορρήτων
2700 1912 3003 1986 μαστεύετε
3027 1913 3273 1981 θέσφατα
3310 1911 3543 1980 βίϐλων,

2009 1999 2176 2078 τῌσιν
2223 2007 2367 2080 ἔχειν
2394 2006 2644 2072 ἐλπεσθε,
2679 2005 2874 2077 χρόνου
2914 2003 3234 2069 παλιναυξέῖ
3262 2003 3471 2072 κύκλῳ,

2009 2099 2163 2170 Ζωὴν
2191 2101 2253 2153 οὑ
2285 2099 2646 2169 μινύθουσανο
2680 2101 2761 2152 ἐνὶ
2784 2098 3109 2169 Γραφίδεσσι
3133 2097 3191 2149 δὲ
3218 2099 3394 2150 κεῖναι

2008 2190 2333 2261 Μαρτυρίην
2355 2190 2578 2260 βοόωσιν
2607 2190 2748 2260 ἐμὴν
2772 2190 3076 2260 ὑποφήτορι
3115 2187 3272 2258 μύθῳ

2022 2279 2298 2348 Ἀθανάτῳ
2329 2281 2618 2348 σάλπιγγιο
2651 2280 2724 2334 40
2777 2279 2870 2332 καὶ
2899 2279 2962 2331 οὐ
2990 2278 3294 2349 σπέρχεσθε
3329 2275 3600 2348 μαθόντες

2009 2373 2320 2444 Γράμματα
2353 2372 2658 2442 φωνήεντα,
2687 2370 2979 2442 θελήμονες
3011 2373 3087 2433 εἰς
3121 2371 3220 2439 ἐμὲ
3261 2370 3487 2440 βαίνειν.

2008 2461 2072 2515 41
2118 2460 2296 2531 Τιμὴν
2333 2463 2398 2514 ἐκ
2434 2461 2688 2532 μερόπων
2739 2460 2798 2513 ού
2845 2460 3126 2532 δέχνυμαι.
3172 2459 3244 2514 42
3291 2459 3457 2512 Ἀλλά
3491 2475 3602 2510 που

3314 2551 3333 2622 [
3350 2549 3530 2619 ἔγνων

2023 2643 2228 2715 ’Υμέας
2262 2642 2607 2714 άστόργοισιν
2639 2643 2696 2695 ἐν
2729 2641 2936 2712 ἤθεσιν,
2969 2641 3090 2694 ούδέ
3118 2640 3328 2710 Τοκῆος

2008 2737 2234 2808 Φίλτρον
2266 2735 2608 2806 ἐπουρανίοιο
2641 2733 2948 2802 φυλάσσετε
2977 2731 3374 2802 παμϐασιλῆος.

2011 2831 2081 2884 45
2114 2824 2319 2882 τΗλθον
2348 2826 2458 2897 ἐγὼ
2490 2825 2658 2896 βοόων
2687 2823 2963 2896 πατρώϊον
2993 2823 3201 2894 οὔνομα
3225 2823 3438 2893 κόσμῳ,

2010 2920 2119 2973 Καὶ
2148 2919 2282 2974 Θεὸν
2308 2916 2368 2972 οὑ
2410 2935 2478 2989 με
2503 2914 2747 2986 δέχεσθε,
2783 2915 2877 2968 καὶ
2901 2914 2963 2968 ού
2993 2914 3245 2967 πείθεσθε
3269 2915 3441 2984 Τοκῆῖ
3463 2931 3477 2944 ’

2011 3011 2075 3064 Εἰ
2097 3010 2155 3063 δέ
2175 3028 2258 3074 τις
2283 3009 2442 3073 ἀλλος
2491 3009 2662 3061 ἵκοιτο
2691 3006 2844 3069 νόθος
2868 3004 3221 3075 ψευδώνυμος
3247 3004 3405 3076 ἀνὴρ,

1935 3093 1981 3154 C
2023 3099 2291 3163 Ἀντίθεος
2316 3140 2332 3166 ,
2356 3100 2477 3152 τότε
2511 3100 2686 3150 κεῖνον
2716 3096 2976 3167 ἀνάρσιον
3001 3096 3292 3167 ἡπεροπῆα

2016 3192 2227 3246 Αὐτίκα
2259 3189 2602 3262 μειλίσσεσθε
2629 3186 2930 3260 τεθηπότες
2948 3205 2963 3219 ο
2988 3187 3132 3258 ὄφρα
3161 3204 3245 3250 τις
3271 3186 3399 3257 εἴπῃ
3433 3202 3449 3216 ·

2017 3283 2245 3354 Γνήσιον
2274 3283 2582 3352 ἠρνήσαντο
2609 3322 2624 3347 ,
2651 3280 2804 3334 νόθον
2829 3279 2872 3332 δ’
2910 3279 3157 3349 ἐδέχοντο
3195 3279 3451 3346 φανέντα.

2013 3373 2084 3427 44
2112 3353 2237 3436 Πῶς
2267 3353 2323 3425 δέ
2368 3388 2435 3442 με
2456 3411 2471 3437 ,
2513 3372 2630 3435 πῶς
2668 3371 2725 3424 δὲ
2752 3369 2981 3423 δύνασθε
3010 3367 3146 3421 Θεοῦ
3173 3368 3347 3436 Λόγον
3371 3363 3475 3420 Υἷα
3503 3385 3598 3432 γε·

3242 3459 3486 3531 [ραίρειν
3505 3498 3520 3522 ,

2011 3555 2190 3620 Κῦδος
2208 3555 2303 3609 ἀπ’
2327 3555 2572 3620 ἀλλήλων
2600 3554 3013 3625 ποτιδέγμενον
3037 3552 3161 3606 οὐδέ
3192 3552 3385 3622 δαῆναι

2011 3645 2226 3701 Μούνου
2263 3645 2604 3714 παγγενέταο
2637 3645 2772 3698 Θεοῦ
2813 3643 3111 3715 μαστεύετε
3138 3645 3306 3714 τιμήν
3335 3659 3348 3706 ;

2012 3735 2121 3808 59
2149 3739 2218 3792 45
2242 3733 2319 3790 ’Ἦ
2345 3740 2414 3808 ρα
2448 3737 2623 3807 μάτην
2648 3735 2896 3800 ἐλπεσθε,
2925 3735 3205 3806 κατήγορα
3230 3733 3411 3803 χείλεα
3425 3729 3593 3793 λύσας

2023 3829 2261 3899 Ὑμείων
2291 3828 2371 3882 ὃτι
2400 3827 2603 3881 λύσσαν
2633 3827 2754 3898 ἐμῷ
2779 3828 3037 3898 Γενετῆρι
3073 3826 3274 3897 βοήσω.

2026 3922 2231 3993 ’Υμέας
2257 3923 2315 3974 ἐν
2341 3920 2670 3993 Γραφίδεσσι
2695 3920 3000 3990 κατήγορος
3025 3918 3185 3981 ἄλλος
3207 3917 3440 3987 ἐλέγχει,

2015 4014 2222 4083 Μωσῆς
2255 4012 2610 4083 θεσμοθέτης,
2641 4011 3005 4082 πρωτόθροος,
3026 4003 3072 4078 ᾧ
3094 4008 3186 4062 ἐπὶ
3217 4008 3400 4078 μούνῳ

2031 4103 2275 4166 Ἐλπίδες
2297 4101 2500 4173 ὑμείων
2524 4099 2849 4163 θεοπειθέες.
2869 4099 2938 4153 46
2968 4101 3030 4152 El
3059 4100 3169 4171 γὰρ
3197 4098 3410 4152 ἐκείνου

2020 4195 2294 4266 Ἔμπεδον
2322 4195 2688 4249 ἀπλανέεσσιν
2716 4193 2952 4265 ἐθήκατε
2988 4193 3157 4265 μῦθον
3187 4196 3431 4261 ἀκουαῖς,

2017 4286 2124 4342 Καί
2149 4304 2245 4341 κεν
2277 4288 2392 4356 ἐμοὶ
2426 4286 2682 4341 πείθεσθε
2709 4285 3061 4356 πεποιθότεςῤ
3091 4286 3227 4357 ἀμφ’
3258 4288 3455 4358 ἐμέθεν
3485 4289 3594 4360 γάρ

1533 4435 1816 4493 TEXTUS
1853 4435 2384 4493 EVANGELISTAE.

395 4580 467 4656 ‘56
502 4580 645 4650 Ἐγὼ
679 4579 736 4633 δέ
763 4578 870 4651 ἔχω
902 4579 1002 4650 τὴν
1040 4579 1344 4652 μαρτυρίαν
1389 4582 1560 4652 μείζω
1593 4584 1687 4635 τοῦ
1735 4584 1916 4638 Ὶωάν-
1949 4590 1991 4644 D
2089 4587 2148 4640 4i
2200 4584 2367 4650 Δόξαν
2399 4584 2549 4655 παρά
2573 4583 2875 4656 ἀνθρώπων
2903 4585 2964 4638 οὑ
2993 4584 3288 4656 λαμϐάνω·

324 4685 342 4719 ‘.
356 4683 416 4719 ου
437 4652 545 4717 σ’τά
571 4663 680 4733 γὰρ
707 4661 845 4733 ἔργα
873 4661 910 4717 ἃ
934 4663 1100 4717 ἔδωκέ
1139 4681 1228 4734 μοι
1259 4667 1288 4718 6
1314 4665 1504 4736 Πατὴρ
1532 4665 1617 4719 ἵνα
1639 4665 1910 4719 τελειώσω

322 4749 486 4812 αὐτὰ,
508 4749 650 4802 αύτά
671 4745 744 4800 τά
777 4747 913 4818 ἔργα
936 4747 972 4802 ἆ
999 4748 1111 4818 ἐγὼ
1141 4748 1297 4815 ποιῶ,
1330 4752 1602 4821 μαρτυρεῖ
1624 4749 1750 4820 περὶ
1773 4750 1907 4821 ἐμοῦ

325 4833 407 4886 ὅτι
434 4833 463 4885 6
495 4831 689 4902 Πατήρ
719 4849 787 4903 με
814 4831 1141 4886 ἀπέσταλκε.

288 4958 293 4977 ,
396 4915 468 4970 57
506 4913 618 4968 Καὶ
647 4916 677 4968 6
711 4914 936 4986 πέμψας
972 4933 1039 4986 με
1073 4913 1285 4986 Πατὴρ,
1317 4915 1482 4979 αὐτὸς
1522 4917 1915 4989 μεμαρτύρηκε

335 4998 458 5066 περὶ
475 4997 632 5068 ἐμοῦ.
653 4996 792 5051 Οὑτε
819 4998 1002 5069 φωνὴν
1028 4997 1193 5051 αὑτοῦ
1224 4998 1500 5071 ἀκηκόατε
1527 4999 1767 5066 πώποτε,
1792 4999 1915 5053 οὔτε

329 5075 468 5145 εἶδος
500 5080 671 5135 αὐτοῦ
704 5083 1008 5152 ἑωράκατε.

397 5163 468 5220 58
505 5164 618 5219 Kal.
663 5165 756 5219 τὸν
811 5164 970 5232 λόγον
1018 5165 1185 5219 αὑτοῦ
1232 5167 1331 5220 οὐκ
1382 5166 1534 5237 ἔχετε
1585 5167 1816 5238 μένοντα
1858 5167 1916 5220 ἐν

331 5249 458 5320 ὑμῖν
477 5266 492 5280 θ
523 5249 606 5304 ὅτι
635 5248 696 5304 ὃν
725 5247 1047 5303 ἀπέστειλεν
1075 5250 1300 5314 ἐκεῖνος,
1327 5250 1501 5321 τούτῳ
1535 5251 1694 5320 ὑμεῖς
1726 5251 1788 5303 οὐ
1828 5267 1915 5303 πι-

330 5332 572 5388 στεύετε.

393 5417 466 5474 59
509 5418 802 5491 Ἐρευνᾶτε
834 5414 934 5481 τὰς
980 5417 1238 5488 Γραφάς,
1284 5419 1366 5470 ὅτι
1400 5419 1556 5488 ὑμεῖς
1601 5419 1805 5472 δοκεῖτε
1850 5419 1909 5469 ἐν

327 5501 521 5567 αὑταῖς
546 5503 691 5575 ζωὴν
715 5502 935 5557 αἰώνιον
962 5502 1106 5574 ἔχειν
1123 5519 1135 5533 ’
1165 5501 1260 5556 καὶ
1286 5501 1489 5556 ἐκεῖναί
1520 5503 1657 5556 εἰσιν
1684 5503 1739 5556 αἱ
1772 5518 1912 5572 μαρ-

331 5581 592 5650 τυροῦσαι
618 5588 747 5658 περὶ
783 5587 941 5658 ἐμοῦ.

408 5664 480 5726 40
517 5667 628 5724 Kal.
654 5671 715 5724 οὑ
737 5671 920 5727 θέλετε
953 5672 1126 5728 ἐλθεῖν
1163 5672 1295 5738 πρός
1331 5690 1421 5738 με,
1448 5670 1531 5725 ἵνα
1557 5669 1700 5735 ζωὴν
1733 5667 1911 5738 ἔχητε.

2086 4669 2156 4723 42
2199 4669 2342 4722 Ἀλλ’
2391 4667 2608 4736 ἔγνωκα
2642 4669 2787 4735 ὑμᾶς
2819 4670 2902 4723 ὅτι
2935 4667 3034 4740 τὴν
3075 4669 3298 4740 ἀγάπην
3333 4667 3428 4723 τοῦ
3455 4669 3596 4724 Θεοῦ

2014 4753 2114 4807 οὑκ
2146 4753 2299 4824 ἔχετε
2324 4754 2382 4805 ἐν
2408 4753 2640 4815 ἑαυτοῖς.

2084 4837 2153 4890 45
2195 4835 2336 4904 Ἐγὼ
2374 4834 2610 4906 ἐλήλυθα
2635 4836 2693 4887 ἐν
2721 4833 2798 4905 τῷ
2826 4835 3050 4904 ὀνόματι
3088 4835 3182 4887 τοῦ
3216 4836 3430 4906 Πατρός
3465 4854 3590 4906 μου,

2013 4919 2108 4972 καὶ
2135 4919 2194 4970 οὑ
2221 4916 2532 4988 λαμϐάνετέ
2564 4935 2631 4988 με
2650 4935 2664 4950 ·
2697 4918 2792 4972 ἐὰν
2822 4917 2982 4982 ἄλλος
3015 4917 3144 4990 ἔλθῃ
3177 4921 3236 4971 ὲν
3263 4918 3342 4988 τῷ
3371 4918 3594 4990 ὀνόματι

2011 5001 2088 5072 τῷ
2117 5001 2259 5071 ἰδίῳ,
2284 5002 2492 5053 ἐκεῖνον
2525 4999 2783 5070 λήψεσθε.

2080 5084 2151 5137 44
2191 5083 2316 5145 Πῶς
2346 5082 2577 5136 δύνασθε
2600 5084 2758 5154 ὑμεῖς
2783 5085 3093 5149 πιστεῦσαι,
3129 5083 3288 5148 δόξαν
3319 5085 3473 5154 παρά
3500 5083 3594 5136 ἀλ-

2011 5166 2190 5235 λήλων
2224 5165 2618 5235 λαμϐάνοντες,
2671 5169 2766 5220 καὶ
2807 5168 2908 5238 τὴν
2949 5165 3107 5230 δόξαν
3157 5167 3257 5238 τὴν
3306 5167 3455 5238 παρὰ
3499 5165 3593 5220 τοῦ

2017 5251 2177 5320 μόνου
2203 5248 2340 5302 Θεοῦ
2366 5249 2426 5302 ού
2455 5249 2666 5322 ζητεῖτε
2688 5266 2702 5314 ;
3115 5275 3118 5278 η

2078 5333 2148 5387 45
2187 5332 2278 5403 Μὴ
2301 5333 2506 5386 δοκεῖτε
2533 5334 2612 5385 ὅτι
2639 5331 2749 5400 ἐγὼ
2775 5335 3139 5404 κατηγορήσω
3164 5332 3315 5401 ὑμῶν
3342 5330 3478 5402 πρὸς
3502 5329 3593 5383 τὸν

2010 5416 2258 5487 Πατέρα·
2296 5415 2442 5469 ἐστιν
2479 5417 2508 5469 ὁ
2555 5416 2881 5486 κατηγορῶν
2921 5416 3097 5486 ὑμῶν,
3139 5417 3371 5486 Μωσῆς,
3415 5415 3495 5479 εἰς
3532 5412 3593 5465 ὃν

2012 5503 2169 5571 ὑμεῖς
2191 5499 2456 5569 ἠλπίκατε
2475 5515 2487 5529 ο

2081 5585 2150 5637 46
2190 5585 2251 5636 EE
2280 5583 2386 5655 γὰρ
2423 5581 2733 5634 ἐπιστεύετε
2767 5584 2962 5652 Μωσῇ,
2997 5581 3312 5636 ἐπιστεύετε
3344 5579 3412 5635 ἂν
3439 5570 3580 5644 ἐμοί’

2018 5668 2142 5738 περὶ
2168 5667 2274 5737 γὰρ
2303 5665 2436 5739 ἐμοῦ
2469 5665 2672 5729 ἐκεῖνος
2700 5665 2953 5738 ἔγραψεν.
