3938 6214
240 326 348 383 793
1197 346 1688 414 PARAPIIRASIS
1729 358 1795 415 IN
1834 363 2176 426 JOANNEM.
2218 404 2285 413 —
2322 375 2474 433 CAP.
2512 377 2601 435 Vl.

225 444 389 543 itero;
412 443 553 517 ἀνὴρ
575 444 815 543 ἔγραψεν
846 451 1134 525 ἐτήτυμος.
1172 459 1240 512 47
1268 462 1328 515 Et
1360 464 1404 515 δ’
1437 466 1546 534 ἀρα
1571 469 1749 525 κείνου

1925 478 1992 531 47
2022 479 2080 533 Si
2126 497 2259 537 vero
2294 485 2439 542 illius

228 534 564 633 Γράμμασιν
597 541 660 633 ού
686 542 961 609 πείθεσθε,
992 549 1170 619 τάπερ
1199 553 1331 617 Θεὸς
1356 555 1544 610 ὤπασε
1574 560 1784 633 κόσμῳ,

225 627 450 680 Μᾶλλον
475 629 800 701 ἀκηλήτοισι
833 636 999 691 πόθεν
1029 639 1268 706 δέξοισθε
1302 653 1579 716 μενοιναῖς

3417 395 3517 449 794

2489 488 2720 560 Scriptis
2765 506 2873 546 non
2922 494 3168 565 creditis,
3210 515 3328 570 quae
3359 503 3499 559 Deus

1929 571 2162 637 praebuit
2202 578 2426 641 mundo,
2457 579 2627 652 Magis
2663 584 3102 644 intractabilibus
3129 596 3399 653 quomodo
3432 613 3516 649 re-

1925 657 2143 721 cipietis
2186 665 2461 720 mentibus
2488 666 2605 722 Non
2636 673 2893 743 scriptam
2926 677 3099 733 nostri
3133 672 3248 731 oris
3286 680 3513 737 audien-

226 716 518 859 ῑέγραφον
540 721 832 793 ἡμετέρων
865 729 1152 798 στομάτων
1178 735 1389 802 ἀΐοντες
1423 742 1585 812 ίωήν;

300 824 484 859 ννεπε.

300 824 390 860 ννε
394 825 462 862 πε
469 849 484 865 ο

866 930 1027 986 ΚΕΦ.
1086 937 1178 1002 ς’.

398 1036 603 1133 [καί
615 1040 912 1133 μετέπειτα
947 1047 1123 1118 πέρην
1152 1050 1471 1124 Τιϐεριάδος
1497 1060 1677 1133 ἅλμης

215 1123 336 1216 ῌητ
369 1126 692 1201 πολυκλήϊδι
730 1132 919 1203 ταμὼν
946 1136 1220 1199 ἀντώπιον
1245 1142 1411 1216 ὕδωρ,

215 1215 446 1273 Γείτονα
471 1223 634 1289 γαῖαν
669 1222 840 1278 ἔδυνε.
869 1225 904 1279 2
933 1229 1326 1289 Συνεσσεύοντο
1356 1215 1415 1290 δὲ
1448 1239 1568 1294 λαοὶ

214 1307 488 1381 Θαύματα
518 1316 941 1386 παπταίνοντες,
974 1321 1118 1391 ἆπερ
1146 1327 1323 1396 κάμεν
1354 1330 1511 1399 ἡθάδι
1534 1334 1709 1407 μύθῳ,

228 1404 522 1500 Ξιῖυόμενος
552 1408 887 1481 βαρύνουσαν
928 1414 1313 1486 ίμασσομένων
1347 1424 1515 1495 δέμας
1543 1404 1772 1500 ἀνδρῶν.

216 1495 395 1588 ἕκαὶ
415 1497 645 1553 δαπέδου
679 1501 964 1571 λοφόεντος
987 1510 1239 1581 ἐρημάδα
1266 1513 1436 1577 πέζαν
1474 1495 1698 1588 ὁδεύων,

219 1585 318 1649 Εἰς
349 1587 473 1656 ὅρος
506 1589 840 1663 ὑψικάρηνον
882 1597 1037 1669 ἀνήῖε
1057 1616 1071 1629 ·
1103 1606 1417 1675 μεσσοφανῆ
1446 1607 1502 1660 δὲ

231 1678 523 1750 Ἐζόμενον
559 1687 893 1756 στεφανηδὸν
925 1691 1303 1748 ἐκυκλώσαντο
1334 1698 1595 1769 μαθηταί.

214 1770 251 1823 4
276 1773 387 1824 Καὶ
422 1773 607 1842 σχεδὸν
643 1774 943 1846 Ἐϐραίοισι
969 1780 1248 1853 φιλόργιος
1278 1781 1374 1856 ἦεν
1411 1789 1596 1859 ἑορτὴ,

1927 756 2010 804 tes
2031 753 2260 806 vocem?
2291 752 2453 811 Dixit.

2566 960 2717 1017 CAP.
2762 963 2848 1020 Vl.

1992 1065 2016 1118 1
2064 1065 2128 1118 Et
2159 1067 2415 1139 deinceps
2446 1078 2599 1127 trans
2628 1072 2934 1131 Tiberiadis
2964 1094 3113 1136 mare
3142 1082 3271 1138 Navi
3302 1087 3502 1145 multos

1918 1158 2103 1214 clavos
2145 1160 2376 1216 habente
2424 1179 2620 1218 secans
2649 1168 2954 1235 appositam
2990 1185 3216 1239 aquam,
3256 1175 3501 1234 Vicinam

1918 1256 2117 1303 terram
2160 1251 2352 1309 subiit.
2392 1253 2426 1305 ‘2
2467 1254 2643 1309 Simul
2682 1257 3062 1313 concitabatur
3102 1271 3281 1318 autem
3327 1282 3503 1337 popu-

1916 1340 2002 1395 lus
2024 1380 2040 1406 ,
2074 1340 2338 1397 Miracula
2381 1345 2574 1401 videns
2604 1362 2725 1417 quae
2761 1348 2889 1403 fecit
2932 1363 3200 1409 consueto
3229 1370 3503 1420 sermone,

1913 1430 2180 1513 Liberalis
2205 1434 2444 1503 graviter
2474 1446 2749 1506 aegrotans
2778 1439 3100 1495 aﬂlictorum
3130 1458 3331 1515 corpus
3361 1448 3501 1503 viro-

1914 1538 2055 1576 rum.
2074 1524 2107 1577 3
2122 1522 2185 1575 Et
2198 1525 2300 1578 soli
2315 1526 2575 1580 tumulosi
2591 1526 2863 1582 desertam
2880 1530 3154 1598 regionem
3173 1534 3497 1601 pervadens,

1912 1611 1969 1665 ln
2012 1620 2254 1667 montem
2303 1615 2621 1684 alticipitem
2663 1618 2947 1684 ascendit;
2987 1622 3040 1673 in
3086 1621 3267 1698 medio
3315 1630 3496 1676 autem

1911 1713 2267 1772 apparentem
2309 1704 2599 1761 Sedentcm
2642 1724 2864 1765 corona:
2903 1711 3078 1765 instar
3117 1714 3495 1769 circumdede-

1916 1803 2041 1845 runt
2069 1792 2350 1863 discipuli.
2382 1796 2415 1847 4
2454 1796 2520 1849 Et
2555 1812 2721 1867 prepe
2760 1798 3003 1855 Hebraeis
3043 1803 3319 1871 orgiorum
3346 1804 3498 1873 cupi-

212 1860 412 1931 Πάσχα
444 1863 616 1935 τόπερ
644 1865 917 1921 καλέουσι.
955 1871 988 1924 5
1018 1873 1097 1924 At’
1122 1875 1422 1947 εὐδένδροιο
1448 1878 1504 1932 δὲ
1528 1881 1735 1952 λόχμης

1915 1882 2041 1936 dum
2075 1894 2194 1937 erat
2232 1885 2452 1948 festum,
2486 1886 2699 1943 Pascha
2728 1892 2873 1959 quod
2921 1860 3138 1945 vocant:
3162 1893 3195 1945 5
3231 1893 3334 1946 Per
3363 1860 3497 1948 de-n-

224 1952 570 2044 ’ριρθαλμοὺς
597 1957 840 2029 ἀνάειρε,
878 1963 974 2015 καὶ
998 1964 1233 2019 ἄσπετον
1255 1969 1413 2023 ἄλλον
1441 1972 1526 2023 ἐπ’
1551 1973 1696 2044 ἄλλῳ

212 2041 482 2111 Ἐδρακεν
509 2044 899 2114 ἀγχικέλευθον
926 2052 1169 2122 ἐπήλυδα
1199 2056 1324 2111 λαὸν
1353 2060 1555 2130 όδίτην.

222 2132 515 2204 Ἐζόμενον
543 2135 600 2189 δὲ
625 2138 889 2194 Φίλιππον
912 2141 985 2212 ἐῷ
1017 2146 1294 2214 μειλίξατο
1325 2152 1480 2222 μύθῳ
1498 2169 1513 2183 °

208 2225 369 2289 Εἰπὲ,
407 2227 572 2283 πόθεν
599 2226 910 2301 πριόμεσθα
939 2237 1333 2310 πολυσπερέων
1364 2243 1520 2313 χύσιν
1549 2245 1728 2315 ἄρτων

219 2318 474 2389 Ἀνδράσι
503 2323 901 2390 τοσσατίοισιν;
930 2326 962 2379 6
1000 2327 1125 2398 Ἑὴν
1152 2331 1195 2382 δ’
1226 2332 1467 2403 ἔκρυπτε
1490 2339 1760 2408 μενοινὴν,

202 2409 319 2462 Καὶ
352 2410 470 2465 νόον
494 2413 869 2481 ἀγνώσσοντος
896 2418 1212 2492 ἐπειρήτιζε
1239 2425 1507 2479 Φιλίππου
1536 2445 1550 2458 ·

200 2501 378 2565 Αὐτὸς
408 2504 517 2575 γὰρ
544 2504 774 2577 δεδάηκε
806 2510 977 2584 τόπερ
1007 2513 1209 2583 ἢμελλε
1238 2516 1511 2574 τελέσσαι,

200 2593 233 2645 7
273 2594 573 2665 ’Δσχολὸων
604 2598 661 2651 δὲ
684 2601 952 2666 Φίλιππος
972 2606 1198 2676 ἐμίγνυε
1223 2608 1462 2680 θαύματι
1488 2613 1672 2683 φωνήν
1688 2628 1703 2644 ο

199 2683 350 2738 Λαὸν
382 2686 498 2741 ῐσον
527 2687 830 2759 ψαμάθοισι
861 2692 1154 2765 διηκοσίων
1175 2698 1285 2751 τινὶ
1314 2700 1501 2771 μέτρῳ

204 2778 398 2849 ’Λρτοι
432 2780 723 2853 δηναρίων,
753 2786 853 2839 οὐκ
891 2788 1073 2858 άρκιοί
1096 2791 1204 2844 εἱσι
1228 2793 1511 2863 κορέσσαι,

204 2868 393 2939 ὐφρα
414 2888 476 2924 κε
502 2872 655 2942 βαιὸν
676 2874 904 2941 ἕκαστος
928 2877 1028 2951 ἔχῃ
1054 2882 1241 2953 μέρος.
1268 2882 1301 2936 8
1317 2877 1414 2945 Εἷς
1436 2884 1493 2937 δέ
1514 2901 1598 2948 τις
1614 2884 1786 2939 αύτῶε,

211 2961 514 3032 Ἀγχιθέων
544 2965 756 3038 ἐτάρων
784 2969 1083 3040 εὐάγγελον
1114 2970 1234 3043 ἴαχε
1268 2975 1474 3046 φωνὴν,

210 3053 515 3125 Ἀνδρείας,
542 3058 772 3138 Βασιλῆῖ
804 3062 944 3132 χέων
974 3064 1323 3134 φερέδειπνον
1358 3067 1512 3137 ζωὴν,

194 3146 312 3215 60
346 3147 685 3221 ’Υγροπόρου
711 3153 955 3225 Σίμωνος
988 3156 1247 3227 ἀδελφεὸς
1276 3158 1593 3233 ἰχθυϐολῆος
1612 3179 1626 3193 ·

195 3237 232 3289 9
265 3238 422 3292 Ἐστι
448 3257 532 3303 τις
557 3241 743 3295 ἐνθάδε
774 3246 970 3317 κοῦρος
1013 3246 1477 3319 ἔχωιῖκριθώδεας
1507 3254 1706 3325 ἄρτους

197 3329 396 3394 Πέντε,
426 3332 520 3385 καὶ
547 3334 846 3405 ἀγχιπόρου
873 3337 1200 3408 διδυμάονας
1234 3341 1424 3411 ἰχθύας
1455 3344 1657 3416 ἅλμης,

212 3419 427 3489 Ἰχθύας
452 3424 748 3489 όπταλέους
772 3427 1120 3497 διδυμάονας·
1145 3430 1284 3484 ἀλλά
1312 3432 1363 3485 τί
1399 3432 1546 3505 ῥέξει

196 3512 393 3567 Ταῦτα
421 3515 793 3590 πολυγλώσσῳ
826 3522 1211 3594 μεμερισμένα
1238 3524 1432 3594 σύζυγι
1461 3527 1574 3599 λαῷ
1599 3545 1613 3593 ;

198 3601 273 3655 10
309 3603 515 3673 Ἰησοῦς
537 3606 581 3659 δ’
612 3608 896 3665 ἐκέλευσεν
926 3614 1353 3684 ἐτοιμοτάτοισιν
1382 3617 1643 3689 ἑταίροις,

197 3693 436 3748 Κλίνατε
468 3696 810 3768 δαιτυμόνων
851 3703 1087 3770 μιγάδας
1111 3705 1302 3775 στίχας
1338 3706 1498 3776 ὑψόθι
1533 3708 1721 3779 γαίης.

196 3780 311 3838 Ἦν
339 3786 396 3838 δέ
425 3805 508 3850 τις
540 3788 730 3843 αὐτόθι
758 3791 951 3862 χόρτος
981 3796 1267 3866 ἀπείριτος
1286 3813 1299 3826 ·
1337 3798 1660 3870 ἀμφιλαφὴς
1689 3799 1747 3851 δὲ

198 3879 527 3948 Σύμπλοκος
560 3882 729 3951 ἐσμὸς
752 3884 847 3955 ἔην
879 3887 1203 3958 όμοδόρπιος
1228 3890 1387 3958 ὑψόθι
1415 3891 1602 3960 γαίης.

200 3968 371 4021 Πέντε
403 3970 461 4022 δέ
487 3970 725 4038 χιλιάδες
759 3975 1065 4038 πολυειδέες
1089 3973 1231 4047 ἦσαν
1259 3979 1483 4051 ἀριθμῷ

199 4059 557 4131 Δαιτυμόνων
576 4103 590 4129 ,
619 4065 714 4116 καὶ
743 4065 974 4129 ἕκαστος
1001 4068 1241 4139 ἐρείδετο
1268 4071 1473 4137 γείτονι
1506 4072 1691 4143 τοίχῳ,

200 4151 530 4223 Κεκλιμένοι
558 4156 840 4226 στοιχηδὸν
873 4158 963 4210 ἐπ’
985 4159 1308 4214 εὐπετάλοιο
1342 4163 1623 4234 τραπέζης

197 4246 548 4318 Μηκεδανῆς.
577 4247 637 4304 11
664 4249 773 4302 Καὶ
799 4249 962 4305 πέντε
989 4251 1172 4309 λαϐὼν
1200 4254 1503 4326 κριθώδεας
1530 4256 1729 4328 ἄρτους

1910 1989 2024 2029 sam
2044 1984 2225 2029 autem
2247 1977 2441 2031 silvam
2459 1977 2661 2035 Oculos
2682 1983 2927 2046 sustulit,
2949 1991 3003 2036 et
3029 1982 3301 2036 inﬁnitum
3326 1983 3494 2036 alium

1910 2074 2033 2134 post
2060 2066 2228 2119 alium
2264 2066 2414 2121 Vidit
2440 2069 2680 2123 vicinum
2712 2072 2976 2126 advenam
3024 2072 3283 2141 populum
3315 2072 3495 2125 viato-

1910 2172 2045 2212 rem.
2088 2158 2380 2213 Sedentem
2413 2168 2593 2215 autem
2619 2160 2932 2231 Philippum
2964 2178 3065 2217 suo
3093 2162 3350 2216 demulsit
3381 2178 3497 2217 ser-

1909 2263 2097 2302 mone:
2135 2248 2253 2314 Dic,
2287 2250 2431 2303 unde
2456 2266 2702 2305 ememus
2734 2253 3029 2306 multorum
3067 2252 3336 2307 seminum
3362 2252 3496 2306 [luo-

1906 2354 2022 2393 rem
2075 2355 2275 2407 panum
2331 2339 2477 2394 Viris
2522 2341 2634 2393 tot?
2680 2341 2713 2394 6
2750 2342 2917 2395 Suam
2962 2348 3145 2397 autem
3199 2342 3495 2395 occultavit

1907 2431 2255 2495 sententiam,
2285 2430 2350 2483 Et
2374 2438 2609 2486 mentem
2641 2432 2944 2500 ignorantis
2974 2434 3203 2487 tentavit
3232 2433 3493 2503 Philippi;

1906 2518 2027 2587 Ipse
2071 2520 2217 2573 enim
2267 2521 2472 2575 sciebat
2521 2519 2654 2590 quid
2693 2528 2839 2575 esset
2886 2521 3157 2574 facturus.
3206 2521 3235 2573 7
3282 2522 3494 2575 Anxius

1906 2627 2035 2666 vero
2060 2609 2348 2681 Philippus
2374 2613 2639 2668 miscebat
2672 2612 3025 2666 admirationi
3055 2626 3280 2666 vocem:
3313 2614 3495 2683 Popu-

1905 2705 2018 2758 lum
2045 2706 2309 2774 zequalem
2344 2705 2528 2760 arenis
2560 2705 2923 2761 ducentorum
2954 2704 3192 2774 quadam
3233 2718 3494 2760 mensura

1903 2794 2081 2850 Panes
2109 2796 2462 2851 denariorum
2509 2812 2617 2851 non
2658 2796 2989 2852 subicientes
3032 2807 3163 2851 sunt
3210 2807 3491 2861 saturare,

1904 2885 1977 2941 Ut
2004 2889 2260 2958 exiguam
2292 2887 2520 2955 quilibet
2551 2888 2749 2941 habeat
2779 2896 3010 2958 partem.
3048 2888 3082 2942 8
3123 2886 3276 2941 Unus
3309 2894 3490 2941 autem

1904 2979 2149 3047 ipsorum
2179 2978 2499 3033 Divinoruin
2530 2979 2809 3033 sociorum
2847 2980 2955 3033 laeti
2978 2978 3154 3033 nuntii
3181 2977 3367 3032 sonuit
3393 2991 3493 3030 vo-

1902 3085 2043 3135 cem,
2077 3069 2346 3132 Andreas,
2382 3068 2515 3138 Regi
2572 3069 2809 3125 fundens
2867 3070 3082 3140 prandii
3115 3068 3358 3123 altricem
3390 3083 3493 3121 νον

1902 3176 2041 3226 cem,
2069 3162 2174 3232 61
2212 3162 2273 3215 In
2299 3161 2457 3231 aquis
2490 3162 2763 3215 versantis
2787 3158 3029 3215 Simonis
3053 3160 3220 3214 l‘rater
3253 3159 3494 3228 piscato-

1900 3253 1978 3307 ris
2001 3271 2014 3307 :
2039 3254 2071 3306 9
2104 3252 2202 3308 Est
2222 3252 2441 3323 quidam
2467 3252 2555 3306 hic
2576 3267 2710 3322 puer
2733 3252 2939 3306 habens
2964 3251 3301 3306 hordeaceos
3323 3265 3494 3319 panes

1902 3345 2179 3413 Quinque,
2210 3355 2262 3399 et
2293 3344 2461 3398 vicini
2488 3342 2629 3399 duos
2660 3342 2840 3412 pisces
2880 3343 3069 3407 maris,
3106 3341 3294 3397 Pisces
3332 3355 3493 3396 assos

1902 3437 2184 3506 duplices;
2226 3436 2322 3492 sed
2363 3437 2495 3507 quid
2547 3434 2751 3490 facient
2795 3434 2921 3489 Ilaec
2963 3434 3287 3501 multiloquo
3316 3432 3494 3487 divisa

1903 3530 2200 3599 conjuncto
2226 3528 2467 3598 populo?
2499 3528 2567 3581 10
2592 3527 2756 3582 Jesus
2785 3535 2966 3580 autem
2990 3524 3165 3605 jussit
3192 3524 3494 3593 promptis-

1907 3635 2065 3691 simis
2095 3632 2558 3695 sociis,lnelinate
2600 3631 3014 3688 convivantium
3050 3629 3246 3684 mistos
3272 3629 3496 3685 ordines
3516 3627 3528 3634 ’

1904 3754 2071 3810 super
2112 3746 2339 3792 terram.
2396 3735 2526 3790 Erat
2573 3742 2755 3789 autem
2798 3734 2872 3789 ibi
2918 3748 3141 3804 gramen
3186 3732 3492 3797 inﬁnitum;

1899 3845 2159 3912 copiosus
2207 3857 2337 3897 vero
2384 3839 2759 3909 Complicatus
2805 3845 2986 3892 coetus
3040 3843 3161 3891 erat
3212 3838 3496 3891 convictor

1898 3958 2066 4013 super
2099 3950 2329 3998 terram.
2376 3940 2631 4010 Quinque
2670 3947 2852 3994 autem
2883 3939 3054 3992 millia
3086 3938 3250 3991 variae
3288 3938 3494 4006 speciei

1897 4056 2056 4099 erant
2082 4059 2312 4099 numero
2333 4044 2639 4099 Convivant
2664 4059 2776 4109 uni,
2811 4050 2865 4097 et
2893 4041 3125 4111 quilibet
3152 4040 3493 4094 innitebatur

1898 4152 2150 4222 proximo
2185 4148 2406 4221 parieti,
2458 4147 2867 4204 Rccumbentes
2907 4145 3103 4200 ordine
3144 4157 3311 4213 super
3346 4142 3493 4197 vire-

1900 4262 2145 4310 sccntem
2181 4268 2433 4309 mensam
2482 4251 2749 4323 Longam.
2802 4251 2862 4305 11
2906 4248 2970 4303 Et
2999 4247 3243 4318 quinque
3270 4260 3494 4302 sumens
3562 4234 3565 4235 ⁷

1413 4408 1700 4466 TEXTUS
1738 4408 2275 4467 EVANGELISTAE.

274 4520 347 4575 47
384 4521 447 4574 El
492 4521 549 4575 δὲ
596 4538 711 4588 τοις
760 4523 972 4577 ἐκείνου
1003 4524 1328 4596 γράμμασιν
1375 4526 1435 4579 οὐ
1472 4527 1795 4594 πιστεύετε,
1834 4531 1875 4584 D
1976 4526 2008 4579 7
2068 4526 2369 4597 Ἀπεκρίθη
2420 4528 2568 4599 αύτῷ
2617 4526 2913 4587 Φίλιππος’
2979 4521 3279 4575 Διακοσίων
3329 4521 3496 4591 δηνα-

202 4603 329 4669 πῶς
358 4608 470 4669 τοῖς
504 4606 659 4677 ἐμοῖς
695 4608 906 4679 ῥήμασι
938 4609 1262 4663 πιστεύσετε
1289 4628 1302 4676 ;

856 4692 1014 4747 ΚΕΦ.
1059 4694 1147 4758 ς’.

278 4771 306 4825 1
349 4771 506 4826 Μετά
530 4772 706 4826 ταῦτα
740 4773 987 4844 ἀπῆλθεν
1011 4778 1039 4828 ὁ
1077 4773 1288 4845 Ἰησοῦς
1336 4775 1513 4848 πέραν
1559 4778 1659 4849 τῆς
1700 4776 1801 4832 θα-

200 4855 411 4925 λάσσης
442 4857 541 4926 τῆς
571 4857 864 4922 Γαλιλαίας
896 4859 994 4929 τῆς
1020 4858 1361 4930 Τιϐεριάδος.

276 4940 313 4992 2
354 4940 467 4992 Καὶ
511 4940 796 5010 ἠκολούθει
841 4941 990 5013 αὐτῷ
1043 4941 1198 5012 ὄχλος
1242 4942 1442 5007 πολὺς,
1479 4943 1561 4997 ὅτι
1613 4943 1801 5016 ἐώρων

202 5023 375 5079 αὑτοῦ
410 5023 478 5078 τὰ
521 5028 725 5095 σημεῖα
751 5025 786 5079 ἃ
806 5025 980 5081 ἐποίει
1003 5027 1095 5079 ἐπὶ
1126 5027 1235 5081 τῶν
1273 5027 1666 5083 ἀσθενούντων.

283 5108 317 5162 3
362 5107 589 5179 Ἀνῆλθε
626 5109 722 5162 καὶ
772 5112 852 5173 εἰς
900 5111 961 5162 τὸ
1007 5111 1133 5181 ὅρος
1187 5114 1215 5163 ὁ
1244 5111 1492 5182 Ἰησοῦς,
1534 5113 1631 5167 καὶ
1688 5114 1808 5168 ἐκεῖ

201 5190 445 5260 ἐκάθητο
477 5191 617 5262 μετά
651 5193 758 5246 τῶν
793 5193 1054 5264 μαθητῶν
1084 5193 1274 5251 αὐτοῦ.

274 5274 309 5328 4
341 5270 451 5327 Ἦν
475 5274 531 5328 δέ
558 5277 725 5345 ἐγγὺς
762 5276 822 5330 τὸ
846 5277 1054 5347 πάσχα,
1084 5279 1117 5349 ή
1140 5278 1302 5348 ἐορτὴ
1327 5278 1436 5332 τῶν
1473 5280 1760 5335 Ἰουδαίων.

279 5358 313 5412 5
359 5358 605 5432 Ἐπὰρας
655 5356 748 5413 οὖν
800 5362 829 5413 ὁ
880 5361 1086 5431 Ἰησοῦς
1137 5365 1264 5425 τοὺς
1307 5361 1662 5432 ὀφθαλμοὺς.
1708 5365 1804 5417 καὶ

203 5441 548 5513 θεασάμενος
588 5444 671 5497 ὅτι
734 5442 903 5507 πολὺς
950 5444 1108 5514 ὄχλος
1155 5444 1376 5515 ἔρχεται
1422 5446 1561 5516 πρὸς
1602 5447 1794 5512 αὐτὸν,

204 5522 361 5594 λέγει
393 5525 533 5596 πρὸς
556 5520 647 5579 τὸν
675 5526 946 5582 Φίλιππον
965 5544 978 5559 ο
1012 5527 1185 5581 Πόθεν
1214 5528 1559 5601 ἁγοράσομεν
1580 5529 1799 5601 ἄρτους,

207 5606 298 5661 ἵνα
328 5608 580 5679 φάγωσιν
612 5604 757 5664 οὗτοι
778 5628 793 5676 ;

282 5697 315 5749 6
351 5692 567 5763 (Τοῦτο
610 5693 668 5747 δὲ
720 5693 873 5762 ἐλεγε
926 5695 1202 5768 πειράζων
1249 5695 1444 5751 αὐτόν·
1487 5697 1647 5762 αὐτὸς
1693 5698 1799 5769 γὰρ

220 5770 339 5843 ᾔδει
364 5776 418 5830 τί
451 5777 643 5850 ἔμελλε
671 5781 868 5834 ποιεῖν.
887 5780 905 5849 )

1910 4610 2042 4680 ρίων
2076 4610 2232 4680 ἄρτοι
2265 4611 2366 4663 οὐκ
2408 4610 2669 4682 ἀρκοῦσιν
2708 4609 2911 4674 αὐτοῖς,
2941 4605 3028 4660 ἵνα
3058 4605 3287 4670 ἕκαστος
3316 4603 3492 4660 αὐτῶν

1908 4691 2084 4762 βραχύ
2122 4710 2172 4746 τι
2203 4692 2365 4765 λάϐῃ.

1978 4777 2011 4831 8
2050 4776 2214 4845 Λέγει
2236 4776 2385 4847 αὐτῷ
2413 4774 2493 4841 εἷς
2526 4777 2589 4829 ἐκ
2612 4775 2721 4830 τῶν
2747 4772 3003 4846 μαθητῶν
3027 4771 3214 4837 αὐτοῦ,
3243 4771 3496 4842 Ἀνδρέας

1903 4850 1932 4914 ό
1965 4859 2195 4928 ἀδελφὸς
2225 4859 2471 4929 Σίμωνος
2506 4858 2748 4929 Πέτρουο
3020 4858 3021 4861 “

1976 4945 2009 4999 9
2046 4944 2202 4996 Ἔστι
2235 4943 2522 5013 παιδάριον
2552 4942 2610 4995 ἓν
2635 4933 2739 4994 ὧδε
2766 4938 2793 4991 ὃ
2816 4937 2928 5008 ἔχει
2953 4938 3117 4990 πέντε
3148 4936 3349 5006 ἄρτους
3378 4953 3498 5006 κρι-

1907 5025 2087 5090 θίνους
2114 5027 2209 5079 καὶ
2248 5025 2342 5080 δύο
2372 5025 2575 5096 ὀψάρια
2594 5041 2607 5055 ⁸
2644 5022 2781 5077 ἀλλά
2811 5020 2988 5075 ταῦτα
3016 5022 3068 5074 τί
3112 5022 3262 5073 ἐστιν
3297 5022 3377 5084 εἰς
3404 5037 3497 5074 το·

1908 5125 2132 5172 σουτους
2152 5125 2167 5173 ;

1978 5194 2045 5247 10
2085 5189 2221 5245 Εἷπε
2248 5192 2304 5245 δέ
2338 5193 2365 5245 ὁ
2417 5189 2624 5263 Ἰησοῦς
2645 5207 2658 5220 ·
2706 5189 2980 5262 Ποιήσατε
3014 5188 3141 5252 τοὺς
3176 5185 3498 5256 ἀνθρώπους

1905 5278 2223 5331 ἀναπεσεῖν.
2246 5272 2355 5328 τΗν
2398 5275 2455 5328 δέ
2490 5276 2683 5346 χόρτος
2724 5273 2892 5338 πολὺς
2926 5273 2983 5327 ἐν
3024 5272 3102 5342 τῷ
3148 5272 3321 5342 τόπῳ.
3380 5271 3500 5325 Ἀν-

1908 5362 2104 5416 έπεσον
2144 5357 2238 5415 οὖν
2284 5361 2331 5414 οἱ
2363 5359 2553 5431 ἄνδρες
2584 5360 2677 5413 τὸν
2714 5357 2948 5430 ἀριθμὸν
2975 5356 3107 5410 ὡσεὶ
3147 5349 3498 5417 πεντακισχί-

1906 5462 2029 5500 Λιοι.

1980 5529 2039 5583 11
2080 5529 2280 5583 Ἕλαϐε
2311 5528 2367 5582 δὲ
2410 5529 2535 5593 τοὺς
2569 5527 2768 5598 ἄρτους
2795 5527 2823 5579 ὁ
2870 5521 3096 5594 Ἰησοῦς,
3148 5521 3242 5572 καὶ
3274 5518 3498 5588 εὐχαρι-

1909 5614 2114 5684 στήσας
2146 5613 2368 5669 διέδωκε
2402 5616 2513 5677 τοῖς
2569 5611 2841 5683 μαθηταῖς
2861 5648 2875 5672 ,
2912 5606 3057 5689 οἱήδὲ
3088 5600 3345 5689 μαθηταὶ
3375 5602 3487 5689 ξοῖς

1908 5698 2327 5769 ἀνακειμένοις⁹
2381 5698 2582 5771 ὁμοίως
2640 5695 2734 5750 καὶ
2791 5695 2855 5745 ἐκ
2921 5687 3027 5742 τῶν
3077 5684 3321 5756 ὀψαρίων
3374 5684 3495 5728 ὅσον

1910 5781 2118 5852 ήθελον.
