3938 6214
465 348 572 406 795

1715 338 1926 396 NONNI
1966 335 2472 394 PANOPOLITANI

3628 318 3729 368 790

471 461 810 516 hordeaceos
851 470 1021 529 panes
1055 452 1335 517 Christus,
1364 468 1585 525 semper
1613 454 1815 510 viventi
1847 453 2053 525 gratias

2182 449 2408 522 ίριστδς,
2437 448 2524 504 ἀεὶ
2555 445 2748 512 ζώοντι
2777 444 2938 516 χάριν
2964 440 3224 512 Γενετῆρι
3253 437 3523 503 τιταίνων,

472 552 620 608 Patri
675 565 861 622 agens,
909 546 1086 617 Fregit
1125 546 1469 616 complicatae
1517 562 1713 602 manus
1772 545 2050 616 uncungui

469 652 644 706 motu,
662 642 729 696 Et
749 642 897 697 dedit
917 640 1184 706 convivis,
1203 639 1547 711 praebuitque
1565 639 1821 695 omnibus
1844 638 2050 701 cibum,

472 734 540 789 Et
566 751 631 790 ex
670 735 884 789 duobus
928 731 1173 803 piscibus
1214 738 1484 802 quantum
1524 715 1803 786 volebant.
1835 729 1906 783 12
1943 726 2052 783 Sed

470 842 597 883 cum
648 825 849 895 popqu
895 821 1173 877 Esurienti
1221 821 1447 876 satietas
1498 827 1646 876 esset
1697 817 2053 874 redundantis

473 930 696 975 mensae.
715 914 875 969 Jesus
898 912 1159 983 praecepit
1187 911 1557 967 concordibus
1579 908 1867 980 discipulis
1893 926 1906 962 :
1931 906 2054 962 Om-
2078 898 2085 904 ’

473 1009 562 1063 nia
594 1007 788 1062 celeris
808 1004 1093 1076 vertiginis
1110 1020 1220 1059 uno
1237 1004 1476 1074 colligite
1498 1004 1705 1073 impetu
1727 1000 2053 1072 Fragmenta

466 1098 646 1155 solida
688 1095 1050 1153 redundantis
1083 1110 1305 1162 mensae,
1353 1095 1434 1149 Ne
1475 1093 1606 1164 quid
1637 1099 1844 1163 pereat.
1886 1090 1955 1145 15
1989 1089 2056 1145 Ει

468 1180 747 1246 instabilis
793 1187 934 1242 alius
981 1193 1107 1257 post
1159 1186 1326 1240 alium
1378 1184 1723 1255 lmpetuosus
1778 1182 2055 1238 ferebatur

473 1279 799 1335 ministrans
857 1286 1037 1333 cretus
1101 1277 1404 1339 sociorum,
1469 1274 1662 1330 Molem
1717 1274 2053 1331 crebriorum

477 1372 767 1443 perﬁciens
800 1371 963 1425 altam
995 1382 1193 1440 panum
1223 1368 1470 1423 Manibus
1495 1369 1665 1422 cavis.
1700 1366 1741 1421 A
1771 1366 1928 1421 viridi
1954 1381 2052 1420 au-

477 1471 584 1518 tem
631 1461 877 1532 gramine
920 1459 1101 1515 Fracti
1144 1459 1490 1532 congregavit
1542 1472 1762 1528 sparsas
1793 1458 2054 1527 reliquias

478 1552 585 1607 cibi
634 1550 983 1622 Quatctmque
1046 1558 1395 1622 supererant;
1447 1563 1667 1620 unoque
1722 1563 1753 1602 a
1802 1547 2055 1618 quinario

477 1656 679 1712 panum
710 1639 994 1711 lnquirens
1015 1638 1387 1703 orbiculatim,
1414 1639 1591 1694 donec
1613 1637 1843 1692 multum
1868 1637 2055 1706 capaci

477 1730 605 1784 sinu
643 1728 1087 1786 Promiscuorum
1116 1728 1346 1800 replevit
1372 1726 1661 1782 duodecim
1693 1722 1932 1780 circulos
1962 1740 2055 1780 eo-

2161 542 2400 596 Ἔκλασε
2437 537 2779 611 συμπλεκέος
2816 534 3076 605 παλάμης
3108 530 3438 602 γαμψώνυχι
3478 527 3707 599 παλμῷ,

2159 635 2272 688 Kal
2290 620 2441 703 ¹πόρε
2476 628 2883 699 δαιτυμόνεσσι,
2911 627 3006 680 καὶ
3034 625 3214 697 ὤρεγε
3247 623 3416 677 πᾶσιν
3442 619 3675 691 ἐδωδὴν,

2158 724 2270 779 Καὶ
2293 723 2530 795 διδύμων
2554 720 2793 777 νεπόδων
2814 719 2939 772 ὅσον
2962 715 3177 788 ῆθελον.
3204 714 3274 768 12
3309 713 3450 766 Ἀλλ’
3470 713 3562 766 ὅτε
3590 711 3709 782 λαῷ

2159 815 2437 886 Πειναλέῳ
2470 813 2633 885 κόρος
2661 810 2789 864 ἐσκε
2817 805 3235 877 πολυφλοίσϐοιο
3258 803 3562 876 τραπέζης,

2171 907 2378 977 Ἰησοῦς
2411 905 2670 968 ἐπέταξεν
2701 901 3015 974 όμοζήλοισι
3041 897 3341 971 μαθηταῖςο

2160 998 2348 1052 Πάντα
2375 992 2878 1068 ταχυστροφάλιγγι
2907 994 3003 1062 μιῇ
3035 987 3325 1054 συλλέξατε
3361 987 3495 1058 ῥιπῇ

2164 1088 2469 1159 κλάσματα
2494 1082 2845 1138 πυκνωθέντα
2874 1078 3280 1151 περισσοϐότοιο
3305 1072 3610 1149 τραπέζης,

2165 1182 2347 1251 Ὀφρα
2367 1196 2432 1232 κε
2459 1175 2626 1248 μηδὲν
2648 1175 2839 1228 ὄλοιτο.
2861 1173 2929 1227 13
2945 1172 3056 1227 Kal
3073 1169 3303 1233 ἀστατος
3323 1168 3480 1232 ἄλλος
3495 1166 3588 1221 ἐπ’
3602 1164 3739 1235 ἄλλῳ

2159 1270 2445 1333 Φοιταλέος
2471 1267 2748 1338 πεφόρητο
2769 1264 3051 1334 διάκτορος
3074 1260 3241 1331 ἐσμὸς
3274 1258 3527 1330 ἑταίρων,

2165 1364 2367 1431 Ὄγκον
2406 1357 2796 1428 ἐπασσυτέρων
2826 1353 3027 1408 τελέων
3056 1350 3191 1422 ὑψού
3202 1368 3360 1422 μενον
3384 1350 3570 1421 ἀρτων

2161 1453 2332 1524 Χερσί
2365 1448 2815 1522 βαθυνομένῃσιν.
2852 1444 2985 1498 Ἀπδ
3017 1443 3260 1516 χλοεροῖο
3287 1442 3347 1495 δέ
3383 1441 3581 1512 χόρτου

2174 1540 2488 1612 Ῥωγαλέης
2516 1540 2805 1609 συνάγειρε
2826 1535 3142 1590 πολύπλανα
3174 1531 3402 1603 λείψανα
3432 1533 3644 1603 φορϐῆς

2163 1636 2341 1688 Ὄσσα
2369 1631 2758 1702 περισσεύοντο
2776 1642 2790 1657 ⁸
2822 1629 2951 1700 μιῆς
2980 1628 3025 1681 δ’
3048 1620 3158 1681 ἀπὸ
3193 1625 3452 1688 πεντάδος
3475 1625 3660 1695 ἀρτων

2163 1724 2466 1781 Μαστεύων
2490 1721 2760 1793 ἑλικηδὸν,
2796 1720 2903 1783 ἕως
2930 1716 3251 1789 πολυχανδέῖ
3281 1715 3468 1786 κόλπῳ

476 1819 787 1889 phinorum.
836 1820 902 1873 M
935 1818 1001 1873 Et
1035 1799 1257 1889 plurimi
1303 1817 1525 1873 aliunde
1570 1814 1662 1869 alii
1712 1820 2012 1870 sonuerunt
2043 1855 2058 1880 ,

2182 1812 2494 1887 Ξυμμιγέων
2519 1812 2724 1882 ἔπλησε
2757 1809 3000 1864 δυώδεκα
3032 1799 3210 1862 κύκλα
3240 1806 3499 1875 κοφίνων.

475 1905 803 1965 miraculum
855 1910 1221 1979 intelligentes
1269 1908 1526 1965 Christus
1572 1907 1719 1979 quod
1774 1904 1902 1961 fecit
1959 1906 2057 1960 toti

474 1998 778 2054 convictori
802 2001 1024 2070 populo,
1045 2001 1254 2054 Panum
1281 2005 1706 2069 spontaneorum
1738 2010 2058 2053 recrescens

476 2089 786 2144 convivium
816 2091 1185 2145 honorantes:
1214 2087 1314 2143 Hic
1365 2104 1526 2159 quem
1576 2086 1854 2149 celebrant
1896 2102 2060 2143 verus

476 2190 561 2235 est
590 2181 875 2252 prOpheta,
911 2180 1082 2248 Quem
1117 2180 1261 2236 fama
1290 2189 1375 2237 est
1411 2181 1601 2237 aeterni
1644 2187 1934 2236 venturum
1970 2193 2055 2234 re-

478 2279 686 2326 ctorem
720 2271 927 2327 mundi.

547 2362 657 2432 62
698 2362 764 2417 15
796 2362 988 2418 Sciens
1017 2377 1149 2418 vero
1178 2378 1277 2434 per
1304 2378 1364 2419 se
1397 2363 1595 2419 doctus
1621 2362 1737 2418 Rex
1760 2361 1945 2418 cordis
1970 2375 2063 2417 co-

479 2452 822 2519 gitationem,
855 2452 1011 2519 Quod
1036 2455 1253 2509 venturi
1289 2463 1478 2511 essent
1510 2454 1822 2526 congregati
1854 2455 1928 2510 ibi
1961 2456 2061 2509 ho-

479 2538 680 2602 mines,
718 2538 785 2593 Et
815 2540 991 2610 ipsum
1033 2544 1241 2612 rapturi
1291 2551 1352 2597 ut
1401 2543 1804 2599 constituerent
1836 2558 2016 2614 regem
2045 2582 2060 2608 ,

480 2627 684 2683 Montis
730 2630 917 2685 silvosi
963 2630 1235 2687 desertam
1279 2633 1442 2689 subiit
1478 2642 1706 2704 petram.
1743 2634 1810 2691 16
1843 2633 1909 2687 Et
1940 2650 2062 2688 um-

480 2716 681 2771 brosus
703 2718 923 2786 quando
944 2734 1117 2774 conus
1146 2720 1388 2775 accurrit
1407 2721 1600 2777 vicina:
1620 2722 1889 2792 caliginis,
1917 2721 2065 2778 Mare

481 2807 549 2863 ad
580 2810 946 2881 propinquum
990 2810 1407 2882 impellebantur
1443 2815 1720 2886 discipuli.
1756 2815 1822 2870 17
1862 2816 1922 2871 ιιι
1966 2831 2066 2872 na-

479 2912 599 2953 vem
639 2909 819 2956 autem
866 2903 1140 2959 irruentes
1186 2906 1544 2977 marivagam,
1590 2923 1812 2962 currum
1854 2908 2060 2974 maris,

480 2985 705 3041 Terram
737 2989 792 3042 in
821 2992 1127 3060 oppositam
1159 2993 1507 3063 trajiciebant
1530 2994 1807 3066 discipuli,
1833 2996 1915 3052 Ad
1940 2997 2067 3052 civi-

2164 1907 2232 1962 M
2254 1905 2365 1959 Kal
2402 1904 2570 1969 πολὺς
2590 1902 2813 1959 ἂλλοθεν
2842 1900 3003 1963 ἀλλος
3028 1898 3209 1969 ἐνίαχε
3232 1895 3418 1968 θαῦμα
3442 1896 3647 1967 νοήσας

2161 2000 2395 2072 Χριστὸς
2418 2000 2556 2070 ὅπερ
2589 1996 2815 2067 ποίησεν
2851 1994 2958 2063 ὅλῳ
2983 1993 3253 2064 θοινήτορι
3295 1990 3431 2061 λαῷ,

2165 2090 2384 2159 Ἀρτων
2408 2085 2732 2158 αὐτομάτων
2762 2080 3100 2146 παλιναυξέα
3121 2081 3281 2134 δαῖτα
3302 2078 3579 2151 γεραίρων
3596 2093 3610 2107 ·

2163 2173 2332 2241 Οὗτος
2354 2177 2415 2230 δν
2443 2176 2716 2230 ἀείδουσιν
2747 2173 3020 2245 ἐτήτυμός
3046 2175 3164 2227 ἐστι
3196 2173 3509 2243 προφήτης,

2169 2270 2265 2323 Ὃν
2288 2268 2447 2337 φάτις
2473 2266 2686 2320 ἀενάοιο
2717 2265 2900 2336 μολεῖν
2931 2262 3183 2335 ἰθύντορα
3209 2262 3437 2332 κόσμου.

2232 2359 2340 2432 63
2377 2358 2444 2414 15
2475 2355 2646 2422 Εἰδὼς
2695 2356 2742 2410 δ’
2778 2354 3161 2418 αὐτοδίδακτος
3194 2352 3365 2420 Ἀναξ
3413 2351 3742 2423 ὑποκάρδιον

3435 2442 3648 2515 [ὀμφὴν
3664 2482 3680 2507 ι

2166 2541 2322 2595 Ὄττι
2351 2538 2534 2609 μολεῖν
2558 2538 2793 2611 ήμελλον
2818 2537 3086 2611 όμήλυδες
3113 2535 3301 2590 αὐτόθι
3323 2534 3466 2598 λαοὶ,

2165 2631 2275 2685 Καί
2307 2646 2399 2699 μιν
2426 2627 2853 2702 ἀφαρπάξαντες
2890 2630 3219 2700 ἀναστήσειν
3249 2626 3502 2698 βασιλῆα,

2168 2721 2373 2794 Οΰρεος
2405 2723 2661 2794 ὑλήεντος
2686 2720 2938 2793 ἐρημάδα
2968 2720 3166 2774 δύσατο
3193 2719 3421 2792 πέτρην.

2168 2814 2237 2868 16
2270 2814 2383 2868 Kal
2419 2813 2622 2879 σκιόεις
2649 2815 2737 2867 ὅτε
2766 2813 2938 2876 κῶνος
2966 2812 3238 2884 ἀνέδραμε
3260 2812 3501 2881 γείτονος
3525 2809 3740 2881 δρφνης.

2168 2900 2371 2959 Πόντον
2399 2905 2458 2968 ἐς
2484 2903 2872 2975 ἀγχικέλευθον
2899 2903 3244 2976 ἐπερρώοντο
3268 2903 3528 2974 μαθηταί.

2168 2996 2234 3050 17
2261 2995 2387 3065 Νῆα
2416 2994 2460 3047 δ’
2489 2994 2818 3061 ἐπαΐξαντες
2847 2993 3136 3065 ἀλίδρομον
3168 2993 3319 3065 ἅρμα
3345 2990 3646 3060 θαλάσσης,

477 3083 645 3132 tatem
680 3076 1026 3150 Capernaum
1056 3085 1431 3154 appellentes;
1463 3085 1643 3141 vicina
1675 3102 1804 3143 vero
1837 3085 2060 3143 Terram

2182 3088 2333 3142 Γαῖαν
2359 3087 2416 3150 ἐς
2454 3074 2820 3158 ἀντιπέραιαν
2846 3083 3246 3157 ἐπορθμεύοντο
3275 3081 3535 3155 μαθηταὶ,

478 3174 647 3222 totam
676 3146 813 3224 texit
832 3177 951 3225 atra
979 3146 1176 3242 caligo,
1202 3171 1269 3227 Et
1287 3146 1435 3228 circa
1459 3186 1661 3243 corpus
1688 3175 1903 3229 varium
1933 3174 2060 3228 dor-

2182 3180 2339 3231 Ἀστυ
2369 3146 2750 3249 Καφαρναοὺμ
2786 3146 3198 3259 μετανεύμενοι.
3236 3146 3568 3248 ’Ᾰρτιφανὴς
3597 3174 3652 3228 δέ

476 3273 599 3314 sum
631 3260 921 3317 habentem
958 3266 1293 3321 contrahens
1329 3265 1594 3332 tunicam,
1633 3265 1918 3322 Stellatum
1952 3282 2064 3323 cae-

477 3353 592 3406 lum
639 3353 978 3422 splendebat.
1020 3356 1382 3426 Cupientihus
1426 3373 1559 3413 vero
1590 3358 1875 3429 discipulis
1912 3356 2065 3413 Non-

477 3440 609 3494 dum
646 3441 901 3499 Christus
949 3446 1120 3501 venit.
1172 3447 1242 3501 18
1288 3445 1747 3502 lnst-anteautem
1791 3448 2064 3519 procella,

479 3529 657 3601 Prope
702 3545 975 3603 apparens
1015 3536 1279 3590 incurvus
1312 3535 1711 3591 intumeseebat
1738 3534 1920 3591 ﬂuxus
1951 3550 2068 3589 mae

478 3627 595 3687 ris,
642 3621 709 3676 Et
753 3624 930 3696 longis
972 3626 1209 3697 remiges
1262 3641 1460 3697 aquam
1509 3625 1800 3697 signabant
1855 3627 2061 3689 remis.

476 3714 787 3772 Contrariis
826 3716 1009 3773 ventis
1056 3717 1387 3787 impulsam.
1430 3718 1501 3775 i9
1536 3718 1874 3775 Marinorum
1936 3735 2069 3776 vero

477 3817 617 3877 Tres
645 3820 881 3878 decades
914 3821 1223 3879 studiorum
1263 3826 1349 3881 vel
1381 3825 1825 3896 vigintiquinque
1867 3839 2066 3881 secan-

476 3932 584 3988 tes,
624 3924 904 3981 Christum
960 3927 1215 3983 viderunt
1265 3926 1609 3986 incedentem
1666 3946 1834 4002 super
1878 3946 2065 3995 mare,

475 4028 697 4086 Siccam
726 4030 1017 4103 vestigium
1062 4032 1373 4100 habentem,
1419 4036 1589 4106 pervii
1622 4038 1791 4093 maris
1829 4037 2065 4094 celerem

476 4132 760 4191 viatorem.
797 4135 1183 4194 Formidantes
1234 4147 1414 4196 autem
1458 4140 1938 4199 vociferabantur.
1993 4140 2073 4197 20

475 4239 748 4293 Attonitos
768 4252 901 4294 vero
921 4239 1223 4311 discipulos
1253 4240 1417 4300 Jesus
1443 4243 1855 4313 alloquebuur:
1887 4242 2069 4299 Sinite

475 4339 822 4396 formidinem
854 4343 1031 4397 ventis
1061 4360 1076 4398 :
1101 4343 1356 4402 Christus
1385 4361 1488 4418 ego
1516 4348 1673 4403 velox
1720 4347 1900 4402 viator
1941 4362 2062 4403 sum

473 4444 667 4524 maris.
697 4445 763 4499 21
801 4445 870 4501 Et
897 4446 1077 4518 ipsum
1116 4449 1332 4507 trahere
1373 4452 1629 4508 volebant
1673 4454 1726 4507 in
1772 4453 1974 4518 navim,
2010 4461 2063 4509 et

2169 3273 2336 3327 Γαῖαν
2366 3272 2495 3344 ὅλην
2517 3271 2753 3341 ἐκάλυψε
2783 3270 3264 3343 μελαγκρήδεμνος
3298 3268 3516 3340 ὁμίχλη,

2168 3364 2281 3417 Kal
2301 3363 2424 3435 χροῒ
2457 3362 2845 3416 ποικιλόνωτον
2876 3361 3247 3431 ἐπισφίγξασα
3271 3360 3494 3431 χιτῶνα,

2181 3455 2466 3525 Ἀστερόεν
2489 3450 2777 3521 σελάγιζεν
2799 3466 2815 3482 ’
2850 3448 3189 3524 ἐελδομένοις
3218 3452 3276 3505 δὲ
3309 3451 3583 3523 μαθηταῖς

2167 3540 2336 3598 οὔπω
2364 3541 2601 3614 Χριστὸς
2627 3543 2835 3597 ἵκανεν.
2862 3541 2928 3597 18
2963 3539 3358 3612 Ἐπειγομένης
3386 3540 3444 3593 δὲ
3471 3538 3713 3610 θυέλλης.

2182 3632 2511 3704 Ἀγχιφανὴς
2535 3631 2829 3704 ἐπίκυρτος
2858 3630 3153 3705 ἐπυργὼθη
3189 3630 3309 3701 ῥόος
3340 3629 3540 3699 uim"

2172 3724 2281 3777 Καὶ
2310 3723 2542 3794 δολιχοῖς
2578 3722 2842 3795 ἐλατῆρες
2874 3719 3020 3794 ὕδωρ
3044 3721 3348 3794 ἐχάρασσον
3374 3722 3645 3792 ἐρετμοῖς,

2182 3813 2519 3884 Ἀντιπόροις
2547 3815 2773 3886 ἀνέμοις
2798 3812 3140 3885 βεϐιημένον.
3170 3813 3235 3868 19
3260 3812 3522 3867 Είναλίων
3554 3813 3614 3867 δὲ

2171 3907 2333 3978 Τρεῖς
2356 3906 2584 3970 δεκάδας
2615 3907 2845 3961 σταδίων
2865 3906 2900 3978 ἢ
2931 3904 3270 3959 εἰκοσιπέντε
3292 3906 3581 3976 ταμόντες,

2170 3996 2405 4068 Χριστὸν
2440 3997 2744 4070 ἐθηήσαντο
2770 3997 3144 4068 διαστείχοντα
3174 3995 3473 4066 θαλάσσης,

2173 4089 2440 4161 Ἀϐροχον
2476 4090 2622 4161 ἴχνος
2652 4088 2863 4161 ἔχοντα,
2892 4088 3062 4161 βατῆς
3092 4088 3220 4154 ἀλδς
3248 4088 3377 4154 ὀξὺν
3397 4088 3601 4160 όδίτην.

2170 4179 2539 4252 Ταρϐαλέοι’δ’
2559 4177 2847 4243 ἀλάλαζον.
2873 4178 2946 4232 20
2978 4178 3359 4249 Ἀτυζομένοις
3388 4178 3446 4232 δέ
3486 4177 3740 4250 μαθηταῖς

2181 4270 2390 4342 Ἰησοῦς
2408 4270 2654 4343 όάριζεν·
2686 4270 2916 4325 Ἐάσατε
2938 4269 3140 4340 τάρϐος
3166 4271 3365 4341 ἀήταις
3382 4284 3397 4300 ·

2169 4363 2407 4436 Χριστὸς
2443 4361 2557 4433 ἐγὼ
2588 4362 2921 4435 ταχύγουνος
2949 4362 3230 4434 όδοιπόρος
3260 4362 3380 4433 εἰμί
3402 4359 3694 4431 θαλάσσης.

2165 4453 2231 4508 21
2256 4453 2366 4508 Καί
2386 4471 2477 4526 μιν
2498 4452 2638 4508 ἑλεῖν
2658 4453 2938 4527 μενέαινον
2959 4454 3017 4516 ἐς
3032 4451 3252 4520 ὁλκάδα,
3273 4452 3368 4506 καὶ
3392 4451 3556 4522 μένος
3576 4451 3741 4520 ἅλμης

1688 4608 1971 4664 TEXTUS
2008 4608 2539 4667 EVANGELISTA‘I.

548 4718 616 4773 12
656 4719 746 4784 Ὠς
773 4720 831 4775 δὲ
870 4719 1307 4793 ἐνεπλήσθησαν.
1335 4720 1484 4789 λέγει
1516 4724 1634 4786 τοῖς
1666 4719 1936 4794 μαθηταῖς
1959 4723 2059 4777 αὑ-
2090 4728 2131 4783 υ
2158 4726 2253 4776 τοῦ
2283 4722 2379 4775 ἐπὶ
2405 4722 2504 4794 τὴν
2537 4720 2837 4779 θάλασσαν.

472 4802 602 4857 τοῦ⁹
639 4803 981 4874 Συναγάγετε
1017 4805 1089 4859 τά
1121 4804 1560 4877 περισσεύσαντα
1607 4804 1900 4877 κλάσματα
1922 4845 1937 4870 ,
1970 4805 2060 4860 ἵνα

476 4886 554 4958 μή
578 4904 632 4939 τι
666 4888 956 4962 ἀπόληται.

547 4970 617 5023 13
656 4973 971 5043 Συνήγαγον
1009 4967 1124 5039 οὖν,
1155 4972 1246 5027 καὶ
1275 4971 1541 5044 ἐγέμισαν
1562 4971 1776 5026 δώδεκα
1805 4973 2061 5041 κοφίνους

474 5051 805 5123 κλασμάτων
848 5056 913 5109 ἐκ
956 5056 1067 5110 τῶν
1101 5057 1263 5111 πέντε
1314 5056 1495 5128 ἀρτων
1531 5056 1822 5128 κριθίνων,
1861 5055 1898 5110 ἀ
1936 5056 2050 5109 ἐπε-

479 5133 734 5204 ρίσσευσε
760 5139 874 5200 τοῖς
903 5137 1256 5211 βεϐρωκόσιν.

549 5217 618 5271 14
655 5220 718 5272 Οἰ
762 5216 854 5273 οὖν
898 5220 1176 5292 ἄνθρωποι
1210 5222 1407 5286 ἰδόντες
1438 5223 1467 5277 ὃ
1515 5223 1741 5296 ἐποίησε
1776 5223 2000 5295 σημεῖον
2031 5222 2061 5276 ὁ

487 5300 719 5372 Ἰησοῦς,
745 5301 932 5371 ἔλεγον
951 5319 967 5335 ο
987 5304 1109 5357 Ὀτι
1129 5298 1282 5368 οὗτός
1312 5307 1461 5360 ἐστιν
1487 5305 1701 5379 ἀληθῶς
1718 5310 1747 5361 ό
1772 5306 2060 5378 προφήτης

472 5384 504 5439 ό
535 5385 831 5457 ἐρχόμενος
859 5387 937 5451 εἰς
971 5386 1062 5440 τὸν
1090 5388 1316 5459 κόσμον.

545 5468 615 5523 15
655 5469 863 5541 Ἰησοῦς
895 5466 991 5525 οὖν
1021 5472 1183 5540 γνοὺς
1221 5472 1301 5526 ὅτι
1334 5472 1616 5544 μέλλουσιν
1646 5473 1923 5545 ἔρχεσθαι,
1966 5472 2059 5526 καὶ

476 5551 744 5626 ἁρπάζειν
777 5554 939 5609 αὐτὸν
967 5554 1054 5609 ῐνα
1085 5556 1387 5628 ποιήσωσιν
1436 5557 1598 5611 αὐτὸν
1642 5556 1901 5629 βασιλέα,
1964 5557 2053 5610 ἀν-

470 5636 726 5709 εχὼρησε
754 5638 917 5695 πάλιν
946 5641 1028 5704 εἰς
1054 5639 1116 5693 τὸ
1139 5639 1265 5710 ὅρος
1294 5639 1457 5704 αὐτὸς
1483 5640 1664 5711 μόνος.

547 5719 616 5777 16
652 5720 742 5788 Ὠς
769 5722 825 5778 δὲ
847 5724 974 5793 ὀψία
996 5726 1233 5797 ἐγένετο,
1271 5724 1580 5795 κατέδησαν
1608 5727 1656 5781 οἰ
1687 5725 1929 5797 μαθηταὶ
1959 5725 2058 5782 αὖ·

2236 4805 2301 4858 17
2324 4806 2435 4859 Καὶ
2466 4806 2733 4876 ἐμϐάντες
2764 4808 2844 4870 εἰς
2875 4807 2938 4860 τὸ
2968 4807 3172 4873 πλοῖον,
3197 4806 3428 4878 ῆρχοντο
3457 4804 3632 4876 πέραν
3648 4802 3734 4874 τῆς

2169 4888 2446 4957 θαλάσσης
2471 4891 2548 4950 εἰς
2576 4887 2972 4961 Καπερναούμ.
3001 4890 3113 4945 Καὶ
3143 4890 3334 4943 σκοτία
3354 4888 3457 4961 ήδη
3482 4889 3733 4959 ἐγεγόνει,

2170 4972 2264 5026 καὶ
2291 4971 2391 5024 οὒκ
2422 4970 2669 5041 ἐληλύθει
2700 4972 2840 5044 πρὸς
2867 4973 3066 5036 αὐτοὺς
3090 4973 3119 5025 ό
3163 4971 3390 5043 Ἰησοῦς.

2239 5055 2307 5110 18
2339 5055 2412 5107 Ἢ
2435 5070 2495 5108 τε
2526 5053 2790 5122 θάλασσα,
2821 5056 3025 5127 ἀνέμου
3056 5055 3296 5129 μεγάλου
3330 5054 3609 5121 πνέοντος,
3665 5053 3733 5108 δι-

2167 5138 2441 5211 ηγείρετο.
3438 5200 3439 5203 η

2240 5222 2307 5277 19
2362 5221 2720 5294 Ἐληλακότες
2758 5216 2851 5277 οὖν
2900 5222 2977 5288 ὡς
3032 5222 3279 5287 σταδίους
3318 5221 3657 5276 εἰκοσιπέντε
3699 5219 3727 5289 ἢ

2165 5304 2478 5377 τριάκοντα,
2519 5304 2784 5378 θεωροῦσι
2821 5307 2913 5360 τὸν
2950 5305 3157 5377 Ἰησοῦν
3210 5305 3615 5378 περιπατοῦντα
3648 5304 3729 5356 ἐπὶ
3782 5298 3791 5306 ’

2165 5388 2266 5459 τῆς
2299 5388 2595 5461 θαλάσσης,
2623 5390 2719 5444 καὶ
2748 5391 2916 5460 ἐγγὺς
2945 5390 3040 5445 τοῦ
3070 5390 3255 5444 πλοίου
3298 5388 3584 5462 γινόμενον
3607 5407 3620 5420 ·
3647 5387 3730 5443 καὶ

2166 5472 2532 5545 ἐφοϐήθησαν.

2236 5557 2308 5612 20
2350 5557 2409 5609 Ὁ
2437 5556 2493 5609 δὲ
2525 5556 2674 5625 λέγει
2704 5558 2922 5623 αὐτοῖς’
2952 5556 3094 5626 Ἐγὼ
3125 5558 3260 5627 εἰμι,
3289 5558 3365 5629 μὴ
3400 5557 3666 5624 φοϐεῖσθε.

2236 5640 2299 5694 21
2349 5639 2577 5693 Ἤθελον
2607 5638 2700 5695 οὖν
2753 5642 2933 5695 λαϐεῖν
2964 5640 3130 5694 αὑτὸν
3170 5642 3252 5703 εἰς
3299 5641 3360 5693 τὸ
3397 5639 3615 5695 πλοῖον·
3654 5634 3727 5689 καὶ

2164 5723 2366 5788 εὐθέως
2395 5723 2455 5776 τὸ
2472 5726 2652 5779 πλοῖον
2676 5726 2892 5795 ἐγένετο
2912 5724 3005 5778 ἐπὶ
3020 5724 3120 5796 τῆς
3155 5724 3254 5794 γῆς
3296 5724 3374 5788 είς
3397 5723 3465 5795 ἣν
3485 5723 3702 5794 ὑπῆγον.
