3938 6214
178 379 284 436 797

177 490 288 590 ᾟν
315 496 445 552 τότε
464 516 477 529 ·
517 500 610 554 καὶ
641 501 800 558 πέλεν
827 505 1016 577 ὅρμος,
1042 509 1164 564 ἐπεὶ
1189 512 1412 570 θεοδινέῖ
1437 517 1638 590 παλμῷ

178 586 283 681 ρῖα
314 590 439 681 νόος
467 595 742 664 πτερόεις,
767 597 982 668 ἀνέμων
1007 601 1150 672 δίχα,
1182 606 1369 676 νόσφιν
1398 586 1668 681 ἐρετμᾶίν,

178 679 529 752 Τηλεπόροις
551 682 860 755 λιμένεσσιν
881 691 1097 760 όμίλεεν
1123 696 1404 770 αὐτομάτη
1433 679 1591 770 νηῦς.

175 772 245 868 22
293 772 438 826 Ἀλλ’
474 776 564 868 ora
590 777 884 850 πορφύρων
918 783 1242 855 Τιϐερήτιδα
1272 789 1490 856 γείτονα
1518 795 1725 868 πέτρην

189 864 544 958 ξΑκρο-φανὴς
571 868 805 940 ἐχάραξε
849 873 1129 931 λιπόσκιον
1158 878 1353 952 ὄρθρος
1381 864 1632 958 ὁμίχλην,

182 954 317 1016 Aab;
346 956 711 1027 ἐῡκροκάλοιο
741 962 918 1033 πέρην
950 965 1250 1032 άντώπιδος
1278 970 1459 1044 ἅλμης

188 1045 510 1139 ξξστάμενος
543 1051 862 1139 σκοπίαζεν,
888 1054 971 1109 ὅτι
995 1057 1168 1130 ζαθέῃ
1201 1063 1354 1132 παρὰ
1382 1063 1547 1139 λίμνῃ

187 1136 484 1210 Ἰκμαλέης
518 1141 620 1196 οὐκ
645 1138 784 1214 ἦσαν
822 1146 1196 1221 ίμασσομένης
1230 1154 1400 1218 πέλας
1427 1136 1602 1223 ἀκτῆς

181 1228 469 1298 Στοιχάδες
500 1231 794 1306 ἀλλήλῃσιν
820 1237 1089 1308 ὁμόζυγες
1113 1242 1338 1310 ὁλκάδες
1359 1248 1536 1315 ἄλλαι,

183 1317 241 1367 Ei
268 1316 344 1389 μὴ
375 1317 517 1390 νηῦς
545 1321 645 1390 μία
669 1322 867 1394 μοῦνον
895 1327 1223 1398 άνέμπλοος,
1253 1334 1367 1388 ὅττι
1396 1340 1491 1391 καὶ
1519 1341 1681 1405 αὐτὸς

180 1406 251 1459 Ού
277 1408 399 1460 τότε
428 1412 790 1482 ποντοπόροιο
819 1416 948 1487 μιῆς
978 1420 1070 1472 ἐπὶ
1103 1422 1228 1492 νηὸς
1268 1426 1477 1496 Ἰησοῦς

333 1499 642 1593 ἀγχιθέοις
675 1505 918 1576 ἑτάροισι
942 1510 1254 1578 συνέπλεεν,
1283 1517 1399 1570 ἀλλ’
1428 1521 1508 1574 ὅτι
1545 1523 1729 1593 μοῦνοι

186 1589 348 1641 Γαῖαν
379 1590 440 1653 ἐς
469 1591 850 1648 ἀντικέλευθον
872 1598 1244 1657 ἐναυτίλλοντο
1274 1606 1526 1679 μαθηταί,

180 1680 245 1732 25
274 1679 479 1745 Ἀλλας
506 1683 640 1754 νῆας
665 1685 896 1752 ἑλόντες,
929 1689 1038 1760 ὅπη
1067 1693 1420 1765 Τιϐερήτιδες
1450 1699 1631 1768 ἀκταὶ,

182 1769 380 1824 Πόντον
409 1773 797 1844 ἐπεσσεύοντο,
825 1779 921 1832 καὶ
949 1781 1144 1850 ἤλυθον
1166 1787 1361 1854 ἐγγύθι
1390 1789 1592 1862 χώρου,

180 1862 318 1926 Λαὸς
343 1865 455 1936 ὅπη
485 1867 752 1938 νήριθμος
778 1870 865 1922 ἐπ’
892 1872 1176 1945 εύχόρτοιο
1197 1879 1481 1951 τραπέζης

178 1952 448 2047 θέσκελον
473 1957 664 2028 ἤσθιεν
686 1960 872 2031 ἄρτον,
895 1962 954 2016 ὃν
982 1964 1213 2021 ἔκλασεν
1239 1970 1515 2044 ἀμϐροσίη
1541 1975 1671 2047 χεὶρ

181 2044 438 2115 Χριστοῦ,
473 2050 846 2119 παμμεδέοντι
870 2053 1033 2124 χάριν
1057 2056 1095 2107 Γ
1098 2059 1316 2129 ενετῆρι
1339 2044 1590 2128 διδόντος.

178 2135 248 2189 24
276 2138 388 2190 Καὶ
418 2141 495 2209 μὴ
524 2140 757 2211 Χριστὸν
788 2142 1000 2197 ἄνακτα
1034 2146 1491 2218 φερέσϐιον,ὀύδὲ
1523 2153 1771 2225 μαθητάς

192 2226 561 2300 Ἐσπομένους
589 2232 840 2303 εὑρόντες
869 2234 1177 2304 ἀμοιϐαίων
1209 2239 1302 2292 ἐπὶ
1327 2241 1492 2312 νηῶν,

182 2318 402 2372 Πόντιον
427 2323 504 2391 ἀφ
515 2323 828 2393 ροκόμοισιν
854 2325 998 2398 ὕδωρ
1022 2327 1304 2383 λεύκαινον
1334 2332 1607 2402 ἐρετμοὶξ,

184 2409 350 2462 "Actu
381 2412 766 2484 Καφαρναοὺμ
795 2417 1206 2488 μετανεύμενοι.
1237 2419 1309 2474 25
1341 2421 1643 2493 ’Δγχιφανῆ
1674 2424 1728 2477 δὲ

192 2501 518 2574 Ἀντιπέρην
553 2505 804 2575 εὑρόντες
841 2509 1122 2580 ἀσιγήτοιο
1149 2510 1427 2581 θαλάσσης

179 2593 433 2664 Χριστὸν,
467 2596 874 2661 ἐκυκλώσαντο,
905 2601 999 2654 καὶ
1024 2601 1244 2655 ἔννεπον
1265 2603 1384 2673 ήδέῐ
1417 2604 1601 2675 μύθῳο

188 2686 405 2741 Ῥαϐϐὶν
432 2687 591 2755 ἄναξ,
615 2691 744 2742 πότε
767 2691 924 2763 δεῦρο
945 2693 1277 2767 παρέπλεες;
1300 2695 1371 2748 26
1387 2696 1693 2770 Ἀρπαλέης
1711 2697 1769 2751 δὲ

183 2778 479 2852 Είλαπίνης
523 2783 814 2853 μνηστῆρα
848 2785 1120 2856 μετήλυδα
1144 2786 1270 2840 λαὸν
1295 2788 1535 2858 ἐλέγχων

193 2870 394 2942 Ἰησοῦς
411 2874 671 2945 ἀγόρευε,
700 2877 1051 2948 μινυνθαδίης
1079 2880 1187 2933 ἀπὸ
1208 2879 1416 2950 φορϐῆς

182 2966 273 3030 Εἰς
301 2967 495 3040 θαλίην
522 2967 778 3043 ζείδωρον
801 2971 1076 3043 ἀλήμονας
1103 2973 1302 3044 ἀνέρας
1332 2973 1506 3026 ἕλκων
1527 2986 1542 3002 ⁶

181 3054 307 3112 Οἶδα
331 3059 384 3113 τί
417 3061 786 3132 μαστεύοντες
814 3065 1046 3119 ἱκάνετε.
1071 3063 1393 3118 Νουσαλέων
1422 3063 1530 3135 γὰρ

183 3147 252 3199 Ού
283 3147 371 3202 διὰ
395 3149 655 3220 θαύματα
687 3155 842 3206 κεῖνα
875 3153 1055 3224 τάπερ
1088 3155 1264 3224 κάμον
1296 3153 1454 3223 ἠθάδι
1486 3151 1665 3224 μύθῳ,

190 3234 439 3292 ὐππόσα
474 3238 782 3311 θηήσασθεο
812 3242 975 3306 πόθος
996 3242 1054 3294 δέ
1079 3260 1162 3306 τις
1187 3243 1361 3314 ὑμέας
1390 3242 1536 3297 ἐλκει

185 3323 398 3398 ’Δρτων
429 3330 736 3384 θεσπεσίων
759 3332 1176 3404 παλινάγρετος,
1202 3334 1319 3386 ὅττι
1345 3333 1609 3402 φαγόντες

182 3414 481 3491 Εἰλαπίνην
508 3421 664 3493 νήριθ
673 3439 772 3493 μον
797 3424 936 3496 ἐμῆς
961 3423 1262 3495 κεκόρησθε
1288 3424 1590 3496 τραπέζης.

187 3511 253 3564 27
292 3513 462 3568 Ἀλλὰ
490 3513 952 3569 πολυπλανέεσσιν
977 3517 1175 3570 ἐάσατε
1210 3516 1509 3588 σύνδρομον
1537 3514 1735 3588 αὔραις

184 3604 348 3656 Δαῖτα
377 3605 519 3675 ταχὺ
556 3604 848 3677 φθιμένην,
873 3609 968 3661 καὶ
985 3607 1263 3662 άνύσσατε
1295 3608 1494 3678 μᾶλλον
1517 3607 1735 3678 ἐκείνην

183 3688 480 3764 Εἰλαπίνην
515 3693 819 3765 μίμνουσαν
845 3694 1096 3760 ἀειζώοιο
1124 3697 1422 3768 τραπέζης,

190 3782 288 3835 Ἤν
321 3786 488 3854 μόνος
520 3786 830 3859 ἀνθρώποιο
860 3788 1146 3857 φερέσϐιος
1173 3789 1300 3851 Υἱὸς
1322 3789 1572 3854 ὀπάσσει,

185 3873 382 3930 Τοῦτον
413 3877 499 3930 ὅτι
527 3879 831 3951 σφρήγισσε
867 3877 1057 3950 Πατὴρ
1084 3879 1236 3942 Θεός.
1267 3880 1338 3934 28
1359 3880 1654 3951 Εἰρόμενος
1678 3880 1738 3936 δὲ

185 3965 320 4030 Διὸς
355 3967 632 4021 Ἰουδαίων
660 3959 990 4035 φίλοπευθέα
1023 3969 1226 4040 ῥήξατο
1259 3971 1476 4041 φωνήνο

187 4056 338 4123 Εἰπὲ,
374 4058 429 4112 τί
457 4074 551 4110 κεν
578 4057 844 4128 ῥέξωμεν,
867 4059 1015 4122 ὅπως
1048 4059 1332 4128 θεοτερπέῐ
1355 4058 1544 4130 θεσμῷ

189 4147 364 4220 Ἔργα
395 4148 536 4203 Θεοῦ
565 4149 912 4220 τελέσοιμεν;
940 4148 1010 4204 29
1035 4150 1205 4214 Ἀναξ
1225 4151 1272 4203 δ’
1298 4149 1556 4221 ἠμείϐετο
1581 4147 1734 4220 μύθῳ
1751 4166 1766 4179 ⁸

199 4239 392 4313 Ὀρθὴν
422 4241 606 4295 πίστιν
633 4242 866 4312 ἔχοντες,
895 4243 1042 4305 ὅπως
1065 4241 1288 4312 δέξησθε
1324 4242 1560 4310 φανέντα

189 4328 412 4386 Ὀντινα
439 4335 617 4396 κεῖνος
645 4334 914 4404 ἔπεμπεν.
946 4333 1016 4386 50
1048 4332 1484 4402 Ἐπεφθέγξαντο
1510 4332 1568 4386 δὲ
1595 4331 1743 4385 λαοί·

189 4422 346 4480 Ποῖον
373 4423 712 4496 ἐελδομένοις
747 4425 981 4497 σημήϊον
1017 4424 1166 4496 ἄμμι
1193 4424 1487 4486 τελέσσεις,

1152 394 1638 456 PARAPHRASIS
1678 403 1742 456 IN
1783 404 2121 466 JOANNEM.
2162 443 2232 452 —
2269 411 2421 469 CAP.
2463 412 2546 468 Vl.

1797 3201 1844 3263 ϐ

3357 423 3467 479 7G8

1803 527 1848 586 Α
1880 524 1961 581 vis
1989 527 2158 582 maris
2197 527 2327 582 Erat
2369 537 2528 594 time;
2568 535 2622 583 et
2664 536 2782 584 erat
2810 539 3020 600 portus,
3058 543 3343 608 postquam
3372 540 3464 596 di-

1880 617 2006 670 vina
2041 617 2337 688 agitatione
2366 618 2650 688 Tanquam
2697 637 2850 677 mens
2879 623 3041 689 alata,
3085 626 3202 682 sine
3241 633 3419 688 ventis
3441 671 3460 700 ,

1881 708 2000 763 sine
2031 707 2219 775 remis,
2253 709 2335 762 Ad
2365 709 2722 780 lenginquum
2747 723 2958 781 portum
2983 719 3266 786 appulerat
3293 738 3462 792 spon-

1879 806 2039 854 tanea
2065 801 2244 856 navis.
2274 800 2346 854 22
2385 798 2490 855 Sed
2513 803 2728 870 quando
2749 804 3092 864 rubefaciens
3115 808 3458 870 Tiberiadcm

1879 891 2114 945 vicinam
2146 899 2357 962 petram
2391 890 2448 944 ln
2485 907 2698 946 summo
2729 909 2994 963 apparens
3043 899 3314 970 signasscl
3343 922 3462 958 ιιηι-

1878 981 2098 1036 brosam
2142 996 2341 1035 aurora
2385 981 2693 1050 caliginem,
2730 981 2968 1053 Populus
3008 989 3218 1056 pulchri
3262 992 3462 1048 littoris

1879 1079 2031 1126 trans
2083 1073 2395 1142 oppositum
2444 1087 2594 1126 mare
2645 1070 2832 1136 Stans,
2884 1075 3272 1149 circumspexit
3314 1085 3460 1152 quod

1879 1177 2098 1217 sacrum
2123 1163 2266 1234 apud
2299 1165 2474 1217 lacum
2506 1161 2802 1218 Humidum
2833 1181 2940 1219 non
2976 1180 3161 1223 essent
3196 1173 3459 1244 agitatum

1877 1268 2045 1324 prope
2068 1255 2223 1308 Iit-tus
2246 1254 2520 1309 Ordinatae
2544 1255 2775 1309 invicem
2798 1257 3103 1325 conjuncta:
3127 1275 3290 1316 naves
3317 1265 3458 1330 alim,

1877 1343 1990 1398 Nisi
2026 1346 2180 1399 navis
2226 1360 2333 1399 una
2389 1345 2504 1400 sola
2549 1359 2658 1398 non
2712 1345 2994 1414 navigans,
3044 1349 3297 1419 quodque
3345 1352 3462 1423 ipse

1875 1434 1994 1489 Non
2029 1446 2159 1490 tunc
2193 1436 2512 1507 pontigrada
2537 1436 2590 1490 in
2613 1451 2749 1491 nave
2769 1433 2928 1490 Jesus
2961 1437 3068 1508 65
3107 1438 3311 1514 Divinis
3334 1457 3460 1496 cum

1874 1527 2042 1582 sociis
2081 1528 2396 1597 navigaret;
2437 1527 2528 1581 sed
2562 1527 2706 1596 quod
2741 1528 2840 1582 soli
2873 1527 3098 1582 Terram
3145 1531 3199 1584 in
3244 1534 3464 1600 opposi-

1874 1623 1982 1668 tam
2014 1618 2362 1687 navigassent
2389 1617 2640 1687 discipuli
2669 1636 2681 1671 :
2709 1618 2780 1672 25
2813 1617 2961 1672 Alias
2989 1635 3154 1676 naves
3192 1623 3462 1692 accipien-

1878 1711 1978 1766 ιθδ,
2015 1702 2106 1757 ubi
2139 1703 2443 1757 Tiber-indis
2473 1701 2664 1774 [sunt]
2692 1705 2901 1766 littora,
2940 1706 3084 1761 Mare
3113 1710 3461 1764 concitarunt

1875 1800 1929 1848 et
1973 1802 2238 1847 venerunt
2277 1809 2444 1864 prope
2475 1796 2653 1848 locum
2677 1832 2690 1856 ,
2731 1794 2970 1864 Populus
3001 1797 3090 1851 ubi
3139 1801 3460 1856 innumerus

1805 1863 1849 1920 Β
1875 1898 2042 1953 super
2054 1887 2422 1953 graminosam
2447 1901 2688 1940 mensam
2714 1885 2965 1941 Divinum
2985 1890 3220 1943 comedit
3242 1906 3458 1960 panem,

1871 1989 2032 2044 quem
2061 1973 2220 2044 fregit
2255 1975 2576 2031 immortalis
2610 1993 2804 2032 manus
2833 1977 3062 2042 Christi,
3098 1981 3342 2037 omnium
3379 1997 3461 2037 re-

1871 2066 2012 2118 ctori
2037 2067 2240 2135 gratias
2277 2064 2424 2120 Patri
2459 2070 2689 2138 agentis.
2719 2067 2790 2122 24
2828 2067 2939 2124 Nec
2974 2069 3251 2125 Christum
3277 2089 3457 2144 regem

1871 2155 2040 2209 vitam
2090 2155 2373 2220 ferentem,
2421 2171 2597 2225 neque
2627 2157 2925 2228 discipulos
2959 2158 3263 2229 Sequentes
3305 2163 3460 2217 inve-

1873 2244 2108 2309 nientes,
2144 2245 2442 2314 reciprocis
2468 2244 2521 2298 in
2557 2247 2789 2302 navibus
2832 2248 3159 2304 Maritimam
3208 2267 3458 2321 spumam

1873 2335 2171 2390 terentibus
2214 2351 2410 2405 aquam
2457 2335 2783 2390 dealbarunt
2826 2333 3015 2402 remis,
3058 2340 3140 2393 Ad
3185 2343 3459 2396 civitatem

1871 2427 2214 2497 Capernaum
2249 2427 2605 2496 appellentes.
2636 2428 2709 2482 25
2744 2427 3118 2499 Propinquum
3155 2440 3332 2486 autem
3372 2435 3460 2484 ln-

1869 2515 2152 2570 venientes
2181 2521 2335 2570 trans
2381 2514 2682 2584 inquietum
2715 2531 2866 2572 mare
2889 2518 3186 2583 Christum,
3223 2519 3462 2572 circum-

1869 2604 2154 2671 dederunt,
2195 2612 2251 2659 et
2281 2605 2536 2659 dixerunt
2573 2605 2726 2660 suavi
2771 2619 3023 2662 sermone
3063 2625 3076 2660 :
3107 2607 3279 2663 Rabbi
3327 2624 3420 2663 rex
3445 2650 3461 2674 ,

1871 2695 2113 2766 quando
2141 2695 2250 2748 huc
2283 2694 2584 2764 navigasti?
2629 2693 2700 2748 26
2741 2693 2937 2766 Rapidi
2983 2703 3164 2750 autem
3212 2695 3464 2752 Convivii

1871 2799 2166 2840 memorem
2191 2784 2454 2839 advenam
2480 2786 2738 2854 populum
2761 2785 3097 2855 redarguens
3119 2786 3279 2842 Jesus
3301 2787 3462 2852 dixit,

1873 2874 2162 2943 temporali
2197 2888 2228 2926 a
2259 2875 2384 2928 cibo
2416 2875 2498 2928 Ad
2539 2875 2851 2929 convivium
2889 2877 3164 2931 viviﬂcum
3210 2885 3460 2932 errantes

1872 2967 2022 3021 viros
2046 2965 2268 3020 trahens
2293 2982 2306 3018 :
2334 2963 2463 3020 Scio
2503 2967 2634 3035 quid
2661 2975 2967 3036 quaerentes
2999 2969 3258 3034 venistis;
3289 2984 3463 3038 πει-ο·-

1875 3066 2056 3113 torum
2085 3058 2230 3112 enim
2257 3056 2374 3111 Non
2401 3067 2623 3127 propter
2653 3059 2915 3114 miracula
2943 3060 3031 3113 illa
3059 3075 3180 3128 quas
3205 3059 3309 3114 feci
3337 3076 3473 3115 cun-

1875 3159 2032 3205 sueto
2065 3149 2255 3214 verbo,
2303 3148 2435 3215 Quae
2467 3149 2712 3217 vidistis;
2763 3151 3096 3206 desiderium
3143 3159 3326 3207 autem
3363 3153 3464 3206 ali-

1875 3239 2021 3310 quod
2055 3254 2152 3294 vos
2181 3239 2352 3293 trahit
2385 3239 2596 3293 Panum
2643 3239 2955 3295 divinorum
2998 3255 3194 3295 rursus
3235 3255 3467 3310 congre-

1873 3345 2032 3402 gans,
2080 3330 2227 3400 quod
2274 3331 2620 3385 comedentes
2667 3330 2721 3383 In
2769 3330 3020 3386 convivio
3074 3329 3289 3384 inﬁnito
3340 3343 3463 3385 mea

1875 3421 2058 3476 satiati
2111 3420 2233 3476 sitis
2267 3435 2298 3473 a
2348 3435 2558 3475 mensa.
2593 3419 2664 3473 27
2713 3418 2820 3474 Sed
2867 3421 3099 3474 multum
3147 3419 3464 3476 errantibus

1874 3511 2200 3567 oommittite
2229 3511 2488 3566 cornitem
2530 3510 2707 3566 ventis
2747 3509 2942 3565 Cibum
2988 3510 3099 3564 cito
3137 3510 3465 3579 corruptibi-

1875 3605 2004 3670 lem,
2038 3611 2094 3656 et
2119 3600 2360 3672 perﬁcite
2390 3601 2565 3671 magis
2587 3601 2736 3654 illum
2762 3599 2958 3655 Cibum
2984 3607 3294 3653 manentem
3321 3613 3467 3652 sem-

1877 3694 2111 3765 perviva:
2144 3706 2367 3756 mensae,
2403 3691 2574 3756 Quem
2620 3691 2770 3746 solus
2812 3689 3050 3743 hominis
3084 3691 3250 3742 vitam
3285 3687 3466 3743 ferens

1877 3799 2047 3855 Filius
2094 3798 2280 3860 dabit,
2331 3795 2488 3850 Hunc
2543 3795 2672 3866 quia
2736 3793 3044 3864 obsignavit
3092 3792 3235 3848 Deus
3279 3790 3464 3868 Pater.

1873 3901 1945 3956 28
1999 3901 2346 3971 Interrogans
2395 3908 2572 3953 autem
2629 3897 2862 3968 populus
2913 3895 3224 3950 Judmorum
3275 3894 3466 3949 scisci-

1876 4014 2082 4059 tantem
2135 4003 2282 4071 rupit
2321 4017 2537 4056 vocem:
2577 4000 2674 4054 Dic
2727 4000 2856 4069 quid
2909 4000 3196 4063 iaciemus,
3247 4008 3306 4052 ut
3354 3997 3466 4051 Deo

1875 4116 2028 4178 grato
2057 4108 2162 4160 ritu
2195 4106 2373 4176 Opera
2408 4107 2503 4162 Dei
2544 4105 2932 4175 perﬁciamus?
2967 4104 3036 4158 29
3067 4105 3177 4158 Rex
3208 4118 3338 4158 vero
3377 4118 3465 4156 re-

1879 4211 2102 4281 spondit
2145 4225 2431 4266 sermone:
2459 4209 2682 4264 itcctam
2729 4209 2886 4265 ﬁdem
2933 4210 3212 4274 habentes,
3237 4217 3297 4262 ut
3323 4209 3466 4262 reci-

1882 4315 2048 4385 piatis
2091 4322 2465 4385 apparentem,
2502 4314 2673 4380 Quem
2721 4313 2812 4368 ille
2850 4313 3018 4368 misit.
3064 4312 3133 4367 50
3169 4309 3468 4380 Respondit

1884 4427 2064 4473 autem
2101 4419 2372 4488 populus:
2401 4418 2574 4485 Quale
2629 4418 2977 4488 cupientibus
3040 4417 3257 4488 signum
3307 4414 3463 4469 nobis

1396 4537 1680 4596 TEXTUS
1717 4535 2251 4594 EVANGELISTIE.

255 4663 326 4719 22
365 4665 447 4736 Τῇ
490 4661 752 4733 ἐπαύριον
791 4642 1023 4731 θὸχλος
1071 4661 1101 4712 ὁ
1151 4657 1400 4731 ἑστηκὼς
1447 4659 1627 4731 πέραν
1674 4658 1774 4728 τῆς
1807 4662 1852 4721 D
1946 4656 2019 4710 26
2061 4653 2357 4725 Ἀπεκρίθη
2402 4653 2582 4716 αὐτοῖς
2691 4649 3022 4736 Ἰησοῦςὴκαὶ
3061 4643 3256 4736 εἶπεν
3297 4646 3466 4736 Ἀμέλει)

191 4747 487 4820 θαλάσσης,
526 4745 648 4800 ἰδὼν
689 4747 773 4799 ὅτι
816 4745 1097 4816 πλοιάριον
1139 4743 1268 4798 ἄλλο
1306 4744 1408 4796 οὐκ
1447 4738 1516 4813 ἦν
1569 4742 1687 4795 ἐκεῖ
1723 4743 1772 4793 εί

195 4831 266 4903 μὴ
293 4832 372 4898 ἓν,
404 4832 580 4885 ἐκεῖνο
609 4831 689 4894 εἰς
715 4829 743 4882 ὃ
776 4829 1042 4900 ἐνέϐησαν
1081 4828 1130 4880 οἱ
1167 4827 1411 4899 μαθηταὶ
1441 4823 1628 4888 αὑτοῦ,
1679 4825 1773 4877 καὶ

190 4915 268 4969 ὃτι
295 4917 356 4970 ού
388 4913 702 4985 συνεισῆλθε
733 4917 843 4976 τοῖς
889 4911 1156 4982 μαθηταῖς
1197 4910 1362 4964 αὑτοῦ
1385 4911 1412 4963 ὁ
1450 4907 1656 4980 Ἰησοῦς
1693 4908 1776 4969 εἰς

192 4996 250 5050 τὺ
278 4999 592 5068 πλοιάριον,
639 4995 775 5050 ἁλλὰ
821 4995 971 5066 μόνοι
1011 4995 1059 5047 οἱ
1109 4993 1351 5066 μαθηταὶ
1389 4991 1556 5047 αὑτοῦ
1590 4990 1770 5062 ἀπῆλ-

193 5078 303 5135 θον·

257 5163 332 5219 25
361 5163 528 5218 Ἀλλα
572 5163 629 5216 δὲ
659 5158 792 5234 ἦλθε
839 5159 1095 5232 πλοιάρια
1135 5159 1199 5213 ἐκ
1255 5157 1572 5228 Τιϐεριάδος
1615 5157 1781 5226 ἐγγὺς

192 5246 283 5300 τοῦ
320 5250 484 5302 τόπου
521 5248 655 5302 ὅπου
697 5246 901 5316 ἔφαγον
944 5245 1036 5298 τὸν
1074 5245 1257 5314 ᾶρτον,
1287 5242 1778 5313 εὐχαριστήσαντος

194 5327 285 5381 τοῦ
317 5331 542 5403 Κυρίου’

262 5411 334 5466 24
366 5413 495 5467 Ὅτε
528 5407 622 5468 οὖν
667 5405 806 5465 εἶδεν
847 5410 875 5463 ό
918 5407 1072 5479 ὄχλος
1118 5408 1203 5460 ὅτι
1237 5405 1444 5478 Ἰησοῦς
1489 5406 1589 5460 οὑκ
1631 5407 1774 5461 ἔστιν

190 5492 328 5560 ἐκεῖ,
360 5495 479 5549 οὐδὲ
508 5497 558 5549 οἱ
596 5493 836 5566 μαθηταὶ
868 5489 1052 5556 αὑτοῦ,
1085 5490 1348 5562 ἐνέϐησαν
1382 5487 1478 5543 καὶ
1511 5489 1664 5542 αὑτοὶ
1697 5491 1777 5552 είς

198 5573 266 5630 τὰ
295 5579 473 5648 πλοῖα,
505 5581 600 5636 καὶ
627 5577 788 5653 ἦλθον
814 5580 895 5644 εἰς
932 5576 1327 5647 Καπερναοὺμ,
1365 5573 1652 5646 ζητοῦντες
1684 5573 1775 5628 τὸν

211 5658 431 5732 Ἰησοῦν.

266 5745 337 5802 25
360 5749 470 5802 Καὶ
499 5748 749 5818 εὑρόντες
773 5747 934 5801 αὑτὸν
962 5745 1134 5817 πέραν
1159 5745 1256 5816 τῆς
1303 5741 1598 5815 θαλάσσης,
1628 5738 1779 5795 εἶπον

207 5827 372 5894 αὐτῷ·
417 5832 626 5895 Ῥαϐϐὶ,
661 5831 789 5884 πότε
815 5823 914 5887 ὧδε
943 5829 1169 5896 γέγονας
1193 5847 1207 5892 ς

1880 4737 2028 4810 ἀμὴν
2065 4737 2209 4805 λέγω
2243 4737 2390 4807 ὑμῖν,
2426 4735 2639 4806 ζητεῖτέ
2679 4752 2743 4804 με
2775 4734 2874 4802 οὑχ
2905 4734 2985 4785 ὅτι
3028 4731 3197 4784 εἴδετε
3243 4729 3463 4800 σημεῖα.

1879 4821 1996 4874 ἀλλ’
2030 4823 2111 4874 ὅτι
2145 4819 2377 4888 ἐφάγετε
2408 4821 2471 4872 ἐκ
2494 4818 2602 4871 τῶν
2633 4819 2832 4889 ἄρτων,
2857 4816 2954 4869 καὶ
2978 4811 3364 4884 ἐχορτάσθητε.

1949 4904 2017 4957 27
2065 4902 2391 4973 Ἐργάζεσθε
2429 4901 2502 4972 μὴ
2542 4903 2642 4972 τὴν
2683 4900 2883 4971 βρῶσιν
2930 4899 3024 4968 τὴν
3070 4893 3466 4963 ἀπολλυμένην,

1879 4986 2017 5042 ἀλλὰ
2041 4987 2140 5057 τὴν
2175 4985 2375 5055 βρῶσιν
2403 4986 2502 5056 τὴν
2535 4985 2801 5055 μένουσαν
2843 4983 2922 5045 είς
2952 4979 3096 5049 ζωὴν
3130 4977 3366 5040 αἰώνιον,
3403 4975 3471 5046 ἢν

1879 5073 1907 5124 ὁ
1945 5070 2070 5133 Υἱὸς
2098 5069 2193 5120 τοῦ
2227 5066 2514 5138 ἀνθρώπου
2551 5067 2679 5138 ὑμῖν
2714 5065 2903 5120 δώσει’
2935 5063 3122 5118 τοῦτον
3149 5060 3256 5131 γὰρ
3295 5059 3323 5110 ὁ
3356 5059 3470 5110 Πα-

1880 5153 1984 5227 τὴρ
2014 5153 2367 5222 ἐσφράγισεν,
2393 5153 2422 5204 ό
2456 5150 2606 5214 Θεός.

1951 5225 2019 5289 28
2045 5231 2211 5288 Εἶπον
2250 5229 2343 5287 οῦν
2383 5233 2520 5306 πρὸς
2562 5231 2760 5286 αὑτόνο
2799 5230 2866 5284 Τί
2901 5228 3144 5299 ποιῶμεν
3177 5226 3264 5280 ἵνα
3302 5225 3472 5295 ἐργα-

1878 5317 2101 5390 ζώμεθα
2133 5318 2201 5372 τὰ
2225 5317 2362 5388 ἔργα
2392 5316 2488 5371 τοῦ
2525 5314 2661 5369 Θεοῦ
2690 5333 2704 5382 ;

1945 5385 2015 5457 29
2061 5385 2361 5471 Ἀπεκρίθη
2405 5402 2434 5453 ὁ
2473 5398 2680 5470 Ἰησοῦς
2723 5395 2818 5450 καὶ
2867 5391 3018 5448 εἶπεν
3061 5385 3473 5471 αὐτοϊςχΤοῦτό

1874 5489 1988 5541 ἐστι
2037 5485 2100 5538 τὸ
2151 5484 2308 5556 ἔργον
2337 5470 2432 5538 τοῦ
2477 5482 2635 5551 Θεοῦ,
2677 5481 2764 5535 ¹ίνα
2813 5477 3134 5546 πιστεύσητε
3167 5474 3244 5534 εἰς
3272 5470 3330 5520 ὃν
3359 5470 3470 5522 dna

1880 5570 2003 5624 ἐστε
2012 5571 2118 5623 ιλεν
2150 5571 2378 5632 ἐκεῖνος.
3046 5640 3054 5641 ί
3246 5635 3270 5641 _
3379 5627 3400 5641 ,,

1953 5655 2022 5709 50
2050 5649 2218 5706 Εἶπον
2248 5648 2342 5706 οὖν
2368 5650 2545 5722 αὐτῷ·
2577 5649 2642 5702 Τί
2679 5643 2774 5701 οῦν
2808 5644 2979 5707 ποιεῖς
3009 5640 3073 5692 σὺ
3105 5635 3348 5707 σημεῖον,
3380 5635 3464 5681 ῐνα

1889 5737 2087 5810 ἴδωμεν
2121 5739 2213 5792 καὶ
2249 5734 2628 5807 πιστεύσωμέν
2655 5744 2762 5786 σοιε
