3938 6214
394 332 498 388 799

1703 322 1917 380 NONNI
1957 320 2466 380 PANOPOIJTANI

3579 327 3682 383 800

396 451 667 524 perﬁcies,
695 449 769 505 Ut
813 445 1120 503 credamus.
1157 442 1403 498 divinum
1434 457 1574 513 opus
1609 443 1983 512 accipientes?

2137 444 2273 511 )φρα
2314 459 2376 495 κε
2401 440 2779 511 πειθοίμεσοα,
2808 440 3100 493 θεόσσυτον
3129 439 3289 510 ἔργον
3319 440 3580 504 ἐλόντεςι

397 544 508 615 ω
547 541 686 608 Quid
734 540 902 594 facies
943 535 1219 607 prioribus
1256 535 1472 590 simile?
1509 533 1574 588 51
1611 533 1794 589 Nostri
1832 537 1977 589 enim

2139 535 2188 604 ’1
2205 534 2270 586 Τί
2301 533 2528 606 πρήξεις
2550 533 2890 605 προτέροισιν
2913 532 3114 602 ὁμοίϊον
3131 549 3145 596 ;
3164 533 3224 586 51
3254 532 3451 603 Ἠμέτε
3463 550 3556 604 ροι
3578 540 3684 606 γὰρ

398 637 538 690 Coeli
558 643 819 689 aeternum
852 630 1035 684 cibum
1065 627 1340 682 desertam
1374 626 1518 696 apud
1549 635 1756 696 petram
1785 626 1981 682 Manna

401 727 561 781 valde
611 724 944 780 celebratum
1010 727 1328 789 spectarunt
1384 725 1664 787 parentes,
1736 717 1985 788 Scriptor

402 819 550 889 quod
592 816 950 884 multiloquus
993 813 1260 865 immenso
1304 809 1580 879 quondam
1613 810 1813 880 populo
1857 808 1984 864 Coe-

406 913 541 966 litus
573 908 803 981 praebuit
837 920 1032 978 panem
1061 905 1286 976 copioso
1322 904 1641 959 eonvictori.

476 1001 547 1054 52
579 999 741 1053 Jesus
771 1004 953 1050 autem
987 993 1145 1057 dixit,
1179 995 1477 1062 superbum
1501 993 1766 1064 populum
1797 991 1988 1048 redar-

404 1105 614 1164 guens:
652 1087 832 1143 Moses
862 1101 970 1140 non
1003 1093 1162 1139 antea
1202 1085 1378 1152 vobis,
1404 1084 1676 1140 desertam
1707 1086 1852 1156 apud
1894 1101 1988 1156 pe-

406 1191 574 1243 tram,
608 1177 901 1233 Scelestem
941 1189 1137 1244 panem
1173 1174 1399 1244 praebuit
1434 1173 1753 1230 melliﬂuum
1797 1175 1865 1229 ad
1897 1191 1990 1230 co-

413 1268 745 1325 medendum
777 1285 790 1320 :
828 1265 936 1320 Sed
972 1264 1134 1319 Pater
1173 1280 1327 1320 meus
1358 1273 1494 1328 erat,
1525 1266 1618 1336 qui
1656 1266 1835 1321 adhuc
1861 1282 1993 1336 pra:-

409 1361 734 1416 stantiorem
769 1356 924 1412 vobis
963 1356 1197 1410 leitus
1250 1356 1551 1426 sapientem
1599 1355 1767 1409 alium
1804 1371 1992 1411 verum

411 1469 608 1526 panem
643 1450 927 1522 praebebit.
966 1449 1034 1504 33
1075 1447 1175 1502 Hic
1214 1451 1359 1503 enim
1386 1454 1472 1502 est
1512 1449 1668 1517 panis
1708 1447 1803 1518 qui
1841 1448 1993 1502 coeli-

413 1555 506 1601 tus
535 1543 874 1600 descendens
901 1539 1079 1596 Vitam
1103 1539 1361 1596 omnibus
1389 1540 1616 1593 charam
1649 1539 1746 1594 toti
1769 1539 1996 1594 donavit

415 1635 638 1690 mundo.
689 1633 758 1688 54
803 1631 868 1685 Et
913 1646 1108 1685 rursus
1161 1631 1242 1686 sic
1280 1631 1418 1684 dixit
1457 1629 1770 1685 Judaeorum
1817 1638 1996 1687 castus

2083 627 2309 698 Αἰθέρος
2335 627 2560 696 ἄφθιτον
2587 621 2740 696 εῐδαρ
2761 623 3034 694 ἐρημάδος
3065 622 3259 692 ἐγγύθι
3294 623 3508 695 πέτρης

2085 719 2278 773 Μάννα
2311 717 2703 789 πολυκλήῖστον
2731 717 3034 788 ἐθηήσαντο
3065 715 3283 787 τοκῆες,

2086 810 2336 880 Γραπτὸς
2361 810 2499 880 ὅπερ
2536 807 2846 878 πολύμυθος
2876 807 3170 878 ἀμετρήτῳ
3195 806 3324 860 ποτὲ
3352 804 3471 876 λαῷ

2091 901 2395 971 Οὑρανόθεν
2422 901 2590 970 πόρεν
2621 899 2785 970 ἄρτον
2811 897 3020 967 ἀφειδεῖ
3054 896 3396 967 δαιτυμονῆῖ.

2159 993 2230 1046 52
2268 991 2473 1062 Ἰησοῦς
2500 992 2545 1044 δ’
2575 990 2814 1060 ὀάριζεν,
2849 990 3092 1060 ἀγήνορα
3127 988 3255 1041 λαὸν
3289 987 3574 1057 ἐλέγχων·

2090 1084 2292 1155 Μωσῆς
2317 1084 2378 1137 οὐ
2413 1082 2588 1154 πάρος
2619 1081 2814 1152 ὔμμιν,
2849 1081 3092 1154 ἐρημαίῃ
3125 1080 3277 1152 παρὰ
3307 1079 3515 1150 πέτρῃ,

2090 1175 2317 1247 Αἱθέρος
2345 1175 2509 1246 ἄρτον
2537 1174 2709 1237 ὄπαζε
2739 1173 3060 1244 μελίρρυτον
3091 1169 3460 1234 είλαπινάζειν
3479 1187 3494 1199 ·

2105 1267 2266 1321 Ἀλλά
2300 1266 2490 1337 Πατὴρ
2516 1265 2646 1338 ἐμὸς
2677 1262 2797 1338 ἦεν,
2830 1266 2888 1329 ὃς
2918 1264 3084 1317 εἰσέτι
3108 1263 3369 1334 φέρτερον
3403 1262 3546 1332 ὑμῖν

2095 1358 2401 1431 Οὐρανόθεν
2439 1358 2602 1427 σοφὸν
2626 1357 2784 1412 ἄλλον
2813 1359 3082 1427 ἐτήτυμον
3111 1356 3272 1426 ἄρτον
3299 1355 3559 1408 ὀπάσσει.

2096 1452 2166 1505 55
2200 1444 2370 1512 Οὗτος
2406 1449 2516 1520 γὰρ
2541 1449 2702 1504 πέλεν
2729 1450 2890 1520 ἄρτος
2921 1447 2980 1511 ὃς
3011 1446 3300 1518 οὐρανόθεν
3342 1443 3690 1500 καταϐαίνων

2097 1540 2253 1611 Ζωὴν
2280 1541 2414 1593 πᾶσι
2447 1539 2716 1609 μέλουσαν
2758 1539 2866 1609 ὅλῳ
2895 1539 3177 1610 δωρήσατο
3208 1537 3417 1606 κόσμῳ.

2097 1633 2166 1688 54
2193 1632 2305 1686 Καὶ
2329 1631 2490 1686 πάλιν
2521 1626 2608 1685 ὧδ’
2636 1630 2898 1701 ἀγόρευεν
2935 1629 3205 1682 Ἰουδαίων
3246 1627 3406 1698 χορὸς
3435 1625 3687 1697 ἀνδρῶν,

415 1729 658 1781 virorum
704 1742 718 1778 :
760 1722 900 1777 Vitae
940 1721 1193 1787 Domine,
1232 1722 1378 1776 hunc
1418 1737 1580 1792 quem
1607 1722 1795 1777 dixisti
1825 1723 2000 1778 stabi-

2137 1723 2261 1792 ῐωῆς
2291 1723 2550 1794 Κοίρανε,
2580 1723 2771 1776 τοῦτον
2803 1720 2861 1773 ὃν
2888 1721 3112 1782 ἕννεπες
3144 1717 3377 1788 ἔμπεδον
3406 1713 3556 1770 εἶναι

415 1819 524 1872 lem
552 1829 675 1870 esse
709 1813 998 1869 leestem
1030 1825 1224 1881 panem
1256 1811 1438 1880 praebe
1464 1827 1656 1868 verum
1683 1811 1992 1867 comedere.

2137 1810 2325 1881 ,ἰθέρος
2346 1810 2510 1880 ἄρτον
2542 1810 2782 1864 ὄπασσον
2811 1811 3076 1882 ἐτήτυμον
3100 1807 3496 1871 εἰλαπινάζειν.

418 1905 491 1962 35
531 1902 693 1960 Jesus
743 1910 923 1958 autem
955 1903 1172 1972 aperuit
1204 1901 1607 1972 diviniloquum
1651 1917 1736 1968 os,
1774 1898 1840 1956 Et
1873 1918 2000 1974 gra-

418 1997 495 2050 tia
526 1997 790 2067 repletam
829 1994 1096 2050 eructavit
1126 1993 1288 2048 labiis
1319 2007 1507 2049 vocem
1533 2011 1548 2048 :
1587 1993 1725 2048 Vitae
1759 2002 2002 2051 aeternus

420 2088 580 2158 panis
615 2101 717 2157 ego
765 2101 910 2152 sum,
947 2087 1104 2156 nigra
1151 2085 1296 2140 fame
1346 2084 1636 2153 Nunquam
1685 2087 1892 2141 esuriet
1919 2087 2003 2142 vir

421 2176 669 2230 mortalis
695 2175 762 2230 ad
792 2190 879 2230 me
907 2175 1161 2240 veniens,
1198 2173 1265 2228 Et
1293 2175 1474 2230 omnis
1511 2183 1762 2230 nostram
1807 2174 2006 2229 immo-

419 2274 532 2319 tam
569 2264 728 2320 (idem
778 2279 1007 2335 augens,
1054 2263 1345 2334 Nunquam
1379 2265 1553 2330 sitiet,
1599 2265 1775 2322 donec
1823 2266 2005 2322 adhuc

421 2371 652 2410 curvum
697 2371 896 2426 repens
932 2355 1135 2410 JEvum
1167 2357 1291 2410 latae
1333 2357 1704 2427 generationis
1734 2357 2004 2412 inﬁnitam

423 2453 626 2501 metam
657 2453 950 2516 permutat.
993 2447 1063 2501 36
1093 2445 1200 2502 Sed
1228 2447 1384 2502 vobis
1415 2447 1528 2501 dixi
1555 2463 1691 2502 meae
1722 2449 1870 2518 quod
1903 2449 2008 2503 mi-

424 2538 616 2590 racula
643 2539 794 2592 vocis
827 2536 1016 2594 Oculis
1049 2538 1290 2603 vidistis,
1324 2547 1378 2593 et
1408 2554 1518 2593 non
1562 2540 1785 2597 creditis
1829 2541 2006 2596 Patri.

425 2629 496 2683 57
539 2627 731 2684 Omnis
769 2629 933 2682 homo
963 2645 1126 2700 quem
1158 2629 1292 2683 mihi
1325 2630 1476 2686 dedit
1522 2629 1686 2686 Pater
1715 2647 1890 2696 meus,
1931 2632 2007 2687 ad

428 2735 516 2774 me
561 2718 742 2775 ﬂectet
769 2719 1075 2791 Vestigium
1119 2735 1305 2787 suum,
1351 2735 1384 2775 a
1427 2720 1540 2776 Deo
1573 2723 1863 2778 adductus.
1903 2722 2010 2778 Ne-

425 2826 533 2882 que
572 2811 689 2882 ipse
737 2810 897 2867 Viros
946 2812 1230 2867 venientes
1278 2827 1470 2868 recens
1519 2814 1808 2871 credentes
1860 2815 2008 2870 foras

429 2906 725 2975 expellam,
764 2903 873 2959 Sed
907 2913 1091 2959 mente
1130 2905 1402 2975 gaudente
1428 2905 1749 2975 suscipiam.
1786 2906 1856 2962 38
1887 2909 2009 2963 Non

424 2997 574 3051 enim
611 2994 942 3052 desiderium
993 2994 1129 3050 Veni
1175 2997 1395 3052 caelitus
1446 2999 1738 3067 perﬁciens
1786 3015 2006 3066 meum,

426 3086 522 3142 sed
555 3084 757 3142 Patris.
789 3087 858 3142 39
888 3085 1006 3142 Hoc.
1030 3097 1211 3143 autem
1243 3087 1490 3142 omnium
1527 3091 1758 3146 rectoris
1791 3093 1899 3145 mei
1921 3098 2007 3146 est

2099 1901 2172 1958 55
2211 1902 2420 1973 Ἰησοῦς
2443 1903 2487 1956 δ’
2516 1903 2786 1957 ἐπέτασσε
2822 1903 3084 1974 θεηγόρον
3111 1898 3443 1972 ἀνθερεῶνα,

2101 1996 2212 2049 Καὶ
2250 1995 2470 2067 χάριτος
2502 1995 2811 2067 πλήθουσαν
2840 1996 3078 2066 ἀνήρυγε
3098 1994 3302 2065 χείλεσι
3333 1991 3558 2062 φωνήνο

2103 2088 2260 2158 Ζωῆς
2287 2081 2704 2160 ἄφθιτος’ἄρτος
2728 2088 2840 2157 ἐγὼ
2868 2088 3016 2141 πέλω
3033 2104 3046 2118 ·
3079 2087 3262 2140 αἴθοπι
3290 2083 3436 2155 λιμῷ

2105 2179 2318 2233 Οΰποτε
2351 2181 2658 2250 πεινήσειεν
2689 2181 2828 2252 ἀνὴρ
2863 2179 3052 2251 βροτὸς
3082 2179 3162 2242 είς
3193 2178 3292 2248 ἐμὲ
3330 2173 3556 2246 βαίνων,
3645 2185 3648 2188 ’

2105 2271 2214 2324 Καὶ
2242 2273 2350 2336 πᾶς
2378 2272 2658 2344 ἡμετέρην
2690 2272 2978 2341 ἀστεμφέα
2999 2272 3185 2325 πίστιν
3204 2270 3401 2336 ἀέξων,

2105 2359 2318 2422 Οῡποτε
2343 2362 2644 2433 διψήσειεν,
2675 2363 2780 2427 ἕως
2810 2362 2891 2415 ἐτι
2924 2362 3212 2434 καμπύλος
3239 2363 3428 2434 ἕρπων

2105 2453 2250 2506 Αἰὼν
2277 2453 2624 2524 εὐρυγένειος
2650 2454 2928 2525 ἀτέρμονα
2953 2454 3154 2509 νύσσαν
3173 2455 3412 2526 ἀμείϐει.

2107 2544 2176 2600 56
2220 2545 2356 2597 Ἀλλ’
2393 2546 2519 2616 ὑμῖν
2545 2546 2840 2617 ἀγόρευονί
2861 2546 3000 2616 ἐμῆς
3021 2547 3103 2600 δτι
3132 2546 3387 2618 θαύματα
3419 2547 3611 2618 φωνῆς

2111 2639 2360 2707 Ὄμμασι
2393 2637 2692 2710 θηήσασθε,
2727 2639 2822 2692 καὶ
2851 2639 2910 2692 ού
2942 2638 3194 2692 πείθεσθε
3223 2640 3415 2710 Τοκῆῖ.

2108 2728 2176 2782 57
2191 2730 2306 2793 Πᾶς
2320 2729 2508 2801 βροτὸς
2519 2731 2578 2783 ὃν
2594 2746 2684 2799 μοι
2695 2729 2901 2783 ὄπασσε
2916 2730 3106 2802 Πατὴρ
3119 2731 3271 2802 ἐμὸς,
3287 2735 3368 2795 εἰς
3379 2733 3480 2803 ἐμὲ
3495 2729 3700 2803 κάμψει

2113 2822 2288 2891 ’ῐχνος
2320 2821 2428 2888 ἑὸν,
2455 2820 2640 2875 θεόθεν
2671 2821 3086 2893 πεφορημένοςο
3113 2823 3237 2876 οὐδὲ
3265 2824 3361 2877 και
3389 2823 3556 2888 am;

2124 2911 2353 2981 Ἀνέρας
2386 2911 2715 2982 ἐρχομένους
2746 2912 3064 2976 νεοπειθέας
3097 2913 3252 2977 ἐκτὸς
3291 2913 3532 2976 ἐλάσσω,

2124 3005 2285 3059 Ἀλλά
2311 3004 2417 3076 νόῳ
2443 3003 2689 3075 χαίροντι
2709 3003 3014 3074 δεδέξομαι.
3048 3003 3118 3058 58
3147 3004 3223 3057 Οὐ
3252 3003 3362 3076 γὰρ
3386 3004 3593 3075 ἐέλδωρ
3650 3047 3654 3050 η

2121 3097 2354 3151 ¹Ἠλυθον
2391 3096 2685 3167 οὐρανόθεν
2717 3095 2918 3150 τελέων
2941 3095 3094 3166 ἐμὸν,
3126 3095 3263 3150 ἀλλά
3292 3096 3526 3166 Τοκῆος.

426 3176 606 3234 Patris
638 3177 995 3243 desiderium,
1021 3180 1090 3235 Ut
1116 3194 1306 3233 eorum
1337 3195 1478 3249 quos
1515 3179 1679 3237 Pater
1719 3197 1876 3238 meus
1908 3183 2006 3240 de-

2137 3192 2182 3246 59
2203 3189 2372 3242 Τοῦτο
2390 3188 2448 3241 δὲ
2478 3187 2882 3258 παμμεδέοντος
2907 3187 3042 3258 ἐμοῦ
3072 3186 3206 3240 πέλε
3236 3187 3450 3258 Πατρὸς
3484 3187 3704 3258 ἐέλδωρ,

428 3268 532 3332 dit,
577 3269 789 3322 nullum
827 3268 1072 3338 perdam,
1120 3269 1228 3324 Sed
1279 3269 1458 3340 ipsum
1495 3271 1807 3340 caliginoso
1844 3288 2009 3328 exsu-

431 3352 625 3407 scitem
653 3369 720 3408 ex
758 3355 1040 3419 barathro,
1087 3353 1365 3412 Reducem
1400 3373 1469 3413 ex
1497 3359 1752 3424 mortuis,
1789 3361 2012 3431 quando

433 3443 629 3498 ultima
660 3447 795 3500 hora
837 3446 1006 3502 venit.
1035 3447 1106 3502 4t)
1149 3446 1276 3502 Haec
1301 3449 1448 3504 enim
1479 3450 1614 3512 clari
1660 3453 1767 3508 mei
1805 3461 1892 3508 est
1925 3469 2017 3510 vo-

433 3535 617 3590 luntas
645 3535 846 3602 Patris,
874 3537 988 3608 68
1010 3537 1079 3592 Ut
1101 3538 1281 3598 cumis
1304 3540 1400 3609 qui
1426 3539 1575 3596 videt
1602 3557 1706 3608 me,
1741 3529 2016 3615 placidum

431 3627 652 3681 oculum
688 3627 954 3695 tendens,
1002 3627 1139 3683 Vita:
1175 3628 1376 3686 futurae
1406 3639 1671 3688 aeternum
1710 3634 1778 3689 ad
1811 3646 2017 3693 coetum

434 3717 617 3771 veniat
643 3735 657 3770 :
694 3717 760 3772 Et
791 3719 970 3790 ipsum
998 3721 1354 3780 exsuscitabo
1386 3741 1582 3786 rursus
1603 3739 2014 3800 congregatum,

433 3809 658 3878 quando
684 3810 834 3867 illius
869 3811 1084 3868 Ultimae
1108 3814 1292 3870 lumen
1323 3816 1503 3873 veniet
1532 3833 1766 3879 aurorae.
1802 3821 1886 3893 (41
1914 3833 2016 3880 etc.

436 3916 611 3973 usque
643 3903 712 3957 ad
737 3904 853 3975 55.)

2119 3280 2302 3350 Ὄφρα
2334 3293 2430 3332 κεν
2458 3270 2533 3331 ὧν
2562 3276 2794 3348 Γενέτης
2824 3277 2956 3348 ἐμὸς
2981 3275 3169 3330 ὤπασε
3203 3278 3370 3349 μηδὲν
3397 3277 3631 3342 ὀλέσσω,

2128 3367 2292 3422 Ἀλλά
2315 3383 2406 3439 μιν
2432 3367 2754 3438 ἀχλυόεντος
2786 3368 3150 3438 ἀναστήσοιμι
3175 3368 3435 3439 βερέθρου

2117 3463 2390 3532 Νόστιμον
2416 3463 2481 3514 ἐκ
2513 3460 2741 3525 νεκύων,
2775 3462 2865 3514 ὅτε
2891 3459 3126 3513 λοίσθιον
3151 3456 3306 3532 ἦμαρ
3341 3460 3539 3514 ἱκάνει.

2118 3551 2188 3606 40
2220 3551 2392 3605 Τοῦτο
2417 3552 2524 3622 γὰρ
2547 3551 2866 3622 αἰγλήεντος
2892 3549 3027 3621 ἐμοῦ
3059 3550 3190 3604 πέλε
3215 3551 3392 3622 νεῦμα
3415 3552 3648 3622 Τοκῆος,

2119 3645 2232 3717 69
2260 3646 2441 3715 Ὄφροι
2464 3661 2527 3696 κε
2549 3645 2656 3708 πᾶς
2674 3645 2847 3715 ὁρόων
2865 3661 2954 3715 με,
2980 3644 3242 3699 πανίλαον
3259 3644 3287 3695 5
3293 3662 3331 3716 μ
3339 3662 3416 3715 μα
3431 3645 3704 3711 τιταίνων,

2122 3737 2277 3807 Ζωῆς
2307 3735 2610 3805 ἐσσομένής
2639 3733 2857 3789 αἰώνιον
2889 3736 2948 3799 ἐς
2975 3735 3136 3807 χορὸν
3170 3734 3331 3807 έλοῃ·

2119 3824 2230 3876 Καί
2263 3840 2354 3894 μιν
2381 3823 2671 3894 ἀναστήσω
2697 3823 3119 3894 παλινάγρετον,
3150 3825 3355 3878 ὁππότε
3390 3822 3581 3894 κείνης

2129 3915 2420 3987 ’Υστατίης
2438 3922 2536 3976 ὅτε
2558 3919 2757 3989 φέγγος
2793 3912 3072 3972 ἐλευσεται
3103 3917 3439 3989 ἠριγενείης.

1640 4295 1925 4353 TEXTUS
1959 4297 2506 4369 EVANGELISTIEQ

501 4499 564 4553 51
595 4499 658 4552 Οἱ
686 4497 921 4570 πατέρες
943 4497 1098 4570 ήμῶν
1127 4499 1188 4553 τὸ
1219 4501 1391 4572 μάννα
1412 4501 1614 4571 ἔφαγον
1635 4503 1694 4556 ἐν
1711 4506 1777 4576 τῇ
1805 4505 2019 4576 ἐρήμῳ,
2055 4513 2097 4568 D
2130 4503 2432 4559 πιστεύετε.

435 4579 616 4643 καθώς
666 4581 782 4632 ἐστι
829 4582 1245 4654 γεγραμμένον·
1283 4586 1481 4658 Ἀρτον
1526 4588 1592 4640 ἐκ
1643 4587 1738 4640 τοῦ
1787 4587 2019 4659 ούρανοῦ

435 4663 636 4716 ἔδωκεν
666 4665 851 4728 αὐτοῖς
877 4669 1094 4735 φαγεῖν.

503 4745 573 4800 52
601 4741 769 4800 Εἶπεν
795 4743 887 4818 οὖν
918 4749 1101 4813 αὐτοῖς
1135 4750 1164 4802 6
1210 4751 1434 4822 Ἰησοῦς·
1480 4753 1651 4824 Ἀμὴν
1692 4753 1840 4826 ἀμὴν
1876 4754 2020 4825 λέγω

433 4829 598 4900 ὐμῖνο
643 4829 718 4882 Οὐ
761 4831 1000 4902 Μωῡσῆς
1043 4833 1271 4890 δέδωκεν
1312 4837 1440 4907 ὑμῖν
1477 4835 1567 4889 τὸν
1606 4838 1768 4907 ἄρτον
1814 4841 1879 4893 ἐκ
1924 4840 2018 4893 τοῦ

431 4910 698 4984 ούρανοῦ,
746 4913 860 4966 ἀλλ’
885 4917 913 4968 6
950 4916 1142 4989 Πατήρ
1180 4935 1284 4989 μου
1321 4918 1534 4975 δίδωσιν
1574 4920 1702 4992 ὑμῖν
1737 4921 1828 4977 τὸν
1855 4921 2019 4993 ἄρτον

432 4997 502 5050 ἐκ
531 4994 624 5048 τοῦ
653 4993 881 5066 ούρανοῦ
909 4998 1001 5053 τὸν
1035 4999 1306 5069 ἀληθινόν.

505 5077 575 5132 55
616 5077 674 5129 'U
703 5079 809 5148 γάρ
841 5079 1004 5151 ἄρτος
1039 5083 1134 5136 τοῦ
1174 5084 1308 5139 Θεοῦ
1335 5086 1482 5144 ἐστιν
1515 5087 1545 5141 6
1586 5087 1930 5142 καταϐαίνων
1955 5088 2021 5142 ἐκ

432 5165 527 5221 τοῦ
551 5167 803 5239 ούρανοῦ,
830 5167 922 5221 καὶ
945 5166 1089 5240 ζωὴν
1110 5169 1288 5234 διδους
1311 5171 1389 5242 τῷ
1423 5173 1634 5243 κόσμῳ.

504 5250 575 5305 54
598 5247 765 5306 Εἶπον
825 5246 919 5305 οὖν
976 5253 1112 5322 πρὸς
1157 5254 1351 5308 αὐτόν·
1409 5253 1602 5324 Κύριε,
1647 5254 1878 5309 πάντοτε
1931 5253 2020 5318 δὺς

439 5335 566 5408 ἡμῖν
597 5335 688 5389 τὸν
720 5336 883 5408 ἄρτον
908 5335 1114 5390 τοῦτον.

503 5418 574 5473 55
619 5413 756 5471 Εἷπε
787 5419 843 5472 δὲ
867 5419 1049 5482 αὐτοῖς
1081 5419 1109 5470 6
1156 5418 1362 5489 Ἰησοῦς
1405 5435 1419 5448 ·
1466 5418 1608 5488 Ἐγώ
1645 5421 1760 5490 εἰμι
1796 5420 1824 5471 6
1857 5419 2021 5490 ἄρτος

433 5501 532 5570 τῆς
561 5500 706 5570 ζωῆς
726 5519 738 5532 ·
771 5504 800 5554 ὁ
829 5501 1121 5573 ἐρχόμενος
1146 5503 1282 5572 πρός
1314 5519 1402 5571 με,
1428 5503 1490 5554 οὐ
1526 5503 1599 5572 μὴ
1632 5504 1860 5574 πεινάσῃ
1879 5517 1894 5532 ⁶
1927 5504 2022 5557 καὶ

437 5581 470 5634 6
497 5584 764 5638 πιστεύων
795 5586 874 5648 είς
908 5585 1027 5654 ἐμὲ,
1058 5586 1119 5638 οὐ
1157 5585 1232 5656 μὴ
1258 5585 1458 5656 διψήσῃ
1495 5585 1736 5641 πώποτε.

506 5664 578 5718 56
616 5666 753 5718 Ἀλλ’
786 5662 941 5722 εἷπον
972 5669 1099 5738 ὑμῖν
1137 5670 1216 5723 ὅτι
1254 5671 1344 5722 καὶ
1388 5669 1668 5738 ἑωράκατέ
1712 5687 1798 5738 με,
1836 5668 1928 5722 καὶ
1960 5669 2018 5722 οὐ

2199 4589 2268 4643 57
2299 4589 2414 4642 Πᾶν
2443 4587 2472 4640 ὅ
2501 4585 2679 4640 δίδωσί
2715 4603 2806 4658 μοι
2838 4587 2868 4639 6
2901 4585 3109 4658 Πατὴρ,
3141 4585 3278 4659 πρὸς
3311 4586 3410 4658 ἐμὲ
3443 4587 3596 4659 ἦξειο
3625 4591 3716 4644 {at

2127 4673 2218 4728 τὸν
2245 4673 2536 4745 ἐρχόμενον
2575 4671 2712 4742 πρός
2745 4687 2810 4741 με
2839 4672 2899 4724 οὑ
2937 4671 3012 4742 μὴ
3041 4671 3256 4725 ἐκϐάλω
3286 4671 3410 4737 ἔξω.

2196 4777 2266 4833 58
2298 4778 2419 4830 Ὅτι
2443 4774 2798 4845 καταϐέϐηκα
2833 4777 2899 4827 ἐκ
2926 4773 3019 4828 τοῦ
3041 4774 3295 4845 οὐρανοῦ,
3328 4777 3427 4847 οὐχ
3458 4777 3547 4831 ἵνα
3581 4777 3709 4831 ποιῶ

2124 4861 2188 4914 τὸ
2211 4859 2420 4931 θέλημα
2440 4859 2500 4911 τὸ
2528 4858 2681 4929 ἐμὸν,
2703 4857 2839 4912 ἀλλὰ
2855 4857 2917 4911 τὺ
2936 4856 3149 4928 θέλημα
3166 4859 3260 4913 τοῦ
3288 4860 3603 4930 πέμψαντός
3627 4876 3706 4932 με.

2197 4973 2266 5030 59
2308 4972 2478 5027 Τοῦτο
2525 4973 2583 5028 δέ
2634 4975 2753 5027 ἐστι
2798 4973 2859 5027 τὸ
2901 4973 3114 5046 θέλημα
3155 4974 3250 5028 τοῦ
3291 4974 3609 5047 πέμψαντός
3648 4990 3709 5044 με

2129 5057 2360 5128 Πατρὸς,
2389 5057 2477 5111 ἵνα
2505 5058 2613 5112 πᾶν
2633 5058 2663 5110 ὃ
2693 5057 2893 5110 δέδωκέ
2921 5074 3034 5128 μοι,
3061 5058 3136 5129 μὴ
3155 5059 3406 5113 ἀπολέσω
3434 5059 3497 5126 ἐξ
3528 5058 3705 5122 αὐτοῦ,

2129 5141 2264 5196 ἀλλά
2289 5142 2577 5212 ἀναστήσω
2599 5141 2733 5195 αὐτὸ
2754 5143 2810 5195 ἐν
2833 5143 2900 5211 τῇ
2926 5141 3130 5214 ἐσχάτῃ
3158 5141 3362 5213 ἡμέρᾳ.

2197 5224 2268 5279 ιο
2313 5224 2484 5277 Τοῦτο
2534 5223 2592 5277 δέ
2638 5226 2754 5278 ἐστι
2800 5223 2858 5276 τὸ
2891 5223 3106 5294 θέλημα
3139 5224 3232 5276 τοῦ
3277 5223 3593 5294 πέμψαντός
3624 5239 3702 5293 με,

2127 5309 2215 5362 ἵνα
2240 5310 2348 5372 πᾶς
2384 5310 2413 5361 ὁ
2439 5306 2660 5380 θεωρῶν
2688 5307 2782 5362 τὸν
2813 5306 2963 5372 Υἱὸν,
2989 5309 3082 5360 καὶ
3122 5306 3398 5360 πιστεύων
3425 5307 3505 5371 είς
3531 5306 3702 5367 αὑτὸν,

2125 5391 2224 5463 ἔχῃ
2274 5389 2417 5462 ζωὴν
2472 5390 2715 5445 αἰώνιον⁸
2773 5391 2868 5444 καὶ
2923 5391 3223 5462 ἀναστήσω
3269 5390 3431 5444 αὐτὸν
3480 5389 3594 5458 ἐγὼ
3642 5390 3702 5459 τῇ

2127 5474 2333 5549 ἐσχάτῃ
2364 5475 2568 5546 ἡμέρᾳ-
3571 5489 3574 5492 '

2198 5580 2260 5635 41
2299 5578 2624 5648 Ἐγόγγυζον
2661 5572 2753 5632 οὖν
2779 5579 2828 5631 οἱ
2868 5575 3107 5631 Ἰουδαῖοι
3143 5577 3272 5649 περὶ
3311 5577 3499 5642 αὐτοῦ,
3522 5579 3605 5632 ὅτι
3634 5573 3701 5629 sl-

2131 5684 2228 5719 πεν
2248 5683 2259 5694 ·
2304 5665 2443 5730 Ἐγώ
2469 5667 2582 5736 εἰμι
2629 5665 2656 5717 6
2705 5663 2868 5734 ἄρτος
2898 5664 2925 5714 ὁ
2960 5662 3201 5726 καταϐὰς
3241 5664 3304 5716 ἐκ
3334 5661 3428 5716 τοῦ
3461 5659 3701 5734 οὐρανοῦ.
