3938 6214
177 323 272 381 801

306 472 533 597 55οΖώὴ
558 527 665 597 γάρ
690 471 853 579 πέλεν
886 526 908 598 [
1036 476 1301 599 ἐτήτυμον
1331 525 1579 597 ἡμετέρη
1612 522 1768 594 σὰρξ,

1895 471 2234 588 71'55'Vita
2272 471 2418 573 enim
2464 471 2595 589 esti

179 619 325 691 Αἷμα
352 620 398 672 δ’
423 619 558 689 ἐμὸν
579 619 850 689 νημερτὲς
875 618 975 688 ἔφυ
999 621 1179 678 ποτόν,
1211 619 1279 674 56
1304 619 1401 681 Ὃς
1428 618 1484 671 δέ
1511 634 1605 671 κεν
1633 616 1770 689 ἀνὴρ

177 710 386 779 Σαρκὸς
412 709 557 779 ἐμῆς
588 709 860 777 γεύσαιτο,
890 711 986 763 καὶ
1012 712 1243 781 αἵματος
1273 712 1352 764 εἰν
1385 711 1465 763 ἑνὶ
1492 708 1700 780 θεσμῷ,

179 796 345 864 Οὗτος
378 800 523 872 ἀνὴρ
550 801 608 852 ὲν
627 801 752 870 ἐμοὶ
775 801 977 871 μενέει,
1001 802 1095 855 καὶ
1122 802 1389 873 ὁμόζυγος
1414 801 1561 872 αὐτῷ

182 895 478 963 Ἔσσομαι,
504 891 739 963 ἔμπεδος
769 887 938 959 οἰκος,
969 893 1285 963 ἀειρόμενος
1307 893 1400 947 καὶ
1432 893 1650 964 ἀείρων.

180 982 252 1037 51
286 985 377 1046 Ὠς
401 982 461 1036 δὲ
490 982 679 1054 Πατὴρ
709 982 864 1047 ζώων
893 1002 960 1054 με
990 983 1213 1054 βοηθόον
1237 984 1427 1038 ὤπασε
1461 984 1685 1055 κόσμῳθ

184 1077 313 1130 Ζώω
339 1076 387 1128 δ’
423 1074 784 1146 ὑψιμέδοντος
812 1074 947 1146 ἐμοῦ
974 1075 1061 1129 διὰ
1087 1075 1265 1147 νεῦμα
1290 1075 1500 1146 Τοκῆος

185 1167 350 1230 Αὐτὸς
380 1166 495 1235 ἐγώ
515 1180 530 1196 ⁸
561 1167 653 1219 καί¹
679 1168 886 1230 ἐκεῖνος
916 1167 1055 1238 ἀνὴρ
1084 1167 1290 1237 ἰσόζυγι
1320 1166 1508 1238 θεσμῷ

196 1256 283 1321 Ἐξ
312 1256 512 1327 ὲμέθεν
538 1257 776 1327 ζήσειεν,
807 1257 939 1328 ἐμὸν
962 1258 1132 1328 δέμας
1161 1256 1541 1321 εἰλαπινάζων.

188 1345 251 1400 58
284 1345 438 1408 Ζωῆς
468 1342 692 1411 ἄφθιτος
724 1345 887 1415 ἄρτος
914 1346 1180 1415 ἐτήτυμος
1207 1338 1359 1408 οὗτος
1382 1343 1569 1397 ἀκούει
1590 1360 1604 1373 ·

187 1437 294 1506 υύχ
333 1430 445 1488 οἷον
473 1435 800 1507 τοπάροιθεν
837 1436 1078 1508 ἐρημαίῃ
1108 1436 1260 1507 παρὰ
1290 1437 1467 1507 λόχμῃ

197 1528 480 1597 Ὑμέτεροι
501 1526 706 1594 γλυκὺν
736 1528 900 1598 ἄρτον
927 1527 1226 1598 ἐθηήσαντο
1253 1528 1470 1597 τοκῆες,

190 1620 290 1689 72
320 1619 431 1672 Kal.
475 1618 639 1672 θάνον
683 1620 744 1672 ἐν
792 1618 1132 1672 σκοπέλοισιν
1178 1617 1499 1689 ὁριπλανέες
1540 1616 1771 1687 μετανά-

1525 1707 1695 1779 [σται.

191 1795 383 1850 Τοῦτον
409 1797 551 1869 ἀνὴρ
580 1798 882 1870 ἐπάρουρος
909 1798 1178 1870 ἐτήτυμον
1212 1800 1373 1870 ἄρτον
1401 1799 1666 1872 ἐρέπτων,

190 1889 337 1959 Ζωὴν
363 1888 557 1958 ὄψεται
587 1884 758 1954 οὗτος,
788 1890 891 1953 ἕως
923 1890 1148 1961 δολιχοῖο
1176 1890 1390 1959 γενείου

203 1979 548 2051 Ἀμφιλαφὴς
581 1980 796 2052 πολιῇσι
821 1981 998 2052 κόμην
1023 1982 1365 2036 λευκαίνεται
1388 1981 1541 2035 αἰών.

193 2068 255 2124 59
283 2067 467 2121 Ταῦτα
503 2069 865 2142 βαθυκρήπιδι
895 2071 1276 2141 Καφαρναοὺμ
1304 2072 1384 2124 ἐνὶ
1420 2072 1553 2143 γαίῃ

195 2158 473 2223 Ἐννεπεν,
505 2155 791 2227 εύλάῖγγος
813 2158 919 2213 ἔσω
943 2162 1091 2231 νηοῖο
1127 2160 1412 2215 διδάσκων.

192 2246 256 2301 60
282 2247 476 2301 Πολλοὶ
504 2248 551 2302 δ’
572 2249 886 2315 εἰσαΐοντες,
917 2250 1229 2322 ἀμερσινόῳ
1261 2250 1365 2303 τινί
1389 2250 1562 2321 λύσσῃ

195 2338 281 2401 Εἰς
319 2340 475 2409 χόλον
513 2341 913 2412 οἰστρηθέντες,
956 2343 1296 2413 ἐμυθήσαντο
1327 2342 1604 2413 μαθηταί·

194 2429 426 2501 Σκληρὸς
458 2431 587 2502 ἐμοὶ
606 2432 760 2500 λόγος
790 2427 942 2496 οὗτος
978 2432 1036 2486 δν
1063 2432 1251 2486 ἔννεπε
1269 2450 1283 2464 ’
1315 2435 1410 2486 καί⁵
1440 2432 1524 2496 τίς
1556 2434 1773 2487 ἀκούειν

193 2512 361 2574 Λύτοῦ
396 2522 799 2593 φθεγγομένοιο
831 2525 1117 2595 δυνήσεται
1142 2541 1157 2591 ;
1185 2524 1247 2579 61
1277 2525 1592 2597 Αύτόματος
1622 2526 1679 2578 δὲ

195 2611 476 2669 Γινώσκων
508 2616 590 2669 ὅτι
621 2616 748 2679 λαὸς
778 2616 1017 2688 ύποδρής
1052 2616 1212 2671 ἔσκεν
1241 2617 1495 2689 ἑταίρων,

195 2705 484 2778 Λαθριδίην
513 2708 763 2778 ἀχάλινον
799 2708 1228 2774 ὑποκλέπτοντες
1261 2708 1409 2781 ἰωὴν,

196 2797 421 2868 Χριστὸς
449 2801 857 2871 ἀμαρτινόοισιν
886 2800 1015 2865 ἔπος
1044 2801 1251 2869 ξύνωσε
1282 2801 1582 2873 μαθηταῖςο

208 2889 436 2958 ’Υμείων
462 2891 550 2944 ὅδε
581 2890 747 2963 μῦθος
778 2892 1008 2947 ἀπειθέα
1032 2893 1200 2963 θυμὸν
1222 2892 1491 2963 ἀμύσσει·

199 2979 263 3034 62
293 2983 353 3035 Εἰ
390 2984 448 3037 δέ
472 3001 569 3038 κεν
598 2984 874 3056 ἀθρήσητε
904 2984 1382 3054 συναστράπτοντα
1416 2983 1587 3054 Τοκῆῖ

198 3073 481 3144 Λίθερίων,
511 3074 634 3128 ὅθεν
664 3070 849 3146 ἦλθεν,
880 3074 985 3128 ἐῶν
1014 3075 1315 3145 ἐπιϐήτορα
1344 3073 1535 3127 θώκων

210 3164 522 3237 ’Δνθρώπου
551 3166 713 3221 πάλιν
739 3162 866 3233 Υία,
889 3165 943 3219 τί
980 3164 1164 3235 ρέξετε
1184 3164 1342 3218 τοῦτο
1372 3164 1668 3234 μαθόντες;

1140 312 1619 372 ΡΑΠΑΡΠΒΛΞΙΒ
1658 310 1724 367 IN
1758 305 2096 367 JOANNEM.
2135 340 2203 351 ——
2243 307 2395 366 CAP.
2431 307 2521 365 VI.

3347 315 3451 372 802

2738 516 2759 590 ]
2791 532 2914 573 vere
2947 527 3134 575 nostra
3185 534 3338 592 caro,
3385 528 3453 582 Et

1872 623 2099 695 sanguis
2128 637 2283 677 meus
2320 621 2628 678 infallibilis
2669 628 2754 676 est
2788 630 2971 692 potus.
3023 622 3092 677 56
3127 623 3455 696 Quicunque

1873 731 1957 783 vir
1997 726 2233 781 Carnem
2277 740 2453 780 meam
2500 726 2820 795 gustaverit,
2868 734 2923 782 et
2968 728 3292 799 sanguinem
3344 744 3452 783 una

1872 832 2184 895 sanctione,
2206 828 2305 884 llic
2326 830 2409 885 vir
2436 828 2492 883 in
2517 844 2605 884 me
2635 837 2839 895 manet,
2873 839 2927 886 et
2961 836 3295 902 conjunctus
3324 848 3453 889 cum

1871 936 1995 1008 ipso
2021 935 2150 1001 Ero,
2188 936 2344 989 firma
2367 933 2586 999 domus,
2612 941 2856 1005 gestatus
2872 942 2926 990 et
2953 945 3197 1006 gestans.
3231 937 3300 992 57
3335 937 3456 994 Sic-

1872 1046 1934 1092 nt
1984 1044 2167 1092 autem
2207 1035 2369 1093 Pater
2415 1036 2604 1092 vivens
2654 1052 2741 1093 me
2779 1039 3165 1107 opitulatorem
3220 1042 3455 1112 prmbuit

1871 1142 2100 1209 mundo,
2132 1140 2270 1196 Vivo
2306 1149 2486 1195 autem
2512 1141 2855 1212 altiregentis
2881 1142 2985 1197 mei
3013 1143 3082 1197 ob
3111 1144 3450 1200 voluntatem

1870 1248 2051 1302 Patris
2082 1246 2203 1318 Ipse
2230 1261 2331 1319 ego
2358 1265 2371 1301 :
2401 1255 2454 1301 et
2482 1247 2571 1301 ille
2593 1246 2672 1300 vir
2696 1245 2894 1316 mquali
2926 1246 3042 1317 lege
3068 1245 3147 1300 Ex
3171 1262 3256 1301 me
3284 1249 3453 1312 vivet,

1869 1364 2048 1403 meum
2098 1362 2303 1418 corpus
2344 1346 2659 1402 comedens.
2707 1345 2776 1400 58
2826 1344 2967 1401 Vitae
3017 1347 3456 1417 incorruptibilis

1870 1453 2029 1522 panis
2062 1469 2227 1509 vcrus
2255 1453 2344 1507 hic
2380 1453 2584 1507 dicitur
2612 1470 2625 1507 :
2663 1451 2784 1506 Non
2818 1452 3057 1521 qualiter
3085 1461 3246 1505 antea
3274 1452 3465 1507 deser-

1869 1566 1977 1612 tam
2018 1559 2162 1629 apud
2211 1558 2405 1614 silvam
2450 1557 2634 1613 Vestri
2690 1558 2908 1613 dulcem
2960 1573 3158 1628 panem
3204 1558 3457 1611 admirati

1868 1665 2003 1717 sunt
2040 1668 2245 1732 patres,
2278 1662 2384 1730 73
2415 1660 2479 1714 Et
2519 1662 2723 1716 mortui
2765 1669 2895 1716 sunt
2940 1663 2996 1716 in
3027 1662 3275 1731 scopulis
3306 1676 3457 1715 mon-

1797 1785 1839 1840 Β
1870 1765 1981 1818 tani
2010 1765 2221 1819 exules.
2260 1763 2417 1819 Hunc
2450 1765 2536 1819 vir
2578 1766 2861 1820 terrestris
2893 1780 3083 1820 verum
3133 1780 3329 1836 panem
3359 1780 3457 1821 co-

1870 1869 2120 1935 medens,
2161 1868 2342 1924 Vitam
2391 1869 2599 1925 videbit
2648 1871 2760 1935 hic,
2807 1871 2983 1926 donec
3044 1870 3238 1940 prolixi
3282 1872 3453 1926 menti

1870 1974 2174 2030 Abundans
2216 1976 2370 2031 canis
2405 1990 2620 2030 comam
2651 1975 2871 2031 dealbat
2902 1976 3185 2031 saeculum.
3219 1975 3290 2030 59
3334 1973 3457 2030 Haec

1870 2079 2131 2151 profundi
2165 2078 2511 2136 fundamenti
2538 2081 2880 2153 Capernaum
2915 2083 2968 2136 in
3004 2090 3151 2138 terra
3183 2082 3351 2148 Dixit,
3383 2082 3457 2137 la-

1872 2185 2069 2256 pidoso
2108 2186 2166 2239 in
2196 2185 2399 2256 templo
2443 2186 2674 2241 docens.
2710 2186 2777 2242 60
2818 2185 2972 2241 Multi
3009 2196 3194 2243 autem
3230 2187 3457 2243 audien-

1873 2299 1977 2356 tes,
2001 2307 2144 2347 caeca
2170 2292 2408 2362 quadam
2443 2293 2595 2348 rabie
2625 2292 2684 2347 In
2719 2292 2857 2347 iram
2887 2293 3169 2359 concitati,
3201 2293 3457 2348 dixerunt

1871 2396 2128 2466 discipuli
2164 2414 2178 2450 :
2228 2396 2412 2453 Durus
2461 2399 2597 2452 mihi
2640 2413 2824 2454 sermo
2866 2398 2957 2451 hic
2998 2412 3161 2467 quem
3201 2397 3364 2463 dixit,
3404 2406 3460 2454 et

1871 2501 1995 2569 quis
2017 2501 2206 2555 audire
2228 2501 2412 2572 Ipsum
2436 2503 2748 2572 loquentem
2773 2503 3014 2574 poterit?
3033 2504 3096 2559 61
3126 2502 3237 2558 Sua
3260 2513 3460 2574 sponte

1874 2612 2058 2659 autem
2090 2603 2447 2676 Cognoscens
2492 2606 2638 2677 quod
2670 2608 2905 2678 populus
2939 2606 3282 2678 suspiciosus
3310 2616 3460 2664 esset

1875 2708 2175 2775 sociorum,
2204 2709 2485 2765 Occultam
2521 2711 2778 2767 cll‘renem
2807 2714 3212 2783 supprimentes
3242 2728 3456 2780 vocem,

1874 2800 2129 2855 Christus
2170 2807 2354 2854 mente
2401 2802 2715 2856 errantibus
2757 2804 2984 2858 verbum
3026 2805 3459 2859 communicavit

1875 2891 2193 2957 discipulis:
2230 2889 2476 2945 Vestram
2508 2892 2596 2945 hic
2628 2907 2811 2947 sermo
2846 2892 3184 2948 incredulam
3219 2902 3459 2949 mentem

1877 2982 2093 3037 cruciat
2123 3000 2135 3035 :
2173 2981 2243 3036 62
2272 2980 2414 3047 Quid
2444 2997 2574 3036 vero
2603 2983 2652 3065 si
2688 2982 2936 3038 videritis
2966 2982 3127 3038 simul
3164 2983 3460 3055 fulgentem

1878 3088 2005 3128 cum
2032 3073 2192 3128 Patre
2218 3072 2561 3138 leestium,
2591 3074 2735 3128 unde
2760 3074 2926 3139 venit,
2956 3090 3182 3131 suarum
3207 3090 3461 3131 ascenso-

1803 3153 1849 3214 C
1880 3181 1995 3221 rem
2039 3166 2251 3221 sedium
2300 3164 2552 3223 Hominis
2587 3181 2779 3224 rursus
2812 3165 3036 3233 Filium,
3086 3167 3216 3239 quid
3251 3166 3463 3226 facietis

1398 3319 1680 3377 TEXTUS
1717 3320 2248 3381 EVANGELISTA).

265 3439 333 3493 42
356 3440 469 3493 Καὶ
501 3438 711 3508 ἔλεγονο
743 3439 856 3510 Οὐχ
878 3430 1033 3504 οὗτός
1060 3438 1206 3492 ἐστιν
1237 3434 1445 3507 Ἰησοῦς
1472 3437 1500 3489 6
1525 3435 1638 3499 υἰός
1666 3436 1781 3490 Ἰω-

202 3523 325 3595 σὴφ,
358 3518 419 3578 οῦ
454 3524 615 3592 ἡμεῖς
655 3522 872 3593 οἴδαμεν
902 3521 994 3575 τὸν
1022 3522 1234 3591 πατέρα
1274 3520 1369 3573 καὶ
1399 3519 1498 3591 τὴν
1531 3518 1773 3590 μητέρα;

202 3608 318 3671 Πῶς
345 3604 439 3663 οὖν
469 3608 617 3677 λέγει
660 3601 839 3671 οὗτος⁸
873 3606 995 3661 ’Ότι
1042 3607 1103 3659 ἐκ
1131 3604 1225 3658 τοῦ
1270 3601 1499 3675 ούρανοῦ
1546 3602 1777 3657 καταϐέ-

200 3690 337 3761 ϐηκα
358 3709 375 3758 ;

263 3774 333 3829 45
374 3774 673 3846 Ἀπεκρίθη
708 3767 800 3826 οῦν
830 3774 859 3825 6
900 3770 1103 3843 Ἰησοῦς
1141 3771 1235 3827 καὶ
1261 3766 1413 3827 εἶπεν
1443 3770 1658 3835 αὐτοῖς·
1687 3770 1779 3841 Μὴ

201 3857 495 3926 γογγύζετε
534 3859 647 3927 μετ’
686 3855 951 3926 ἀλλήλων.

263 3941 331 3994 44
362 3941 555 4002 Οὐδεὶς
584 3939 803 3992 δύναται
829 3938 1002 3992 ἐλθεῖν
1028 3937 1163 4009 πρός
1189 3954 1277 4007 με,
1305 3935 1400 3989 ἐὰν
1432 3936 1506 4006 μὴ
1533 3937 1561 3989 6
1590 3935 1781 4006 Πατὴρ

200 4022 228 4076 6
255 4023 481 4095 πέμψας
512 4037 577 4090 με
604 4020 805 4091 ἐλκύσῃ
832 4019 1015 4086 αὐτὸν,
1046 4020 1141 4073 καὶ
1172 4018 1281 4087 ἐγὼ
1306 4019 1595 4087 ἀναστήσω
1622 4017 1786 4072 αὐτὸν

203 4108 264 4176 τῇ
293 4106 501 4176 ἐσχάτη
530 4104 730 4175 ἡμέριι

270 4191 339 4244 45
374 4192 532 4243 Ἔστι
578 4185 966 4258 γεγραμμένον
1025 4187 1084 4239 ἐν
1129 4187 1242 4250 τοῖς
1284 4185 1623 4255 προφήταιςο
1673 4182 1788 4236 Καὶ

203 4270 412 4327 ἔσονται
436 4273 635 4334 πάντες
662 4271 899 4323 διδακτοὶ
924 4269 1016 4323 τοῦ
1046 4269 1202 4323 Θεοῦ.
1232 4270 1346 4332 Πᾶς
1373 4262 1466 4321 οῦν
1492 4270 1521 4321 6
1549 4264 1788 4328 ἀκούσας

205 4356 351 4426 παρά
378 4354 473 4410 τοῦ
510 4354 744 4424 Πατρδς,
778 4354 874 4407 καὶ
902 4352 1108 4424 μαθὼν,
1136 4352 1354 4424 ἔρχεται
1388 4350 1524 4422 πρός
1556 4366 1643 4419 με.

1955 3439 2025 3494 55
2057 3435 2224 3495 Εἶπεν
2256 3434 2349 3495 οῦν
2379 3440 2563 3503 αὐτοῖς
2588 3441 2617 3493 6
2657 3439 2894 3510 Ἰησοῦςσ
2933 3441 3106 3513 Ἀμὴν
3140 3442 3288 3515 ἀμὴν
3323 3443 3464 3514 λέγω

1884 3523 2031 3592 ὑμῖν,
2065 3522 2161 3577 ἐὰν
2200 3525 2274 3596 μὴ
2324 3525 2535 3594 φάγητε
2575 3525 2675 3597 τὴν
2719 3526 2896 3595 σάρκα
2945 3524 3037 3578 τοῦ
3080 3526 3209 3579 Υἰοῦ
3244 3527 3335 3580 τοῦ
3371 3530 3463 3583 ἀν-

1881 3604 2121 3675 θρώπου,
2147 3607 2242 3660 καὶ
2268 3607 2428 3679 πίητε
2452 3606 2616 3660 αὑτοῦ
2654 3607 2715 3660 τὸ
2744 3604 2903 3677 αἷμα,
2931 3607 3030 3660 οὐκ
3058 3607 3206 3678 ἔχετε
3236 3608 3381 3680 ζωὴν
3410 3612 3466 3664 ἐν

1885 3690 2118 3753 ἑαυτοῖς.

1956 3772 2024 3827 54
2070 3772 2127 3826 '0
2164 3772 2392 3843 τρώγων
2433 3790 2535 3844 μου
2566 3774 2666 3844 τήν
2714 3772 2907 3844 σάρκα,
2941 3774 3035 3827 καὶ
3073 3773 3244 3827 πίνων
3275 3792 3378 3847 μου
3409 3778 3471 3831 τὸ

1884 3851 2045 3925 αἷμα,
2079 3854 2191 3926 ἔχει
2219 3856 2363 3927 ζωὴν
2403 3856 2618 3912 αἰώνιον
2642 3871 2656 3886 ⁸
2700 3857 2796 3909 καὶ
2834 3856 2945 3924 ἐγὼ
2983 3857 3271 3929 ἀναστήσω
3308 3859 3467 3913 αὑτὸν

1884 3941 1951 4009 τῇ
1981 3940 2182 4010 ἐσχάτῃ
2212 3940 2423 4010 ἡμέρῳ
3168 3940 3185 3962 ³

1958 4019 2027 4073 55
2065 4019 2128 4073 Ἥ
2152 4020 2261 4091 γὰρ
2295 4020 2432 4092 σάρξ
2472 4037 2573 4091 μου
2621 4019 2837 4091 ἀληθῶς
2868 4020 2984 4072 ἐστι
3017 4020 3239 4091 βρῶσις,
3272 4022 3366 4075 καὶ
3414 4025 3483 4077 τὸ

1887 4098 2027 4171 αἷμά
2053 4119 2154 4171 μου
2182 4102 2399 4173 ἀληθῶς
2425 4106 2541 4155 ἐστι
2569 4103 2746 4165 πόσις.

1953 4185 2022 4238 56
2055 4185 2113 4237 '0
2144 4183 2373 4256 τρώγων
2414 4203 2514 4256 μου
2554 4187 2654 4255 τὴν
2683 4186 2882 4257 σάρκα,
2926 4186 3022 4240 καὶ
3058 4186 3230 4240 πίνων
3267 4204 3369 4259 μου
3411 4190 3469 4243 τὸ

1882 4259 2044 4336 αἷμα,
2070 4269 2127 4320 ἐν
2159 4268 2281 4337 ἐμοὶ
2316 4269 2491 4339 μένει,
2515 4268 2672 4338 κάγὼ
2695 4270 2753 4323 ἐν
2776 4268 2941 4339 αὐτῷ.

1955 4349 2021 4403 57
2045 4349 2242 4413 Καθὼς
2270 4350 2556 4405 ἀπέστειλέ
2601 4370 2669 4423 με
2710 4355 2739 4406 6
2790 4351 2909 4418 (GN
2948 4350 3159 4422 Πατὴρ,
3200 4351 3354 4421 κάγὼ
3395 4353 3470 4420 ζῶ

272 4439 341 4493 46
366 4440 480 4509 Οὐχ
512 4438 591 4490 ὅτι
622 4437 712 4490 τὸν
746 4436 967 4507 Πατέρα
1004 4453 1086 4499 τις
1119 4435 1384 4506 ἑώρακεν,
1429 4434 1478 4485 εἰ
1520 4432 1596 4503 μὴ
1641 4433 1669 4484 6
1712 4429 1787 4483 ῶν
1819 4497 1860 4509 ἰ
1886 4429 1977 4485 διὰ
2001 4432 2091 4486 τὸν
2121 4434 2344 4507 Πατέρα
2363 4451 2376 4465 ο
2406 4436 2501 4489 καὶ
2536 4437 2564 4489 6
2592 4434 2821 4507 τρώγων
2848 4453 2939 4506 με,
2969 4434 3218 4499 κάκεῖνος
3248 4437 3471 4509 ζήσεται

209 4523 357 4592 παρᾶ
383 4522 479 4575 τοῦ
512 4521 643 4575 Θεοῦ
666 4538 679 4552 ·
706 4516 859 4583 οὗτος
889 4519 1099 4590 ἑώρακε
1133 4519 1224 4572 τὸν
1252 4518 1490 4588 Πατέρα.

276 4606 342 4659 4⁸7
379 4606 549 4677 Ἀμὴν
576 4605 723 4677 ἀμὴν
766 4603 909 4673 λέγω
956 4603 1103 4674 ὑμῖν,
1148 4604 1177 4655 6
1222 4601 1494 4655 πιστεύων
1536 4600 1616 4663 εἰς
1662 4599 1784 4670 ἐμὲ,

210 4686 320 4758 ἔχει
349 4690 495 4761 ζωὴν
521 4688 756 4742 αἰώνιον.

277 4773 346 4826 48
386 4774 527 4843 Ἐγώ
551 4775 664 4843 εἰμι
690 4775 719 4826 6
740 4772 902 4843 ἄρτος
928 4771 1026 4841 τῆς
1056 4769 1216 4839 ζωῆς.

278 4855 347 4911 49
367 4859 429 4911 Οἰ
464 4856 696 4928 πατέρες
718 4856 871 4927 ὑμῶν
900 4853 1099 4924 ἔφαγον
1120 4853 1180 4905 τὸ
1206 4850 1381 4922 μάννα
1406 4851 1463 4904 ἐν
1483 4851 1550 4922 τῇ
1575 4850 1786 4921 ἐρήμῳ,

216 4937 306 4989 καὶ
326 4938 610 4992 ἀπέθανον.

284 5020 352 5076 50
372 5014 540 5085 Οὗτός
567 5024 714 5076 ἐστιν
738 5023 767 5075 6
788 5022 950 5090 ἄρτος
994 5020 1023 5073 6
1058 5021 1122 5073 ἐκ
1145 5017 1235 5073 τοῦ
1268 5016 1496 5089 ούρανοῦ
1526 5014 1791 5069 καταϐαί-

219 5119 336 5169 νων,
367 5107 452 5160 ἵνα
476 5123 560 5169 τις
589 5106 649 5171 ἐξ
675 5104 838 5158 αὑτοῦ
869 5103 1019 5176 φάγῃ
1056 5103 1152 5156 καὶ
1176 5102 1251 5175 μὴ
1281 5102 1545 5174 ἀποθάνῃ.

287 5187 345 5241 Si
391 5189 532 5257 Ἐγώ
574 5191 690 5259 εἰμι
732 5189 761 5240 6
806 5187 967 5254 ἄρτος
1007 5188 1036 5237 6
1074 5185 1203 5251 ζῶν,
1248 5189 1276 5239 6
1319 5186 1384 5239 ἐκ
1428 5186 1523 5238 τοῦ
1562 5181 1789 5256 ούρανοῦ

222 5272 483 5336 καταϐάς’
516 5272 611 5326 ἐάν
638 5289 720 5336 τις
756 5272 904 5340 φάγῃ
939 5270 1004 5323 ἐκ
1044 5270 1236 5322 τούτου
1268 5268 1362 5320 τοῦ
1410 5269 1597 5339 ἄρτου,
1629 5268 1790 5340 ζήσε-

220 5368 307 5406 ται
344 5358 422 5419 εἰς
457 5356 548 5410 τὸν
585 5354 785 5409 αἰῶνα·
814 5354 907 5407 καὶ
935 5354 963 5405 6
1005 5353 1167 5423 ἄρτος
1197 5351 1254 5403 δέ
1300 5350 1358 5405 ὃν
1402 5350 1512 5419 ἐγὼ
1555 5349 1790 5423 δώσω,ή

224 5435 356 5507 σάρξ
390 5438 489 5508 μού
522 5441 692 5503 ἐστιν,
719 5437 787 5507 ἣν
829 5434 939 5505 ἐγὼ
983 5434 1138 5489 δώσω
1180 5434 1319 5504 ὑπὲρ
1339 5434 1437 5503 τῆς
1463 5432 1557 5487 τοῦ
1588 5433 1792 5504 κόσμου

226 5516 383 5589 ζωῆς-

290 5602 356 5655 52
397 5604 689 5674 Ἐμάχοντο
720 5597 808 5657 οὖν
855 5599 986 5672 πρὸς
1022 5599 1283 5669 ἀλλήλους
1325 5599 1373 5651 οἰ
1417 5598 1676 5662 Ἰουδαῖοι,
1710 5598 1797 5650 λέ-

229 5696 430 5749 γοντες·
474 5686 595 5751 Πῶς
638 5686 854 5742 δύναται
898 5680 1051 5749 οὗτος
1096 5685 1221 5755 ἡμῖν
1254 5681 1434 5738 δοῦναι
1475 5682 1575 5752 τὴν
1619 5681 1795 5754 σάρκα

234 5771 412 5836 φαγεῖν
434 5786 449 5838 ;

1817 4497 1864 4555 1)
1888 4516 1955 4570 δι’
1985 4519 2107 4587 ἐμέ.

1959 4600 2027 4655 58
2059 4594 2228 4665 Οὗτός
2255 4601 2401 4656 ἐστιν
2426 4603 2455 4655 6
2480 4602 2643 4673 ἄρτος
2671 4604 2699 4656 6
2733 4604 2795 4656 ὲκ
2819 4601 2913 4654 τοῦ
2938 4600 3166 4673 ούρανοῦ
3196 4602 3440 4666 καταϐάς
3457 4618 3471 4634 ο

1886 4683 1948 4736 οὐ
1992 4683 2176 4747 καθὼς
2228 4684 2431 4754 ἔφαγον
2471 4689 2519 4739 οἰ
2566 4686 2802 4756 πατέρες
2843 4685 3000 4755 ὑμῶν
3046 4684 3108 4737 τὸ
3147 4685 3339 4756 μάννα,
3382 4685 3472 4739 καὶ

1889 4766 2178 4822 ἀπέθανον.
2216 4768 2275 4822 Ὀ
2311 4767 2541 4840 τρώγων
2572 4768 2758 4822 τοῦτον
2785 4768 2876 4822 τὸν
2910 4768 3095 4841 ἄρτον,
3135 4769 3358 4839 ζήσεται
3396 4769 3473 4831 εἰς

1888 4850 1978 4902 τὸν
2014 4850 2204 4905 αἰῶνα.
3142 4866 3151 4875 ‘

1959 4932 2029 4986 59
2054 4933 2240 4987 Ταῦτα
2267 4930 2420 4987 εἶπεν
2452 4936 2510 4987 ἐν
2544 4937 2853 5007 συναγωγῇ.
2875 4935 3141 4991 διδάσκων
3167 4936 3225 4990 ἐν
3252 4936 3477 5005 Καπερ-

1891 5033 2088 5087 ναουμ.

1961 5099 2029 5154 60
2057 5099 2248 5153 Πολλοί
2275 5094 2368 5153 οὖν
2399 5099 2727 5164 ἀκούσαντες
2756 5102 2819 5154 ἐκ
2855 5100 2962 5154 τῶν
2993 5100 3249 5171 μαθητῶν
3285 5100 3473 5168 αὑτοῦ,

1892 5178 2071 5236 εἷπονο
2114 5184 2353 5255 Σκληρός
2386 5186 2531 5238 ἐστιν
2558 5179 2710 5248 οὗτος
2737 5187 2766 5237 6
2791 5184 2945 5254 λόγος
2964 5202 2979 5217 ⁸
3004 5186 3084 5249 τίς
3116 5186 3335 5239 δύναται
3372 5185 3473 5239 αύ-

1892 5267 1986 5320 τοῦ
2019 5266 2239 5320 ἀκούειν
2260 5284 2274 5332 ;

1964 5348 2025 5403 61
2066 5350 2235 5413 Εἰδὼς
2274 5349 2330 5402 δὲ
2366 5350 2394 5401 6
2431 5349 2636 5421 Ἰησοῦς
2686 5352 2745 5404 ἐν
2791 5349 2968 5421 ἑαυτῷ
3012 5351 3094 5407 ὅτι
3145 5348 3476 5418 γογγύζουσι

1895 5435 2024 5506 περί⁸
2050 5433 2241 5488 τούτου
2265 5435 2315 5487 οἰ
2349 5433 2586 5506 μαθηταὶ
2625 5434 2809 5500 αὑτοῦ,
2850 5429 3003 5488 εἶπεν
3046 5434 3252 5495 αὐτοῖς⁴
3305 5429 3475 5483 Τοῦτο

1896 5519 2041 5588 ὑμᾶς
2077 5516 2418 5581 σκανδαλίζει
2441 5536 2455 5584 ;

1966 5599 2034 5654 ti“)
2078 5591 2203 5653 Ἐὰν
2229 5597 2320 5654 οὖν
2343 5601 2582 5672 θεωρῆτε
2610 5600 2701 5653 τὸν
2730 5601 2857 5653 Υἰὸν
2896 5597 2990 5651 τοῦ
3027 5592 3314 5666 ἀνθρώπου
3340 5594 3474 5650 ἀναι-

1897 5684 2144 5739 6αἰνοντα
2169 5684 2302 5739 ὅπου
2328 5681 2396 5757 ἦν
2416 5686 2474 5739 τὸ
2498 5684 2764 5757 πρότερον
2790 5700 2803 5749 ;
