3938 6214
457 254 573 310 803

1729 234 1943 294 NONNI
1980 229 2490 291 PANOPOLITANI

3661 226 3760 283 θοι

476 373 576 426 ΙΙ(ιο
618 360 1118 436 intelligentes?63
1163 358 1404 430 Spiritus
1449 362 1534 414 est
1560 353 1848 411 viviﬁcans
1895 368 2037 425 prie-

2170 351 2214 405 5'5
2243 351 2466 421 Πνεῦμα
2498 349 2653 402 πέλει
2684 347 2931 422 ζωαρκὲς
2959 349 3286 436 ὑπέρτερον·
3316 340 3636 416 ἀλλογενὴς
3658 343 3718 397 δὲ

471 462 747 516 stantior:
801 454 1106 524 alienigena
1146 461 1328 505 autem
1369 449 1568 504 Carnis
1619 447 1898 502 terrestris
1948 445 2052 498 lui-

471 566 635 605 mana
664 557 860 603 natura
909 542 1045 599 nihil
1096 541 1361 613 proderit.
1406 537 1735 594 Sermonum
1779 551 1908 590 vero
1947 549 2050 588 no-

478 647 720 696 strorum
757 641 934 692 lluxus
959 635 1181 690 divinus
1211 648 1350 703 quos
1383 629 1658 696 dico,Vita
1682 628 1847 682 simul
1871 635 1920 682 et
1943 626 2055 696 spi-

474 732 618 786 ritus
655 738 757 791 est,
793 737 847 782 et
885 742 1014 781 vera
1050 740 1177 781 vox.
1214 723 1283 778 6.5
1329 721 1433 778 Sed
1474 720 1694 791 quidam
1722 725 1852 775 sunt
1879 718 2057 771 incre-

475 819 590 874 duli
621 817 904 888 insipienti
944 815 1117 870 rabie.
1163 813 1384 868 Sciebat
1418 813 1560 867 enim
1608 809 1830 880 quinam
1873 814 2058 862 essent

477 910 574 979 qui
607 916 843 963 mentem
873 907 1150 961 habebant
1183 910 1484 965 errantem,
1513 899 1698 955 Fidem
1729 899 1782 952 in
1809 897 1947 951 mari
1973 911 2057 951 er.

473 1001 730 1057 rantibus
753 998 1168 1054 committentes
1204 995 1401 1058 ventis,
1427 993 1493 1046 Et
1519 992 1742 1062 quinam
1774 989 1859 1043 vir
1878 990 2058 1058 ipsum

481 1101 632 1150 esset
682 1091 888 1146 Iudaeis
946 1089 1288 1159 proditurus,
1343 1083 1599 1156 Argentei
1647 1081 1820 1136 morbi
1877 1087 2060 1136 mente

481 1188 727 1257 agitatus
757 1183 1006 1238 stimulo.
1046 1179 1117 1234 65
1147 1179 1211 1233 Et
1245 1179 1378 1249 ipsis
1413 1176 1527 1232 Rex
1558 1170 1696 1228 dixit
1727 1191 1740 1227 :
1779 1172 1905 1227 Ideo
1933 1178 2062 1224 ante

479 1277 592 1330 dixi
628 1275 787 1330 vobis
816 1292 830 1327 :
868 1271 988 1326 Non
1021 1281 1202 1342 poteSt
1227 1269 1509 1324 hominum
1542 1264 1740 1334 aiiquis
1777 1263 1964 1316 volens
1993 1259 2060 1316 ad

482 1381 572 1418 ine
591 1363 796 1426 venire,
825 1360 940 1415 Nisi
965 1377 994 1414 e
1018 1367 1208 1412 nostro
1231 1359 1432 1413 charus
1461 1353 1572 1408 Deo
1607 1353 1688 1406 vir
1713 1350 1827 1404 Hoc
1862 1364 2064 1403 munus

483 1450 761 1520 receperit
799 1449 1036 1503 donante
1071 1445 1248 1501 Patre.
1288 1445 1358 1500 66
1393 1444 1565 1513 Cujus
1596 1441 1768 1511 gratia
1810 1438 2062 1492 inﬁrmus

482 1541 806 1612 retrogrado
836 1540 971 1610 pede
1004 1538 1286 1602 incedens,
1325 1534 1576 1590 Recessit
1607 1531 1798 1602 procul
1841 1529 2064 1584 venien-

486 1633 621 1686 tium
671 1630 992 1700 peregriuus
1037 1636 1218 1683 coetus
1269 1626 1547 1680 sociorum
1594 1639 1608 1675 :
1659 1620 1781 1674 Non
1830 1617 2064 1688 amplius

2154 441 2367 513 Σαρκδς
2388 440 2698 511 ὲπιχθονίης
2727 439 2924 512 βροτέη
2951 440 3115 509 φύσις
3147 427 3298 493 066%!
3320 439 3552 509 ὀνήσει.

2154 535 2359 590 Μύοων
2384 535 2430 588 δ’
2462 533 2748 606 ἡμετέρων
2776 533 2897 604 ῥόος
2928 532 3108 596 ένθεος
3135 532 3229 596 οὒς
3259 529 3552 602 ἀγορεύω,

2157 627 2280 697 Ζωὴ
2309 625 2444 696 ὁμοῦ
2477 626 2571 679 καὶ
2591 624 2812 696 πνεῦμα
2840 624 3013 688 πέλει,
3043 624 3139 678 καὶ
3166 624 3444 694 ἐτήτυμος
3476 620 3664 691 ὀμφή.

2157 717 2226 772 64
2264 716 2422 770 Ἀλλά
2446 733 2593 779 τινες
2626 716 2891 785 γεγάασιν
2915 715 3168 778 άπειθέες
3198 714 3392 786 ἄφρονι
3426 712 3647 784 λύσσῃ.

2162 808 2326 880 ’ῌδεε
2357 807 2466 881 γὰρ
2493 808 2638 871 τίνες
2661 803 2802 879 ἦσαν
2827 809 2942 861 ὅσοι
2970 808 3087 862 νόον
3119 800 3268 878 εἶχον
3293 806 3545 877 ἀλήτην,

2158 899 2351 954 Πίστιν
2385 899 2798 954 άλιπλανέεσσιν
2835 899 3229 970 ἐπιτρέψαντες
3258 897 3522 960 ἀέλλαις,

2160 990 2271 1043 Καὶ
2295 991 2382 1054 τίς
2410 991 2549 1062 ἀνήρ
2583 1008 2676 1062 μιν
2705 990 2929 1062 ἔμελλεν
2968 990 3242 1053 Ἰουδαίοις
3272 985 3672 1059 παραδώσειν,

2173 1081 2475 1154 Ἀργυρέης
2513 1082 2724 1136 νούσοιο
2747 1083 2866 1134 νόον
2897 1082 3078 1153 δεδονη
3088 1081 3248 1153 μένος
3273 1081 3510 1150 οἴστρῳ.

2162 1171 2230 1226 65
2245 1173 2352 1227 Καί
2366 1190 2490 1241 σφιν
2510 1172 2680 1238 Ἀναξ
2691 1173 2972 1244 ἀγόρευεν·
2990 1173 3154 1226 Ὅθεν
3169 1173 3344 1243 πάρος
3359 1171 3602 1229 ἔννεπον
3618 1170 3756 1240 ὑμὶν*

2163 1266 2238 1319 Οὐ
2267 1264 2490 1318 δύναται
2523 1263 2779 1332 μερόπων
2807 1279 2890 1325 τις
2927 1262 3174 1325 ἑκούσιος
3206 1265 3286 1326 είς
3315 1261 3418 1332 ἐμὲ
3457 1259 3697 1330 βαίνειν,

2164 1358 2227 1410 El
2265 1356 2339 1428 μὴ
2367 1355 2458 1422 ἀφ’
2487 1354 2780 1425 ἡμετέροιο
2810 1353 2931 1424 Θεῷ
2966 1353 3331 1424 πεφιλημένος
3359 1351 3518 1422 ἀνὴρ

2165 1449 2337 1502 Τοῦτο
2365 1447 2534 1517 γέρας
2561 1446 2775 1512 δέξαιτο
2804 1445 3183 1517 χαριζομένοιο
3211 1445 3443 1515 Τοκῆος.

2165 1541 2234 1602 66
2263 1534 2338 1594 οὗ
2368 1539 2528 1610 χάριν
2558 1538 2886 1608 ἀστήρικτος
2913 1535 3260 1608 ὁπισθοπόρῳ
3289 1536 3411 1590 ποδὶ
3441 1535 3675 1605 βαίνων,

2166 1631 2376 1696 Χάζετο
2407 1631 2722 1701 τηλεπόρων
2754 1630 3113 1700 μετανάστιος
3144 1627 3311 1699 ἐσμὸς
3339 1627 3588 1698 ἑταίρων
3607 1643 3624 1657 ο

483 1733 668 1778 autem
705 1731 764 1776 ut
813 1729 994 1783 antea,
1028 1719 1344 1774 mutabilem
1377 1729 1583 1770 morem
1627 1713 1869 1775 varians,
1897 1710 2063 1765 Chri-

2170 1695 2366 1777 Ούκέτι
2407 1695 2556 1783 δ”ὡς
2600 1695 2912 1792 τοπάροιθε,
2958 1695 3298 1792 μετάτροπον
3336 1695 3481 1789 ἦθος
3502 1718 3752 1790 άμείύιας,

485 1821 634 1868 stum
669 1809 1004 1879 sequebatur
1038 1809 1257 1862 iterum.
1296 1805 1366 1859 67
1403 1800 1706 1871 lnspiciens
1743 1806 1925 1852 autem
1959 1794 2069 1867 74

489 1901 751 1956 Dominus
802 1900 1141 1955 instabilium
1203 1897 1365 1951 aliter
1417 1893 1742 1948 sentientem
1804 1887 2067 1959 populum

486 1993 769 2046 sociorum
817 1989 1034 2045 Rursus
1089 1994 1438 2042 revocantem
1489 1983 1754 2036 advenam
1803 1979 2066 2050 populum

487 2091 787 2148 errantem,
819 2080 965 2134 Dixit
999 2079 1176 2149 magis
1207 2077 1458 2132 ﬁdelibus
1497 2072 1787 2128 duodecim
1813 2067 2068 2124 omnibus

487 2175 815 2245 discipulis:
865 2171 1010 2228 Num
1058 2186 1184 2225 cum
1228 2167 1506 2225 extraneis
1553 2166 1633 2220 ire
1691 2161 1965 2219 festinatis
2011 2165 2067 2213 et

491 2269 597 2337 ipsi
632 2265 926 2337 Legitimi?
952 2279 1083 2318 num
1115 2262 1323 2333 spuriis
1360 2261 1571 2315 similes
1605 2264 1737 2312 sunt
1763 2250 2059 2323 discipuli?

489 2359 560 2413 68
593 2358 657 2413 Et
686 2359 736 2412 ei
768 2357 963 2413 Petrus
993 2356 1154 2418 dixit,
1182 2362 1411 2408 vocatus
1452 2349 1673 2406 nomine
1714 2346 1904 2402 Simon
1931 2363 1944 2400 :
1988 2343 2071 2399 Ad

490 2465 655 2518 quem
693 2448 859 2504 alium
893 2446 1324 2518 praestantiorem
1363 2441 1691 2499 veniemus?
1727 2440 1897 2494 habes
1925 2437 2070 2493 enim

494 2539 631 2596 Vita:
655 2549 871 2596 aeternae
894 2537 1182 2594 mellilluos
1203 2536 1382 2592 ﬂuxus
1399 2535 1687 2589 verborum
1715 2550 1727 2584 :
1757 2531 1827 2585 69
1845 2529 1910 2584 Et
1930 2529 2074 2601 pria-

493 2631 649 2684 ribus
674 2629 913 2685 scientes
937 2645 1047 2683 non
1075 2627 1364 2683 silentibus
1391 2643 1456 2681 ex
1488 2625 1642 2680 libris
1670 2623 1788 2677 Non
1825 2629 2073 2677 errantes

493 2721 775 2777 credimus
811 2736 917 2776 una
952 2728 1006 2776 et
1041 2721 1421 2775 consentiente
1447 2717 1751 2781 voluntate,
1780 2713 1937 2780 Quod
1980 2713 2074 2768 Dei

493 2821 552 2867 tu
588 2813 740 2868 solus
780 2821 1009 2869 sanctus
1046 2828 1128 2868 es.
1166 2811 1236 2864 70
1273 2809 1638 2878 Suaviloquus
1676 2821 1807 2862 vero
1849 2806 2077 2875 Expres-

493 2920 616 2960 sum
643 2905 781 2958 dixit
806 2919 1114 2962 sermonem
1140 2902 1253 2958 Rex
1282 2900 1506 2956 credulo
1530 2898 1694 2953 Petro
1719 2916 1734 2954 ;
1758 2896 1869 2954 Vos
1894 2909 2077 2950 nonne

493 3003 731 3050 mentem
774 3011 992 3052 onmem
1026 3010 1128 3066 ego
1171 3009 1353 3050 solens
1378 2993 1620 3047 virorum
1661 2988 1740 3043 Ex
1780 2987 1966 3042 multis
1995 3000 2076 3041 se-

493 3102 638 3172 legi?
664 3110 721 3158 et
762 3117 905 3157 unus
939 3107 1336 3154 annumeratus
1368 3096 1525 3152 vobis
1565 3092 1818 3157 Hostilis,
1850 3090 2077 3146 mutabi-

494 3211 587 3275 lis,
614 3209 954 3265 domesticus
981 3216 1066 3263 est
1088 3206 1398 3276 discipulis,
1433 3203 1696 3258 Diabolus
1723 3215 1901 3255 novus
1933 3197 2074 3269 apud

494 3318 750 3382 posteros
776 3310 870 3380 qui
895 3307 1147 3364 dicetur?
1168 3307 1226 3360 7i
1255 3307 1422 3370 Dixit,
1449 3303 1769 3376 signiﬁcans
1793 3300 2078 3356 convicto-

494 3430 612 3471 rem
660 3413 1005 3477 lscariotam,
1050 3411 1234 3466 Miseri
1278 3410 1519 3465 Simonis
1565 3407 1859 3464 subdolum
1909 3403 2076 3457 ﬁlium

494 3518 716 3574 Judam.
748 3515 848 3572 llic
881 3517 1027 3571 enim
1069 3516 1249 3586 ipsum
1275 3514 1582 3569 traditurus
1609 3520 1725 3566 erat
1755 3508 1906 3564 vitali
1944 3507 2077 3574 fato,

496 3625 648 3676 Auro
674 3622 983 3685 insaniens,
1013 3619 1371 3674 fraudulenta:
1399 3618 1638 3674 delatum
1667 3617 1723 3672 in
1756 3624 1871 3672 rete
1893 3625 2080 3686 captu-

497 3740 594 3792 ra,
627 3724 778 3780 Unus
801 3725 1078 3781 exsiStens
1109 3722 1384 3779 sociorum
1411 3720 1722 3777 duodecim.

1127 3895 1282 3952 CAP.
1324 3895 1436 3952 VII.

567 4061 593 4114 1
639 4059 704 4114 Ει
746 4069 877 4114 tunc
909 4056 1164 4112 habitans
1215 4053 1478 4109 Dominus
1521 4052 1596 4109 ibi
1647 4051 1870 4117 mansit,
1909 4052 2079 4107 maio-

493 4169 617 4211 rum
665 4150 1028 4207 tolerantibus
1057 4147 1286 4218 pedibus
1320 4145 1544 4201 Terram
1591 4145 1658 4199 ad
1695 4159 1847 4199 mare
1880 4142 2080 4198 funda-

494 4258 603 4302 tam
656 4245 958 4315 pervadens
1002 4241 1256 4296 Galilam.
1291 4237 1408 4293 Non
1469 4237 1615 4294 enim
1655 4235 1971 4291 Iudaeorum
2021 4235 2075 4289 in

494 4339 614 4412 solo
641 4336 863 4391 volebat
906 4340 1100 4388 sancto
1150 4329 1457 4393 ambulare,
1500 4329 1643 4396 Quia
1677 4329 1854 4400 ipsum
1892 4328 2075 4384 fallaci

2167 1814 2388 1886 Χριστῷ
2422 1814 2786 1885 ἐφωμάρτησε
2809 1813 2872 1866 τὸ
2901 1813 3170 1883 δεύτερον.
3205 1812 3273 1868 67
3302 1811 3594 1882 Εἰσορόων
3621 1810 3677 1863 δὲ

2169 1903 2275 1975 75
2313 1904 2580 1976 Κοίρανος
2614 1902 2892 1958 άσταθέων
2917 1902 3246 1977 έτερόφρονα
3272 1901 3400 1955 λαὸν
3435 1899 3677 1972 ἑταίρων

2173 1996 2280 2066 ’Δψ
2304 1995 2737 2067 άνασειράζοντα
2767 1994 3039 2066 μετήλυδα
3067 1993 3195 2048 λαὸν
3218 1993 3450 2064 ἀλήτην,

2173 2085 2405 2139 Ἔννεπε
2436 2083 2800 2155 πιστοτέροισι
2836 2081 3078 2136 δυώδεκα
3106 2082 3241 2134 πᾶσι
3273 2081 3576 2152 μαθηταῖς,

2167 2171 2248 2230 Ἦ
2277 2179 2345 2248 ῥα
2374 2178 2473 2231 σὺν
2503 2176 2847 2230 ἀλλοδαποῖσι
2888 2173 3070 2246 μολεῖν
3103 2173 3406 2244 σπέρχεσθε
3431 2175 3534 2227 καὶ
3554 2173 3706 2227 αὐτοὶ

2168 2269 2387 2339 Γνήσιοι
2410 2285 2425 2336 ;
2460 2263 2495 2340 ἦ
2520 2271 2591 2340 ῥα
2617 2267 2849 2337 νόθοισιν
2877 2266 3074 2337 ὁμοίῖοί
3101 2267 3207 2320 είσι
3231 2265 3474 2337 μαθηταί
3499 2283 3518 2331 ;

2170 2361 2240 2417 68
2271 2361 2377 2416 Καί
2401 2363 2451 2415 οἱ
2477 2362 2683 2432 Πέτρος
2712 2359 2881 2425 ἔλεξε,
2917 2358 3187 2430 βοιὶιμενος
3207 2357 3415 2431 οὔνομα
3451 2359 3666 2428 Σίμων·

2171 2453 2318 2524 Πρὸς
2345 2453 2464 2507 τίνα
2499 2453 2761 2524 φέρτερον
2802 2450 2960 2506 ἄλλον
2997 2450 3290 2521 ίκάνομενς
3321 2450 3628 2521 ἀμφιέπεις
3655 2449 3750 2520 γὰρ

2173 2546 2327 2617 Ζωῆς
2358 2545 2572 2599 ἁενάοιο
2605 2544 2904 2616 μελίρρυτα
2935 2543 3184 2614 χεύματα
3216 2541 3400 2614 μύθων

2173 2635 2242 2691 69
2267 2635 2377 2690 Καὶ
2411 2635 2690 2706 προτέρων
2712 2635 2976 2696 δεδαῶτες
3009 2635 3286 2705 ἀσιγήτων
3309 2634 3418 2688 ἀπὸ
3445 2634 3648 2705 βίϐλων

2186 2727 2477 2791 Ἀπλανέες
2507 2727 2813 2800 πιθόμεσθα
2845 2729 2942 2798 μιῇ
2974 2729 3069 2781 καὶ
3099 2726 3362 2799 όμόφρονι
3393 2726 3587 2798 βουλῇ,

2175 2819 2329 2872 Ὅττι
2355 2818 2491 2872 Θεοῦ
2527 2819 2592 2872 σὺ
2620 2818 2778 2889 μόνος
2806 2819 2961 2888 ἅγιος
2985 2820 3164 2885 πέλες.
3193 2821 3263 2874 70
3292 2819 3569 2889 Ἦδυεπὴς
3593 2818 3650 2872 δὲ

2186 2909 2502 2964 Ἀντίτυπον
2531 2909 2668 2978 φάτο
2695 2908 2864 2980 μῦθον
2885 2910 3053 2974 Ἀναξ
3077 2910 3236 2980 πειθή
3247 2927 3367 2980 μονι
3388 2910 3586 2981 Πέτρῳ
3603 2924 3620 2937 °

2101 3033 2142 3092 ο
2191 3001 2393 3092 ’Υμέας
2421 3001 2482 3055 οὐ
2513 3000 2686 3092 φρένα
2711 3004 2892 3055 πᾶσαν
2921 3001 3032 3070 ἐγὼ
3055 3001 3380 3072 δεδαημένος
3403 3000 3618 3072 ἀνδρῶν

2191 3092 2285 3144 Ἐκ
2309 3091 2515 3146 πολέων
2545 3091 2768 3162 ἔκρινας
2799 3091 2892 3146 καὶ
2919 3088 3000 3156 εἷς
3027 3091 3338 3163 ἐναρίθμιος
3368 3093 3497 3162 ὑμῖν

2177 3185 2354 3254 Δήῖος,
2384 3183 2834 3253 ἀλλοπρόσαλλος.
2861 3183 3110 3254 ὁμέστιός
3129 3185 3246 3236 ἐστι
3284 3183 3578 3254 μαθηταῖς,

2186 3273 2442 3336 Διάϐολος
2462 3273 2581 3335 νέος
2609 3271 2766 3335 ἄλλος
2802 3274 2860 3325 έν
2885 3272 3212 3342 ὀψιγόνοισιν
3243 3272 3490 3338 ἀκούων;

2181 3363 2244 3418 71
2279 3367 2528 3428 Ἔννεπε,
2565 3364 2847 3436 σημαίνων
2876 3364 3199 3435 όμοδόρπιον
3241 3363 3622 3436 Ἰσκαριώτην,

2178 3457 2466 3512 Αίνοτόκου
2493 3457 2738 3527 Σίμωνος
2769 3455 3062 3510 ἐπίκλοπον
3090 3456 3206 3511 υἱὸν
3239 3457 3458 3512 Ἰούδαν.

2179 3548 2354 3611 Αὐτὸς
2380 3543 2488 3619 γάρ
2519 3565 2609 3619 μιν
2643 3548 2836 3620 ἔμελλε
2863 3551 3050 3620 πορεῖν
3083 3549 3323 3620 ζωαρκέῖ
3350 3549 3565 3621 πότμῳ,

2178 3637 2538 3710 Χρυσομανὴς
2564 3637 2742 3709 δολίης
2774 3638 3148 3709 πεφορημένον
3181 3640 3238 3703 ὲς
3272 3639 3414 3693 λίνον
3445 3639 3640 3713 ἄγρης,

2179 3723 2278 3793 Εἷς
2310 3726 2526 3798 γεγαὼς
2556 3727 2766 3798 ἑτάρων
2855 3729 3194 3787 δυοκαίδεκα.

2832 3900 2988 3955 ΚΕΦ.
3033 3901 3110 3959 Z'.

3166 4059 3191 4111 1
3229 4059 3340 4113 Καὶ
3377 4058 3497 4114 τότε
3525 4061 3683 4116 ναίων

2179 4143 2447 4215 Κοίρανος
2475 4145 2660 4199 αὐτόθι
2695 4145 2912 4217 μίμνεν,
2943 4146 3312 4212 ἁνεξικάκοισι
3343 4151 3580 4217 πεδίλοις

2180 4236 2348 4290 Γαῖαν
2382 4235 2716 4308 άλικρήπιδα
2750 4237 3068 4308 διαστείχων
3098 4238 3407 4310 Γαλιλαίης.

2180 4330 2254 4382 Οὺ
2283 4329 2391 4400 γὰρ
2433 4328 2699 4382 Ἰουδαίων
2726 4328 2888 4383 πέδον
2909 4329 3097 4401 ἤθελεν
3117 4331 3280 4400 ἁγνὸν
3307 4330 3535 4401 ὁδεύειν,

1701 4480 1982 4536 TEXTUS
2015 4479 2544 4536 EVANGELISTA‘J.

567 4629 636 4684 63
659 4628 733 4680 Τὸ
753 4625 971 4697 πνεῦμά
1001 4627 1117 4679 ἐστι
1141 4627 1203 4680 τὸ
1226 4625 1542 4692 ζωοποιοῦν,
1570 4627 1604 4696 ἡ
1636 4623 1773 4695 σὰρξ
1805 4625 1905 4678 οὐκ
1941 4625 2083 4693 ὼῳε-
2116 4631 2160 4687 D
2255 4623 2324 4679 68
2365 4623 2662 4697 Ἀπεκρίθη
2682 4619 2775 4679 οῦν
2797 4625 2945 4697 αὐτῷ
2966 4627 3147 4697 Σίμων
3166 4627 3388 4698 Πέτρος
3412 4627 3604 4701 Κύριε,
3626 4626 3736 4700 πρὸς

493 4714 578 4766 λεῖ
605 4710 776 4765 οὐδέν.
805 4709 885 4762 Τὰ
916 4711 1137 4782 ῥήματα
1157 4708 1193 4763 ἃ
1217 4709 1328 4777 ἐγὼ
1362 4707 1509 4762 λαλῶ
1540 4708 1692 4776 ὑμῖν,
1720 4707 1938 4778 πνεῦμά
1963 4710 2082 4762 ὲστι

496 4797 592 4850 καὶ
622 4795 734 4864 ζωή
765 4796 932 4849 ἐστιν.

567 4879 636 4932 64
672 4879 808 4932 Ἀλλ’
823 4881 958 4933 είσὶν
985 4877 1046 4943 ἐξ
1068 4878 1098 4931 ύ
1107 4877 1222 4949 μῶν
1244 4895 1388 4941 τινες
1404 4876 1454 4931 οἳ
1467 4876 1530 4930 οὐ
1547 4875 2081 4949 πιστεύουσιν.ᾜδει

495 4961 606 5031 γὰρ
635 4959 693 5024 ἐξ
719 4963 892 5032 ἀρχῆς
928 4965 957 5016 6
992 4959 1197 5032 Ἰησοῦς
1221 4961 1364 5025 τίνες
1410 4961 1547 5015 εἰσὶν
1588 4962 1639 5014 οἱ
1685 4962 1760 5033 μὴ
1803 4959 2084 5015 πιστεύον-

495 5061 606 5110 τες,
637 5045 732 5096 καὶ
758 5045 842 5108 τίς
865 5047 1010 5097 ἐστιν
1036 5047 1064 5097 6
1089 5044 1426 5118 παραδώσων
1454 5043 1636 5098 αὐτόν.

568 5127 635 5180 63
680 5128 788 5180 Kai
833 5127 984 5196 ἔλεγε
1007 5144 1020 5158 ·
1065 5129 1164 5182 Διὰ
1215 5128 1373 5181 τοῦτο
1410 5127 1609 5199 εἴρηκα
1641 5127 1768 5198 ὑμῖν
1797 5125 1877 5179 ὅτι
1914 5125 2087 5188 οὐδεὶς

494 5209 718 5263 δύναται
746 5210 917 5262 ἐλθεῖν
955 5202 1101 5282 πρὸς
1126 5229 1192 5281 με
1225 5211 1316 5265 1ἑιᾶιν
1352 5206 1484 5282 μὴῇ
1521 5208 1804 5280 δεδομένον
1838 5207 1989 5279 αὐτῷ
2021 5208 2087 5263 ἐκ

493 5293 589 5348 τοῦ
619 5293 830 5364 Πατρός
866 5310 988 5362 μου.

566 5376 635 5431 66
677 5377 772 5429 Ἐκ
795 5376 985 5429 τούτου
1015 5375 1196 5430 πολλοὶ
1223 5375 1462 5446 ἀπῆλθον
1499 5376 1606 5430 τῶν
1637 5373 1895 5446 μαθητῶν
1921 5373 2082 5428 αὐτοῦ

495 5463 576 5528 εἰς
603 5460 671 5513 τὰ
701 5459 894 5521 ὀπίσω,
920 5461 1015 5513 καὶ
1035 5459 1217 5512 οὐκέτι
1259 5461 1375 5528 μετ’
1402 5458 1565 5511 αὐτοῦ
1597 5458 1983 5530 περιεπάτουν.

566 5543 633 5599 67
673 5539 838 5596 Εἶπεν
863 5539 955 5596 οῦν
984 5545 1012 5598 6
1047 5537 1254 5615 Ἰησοῦς
1276 5544 1387 5606 τοῖς
1417 5540 1646 5596 δώδεκαο
1678 5541 1768 5612 Μὴ
1798 5540 1891 5595 καὶ
1917 5541 2076 5612 ὑμεῖς

496 5621 679 5680 θέλετε
711 5628 942 5697 ὑπάγειν
964 5647 976 5695 ;

2189 4709 2310 4764 τίνα
2331 4709 2773 4778 ἀπελευσόμεθα;
2805 4711 3025 4780 ῥήματα
3054 4711 3200 4782 ζωῆς
3230 4711 3450 4764 αἰωνίου
3473 4713 3636 4784 ἔχειςο

2259 4793 2328 4847 69
2368 4794 2478 4846 Καὶ
2510 4795 2672 4863 ἡμεῖς
2703 4793 3150 4864 πεπιστεύκαμεν
3179 4796 3274 4848 καὶ
3319 4796 3637 4870 ἐγνώκαμεν
3671 4796 3736 4848 ὅτι

2191 4876 2255 4929 σὺ
2285 4871 2338 4928 εἷ
2357 4878 2386 4928 6
2405 4876 2638 4947 Χριστὸς
2658 4879 2687 4930 6
2713 4878 2840 4941 Υἱὸς
2869 4877 2962 4931 τοῦ
2983 4877 3118 4931 Θεοῦ
3138 4879 3233 4932 τοῦ
3259 4879 3481 4944 ζῶντος.

2260 4960 2329 5012 70
2373 4960 2669 5032 Ἀπεκρίθη
2695 4961 2877 5026 αὐτοῖς
2896 4963 2924 5015 ὁ
2956 4961 3184 5033 Ἰησοῦς·
3211 4965 3324 5017 Οὐκ
3344 4965 3454 5034 ἐγὼ
3477 4966 3620 5035 ὑμᾶς
3633 4965 3735 5023 τοὺς

2187 5039 2395 5096 δώδεκα
2423 5042 2776 5116 ἐξελεξάμην,
2807 5045 2902 5099 καὶ
2930 5043 2989 5110 ἐξ
3011 5046 3166 5116 ὑμῶν
3196 5042 3278 5109 εἷς
3317 5047 3561 5112 διάϐολός
3585 5051 3731 5108 ἐστιν;

2262 5125 2321 5177 7|
2365 5125 2557 5196 Ἔλεγε
2589 5128 2646 5181 δὲ
2689 5129 2780 5182 τὸν
2836 5128 3040 5183 Ἰούδαν
3085 5128 3330 5200 Σίμωνος
3387 5131 3727 5204 Ἰσκαριώτην·

2185 5201 2340 5272 οὗτος
2361 5209 2469 5284 γὰρ
2497 5212 2733 5283 ἤμελλεν
2757 5212 2921 5267 αὐτὸν
2951 5212 3323 5285 παραδιδόναι,
3349 5207 3430 5278 εἷς
3453 5201 3625 5270 ὤν’ὲκ
3648 5214 3733 5267 τῶν

2185 5293 2420 5348 δώδεκα.

2839 5381 2999 5435 ΚΕΦ.
3038 5383 3112 5436 Z'.

2261 5462 2283 5514 1
2330 5463 2438 5516 Καὶ
2467 5465 2790 5535 περιεπάτει
2819 5467 2847 5518 6
2877 5464 3084 5537 Ἰησοῦς
3120 5465 3258 5536 μετὰ
3283 5465 3454 5520 ταῦτα
3487 5446 3546 5521 ἐν
3567 5468 3629 5540 τῇ
3650 5463 3730 5518 Γα-

2183 5543 2382 5614 λιλαίᾳ·
2415 5546 2474 5598 οὐ
2505 5546 2613 5618 γὰρ
2642 5547 2832 5619 ἤθελεν
2860 5550 2918 5601 έν
2947 5551 3012 5620 τῇ
3055 5549 3282 5620 Ἰουδαίᾳ
3315 5553 3648 5622 περιπατεῖν,
3667 5546 3732 5603 ὅτι

2181 5626 2410 5700 ἐζήτουν
2437 5629 2598 5686 αὐτὸν
2623 5633 2673 5683 oi
2717 5632 2960 5687 Ἰουδαῖοι
2989 5633 3332 5689 ἀποκτεῖναι.
