3938 6214
242 287 359 343 8Οὸ

230 398 406 452 Ὀττι
438 415 548 466 μιν
577 401 852 473 ήπεροπῆῖ
882 400 1019 473 δὸλῳ
1054 404 1336 474 μενέαινον
1364 407 1583 460 ὀλέσσαι

230 482 377 552 Υἷες
418 491 727 559 Ἰουδαίων,
748 495 879 565 ὁσίῳ
907 495 1189 565 χαίροντες
1210 495 1332 550 duo
1342 516 1439 569 ρῳ.

230 578 272 632 9.
302 576 425 633 Ἦν
453 582 519 635 δὲ
554 584 674 655 Θεῷ
703 585 982 657 πάνδημος
1010 588 1225 657 ὲτήσιος
1259 591 1426 658 ὲγγὺς
1447 590 1630 663 ἑορτή,

236 671 659 742 Πηγνυμέναις
680 676 951 749 κλισίῃσιν
976 677 1282 745 ἐπώνυμος.
1313 682 1349 735 5
1394 682 1705 753 Ἀγχίμολοι
1738 683 1796 735 δὲ

236 761 463 817 Γνωτοὶ
500 764 792 834 ψευδαλέοι
824 767 1159 838 τετράζυγες
1181 765 1296 835 υἷες
1331 772 1551 845 Ἰωσὴφ,

236 853 503 924 Χριστὸν
533 858 980 930 ὲπισπέρχοντες,
1011 859 1273 931 ὁμόθροον
1300 864 1448 933 ῐαχον
1478 864 1647 934 αὐδήν
1676 880 1689 893 ·

252 944 568 1001 Ἐντεῦθεν
597 948 884 1018 μετάϐηθι,
909 949 1025 1016 καὶ,
1047 950 1252 1003 ὁππότε
1279 952 1466 1023 κῶμος
1500 954 1715 1024 ἑορτῆς,

240 1035 514 1091 Σπεῦσον
559 1038 819 1108 Ἰουδαίης
843 1040 1187 1111 ὁμοτέρμονα
1209 1044 1373 1109 γαῖαν
1395 1042 1618 1107 ὁδεύειν,

246 1130 451 1198 Ὄφρα
486 1129 968 1200 μεταστρέψαντες
997 1132 1224 1185 ἀπειθέα
1245 1133 1373 1187 λαὸν
1398 1134 1623 1206 ἀλήτην,

258 1218 547 1289 Ἀρχαίην
582 1220 672 1272 σέο
702 1220 883 1273 πίστιν
907 1222 1297 1294 ἀνακτήσοιντο
1326 1225 1588 1295 μαθηταὶ,

246 1310 300 1380 7
320 1311 381 1380 6
410 1311 754 1382 Δερκόμενοι
789 1312 944 1367 σέθεν
963 1314 1099 1385 ἔργα
1129 1316 1278 1387 σοφῷ
1301 1317 1661 1387 τετελεσμένα
1688 1316 1865 1388 μύθῳ.

247 1400 283 1452 4
312 1402 394 1453 Οὑ
432 1400 557 1472 γάρ
580 1418 668 1465 τις
699 1401 955 1472 μερόπων
985 1403 1315 1458 ὑποκόλπιον
1342 1406 1502 1477 ἔργον
1528 1408 1765 1477 ὑφαίνει,

252 1489 324 1541 Ἐ
336 1506 481 1561 ργον
512 1489 740 1560 ἀθηήτῳ
764 1491 1181 1563 κεκαλυμμένον
1211 1496 1374 1566 ἀχλύῖ
1402 1497 1582 1568 σιγῆς,

264 1583 601 1654 ’Λμφαδίην
630 1584 673 1636 δ’
698 1582 875 1636 ἐθέλει
909 1586 1117 1657 θρασὺς
1151 1589 1407 1660 ἔμμεναι.
1444 1591 1506 1643 Εἰ
1536 1590 1661 1645 τάδε
1690 1590 1868 1662 ῥέξεις

251 1675 502 1728 Ποικίλα
538 1676 815 1747 θαύματα,
847 1676 1022 1744 δεῖξον
1048 1679 1302 1752 ὁρώμενα
1330 1681 1586 1753 θαύματα
1616 1684 1829 1754 κόσμῳ.

255 1765 291 1819 5
322 1766 468 1820 Τοῖα
502 1768 685 1838 μάτην
718 1769 1005 1840 ἀγόρευον,
1035 1771 1291 1836 ἀπειθέες
1314 1767 1513 1845 οἷάπερ
1540 1774 1712 1828 ἄλλοι·

254 1858 516 1927 Χριστοῦ
548 1860 1256 1931 παμμεδέοντοςάδελφειοί
1285 1881 1391 1933 περ
1419 1864 1621 1929 ἐόντες,

259 1948 499 2013 Πίστιος
528 1948 772 2012 ἀπλανὲς
799 1946 934 2021 ἦθος
955 1952 1352 2023 ἀπηρνήσαντο
1385 1954 1478 2008 καὶ
1511 1955 1687 2008 αύτοί.

256 2040 292 2095 6
322 2039 437 2094 Καί
473 2058 608 2111 σφιν
638 2041 805 2108 ’Δναξ
826 2042 1087 2115 ἀγόρευεν
1120 2044 1395 2116 ἀμοιϐαίῳ
1415 2047 1521 2101 τινὶ
1552 2046 1724 2116 μύθῳ·

259 2132 439 2186 Οὔπω
464 2134 688 2204 καίριος
716 2131 881 2206 ἦλθεν
906 2136 1037 2206 ἐμὸς
1062 2135 1273 2208 χρόνος·
1307 2136 1572 2208 ὑμέτερος
1598 2138 1657 2191 δὲ

261 2225 561 2278 Πέπταται
593 2225 712 2280 αἰὲν
734 2228 969 2297 ἑτοῖμος,
1004 2226 1308 2296 ἐλεύθερος.
1333 2227 1363 2279 7
1394 2228 1468 2279 Οὐ
1499 2226 1721 2281 δύναται
1757 2225 1869 2299 γὰρ

261 2315 604 2386 Ζηλομανής
631 2332 763 2377 ποτε
798 2316 1005 2387 κόσμος
1035 2318 1262 2389 ὲθήμονι
1295 2317 1522 2371 λαίλαπι
1551 2317 1761 2389 λύσσης

272 2406 496 2476 ’Υμέας
534 2408 833 2479 ἐχθαίρειν·
858 2410 959 2480 ἐμὲ
992 2410 1050 2464 δὲ
1075 2408 1294 2477 στυγέει
1319 2408 1411 2462 καὶ
1438 2408 1655 2461 ἐλαύνει

260 2501 576 2572 Θαρσήεις·
617 2501 699 2555 ὅτι
735 2498 933 2571 μοὸνος
958 2498 1169 2569 ἀφειδέῖ
1199 2500 1435 2570 μάρτυρι
1469 2501 1621 2570 φωνῇ

275 2593 515 2656 Ἠθάδος
547 2590 867 2663 ἀμπλακίης
895 2592 1174 2662 ἐγκύμονα
1211 2593 1416 2662 κόσμον
1446 2591 1674 2661 ἐλέγχω,

266 2684 459 2753 Ἔργα
487 2684 668 2752 τάπερ
695 2682 869 2735 τελέει
901 2681 1069 2752 βοόων
1092 2682 1348 2754 ἀλλότρια
1374 2680 1580 2752 θεσμῷ.

265 2775 299 2828 8
334 2765 540 2844 Ὑμεῖς
569 2772 879 2828 εύκελάδοιο
914 2772 1199 2845 μετέλθετε
1229 2773 1415 2844 κῶμον
1441 2772 1653 2843 ἑορτῆς·

265 2861 441 2916 Οὔπω
472 2861 591 2930 ἐγὼ
617 2862 831 2925 κλισίας
860 2861 1167 2930 νεοπηγέας
1197 2861 1321 2931 ἄρτι
1352 2859 1652 2930 γεραίρων,

266 2955 365 3018 El;
385 2954 620 3025 τελετὴν
643 2955 799 3026 ὁσίην
825 2954 1178 3025 ἐπιϐήσομαι·
1211 2950 1483 3022 ἡμετέρου
1511 2949 1620 3020 γάρ

268 3044 445 3099 Οὔπω
463 3063 560 3115 μοι
578 3044 858 3098 τετέλεστο
876 3045 1070 3115 χρόνου
1100 3043 1319 3113 δρόμος.
1339 3041 1371 3095 9
1394 3042 1487 3104 Ὣς
1506 3042 1535 3093 ὁ
1555 3040 1653 3110 μὲν
1670 3037 1863 3107 εἰπὼν,

274 3137 544 3207 Ἐστιχεν
572 3137 732 3205 άγνὸν
765 3136 977 3189 ἔδεθλον
1006 3134 1395 3206 ἀκερσεκόμων
1420 3133 1734 3187 Γαλιλαίων.

269 3229 339 3282 10
365 3229 577 3283 Γνωτοὶ
597 3229 641 3283 δ’
667 3229 742 3294 ὡς
766 3229 1046 3283 ἀνέϐαινον
1078 3229 1136 3291 ἐς
1170 3226 1332 3298 ἱερὸν,
1360 3225 1458 3295 ὀψὲ
1490 3227 1584 3279 καὶ
1616 3226 1782 3289 αὐτὸς

272 3320 511 3374 Ἐνθεον
543 3320 687 3391 ῐχνος
719 3322 962 3391 ἔκαμψεν
1000 3321 1059 3383 ὲς
1091 3318 1479 3391 ἀρτιχόρευτον
1504 3318 1719 3389 ἑορτήν.

273 3413 334 3467 ll
370 3414 488 3467 Καί
524 3430 615 3484 μιν
656 3413 896 3467 Ἰουδαῖοι
922 3413 1074 3483 φιλίῃ
1108 3412 1374 3482 μάστευον
1399 3411 1634 3483 ἀνάγκῃ·

270 3508 355 3577 Πῆ
393 3524 488 3577 μοι
513 3506 610 3578 ἒϐη
634 3523 651 3574 ;
683 3508 775 3561 ποῖ
800 3508 1013 3571 κεῖνος;
1042 3506 1109 3560 12
1148 3504 1538 3575 Ὕποτρύζοντι
1568 3504 1626 3557 δὲ
1646 3502 1765 3576 λαῷ

269 3597 487 3669 Μυρίος
516 3598 674 3669 ἔρρεε
706 3596 873 3669 μῦθος
898 3598 1174 3669 ἀσιγήτων
1201 3597 1308 3651 ἀπὸ
1330 3596 1562 3668 λαιμῶν.

269 3691 385 3742 Καὶ
424 3690 619 3753 πολέες
653 3690 958 3759 φθέγξαντο
991 3690 1210 3743 θεουδέα
1238 3690 1493 3762 μάρτυρα
1532 3688 1738 3760 φωνὴν,

269 3780 435 3834 Ὂττι
474 3782 635 3849 σοφὸς
660 3781 887 3847 τελέθει,
911 3782 1006 3837 καὶ
1040 3782 1313 3855 ὑπέρτερα
1342 3782 1598 3854 θαύματα
1617 3782 1821 3853 τεύχει.

272 3873 467 3925 Ἄλλοι
500 3871 543 3923 δ’
571 3871 934 3942 ἀντερίδαινον
963 3872 1327 3943 ὁμογλώσσων
1360 3874 1468 3927 ἀπὺ
1502 3873 1741 3943 λαιμῶν·

267 3964 344 4017 Οὔ
384 3961 575 4030 σοφὸς,
611 3962 673 4014 οὔ
704 3962 865 4031 σοφὸς
886 3958 1040 4025 οὗτος
1071 3965 1357 4033 ἐτήτυμον·
1390 3965 1696 4035 ἀγρομένου
1731 3963 1789 4016 δὲ

270 4053 446 4118 Λαοῦ,
481 4052 805 4122 κλεψινόοισι
842 4053 1189 4125 παραπλάζει
1217 4054 1389 4124 φρένα
1414 4054 1623 4123 μύθοις.

270 4144 409 4197 Τοῖα
449 4143 550 4215 μὲν
576 4143 887 4215 ἀλλήλοισιν
912 4144 1148 4216 ὁμίλεον.
1182 4144 1249 4197 15
1289 4144 1457 4214 Ἀμφὶ
1483 4144 1527 4197 δ’
1559 4144 1647 4214 ἄρ’
1682 4142 1850 4198 αὐτοῦ

270 4233 346 4285 Ού
374 4234 503 4287 τότε
530 4233 810 4305 τολμήσας
842 4252 928 4298 τις
961 4234 1272 4305 ἀδειμάντῳ
1301 4235 1409 4287 τινὶ
1440 4237 1590 4306 φωνῇ

285 4326 594 4398 Ἀμφαδίην
616 4326 855 4398 ὁάριζεν,
888 4327 1003 4398 78
1023 4326 1282 4399 ἐλεύθερα
1313 4327 1497 4398 χείλεα
1522 4326 1711 4394 λύσας,

1190 289 1678 348 PARAPIIRASIS
1718 291 1785 346 1N
1823 294 1829 346 ;

1973 294 2252 354 lNEM.—
2289 299 2442 356 CAP.
2483 298 2595 355 VII.
3444 293 3553 352 800

1895 418 1940 475 Α
1973 410 2099 466 dolo
2130 414 2386 469 volebant
2416 413 2643 485 perdere
2682 411 2804 466 Filii
2832 397 3167 477 Judmorum,
3195 415 3383 466 sancta
3406 422 3546 480 gau-

1964 501 2156 558 dentes
2192 506 2451 573 pernicie.
2486 506 2521 559 2
2552 505 2679 558 Erat
2724 512 2904 559 autem
2941 503 3050 558 Deo
3079 503 3357 573 publicum
3388 501 3549 555 anni-

1965 593 2266 648 versarium
2311 612 2481 666 prope
2514 596 2734 658 festum,
2787 597 2832 648 Λ
2873 595 2993 651 lixis
3046 593 3415 661 tabernaculis
3462 591 3546 647 di-

1965 691 2133 738 ctum.
2187 684 2544 756 3Propinqui
2591 696 2768 741 autem
2806 686 3025 741 Fratres
3055 687 3177 741 falsi
3228 685 3549 756 quadrupli»

1967 792 2059 831 ces
2102 776 2193 830 lilii
2237 775 2459 848 .loseph,
2507 777 2783 832 Christum
2834 779 3163 841 incitantes,
3218 775 3547 832 concordem

1967 879 2271 924 senuerunt
2322 885 2512 925 vocem
2547 888 2560 923 :
2594 868 2732 922 llinc
2774 870 3016 930 discede.
3040 880 3093 924 et
3139 867 3362 939 quando
3412 866 3550 921 cele-

1968 963 2146 1016 bratio
2182 962 2303 1017 festi
2340 961 2490 1033 (est,)
2520 960 2745 1017 Festina
2782 959 2986 1017 Iudaeae
3014 960 3297 1013 finitimam
3344 966 3546 1013 terram

1968 1051 2258 1114 accedere,
2326 1049 2393 1105 Ut
2460 1057 2846 1105 convertentes
2890 1049 3229 1101 incredulum
3285 1047 3545 1116 populum

1967 1150 2262 1206 errantem,
2289 1140 2536 1196 Veterem
2568 1142 2621 1195 in
2655 1150 2707 1195 te
2731 1140 2889 1194 fidem
2924 1144 3245 1208 rccuperent
3266 1135 3547 1206 discipuli.

1970 1234 2075 1303 77
2113 1232 2368 1289 Vidcntcs
2430 1242 2521 1287 tua
2566 1247 2730 1302 opera
2778 1230 3011 1301 sapienti
3071 1229 3308 1299 perfecta
3355 1228 3547 1283 verbo.

1967 1324 2000 1377 4
2030 1322 2146 1377 Non
2188 1323 2334 1378 enim
2371 1324 2569 1393 aliquis
2606 1323 2884 1377 hominum
2913 1321 3189 1375 occultum
3221 1334 3359 1387 opus
3390 1317 3551 1381 texit,

1966 1413 2115 1485 Opus
2155 1414 2416 1471 invisibili
2446 1416 2781 1470 occultatum
2813 1413 3047 1483 caligine
3075 1410 3301 1473 silentii,
3346 1409 3553 1478 Aperte

1966 1520 2096 1561 vero
2121 1507 2235 1560 vult
2281 1505 2459 1559 audax
2516 1520 2674 1571 esse;
2722 1504 2768 1558 si
2800 1504 2914 1557 haec
2966 1501 3136 1556 facies
3174 1499 3337 1553 Varia
3384 1499 3551 1552 mira-

1966 1596 2111 1663 cula,
2160 1595 2390 1651 ostende
2428 1604 2717 1666 perspecta
2759 1592 3025 1647 miracula
3070 1589 3295 1645 mundo.
3334 1589 3368 1643 5
3399 1586 3550 1641 Talia

1970 1684 2177 1740 frustra
2226 1684 2503 1750 dicebant,
2550 1682 2819 1738 increduli
2872 1682 3016 1738 sicut
3067 1688 3121 1735 et
3166 1679 3304 1733 alii:
3343 1677 3553 1732 Christi

1897 1770 1941 1829 Β
1969 1777 2213 1831 omnium
2242 1777 2473 1832 rectoris
2508 1774 2706 1830 fratres
2729 1775 2858 1829 licet
2897 1773 3247 1835 cxsistcntcs,
3276 1769 3427 1824 Fidei
3455 1769 3550 1822 llr.

1967 1879 2116 1919 mum
2141 1880 2348 1920 morem
2371 1865 2714 1936 abnegarunt
2738 1872 2792 1918 et
2822 1863 2952 1934 ipsi.
2986 1862 3019 1916 6
3038 1861 3102 1914 Et
3124 1861 3258 1931 ipsis
3280 1858 3392 1927 ilex
3413 1858 3552 1912 dixit

1968 1955 2291 2025 responsivo
2346 1956 2582 2024 quodam
2635 1968 2889 2009 sermone
2919 1971 2933 2008 :
2963 1950 3212 2006 Nondum
3275 1957 3552 2019 opportuc

1968 2062 2097 2099 num
2146 2047 2297 2101 venit
2347 2062 2529 2101 meum
2581 2053 2835 2116 tempus;
2877 2053 3118 2098 vestrum
3168 2051 3348 2095 autem
3392 2038 3551 2093 Volat

1968 2152 2185 2207 semper
2225 2147 2562 2208 promptum,
2617 2136 2871 2191 liberum.
2924 2136 2955 2187 '1
3005 2134 3122 2188 Non
3175 2140 3355 2203 potest
3403 2131 3553 2187 enim

1966 2226 2249 2283 Insaniens
2276 2242 2517 2298 unquam
2549 2226 2785 2281 mundus
2819 2232 3083 2281 consueta
3108 2224 3345 2294 procella
3372 2220 3548 2282 rabiel

1971 2318 2079 2373 Vos
2109 2319 2323 2387 odisse;
2360 2334 2449 2373 me
2479 2326 2659 2373 autem
2696 2317 2809 2372 odit
2837 2325 2891 2372 ct
2922 2316 3140 2386 expellit
3170 2315 3383 2379 Audax,
3424 2313 3557 2382 quia

1968 2411 2119 2465 solus
2159 2426 2266 2465 non
2298 2419 2558 2480 parcente
2586 2410 2914 2465 testiﬁcante
2938 2423 3073 2463 voce
3111 2406 3391 2461 Consucto
3423 2419 3553 2475 peo

1967 2510 2091 2557 cato
2121 2502 2383 2557 refertum
2422 2503 2685 2555 mundum
2730 2502 3021 2571 redarguo,
3049 2497 3229 2570 Opera
3267 2512 3389 2568 quae
3422 2495 3555 2549 facit

1974 2594 2222 2649 clamans
2270 2595 2444 2649 aliena
2479 2610 2509 2647 a
2558 2595 2695 2665 lege.
2745 2594 2777 2648 8
2811 2592 2924 2649 Vos
2977 2593 3163 2648 sonori
3194 2589 3441 2645 accedite
3484 2587 3551 2640 ad

1967 2684 2384 2739 celebrationem
2433 2683 2556 2739 festi
2590 2703 2603 2738 :
2635 2683 2889 2737 Nondum
2936 2698 3038 2753 ego
3082 2680 3316 2737 tentoria
3361 2692 3557 2734 recens

1968 2775 2072 2828 lixa
2096 2774 2208 2843 jam
2243 2776 2540 2836 honorans,
2588 2774 2669 2827 Ad
2709 2772 2921 2828 festum
2950 2789 3169 2829 sacrum
3217 2769 3553 2835 ascendam;

1966 2866 2142 2921 nostri
2172 2866 2320 2919 enim
2357 2865 2609 2919 Nondum
2659 2864 2790 2917 mihi
2821 2865 3128 2934 completus
3165 2872 3250 2918 est
3289 2861 3557 2931 temporis

1968 2971 2183 3011 cursus.
2221 2956 2254 3009 9
2288 2954 2379 3009 Sic
2419 2956 2510 3010 ille
2555 2956 2745 3011 dicens
2784 2954 3032 3009 Pervasit
3076 2961 3323 3009 sanctum
3372 2952 3554 3007 solum

1968 3048 2313 3102 intonsorum
2362 3045 2732 3100 Galilaeorum.
2789 3047 2855 3100 10
2900 3044 3121 3101 Fratres
3191 3054 3369 3099 autem
3424 3058 3552 3101 cum

1969 3139 2350 3195 ascendissent
2394 3138 2462 3193 ad
2514 3139 2797 3208 templum,
2846 3152 2971 3193 sero
3020 3145 3075 3193 et
3138 3138 3255 3208 ipse
3297 3136 3551 3191 Divinum

1966 3230 2258 3298 vestigium
2290 3229 2441 3284 ﬂexit
2462 3229 2532 3282 ad
2565 3244 2742 3298 nuper
2779 3228 3111 3283 celebratum
3144 3228 3362 3283 fiastum.
3397 3228 3459 3281 H
3488 3225 3552 3280 Et

1968 3323 2149 3393 ipsum
2201 3320 2372 3376 Judaei
2421 3322 2590 3374 chara
2646 3320 2963 3391 quaerebant
3013 3319 3389 3374 necessitate:
3430 3317 3554 3383 Quo

1968 3414 2106 3470 ivit?
2133 3413 2223 3469 ubi
2274 3414 2407 3469 ille?
2435 3414 2503 3467 12
2543 3411 2853 3469 Mussitanti
2885 3427 3014 3467 vero
3048 3411 3249 3482 popqu
3301 3410 3551 3464 lnlinitus

1969 3505 2170 3561 lluebat
2196 3520 2377 3560 sermo
2406 3520 2514 3558 non
2542 3504 2849 3559 tacentibus
2878 3518 2908 3557 a
2939 3503 3274 3574 gutturibus.
3307 3501 3373 3555 Et
3395 3503 3553 3557 multi

1967 3608 2225 3664 dixerunt
2262 3607 2407 3678 piam
2456 3606 2837 3663 testiﬁcantem
2881 3622 3091 3672 vocem,
3120 3606 3277 3673 Quod
3328 3608 3551 3677 sapiens

1967 3720 2070 3775 est,
2119 3720 2173 3766 et
2224 3710 2425 3765 eximia
2473 3711 2738 3765 miracula
2777 3710 2927 3768 facit.
2976 3710 3081 3765 Alii
3122 3719 3304 3766 autem
3356 3719 3553 3766 contra

1967 3809 2372 3867 contendebant
2421 3811 2802 3867 consentiente
2857 3825 2926 3865 ex
2976 3818 3233 3882 gutture:
3294 3808 3412 3865 Non
3459 3826 3552 3867 sa-

1966 3919 2147 3989 piens,
2186 3931 2295 3970 non
2328 3915 2548 3987 sapiens
2590 3915 2681 3970 hic
2725 3931 2896 3981 vere;
2935 3915 3151 3971 collecti
3194 3930 3328 3970 vero
3356 3915 3551 3986 Populi

1963 4027 2204 4077 mentem
2248 4018 2566 4075 fallentibus
2618 4018 2819 4087 decipit
2866 4017 3109 4072 animum
3138 4018 3344 4075 verbis.
3394 4019 3551 4075 Talia

1964 4122 2185 4193 quidem
2216 4122 2362 4177 inter
2386 4136 2447 4177 se
2476 4119 2855 4175 conterebant.
2890 4121 2959 4175 15
2989 4119 3065 4175 De
3102 4135 3171 4175 eo
3208 4130 3387 4176 autem
3426 4122 3549 4179 Non

1965 4234 2098 4279 tunc
2130 4223 2311 4278 audax
2345 4223 2546 4294 aliquis
2592 4222 2863 4293 intrepida
2898 4223 3134 4293 quadam
3174 4239 3308 4279 voce
3346 4224 3553 4296 Aperte

1964 4328 2187 4381 locutus
2218 4334 2325 4391 est,
2368 4326 2537 4382 libera
2561 4325 2709 4381 labia
2733 4326 2974 4391 solvens,
3010 4327 3119 4399 79
3149 4326 3435 4386 Terrorem
3453 4329 3551 4386 Ju-

1489 4446 1769 4505 TEXTUS
1808 4445 2335 4503 EVANGELISTA‘I.

342 4540 380 4596 2
409 4536 517 4597 Ἦν
549 4542 606 4595 δὲ
652 4543 820 4611 ἐγγὺς
856 4544 899 4613 ηή
930 4541 1092 4614 ἑορτὴ
1135 4540 1243 4596 τῶν
1288 4541 1559 4597 Ἰουδαίων
1590 4546 1622 4597 ἠ
1660 4560 1858 4613 σκηνο-
1890 4548 1936 4604 ι)
2036 4543 2070 4598 8
2110 4544 2299 4613 Ὑμεῖς
2314 4540 2554 4611 ἀνάϐητε
2576 4541 2657 4603 είς
2675 4540 2774 4611 τὴν
2792 4538 2985 4611 ἑορτήν
3012 4539 3237 4611 ταύτην·
3261 4538 3373 4608 ἐγὼ
3394 4538 3551 4594 οὔπω

275 4626 475 4694 πηγία.

346 4710 382 4764 5
420 4704 589 4763 Εἶπον
614 4704 709 4765 οὗν
737 4709 877 4780 πρὸς
920 4707 1081 4762 αὑτὸν
1114 4709 1164 4762 οί
1205 4708 1424 4778 ἀδελφοὶ
1457 4708 1645 4763 αὐτοῦ·
1677 4709 1857 4765 Μετά-

277 4790 405 4854 ϐηθι
443 4792 713 4858 ἐντεῦθεν,
751 4794 846 4848 καὶ
875 4792 1054 4862 ὕπαγε
1084 4795 1165 4857 εἰς
1186 4793 1287 4864 τὴν
1329 4793 1610 4856 Ἰουδαίαν,
1641 4794 1729 4847 ἵνα
1762 4795 1856 4849 καὶ

282 4877 333 4931 οἷ
357 4875 596 4947 μαθηταί
620 4893 713 4929 σου
742 4876 1060 4949 θεωρήσωσι
1086 4877 1155 4930 τά
1177 4876 1312 4948 ἔργα
1335 4894 1427 4931 σου
1456 4876 1497 4930 ἃ.
1517 4880 1709 4940 ποιεῖς·

1961 4626 2235 4681 ἀναϐαίνω
2264 4627 2344 4689 είς
2366 4626 2464 4696 τὴν
2488 4623 2682 4696 ἑορτὴν
2716 4623 2943 4695 ταύτην,
2978 4623 3059 4676 ὅτι
3081 4626 3110 4678 ό
3136 4624 3331 4695 καιρὸς
3358 4626 3386 4678 ὁ
3412 4626 3546 4696 ἐμὸς

1959 4710 2114 4765 οὔπω
2147 4711 2529 4782 πεπλήρωται.

2029 4820 2063 4875 9
2096 4819 2282 4874 Ταῦτα
2302 4819 2359 4873 δὲ
2387 4818 2560 4872 εἰπὼν
2586 4816 2793 4879 αὐτοῖς,
2829 4816 3047 4888 ἔμεινεν
3069 4815 3128 4868 ἐν
3152 4816 3219 4886 τῇ
3256 4813 3542 4887 Γαλιλαίᾳ.

2031 4905 2100 4958 10
2139 4904 2226 4966 Ὠς
2260 4902 2315 4955 δὲ
2358 4901 2630 4971 ἀνέὸησαν
2674 4901 2723 4952 οί
2771 4898 2991 4968 ἀδελφοὶ
3036 4898 3226 4963 αὐτοῦ,
3278 4900 3400 4952 τότε
3448 4900 3546 4953 καὶ

346 4958 381 5012 4
626 4959 739 5058 γάτρ
761 4961 818 5012 ὲν
846 4960 1068 5058 κρυπῖῷ
1102 4978 1156 5014 τι
1188 4964 1352 5058 ποιεῖ,
1381 4960 1479 5058 ica-l-
1510 4961 1666 5031 ζητεῖ
1690 4962 1853 5027 αὐτὸς
1958 4989 2121 5052 αὐτὸς
2154 4958 2319 5058 ἀνέϐη
2354 4987 2432 5050 είς
2472 4958 2570 5057 τήν
2605 4983 2821 5056 ἑορτὴν,
2852 4958 3355 5054 οὐ’φανερῶς,’ᾶλλ’
3380 4981 3456 5049 ὡς
3481 4985 3547 5039 ἐν

282 5041 335 5092 ἓν
359 5041 642 5113 παρρησία
662 5037 819 5097 εἶναι·
842 5043 891 5095 εί
919 5041 1089 5097 ταῦτα
1118 5047 1312 5109 ποιεῖς,
1342 5045 1654 5116 φανέρωσον
1686 5062 1851 5099 σεαυ-

287 5123 370 5177 τὸν
397 5125 474 5194 τῷ
499 5126 706 5197 κόσμῳ.
1379 5153 1383 5157 ·

349 5208 384 5262 5
412 5208 549 5262 Οὐδὲ
576 5210 686 5281 γὰρ
711 5210 762 5261 οἱ
792 5208 1012 5277 ἀδελφοὶ
1039 5207 1204 5262 αὑτοῦ
1241 5209 1526 5263 ἐπίστευον
1557 5212 1638 5272 εἰς
1665 5212 1848 5265 αὐτόν.

350 5292 382 5345 6
412 5293 575 5361 Λέγει
595 5289 687 5346 οὖν
714 5294 897 5356 αὐτοῖς
924 5294 953 5345 ὁ
993 5292 1221 5363 Ἰησοῦς·
1258 5293 1315 5346 Ὀ
1338 5293 1529 5362 καιρὸς
1554 5296 1583 5346 ὁ
1611 5295 1742 5363 ἐμὸς
1767 5293 1853 5348 οὔ-

288 5391 367 5429 πω
388 5379 671 5447 πάρεστιν·
700 5378 805 5431 ὁδὲ
832 5376 1024 5448 καιρὸς
1054 5378 1083 5428 ὁ
1119 5377 1383 5448 ὑμέτερος
1428 5378 1657 5432 πάντοτέ
1701 5381 1849 5433 ἐστιν

285 5476 721 5597 Ιὶτζιεέίδςδύναται
743 5544 994 5616 ἀκόσμος
1026 5545 1204 5614 μισεῖν
1240 5543 1403 5615 ὑμᾶς,
1448 5544 1549 5615 ἐμὲ
1584 5545 1641 5599 δὲ
1679 5548 1845 5616 μισῶ

286 5630 358 5681 ὅτι
380 5626 490 5695 ἐγὼ
516 5628 777 5700 μαρτυρῶ
809 5628 939 5698 περὶ
970 5625 1157 5693 αὑτοῦ,
1182 5627 1263 5680 ὅτι
1296 5631 1363 5681 τά
1400 5627 1536 5699 ἔργα
1559 5629 1723 5683 αὑτοῦ
1751 5648 1844 5684 πο-

272 5710 421 5783 ννηρά
446 5707 609 5764 ἐστιν.
940 5718 947 5723 ’

1960 5073 2212 5144 κρυπτῷ.

2032 5178 2093 5232 Η
2129 5176 2195 5231 Οἱ
2216 5173 2308 5230 οὖν
2342 5175 2585 5229 Ἰουδαῖοι
2610 5173 2839 5245 ἐζήτουν
2867 5171 3034 5227 αὐτὸν
3056 5172 3115 5225 ὲν
3143 5174 3209 5244 τῇ
3238 5172 3422 5244 ἑορτῇ,
3446 5172 3545 5226 και

1960 5261 2165 5330 ἔλεγον·
2203 5259 2316 5314 Ποῦ
2347 5260 2493 5313 ἐστιν
2529 5260 2776 5323 ὲκείνος;

2030 5367 2098 5419 12
2129 5367 2238 5419 Καὶ
2276 5365 2597 5436 γογγυσμὸς
2642 5364 2812 5428 πολὺς
2857 5365 2987 5437 περὶ
3024 5362 3190 5417 αὐτοῦ
3228 5357 3295 5432 ἦν
3332 5362 3392 5412 ἐν
3425 5362 3544 5423 τοῖς

1954 5448 2150 5518 ὄχλοις.
2181 5450 2244 5502 Οἱ
2274 5449 2371 5519 μὲν
2393 5448 2599 5516 ἔλεγον,
2631 5448 2712 5501 ὅτι
2744 5447 2947 5515 ἀγαθός
2972 5449 3134 5497 ἐστιν·
3165 5443 3315 5495 ἄλλοι
3339 5441 3396 5494 δὲ
3421 5440 3544 5493 ἕλε-

1955 5550 2071 5602 γον·
2114 5530 2211 5586 Οὔ·
2239 5533 2375 5586 ἀλλά
2409 5532 2589 5603 πλανᾷ
2619 5533 2709 5585 τὸν
2737 5532 2914 5601 ὄχλον.

2024 5630 2089 5683 15
2118 5630 2302 5694 Οὐδεὶς
2338 5629 2519 5701 μέντοι
2551 5629 2830 5699 παῤῥησίᾳ
2857 5624 3034 5679 ἐλάλει
3066 5620 3193 5690 περὶ
3220 5617 3417 5688 αὑτοῦ,
3446 5617 3542 5677 διὰ

1952 5713 2043 5767 τὸν
2070 5713 2233 5783 φόϐον
2258 5713 2361 5768 τῶν
2401 5714 2689 5767 Ἰουδαίων.
