3900 6216
139 4377 153 4472 I

189 261 307 315 δυο

193 357 394 428 Ὀφρα
437 357 604 430 θέμιν
632 361 862 432 χρονίοιο
903 373 1274 442 προτιμήσητε
1310 375 1622 446 προσώπου.

188 449 269 502 25
301 451 426 502 Καὶ
461 450 662 515 ζαθέου
696 456 838 518 τινὲς
869 453 1020 511 εἷπον
1051 462 1144 514 ἀπ’
1175 465 1368 529 ἄστεος
1418 467 1795 540 Ἱροσολύμων·

203 537 490 609 Ἀτρεκὲς
521 542 578 594 οὐ
607 543 765 597 πέλεν
793 540 944 612 οὗτος
970 549 1028 602 ὃν
1057 552 1322 621 ίχνεύουσι
1349 555 1626 625 δαμάσσαι

190 628 536 700 Συμμιγέες
559 635 820 706 ναετῆρες
849 638 1132 713 ἀλοιητῆρι
1165 644 1403 716 σιδήρῳ;

187 721 265 776 26
316 724 512 776 Ἠνίδε
548 726 664 791 πῶς
696 729 1020 803 παλίνορσος
1051 735 1156 805 ὅλῳ
1182 735 1405 810 θηήτορι
1439 741 1553 812 λαῷ

204 814 539 887 Ἀμφαδίην
571 818 826 888 ἁδόνητος
864 824 1151 893 ἐρεύγεται
1174 827 1347 896 ἠθάδα
1381 831 1585 902 φωνὴν,

187 896 270 954 ἹΙ
303 906 380 972 ῥα
401 905 768 974 θεογλὼσσων
805 913 1058 983 μερόπων
1088 917 1297 981 ἀΐοντες
1329 896 1476 990 ἰωήν,

138 994 146 1043 ξ
192 994 437 1059 Ἀστεος
472 999 800 1070 ἡγεμονῆες,
829 1003 954 1073 ἐμοὶ
977 1006 1198 1060 δεδάασι
1232 1009 1441 1064 πολῖται

185 1085 446 1156 Χριστὸς
477 1089 630 1154 ὅπως
658 1093 819 1147 πέλεν
847 1091 1038 1162 οὑτος;
1067 1099 1135 1152 27
1173 1102 1340 1169 "AvaE
1369 1103 1413 1155 δ’
1443 1105 1531 1158 ὅτε
1561 1107 1795 1178 Χριστὸς

1501 1196 1700 1269 [ἱκάνει
1711 1244 1723 1263 ,

187 1267 359 1332 Οὖτις
384 1272 537 1343 ἀνὴρ
563 1273 790 1344 δεδάηκε
823 1277 986 1332 πόθεν
1019 1281 1200 1335 πέλεν·
1233 1283 1347 1338 ἴστε
1373 1286 1427 1339 δέ
1458 1267 1668 1343 τοῦτον.

184 1361 258 1416 28
304 1363 532 1434 Ἰησοῦς
561 1366 605 1418 δ’
635 1367 856 1439 ἰάχησεν
884 1373 941 1424 ἐν
970 1373 1380 1446 ἀργυροφεγγέῖ
1408 1381 1541 1452 νηῷ·

191 1455 344 1506 Ἵστε
375 1460 724 1530 περισσονόῳ
755 1463 849 1514 καὶ
880 1464 980 1534 ἐμὲ
1013 1466 1230 1538 ξυνήονι
1267 1470 1444 1542 μύθῳ,

191 1547 340 1599 Ἰστε
364 1549 470 1602 καὶ
497 1551 737 1605 ὁππόθεν
761 1554 896 1624 εἰμί’
921 1558 1015 1610 καὶ
1039 1559 1086 1610 εί
1109 1560 1227 1613 τόδε
1259 1563 1480 1617 κεύθετε
1511 1571 1658 1639 σιγῇ.

188 1638 330 1691 Οὐδὲ
370 1639 490 1712 γάρ
520 1643 944 1710 αὐτοκέλευστος
975 1649 1034 1712 ἐς
1065 1651 1242 1720 ὑμέας
1271 1655 1461 1710 ἐνθάδε
1492 1638 1680 1728 βαίνω,

200 1731 370 1784 Ἀλλά
402 1735 602 1804 Πατὴρ
619 1737 748 1807 ἐμός
776 1739 920 1794 ἐστιν
953 1740 1201 1812 ἀληθινὸς
1226 1747 1409 1800 εἵνεκα
1439 1754 1680 1824 πομπῆς.

187 1823 258 1876 29
280 1824 478 1894 Αὐτὰρ
498 1826 610 1893 ἐγὼ
629 1828 775 1897 μάλα
791 1830 977 1884 τοῦτον
994 1833 1315 1905 ἐπίσταμαι,
1337 1839 1451 1892 ὅττι
1476 1823 1789 1912 παράὐτόῦ

185 1908 364 1978 Αὐτὸς
393 1915 556 1987 ἔϐην,
591 1919 685 1972 καὶ
715 1921 922 1985 ἐκεῖνος
950 1925 1050 1994 ἐμὲ
1078 1928 1350 1996 προέηκεν
1380 1931 1606 1986 ἱκάνειν.

186 2003 257 2058 50
287 2007 404 2059 Καί
432 2018 585 2071 τινες
606 2011 996 2082 οἰστρηθέντες
1023 2015 1378 2074 ἐπεσσεύοντο
1405 2022 1612 2088 πιέζειν

198 2095 412 2166 Ἰησοῦν
447 2099 766 2173 παλάμῃσιν
790 2105 1083 2173 ἀφειδέσιν·
1111 2109 1231 2162 οὐδὲ
1250 2129 1333 2175 τις
1363 2114 1542 2168 αὐτῶν

186 2189 396 2261 Χεῖρας
419 2191 522 2255 ea;
551 2193 865 2264 δασπλῆτας
895 2199 1200 2270 ἐπήγαγεν,
1226 2204 1341 2257 ὄττι
1373 2207 1420 2259 οἱ
1450 2209 1588 2278 αὑτὴ

187 2278 357 2332 Οὔπω
391 2284 670 2354 πατρόθεν
703 2280 830 2355 ἦλθε
863 2286 1118 2360 θελήμονι
1147 2292 1348 2360 φοίνιος
1376 2295 1514 2367 ὤρη.

186 2372 249 2424 51
285 2373 398 2426 Καὶ
425 2375 622 2440 πολέες
642 2377 897 2432 πίστευον
926 2383 1300 2453 ἀγειρομένων
1329 2387 1438 2440 ἀπὸ
1471 2388 1634 2442 λαῶν·

198 2460 411 2531 Ἰησοῦν
435 2464 482 2517 δ’
519 2465 807 2538 ἐγέραιρον
833 2471 1160 2544 ὁμοφθὸγγῳ
1190 2477 1298 2530 τινὶ
1334 2478 1512 2550 μύθῳ·

185 2553 295 2622 82
315 2554 408 2624 Μὴ
433 2556 548 2627 γάρ
578 2557 806 2628 Χριστὸς
828 2561 961 2628 ἅναξ
998 2563 1252 2630 λαὺσσόος
1284 2570 1338 2620 εῖ
1368 2570 1530 2625 ποθεν
1567 2573 1710 2628 ἔλθοι
1730 2617 1744 2640 ,

189 2645 410 2716 Ἔργων
445 2641 525 2699 ὧν
560 2649 734 2720 κάμεν
762 2643 917 2716 οὗτος
943 2655 1215 2730 ὑπέρτερα
1245 2659 1500 2732 θαύματα
1531 2665 1674 2735 ῥέξει

186 2734 520 2802 Λυσιπὸνοις
551 2741 877 2812 στομάτεσσι
901 2762 915 2809 ;
943 2747 1013 2800 52
1045 2748 1456 2818 Πολυγλὼσσοιο
1486 2755 1544 2807 δέ
1579 2756 1708 2810 λαοῦ

187 2826 570 2900 Μεμφομένην
597 2831 850 2900 ἀχάλινον
875 2834 1272 2908 ὑποτρύζοντος
1305 2841 1458 2913 ίωὴν,

189 2916 391 2973 Ἐκλυε
418 2921 553 2984 λαὸς
576 2922 805 2988 ἄπιστος
831 2927 1174 2998 ἀμαρτινόων
1195 2933 1523 3005 Φαρισαίων.

186 3009 296 3062 Καὶ
329 3011 590 3083 φθονεροὶ
620 3015 910 3084 προΐαλλον
939 3018 1176 3084 ὀπάονας
1209 3023 1525 3095 ἀρχιερῆες,

198 3099 406 3170 Ἰησοῦν
442 3103 706 3174 ἀκίχητον
741 3107 951 3174 ἁφειδέῖ
980 3110 1126 3179 χειρὶ
1161 3111 1392 3176 πιέζειν.

253 3194 322 3246 53
358 3196 470 3248 Καί
502 3214 624 3265 σφιν
651 3197 818 3264 Ἀναξ
842 3199 1122 3270 ἀγόρευεν,
1164 3203 1464 3274 ἁσημάντῳ
1487 3207 1594 3259 τινὶ
1621 3207 1775 3279 μύθῳ

184 3284 473 3349 Θεσπίζων
498 3288 842 3361 ταχύποτμον
871 3294 964 3364 ἑὴν
990 3294 1327 3366 αὐτάγρετον
1360 3295 1530 3369 ὥρην·

196 3375 434 3447 ’Υμείων
467 3378 548 3432 ἔτι
575 3380 725 3450 βαιὸν
751 3385 843 3436 ἐπὶ
870 3384 1057 3454 χθονὸς
1095 3387 1286 3456 ἐγγύθι
1320 3389 1523 3459 μίμνω,

183 3466 294 3520 Καὶ
321 3471 497 3540 ταχὺς
523 3471 706 3542 ἵξομαι
736 3470 893 3538 αὖθις
923 3475 1040 3547 ἐμῷ
1064 3478 1341 3548 πέμψαντι
1365 3481 1551 3553 Τοκῆϊ·

185 3558 251 3612 54
291 3562 401 3615 Καί
441 3581 510 3633 με
541 3565 908 3636 παλιμπετέες
946 3570 1302 3640 μαστεύσετε·
1329 3575 1614 3645 μαιόμενοι
1640 3576 1696 3630 δὲ

184 3650 296 3703 Οὐκ
323 3651 389 3704 ἂν
418 3655 806 3725 ἐφευρήσαιτε,
842 3660 936 3711 καὶ
969 3660 1029 3712 οὐ
1057 3659 1242 3725 σθένος
1275 3663 1392 3716 ἐστὶ
1423 3664 1661 3735 περῆσαι

194 3738 400 3809 Ὑμέας
426 3744 572 3813 ἴχνος
594 3745 826 3813 ἄγοντας
862 3751 918 3813 ἐς
945 3751 1190 3822 ἀτραπὸν
1211 3755 1390 3826 ἥνπερ
1418 3756 1641 3810 ὀδεύσω.

183 3826 250 3880 35
291 3831 573 3901 Ἀλλήλοις
596 3833 641 3886 δ’
672 3835 892 3907 ὀάριζον
921 3839 1175 3907 ὁμιλαδὸν
1197 3843 1382 3897 αὐτόθι
1411 3844 1549 3898 λαοί·

184 3919 262 3988 Ili;
290 3922 485 3990 μέλλει
512 3923 650 3992 μετά
677 3924 827 3993 βαιὸν
855 3929 1159 3995 ἀπόσσυτος
1191 3925 1345 3997 οὗτος
1382 3936 1616 4001 ἱκάνειν;

185 4011 268 4094 Μή
298 4014 528 4066 σπεύδει
557 4016 870 4086 περίφοιτος
895 4019 951 4082 ὲς
985 4020 1154 4076 ἄστεα
1181 4023 1398 4090 γείτονα
1429 4026 1652 4094 βαίνειν,

184 4093 314 4174 ᾞχι
342 4105 708 4178 Πανελλήνων
740 4110 1008 4180 σποράδες
1025 4113 1228 4184 στίχες,
1263 4115 1409 4186 ὄφρα
1430 4093 1532 4171 καὶ
1558 4119 1722 4171 αὑτὸν

184 4193 396 4268 θεσμὸν
417 4198 515 4267 ἐῆς
541 4199 734 4269 σοφίης
772 4201 1020 4274 Ἐλλήνια
1049 4203 1215 4257 τέκνα
1239 4205 1424 4278 διδάξῃ
1446 4225 1459 4273 ;

184 4285 250 4338 56
273 4289 369 4352 Τίς
397 4289 456 4341 δὲ
475 4288 628 4342 πέλει
651 4290 808 4360 λόγος
830 4285 985 4357 οὗτος
1005 4293 1064 4348 ὃν
1095 4295 1285 4349 ἔννεπε
1321 4299 1560 4368 μάρτυρι
1578 4297 1723 4368 kaq);

1067 276 1072 281 ’
1109 273 1627 334 _PARAPIIRASIS
1667 279 1734 334 IN
1772 277 2112 340 .IOANNEII.
2150 297 2232 328 --'
2257 289 2410 345 CAP.
2453 290 2562 347 VII.

3345 280 3484 355 sm

1833 381 1872 434 A
1904 381 2033 434 tiam
2063 385 2287 454 antiqua
2317 387 2568 455 plurimis
2599 388 2880 444 :estimetis
2917 388 3072 443 facie.
3109 389 3177 443 25
3201 388 3266 442 Et
3299 389 3483 445 divina

1904 477 2128 545 quidam
2159 480 2416 537 dixerunt
2442 498 2472 538 a
2504 484 2725 539 civitate
2769 484 3266 556 Hierosolymorum
3298 506 3311 539 :
3346 484 3484 541 Vero

1904 589 2012 626 non
2054 587 2139 631 est
2171 577 2256 632 hic
2305 595 2465 648 quem
2509 591 2761 652 quaerunt
2801 583 3026 661 domare
3070 566 3371 637 Promiscui
3405 584 3484 637 ei—

1904 685 1996 725 ves
2034 674 2344 741 pernicioso
2377 677 2554 732 l‘erro‘!
2582 680 2650 732 26
2681 679 2819 734 Ecce
2848 681 3122 748 quomodo
3164 680 3481 749 reciprocus

1903 768 1997 819 loli
2033 774 2300 838 spectanti
2329 775 2525 842 popqu
2549 775 2801 843 Apertam
2834 776 3236 845 imperterritus
3265 784 3480 832 eructat

1901 874 2218 920 consuetam
2245 884 2457 933 vocem,
2490 869 2628 924 Num
2663 871 3040 941 deiloquorum
3075 871 3358 926 hominum
3387 889 3482 926 att-

1900 960 2110 1016 dientes
2145 979 2354 1030 vocem,
2389 965 2636 1021 Civitatis
2686 967 2996 1036 principes,
3053 968 3156 1022 tnei
3210 976 3480 1024 noverunt

1898 1059 2044 1115 cives
2077 1062 2330 1118 Christus
2361 1065 2503 1134 quod
2532 1073 2615 1119 est
2641 1065 2770 1118 hic?
2798 1066 2868 1118 :27
2891 1065 3002 1120 Rex
3037 1073 3218 1120 autem
3255 1066 3478 1136 quando

1898 1154 2152 1214 Christus
2191 1161 2358 1224 venit,
2395 1159 2589 1214 Nullus
2637 1161 2719 1214 vir
2767 1161 2918 1216 novit
2967 1162 3110 1216 unde
3156 1163 3265 1228 sit;
3317 1163 3476 1218 scitis

1898 1260 2077 1308 autem
2142 1254 2304 1309 hunc.
2361 1256 2430 1311 28
2465 1256 2628 1312 Jcsus
2682 1268 2858 1310 autem
2908 1257 3092 1332 sonuit
3142 1257 3194 1311 in
3251 1265 3476 1328 argento

1897 1349 2213 1416 Splendcnte
2276 1353 2478 1423 templo
2523 1370 2535 1405 :
2588 1353 2754 1408 Scitis
2824 1352 3008 1407 solerti
3062 1360 3116 1405 et
3176 1369 3262 1408 me
3323 1355 3476 1409 socio

1895 1460 2168 1507 sermone.
2195 1446 2361 1503 Scitis
2400 1454 2453 1499 et
2479 1449 2624 1503 unde
2659 1449 2784 1512 sim,
2819 1449 2923 1503 etsi
2945 1449 3048 1502 hoc
3080 1449 3366 1505 occultatis
3397 1452 3493 1506 si--

1896 1540 2084 1594 lentio.
2121 1541 2236 1597 Non
2281 1545 2424 1598 enim
2467 1560 2495 1599 a
2529 1547 2738 1615 meipso
2781 1545 2846 1599 ad
2893 1560 2991 1600 vos
3020 1546 3126 1600 huc
3152 1547 3332 1608 venio,
3366 1544 3473 1601 Sed

1893 1635 2056 1691 Pater
2096 1656 2249 1695 meus
2283 1649 2366 1695 est
2398 1658 2562 1696 verus
2615 1655 2834 1712 propter
2871 1643 3216 1711 legationem.
3249 1641 3321 1696 9.9
3365 1642 3471 1698 Sed

1824 1718 1864 1772 Β
1894 1749 1993 1805 ego
2028 1735 2185 1790 valde
2212 1739 2357 1791 hunc
2389 1739 2524 1803 scio,
2561 1741 2690 1809 quia
2728 1741 2796 1794 ab
2821 1741 2938 1809 ipso
2967 1739 3078 1810 Ego
3111 1741 3258 1805 veni,
3293 1749 3346 1795 et
3377 1742 3467 1797 ille

1891 1845 1979 1885 me
2002 1834 2266 1901 prmmisit
2297 1835 2504 1889 venire.
2537 1835 2606 1891 50
2632 1835 2694 1890 Et
2733 1835 2952 1905 quidam
2981 1835 3247 1889 stimulati
3285 1838 3474 1890 conci—

1891 1929 2152 1983 tahantur
2191 1947 2385 2000 capere
2419 1930 2604 1986 .Iesum
2647 1935 2898 1989 manibus
2933 1950 3040 1986 non
3075 1934 3466 2003 parcentibus:

1890 2042 2064 2095 neque
2088 2027 2212 2097 quis
2244 2030 2486 2098 ipsorum
2521 2028 2712 2084 Manus
2742 2045 2871 2084 suas
2896 2045 3090 2099 graves
3117 2029 3320 2098 injecit.
3341 2029 3469 2098 quia

1886 2123 1934 2174 ei
1983 2121 2232 2176 Nondum
2285 2141 2314 2177 ιι
2347 2121 2511 2178 Patre
2543 2138 2766 2179 venerat
2796 2127 2994 2181 volenti
3042 2125 3268 2180 cruenta
3309 2127 3465 2180 hora.

1887 2219 1950 2272 51
1990 2218 2052 2272 Et
2085 2220 2241 2273 multi
2268 2221 2618 2276 crediderunt
2647 2229 2979 2291 congregato
3011 2239 3073 2276 ex
3105 2222 3340 2292 populo;
3379 2221 3470 2278 Je-

1884 2331 2006 2370 sum
2039 2332 2170 2371 vero
2212 2317 2556 2371 honorabant
2603 2333 2848 2373 consono
2889 2320 3124 2389 quodam
3170 2336 3464 2375 sermone:

1879 2414 1992 2486 83
2023 2413 2162 2468 Num
2202 2414 2456 2470 Christus
2492 2414 2604 2472 Rex
2638 2415 2896 2486 populum
2926 2431 3151 2471 servans
3179 2417 3222 2471 si
3248 2418 3468 2487 quando

1881 2513 2113 2578 venerit,
2155 2514 2425 2584 Operibus
2469 2531 2590 2585 qua:
2634 2513 2760 2568 fecit
2794 2513 2900 2578 hic,
2932 2514 3315 2582 perstantiora
3366 2516 3469 2570 mi-

1880 2611 2068 2666 racula
2121 2608 2282 2666 faciet
2321 2609 2667 2682 Doloril‘rago
2714 2611 2847 2664 ore?
2893 2611 2963 2664 δι).
3015 2609 3238 2666 Verbosi
3295 2626 3468 2682 popu-

1881 2707 1917 2761 li
1976 2706 2306 2772 Qucrulam,
2369 2707 2629 2762 eli‘renam
2691 2708 3040 2762 tuussilautis
3093 2722 3314 2771 vocem,
3356 2707 3468 2762 Au-

1878 2804 2015 2857 divit
2068 2803 2303 2872 populus
2350 2803 2666 2862 incredulus
2709 2801 3107 2857 Phariszeorum
3150 2811 3331 2858 mente
3377 2817 3466 2856 er-

1878 2901 2140 2955 rantium.
2191 2899 2252 2952 Et
2294 2900 2464 2954 invi-Ii
2512 2901 2896 2970 praemiserunt
2934 2901 3217 2956 ministros
3249 2901 3466 2970 pontiﬁ-

1878 3010 1993 3057 ces,
2044 2994 2229 3050 Jcsum
2284 2995 2889 3065 incomprehensibilcm
2937 2996 3145 3050 crudeli
3197 3012 3359 3051 manu
3405 3006 3465 3052 ut

1803 3073 1845 3130 ο
1881 3101 2166 3162 caperent.

1953 3189 2021 3242 55
2058 3187 2121 3242 Et
2161 3188 2293 3257 ipsis
2335 3187 2448 3242 Rex
2478 3188 2634 3252 dixit,
2666 3187 2902 3242 obscuro
2941 3187 3176 3256 quodam
3210 3203 3463 3243 sermone

1882 3282 2201 3338 Vaticinans
2233 3284 2427 3338 celeris
2477 3282 2569 3335 fati
2619 3297 2772 3337 suam
2822 3283 3181 3337 voluntariam
3230 3283 3458 3337 horam:

1880 3377 2128 3435 Vestram
2167 3379 2344 3434 adhuc
2373 3394 2564 3450 parum
2597 3394 2759 3448 super
2790 3387 2991 3432 terram
3032 3394 3200 3449 prope
3244 3395 3459 3441 maneo,

1877 3475 1944 3531 Et
1981 3478 2124 3532 celer
2168 3476 2383 3530 veniam
2429 3490 2626 3530 rursus
2673 3474 2740 3528 ad
2773 3491 2950 3530 meum
2998 3477 3302 3530 mittentem
3354 3475 3458 3528 Pa-

1879 3575 2059 3621 trem:
2107 3565 2176 3620 54
2210 3564 2275 3617 Ει
2309 3579 2396 3619 me
2448 3564 2751 3633 retrOgratli
2809 3565 3107 3633 quaeretis:
3178 3567 3462 3635 cupientes

1876 3668 2054 3714 autem
2085 3655 2204 3711 Non
2240 3655 2564 3718 invenietis;
2609 3665 2663 3711 et
2690 3672 2794 3710 non
2828 3657 3054 3726 potestis
3083 3658 3320 3712 transire
3349 3657 3460 3714 Vos

1873 3748 2163 3819 vestigium
2194 3747 2461 3803 ducentes
2497 3747 2549 3800 in
2583 3747 2723 3801 viam
2751 3764 2912 3818 quam
2936 3763 3036 3817 ego
3066 3747 3174 3801 iho.
3213 3748 3282 3802 55
3315 3746 3462 3803 Inter

1875 3858 1934 3896 se
1968 3849 2148 3896 autem
2186 3841 2508 3911 loquebatur
2558 3841 2821 3910 gregatim
2878 3841 2947 3892 ibi
3005 3841 3284 3910 populus:
3339 3840 3460 3907 Quo
3522 3847 3528 3851 '

1871 3934 1989 3987 vult
2015 3941 2134 4002 post
2160 3933 2417 4002 pusillum
2453 3931 2744 3986 discedens
2777 3932 2862 3985 hic
2898 3932 3087 3984 abire?
3122 3930 3261 3986 Num
3305 3930 3460 3986 festi-

1867 4033 1964 4078 nat
2001 4039 2169 4094 vagus
2205 4023 2270 4077 ad
2316 4024 2568 4078 civitates
2613 4022 2821 4076 vicinas
2869 4023 2967 4083 ire,
3020 4020 3121 4076 Ubi
3170 4023 3454 4093 gentilium

1826 4131 2071 4204 .sparsge
2115 4117 2296 4180 acies,
2352 4123 2412 4169 ut
2451 4124 2504 4168 et
2545 4115 2718 4182 ipsam
2767 4112 2960 4182 Legem
3011 4129 3122 4168 suae
3176 4114 3456 4182 sapientia:

1865 4203 2179 4264 Graecorum
2231 4205 2370 4261 ﬁlios
2403 4205 2637 4260 deceat?
2680 4205 2748 4258 56
2797 4203 2931 4270 Quis
2975 4220 3104 4259 vero
3142 4213 3226 4260 est
3274 4221 3454 4260 sermo

1863 4301 1953 4354 hic
1977 4314 2138 4367 quem
2170 4297 2309 4352 dixit
2340 4296 2652 4352 testiﬁcanti
2682 4297 2923 4367 populo?
2948 4295 3173 4351 Multum
3203 4312 3288 4352 me
3310 4312 3451 4367 quie-

1388 4409 1666 4465 TEXTUS
1701 4412 1926 4470 EVANG
1938 4409 2224 4468 ELISTIE.

253 4515 325 4570 ‘25
360 4519 587 4588 Ἔλεγον
612 4516 703 4575 οὖν
736 4540 882 4586 τινες
909 4525 974 4576 ἐκ
1010 4523 1119 4577 τῶν
1167 4525 1628 4597 Ἱεροσολυμιτῶν·
1653 4530 1763 4599 Οὐχ
1797 4537 1840 4591 ι)
1937 4531 1999 4584 51
2029 4528 2220 4582 Πολλοὶ
2245 4528 2302 4582 δὲ
2325 4531 2388 4582 ἐκ
2405 4527 2496 4582 τοῦ
2521 4528 2677 4598 ὄχλου
2704 4529 3029 4582 ἐπίστευσαν
3053 4527 3133 4590 εἰς
3149 4526 3332 4590 αὑτὸν»
3357 4525 3450 4578 καὶ

185 4594 335 4664 οῦτός
365 4603 518 4656 ἐστιν
544 4604 602 4656 ὃν
635 4605 890 4674 ζητοῦσιν
925 4607 1277 4673 ἀποκτεῖναις

252 4686 323 4740 ‘26
345 4689 455 4740 Kal.
473 4690 570 4748 ἴδε,
596 4693 879 4763 παρρησίᾳ
894 4691 1059 4755 λαλεῖ,
1080 4693 1175 4746 καὶ
1190 4693 1342 4747 οὐδὲν
1358 4695 1506 4764 αὐτῷ
1523 4696 1759 4765 λέγουσι·

193 4769 395 4838 μήποτε
435 4771 650 4840 ἀληθῶς
676 4773 920 4842 ἔγνωσαν
954 4777 1001 4828 οἱ
1035 4775 1298 4846 ἄρχοντες
1323 4778 1404 4830 ὅτι
1433 4773 1586 4842 υῦτός
1615 4780 1763 4833 ἐστιν

186 4849 401 4922 ἀληθῶς
430 4857 456 4908 ὁ
491 4857 751 4929 Χριστός;

254 4933 319 4986 2'7
371 4936 530 4990 Ἀλλά
553 4939 741 4991 τοῦτον
763 4939 986 5010 οἴδαμεν
1014 4941 1176 4994 πόθεν
1201 4942 1365 4997 ἐστίν·
1395 4946 1424 4998 ὁ
1445 4944 1502 4998 δὲ
1525 4945 1758 5016 Χριστὸς

188 5012 313 5071 ὅταν
341 5018 577 5092 ἔρχεται,
603 5022 779 5086 οὐδεὶς
807 5023 1065 5090 γινώσκει
1098 5025 1263 5079 πόθεν
1287 5027 1448 5080 ἐστίν.

254 5099 323 5154 28
356 5103 624 5174 Ἔκραξεν
651 5101 744 5158 οῦν
785 5109 841 5159 ἐν
881 5105 961 5177 τῷ
992 5106 1123 5178 ίερῴ
1161 5108 1428 5163 διδάσκων
1459 5112 1488 5162 6
1528 5111 1756 5182 Ἰησοῦς,

193 5183 282 5236 καὶ
315 5184 503 5256 λέγων·
537 5189 699 5259 Κάμὲ
730 5189 930 5254 οἴδατε,
968 5190 1060 5244 καὶ
1089 5189 1268 5245 οἴδατε
1297 5193 1462 5247 πόθεν
1493 5195 1632 5265 εἰμί·
1663 5197 1759 5249 καὶ

309 5269 543 5340 ἐμαυτοῦ
575 5273 674 5326 οὐκ
704 5273 961 5343 ἐλήλυθα,
984 5273 1256 5332 ἀλλ’ἔστιν
1285 5277 1538 5348 ἀληθινὸς
1561 5281 1589 5331 ὁ
1619 5280 1760 5350 πέμ-

191 5344 294 5412 ψας
322 5369 408 5421 με,
435 5354 494 5407 ὃν
525 5354 682 5425 ὑμεῖς
707 5355 808 5409 οὐκ
838 5356 1041 5410 οἴδατε.

257 5432 324 5486 29
371 5435 508 5505 Ἐγὼ
526 5437 582 5490 δὲ
607 5434 722 5491 οἶδα
749 5440 933 5504 αὑτὸν,
957 5441 1039 5494 ὅτι
1063 5443 1193 5514 παρ’
1218 5441 1385 5497 αὐτοῦ
1409 5443 1544 5514 εἰμι,
1571 5444 1760 5498 κάκεῖ-

183 5517 279 5577 νός
304 5533 372 5586 με
395 5520 731 5576 ἀπέστειλεν.

257 5597 323 5654 30
360 5601 614 5674 Ἐζήτουν
635 5603 730 5660 οὖν
750 5607 911 5664 αὐτὸν
933 5610 1147 5662 πιάσαι·
1174 5610 1269 5663 καὶ
1291 5610 1467 5673 οὐδεὶς
1490 5609 1758 5666 ἐπέϐαλεν

186 5690 262 5742 ἐπ’
291 5693 450 5753 αὐτδν
488 5687 586 5759 τὴν
616 5693 793 5761 χεῖρα,
815 5693 893 5746 ὅτι
915 5691 1067 5748 οὑπω
1094 5693 1345 5765 ἐληλύθει
1369 5697 1401 5764 ἡ
1425 5693 1544 5780 ὥρα
1564 5692 1752 5752 αὑτοῦ.

495 5782 768 5850 Parnm.
803 5788 916 5850 Gn.
963 5792 1188 5853 XLIII.
1475 5794 1477 5797 ’

1871 4613 2080 4681 ἔλεγον·
2119 4613 2293 4666 Ὅτιὸ
2325 4611 2557 4682 Χριστὸς
2592 4613 2721 4665 ὅταν
2750 4612 2898 4685 ἔλθῃ,
2935 4612 3064 4681 μήτι
3100 4609 3320 4662 πλείονα
3349 4627 3448 4680 ση-

1873 4700 1999 4767 μεῖα
2024 4697 2228 4750 τούτων
2264 4697 2477 4766 ποιήσει
2502 4689 2575 4748 ὧν
2606 4691 2759 4759 οὗτος
2785 4695 3074 4766 ἐποίησεν;

1940 4782 2010 4834 52
2048 4782 2326 4835 Ἤκουσαν
2356 4783 2403 4833 οἱ
2446 4782 2726 4850 Φαρισαῖοι
2763 4779 2856 4833 τοῦ
2883 4779 3041 4849 ὄχλου
3085 4774 3446 4846 γογγύζοντος

1867 4864 1997 4935 περὶ
2037 4865 2203 4917 αὐτοῦ
2229 4863 2400 4917 ταῦτα
2420 4881 2432 4894 ·
2471 4865 2564 4916 καὶ
2595 4863 2923 4916 ἀπέστειλαν
2958 4863 3007 4915 oi
3040 4862 3322 4932 Φαρισαῖοι
3352 4862 3445 4912 καὶ

1858 4950 1908 4999 οἱ
1942 4949 2216 5020 ἀρχιερεῖς
2241 4947 2541 5019 ὑπηρέτας,
2571 4949 2656 5000 ἵνα
2679 4947 2946 5000 πιάσωσιν
2977 4945 3156 5000 αὐτόν.

1931 5030 2001 5084 55
2027 5026 2195 5084 Εἶπεν
2223 5026 2315 5083 οὖν
2335 5031 2517 5093 αὐτοῖς
2551 5032 2579 5082 ὁ
2623 5027 2863 5100 Ἰησοῦς·
2897 5030 3017 5082 Ἔτι
3037 5026 3229 5098 μικρὸν
3253 5027 3446 5096 χρόνον

1864 5113 1982 5184 μεθ’
2017 5112 2172 5184 ὑμῶν
2201 5115 2336 5183 εἰμι,
2379 5114 2472 5166 καὶ
2498 5113 2694 5180 ὑπάγω
2729 5111 2866 5182 πρὸς
2903 5112 2993 5163 τὸν
3026 5107 3320 5179 πέμψαντά
3349 5125 3440 5177 με.

1931 5199 2002 5252 δι
2042 5197 2317 5268 Ζητήσετέ
2354 5214 2442 5265 με,
2473 5197 2566 5250 καὶ
2592 5197 2690 5265 οὐχ
2729 5196 2988 5268 εὑρήσετε
3009 5210 3020 5222 ·
3052 5195 3144 5247 καὶ
3167 5194 3298 5247 ὅπου
3324 5192 3440 5261 εἰμὶ

1863 5280 1997 5350 ἐγὼ,
2033 5281 2191 5350 ὑμεῖς
2216 5281 2276 5333 οὐ
2311 5280 2538 5334 δύνασθε
2564 5279 2756 5333 ἐλθεῖν.

1933 5366 2003 5420 55
2040 5347 2209 5418 Εἶπον
2239 5359 2334 5418 οῦν
2371 5365 2422 5416 οἱ
2465 5364 2708 5417 Ἰουδαῖοι
2745 5361 2882 5432 πρὸς
2915 5361 3167 5424 ἐαυυύς·
3205 5356 3317 5410 Ποῦ
3349 5347 3440 5409 οὗ⁶

1862 5465 1951 5512 τος
1981 5448 2162 5520 μέλλει
2189 5447 2537 5520 πορεύεσθαι,
2565 5448 2646 5500 ὅτι
2688 5447 2847 5516 ἡμεῖς
2878 5444 2977 5514 οὐχ
3005 5444 3306 5514 εὑρήσομεν
3337 5437 3436 5507 αὐ-

1859 5531 1986 5596 τόν;
2025 5531 2100 5602 μὴ
2128 5532 2333 5600 είς-τὴν
2359 5531 2658 5604 διασπορὰν
2689 5530 2796 5583 τῶν
2844 5524 3106 5595 Ἑλλήνων
3134 5521 3315 5594 μέλλει
3340 5536 3438 5574 πο-

1863 5613 2142 5685 ρεύεσθαι,
2175 5614 2270 5667 καὶ
2300 5614 2569 5668 διδάσκειν
2601 5615 2728 5676 τοὺς
2753 5609 3023 5678 Ἕλληνας
3042 5625 3054 5633 ’

1933 5696 2002 5752 56
2039 5697 2134 5761 Τίς
2162 5697 2310 5752 ἐστιν
2343 5693 2497 5764 οὗτος
2524 5701 2553 5752 ὁ
2580 5699 2736 5764 λόγος
2759 5694 2818 5747 ὃν
2850 5687 2972 5744 εἷπε
2991 5706 3004 5719 °
3037 5681 3309 5755 Ζητήσετέ
3330 5697 3417 5752 μευ
