3900 6216
421 270 520 325 ὅςὶ

1704 254 1915 310 NONNI
1956 253 2462 312 PANOPOIJTANI

3593 252 3692 306 ΐεὲ

431 387 559 442 retis
587 399 864 440 reversum
902 397 1024 438 sero
1054 391 1406 451 cognoscere,
1441 374 1550 430 Nec
1597 373 1924 432 invenietis:
1960 383 2012 429 et

2154 373 2296 428 [ολλά
2337 390 2402 443 με
2431 370 2771 444 μαστεὺσητε
2803 368 3164 440 παλίνδρομον
3188 369 3284 438 6ψέ
3304 366 3518 436 νοῆσαι,

431 493 539 531 non
577 477 656 532 l‘as
684 485 767 530 est
798 491 907 544 quo
947 473 1084 528 vado
1119 470 1227 525 Vos
1263 467 1639 524 desiderantes
1679 467 2016 522 inaccessam

433 569 572 620 vium
611 565 931 620 ambulare?
958 563 1025 618 57
1069 560 1174 616 Sed
1209 559 1428 629 quando
1461 558 1655 612 ultima
1691 555 1841 612 venit
1884 557 2018 610 cho-

431 673 552 714 reas
587 657 948 712 instaurantis
978 654 1094 709 dies
1121 651 1265 715 festi,
1307 649 1562 707 Christus
1581 665 1674 705 rex
1708 647 1859 703 stetit
1880 647 2020 717 lapi-

434 750 572 809 doso
629 751 684 803 in
758 748 989 817 templo.‘
1053 744 1296 799 Hebraeis
1351 759 1480 799 vero
1547 742 1733 798 sonuit
1783 740 2020 795 fundens

431 856 621 895 omnes
649 840 974 892 mulcentem
1005 850 1193 890 vocem
1225 853 1238 889 :
1278 833 1334 888 Si
1375 836 1497 904 quis
1529 835 1676 890 sitim
1709 833 1868 888 habet
1901 831 2022 886 ani-

373 959 378 969 ι
432 930 708 992 micidam,
741 927 808 980 ad
849 942 934 980 me
976 926 1203 980 veniens
1253 925 1442 980 Fontis
1496 925 1668 978 nostri
1712 925 1863 978 bibat
1902 924 2021 978 ani-

432 1040 571 1078 mam
606 1031 912 1080 servantem
952 1037 1172 1092 aquam.
1207 1021 1275 1077 58
1315 1020 1505 1075 Omnis
1551 1018 1698 1074 enim
1737 1015 1892 1070 [idem
1924 1015 2019 1070 ha-

431 1118 562 1171 bens
599 1116 787 1171 salvus
818 1115 956 1179 erit;
999 1114 1216 1184 priscus
1256 1127 1386 1167 vero
1426 1111 1581 1164 Sicut
1614 1108 1708 1163 Dei
1740 1107 1878 1162 dixit
1903 1122 2021 1162 ser-

431 1223 538 1272 mo,
565 1223 780 1278 semper
808 1222 903 1278 per
927 1213 1170 1261 ventrem
1201 1205 1350 1259 illius
1369 1203 1660 1258 Prudentia
1685 1217 1778 1272 per
1807 1215 1866 1256 se
1898 1200 2020 1254 fuso

431 1299 652 1353 llumina
685 1299 901 1352 vivente
944 1296 1092 1352 ﬂuxu
1128 1295 1381 1350 Ahditam
1430 1294 1659 1348 fundent
1691 1307 1887 1346 rursus
1921 1305 2018 1345 na-

433 1398 540 1444 tam
569 1389 813 1444 divinam
860 1403 1079 1458 aquam.
1122 1386 1190 1442 '59
1220 1386 1365 1440 Dixit
1392 1385 1698 1439 vaticinans
1727 1382 2022 1438 advenien-

433 1489 540 1536 tem
588 1495 771 1535 serum
822 1479 1168 1550 splendorem
1214 1477 1475 1548 Spiritus,
1518 1491 1679 1545 quem
1729 1482 2019 1543 acceptura

435 1583 549 1626 erat
577 1571 741 1625 Deum
774 1572 1072 1641 recipiente
1116 1571 1299 1624 animo
1343 1569 1455 1640 84
1507 1566 1696 1624 Omnis
1743 1567 2018 1621 variorum

437 1665 715 1718 hominum
761 1663 983 1718 credula
1025 1664 1323 1734 generatio.
1361 1661 1612 1715 Nondum
1644 1660 1793 1716 enim
1823 1659 2017 1712 huma-

2122 465 2326 520 Κοὺδέν
2351 463 2711 534 ἐφευρήσητε·
2744 462 2838 515 καὶ
2876 463 2938 515 οὑ
2967 461 3124 532 Θέμις
3151 458 3348 514 ὁππόθι
3375 456 3545 528 βαίνω

2134 554 2337 625 ’Υμέας
2375 555 2688 626 ἱμείροντας
2713 552 3017 623 ἀνέμϐατον
3039 547 3193 621 οἶμον
3212 549 3416 603 ὁδεύειν
3435 567 3450 614 ;

2121 647 2188 700 57
2236 645 2376 698 Ἀλλ’
2405 647 2493 698 ὅτε
2533 644 2764 698 λοίσθιον
2793 641 2922 714 ἦ).οε
2948 641 3270 713 χοροστάδος
3295 637 3450 712 ἦμαρ
3479 639 3698 710 ἑορτῆς,

2123 738 2354 807 Χριστὸς
2387 737 2518 802 ἄναξ
2544 737 2743 808 ἔστηκε
2775 734 3022 796 λιθώδεος
3052 731 3242 802 ἐγγύθι
3275 720 3426 801 νηοῦ.

2134 828 2406 898 Ἑϐραίοις
2438 830 2482 882 δ’
2511 829 2700 899 ἰάχησε
2732 828 2871 897 χέων
2907 824 3214 893 πανθελγὲα
3245 823 3446 892 φωνήν·

2125 920 2192 974 Εἴ
2219 938 2302 984 τις
2331 921 2488 990 δίψαν
2519 920 2631 990 ἔχει
2655 918 3016 989 θυμοφθόρον,
3041 919 3120 979 είς
3139 915 3240 985 ἐμέ
3265 914 3463 983 βαίνων

2127 1013 2314 1084 Πηγῆς
2334 1012 2608 1083 ἡμετέρης
2634 1009 2804 1062 πιέτω
2833 1006 3131 1078 ψυχοσσόον
3163 1005 3328 1085 ὕδωρ.

2123 1105 2193 1159 58
2225 1106 2339 1166 Πᾶς
2359 1103 2468 1174 γὰρ
2494 1107 2522 1156 6
2554 1102 2737 1156 πίστιν
2761 1102 2902 1172 ἔχων
2923 1101 3043 1163 σὸος
3067 1098 3304 1151 ἐσσεταιο
3332 1096 3630 1167 ἀρχέγονος
3649 1091 3705 1144 δὲ

2125 1189 2226 1247 Οἷα
2258 1193 2393 1246 Θεοῦ
2426 1193 2565 1263 φάτο
2598 1192 2790 1262 μῦθος,
2821 1191 2908 1245 ἀεὶ
2937 1191 3024 1244 διὰ
3057 1190 3293 1259 γαστρὸς
3321 1189 3532 1241 ἐκείνου

2128 1286 2438 1356 Ἔμφρονες
2467 1283 2746 1354 αὑτοχύτῳ
2773 1282 3011 1352 ποταμοὶ
3045 1281 3244 1346 ζείοντι
3283 1279 3492 1350 ῥεέθρῳ

2136 1375 2458 1446 Ἑνδόμυχον
2482 1374 2772 1446 βλύσσουσι
2793 1373 3106 1444 παλιμφυές
3130 1372 3310 1426 ἔνθεον
3333 1370 3499 1440 ὕδωρ.

2124 1470 2191 1524 59
2224 1464 2357 1521 Εἷπε
2389 1467 2768 1540 προθεσπίζων
2805 1467 3094 1538 ἐπιδήμιον
3123 1464 3318 1534 ὄψιμον
3347 1462 3545 1533 αἴγλην

2124 1559 2460 1630 Πνεὺματος,
2489 1554 2659 1630 οὗπερ
2687 1560 2879 1630 ἔμελλε
2907 1561 3088 1630 τυχεῖν
3117 1556 3430 1626 θεοδέγμονι
3452 1552 3618 1624 θυμῷ

2125 1651 2235 1721 85
2265 1652 2420 1704 Πᾶσα
2450 1651 2832 1722 πολυσπερέων
2864 1650 3116 1722 μερόπων
3137 1648 3417 1703 πεισθεῖσα
3450 1647 3705 1717 γενέθλη.

436 1757 520 1813 nis
569 1755 848 1810 stabilitus
907 1764 1026 1810 erat
1070 1756 1341 1811 mentibus
1395 1753 1650 1808 Christus
1705 1767 1799 1806 rex
1840 1748 2021 1805 Patris

2154 1740 2290 1795 li'mw
2312 1742 2421 1814 γὰρ
2458 1742 2747 1814 βροτέῃσιν
2777 1741 3103 1813 ἐνερρίζωτο
3132 1743 3405 1811 μενοιναῖς

438 1850 586 1910 visus
611 1847 949 1917 pl'upinqtlus
981 1847 1177 1903 sedens
1203 1847 1257 1901 in
1288 1846 1434 1903 sede.

514 1944 586 1998 40
611 1941 761 1995 Multi
791 1957 920 1996 vero
945 1943 1228 1999 audientes
1247 1941 1643 1997 consentientis
1666 1946 1798 1996 tunc
1819 1939 2024 2009 populi,

442 2041 625 2096 Labiis
652 2039 890 2096 credulis
930 2040 1281 2109 multiplicem
1312 2038 1651 2094 fremuerunt
1680 2053 1898 2097 sonum.
1925 2035 2026 2092 ilic

437 2151 598 2207 quem
644 2135 938 2204 descripsit
980 2135 1089 2201 lex,
1124 2151 1288 2190 verus
1338 2142 1421 2190 est
1469 2133 1751 2204 pr0pheta.
1807 2133 1871 2187 41
1921 2131 2025 2187 Alii

439 2248 601 2296 vero.
650 2233 1032 2287 controversiae
1098 2231 1286 2298 inscii,
1337 2230 1609 2285 habebant
1659 2229 2025 2300 praeconium,

440 2329 694 2384 Christus
747 2343 840 2382 rex
864 2337 946 2382 est
976 2327 1086 2381 hic.
1127 2325 1481 2381 Contentioso
1521 2335 1702 2382 autem
1751 2341 2025 2390 sermone,

441 2423 546 2476 Alii
583 2423 925 2494 legiferorum
975 2436 1132 2476 orum
1163 2421 1436 2476 solventes
1464 2422 1720 2491 repagula
1744 2460 1758 2486 ,
1797 2418 2030 2475 Oracula

444 2518 698 2574 dixerunt
748 2516 980 2586 sapienti
1032 2516 1243 2587 signata
1305 2517 1445 2571 libro
1492 2536 1505 2572 :
1560 2516 1699 2570 Num
1760 2516 2031 2570 maritima

445 2615 625 2670 veniet
657 2628 721 2667 ex
749 2613 970 2667 Galilrea
1006 2611 1260 2666 Christus
1289 2613 1423 2668 rex?
1449 2614 1520 2666 42
1545 2611 1662 2667 Non
1715 2613 1817 2667 hoc
1859 2611 2032 2666 deilo-

447 2724 589 2779 quus
621 2708 759 2762 dixit
785 2723 964 2762 sermo
996 2727 1007 2760 :
1043 2709 1136 2763 sed
1166 2708 1334 2762 David
1366 2710 1531 2780 prisci
1568 2709 1775 2781 regium
1802 2708 2026 2779 sangui-

451 2819 570 2858 nem
622 2803 806 2859 ferens
855 2803 1107 2859 Christus
1159 2803 1361 2861 Judaeis
1402 2807 1682 2876 apparebit
1716 2806 1831 2876 ipse
1871 2818 2034 2859 voca-

446 2911 556 2966 tus,
585 2899 781 2954 Patria:
811 2899 900 2954 ubi
929 2899 1150 2954 domum
1179 2901 1522 2958 citharmdus
1563 2901 1826 2956 habitavit
1864 2899 2032 2956 David

2129 1823 2361 1904 Χριστὸς
2394 1833 2528 1898 ἄναξ
2560 1833 2788 1885 Γενέταο
2815 1833 3006 1902 φανεὶς
3032 1831 3352 1902 ἀγχίθρονος
3375 1831 3562 1901 ἐδρης.

2199 1923 2269 1977 40
2308 1924 2499 1976 Πολλοὶ
2532 1924 2576 1977 δ’
2607 1925 2899 1987 εἰσαΐοντες
2929 1921 3281 1994 ὁμοφραδέων
3310 1921 3432 1974 τότε
3465 1920 3639 1986 λαῶν,

2127 2012 2344 2067 Χείλεσι
2379 2013 2745 2068 πιστοτάτοισι
2784 2012 3122 2083 πολύστομΟν
3154 2012 3385 2083 ἐϐρεμον
3415 2010 3557 2081 ἠχὼ,

2129 2100 2296 2168 Οὗτος
2327 2105 2385 2158 ὃν
2411 2106 2616 2177 ἔγραφε
2654 2105 2841 2177 μῦθος,
2871 2105 3134 2177 ἐτήτυμός
3172 2107 3288 2183 ἐστι
3320 2107 3634 2176 προφήτης.

2129 2195 2191 2249 41
2239 2197 2302 2248 Οί
2327 2195 2404 2263 δὲ,
2431 2196 2780 2267 διχοστασίης
2809 2196 3129 2267 άδαήμονες,
3165 2190 3308 2264 εἶχον
3337 2195 3546 2264 ἀοιδήν,

2131 2289 2364 2359 Χριστὸς
2393 2289 2525 2354 ἄναξ
2556 2288 2717 2342 πέλεν
2741 2283 2914 2352 οὗτος.
2959 2287 3317 2359 Ἀμιλλητῆρι
3353 2287 3410 2340 δὲ
3442 2286 3629 2357 μύθῳ,

2136 2379 2318 2431 ’Ἄλλοι
2351 2377 2704 2450 θεσμοφόρων
2733 2377 3016 2448 στομάτων
3047 2378 3382 2439 πετάσαντες
3407 2375 3608 2446 ὀχῆας,

2133 2467 2387 2538 Θέσφατα
2413 2467 2722 2538 μυθήσαντο
2752 2469 2887 2537 σοφῇ
2918 2467 3311 2540 κεχαραγμένα
3342 2465 3542 2536 βίϐλῳ·

2134 2560 2225 2632 Μὴ
2253 2559 2362 2632 γὰρ
2388 2560 2742 2632 άλικρήπιδος
2775 2545 3052 2613 ἐλέύσεται
3082 2561 3146 2614 ἐκ
3178 2559 3468 2630 Γαλιλαίης

2134 2654 2370 2726 Χριστὸς
2398 2653 2565 2719 ᾶναξ;
2601 2653 2670 2706 42
2699 2654 2771 2707 Οὑ
2794 2653 2950 2707 τοῦτο
2981 2653 3239 2726 θεηγόρος
3277 2653 3500 2705 ἔννεπεν
3525 2651 3682 2721 ὀμφή
3702 2663 3718 2681 '

2135 2745 2299 2798 Δαϐὶδ
2339 2745 2382 2798 δ’
2408 2747 2702 2817 άρχεγόνου
2737 2745 3012 2816 βασιλήϊον
3046 2741 3184 2815 αἷμα
3216 2743 3456 2813 κομίζων

2136 2836 2370 2907 Χριστὸς
2421 2837 2721 2890 Ἰουδαίοισι
2748 2837 3046 2906 φανήσεται
3076 2835 3237 2896 αὑτὸς
3269 2833 3504 2894 ἀκούων,

2137 2929 2400 2999 Πατρίδος
2434 2929 2630 2982 ὁππόθι
2670 2928 2825 2998 δῶμα
2855 2926 3193 3000 λυροκτύπος
3217 2925 3358 2996 ᾤκεε
3387 2924 3556 2979 Δαϐὶδ

450 2996 762 3051 Bethlehem
812 3011 941 3051 oves
1003 2997 1300 3066 pascentis.
1349 2998 1420 3054 45
1461 2997 1629 3054 Divisi
1672 3013 1800 3054 vero
1845 2998 2028 3068 populi

2154 2996 2353 3090 Βηθλέμ
2411 2996 2846 3090 μηλοϐότοιοίῶ
2868 2996 3261 3088 Μεριζομένοιο
3292 3015 3348 3068 δέ
3373 3014 3502 3068 λαοῦ
3603 3032 3608 3036 '

449 3093 717 3148 Continua
752 3094 953 3150 diversi
1000 3095 1213 3150 consilii
1245 3102 1361 3150 erat
1391 3095 1686 3151 contentio.
1715 3095 1804 3149 44.
1835 3096 2028 3165 Impro-

2154 3110 2496 3183 Ἀμφιλαφὴς
2524 3111 2805 3182 διχόμητις
2836 3108 2929 3179 ἔην
2962 3108 3098 3180 ἔρις.
3130 3108 3198 3161 44
3238 3106 3540 3178 Ἀπροῖδεῖς
3573 3105 3634 3159 δὲ

452 3192 560 3246 vidi
594 3203 772 3247 autem
809 3193 1180 3262 Imprudentes
1217 3192 1438 3263 quidam
1490 3194 1590 3248 viri
1635 3200 1914 3249 tentarunt
1939 3208 2031 3248 ca-

456 3302 584 3352 pere
611 3286 796 3342 Jesum
819 3331 832 3352 ,
855 3287 1058 3356 injusto
1089 3287 1352 3342 instinctu
1380 3289 1678 3355 seniorum;
1718 3288 1821 3343 Sed
1853 3288 2030 3357 ipsum

457 3382 637 3437 nullus
677 3385 1002 3452 prehendit;
1044 3400 1167 3437 nam
1211 3385 1398 3438 ultima
1456 3385 1559 3454 ipsi
1613 3383 1863 3439 Nondum
1911 3399 2034 3454 per-

458 3477 692 3530 mitteuti
727 3478 898 3532 astitit
937 3478 1216 3532 mortifera
1253 3478 1405 3532 hora.

530 3566 600 3621 45
636 3565 700 3618 Et
730 3566 1025 3636 prudentes
1055 3569 1257 3622 reversi
1287 3577 1415 3622 sunt
1449 3569 1514 3623 ad
1552 3567 1662 3622 Deo
1723 3570 2033 3627 contrarios

459 3657 777 3712 sacerdotes
842 3655 1135 3726 Stupeutes
1225 3658 1499 3725 ministri;
1539 3660 1795 3715 dixerunt
1853 3668 2032 3716 autem

459 3747 540 3802 illi
594 3767 607 3804 :
655 3747 768 3802 Cur
839 3749 1017 3818 ipsum
1079 3764 1188 3802 non
1241 3749 1584 3806 adduxistis?
1635 3751 1705 3806 46
1758 3751 1823 3804 Et
1878 3751 2031 3807 dixe-

461 3851 591 3896 runt
641 3840 893 3910 prudenti
946 3855 1198 3896 sermone
1260 3840 1376 3894 Non
1425 3851 1672 3898 errantes
1718 3845 1901 3913 gravis
1933 3837 2034 3898 Ini-

456 3931 620 3986 nistri
666 3930 1011 3986 necessitatis
1063 3949 1075 3984 :
1126 3930 1246 3986 Non
1295 3933 1376 3987 sic
1437 3932 1598 3986 homo
1663 3934 1804 3988 alius
1853 3950 2037 4004 aequa-

461 4023 567 4078 lem
639 4021 871 4078 locutus'
923 4031 1007 4078 est
1081 4038 1290 4078 vocem.
1369 4024 1440 4078 47
1511 4023 1576 4078 Et
1641 4026 1815 4080 audax
1896 4027 2034 4081 dixit

459 4122 640 4170 cmtus
684 4113 1111 4169 intractabilium
1147 4113 1584 4172 Pharisaeorum:
1630 4116 1768 4171 Num
1819 4127 2039 4176 errante

460 4220 642 4266 mente
688 4209 902 4266 seducti
932 4212 1068 4268 estis
1115 4219 1170 4266 et
1213 4227 1332 4279 vos,
1371 4211 1665 4268 Credeutes
1720 4213 1865 4269 illius
1915 4229 2035 4269 sen-

2154 3203 2446 3274 Ἀφραδέες
2469 3203 2613 3265 τινες
2652 3203 2841 3273 ἄνδρες
2873 3202 3232 3270 ἐπειρήσαντο
3259 3198 3467 3263 πιέζειν

2148 3293 2374 3364 Ἰησοῦν,
2413 3295 2582 3365 ἀδίκῳ
2613 3294 2718 3347 ὑπὸ
2748 3293 3018 3365 πνεύματι
3052 3291 3465 3363 δημογερόντων
3485 3304 3501 3318 ·

2147 3385 2306 3439 Ἀλλά
2327 3402 2418 3456 μιν
2438 3383 2585 3449 οὔτις
2611 3385 2879 3456 ἔμαρψενο
2909 3384 3030 3437 ἐπεὶ
3056 3382 3278 3454 πυμάτη
3309 3381 3471 3438 πάλιν
3492 3379 3655 3450 αὐτῷ

2139 3477 2305 3531 Οὔπω
2328 3476 2678 3547 ἐπιτρέψαντι
2708 3476 3012 3547 παρίστατο
3044 3475 3242 3544 λοίγιος
3270 3473 3409 3546 ὥρη.

2205 3571 2276 3624 45
2313 3571 2424 3623 Καὶ
2451 3569 2659 3623 πινυτοί
2695 3569 2960 3640 νόστησαν
2987 3570 3043 3632 ἐς
3070 3566 3346 3629 ἀντιθέους
3372 3564 3567 3635 ίερῆας

2133 3660 2439 3732 Θαμϐαλέοι
2467 3660 2794 3731 θεράποντες
2814 3677 2826 3690 ·
2873 3659 3216 3731 ἐμυθήσαντο
3247 3658 3291 3710 δ’
3322 3657 3519 3709 ἐκεῖνοι
3547 3672 3562 3686 ·

2138 3751 2306 3804 Τίπτε
2357 3769 2447 3822 μιν
2484 3751 2544 3804 οὑ
2593 3750 2930 3821 κομίσασθε;
2984 3752 3053 3805 46
3085 3751 3194 3804 Καὶ
3226 3749 3445 3803 ἔννεπον
3486 3746 3726 3816 ἔμφρονι

3459 3838 3654 3910 [μύθῳ

2151 3934 2439 3997 Ἀπλανέες
2463 3935 2768 4005 δασπλῆτος
2801 3933 3111 4005 ὑποδρηπῆ
3121 3933 3210 4004 ρές
3234 3932 3480 4002 ἀνάγκης
3497 3946 3514 3961 ⁸

2141 4028 2254 4097 Οὐχ
2277 4025 2418 4080 οὑτω
2443 4025 2630 4097 βροτὸς
2654 4027 2810 4090 ἄλλος
2849 4027 2970 4097 ῐσην
3006 4023 3306 4095 ἐφθέγξατο
3331 4025 3537 4094 φωνήν.

2140 4122 2206 4174 47
2249 4120 2358 4174 Καὶ
2399 4119 2604 4191 θρασὺς
2647 4115 2800 4172 εἶπεν
2827 4119 3013 4190 ὅμιλος
3043 4118 3329 4189 ἀκηλήτων
3364 4115 3719 4186 Φαρισαίων

2144 4213 2235 4282 Μὴ
2263 4210 2558 4282 σφαλεραῖς
2586 4211 2914 4282 πραπίδεσσι
2935 4208 3391 4282 παρεπλάγχθητε
3421 4207 3515 4261 καὶ
3542 4207 3723 4278 ὑμεῖς,

1656 4403 1935 4458 TEXTUS
1976 4403 2504 4459 EVANGELISTKE.

463 4582 558 4634 καὶ
586 4581 682 4650 οὑχ
720 4580 982 4652 εὑρήσετε
1003 4597 1016 4609 ⁶
1046 4580 1140 4634 καὶ
1165 4580 1298 4633 ὅπου
1337 4579 1453 4650 εἰμὶ
1486 4578 1616 4646 ἐγὼ,
1663 4578 1820 4648 ὑμεῖς
1847 4578 1907 4630 οὐ
1943 4577 2036 4631 δύ-
2070 4583 2114 4638 1)
2143 4596 2330 4650 χεται;

461 4665 625 4719 νασθε
653 4664 826 4720 ἐλθεῖν
848 4679 862 4728 ;

531 4748 598 4804 57
651 4749 739 4801 Ἐν
770 4747 827 4801 δέ
853 4748 918 4818 τῇ
950 4745 1153 4816 ἐσχάτῃ
1184 4744 1367 4816 ήμέρᾳ
1390 4747 1457 4816 τῇ
1490 4743 1702 4816 μεγάλῃ
1721 4743 1820 4814 τῆς
1842 4745 2036 4815 ἑορτῆς

460 4835 703 4905 εἱστήκει
753 4836 780 4886 ὁ
847 4831 1073 4902 Ἰησοῦς,
1121 4830 1217 4883 καὶ
1265 4829 1484 4901 ἐκραξε,
1534 4828 1739 4897 λέγων’
1791 4828 1916 4882 Ἐάν
1949 4845 2034 4892 τις

461 4917 608 4987 διψᾷ,
638 4917 881 4987 ἐρχέσθω
913 4915 1048 4986 πρός
1089 4930 1176 4983 με,
1209 4913 1302 4966 καὶ
1335 4913 1556 4969 πινέτω.

535 5000 603 5052 '68
655 5000 712 5051 '0
743 4998 1009 5052 πιστεύων
1038 5000 1118 5061 εἰς
1154 4997 1274 5068 ἐμὲ,
1317 4995 1496 5060 καθὼς
1535 4993 1688 5051 εἶπεν
1725 4999 1758 5068 ή
1825 4994 2041 5066 Γραφὴν

463 5098 601 5134 ποτα
609 5082 699 5151 μοὶ⁷
721 5083 784 5132 ἐκ
804 5083 904 5150 τῆς
925 5079 1129 5140 κοιλίας
1153 5079 1315 5132 αὑτοῦ
1339 5078 1591 5147 ρεύσουσι
1613 5079 1800 5142 ὓδατος
1821 5079 2040 5142 ζῶντος.

531 5164 600 5218 59
641 5161 830 5229 (Τοῦτο
866 5161 922 5214 δὲ
953 5157 1072 5213 εἷπε
1104 5163 1229 5231 περὶ
1259 5161 1352 5214 τοῦ
1383 5163 1521 5214 Πνευ
1531 5181 1699 5233 ματος
1729 5156 1790 5216 οὗ
1815 5161 2040 5233 ἔμελλον

463 5245 761 5318 λαμϐάνειν
804 5245 852 5295 οί
891 5243 1235 5306 πιστεύοντες
1267 5246 1346 5306 εἰς
1387 5245 1580 5298 αὑτὸν·
1635 5244 1790 5299 οὑπω
1833 5244 1941 5315 γὰρ
1973 5239 2042 5314 ἦν

465 5329 689 5400 Πνεῦμα
719 5327 893 5395 ἅγιον,
929 5326 1012 5378 ὅτι
1035 5326 1064 5376 6
1107 5326 1310 5394 Ἰησοῦς
1336 5327 1546 5380 οὐδέπω
1573 5326 1881 5398 ἐδοξάσθη.)

532 5415 601 5470 40
641 5411 832 5467 Πολλοὶ
852 5407 945 5465 οὖν
974 5411 1040 5462 ἐκ
1066 5408 1160 5462 τοῦ
1198 5409 1354 5479 ὄχλου
1375 5410 1707 5475 ἀκούσαντες
1732 5411 1823 5465 τὸν
1856 5412 2032 5480 λόγον,

459 5500 672 5565 ἔλεγον·
704 5491 871 5561 Οὗτός
902 5497 1048 5547 ἐστιν
1072 5492 1286 5564 ἀληθῶς
1315 5493 1343 5544 ὁ
1375 5495 1681 5566 προφήτης.

529 5585 593 5636 41
640 5581 820 5636 ’Ἄλλοι
857 5581 1074 5650 ἕλεγον’
1117 5570 1284 5640 Οὗτός
1325 5578 1473 5629 ἐστιν
1504 5579 1532 5630 ὁ
1563 5580 1830 5650 Χριστός·
1883 5580 2033 5635 ἄλλοι

459 5662 515 5714 δὲ
551 5663 765 5744 ἕλειον·
809 5665 898 5736 Μὴ
933 5665 1039 5734 γάρ
1077 5663 1140 5727 ἐκ
1173 5661 1269 5730 τῆς
1305 5659 1592 5723 Γαλιλαίας
1622 5664 1649 5714 ὁ
1678 5663 1909 5732 Χριστὸς
1939 5663 2028 5733 ἐρα

2217 4664 2286 4718 42
2323 4665 2456 4734 υὺχὶ
2496 4667 2529 4735 ή
2563 4665 2752 4737 Γραφὴ
2798 4662 2972 4727 εἶπεν.
3015 4668 3096 4720 ὅτι
3145 4669 3210 4720 ἐκ
3256 4667 3351 4721 τοῦ
3403 4668 3721 4740 σπέρματος

2145 4747 2327 4811 Δαϐὶδ,
2363 4750 2456 4801 καὶ
2482 4748 2590 4802 άπὸ
2622 4749 2870 4821 Βηθλεὲμ
2899 4751 2997 4820 τῆς
3026 4752 3218 4822 κώμης
3255 4752 3386 4804 ὅπου
3421 4747 3489 4822 ἦν
3535 4752 3719 4814 Δαϐὶδ,

2141 4833 2169 4884 ὁ
2201 4833 2433 4903 Χριστὸς
2459 4832 2676 4904 ἔρχεται
2694 4851 2707 4898 ;

2215 4915 2284 4968 45
2321 4915 2532 4986 Σχίσμα
2556 4913 2650 4970 οὖν
2681 4916 2739 4968 ἐν
2762 4915 2839 4986 τῷ
2871 4914 3012 4988 ὄχλῳ
3045 4916 3254 4983 ἐγένετο
3287 4916 3353 4968 δι’
3387 4917 3581 4970 αὐτόν.

2211 4997 2281 5050 44
2317 4999 2472 5062 Τινὲς
2514 5000 2571 5053 δὲ
2618 4998 2807 5071 ἤθελον
2846 4998 2906 5064 ἐξ
2935 5000 3114 5053 αὑτῶν
3148 5001 3340 5055 πιάσαι
3375 5002 3578 5055 αὐτόν’

2141 5080 2313 5143 οὐδεὶς
2347 5080 2610 5136 ἐπέϐαλεν
2633 5082 2718 5135 ἐπ’
2749 5083 2910 5136 αὑτὸν
2936 5082 3033 5145 τὰς
3059 5085 3265 5155 χεῖρας.

2212 5162 2281 5216 45
2321 5158 2522 5217 Ἦλθον
2567 5160 2660 5219 οῦν
2699 5167 2748 5218 οί
2791 5165 3062 5236 ὑπηρέται
3097 5167 3234 5236 πρὸς
3269 5167 3723 5238 τοὺςλάρχιερεξ

2142 5248 2233 5300 καὶ
2271 5248 2596 5318 Φαρισαίους
2613 5265 2626 5278 ·
2646 5251 2740 5302 καὶ
2765 5245 2916 5302 εἷπον
2943 5249 3126 5312 αὐτοῖς
3154 5251 3350 5303 ἐκεῖνοι
3373 5266 3385 5277 ·
3408 5249 3510 5303 Διὰ
3541 5253 3595 5303 τί
3622 5254 3720 5304 οὐκ

2140 5333 2377 5401 ἠγάγετε
2407 5331 2569 5385 αὑτόν
2589 5349 2604 5395 ;

2213 5414 2282 5468 46
2332 5413 2731 5485 Ἀπεκρίθησαν
2779 5417 2828 5468 oi
2880 5413 3183 5485 ὑπηρέται·
3229 5414 3503 5469 υὺδέποτε
3549 5417 3719 5479 οὕτως

2144 5496 2403 5564 ἐλάλησεν
2431 5497 2734 5568 ἄνθρωπος,
2775 5499 2850 5561 ὡς
2878 5491 3031 5560 οὗτος
3058 5499 3087 5550 6
3118 5496 3423 5568 ἄνθρωπος.

2210 5580 2279 5632 47
2331 5579 2730 5650 Ἀπεκρίθησαν
2756 5575 2846 5634 οὖν
2871 5581 3050 5640 αὑτοῖς
3077 5582 3125 5633 οἱ
3156 5581 3437 5649 Φαρισαῖοι
3459 5597 3474 5614 ο
3508 5582 3600 5649 Μὴ
3621 5584 3717 5639 καὶ

2143 5663 2298 5732 ὑμεῖς
2334 5679 2398 5714 πε
2407 5661 2676 5732 πλάνησθε
2699 5679 2712 5728 ;
