3900 6216
253 237 352 296 813

256 352 562 426 ῐῐειθόμενοι
590 349 788 404 κείνοιο
818 348 1051 420 νοήμασι
1071 366 1085 413 ;
1109 348 1177 403 48
1205 349 1296 421 Μή
1323 367 1406 412 τις
1436 350 1492 413 ἐς
1521 350 1683 403 αὐτὸν

267 443 567 515 Ἦγεμόνων
601 441 908 505 πίστευσεν,
943 439 975 511 ἣ
1005 440 1268 511 ἀγχινόων
1300 440 1645 512 Φαρισαίων;

257 538 322 594 49
355 537 414 590 Εἰ
448 535 520 606 μὴ
548 535 742 605 δήμιος
774 526 928 600 οὗτος
959 534 1262 598 ἀτάσθαλος
1294 535 1462 606 ἐσμὸς
1489 535 1716 607 ἀλήτης,

262 633 352 694 '0;
388 627 548 697 νόμον
574 624 871 695 ἀγνώσσων
913 626 1260 698 βακχεύεται,
1303 626 1538 697 ἔμπλεος
1573 627 1730 698 ἀρῆς.

256 723 320 778 ὅθ
369 721 582 791 Ἀφνειῇ
608 720 663 773 δὲ
699 720 939 789 φάλαγγι
964 720 1102 790 χέων
1136 721 1482 792 νεμεσήμονα
1506 721 1690 792 φωνὴν

266 812 590 883 Ἀγχιφανὴς
615 813 925 884 Νικόδημος
951 813 1230 882 ἀμείϐετο,
1256 814 1461 877 πάντας
1481 813 1719 886 ἐλέγχων
1741 832 1753 845 ’

254 907 361 978 86
396 907 456 961 51
499 907 592 978 Μὴ
627 905 738 978 γὰρ
779 905 1052 960 Ἰουδαίων
1097 906 1261 977 νόμος
1306 905 1488 971 ἔνθεος
1522 907 1635 972 ὀξέϊ
1673 907 1830 980 θυμῷ

254 996 369 1054 Οἵδε
392 999 766 1070 κατακρίνειν,
793 999 840 1050 εί
869 997 942 1070 μὴ
981 998 1155 1068 πάρος
1177 997 1368 1070 ἀνδρὸς
1391 997 1605 1054 ἀκούων

252 1089 618 1160 Φθεγγομένου
652 1088 852 1161 κρίνειε
875 1089 1198 1153 δικασπόλος
1226 1089 1416 1160 ῖδμονα
1441 1091 1646 1162 φωνὴν,

256 1181 424 1250 Ἔργα
445 1179 624 1250 τάπερ
640 1178 814 1232 τελέει
836 1178 1004 1234 νοέων
1027 1177 1131 1234 ὑπὸ
1155 1180 1390 1253 μάρτυρι
1424 1180 1614 1252 μύδρος

252 1271 318 1325 52
354 1272 458 1324 Καὶ
483 1271 646 1343 χορὸς
669 1272 962 1344 ἀντιάχησε
993 1263 1396 1344 θεμιστοπόλων
1424 1275 1756 1346 Φαρισαίων,

253 1363 610 1434 Μεμφόμενος
636 1363 948 1435 Νικόδημον
972 1365 1235 1436 ἀμεμφέα
1259 1383 1273 1397 ·
1321 1366 1414 1440 Μὴ
1453 1368 1516 1421 σὺ
1547 1368 1644 1421 καὶ
1669 1368 1832 1434 αὐτὸς

254 1451 395 1527 Αἷμα
418 1455 608 1528 φέρεις
632 1455 942 1523 Γαλιλαῖον;
976 1457 1245 1529 ἀμοιὸάδα
1269 1458 1450 1530 βίϐλον
1479 1460 1708 1516 ἑλίσσων

255 1548 407 1613 Ἕξεο
447 1546 756 1618 μαστεύων,
793 1548 887 1602 καὶ
914 1548 1153 1618 γνώσεαι
1184 1550 1299 1604 ὅττι
1329 1551 1586 1624 προφήτῃ

254 1631 412 1687 Ούπω
441 1634 829 1707 ποικιλόμυθος
857 1635 1128 1707 ἐγείρεται
1155 1640 1220 1693 ἐκ
1241 1639 1553 1712 Γαλιλαίης.

253 2305 361 2378 88
409 2308 482 2363 12
532 2310 738 2381 Ἰησοῦς
761 2313 805 2366 δ’
831 2313 1082 2386 ἀγόρευε,
1109 2319 1247 2389 χέων
1269 2321 1525 2377 λαοσσόον
1546 2326 1715 2398 αὐδήν
1735 2345 1748 2357 ·

255 2401 379 2471 Εἰμὶ
408 2403 548 2470 φάος
577 2405 802 2476 κόσμοιο
831 2407 1122 2478 λιπαυγέος
1141 2430 1153 2444 ο
1180 2413 1238 2477 ὃς
1261 2414 1316 2468 δέ
1346 2433 1433 2486 μοι
1458 2417 1596 2489 ἀνὴρ

255 2492 441 2547 Πιστὸν
472 2497 840 2569 ὁμαρτήσειεν
863 2500 1001 2573 ἔχων
1027 2503 1166 2570 νόον,
1191 2505 1386 2560 οὔποτε
1412 2509 1583 2579 βαίνει

255 2584 449 2640 Ποσσὶν
479 2587 809 2660 ἀλωομένοις
839 2595 1105 2650 σκιοειδέα
1136 2599 1306 2651 κῶνον
1338 2600 1588 2672 ὁμίχλης,

267 2674 424 2730 Ἀλλὰ
460 2681 876 2749 καταυγάζειεν,
914 2683 1052 2755 ἔχων
1082 2687 1368 2758 ὁμόφοιτον
1397 2693 1454 2743 ἐν
1485 2691 1633 2763 αύτῷ

259 2764 409 2836 Ζωῆς
435 2766 715 2833 ἀπλανέος
748 2770 883 2840 φάος
911 2771 1164 2843 ἔμπεδον.
1197 2775 1262 2829 15
1300 2777 1602 2850 Ἀπτοεπὴς
1628 2779 1686 2831 δὲ

255 2856 394 2922 Λαδς
430 2860 708 2916 Ἰουδαίων
735 2863 1038 2936 ἐπεϐόμδεε
1067 2867 1218 2920 θυάδι
1243 2870 1392 2940 φωνῇ
1417 2886 1432 2901 ⁸

254 2951 582 3024 Μαρτυρίην
614 2955 751 3027 ἰδίην
784 2957 992 3021 ἐνέπεις
1021 2959 1280 3031 ὑψαύχενι
1315 2961 1469 3032 μύθῳ
1489 2977 1502 2991 ⁸

1131 227 1616 286 PARAPIIRASIS
1659 228 1721 283 ιΝ
1760 225 2102 284 JUANNEM.
2144 256 2211 268 —
2246 224 2398 281 CAP.
2435 223 2574 280 VIII.

1854 352 1900 410 Α
1929 346 2156 402 tentiis?
2186 344 2258 401 48
2302 343 2440 400 Num
2473 341 2672 414 aliquis
2726 340 2778 396 in
2803 353 2926 396 eum
2959 337 3274 410 Principum
3312 341 3508 406 credit,

3402 229 3508 286 8H

1928 452 2011 507 vel
2040 451 2438 523 perspicacium
2462 445 2906 504 Pharisaeorum?
2955 444 3026 500 49
3061 443 3178 500 Nisi
3229 447 3514 516 popularis

1929 543 2018 598 hic
2069 543 2352 613 improbus
2401 549 2580 597 cmtus
2618 555 2833 600 errans,
2876 537 2979 604 Qui
3029 538 3200 609 legem
3254 539 3515 610 ignorans

1930 634 2154 699 insanit,
2194 635 2390 704 plenus
2421 630 2918 688 exsecrationibus.
2970 629 3038 684 50
3069 629 3384 684 Abundanti
3413 644 3515 684 au-

1929 733 2036 781 tem
2067 725 2270 796 agmini
2318 723 2553 778 fundens
2597 720 3025 794 objurgatricem
3067 736 3256 776 vocem
3290 718 3516 776 Vicinus

1932 818 2260 874 Nicodemus
2323 815 2652 880 respondit,
2713 830 2906 871 omnes
2951 817 3285 886 redarguens
3338 833 3351 869 :
3405 815 3515 886 87

1929 909 1991 965 5|
2019 909 2159 964 Num
2181 923 2312 965 vero
2328 905 2640 962 Iudaeorum
2663 905 2749 959 lex
2772 905 2953 960 divina
2976 908 3137 962 celeri
3158 907 3338 960 animo
3361 905 3523 962 Novit

1930 997 2317 1062 condemnare,
2356 996 2464 1052 nisi
2511 1001 2670 1049 antea
2699 994 2875 1049 virum
2915 997 3142 1053 audiens
3183 994 3520 1065 Loquentem

1926 1091 2256 1162 iudicaverit
2285 1089 2455 1162 judex
2495 1088 2702 1144 sciente
2733 1102 2887 1154 voce,
2922 1088 3099 1159 Opera
3146 1104 3267 1159 qua:
3311 1088 3523 1159 perﬁcit

1932 1198 2271 1254 cognoscens
2327 1181 2659 1238 testificante
2726 1179 3040 1234 sermone?
3091 1179 3161 1234 52
3219 1179 3284 1234 Et
3345 1191 3523 1236 coetus

1933 1276 2220 1347 respondit
2263 1275 2706 1346 legisperitorum
2749 1271 3175 1336 Pharisaeorum,
3207 1271 3524 1343 Reprehen-

1932 1367 2068 1424 dens
2114 1367 2472 1423 Nicodemum
2529 1365 3118 1436 irreprehensibilem:
3177 1363 3316 1420 Num
3363 1374 3418 1420 et
3464 1372 3523 1419 tu

1933 1460 2051 1530 ipse
2098 1457 2434 1530 Sanguinem
2487 1457 2600 1514 I‘ers
2637 1457 2964 1514 Galilzeum?
3007 1457 3277 1513 alternum
3324 1458 3523 1514 librum

1931 1553 2157 1609 volvens
2194 1551 2336 1608 Sedc
2391 1551 2696 1622 inquirens,
2754 1557 2808 1606 et
2856 1565 3159 1622 cognosces
3206 1549 3352 1620 quod
3400 1565 3528 1620 pro-

1934 1644 2096 1715 pheta
2127 1641 2417 1714 Nunquam
2452 1643 2696 1699 disertus
2723 1642 2993 1698 excitatur
3023 1657 3090 1698 ει
3130 1641 3371 1697 Galilaea.
3400 1640 3527 1714 [Re-

1935 1735 2081 1803 liqua
2110 1735 2526 1809 desiderantur.]

2571 1979 2720 2044 CAP.
2766 1977 2901 2032 VIII.

2005 2322 2119 2394 89
2155 2322 2223 2376 I2
2263 2320 2424 2378 Jcsus
2449 2328 2628 2376 autem
2654 2321 2810 2384 dixit,
2849 2320 3086 2377 fundens
3115 2320 3376 2392 populum
3415 2335 3534 2376 ser~

1939 2427 2154 2476 vantem
2185 2431 2407 2471 vocem:
2445 2414 2575 2469 Sum
2609 2415 2696 2469 lux
2724 2415 2910 2469 mundi
2932 2414 3184 2470 obscuri:
3220 2415 3535 2484 quicunque

1941 2522 2028 2562 me
2058 2507 2141 2563 vir
2197 2505 2439 2563 Fidelem
2496 2515 2722 2561 secutus
2786 2505 2951 2561 fuerit
3007 2505 3216 2560 habens
3273 2511 3532 2570 mentem,

1944 2613 2221 2669 nunquam
2285 2599 2490 2654 incedit
2548 2598 2786 2654 Pedibus
2834 2598 3148 2654 errantibus
3215 2597 3534 2652 umbrosum

1942 2706 2040 2762 per
2073 2706 2272 2746 conum
2308 2691 2582 2762 caliginis.
2621 2689 2728 2745 Sed
2770 2689 3098 2761 splendebit,
3125 2689 3334 2745 habens
3365 2688 3539 2745 comi-

1945 2789 2053 2836 tem
2087 2782 2140 2836 in
2192 2783 2312 2852 ipso
2355 2779 2495 2836 Vitae
2534 2797 2645 2836 non
2679 2783 2916 2837 errantis
2971 2781 3150 2836 lucem
3184 2779 3418 2834 ﬁrmam.
3469 2779 3538 2834 I5

1950 2869 2248 2927 Maledicus
2297 2879 2480 2926 autem
2538 2870 2781 2942 Populus
2825 2869 3138 2926 Iudaeorum
3185 2871 3540 2941 obstrepebat

1951 2963 2164 3018 furente
2206 2978 2381 3020 voce:
2431 2960 2831 3018 Testimonium
2873 2963 3155 3034 proprium
3187 2963 3329 3020 dicis
3363 2964 3539 3034 jacta-

255 3044 446 3115 Μάρτυ
456 3061 552 3115 ρος
574 3046 634 3098 ού
661 3046 749 3099 σέο
774 3047 942 3118 μῦθος
965 3050 1253 3120 ἐτήτυμος.
1282 3052 1345 3104 14
1367 3047 1503 3105 Εἷπε
1530 3053 1623 3106 καὶ
1648 3052 1826 3118 αύτόςη

1965 3057 2135 3110 )undo
2165 3055 2367 3122 verbo;
2419 3054 2748 3111 Testiﬁcans
2792 3062 2921 3111 tuus
2953 3070 3136 3112 sermo
3174 3071 3286 3111 nor.
3335 3065 3420 3112 est
3445 3071 3541 3112 ve-

254 3135 514 3207 Γλώσσης
543 3139 758 3208 ἀενάοιο
789 3140 1077 3213 θεόρρυτον
1100 3142 1305 3213 ὄμϐρον
1331 3142 1549 3210 ίάλλων,

256 3230 317 3283 EI
345 3231 438 3284 καὶ
475 3233 837 3307 μαρτυρίῃσιν
873 3234 1006 3305 ἐμὸν
1037 3234 1192 3298 κλέος
1215 3235 1374 3300 αὐτὸς
1399 3235 1561 3303 ἀέξω,

265 3322 531 3394 ’Λψευδὴς
557 3325 685 3378 πέλε
717 3327 924 3399 μάρτυς
962 3328 1092 3399 ἐμὸς
1114 3328 1272 3398 λόγος
1306 3345 1319 3358 ³
1343 3329 1651 3401 ἀμφότερον
1677 3329 1733 3384 δὲ

255 3417 468 3482 Mra-Eva;
491 3417 599 3486 ἐγὼ
631 3419 765 3472 νοέω
796 3421 956 3473 πόθεν
981 3420 1197 3492 ἤλυθον,
1225 3421 1257 3492 ἢ
1285 3421 1409 3475 πόθι
1443 3421 1609 3492 βαίνω
1631 3437 1645 3452 ⁶

1953 3164 2067 3204 rus.
2111 3147 2176 3203 14
2212 3146 2359 3202 Dixit
2397 3155 2576 3203 autem
2608 3149 2698 3204 ille
2736 3137 3247 3220 :Lingu:eaetcrn:e
3285 3147 3539 3205 ﬂuentem

1951 3256 1981 3294 a
2038 3239 2147 3296 Deo
2195 3240 2424 3296 imbrem
2481 3240 2740 3304 mittens,
2805 3241 2922 3295 Etsi
2981 3240 3312 3298 testimoniis
3364 3256 3540 3298 meam

1950 3331 2182 3404 gloriam
2238 3332 2356 3404 ipse
2392 3347 2618 3396 auxero,
2677 3328 2854 3388 Verus
2892 3340 2977 3388 est
3030 3331 3334 3391 testilieans
3386 3348 3544 3396 meus

1949 3439 2132 3480 sermo
2178 3429 2471 3495 utrumque
2506 3439 2634 3479 vero
2657 3424 2821 3479 Solus
2853 3440 2954 3495 ego
2982 3423 3131 3490 novi,
3155 3424 3300 3480 unde
3337 3425 3462 3480 veni
3489 3433 3544 3481 et

1465 3532 1747 3589 'I'EXTUS
1789 3524 2320 3588 EVANGELISTAS.

324 3649 394 3703 48
435 3649 528 3719 Μή
554 3666 638 3714 τις
671 3651 734 3702 ἐκ
762 3649 871 3704 τῶν
899 3651 1175 3722 ἀρχόντων
1209 3651 1528 3706 ἐπίστευσεν
1557 3653 1639 3716 εἰς
1665 3653 1849 3720 αὐτὸν,

259 3731 289 3801 ἦ
329 3732 397 3787 ἐκ
439 3732 550 3785 τῶν
579 3732 919 3802 Φαρισαίων;

335 3818 406 3871 49
463 3817 602 3870 Ἀλλ’
663 3819 690 3869 6
729 3819 885 3888 ὄχλος
925 3812 1080 3882 οὗτος
1109 3819 1138 3872 6
1188 3819 1262 3890 μὴ
1312 3817 1595 3888 γινώσκων
1620 3818 1711 3871 τὸν
1764 3819 1853 3872 νό-

260 3918 384 3972 μον,
422 3901 816 3971 ἐπικατάρατοί
844 3905 970 3955 εἰσι.

331 3983 404 4038 50
447 3982 607 4050 Λέγει
636 3983 942 4055 Νικόδημος
974 3987 1109 4056 πρὸς
1134 3987 1352 4050 αὐτοὺς,
1388 3988 1416 4040 6
1455 3985 1624 4039 ἐλθὼν
1652 3987 1848 4050 νυκτὸς

260 4067 401 4141 πρὸς
428 4067 612 4130 αὐτὸν,
641 4064 722 4130 εἷς
749 4067 822 4120 ὢν
856 4068 916 4132 ἐξ
943 4069 1122 4121 αὐτῶν
1143 4084 1156 4097 ·

331 4152 398 4206 51
451 4150 536 4221 Μὴ
563 4151 591 4202 6
619 4150 782 4222 νόμος
809 4152 968 4223 ήμῶν
996 4152 1171 4222 κρίνει
1192 4153 1283 4204 τὸν
1317 4151 1623 4222 ἄνθρωπον,
1660 4151 1754 4206 ἐὰν
1780 4150 1855 4223 μὴ

262 4233 479 4306 ἀκούσῃ
513 4236 646 4306 παρ’
675 4234 840 4288 αὐτοῦ
877 4236 1163 4308 πρότερον,
1193 4236 1286 4290 καὶ
1314 4234 1426 4305 γνῷ
1455 4235 1506 4288 τί
1535 4237 1711 4300 ποιεῖ;

336 4319 408 4372 52
460 4317 866 4390 Ἀπεκρίθησαν
903 4321 998 4372 καὶ
1028 4317 1180 4373 εἷπον
1213 4317 1394 4388 αὐτῷ·
1433 4317 1525 4389 Μὴ
1566 4320 1660 4372 καὶ
1701 4319 1764 4371 σὺ
1793 4320 1855 4372 ἐκ

1961 3653 2290 3723 κατηγορεῖν
2312 3650 2499 3705 αὑτοῦ.
2541 3652 2603 3706 '0
2631 3652 2688 3705 δὲ
2727 3652 2935 3725 Ἰησοῦς
2954 3652 3105 3706 κάτω
3126 3652 3327 3723 κύψας,
3360 3651 3436 3723 τῷ
3458 3652 3547 3708 δα-

1962 3735 2143 3806 κτύλῳ
2169 3734 2406 3805 ἔγραφεν
2435 3737 2517 3799 είς
2545 3735 2644 3806 τὴν
2677 3737 2800 3807 γῆν.

2037 3820 2067 3872 7
2116 3820 2204 3882 Ὠς
2251 3820 2310 3873 δέ
2361 3820 2625 3890 ἐπέμενον
2674 3821 2985 3892 ἐρωτῶντες
3033 3821 3214 3882 αὑτὸν,
3266 3821 3548 3890 ἀνακύψας

1963 3898 2082 3955 εἶπε
2119 3902 2256 3972 πρὸς
2295 3901 2526 3966 αὐτούς·
2583 3903 2641 3955 '0
2679 3903 3063 3972 ἀναμάρτητος
3110 3902 3290 3972 ὑμῶν,
3331 3904 3547 3974 πρῶτος

1957 3983 2048 4035 τὸν
2072 3983 2219 4036 λίθον
2254 3984 2340 4035 ἐπ’
2377 3984 2512 4054 αὐτῇ
2548 3984 2774 4054 βαλέτω.

2029 4065 2062 4117 8
2102 4066 2211 4118 Καὶ
2251 4065 2411 4119 πάλιν
2439 4067 2588 4118 κάτω
2617 4066 2814 4137 κύψας,
2842 4067 3079 4137 ἔγραφεν
3113 4068 3192 4130 εἰς
3215 4065 3314 4136 τὴν
3344 4067 3470 4136 γῆν.

2030 4148 2064 4201 9
2103 4149 2166 4200 Οἱ
2213 4148 2289 4213 δὲ,
2342 4146 2678 4212 ἀκούσαντες
2726 4150 2820 4202 καὶ
2869 4148 2975 4201 ὑπὸ
3027 4148 3128 4219 τῆς
3189 4149 3546 4220 συνειδήσεως

1960 4231 2331 4302 ἐλεγχόμενοι,
2377 4231 2670 4302 ἐξήρχοντο
2713 4227 2793 4296 εἷς
2833 4231 2955 4284 καθ’
2982 4225 3083 4294 εἷς,
3112 4231 3407 4302 ἀρξάμενοι
3440 4234 3546 4287 ἀπὸ

1963 4316 2068 4369 τῶν
2098 4314 2483 4392 πρεσϐυτέρων
2509 4315 2615 4378 ἓως
2645 4315 2752 4368 τῶν
2781 4315 3023 4385 ἐσχάτων
3047 4335 3059 4347 ·
3091 4314 3186 4368 καὶ
3217 4316 3545 4388 κατελείφθη

259 4401 362 4472 τῆς
387 4400 680 4466 Γαλιλαίας
710 4399 792 4468 si;
824 4402 1118 4475 ἐρεύνησον
1144 4403 1239 4456 καὶ
1267 4401 1341 4455 ἴδε
1367 4402 1450 4454 ὅτι
1485 4403 1768 4474 προφήτης
1793 4403 1854 4456 ἐκ
1889 4449 1936 4506 D
1967 4399 2127 4470 μόνος
2160 4416 2188 4451 ο
2226 4398 2454 4468 Ἰησοῦς,
2487 4400 2579 4452 καὶ
2607 4400 2638 4470 ἠ
2669 4400 2805 4470 γυνὴ
2842 4401 2898 4452 ἐν
2936 4399 3086 4470 μέσῳ
3115 4399 3348 4454 ἑστῶσα.

265 4485 325 4506 _.-_
349 4502 365 4506 _
405 4479 556 4506 f‘_'\-\
578 4484 660 4506 --οη
737 4487 828 4506 ,ιη
869 4488 885 4506 1
922 4487 1028 4506 ea“,
1054 4504 1092 4506 -,
1133 4505 1161 4506 η
2037 4483 2102 4506 ιη
2153 4481 2459 4506 ἰη---.ανμρ
2488 4482 2539 4506 2x
2569 4484 2588 4506 ι
2625 4481 2831 4506 91..--1“-
2871 4482 2959 4506 --.Α
2989 4481 3186 4506 “Aﬁr-.-
3212 4483 3345 4506 n---

261 4485 365 4554 τῆς
405 4479 698 4550 Γαλιλαίας
729 4487 831 4540 οὐκ
866 4487 1186 4558 ἐγήγερται.

337 4567 408 4622 53
447 4566 558 4622 Καὶ
595 4570 866 4642 ἐπορεύθη
893 4570 1123 4635 ἕκαστος
1158 4572 1239 4635 εἰς
1263 4571 1356 4625 τὸν
1383 4569 1529 4625 οἷκον
1560 4569 1744 4625 αὐτοῦ.

921 4697 969 4752 Κ
981 4700 1085 4753 ΕΦ.
1126 4701 1208 4754 H’.

339 4811 366 4866 1
426 4812 636 4883 Ἰησοῦς
680 4816 735 4868 δέ
779 4816 1049 4887 ἐπορεύθη
1085 4820 1164 4881 εἰς
1196 4817 1258 4871 τὸ
1303 4817 1428 4889 ὅρος
1457 4817 1566 4870 τῶν
1608 4817 1854 4870 Ἐλαιῶν.

339 4896 377 4950 2
419 4897 651 4968 Ὄρθρου
696 4899 752 4952 δὲ
795 4901 956 4954 πάλιν
989 4903 1322 4971 παρεγένετο
1357 4905 1434 4964 εἰς
1468 4902 1528 4954 :6
1565 4901 1727 4972 ἱερὸν,
1767 4903 1861 4954 καὶ

269 4980 382 5044 πᾶς
413 4982 441 5033 6
482 4981 610 5045 λαὸς
657 4983 855 5054 ἤρχετο
883 4983 1019 5054 πρὸς
1057 4985 1220 5038 αὐτόν
1242 5004 1254 5015 ’
1296 4986 1391 5038 καὶ
1422 4984 1656 5048 καθίσας
1690 4986 1861 5039 ἐδίδα-

270 5079 405 5116 σκεν
434 5063 650 5128 αύτούς.

342 5147 378 5199 5
421 5148 648 5212 ’Λγουσι
673 5149 729 5202 δὲ
755 5150 804 5202 οἱ
830 5149 1181 5220 Γραμματεῖς
1210 5151 1304 5204 καὶ
1331 5153 1380 5205 οἱ
1408 5155 1692 5225 Φαρισαῖοι
1723 5155 1860 5225 πρὸς

272 5229 438 5282 α”ιτὸν
471 5235 702 5298 γυναῖκα
734 5234 792 5286 ἐν
839 5233 1056 5305 μοιχείᾳ
1099 5235 1580 5308 κατειλημμένην·
1613 5238 1707 5291 καὶ
1734 5237 1863 5308 στή-

276 5328 471 5376 σαντες
493 5316 662 5386 αὐτὴν
692 5315 751 5368 ἐν
789 5317 938 5386 μέσῳ
959 5357 972 5376 ,

346 5394 384 5447 4
423 5397 680 5464 Λέγουσιν
711 5399 858 5469 αὐτῷ
877 5417 891 5430 ·
921 5399 1240 5465 Διδάσκαλε,
1284 5401 1422 5471 αὕτη
1514 5403 1648 5472 γυνὴ
1675 5419 1860 5456 κατει-

276 5476 458 5548 λήφθη
489 5482 862 5554 ὲπαυτοφώρῳ
899 5485 1260 5554 μοιχευομένη
1279 5501 1292 5515 ο

353 5559 390 5612 5
438 5562 524 5615 Ἐν
549 5564 604 5617 δέ
634 5564 711 5635 τῷ
737 5567 885 5638 νόμῳ
916 5568 1120 5635 Μωσῆς
1149 5570 1282 5638 ἡμῖν
1315 5569 1615 5624 ἐνετείλατο
1645 5572 1742 5635 tit;
1761 5590 1865 5626 τοιο

276 5642 450 5708 αὐτας
481 5647 871 5704 λιθοϐολεῖσθάι
893 5669 906 5683 ·
941 5653 1004 5705 σὺ
1035 5648 1129 5705 οὖν
1158 5652 1207 5704 τί
1235 5652 1448 5721 λέγεις;

350 5723 387 5782 6
427 5728 595 5785 Τοῦτο
646 5734 705 5788 ῐὲ
747 5731 933 5803 ἔλεγον
975 5735 1329 5807 πειράζοντες
1362 5736 1543 5800 αὐτὸν,
1579 5739 1664 5792 ἵνα
1699 5737 1863 5808 ἔχωσι

2037 4483 2103 4536 10
2153 4481 2459 4550 ’Λνακύψας
2485 4482 2542 4535 δέ
2564 4484 2592 4535 6
2625 4481 2850 4554 Ἰησοῦς,
2871 4482 2964 4536 καὶ
2988 4481 3189 4552 μηδένα
3211 4483 3549 4554 θεασάμενος

1961 4565 2100 4636 πλὴν
2127 4567 2226 4638 τῆς
2249 4565 2527 4635 γυναικὸς,
2563 4562 2716 4620 εἶπεν
2745 4566 2882 4638 αὐτῇ
2903 4583 2917 4596 ·
2962 4565 3027 4619 Ἦ
3066 4565 3224 4638 γυνὴ,
3272 4568 3375 4622 ποῦ
3410 4571 3549 4623 εἰσιν

1962 4653 2158 4705 ἐκεῖνοι
2191 4652 2239 4703 οἱ
2269 4649 2566 4720 κατήγοροί
2595 4666 2723 4711 anu;
2753 4649 2926 4713 οὐδείς
2959 4667 3018 4702 σε
3049 4649 3406 4722 κατέκρινεν;

2037 4734 2093 4787 11
2151 4733 2216 4786 'Il
2260 4734 2316 4787 δὲ
2367 4729 2548 4787 εἶπεν·
2602 4734 2812 4797 Οὐδεὶς,
2849 4733 3042 4804 Κύριε.
3085 4731 3221 4787 Εἷπε
3260 4735 3316 4787 δὲ
3346 4737 3483 4808 αὐτῇ
3521 4740 3550 4791 6

1975 4816 2214 4888 Ἰησοῦςο
2270 4817 2405 4870 Οὐδὲ
2462 4816 2572 4886 ἐγώ
2612 4835 2670 4870 σε
2725 4817 3068 4888 κατακρίνω·
3133 4818 3392 4888 πορεύου,
3451 4823 3550 4876 καὶ

1967 4901 2164 4973 μηκέτι
2192 4903 2494 4974 ἁμάρτανε.

2038 4985 2103 5038 1‘2
2143 4985 2313 5037 Πάλιν
2349 4981 2451 5059 ,οὖν
2497 4987 2526 5038 6
2583 4984 2788 5055 Ἰησοῦς
2833 4986 3019 5050 αὐτοῖς
3051 4987 3305 5059 ἐλάλησε,
3333 4987 3545 5058 λέγων·

1976 5067 2119 5137 Ἐγώ
2151 5070 2266 5140 εἰμι
2304 5055 2366 5122 :6
2397 5068 2513 5138 φῶς
2541 5069 2635 5122 τοῦ
2667 5069 2874 5140 κόσμου
2895 5087 2908 5100 ·
2945 5072 2974 5123 6
3001 5055 3309 5126 ἀκολουθῶν
3337 5055 3460 5143 ἐμοὶ
3486 5075 3548 5126 ού

1968 5151 2042 5224 μὴ
2067 5155 2431 5223 περιπατήσει
2481 5153 2538 5206 ἐν
2566 5154 2630 5223 τῇ
2675 5151 2885 5225 σκοτίᾳ,
2909 5153 3022 5207 ἀλλ’
3073 5154 3182 5220 ἔξει
3212 5157 3271 5210 τὸ
3305 5156 3419 5225 φῶς
3451 5157 3549 5225 τῆς

1966 5235 2130 5304 ζωῆς.

2040 5319 2106 5373 15
2145 5317 2310 5373 Εἶπον
2334 5315 2426 5375 οὖν
2459 5320 2607 5391 αὐτῷ
2628 5322 2676 5374 οἱ
2707 5323 2989 5393 Φαρισαῖοι
3011 5340 3024 5353 ο
3057 5324 3129 5375 Σὺ
3161 5322 3289 5389 περὶ
3320 5319 3549 5373 σεαυτοῦ

1970 5407 2297 5476 μαρτυρεῖς·
2337 5407 2368 5473 ἡ
2401 5406 2670 5477 μαρτυρία
2715 5424 2806 5459 σου
2843 5407 2943 5459 οὐκ
2969 5406 3115 5458 ἐστιν
3145 5404 3370 5473 ἀληθής.

2038 5487 2104 5539 11
2157 5488 2449 5559 Ἀπεκρίθη
2491 5489 2700 5558 Ἰησοῦς
2736 5491 2830 5543 καὶ
2867 5485 3018 5541 εἶπεν
3053 5487 3265 5547 αὐτοῖς·
3298 5484 3416 5536 Κᾶν
3440 5482 3552 5552 ἐγὼ

1971 5571 2230 5642 μαρτυρῶ
2269 5573 2398 5643 περὶ
2447 5573 2706 5643 ἐμαυτοῦ,
2746 5574 2949 5643 ἀληθής
2992 5573 3139 5623 ἐστιν
3194 5571 3226 5638 ή
3278 5569 3552 5640 μαρτυρία.

1971 5673 2074 5726 μου
2097 5672 2108 5684 ·
2151 5656 2232 5709 ὃτι
2264 5653 2381 5710 οἶδα
2417 5659 2580 5711 πόθεν
2619 5654 2802 5724 ἦλθον,
2839 5655 2928 5708 καὶ
2972 5653 3074 5705 ποῦ
3124 5654 3351 5714 ὑπάγω·
3391 5653 3551 5725 ὑμεῖς

1967 5737 2019 5791 δὲ
2056 5738 2155 5792 οὐκ
2181 5738 2357 5793 οἴδατε
2389 5741 2551 5794 πόθεν
2585 5739 2833 5812 ἔρχομαι,
2863 5737 2955 5790 καὶ
2987 5736 3089 5790 ποῖ’)
3121 5737 3334 5807 ὑπάγω.
