3900 6216
329 286 428 341 8ξῦ

1593 265 1804 323 NONNI
1842 260 2351 320 PANOPOLITANI

3487 247 3597 306 8H3

327 412 436 468 quo
455 395 592 448 vado
609 392 739 450 :Vos
756 399 934 447 autem
950 387 1171 445 nescitis
1190 385 1331 440 unde
1354 380 1628 447 sim,undc
1647 381 1906 439 venerim.

2056 377 2212 445 Γμεῖς
2230 376 2275 428 δ’
2306 374 2404 426 οὑκ
2430 369 2620 440 ἐδάητε
2648 367 2808 422 πόθεν
2830 365 3087 436 γενόμην,
3111 363 3274 416 πόθεν
3308 362 3500 432 ἔστην.

327 484 537 555 9015
571 481 680 538 Vos
723 482 1050 552 aspicientes
1096 491 1270 531 meam
1317 475 1612 528 humanam
1648 470 1903 532 formam,

329 581 636 635 Humanam
673 578 829 647 juxta
860 589 1079 630 carnem
1110 571 1373 642 judicatis
1412 570 1586 626 inscio
1627 581 1901 624 sermone.

329 676 609 732 Neminem
652 673 867 743 quidem
899 669 1089 740 judico
1123 668 1258 738 legis
1300 668 1530 737 peritum
1565 681 1628 721 os
1665 664 1902 719 solvens.

332 771 400 824 16
443 769 500 824 Si
536 784 663 824 vero
692 777 743 821 et
768 767 1098 835 judicarem,
1137 765 1407 835 justitiam
1453 769 1653 816 rectam
1691 759 1901 813 discer—

333 882 490 930 nens,
512 863 800 918 lnl‘allibile
838 870 892 918 et
920 862 1260 931 inculpatum
1303 875 1479 913 meum
1508 865 1592 912 est
1615 855 1904 926 judicium;

331 977 440 1015 non
471 959 613 1014 enim
651 958 986 1030 redarguens
1015 956 1146 1013 Sum
1188 957 1358 1018 solus,
1388 955 1561 1009 habeo
1589 969 1718 1007 vero
1746 961 1798 1006 et
1827 951 1877 1003 al
1896 979 1909 988 -

333 1060 650 1128 tiregentem
685 1054 899 1110 Patrem
921 1098 936 1120 ,
977 1055 1331 1108 Communem
1365 1067 1543 1105 memn
1580 1049 1908 1118 adjutorem.

335 1155 402 1207 17
444 1154 498 1206 111
531 1160 711 1208 vestra
764 1163 943 1205 autem
979 1151 1095 1222 lege
1131 1149 1222 1204 Est
1276 1163 1435 1203 Sacro
1477 1147 1746 1216 signatum
1777 1160 1910 1213 pru-

335 1250 483 1305 denti
517 1250 570 1302 iu
609 1248 748 1301 libro
787 1243 1214 1301 :Testimonium
1253 1245 1484 1297 duorum
1521 1243 1679 1295 aliter
1711 1254 1912 1295 soiians

335 1349 423 1396 est
475 1341 736 1393 virorum.
790 1339 854 1391 18
885 1336 1059 1390 Verax
1117 1351 1216 1407 ego
1265 1351 1383 1389 sum
1425 1335 1578 1389 testis
1626 1333 1742 1402 ipse
1782 1331 1913 1384 mihi

338 1437 466 1508 ipsi,
501 1435 804 1490 Commune
860 1433 1230 1488 testimonium
1266 1441 1317 1486 ct
1364 1447 1515 1485 meus
1559 1429 1715 1483 Pater
1761 1428 1912 1482 dicit.

340 1533 408 1589 19
449 1531 660 1586 llebrtei
693 1545 822 1584 vero
871 1529 1275 1598 interrogarunt
1331 1528 1650 1596 responsivo
1680 1526 1916 1594 quodam

343 1643 626 1684 sermone:
651 1625 785 1692 Quis
811 1633 893 1680 est
921 1626 1011 1695 qui
1046 1634 1095 1679 te
1121 1621 1557 1694 plantavitPater
1579 1622 1744 1676 tuus?
1777 1619 1920 1673 Dixit

2005 467 2111 535 91
2160 466 2226 518 15
2274 464 2463 533 Ὑμεῖς
2491 459 2838 530 εἰσορόωντες
2862 458 3000 527 ἐμὴν
3027 455 3326 526 βροτοειδέα
3351 452 3600 526 μορφὴν,

2019 559 2345 630 Ἀνδρομέην
2373 553 2512 608 κατὰ
2553 553 2728 622 σάρκα
2762 548 3009 613 δικάζετε
3033 548 3170 618 νήῐδι
3199 548 3370 618 μύθῳ.

2007 650 2204 703 Οὑτινα
2239 648 2334 718 μὲν
2367 644 2606 715 κρίτοιμι
2634 641 3022 711 θεμιστοπόλον
3056 640 3230 709 στόμα
3256 639 3457 700 λύσας·

2010 745 2076 797 16
2117 742 2176 793 El
2201 740 2246 792 δ’
2269 738 2380 808 ἄρα
2408 737 2501 790 καὶ
2533 735 2794 806 κρίνοιμι,
2823 733 2980 801 δίκην
3011 732 3179 784 ἰθεῖαν
3207 730 3427 802 ὁρίζων,

2008 833 2304 906 Νημερτὴς
2339 832 2433 884 καὶ
2464 831 2746 900 ἄμεμπτος
2770 828 2877 896 ἐμὴ
2900 825 3079 896 κρίσις
3100 846 3112 856 ο
3142 825 3201 877 οὑ
3226 825 3332 893 γὰρ
3357 822 3610 891 ἐλέγχων

2010 928 2140 997 Εἰμὶ
2169 926 2346 996 μόνος,
2380 921 2599 992 μεθέπω
2629 921 2687 973 δέ
2731 920 2823 973 καὶ
2855 918 3181 989 ὑψιμέδοντα
3211 917 3418 987 Τοκῆα,

2012 1016 2178 1069 Ξυνδν
2211 1015 2342 1085 ἐμὸν
2376 1011 2685 1066 συνάεθλον.
2728 1011 2791 1063 17
2843 1011 2931 1062 Ἐν
2957 1008 3346 1081 ὑμετέροισιδέ
3375 1007 3614 1076 θεσμοῖς

2018 1111 2172 1161 Ἔστι
2207 1105 2530 1176 θεογλώσσῳ
2565 1102 2977 1174 κεχαραγμένον
3013 1101 3244 1170 ἔμφρονι
3277 1098 3478 1169 βίϐλῳο

2014 1197 2298 1270 Μαρτυρίη
2333 1196 2567 1266 διδύμων
2603 1192 2918 1264 ἐτερόθροος
2947 1191 3145 1244 ἔπλετο
3180 1190 3393 1258 φωτῶν.

2019 1291 2084 1344 18
2123 1290 2316 1352 Πιστὸς
2347 1287 2459 1357 ἐγὼ
2493 1286 2730 1356 γενόμην
2757 1284 3132 1355 ἐπιμάρτυρος
3157 1282 3317 1344 αὐτὸς
3354 1278 3612 1351 ἐμαυτῷ,

2017 1382 2187 1452 Ξυνὴν
2225 1380 2529 1450 μαρτυρὶην
2561 1379 2654 1430 καὶ
2686 1377 2818 1447 ἐμὸς
2859 1377 3084 1444 Γενέτης
3118 1372 3384 1442 ἀγορεύει.

2020 1475 2086 1529 19
2136 1474 2376 1545 Ἑϐραῖοι
2407 1473 2454 1525 δ’
2483 1471 2717 1542 ἐρέεινον
2750 1468 3017 1539 ἁμοιΰαίῳ
3048 1467 3150 1521 τινὶ
3195 1466 3376 1536 μύθῳ·

2021 1547 2116 1629 TE;
2136 1566 2296 1619 πέλεν
2311 1565 2369 1627 ὃς
2397 1565 2441 1616 σ’
2461 1562 2724 1633 ἐφύτευσε
2744 1561 2933 1630 Πατὴρ
2957 1560 3074 1621 τεός
3093 1576 3105 1623 ;
3128 1555 3257 1611 Εἷπε
3285 1558 3376 1610 καὶ
3400 1555 3570 1619 αὑτός
3591 1572 3605 1584 ·

2035 1656 2401 1725 Ἅμφοτέρους
2434 1654 2533 1706 οὑκ
2561 1653 2674 1706 ἴστε
2701 1655 2795 1723 μιῇ
2828 1650 3108 1704 δυσπειθέῖ
3143 1649 3326 1720 βουλῇ,

343 1733 397 1776 et
425 1724 569 1792 ipse:
599 1722 900 1789 Utrumque
921 1720 1145 1774 nescitis
1171 1734 1280 1773 uno
1307 1717 1587 1772 incredulo
1616 1716 1915 1786 proposito.

2056 1747 2154 1800 ὥτ’
2190 1748 2289 1814 ἐμὲ
2317 1747 2493 1799 Παῖδα
2527 1745 2773 1814 μολόντα,
2801 1743 2892 1796 καὶ
2921 1743 2980 1794 οὑ
3012 1741 3302 1812 πέμψαντα
3327 1739 3535 1809 Τοκῆα.

345 1818 452 1872 Nec
496 1833 578 1871 me
617 1815 810 1870 Filium
847 1817 1172 1878 venientem,
1213 1830 1314 1868 nec
1345 1815 1648 1867 mittentem
1675 1813 1914 1866 Patrem.

348 1913 403 1969 Si
431 1930 559 1969 vero
598 1929 682 1968 mc
723 1919 1117 1984 cognoscentes
1152 1910 1468 1965 inﬁxissetis
1500 1910 1705 1972 animo,
1745 1909 1917 1962 Etiam

347 2012 742 2083 coguovissctis
769 2018 1015 2065 nostrum
1041 2009 1346 2064 Parentem.
1377 2008 1448 2062 20
1481 2007 1741 2062 Dominus
1773 2006 1925 2061 loeu-

347 2119 438 2164 tus
475 2115 559 2163 est
608 2108 721 2161 hare
763 2107 1088 2161 documenta
1121 2105 1305 2158 divina
1339 2105 1561 2174 papulo,
1584 2102 1925 2174 Gazophyla-

349 2198 494 2250 cium
541 2197 632 2249 ubi
683 2196 837 2253 locus
873 2195 1107 2259 dicitur;
1148 2194 1239 2248 ubi
1275 2194 1430 2248 multi
1468 2194 1632 2248 Varia
1673 2194 1813 2247 dona
1851 2191 1927 2246 fe-

351 2296 533 2342 rentes
570 2287 894 2341 incedebant
921 2286 1087 2341 cives.
1121 2285 1306 2356 Neque
1343 2285 1539 2353 aliquis
1580 2287 1754 2353 ipsum
1782 2300 1926 2338 com-

353 2379 659 2448 prehcndit;
707 2393 830 2432 nam
878 2377 1215 2431 mortiferum
1259 2377 1362 2447 ipsi
1395 2376 1642 2430 Nondum
1676 2377 1928 2430 ultimum

357 2473 498 2525 venit
533 2471 777 2524 divinum
807 2470 1020 2540 signum
1046 2471 1210 2523 home.
1251 2469 1313 2522 21
1352 2469 1416 2522 Ει
1452 2470 1583 2540 ipsis
1612 2467 1726 2522 Rex
1759 2465 1926 2521 dixit:

357 2563 526 2616 Meam
552 2563 692 2617 viam
723 2563 838 2632 ipse
862 2562 970 2626 ibo,
994 2561 1101 2616 Vos
1126 2577 1252 2616 vero
1270 2561 1656 2630 insipientibus
1683 2559 1928 2614 moribus

355 2668 547 2708 omnes
589 2666 837 2711 errones.
875 2649 1191 2705 llau-rentem
1237 2660 1358 2720 post
1393 2661 1724 2706 senectutem
1765 2649 1935 2719 inspi-

358 2745 514 2798 cietis
551 2742 734 2803 tinem,
774 2743 1004 2795 Peccato
1040 2741 1303 2796 habentes
1337 2747 1826 2806 contemporaneos
1857 2739 1936 2790 al-

357 2837 458 2892 bos
502 2836 705 2889 crines.
739 2834 855 2900 Quo
895 2841 1072 2886 autem
1111 2834 1338 2887 inultum
1386 2832 1583 2887 ﬂexum
1630 2831 1733 2886 mei
1786 2829 1937 2901 pedis

357 2927 648 2998 vestigium
683 2927 871 2988 incito,
900 2924 1008 2980 Vos
1041 2941 1146 2980 non
1184 2927 1414 2996 potestis
1441 2925 1626 2979 venire
1657 2931 1936 2994 quaerente

361 3021 516 3091 pede.
547 3019 618 3073 22
655 3019 720 3072 Et
747 3020 924 3075 audax
960 3017 1306 3074 llebrzeorum
1345 3016 1665 3072 turbabatur
1704 3016 1936 3086 populus

2026 1834 2086 1885 Εἰ
2117 1833 2159 1884 δ’
2197 1833 2298 1901 ἐμὲ
2332 1829 2691 1899 γινώσκοντες
2732 1828 3107 1882 ἐπιστώσασθε
3153 1825 3426 1895 μενοινὴν,

2026 1924 2132 1976 Καί
2162 1941 2253 1975 κεν
2282 1922 2346 1975 ἂν
2376 1919 2721 1992 ἑφρὰσσασθε
2753 1922 2845 1973 καὶ
2879 1920 3144 1989 ἡμέτερον
3176 1916 3469 1986 Γενετῆρα.

2024 2017 2094 2070 20
2133 2015 2394 2086 Κοίρανος
2425 2016 2614 2066 ἔννεπε
2655 2012 2826 2066 ταῦτα
2871 2011 3174 2081 διδάγματα
3204 2008 3430 2062 θέσκελα
3464 2005 3614 2077 λαῷ,

2027 2106 2344 2176 Γαζοφύλαξ
2371 2106 2456 2160 ὅθι
2478 2106 2655 2177 χῶρος
2677 2103 2964 2158 ἀκούεται·
3001 2102 3197 2155 ὁππόθι
3230 2101 3411 2153 πολλοὶ

2031 2200 2254 2253 Ποικίλα
2288 2198 2434 2268 δῶρα
2468 2198 2727 2269 φέροντες
2762 2197 3136 2266 ἐπεστείχοντο
3171 2194 3401 2247 πολῖται.

2031 2290 2162 2344 Οὑδέ
2197 2308 2280 2354 τις
2313 2291 2471 2343 αὑτὸν
2501 2289 2766 2360 ἔμαρψεν,
2797 2288 2915 2340 ἐπεὶ
2943 2287 3316 2356 θανατηφόρον
3344 2283 3493 2353 αὑτῷ

2032 2380 2199 2434 Οὑπω
2222 2380 2458 2434 λοίσθιον
2483 2376 2613 2452 ἦλθε
2651 2379 2936 2432 θεόσσυτον
2961 2378 3127 2447 ἴχνιον
3155 2376 3324 2446 ὥρης.

2031 2473 2094 2525 21
2127 2473 2234 2526 Καί
2255 2489 2378 2541 σφιν
2399 2471 2566 2537 Ἀναξ
2585 2470 2843 2540 ἀγόρευεν
2860 2485 2872 2497 ·
2902 2467 2956 2519 Ἐ
2966 2467 3073 2537 μὴν
3084 2465 3199 2519 ὁδὸν
3219 2466 3377 2530 αὑτὸς
3391 2464 3632 2529 ὀδεύσω,

2045 2565 2232 2633 Ὑμεῖς
2262 2565 2305 2617 δ’
2340 2562 2701 2634 ἀφραδέεσσιν
2726 2561 2784 2614 ὲν
2813 2559 2969 2632 ’ήθεσι
2998 2559 3200 2621 πάντες
3229 2557 3444 2629 ἀλῆται,

2045 2656 2354 2727 Ῥιγεδανὴν
2386 2654 2525 2726 μετά
2549 2655 2725 2724 γῆρας
2760 2651 3103 2722 ἐσαθρήσητε
3125 2650 3402 2720 τελευτὴν,

2051 2749 2362 2821 Ἀμπλακίῃ
2400 2748 2722 2818 μεθέποντες
2751 2745 2988 2816 ὁμήλικα
3013 2743 3242 2797 λευκάδα
3269 2742 3478 2812 χαίτην.

2038 2836 2174 2912 ’ᾞχι
2200 2839 2258 2892 δέ
2287 2837 2672 2891 πουλυέλικτον
2710 2836 2845 2906 ἐμοῦ
2877 2835 3038 2898 ποδὸς
3072 2835 3211 2904 ἴχνος
3241 2833 3462 2899 ἐπείγω,

2053 2932 2258 3002 Ὓμέας
2289 2931 2350 2983 οὑ
2389 2929 2574 2988 σθένος
2605 2929 2721 2981 ἐστὶ
2757 2927 2939 2998 μολεῖν
2971 2927 3221 2997 διζήμονι
3249 2923 3452 2995 ταρσῷ.

2041 3021 2112 3076 22
2152 3021 2259 3074 Καὶ
2295 3019 2500 3090 θρασὺς
2565 3017 2831 3089 Ἐϐραίων
2881 3015 3178 3086 κυμαίνετο
3223 3015 3348 3078 λαὸς
3389 3011 3632 3075 ἀκούων,

362 3112 610 3170 audiens.
651 3110 996 3182 lnsipientem
1034 3113 1428 3168 contumelioso
1457 3112 1691 3166 fundens
1727 3110 1932 3164 [luxum

2056 3114 2288 3183 Ἀιρρονα
2313 3109 2590 3180 λωϐητῆρι
2621 3109 2760 3179 χέων
2790 3107 2911 3178 ῥόον
2938 3106 3233 3179 ἁνθερεῶνι
3251 3123 3264 3136 °

362 3219 504 3258 ore:
544 3201 680 3255 Num
730 3203 864 3256 mori
916 3203 1029 3255 vult
1079 3203 1255 3273 laquei
1309 3203 1644 3258 morte?ch
1696 3202 1934 3271 gladium

365 3292 662 3360 stringens,
708 3291 932 3361 Propria
981 3292 1125 3345 caede
1181 3308 1278 3362 per
1325 3303 1568 3348 ventrem
1636 3293 1838 3347 incidet
1884 3293 1937 3345 in

368 3385 629 3438 mortem?
667 3383 741 3438 25
782 3384 942 3439 .Iesus
983 3400 1111 3438 vero
1161 3387 1372 3454 aperuit
1419 3385 1813 3454 diviniloquum
1855 3403 1938 3454 os,

370 3474 690 3529 Sermonem
734 3475 1104 3530 adversarium
1165 3475 1398 3529 fundens
1441 3476 1796 3530 conviciatori
1843 3492 1940 3545 po-

370 3567 531 3636 pulo:
590 3566 699 3635 92
748 3565 856 3622 Vos
896 3567 1063 3620 intimi
1107 3567 1463 3622 descensuros
1496 3567 1629 3621 estis
1681 3567 1947 3632 barathri,

374 3656 516 3711 Estis
549 3673 612 3711 ex
650 3658 796 3722 imis,
834 3667 888 3712 et
920 3673 984 3712 ex
1025 3659 1136 3712 alto
1165 3672 1264 3728 ego
1295 3673 1436 3721 sum;
1469 3659 1602 3712 estis
1632 3665 1811 3712 autem
1845 3658 1948 3712 hu-

368 3750 460 3818 jus
496 3747 604 3802 Vos
642 3748 766 3803 vilis
796 3749 991 3804 nativae
1015 3765 1168 3804 noxa:
1196 3750 1404 3813 mundi,
1447 3749 1521 3803 Ex
1547 3757 1690 3804 terra
1728 3751 1951 3822 sangui-

371 3859 492 3898 nem
521 3841 774 3906 ferentes;
793 3857 892 3913 ego
920 3852 1095 3898 autem
1120 3843 1171 3896 iu
1190 3850 1391 3898 aeterno
1405 3843 1610 3897 honore
1625 3842 1951 3914 Peregrinus

374 3952 493 3989 sum
529 3936 581 3988 in
633 3934 856 3998 mundo,
895 3951 992 3989 nec
1023 3936 1308 3990 mortalem
1350 3936 1473 3990 novi
1515 3944 1742 4003 patrem,
1789 3936 1948 3992 Pere-

374 4027 564 4096 grinus
613 4042 710 4095 ego
749 4027 799 4080 in
857 4027 1077 4091 mundo,
1125 4035 1176 4081 et
1213 4027 1334 4082 ρωιὶ
1372 4043 1491 4083 sum
1526 4028 1696 4083 civis:
1735 4029 1806 4083 21
1845 4026 1952 4082 Sed

375 4120 530 4174 vobis
579 4119 690 4174 dixi
736 4120 877 4188 quod
917 4127 1327 4191 praeoccupantc
1359 4121 1591 4191 quodam
1628 4121 1738 4174 fato
1764 4121 1954 4176 Adhuc

377 4207 714 4267 insanientes
757 4211 1005 4266 ineidctis
1045 4213 1096 4265 in
1134 4213 1471 4276 barathrum,
1515 4212 1804 4269 Peccatum
1854 4215 1954 4267 ha-

380 4303 570 4358 bentes
605 4319 875 4367 coaevnm;
919 4321 1044 4360 vere
1075 4308 1218 4359 enim
1264 4303 1377 4359 Nisi
1430 4320 1517 4359 me
1566 4304 1952 4374 coguoveritis,

2034 3200 2111 3256 'H
2150 3207 2218 3274 ῥα
2249 3201 2429 3255 θανεῖν
2463 3200 2634 3252 ἐθέλει
2667 3200 2882 3272 βρύχιον
2923 3201 3123 3272 μόρον;
3159 3200 3192 3271 ἢ
3240 3199 3390 3268 ξίφος
3429 3198 3636 3262 ⁶έλκων,

2035 3291 2324 3362 Αὑτοςρὸνῳ
2348 3290 2436 3344 διὰ
2457 3291 2690 3362 γαστρὸς
2710 3291 3017 3362 ὁμιλήσειεν
3047 3289 3251 3361 ὀλέθρῳ
3269 3305 3284 3354 ;

2037 3383 2109 3436 25
2162 3382 2369 3454 Ἰησοῦς
2391 3383 2434 3436 δ’
2469 3381 2733 3435 ἐπέτασσε
2759 3383 3020 3454 θεηγόρον
3050 3379 3379 3452 ἀνθερεῶνα,

2040 3477 2224 3532 Μῦθον
2254 3479 2598 3550 ἀμιλλητῆρα
2622 3479 2760 3548 χέων
2785 3478 3058 3550 λωϐήτορι
3085 3477 3201 3549 λαῷ
3224 3495 3236 3507 ·

2042 3569 2150 3639 93
2207 3571 2396 3640 Ὑμεῖς
2430 3570 2726 3642 νερτερεοιο
2758 3571 3056 3641 κατήλυδές
3090 3573 3212 3623 ἐστε
3248 3567 3501 3640 βερέθρου
3524 3583 3537 3596 ·

2060 3661 2214 3716 Ἐστέ
2245 3662 2395 3716 κάτω
2414 3681 2425 3693 ’
2453 3664 2547 3717 καὶ
2574 3663 2780 3717 ἄνωθεν
2811 3663 2922 3732 ἐγὼ
2953 3664 3136 3716 πέλον.
3173 3663 3325 3715 Ἐστέ
3355 3662 3409 3714 δέ
3437 3658 3638 3713 τούτου

2060 3754 2246 3824 Ὑμεῖς
2280 3755 2573 3808 οὐτιδανοῖο
2607 3754 2858 3822 γενέθλια
2894 3756 3122 3826 πήματα
3156 3755 3382 3823 κόσμου,

2061 3846 2157 3898 Ἐκ
2188 3845 2375 3916 χθονὸς
2405 3843 2543 3916 αἷμα
2578 3845 2839 3917 φέροντες
2862 3864 2873 3875 ·
2909 3846 3020 3915 ἐγὼ
3050 3847 3094 3900 δ’
3124 3847 3180 3899 ἐν
3214 3846 3468 3917 ἀτέρμονι
3496 3843 3642 3913 τιμῇ

2052 3937 2234 4002 Ξεῖνος
2264 3938 2395 4008 ἔφυν
2424 3939 2666 4009 κόσμοιο,
2695 3939 2789 3991 καὶ
2817 3939 2876 3991 οὑ
2909 3938 3097 4009 βροτὸν
3135 3932 3251 3991 οἶδα
3288 3935 3459 4014 τοκῇα
3480 3950 3493 3964 ·

2052 4032 2235 4095 Ξεῖνος
2276 4031 2384 4100 ἐγὼ
2413 4031 2658 4102 κόσμοιο,
2689 4031 2780 4084 καὶ
2809 4031 3021 4102 αἰθέρος
3058 4031 3175 4102 εἰμὶ
3202 4029 3422 4100 πολίτης
3440 4044 3454 4056 ·

2051 4125 2122 4180 24
2173 4125 2310 4178 Ἀλλ’
2337 4126 2463 4196 ὑμῖν
2503 4125 2767 4196 ἀγόρευον
2802 4126 2882 4178 ὅτι
2915 4124 3176 4194 φθαμένῳ
3200 4123 3304 4176 τινὶ
3339 4121 3528 4191 πότμῳ

2055 4215 2236 4271 Εἱσέτι
2270 4217 2660 4290 μαργαίνοντες
2687 4216 2987 4287 ὁμιλήσητε
3017 4215 3276 4286 βερέθρῳ,

2068 4309 2410 4380 Ἀμπλακίην
2453 4309 2779 4380 μεθέποντες
2810 4308 3107 4380 ὁμόχρονον
3131 4324 3145 4336 ·
3177 4304 3452 4376 ἀτρεκέως
3486 4301 3544 4353 δὲ

1577 4411 1857 4468 TEXTUS
1889 4413 2414 4473 EVANGELISTZE.

458 4530 524 4583 15
572 4529 761 4599 Ὑμεῖς
786 4528 925 4582 κατὰ
956 4530 1053 4601 τὴν
1077 4531 1252 4603 σάρκα
1289 4533 1523 4603 κρίνετε,
1551 4530 1662 4599 ἐγὼ
1692 4530 1752 4585 οὑ
1785 4530 1958 4602 κρίνω
1992 4541 2032 4594 D
2057 4537 2281 4590 ἐπίασεν
2316 4539 2498 4602 αὑτὸν,
2525 4539 2606 4591 ὅτι
2637 4537 2790 4591 οὔπω
2819 4537 3066 4610 ἐληλύθει
3093 4539 3126 4604 ή
3156 4535 3276 4608 ὥρα
3309 4532 3494 4587 αὑτοῦ.

383 4612 594 4666 οὐδένα.
704 4665 706 4667 .

458 4695 524 4749 16
563 4696 672 4749 Καὶ
715 4696 810 4748 ἐὰν
846 4698 1016 4768 κρίνω
1040 4698 1095 4751 δέ
1123 4698 1252 4766 ἐγὼ,
1281 4700 1312 4769 ἡ
1343 4699 1578 4771 κρίσιςή
1613 4699 1718 4770 ἐμὴ
1751 4699 1958 4772 ἀληθής

299 4841 302 4844 ,
385 4780 565 4831 ἐστιν·
600 4778 680 4832 ὅτι
721 4781 879 4851 μόνος
917 4779 1016 4833 οὑκ
1054 4783 1198 4852 εἰμὶ,
1243 4782 1357 4835 ἀλλ’
1398 4783 1508 4851 ἐγὼ
1539 4784 1632 4836 καὶ
1665 4783 1693 4834 ὁ
1734 4783 1959 4854 πέμψας

387 4880 457 4932 με
489 4864 697 4934 Πατήρ,

460 4946 525 4996 17
570 4947 678 4998 Καὶ
719 4950 775 5000 ἐν
812 4949 888 5020 τῷ
917 4950 1066 5020 νόμῳ
1099 4950 1156 5003 δέ
1200 4950 1276 5021 τῷ
1319 4951 1570 5022 ὑμετέρῳ
1615 4950 1954 5022 γέγραπται,

387 5027 472 5079 ὅτι
498 5027 590 5080 δύο
624 5031 980 5103 ἀνθρώπωνὴ
1018 5035 1294 5106 μαρτυρία
1329 5035 1533 5106 ἀληθής
1564 5039 1730 5088 ἐστιν.

463 5112 529 5166 18
573 5113 714 5180 Ἐγώ
743 5116 855 5184 εἰμι
877 5119 904 5168 6
940 5118 1226 5187 μαρτυρῶν
1259 5120 1384 5189 περὶ
1415 5117 1675 5188 ἐμαυτοῦ,
1708 5118 1801 5172 καὶ
1833 5135 1967 5189 μαρ-

391 5199 543 5266 τυρεῖ
576 5197 701 5266 περὶ
733 5196 866 5266 ἐμοῦ
895 5199 922 5249 ὁ
945 5198 1165 5266 πέμψας
1199 5217 1263 5266 με
1296 5202 1503 5271 Πατήρ

467 5280 530 5335 19
575 5278 801 5348 Ἔλεγον
841 5275 932 5332 οὖν
977 5281 1151 5350 αὑτῷ·
1192 5282 1300 5334 11οὖ
1348 5286 1494 5336 ἐστιν
1528 5286 1555 5337 6
1589 5285 1780 5353 Πατήρ
1837 5299 1965 5344 ceu;

404 5363 701 5436 Ἀπεκρίθη
750 5365 778 5417 6
827 5364 1067 5436 Ἰησοῦς·
1106 5363 1243 5417 Οὔτε
1292 5366 1392 5437 ἐμὲ
1444 5367 1656 5428 οἴδατε,
1703 5367 1829 5420 οὔτε
1877 5367 1967 5419 τὸν

393 5447 612 5517 Πατέρα
657 5465 790 5519 μου·
837 5451 883 5503 εἰ
933 5450 1031 5519 ἐμὲ
1072 5448 1270 5518 ᾔδειτε,
1325 5450 1539 5502 καὶτὸν
1591 5450 1825 5522 Πατέρα
1867 5467 1966 5520 μου

394 5531 571 5601 ᾔδειτε
605 5532 691 5588 ἄν.

465 5614 536 5668 20
575 5615 756 5668 Ταῦτα
806 5615 872 5668 τὰ
905 5618 1138 5685 ’ῥήματα
1180 5615 1442 5686 ἐλάλησεν
1483 5618 1510 5668 6
1547 5617 1755 5688 Ἰησοῦς
1791 5619 1847 5670 ἐν
1893 5615 1972 5687 τῷ

395 5697 808 5770 γαζοφυλακίῳ,
866 5701 1129 5754 διδάσκων
1192 5703 1248 5754 ἐν
1291 5699 1368 5770 τῷ
1430 5698 1593 5772 ἱερῷο
1650 5701 1741 5753 καὶ
1798 5699 1971 5764 οὐδεὶς

2137 4637 2198 4690 21
2257 4634 2425 4693 Εἶπεν
2490 4635 2583 4694 οὖν
2647 4640 2807 4694 πάλιν
2877 4641 3061 4703 αὐτοῖς
3111 4641 3139 4692 ὁ
3195 4635 3444 4707 Ἰησοῦς⁹
3500 4634 3650 4703 Ἐγὼ

2069 4721 2282 4791 ὑπάγω,
2320 4725 2414 4777 καὶ
2457 4724 2721 4795 ζητήσετέ
2772 4742 2859 4790 με,
2896 4724 2991 4786 καὶ
3027 4725 3084 4775 ἐν
3112 4724 3178 4792 τῇ
3213 4719 3456 4792 ἁμαρτίᾳ
3489 4718 3647 4788 ὑμῶν

2069 4803 2442 4859 ἀποθανεῖσθε·
2487 4809 2620 4861 ὅπου
2671 4807 2781 4877 ἐγὼ
2820 4807 3036 4876 ὑπάγω,
3093 4807 3250 4876 ὑμεῖς
3311 4803 3372 4854 οὑ
3421 4801 3646 4856 δύνασθε

2069 4887 2265 4942 ἐλθεῖν.

2137 4991 2206 5043 22
2250 4991 2475 5059 Ἔλεγον
2504 4987 2596 5046 οὖν
2626 4995 2676 5046 οἱ
2711 4993 2986 5048 Ἰουδαῖοιο
3019 4993 3168 5063 Μήτι
3203 4992 3493 5044 ἀποκτενεῖ
3523 4990 3648 5042 ἐαυ-

2067 5074 2178 5136 τὸν,
2215 5073 2296 5126 ὅτι
2322 5074 2501 5142 λέγει’
2530 5077 2704 5130 Ὅπου
2735 5076 2845 5146 ἐγὼ
2875 5076 3095 5146 ὑπάγω,
3127 5077 3288 5146 ὑμεῖς
3323 5074 3383 5125 οὑ
3418 5072 3648 5126 δύνασθε

2069 5156 2242 5210 ἐλθεῖν
2262 5173 2275 5220 ;
3380 5149 3392 5164 ⁸

2139 5261 2207 5314 25
2249 5262 2358 5314 Καὶ
2395 5257 2548 5316 εἶπεν
2574 5265 2792 5328 αὐτοῖς·
2846 5265 3041 5336 Ὑμεῖς
3084 5265 3148 5316 ἐκ
3186 5263 3295 5315 τῶν
3327 5264 3478 5317 κάτω
3510 5260 3654 5322 ἐστὲ,

2073 5343 2183 5413 ἐγὼ
2225 5345 2288 5397 ἐκ
2317 5345 2422 5399 τῶν
2453 5347 2563 5400 ἄνω
2604 5349 2718 5418 εἱμί
2743 5367 2756 5381 ο
2802 5349 2960 5419 ὑμεῖς
2995 5350 3058 5400 ἐκ
3091 5346 3184 5399 τοῦ
3213 5346 3419 5415 κόσμου
3463 5342 3651 5396 τούτου

2072 5429 2216 5491 ἐστε,
2248 5429 2356 5497 ἐγὼ
2383 5430 2481 5483 οὐκ
2515 5431 2630 5500 εξμί
2660 5433 2723 5483 ἐκ
2749 5431 2842 5484 τοῦ
2877 5432 3085 5500 κόσμου
3122 5429 3337 5482 τούτου.

2079 5607 2082 5609 _
2143 5533 2213 5586 21
2255 5529 2419 5586 Εἶπον
2453 5528 2556 5603 οὖν¹
2579 5535 2707 5604 ὑμῖν
2738 5536 2818 5587 ὅτι
2854 5534 3212 5587 ἀποθανεῖσθε
3249 5533 3305 5585 ὲν
3333 5533 3453 5593 ταῖς
3489 5529 3663 5598 ἁμαο-

2077 5617 2216 5677 τίαις
2250 5616 2432 5687 ὑμῶν·
2467 5617 2558 5669 ἐὰν
2594 5617 2702 5688 γὰρ
2747 5618 2820 5688 μὴ
2856 5616 3185 5686 πιστεύσητε
3230 5617 3309 5668 ὅτι
3357 5611 3467 5679 ἐγώ
3517 5612 3656 5680 εἰμι,

2078 5700 2434 5755 ἀποθανείτθε
2460 5703 2515 5755 ἐν
2550 5704 2666 5764 ταῖς
2691 5701 2989 5773 ἁμαρτίαις
3021 5699 3167 5769 ὑμῶκ.
3187 5729 3208 5746 ο
