3900 6216
356 513 459 567 Bl‘J

1583 516 1788 574 NONN!
1828 518 2324 577 PANOPOLlTANl

3510 524 3614 580 820

357 635 487 690 fato.
525 635 644 690 Non
674 637 816 691 enim
848 653 999 694 meus
1028 652 1267 708 unquam
1303 654 1484 695 sermo
1513 647 1748 695 vestram
1789 657 1928 698 men-

2057 641 2217 696 Ἀλλά
2246 661 2312 713 με
2345 641 2600 713 λαθριδίῳ
2629 637 2872 693 κτανέειν
2902 638 3195 710 μαστεύετε
3228 637 3436 710 πότμῳ.

353 734 464 780 tem
494 726 660 779 subit.
695 723 786 796 [38

425 813 447 886 ]
483 816 551 870 59
589 815 798 870 llebrzei
829 833 956 872 vero
1000 826 1306 874 sonuerunt
1335 819 1657 889 responsivo
1689 819 1929 890 quodam

357 909 554 960 verbo:
591 905 786 963 Noster
807 917 959 979 pater
985 918 1068 965 est
1098 909 1415 980 progenitor
1439 911 1735 965 Abraham.
1766 909 1930 965 Iesus

355 1005 534 1051 autem
563 999 868 1068 respondit,
908 998 1144 1055 fundens
1174 1010 1366 1055 contra
1400 1009 1683 1057 sonantem
1718 1016 1928 1057 vocem:

356 1085 466 1144 Vos
495 1089 540 1143 si
571 1089 846 1160 sapientes
871 1090 1074 1146 liberos
1106 1091 1382 1161 plantator
1403 1098 1612 1146 arasset
1632 1090 1928 1156 Abraham,

355 1177 532 1233 Etiam
564 1179 818 1236 faceretis
849 1181 919 1251 pii
963 1196 1129 1252 opera
1173 1182 1361 1251 patris,
1392 1181 1664 1235 Abraham
1689 1181 1932 1251 hospita-

355 1267 442 1322 lis.
477 1267 548 1322 40
581 1266 689 1322 Deo
723 1282 1030 1337 repugnans
1084 1268 1216 1323 estis
1263 1265 1560 1338 generatio.
1599 1263 1656 1320 Si
1700 1265 1931 1320 homici-

353 1359 524 1414 diales
556 1358 746 1415 doloso
776 1360 1018 1430 polluitis
1060 1375 1253 1414 manus
1296 1359 1480 1421 exitio,
1515 1355 1784 1427 Operibus
1833 1371 1930 1411 ex-

352 1451 558 1521 pressis
577 1451 946 1507 conlirmastis
963 1440 1390 1522 generationem.
1412 1448 1684 1504 Abraham
1714 1463 1820 1503 non
1837 1464 1932 1503 cu-

352 1547 536 1618 piebat
615 1547 886 1604 insontem
955 1549 1128 1603 virum
1180 1549 1402 1603 domare
1444 1566 1455 1600 :
1493 1545 1766 1602 Abraham
1821 1561 1929 1602 non

355 1641 487 1697 fecit
516 1643 620 1698 hoc
652 1643 764 1698 Deo
794 1659 1043 1698 exosum.
1075 1644 1134 1697 41
1173 1643 1279 1698 Sed
1305 1659 1400 1699 vos
1437 1640 1613 1712 Opera
1639 1642 1815 1698 dolosi
1845 1658 1934 1698 co-

359 1739 545 1808 gitatis
576 1739 746 1810 patris
772 1750 976 1793 texere.

422 1855 534 1926 96
586 1853 652 1909 Et
681 1855 859 1910 audax
894 1852 1205 1909 Judmorum
1246 1869 1442 1909 rursus
1502 1853 1639 1909 dixit
1697 1855 1932 1925 populus

350 1949 613 2005 audiens:
668 1948 778 2006 Nos
822 1966 932 2006 non
978 1949 1144 2020 geniti
1184 1965 1375 2006 sumus
1422 1950 1612 2021 spurio
1649 1965 1713 2004 ex
1759 1966 1934 2006 mere-

354 2046 512 2103 tricis
567 2046 897 2116 concubitu,
950 2045 1055 2103 Sed
1100 2046 1269 2104 Deum
1319 2049 1496 2103 solum
1530 2047 1735 2104 scimus
1761 2064 1928 2102 unum

347 2145 622 2199 viventem
665 2143 903 2198 Patrem.

417 2257 673 2314 421esus
705 2269 884 2314 autem
911 2259 1154 2314 audienti
1206 2274 1401 2315 rursus
1441 2259 1656 2313 locutus
1695 2265 1779 2312 est
1835 2272 1930 2328 po-A

348 2353 508 2424 pulo:
531 2353 588 2408 Si
619 2353 763 2410 Deus
778 2364 957 2412 vester
987 2355 1147 2410 Pater
1167 2363 1251 2411 est
1275 2356 1444 2410 caelos
1466 2355 1739 2417 habitans,
1759 2353 1928 2407 Etiam

350 2462 438 2503 me
453 2463 647 2505 omnes
668 2449 737 2505 ab
759 2465 868 2505 uno
893 2458 1079 2504 natum
1111 2448 1272 2505 Patre
1295 2449 1490 2504 Firmae
1513 2449 1764 2503 amicitiae
1784 2449 1932 2502 inso-

349 2545 506 2600 lubili
530 2545 938 2617 conjungeretis
967 2547 1206 2601 vinculo.
1238 2546 1446 2602 Etenim
1485 2561 1585 2615 ego
1615 2560 1644 2598 a
1676 2545 1782 2600 Deo
1805 2560 1931 2614 pro-

348 2642 554 2698 cedens
592 2643 701 2698 huc
731 2643 910 2699 venio.
941 2644 1011 2698 45
1039 2643 1104 2699 Et
1131 2643 1406 2714 quomodo
1441 2658 1548 2698 non
1581 2643 1818 2698 divinam
1851 2657 1931 2696 sa-

347 2741 588 2811 pientem
619 2755 794 2796 meam
826 2741 1156 2812 cognoscitis
1182 2740 1410 2794 vocem?
1436 2738 1546 2794 Vos
1567 2755 1674 2794 non
1702 2738 1930 2808 potestis

347 2851 530 2891 meum
565 2852 872 2894 sermonem
916 2837 1128 2891 audire.
1159 2837 1228 2890 44
1252 2834 1362 2891 Vos
1390 2835 1617 2891 hostiles
1647 2835 1739 2889 lilii
1777 2849 1931 2889 aver-

346 2931 506 2988 sandi
536 2932 672 2990 estis
701 2933 891 3003 patris,
934 2931 1206 2987 Dremonis
1239 2931 1558 2995 adVersarii,
1585 2939 1639 2986 et
1669 2930 1930 2985 amabiles

347 3030 826 3100 concupiscentias
860 3027 1040 3084 Patris
1067 3029 1286 3099 superbi
1322 3029 1522 3099 cupitis
1545 3043 1734 3082 omnes
1766 3025 1926 3096 perfi-

347 3141 492 3182 cere.
521 3125 747 3196 Semper
776 3125 867 3180 ille
904 3133 1023 3180 erat
1050 3125 1324 3181 homicida
1347 3166 1362 3190 ,
1397 3143 1460 3178 ex
1489 3140 1598 3196 quo
1629 3123 1817 3177 mundi
1851 3124 1931 3175 Ah

347 3224 507 3295 initio
549 3223 851 3293 perfectum
907 3231 990 3278 est
1034 3222 1444 3278 fundamentum
1476 3243 1487 3278 :
1524 3239 1699 3292 neque
1729 3224 1782 3276 in
1815 3222 1930 3292 lege

348 3319 549 3376 Mansit
571 3320 819 3375 veritatis
838 3318 946 3374 Deo
967 3319 1263 3384 credentis;
1282 3334 1389 3372 non
1413 3319 1556 3372 enim
1585 3319 1638 3371 in
1665 3318 1784 3387 ipso
1798 3317 1927 3369 Erat

347 3417 571 3480 veritas,
589 3422 643 3468 et
657 3413 876 3484 quando
899 3413 1070 3482 iniqui
1101 3414 1269 3467 animi
1293 3416 1568 3468 voluntate
1593 3412 1796 3467 Blanda
1816 3427 1931 3482 gar-

347 3511 497 3565 riens
542 3509 915 3578 deceptorium
975 3523 1282 3566 sermonem
1309 3509 1538 3572 emittit,
1569 3507 1835 3578 Loquitur
1865 3523 1929 3562 ex

351 3603 608 3674 propriis,
623 3604 750 3673 quia
777 3603 1118 3673 perniciosos
1137 3618 1316 3658 mores
1343 3603 1546 3660 habens
1566 3602 1790 3658 Mendax
1817 3605 1932 3671 ipse

347 3707 452 3763 est,
483 3701 746 3754 mendacc
772 3714 839 3756 ex
888 3707 1064 3769 patre.
1105 3700 1174 3755 45
1206 3699 1374 3755 Vobis
1402 3700 1520 3772 ipse
1567 3702 1700 3765 dixi,
1732 3708 1786 3756 et
1826 3715 1930 3754 non

350 3794 576 3849 creditis
605 3795 866 3850 sermoni.
900 3794 972 3849 46
1003 3793 1138 3862 Quis
1173 3795 1337 3850 homo
1368 3796 1511 3851 inter
1539 3812 1636 3851 vos
1665 3811 1758 3850 me
1781 3802 1934 3866 pote-

350 3890 423 3944 rit
475 3890 592 3960 ipse
637 3890 1035 3960 reprehendere
1075 3891 1292 3947 Peccati
1335 3892 1750 3948 affectatorem?
1785 3900 1856 3955 et,
1887 3889 1934 3945 si

348 4001 539 4041 verum
571 3985 782 4051 dixero,
826 3983 938 4041 Cur
965 3987 1096 4042 mihi
1125 4003 1231 4041 non
1264 3987 1488 4044 creditis
1527 3986 1826 4058 prudenti?

411 4083 483 4136 47
511 4082 747 4150 Quilibet
779 4083 995 4154 sapiens
1019 4085 1100 4138 vir
1130 4084 1188 4140 In
1227 4082 1392 4140 Deum
1436 4094 1696 4140 aeternum
1723 4083 1940 4158 habens

350 4186 606 4243 mentem,
623 4179 778 4236 suavi
797 4180 978 4234 animo
999 4180 1292 4236 Sermones
1311 4181 1552 4237 caelestis
1578 4181 1668 4235 Dei
1699 4180 1930 4235 viventis

349 4277 518 4332 audit.
555 4275 666 4333 Vos
713 4292 843 4332 vero
883 4277 1074 4333 audire
1099 4294 1206 4332 non
1253 4277 1524 4333 festinatis
1557 4276 1798 4330 divinam
1834 4290 1928 4329 vo-

2034 732 2109 784 Οὑ
2143 732 2251 803 γὰρ
2268 731 2398 802 ὲμός
2429 749 2557 785 ποτε
2581 729 2744 802 μῦθος
2763 730 2819 792 ἐς
2838 727 3108 800 ὑμετέρην
3127 729 3297 799 φρένα
3311 728 3474 782 δύνει.
3497 725 3613 798 [ὃδ[

2041 824 2107 879 59
2160 824 2396 895 Ἑϐραῖοι
2435 824 2480 877 δ’
2513 823 2739 894 ἰάχησαν
2767 823 3036 893 ἀμοιϐαίῳ
3066 823 3172 874 τινί
3208 821 3362 892 μύθῳ
3384 839 3400 852 ο

2046 911 2282 983 Ἦμείων
2311 911 2538 982 γενέτης
2562 909 2768 964 τελέθει
2799 910 3187 981 πρωτόσπορος
3213 909 3458 979 ’Δϐραμη

2047 1002 2259 1074 Ἰησοῦς
2288 1002 2333 1056 δ’
2357 1003 2692 1072 ἀπάμειπτο,
2733 1001 2872 1071 χέων
2900 999 3232 1052 ἀντίκτυπον
3265 998 3451 1068 ὀμφήν
3469 1015 3484 1030 ο

2045 1090 2254 1161 Ὑμέας
2277 1091 2326 1143 εί
2355 1089 2494 1158 σοφὰ
2523 1090 2689 1143 τέκνα
2713 1089 3049 1159 φυτοσπόρος
3074 1088 3268 1158 ήροσεν
3296 1087 3544 1158 Ἃϐραμ,

2034 1180 2142 1233 Καί
2181 1197 2275 1234 κεν
2307 1177 2631 1250 ἐποιήσασθε
2663 1177 2903 1238 θεουδέος
2930 1175 3068 1246 ἔργα
3095 1177 3309 1246 τοκῆος,

2036 1272 2258 1341 ’Ἀϐραμ
2321 1269 2656 1335 ξεινοδόκοιο.
2693 1268 2763 1322 40
2804 1267 3090 1338 Θεημάχος
3119 1265 3240 1318 ἐστὲ
3278 1264 3528 1335 γενέθλη.

2033 1362 2096 1414 Εἰ
2135 1361 2317 1430 φονίας
2344 1359 2573 1414 δολόεντι
2611 1358 2847 1430 μιαίνετε
2876 1361 3062 1429 χεῖρας
3087 1357 3311 1427 ὀλέθρῳ,

2037 1455 2258 1526 Ἔργοις
2290 1451 2656 1504 ἀντιτύποισιν
2692 1447 3063 1502 ὲπιστώσασθε
3092 1448 3369 1518 γενέθλην.

2046 1542 2295 1615 Ἀϐραὰμ
2322 1541 2382 1593 ού
2414 1541 2692 1611 μενέαινεν
2725 1539 2965 1592 ἀναίτιον
3004 1537 3172 1608 ἄνδρα
3209 1537 3513 1606 δαμάσσαι’

2055 1633 2304 1704 Ἀϐραὰμ
2347 1631 2407 1684 οὑ
2453 1629 2598 1701 κάμε
2647 1629 2804 1682 τοῦτο
2850 1628 3156 1697 θεοστυγές.
3193 1628 3254 1681 41
3305 1627 3466 1681 Ἀλλὰ
3513 1645 3616 1682 που

3361 1719 3414 1792 [ὑ
3425 1722 3546 1790 μεῖς

2039 1817 2218 1887 Ἔργα
2254 1811 2615 1884 δολορῤαφέος
2656 1810 2960 1881 μενεαίνετε
2995 1809 3197 1880 πατρὸς
3231 1808 3496 1877 ὑφαίνειν.

2103 1905 2208 1974 97
2229 1904 2337 1956 Καὶ
2353 1903 2556 1974 θρασὺς
2583 1900 2846 1971 Ἐϐραίων
2863 1899 3022 1952 πάλιν
3040 1899 3225 1952 ἔννεπε
3239 1899 3362 1962 λαὸς
3374 1899 3616 1952 ἁκούωνο

1968 2003 2007 2055 Β
2043 1997 2232 2068 Ἡμεῖς
2259 1997 2319 2048 ού
2360 1993 2663 2065 γενόμεσθα
2695 1992 2854 2061 νόθης
2882 1991 2989 2045 ἀπὸ
3025 1991 3297 2062 μαχλάδος
3324 1993 3508 2062 εὑνῆς,

2047 2090 2204 2142 Ἀλλὰ
2229 2088 2358 2141 Θεὸν
2395 2088 2556 2157 μόνον
2597 2087 2750 2156 ίδμεν
2785 2084 2883 2136 ἕνα
2922 2082 3126 2147 ζώοντα
3155 2084 3357 2152 Τοκῆα.

2101 2183 2170 2235 42
2223 2180 2426 2251 Ἰησοῦς
2452 2179 2497 2231 δ’
2525 2179 2694 2231 ἀΐοντι
2723 2177 2882 2230 πάλιν
2917 2176 3196 2248 μυθήσατο
3232 2176 3344 2246 λαῷ
3363 2192 3375 2205 ·

2034 2272 2096 2326 Εἰ
2131 2273 2264 2335 Θεὸς
2291 2271 2494 2343 ὑμείων
2522 2269 2754 2339 Γενέτης
2786 2267 2948 2320 πέλεν
2990 2266 3183 2338 αἰθέρα
3214 2267 3377 2319 ναίων

2033 2365 2252 2417 Καίκεν
2290 2363 2390 2433 ἐμὲ
2433 2361 2746 2432 ξύμπαντες
2772 2359 2888 2422 ἑνὸς
2914 2358 3164 2426 γεγαῶτα
3197 2358 3404 2428 Τοκῆος

2044 2453 2334 2524 Ἀῤῥαγέος
2364 2450 2542 2521 φιλίης
2571 2448 2748 2518 ἀλύτῳ
2776 2446 3046 2514 ξυνὼσατε
3075 2446 3280 2517 θεσμῷ.

2032 2546 2141 2597 Καὶ
2171 2544 2280 2614 γὰρ
2305 2543 2416 2611 ἐγὼ
2452 2541 2636 2595 θεόθεν
2673 2539 3054 2611 πεφορημένος
3094 2539 3280 2592 ἐνθάδε
3319 2539 3508 2609 βαίνω.

2030 2635 2099 2687 43
2137 2633 2246 2686 Καὶ
2280 2631 2442 2685 πόθεν
2486 2631 2546 2684 ού
2584 2629 2838 2701 θεόμητιν
2884 2629 3024 2698 ἐμὴν
3059 2626 3355 2697 γινώσκετε
3395 2627 3616 2696 φωνήνς

2045 2722 2247 2792 ’Υμέας
2275 2721 2334 2775 ού
2384 2721 2568 2784 σθένος
2602 2721 2748 2772 ἐστὶν
2800 2719 2930 2790 ἐμόν
2963 2736 3092 2772 ποτε
3139 2717 3306 2790 μῦθον
3355 2717 3572 2772 ἀκούειν
3599 2733 3617 2750 ·

2031 2815 2100 2868 44
2153 2813 2342 2886 Ὑμεῖς
2378 2813 2502 2884 δήῖα
2541 2812 2704 2866 τέκνα
2737 2810 3024 2874 δυσαντέος
3062 2811 3184 2864 ἐστὲ
3235 2813 3452 2881 τοκῆος,

2032 2904 2290 2976 Δαίμονος
2322 2903 2651 2967 ἀντιπάλοιο,
2687 2901 3047 2972 ποθοϐλήτους
3070 2919 3129 2954 τε
3167 2901 3436 2972 μερίμνας

2033 2997 2246 3068 Πατρὸς
2280 2995 2561 3066 ἀερσινόου
2601 2993 2908 3065 μενεαίνετε
2941 2995 3138 3057 πάντες
3173 2993 3424 3046 ἀνύσσαι.

2032 3091 2147 3140 Aie).
2178 3091 2349 3150 κεῖνος
2379 3086 2473 3157 ἔην
2499 3086 2868 3156 ἀνδροκτόνος,
2898 3084 3044 3150 ἐξότε
3079 3085 3282 3155 κόσμου

2045 3180 2133 3243 Ἐξ
2167 3179 2340 3250 ἀρχῆς
2375 3178 2655 3231 τετέλεστο
2691 3177 2992 3247 θεμείλιον·
3029 3177 3088 3230 οὑ
3125 3177 3169 3230 δ’
3197 3178 3278 3230 ὲνὶ
3321 3177 3511 3248 θεσμῷ

2033 3272 2241 3342 Μίμνεν
2277 3271 2530 3342 ἀληθείης
2564 3270 2898 3332 θεοπειθέος·
2933 3270 2992 3322 ού
3029 3269 3137 3340 γὰρ
3168 3269 3227 3322 ὲν
3255 3269 3402 3340 αὑτῷ

1957 3374 1999 3428 C
2032 3354 2168 3410 Ἦεν
2203 3357 2466 3428 ὲτητυμίη
2488 3373 2500 3387 ’
2540 3359 2634 3411 καὶ
2661 3358 2747 3410 ὅτε
2783 3357 3124 3427 σκολιόφρονι
3160 3357 3323 3427 βουλῇ

2038 3448 2248 3518 Λξμύλα
2282 3449 2555 3502 κωτίλλων
2585 3450 2904 3520 ἁπατήνορα
2939 3447 3106 3519 μῦθον
3141 3448 3333 3510 ίόιλλει,

2037 3539 2337 3608 φθέγγεται
2371 3539 2431 3604 ἐξ
2461 3539 2625 3604 ἰδίων,
2653 3541 2735 3592 ὅτι
2761 3539 2961 3608 λοίγιον
2991 3535 3124 3610 ἦθος
3157 3538 3332 3605 ἀέξων

2039 3631 2291 3700 Ψεύστης
2321 3631 2481 3693 αὐτὸς
2512 3629 2634 3700 ἔφυ,
2660 3631 2995 3702 ψευδήμονος
3020 3633 3081 3684 ἐκ
3113 3631 3424 3701 γενετῆρος.

2040 3725 2108 3778 45
2157 3724 2317 3794 Ὑμῖν
2347 3722 2507 3787 αὑτὸς
2541 3721 2718 3788 ἔλεξα,
2750 3724 2843 3775 καὶ
2875 3724 2937 3777 οὑ
2970 3724 3252 3776 πιστεύετε
3288 3723 3458 3794 μύθῳ.

2041 3818 2109 3872 46
2147 3816 2244 3879 Τίς
2274 3816 2461 3886 βροτὸς
2492 3815 2698 3886 ὑμείων
2729 3834 2795 3887 με
2831 3816 3116 3889 δυνήσεται
3143 3817 3304 3880 αὑτὸς
3333 3817 3551 3885 ἐλέγξαι

2053 3905 2396 3978 Ἀμπλακίης
2425 3906 2654 3977 ὲπίηρα;
2684 3907 2776 3960 καὶ
2805 3908 2853 3959 εί
2888 3907 3156 3979 νημερτὲς
3187 3907 3377 3977 ἐνίψω,

2041 3997 2207 4051 Τίπτε
2242 4015 2330 4068 μοι
2358 3997 2417 4050 οὑ
2455 3997 2701 4050 πείθεσθε
2729 3998 3020 4068 σαόφρονις
3048 3999 3113 4052 47
3142 4001 3258 4063 Πᾶς
3284 3999 3442 4070 σοφὸς
3471 3999 3620 4073 ἀνὴρ

2039 4088 2132 4151 Είς
2165 4087 2296 4141 Θεὸν
2324 4085 2705 4156 αὑτογένεθλον
2739 4087 2876 4157 ἔχων
2911 4089 3048 4151 νόον,
3078 4089 3194 4160 ήδέῖ
3231 4089 3388 4161 θυμῷ

2035 4179 2255 4243 Μύθους
2277 4178 2550 4251 ούρανίοιο
2575 4179 2710 4232 Θεοῦ
2745 4179 2974 4244 ζώοντος
3003 4180 3210 4234 ἀκούει.

2048 4271 2237 4340 Ὑμεῖς
2265 4271 2309 4323 δ’
2335 4270 2561 4324 είσαΐειν
2593 4271 2653 4324 οὑ
2692 4271 2948 4324 σπεύδετε
2986 4271 3236 4326 θέσκελον
3271 4272 3474 4344 ὀμφὴν,

1552 4473 1828 4529 TEXTUS
1868 4470 2388 4529 EVANGELISTAE.

418 4657 490 4713 58
537 4653 678 4725 Ἐγὼ
725 4656 753 4709 ὂ
791 4655 1010 4726 ἑώρακα
1063 4656 1213 4729 παρὰ
1253 4657 1329 4728 τῷ
1377 4657 1549 4728 ιῐατρί
1589 4673 1711 4726 μου,
1759 4655 1924 4721 λαλῶ,
1964 4660 2002 4712 υ
2102 4655 2171 4710 45
2211 4653 2358 4708 Διατί
2388 4655 2484 4726 τὴν
2508 4655 2696 4708 λαλιὰν
2721 4653 2817 4726 τὴν
2845 4657 2982 4728 ἐμὴν
3004 4658 3064 4710 οὑ
3085 4655 3412 4725 γινὼσπκετες
3444 4658 3527 4710 ὅτι
3551 4657 3619 4712 οὑ

351 4740 446 4794 καὶ
485 4740 645 4810 ὑμεῖς
678 4735 774 4792 οὖν
811 4740 839 4792 ὃ
879 4740 1163 4812 ἑωράκατε
1209 4740 1360 4810 παρὰ
1415 4740 1490 4811 τῷ
1533 4741 1701 4810 πατρὶ
1753 4737 1926 4808 ὑμῶν,

353 4825 579 4876 ποιεῖτε.

423 4917 493 4972 59
537 4918 938 4991 Ἀπεκρίθησαν
969 4920 1062 4972 καὶ
1086 4915 1240 4971 εἷπον
1269 4916 1444 4989 αὑτῷ·
1482 4919 1541 4970 '0
1573 4917 1753 4989 πατὴρ
1777 4917 1931 4987 ἡμῶν

364 5000 615 5072 Ἀϐραάμ
661 5003 796 5056 ἐστι.
852 5003 1014 5070 Λέγει
1079 5004 1262 5064 αὐτοῖς
1300 5003 1328 5054 ὁ
1380 4999 1619 5070 Ἰησοῦςο
1654 5002 1716 5053 El
1769 5001 1932 5053 τέκνα

349 5084 443 5137 τοῦ
479 5085 728 5155 Ἀϐραὰμ
757 5081 877 5155 ἦτε,
907 5085 974 5138 τὰ
1003 5086 1143 5158 ἔργα
1171 5086 1266 5140 τοῦ
1305 5085 1557 5158 Ἀϐρααμ
1585 5086 1815 5137 ἐποιεῖτε
1845 5084 1928 5138 ἄν.

421 5179 489 5234 40
527 5178 642 5231 Νῦν
690 5181 746 5232 δὲ
799 5180 1013 5250 ζητεῖτέ
1067 5199 1133 5251 με
1185 5184 1524 5250 ἀποκτεῖναι,
1546 5179 1830 5250 ἄνθρωπον
1873 5177 1932 5240 ὃς

349 5265 448 5333 τὴν
479 5262 739 5334 ἀλήθειαν
791 5264 920 5331 ὑμῖν
959 5263 1256 5334 λελάληκα,
1289 5266 1352 5334 ἣν
1404 5264 1614 5332 ἥκουσα
1647 5263 1798 5333 παρὰ
1837 5261 1931 5314 τοῦ

349 5347 487 5400 Θεοῦ
507 5364 518 5376 ·
552 5346 711 5400 τοῦτο
744 5345 994 5416 Ἀϐραὰμ
1026 5347 1125 5399 οὐκ
1155 5347 1430 5416 ἐποίησεν.

418 5445 479 5499 41
539 5443 728 5512 Ὑμεῖς
785 5444 988 5494 ποιεῖτε
1042 5441 1110 5494 τὰ
1161 5441 1299 5513 ἔργα
1351 5442 1445 5495 τοῦ
1509 5442 1712 5514 πατρὸς
1758 5441 1928 5512 ὑμῶν.

350 5525 516 5580 Εἶπον
561 5523 654 5580 οὖν
697 5524 881 5597 αὐτῷ’
922 5525 1112 5594 Ἡμεῖς
1163 5527 1228 5578 ὲκ
1274 5524 1527 5596 πορνείας
1571 5526 1631 5578 ού
1678 5527 1929 5596 γεγεννή-

355 5610 492 5678 μεθα
512 5628 524 5640 °
563 5611 659 5664 ἕνα
692 5609 912 5680 ἔχομεν,
943 5608 1033 5662 τὸν
1061 5608 1214 5662 Θεόν.

421 5707 490 5758 42
528 5703 695 5759 Εἶπεν
747 5703 842 5758 οῦν
889 5709 1073 5769 αὐτοῖς
1104 5707 1132 5758 ὁ
1170 5705 1406 5777 Ἰησοῦς·
1432 5706 1494 5758 Et
1525 5707 1552 5758 ὁ
1580 5706 1711 5769 Θεὸς
1751 5708 1933 5778 πατὴρ

353 5785 506 5852 ὑμῶν
538 5784 626 5855 ἦν,
664 5790 915 5854 ἠγαπᾶτε
943 5791 1008 5842 ἂν
1038 5790 1138 5858 ἐμέ
1159 5806 1172 5820 ·
1203 5789 1314 5858 ἐγὼ
1341 5789 1447 5860 γὰρ
1479 5790 1542 5841 ὲκ
1569 5789 1661 5841 τοῦ
1684 5790 1817 5842 Θεοῦ
1850 5790 1934 5855 ἐξ·

354 5865 512 5916 ῖλθον
539 5870 632 5918 καὶ
655 5870 773 5935 ἥκω
793 5885 804 5897 ·
837 5870 957 5922 οὑδὲ
995 5871 1106 5944 γὰρ
1141 5873 1234 5926 ἀπ’
1266 5872 1505 5944 ἐμαυτοῦ
1540 5871 1794 5943 ἐλήλυθα,
1820 5873 1932 5928 ἀλλ’

355 5949 404 5996 ἐν
423 5949 559 6010 Eii/f5;
589 5967 652 6018 με
690 5954 992 6009 ἀπέστειλε.

2034 4739 2265 4792 δύνασθε
2300 4738 2519 4792 ἀκούειν
2551 4740 2640 4793 τὸν
2669 4739 2826 4809 λόγον
2853 4740 2944 4793 τὸν
2970 4739 3118 4810 ἐμόν.

2104 4857 2173 4911 44
2221 4857 2406 4926 Ὑμεῖς
2440 4858 2504 4910 ὲκ
2539 4857 2744 4928 πατρὸς
2781 4856 2876 4909 τοῦ
2917 4854 3162 4911 διαϐόλου
3204 4857 3346 4918 ἐστὲ,
3393 4857 3489 4910 καὶ
3516 4859 3622 4922 τὰς

2034 4939 2328 5008 ἐπιθυμίας
2365 4937 2459 4990 τοῦ
2495 4941 2700 5010 πατρὸς
2733 4940 2887 5010 ὑμῶν
2929 4940 3110 4993 θέλετε
3159 4943 3359 4993 ποιεῖν·
3409 4943 3623 5004 ὲκεῖνπ

2035 5021 2475 5092 ἀνθρωποκτόνος
2506 5016 2574 5092 ἦν
2598 5023 2692 5076 ἀπ’
2723 5024 2919 5093 ἀρχῆς,
2950 5023 3045 5076 καὶ
3071 5025 3129 5076 ὲν
3161 5026 3226 5094 τῇ
3263 5023 3492 5094 ἀληθεία
3515 5025 3620 5094 οὑχ

2035 5104 2292 5173 ἕστηκεν⁹
2325 5103 2407 5156 ὅτι
2451 5103 2552 5156 οὑκ
2595 5104 2742 5158 ἐστιν
2779 5105 3008 5175 ἀλήθεια
3029 5107 3086 5160 ἐν
3114 5105 3294 5176 αὑτῷ·
3320 5108 3446 5160 ὅταν
3479 5106 3617 5176 λαλῇ

2034 5187 2094 5239 τὸ
2119 5184 2330 5255 ψεῦδος,
2357 5187 2421 5238 ἐκ
2447 5187 2554 5241 τῶν
2587 5189 2732 5242 ἰδίων
2760 5189 2938 5242 λαλεῖ·
2969 5190 3052 5242 ὅτι
3090 5188 3331 5259 ψεύστης
3353 5190 3490 5253 ἐστὶ,
3523 5192 3623 5243 καὶ

2046 5271 2074 5322 ὁ
2104 5268 2286 5338 πατὴρ
2315 5267 2502 5322 αὑτοῦ.

2105 5387 2175 5442 45
2225 5386 2364 5456 Ἐγὼ
2412 5386 2470 5439 δὲ
2515 5387 2597 5440 ὅτι
2645 5387 2742 5460 τὴν
2772 5388 3028 5461 ἀλήθειαν
3051 5387 3214 5462 λέγω,
3245 5387 3306 5439 ού
3334 5386 3623 5440 πιστεύετὲ

2041 5488 2148 5540 μοι.

2106 5587 2174 5641 46
2212 5587 2307 5650 Τίς
2355 5586 2413 5651 ἐξ
2459 5587 2614 5658 ὑμῶν
2662 5590 2871 5661 ἐλέγχει
2905 5609 2970 5660 με
2998 5592 3124 5662 περί
3155 5591 3458 5660 ἁμαρτίας;
3491 5591 3539 5641 εἰ
3565 5589 3624 5641 δὲ

2035 5670 2294 5742 ἀλήθειαν
2330 5667 2490 5738 λέγω,
2519 5671 2659 5724 διατί
2685 5674 2840 5745 ὑμεῖς
2864 5675 2924 5726 οὑ
2964 5673 3246 5726 πιστεύετέ
3279 5689 3406 5743 μοι;

2106 5787 2176 5840 47
2225 5786 2283 5837 ’0
2303 5785 2378 5838 ὣν
2401 5788 2464 5840 ἐκ
2492 5787 2584 5840 τοῦ
2608 5791 2764 5855 Θεοῦ,
2789 5792 2855 5844 τὰ
2881 5793 3100 5863 ῥήματα
3125 5791 3216 5844 τοῦ
3241 5790 3375 5844 Θεοῦ
3402 5785 3624 5842 ἀκούευ

2033 5870 2122 5924 διὰ
2166 5869 2322 5922 τοῦτο
2369 5869 2528 5937 ὑμεῖς
2573 5873 2670 5927 οὐκ
2714 5874 2960 5945 ἀκούετε,
2993 5875 3074 5930 ὅτι
3107 5877 3170 5929 ὲκ
3207 5871 3302 5928 τοῦ
3347 5870 3481 5926 Θεοῦ
3521 5872 3622 5923 οὑκ

2035 5969 2180 6009 ςστε.
