3900 6216
225 437 323 494 εει

234 560 502 632 Ὅττιπερ
532 560 591 614 ού
627 560 721 616 νέα
759 563 925 618 τέκνα
956 565 1208 638 βιαρκέος
1233 571 1355 624 ὲστὲ
1385 571 1613 640 Τοκῆος.

293 650 363 708 48
388 650 714 722 Καὶθρασὺς
737 651 1005 725 Ἰίὸραίων
1027 660 1378 730 ὲπεπάφλασε
1403 661 1533 724 λαὸς
1572 660 1807 726 ἀκούων,

235 745 482 812 ’Ἀφρονα
522 741 800 815 λωϐητῆρι
833 746 972 817 χέων
1001 749 1114 802 ἕπε’
1149 751 1473 824 ἀνθερεῶνι·

233 833 308 887 υῦ
344 853 404 887 ,τε
434 835 621 900 κακῶς
661 838 936 909 κρίνοντες
963 842 1257 914 ἐλέγχομεν
1293 844 1465 915 ἱδμονι
1503 844 1684 915 βουλῇ,

235 929 392 979 Ὅττι
432 928 567 992 Θεὸς
603 932 829 1002 ποιητὸς
864 934 1099 1005 ἀεξήθης
1136 936 1521 1008 Σαμαρείταις.

237 1019 499 1089 Δαίμονος
525 1023 814 1093 ἀμφιέπων
844 1023 1113 1094 μανιώδεα
1145 1025 1319 1098 ῥοῖζον
1349 1026 1633 1098 ἱμάσθλης.

276 1112 344 1169 49
378 1111 589 1182 Ἰησοῦς
601 1119 647 1172 δ’
664 1115 892 1186 ἀγόρευε
904 1116 1064 1171 πάλιν
1077 1116 1353 1170 δυσπειθέῐ
1377 1116 1490 1188 λαῷ
1507 1133 1520 1147 ·

235 1205 346 1274 93
408 1204 672 1274 Δαίμονος
731 1210 790 1260 ού
828 1206 1050 1276 μεθέπει
1079 1208 1462 1278 μελανίφρονος
1493 1203 1623 1280 ἦχος
1661 1207 1817 1278 ἱμάσ-

249 1295 404 1350 Ἀλλά
433 1296 568 1350 Θεὸν
598 1295 849 1369 ζείδωρον
872 1299 1002 1370 ἐμὸν
1034 1299 1301 1370 Γενετῆρα
1331 1300 1572 1371 γεραίρω
1638 1298 1811 1372 [θλης,

236 1391 432 1458 Τιμαῖς
465 1389 785 1456 εὐαγέεσσιν
806 1405 817 1418 ·
853 1390 1046 1462 ἀτιμίῃ
1068 1391 1125 1445 δέ
1158 1409 1224 1462 με
1257 1392 1426 1464 πολλῇ

247 1478 431 1546 Ὑμεῖς
459 1477 823 1548 ἀφραδέοντες
855 1479 1101 1550 ἐλέγχετε
1133 1481 1346 1553 κέντορι
1377 1481 1550 1552 μύθῳ.

239 1566 303 1617 50
342 1564 522 1636 Τιμὴν
547 1566 592 1618 δ’
616 1566 892 1637 ἡμετέρην
920 1569 980 1621 ού
1019 1569 1234 1640 δίζομαι
1254 1585 1268 1599 ο
1298 1571 1562 1642 ύψινεφὴς
1591 1571 1700 1642 γὰρ

241 1656 422 1707 Ἔστιν
449 1658 479 1708 ό
509 1657 819 1726 μαστεύων,
845 1659 938 1712 καὶ
965 1659 1094 1728 ἐμὸν
1120 1661 1274 1725 κλέος
1304 1662 1420 1715 αἰὲν
1449 1661 1641 1726 ἀέξων,

239 1747 344 1800 Καὶ
363 1747 568 1819 κρίνων
588 1748 710 1800 τότε
735 1748 956 1818 μᾶλλον.
1022 1751 1081 1805 5|
1129 1752 1298 1822 Ἀμὴν
1320 1752 1364 1805 δ’
1378 1753 1526 1824 ἀμὴν
1548 1752 1817 1824 ἀγορεύω,

241 1839 423 1900 Ὅστις
452 1837 605 1908 ὲμῶν
633 1838 834 1902 δέξοιτο
869 1839 1213 1911 θεοφραδέων
1241 1842 1403 1912 στίχα
1433 1843 1639 1913 μύθων,

238 1927 340 1980 Καί
369 1945 462 1980 κεν
497 1929 842 2000 ἀσυλήτοισιν
878 1931 982 1984 ὑπὸ
1015 1932 1347 2002 πραπίδεσσι
1381 1934 1628 2003 φυλάξοι,

238 2018 441 2072 Οῧποτε
471 2021 669 2092 πικρὸν
698 2021 918 2094 ὄλεθρον
941 2024 1195 2093 ἐσόψεται
1224 2026 1402 2078 είσόκε
1438 2027 1612 2098 μίμνῃ

236 2109 376 2163 Δίὼν
412 2111 815 2177 πυλυέλικτος.
891 2114 961 2169 52
1012 2116 1445 2185 Ἐπεφθέγξαντο
1472 2118 1530 2172 δὲ
1559 2119 1702 2173 λαοί·

237 2201 347 2254 Νῦν
383 2201 466 2256 ἔτι
503 2202 597 2256 νῦν
621 2205 854 2276 ὲδάημεν
879 2208 1146 2279 ἐτήτυμον
1178 2209 1293 2263 ὄττι
1329 2227 1388 2263 σε
1423 2211 1630 2282 λύσσης

239 2291 505 2363 Δαίμονος
539 2295 859 2365 ἡερόφοιτος
890 2298 1188 2371 ἀλάστορος
1214 2297 1428 2372 οἶστρος
1453 2302 1688 2358 ἐλαύνει.

241 2383 460 2456 Ἀϐραμ
511 2385 703 2456 ἔδρακε
753 2390 957 2459 πότμον
994 2391 1022 2442 ὀ
1050 2390 1289 2461 τηλίκος,
1326 2393 1446 2445 οὐδὲ
1475 2395 1753 2466 προφῆται

243 2476 501 2530 Ἔσθενον
523 2479 814 2550 ἀτρέπτοιο
842 2485 1032 2551 φυγεῖν
1059 2482 1255 2547 ὠδῖνας
1279 2485 1500 2556 ὀλέθρου
1521 2501 1533 2515 ·

240 2569 344 2622 Καὶ
377 2571 440 2623 σὺ
477 2573 576 2641 τεῇ
612 2574 860 2644 προχέων
894 2575 1174 2647 ὑψαύχενα
1207 2576 1416 2647 κόμπον
1443 2578 1663 2650 ἀπειλῇ,

240 2659 530 2732 Τολμὴσας
556 2664 839 2735 ἀγόρευες,
879 2667 959 2719 ὅτι
990 2668 1190 2738 Βροτὸς
1219 2670 1341 2723 αῐκε
1374 2671 1582 2743 φυλάξῃ

239 2751 454 2816 Μύθους
490 2754 808 2826 ἡμετέρους,
838 2758 899 2810 ού
927 2758 1178 2825 γεύσεται
1212 2760 1376 2824 αὐτὸς
1413 2762 1664 2833 όλέθρου;

239 2841 307 2895 55
349 2843 604 2916 Ἀϐραὰμ
637 2846 711 2916 μὴ
741 2848 805 2900 σὺ
836 2849 1017 2913 πέλεις
1046 2849 1349 2915 θεοπειθέος
1381 2852 1540 2918 αὐτὸς
1575 2853 1788 2924 ἀρείων,

253 2933 554 3007 Ἦμετέρου
583 2941 872 3010 γενετῆρος
892 2981 906 3005 ,
941 2941 999 3004 ὃς
1027 2942 1280 3014 ἀτρέπτῳ
1314 2943 1441 2997 θάνε
1475 2945 1695 3016 πότμῳ;

243 3027 346 3078 Καὶ
376 3028 612 3082 θανάτου
643 3030 954 3101 ξύμπαντες
978 3034 1339 3104 ἐπειρήσαντο
1367 3035 1664 3106 προφῆται.

242 3119 394 3180 Εἰπὲ,
435 3121 546 3173 τίνι
581 3121 862 3192 προτέρων
888 3140 944 3174 σε
978 3123 1296 3178 πανείκελον
1327 3126 1489 3181 αὐτὸν
1518 3128 1756 3198 ὲνίψεις;

313 3206 380 3261 3'34
420 3207 1180 3289 ἰησοῦςδ’ὁάριζε,θεόσσυτα
1201 3218 1382 3288 χείλεα
1411 3219 1579 3287 λύσας
1600 3239 1612 3250 ·

248 3303 311 3354 Δί
327 3322 417 3357 κεν
452 3307 749 3378 ἐπαινήσω,
765 3307 859 3361 καὶ
891 3309 1133 3381 ἀγήνορα
1168 3309 1335 3381 μῦθον
1362 3312 1546 3381 ἐνίψω,

257 3395 508 3464 Ὑψώσας
540 3395 670 3467 ἐμὸν
697 3391 872 3466 εὖχος.
903 3399 1035 3468 ὲμὸς
1069 3399 1227 3468 λόγος
1253 3401 1405 3454 οὐδὲν
1431 3403 1632 3474 ὀνήσει.

247 3479 434 3538 Ἔστιν
468 3489 495 3541 ὁ
521 3487 785 3541 κυδαίνων
818 3506 885 3558 με
917 3491 1108 3562 Πατὴρ
1137 3492 1290 3561 ἐμὸς,
1321 3493 1377 3558 ὃς
1411 3511 1478 3564 με
1511 3494 1742 3568 γενέθλῃ

259 3572 556 3646 Ἀνδρομέῃ
586 3576 819 3647 προέηκε
847 3578 1026 3648 μολεῖν
1061 3580 1308 3655 ίθύντορα
1337 3583 1563 3654 κόσμου,

253 3665 344 3716 Ὃν
372 3666 506 3718 Θεὸν
538 3668 744 3737 ὑμείων
770 3669 941 3740 ἀδίκῳ
979 3671 1305 3743 κικλήσκετε
1340 3675 1514 3747 μύθῳ.

247 3751 312 3804 b3
350 3754 538 3824 Αύτάρ
565 3755 674 3823 ἐγὼ
701 3757 845 3827 μάλα
865 3758 1054 3813 τοῦτον
1079 3761 1380 3833 ἐπίσταμαι
1399 3784 1410 3794 ·
1442 3765 1507 3836 ἢν
1536 3767 1645 3838 γὰρ
1666 3768 1833 3839 ἐνίψω

249 3845 401 3902 Ὀττι
439 3867 531 3920 μιν
560 3851 620 3902 οὐ
648 3851 904 3922 δεδάηκα,
935 3854 1247 3926 φανήσομαι
1272 3857 1396 3927 ἄρτι
1427 3861 1520 3912 καὶ
1546 3860 1708 3925 αὐτὸς

258 3937 419 4008 Ὑμῖν
453 3939 803 4009 ψευδομένοις
839 3943 1138 4014 ἀπατήλιος
1166 3927 1283 4010 ἶσος
1307 3948 1540 4003 ἀκούων.

258 4029 424 4083 Ἀλλά
450 4046 562 4100 μιν,
595 4029 731 4083 ἀλλά
761 4049 853 4101 μιν
881 4031 998 4088 οἶδα
1019 4052 1032 4066 σ
1070 4039 1164 4089 καὶ
1190 4038 1265 4100 ὡς
1291 4039 1540 4092 ἐπέτελλε
1563 4040 1832 4104 τελέσσαι,

249 4121 437 4185 υῦτως
469 4122 805 4178 ἀκλινέεσσιν
839 4126 897 4179 ὲν
926 4126 1112 4197 ἡθεσιν
1137 4125 1348 4198 ἔμπεδα
1385 4131 1549 4198 ῥέζω.

251 4210 316 4263 56
366 4213 605 4283 ’Υμείων
632 4215 857 4286 γενέτης
888 4217 1276 4288 πρωτόσπορος
1301 4220 1480 4283 ἔνθεος
1508 4222 1731 4294 ’Ἀϐραμ

256 4299 414 4371 Ῑοο
453 4299 648 4375 τΗμοιρ
668 4305 800 4375 ὲμὺν
831 4305 1160 4362 πολύευκτον
1194 4309 1320 4364 ἰδεῖν
1345 4312 1610 4381 ἠγάλλετο
1639 4315 1795 4386 θυμῷ
1820 4332 1831 4345 ·

254 4388 397 4458 Εἷδε,
434 4396 529 4448 καὶ
563 4397 903 4469 εὐφροσύνης
936 4399 1262 4471 ἐπεϐήσατο.
1323 4403 1392 4456 57
1430 4404 1750 4474 Θαμόαλέος
1778 4407 1834 4460 δὲ

253 4485 394 4550 Aab;
438 4486 705 4541 Ἰουδαίων
734 4489 1014 4561 ἀντίθροον
1045 4490 1280 4562 ἔϐρεμεν
1317 4493 1452 4564 ἠχὼ,

253 4575 432 4648 Μήπω
461 4580 823 4652 ἑλισσομένοιο
860 4583 1052 4654 χρόνου
1082 4585 1428 4658 πολυκαμπέῖ
1455 4587 1627 4661 νύσσῃ

1084 446 1571 504 PARAPIIRASIS
1610 447 1676 502 IN
1714 447 2050 505 JOANNEM.
2098 483 2164 496 -
2204 452 2358 508 CAP.
2406 451 2538 509 Vlll.

3385 448 3490 503 8.9.2

1846 576 1892 633 Α
1921 586 2060 635 cem,
2097 572 2374 638 Quia—non
2405 575 2525 629 neti
2602 574 2755 630 liberi
2797 572 2976 628 vitalis
3031 570 3163 625 estis
3221 568 3489 626 l'arentis.

1981 666 2048 721 48
2089 667 2154 720 Et
2192 669 2366 721 audax
2401 668 2746 724 Hebraeorum
2773 667 3105 724 esttuabat
3130 666 3360 736 pepulus
3395 680 3491 719 au-

1914 764 2092 829 diens,
2117 763 2436 835 lnsipientes
2453 769 2793 822 ccnviciante
2809 765 3040 821 fundens
3064 779 3345 820 sermones
3359 779 3454 818 ore
3471 779 3490 820 ε

1915 858 2031 915 Non
2068 868 2120 914 te
2149 846 2288 915 male
2315 861 2622 930 judicautes
2660 861 3108 933 reprehendimus
3137 861 3344 915 sciente
3369 874 3493 915 sen-

1915 959 2116 1022 tentia,
2173 957 2326 1023 Quod
2386 957 2527 1013 Deus
2577 957 2752 1014 factus
2819 959 3038 1013 crevisti
3111 955 3489 1022 Samaritanis,

1917 1053 2188 1109 Daemonis
2228 1055 2432 1110 habens
2465 1054 2728 1109 l‘uret'ttem
2761 1055 3017 1123 impetum
3046 1054 3285 1108 scuticaz.
3389 1041 3391 1044 ’

1977 1150 2046 1204 49
2075 1148 2233 1204 Jesus
2275 1160 2454 1206 autem
2489 1151 2624 1204 dixit
2680 1165 2872 1205 rursus
2919 1150 3196 1211 incredulo
3255 1149 3488 1218 populo:

1917 1247 2029 1316 99
2061 1246 2329 1304 Dzemonis
2371 1264 2480 1302 non
2520 1247 2692 1301 habeo
2737 1249 2838 1300 atri
2881 1264 3073 1301 sonum
3113 1248 3350 1306 sentit-aa,
3386 1244 3491 1299 Sed

1923 1342 2092 1396 Deum
2121 1343 2247 1397 vitae
2278 1342 2520 1398 datorem
2546 1356 2725 1395 meum
2756 1340 3062 1396 Genitorem
3083 1341 3288 1395 honoro
3323 1337 3496 1392 Hono-

1922 1439 2078 1492 ribus
2114 1438 2304 1507 puris;
2344 1436 2641 1506 ignominia
2696 1447 2826 1488 vero
2874 1447 2961 1487 me
3007 1432 3176 1485 multa
3209 1431 3314 1486 Vos
3361 1431 3498 1487 insi-

1921 1535 2132 1606 pientes
2163 1534 2399 1605 culpatis
2442 1532 2750 1588 stimulanti
2784 1529 2968 1585 verbo.
3009 1529 3078 1584 50
3107 1529 3380 1583 llonorem
3407 1544 3494 1583 ve-

1923 1647 1983 1686 ro
2016 1640 2260 1686 nostrum
2291 1646 2398 1684 non
2421 1645 2627 1699 qurere;
2657 1627 2907 1682 sublimis
2930 1628 3073 1684 enim
3104 1624 3197 1680 Est
3224 1638 3494 1696 quaerens,

1921 1738 1974 1782 et
2009 1743 2186 1783 meam
2219 1725 2445 1796 gloriam
2493 1739 2708 1793 semper
2734 1738 2962 1794 augens,
2990 1723 3054 1776 Et
3083 1723 3340 1793 judicans
3366 1729 3499 1777 tunc

1925 1825 2115 1897 magis.
2141 1823 2200 1876 5|
2241 1822 2436 1884 Amen,
2493 1822 2663 1872 Amen
2709 1819 2856 1880 dico,
2899 1819 3220 1889 Quicunque
3255 1833 3498 1872 meorum

1854 1905 1895 1960 Β
1925 1921 2189 1992 receperit
2220 1907 2688 1985 diviniloquorum
2725 1913 2940 1984 agmina
2971 1916 3284 1977 verborum,
3323 1913 3386 1966 Et
3418 1914 3500 1967 in-

1925 2021 2125 2075 violato
2161 2020 2217 2073 in
2246 2023 2467 2088 pectore
2510 2011 2856 2075 custodierit,
2901 2009 3190 2081 Nunquam
3252 2025 3500 2063 amarum

1921 2117 2151 2172 exitium
2175 2115 2431 2186 inspiciet
2451 2111 2626 2167 donec
2658 2108 2921 2163 manserit
2951 2105 3220 2162 δωουιιιιιι
3242 2107 3496 2161 volubile.

1925 2214 1993 2269 52
2020 2212 2320 2283 Respondit
2348 2217 2528 2264 autem
2554 2207 2786 2278 populus
2814 2224 2828 2261 :
2860 2205 3013 2259 Nunc
3038 2205 3268 2274 amplius
3297 2203 3501 2257 scimus

1928 2320 2050 2358 vere
2081 2302 2226 2372 quod
2257 2311 2308 2356 te
2337 2298 2510 2355 rabiei
2545 2296 2817 2352 Dmmonis
2843 2309 3037 2350 aereus
3062 2295 3276 2349 exitiosi
3309 2295 3502 2348 stimu-

1927 2397 2012 2449 lus
2037 2393 2286 2464 impellit.
2321 2391 2593 2444 Abraham
2621 2388 2757 2443 vidit
2789 2386 2955 2440 fatum
2987 2394 3093 2440 tam
3131 2401 3379 2454 magnus.
3417 2400 3504 2436 ne-

1928 2501 2033 2555 que
2065 2483 2340 2553 prophetae
2366 2479 2665 2534 Potuerunt
2697 2476 3056 2531 immutabilis
3077 2475 3266 2544 fugere
3286 2475 3504 2531 dolores

1930 2580 2144 2642 mortis;
2186 2575 2267 2629 Tu
2305 2589 2435 2630 vero
2467 2573 2576 2628 tuis
2627 2573 2962 2641 prol'undens
2997 2569 3391 2642 jactabuudum
3429 2572 3506 2623 fa-

1929 2679 2073 2726 stum
2111 2668 2298 2731 minis,
2331 2666 2518 2720 Audax
2553 2663 2762 2728 dixisti,
2794 2661 2939 2733 quod
2982 2664 3078 2718 Vir
3107 2664 3154 2720 si
3187 2663 3507 2718 custodierit

1933 2759 2223 2815 Sermones
2271 2766 2510 2819 nostros,
2551 2769 2660 2810 non
2713 2755 2954 2824 gustabit
2989 2755 3106 2824 ipse
3142 2752 3404 2808 exitium?
3437 2751 3506 2805 55

1931 2850 2204 2905 Abraham
2259 2864 2390 2904 num
2422 2856 2481 2902 tu
2525 2861 2607 2911 es,
2659 2846 2756 2916 qui
2809 2847 2918 2902 Deo
2940 2846 3192 2908 credidit,
3232 2847 3346 2913 ipse
3379 2857 3508 2912 pra:-

1933 2942 2189 3004 stantior,
2216 2938 2415 2993 Nostro
2455 2947 2641 3007 patre,
2676 2940 2768 3008 qui
2792 2937 3113 2992 immutabili
3143 2943 3392 2988 mortuus
3423 2941 3508 2987 est

1935 3030 2045 3084 l'ato
2065 3030 2088 3082 ?
2108 3027 2174 3081 Et
2203 3035 2433 3082 mortem
2460 3042 2653 3082 omnes
2679 3025 2884 3096 experti
2911 3033 3039 3081 sunt
3064 3023 3358 3093 prophetze.
3388 3021 3505 3084 Dic,

1933 3121 2022 3175 cui
2050 3135 2115 3174 ex
2151 3118 2426 3190 prioribus
2455 3118 2690 3188 teipsum
2719 3097 2943 3171 oumino
2966 3115 3198 3170 similem
3227 3113 3414 3166 dices?

1855 3239 1898 3298 ο
1999 3209 2246 3266 541esus
2268 3216 2448 3262 autem
2470 3209 2624 3275 dixit,
2651 3223 2678 3261 a
2717 3209 2823 3262 Deo
2841 3207 3072 3276 impulsa
3095 3205 3236 3258 labia
3255 3205 3468 3258 solvens
3494 3219 3506 3252 :

1927 3301 1991 3362 ,Si
2026 3300 2318 3356 laudavero
2340 3314 2448 3366 me,
2473 3307 2528 3354 et
2564 3306 2912 3368 praastantem
2948 3310 3252 3350 sermonem
3299 3295 3513 3346 locutus

1936 3395 2108 3459 fuero,
2124 3393 2391 3447 Attollens
2411 3406 2586 3448 meam
2605 3391 2859 3462 gloriam,
2880 3406 3034 3444 meus
3064 3403 3244 3444 sermo
3274 3387 3407 3441 nihil
3429 3385 3512 3455 ju-

1934 3485 2115 3538 vabit:
2150 3483 2244 3538 Est
2267 3483 2579 3553 gloriﬁcans
2613 3497 2698 3536 me
2724 3481 2885 3536 Pater
2903 3497 3076 3544 meus,
3108 3480 3200 3551 qui
3219 3495 3304 3534 me
3325 3480 3518 3548 generi

1935 3575 2183 3630 llumano
2234 3574 2496 3645 praemisit
2547 3573 2732 3627 venire
2776 3581 3046 3627 rectorem
3099 3569 3309 3632 mundi,
3338 3567 3510 3633 Quom

1935 3670 2104 3726 Deum
2135 3677 2374 3724 vestrum
2400 3665 2605 3736 injusto
2630 3663 2836 3720 vocatis
2875 3677 3150 3726 sermone.
3176 3660 3246 3715 55
3281 3658 3384 3714 Sed
3413 3671 3518 3728 ego

1934 3763 2091 3818 valde
2114 3761 2263 3815 hunc
2295 3758 2460 3823 novi;
2494 3757 2542 3812 si
2563 3756 2709 3812 enim
2753 3755 2941 3809 dixero
2981 3753 3136 3819 Quod
3169 3753 3351 3822 ipsum
3399 3763 3510 3804 non

1936 3853 2206 3918 noverim,
2239 3851 2514 3922 apparebo
2539 3847 2703 3902 modo
2732 3857 2786 3902 ct
2813 3849 2930 3917 ipse
2963 3845 3130 3901 Vobis
3156 3843 3513 3899 mendacibus

1935 3947 2194 4014 deceptor
2215 3942 2441 4012 aequalis
2490 3950 2736 3995 vocatus.
2775 3938 2882 3992 Sed
2921 3939 3120 4006 ipsum,
3154 3936 3394 4004 inquam,
3424 3948 3516 3988 no-

1937 4035 2017 4099 vi;
2047 4043 2096 4088 et
2121 4036 2263 4087 sicut
2288 4032 2542 4102 pracepit
2573 4033 2852 4098 perﬁcere,
2876 4030 2966 4082 Sic
2991 4027 3372 4080 constantibus
3407 4039 3496 4077 mo

1938 4126 2091 4180 ribus
2113 4123 2266 4176 ﬁrma
2284 4122 2443 4176 facio.
2463 4121 2531 4175 56
2561 4118 2752 4174 Vester
2768 4128 2920 4188 pater
2950 4117 3264 4186 progenitor
3295 4116 3524 4170 divinus

1939 4215 2214 4271 Abraham
2282 4213 2435 4282 101
2476 4212 2624 4266 Diem
2667 4225 2847 4264 meum
2893 4208 3118 4261 multmn
3147 4207 3515 4261 desideratum

1939 4307 2120 4362 videre
2135 4306 2401 4377 gestiebat
2425 4305 2606 4358 animo
2624 4323 2638 4357 :
2656 4301 2820 4362 Vidit,
2837 4309 2890 4354 et
2909 4299 2974 4352 ad
2991 4299 3230 4353 lzetitiam
3250 4297 3514 4352 ascendit.

1938 4400 2004 4453 57
2033 4397 2390 4469 διυροίιιειυε
2415 4408 2591 4451 autem
2614 4393 2855 4464 Populus
2875 4390 3206 4453 Judzeorum,
3225 4389 3520 4443 adversum

1941 4493 2204 4546 fremebat
2239 4506 2458 4554 sonum,
2494 4486 2738 4542 Nondum
2777 4485 2942 4539 voluti
2981 4482 3240 4551 temporis
3275 4479 3516 4535 ﬂexuosa

1868 4592 1916 4647 1)
1944 4594 2086 4640 meta
2112 4583 2388 4639 Ambitutn
2427 4580 2823 4652 quinquaginta
2867 4578 2969 4647 qui.
3013 4573 3305 4645 implevisti
3347 4588 3524 4625 auuo-

1453 4741 1734 4799 TEXTUS
1766 4741 2304 4801 EVANGELISTA‘I.

327 4850 394 4906 48
442 4853 842 4926 Ἀπεκρίθησαν
865 4852 956 4910 οὖν
981 4857 1029 4909 οἱ
1067 4855 1328 4922 Ἰουδαῖοι,
1350 4859 1442 4912 καὶ
1461 4853 1615 4912 εἷπον
1647 4860 1795 4931 αὐτῷ
1816 4877 1828 4891 ·

258 4932 329 5014 Οὐ
364 4934 545 4998 καλῶς
575 4935 804 5007 λέγομεν
837 4940 1017 5010 ἡμεῖς,
1046 4940 1126 4993 ὅτι
1162 4941 1510 5014 Σαμαρείτης
1543 4938 1595 4995 εἴ
1628 4944 1712 5008 σὺ,
1741 4944 1836 4998 καὶ

257 5013 529 5088 δαιμόνιον
554 5019 695 5090 ἔχεις
717 5039 730 5086 ;

329 5101 394 5154 «£9
448 5103 742 5174 Ἀπεκρίθη
785 5103 1024 5172 Ἰησοῦς·
1075 5104 1214 5174 Ἐγὼ
1240 5105 1510 5177 δαιμόνιον
1554 5109 1655 5162 οὐκ
1703 5108 1830 5179 ἔχω,

261 5181 392 5237 ἀλλά
424 5185 574 5256 τιμῶ
600 5187 690 5239 τὸν
717 5187 934 5256 Πατέρα
959 5205 1083 5258 μου,
1115 5190 1208 5242 καὶ
1233 5189 1386 5259 ὑμεῖς
1418 5191 1714 5262 ἀτιμάζετέ
1744 5210 1832 5263 με.

329 5269 397 5323 50
447 5270 585 5340 Ἐγὼ
613 5272 670 5325 δὲ
707 5271 766 5324 οὐ
808 5271 955 5343 ζητῶ
987 5274 1086 5344 τὴν
1129 5271 1285 5338 δόξαν
1330 5289 1465 5344 μου’
1499 5275 1646 5328 ἐστιν
1684 5277 1713 5328 ὁ
1741 5276 1837 5348 ζη-

262 5350 366 5403 τῶν
390 5355 483 5406 καὶ
512 5355 731 5426 κρίνων.

332 5436 392 5489 51
449 5438 639 5511 Ἀμὴν,
667 5439 813 5509 ἀμὴν
846 5437 994 5505 λέγω
1011 5438 1161 5508 ὑμῖν·
1200 5437 1324 5491 Ἐάν
1354 5457 1434 5502 τις
1455 5439 1545 5492 τὸν
1571 5440 1727 5509 λόγον
1745 5441 1836 5496 τὸν

264 5515 390 5587 ἐμὸν
416 5527 653 5595 τηρήσῃ,
698 5521 934 5598 θάνατον.
953 5521 1012 5574 ού
1042 5521 1116 5591 μὴ
1151 5520 1402 5594 θεωρήσῃ
1432 5523 1510 5586 είς
1533 5523 1622 5576 τὸν
1644 5525 1834 5579 αἰῶνα.

332 5602 398 5658 52
434 5602 601 5658 Εἷπον
642 5600 736 5659 οὖν
787 5603 936 5674 αύτῷ
978 5605 1027 5657 οἱ
1069 5603 1340 5658 Ἰουδαῖοι·
1373 5604 1481 5657 Νῦν
1521 5607 1840 5677 ἐγνώκαμεν

264 5682 342 5736 is:
381 5686 652 5758 δαιμόνιον
704 5689 863 5760 ἔχεις.
883 5686 1134 5759 Ἀϐραὰμ
1163 5688 1398 5741 ἀπέθανε
1428 5689 1520 5741 καὶ
1552 5691 1599 5743 οἱ
1630 5691 1840 5761 προφῆ-

267 5781 374 5825 ται.
403 5772 497 5825 καὶ
526 5774 589 5825 σὺ
615 5772 824 5842 λέγεις’
865 5772 990 5825 Ἐάν
1033 5788 1116 5833 τις
1159 5770 1250 5824 τὸν
1274 5769 1430 5839 λόγον
1463 5790 1563 5844 μου
1603 5774 1834 5847 τηρήσῃ,

265 5853 323 5904 οὗ
357 5857 426 5930 μὴ
463 5855 710 5920 γεύσεται
743 5855 969 5910 θανάτου
1003 5857 1079 5918 είς
1107 5855 1192 5907 τὸν
1222 5854 1408 5909 αἰῶνα,

2005 4861 2074 4914 ⁵⁵
2112 4859 2202 4927 Μὴ
2239 4856 2303 4910 σὺ
2349 4853 2550 4926 μείζων
2593 4848 2641 4903 εἴ
2683 4848 2774 4902 τοῦ
2816 4846 3020 4915 πατρὸς
3048 4843 3204 4914 ἡμῶν
3247 4841 3514 4927 Mimas.

1933 4943 2081 5005 ὅστις
2111 4925 2346 4994 ἀπέθανε
2369 4954 2384 5002 ;
2423 4937 2517 4990 καὶ
2535 4936 2582 4988 οἱ
2609 4932 2884 5004 προφῆται
2907 4927 3192 4982 ἀπέΟανον.
3211 4925 3343 4978 Τίνα
3367 4942 3515 4980 σεαυσ

1936 5026 2024 5079 τὸν
2052 5027 2116 5078 σὺ
2146 5024 2317 5085 ποιεῖς
2334 5038 2352 5087 ;

2009 5107 2076 5162 5i
2127 5093 2426 5176 Ἀπεκρίθη
2459 5098 2697 5172 Ἰησοῦςο
2738 5097 2864 5151 Ἐἀν
2894 5093 3004 5163 ἐγὼ
3029 5092 3236 5158 δοξάζω
3263 5094 3518 5164 ἐμαυτὸν,

1937 5193 1970 5262 ἡ
2001 5191 2126 5255 δόξα
2154 5207 2254 5260 μου
2288 5187 2439 5241 οὐδέν
2466 5185 2613 5237 ἐστιν
2632 5200 2644 5213 ·
2675 5182 2825 5234 ἔστιν
2849 5181 2876 5232 ὁ
2901 5180 3092 5249 Πατήρ
3115 5195 3214 5249 μου
3237 5179 3264 5230 ὀ
3285 5177 3518 5243 δοξάζων

1938 5291 2027 5346 με,
2061 5273 2117 5327 ὃν
2149 5274 2306 5342 ὑμεῖς
2339 5271 2522 5338 λέγετε
2553 5269 2634 5320 ὅτι
2665 5265 2798 5327 Θεὸς
2823 5262 2975 5334 ὑμῶν
3007 5262 3143 5316 ἐστι.

2007 5357 2076 5412 55
2116 5339 2225 5409 καὶ
2265 5355 2366 5408 ούκ
2403 5349 2679 5423 ἐγνώκατε
2708 5347 2898 5402 αὐτόν·
2927 5341 3037 5414 ἐγὼ
3068 5344 3125 5396 δὲ
3163 5339 3281 5397 οἶδα
3321 5342 3481 5394 αὐτόν
3511 5361 3523 5376 ·

1937 5441 2031 5494 καὶ
2059 5439 2154 5493 ἐὰν
2177 5439 2316 5492 εἴπω
2341 5439 2423 5491 ὅτι
2451 5437 2552 5489 οὐκ
2572 5430 2688 5488 οἶδα
2715 5431 2902 5497 αὐτὸν,
2923 5428 3117 5498 ἔσομαι
3136 5427 3320 5495 ὅμοιος
3343 5424 3515 5493 ὑμῶν,

1935 5522 2193 5593 ψεύστης.
2215 5521 2352 5574 Ἀλλ’
2383 5516 2498 5574 οἶδα
2521 5517 2703 5582 αὐτὸν,
2733 5513 2937 5568 καὶτὸν
2971 5510 3127 5593 λόγον
3149 5505 3516 5593 αύτοῡῌτηρῴ.

2008 5606 2076 5661 56
2128 5587 2378 5677 Ἀϐραὰμ
2395 5606 2424 5658 ὁ
2447 5603 2626 5674 πατὴρ
2649 5599 2802 5670 ὑμῶν
2825 5592 3190 5677 ἠγαλλιάσατο
3211 5589 3295 5641 ἵνα
3317 5587 3400 5661 ἴδῃ
3419 5589 3518 5658 τὴν

1942 5691 2157 5762 ἡμέραν
2182 5675 2280 5761 τήν
2308 5675 2466 5760 ἐμὴν,
2491 5686 2586 5739 καὶ
2618 5681 2745 5743 εἶδε,
2775 5680 2877 5762 καί.Δ
2899 5675 3091 5762 ἐχάρη..

2014 5754 2078 5828 δὴ
2120 5754 2287 5826 mm},
2316 5754 2414 5826 013v-
2433 5773 2480 5823 οξ
2523 5766 2762 5821 Ἰουδαῖοι
2790 5759 2923 5829 πρὸς
2949 5756 3140 5809 αὐτόν’
3173 5754 3514 5826 Πεντήκοντα

1940 5858 2038 5929 ἔτη
2069 5856 2218 5911 οὔπω
2247 5857 2405 5928 ἔχεις,
2436 5854 2526 5906 καὶ
2564 5845 2812 5918 Ἀϐραὰμ
2839 5841 3088 5912 ἑώρακας
3109 5879 3131 5905 ,
