3900 6216
388 475 499 533 8‘25

1615 474 1825 535 NONNI
1856 473 2366 533 PANOPOLITANI

3532 482 3651 540 824

382 588 919 655 rum,-Abraliamum
943 603 1211 655 annosum
1240 590 1451 646 vidisti?
1467 590 1537 646 58
1560 588 1705 642 Dixit
1732 596 1787 643 et
1816 588 1943 658 ipse:

2064 586 2304 659 Ἀντυγα
2332 591 2664 662 πεντήκοντα
2689 590 2992 662 διαπλήσας
3019 591 3298 658 ἐνιαυτῶν,

349 680 656 738 .Abraham
690 684 978 749 ante’quam
1025 695 1199 752 genus
1230 680 1471 747 haberet,
1517 694 1619 749 ego
1667 692 1836 735 eram.
1889 678 1956 733 59

384 772 666 828 Insaniens
709 764 890 825 autem
940 770 1174 841 Lapides
1212 771 1419 827 habens
1461 786 1654 842 graves
1701 769 1956 825 amuehat

381 862 613 934 populus
651 863 944 932 superbus,
983 864 1177 918 Adhuc
1212 865 1390 932 ipsum
1429 863 1739 934 loquentem
1767 862 1953 917 occul-

378 963 499 1010 tare
525 955 770 1026 cogitans
808 944 1017 1026 Aspero
1046 956 1273 1026 cuspide
1299 955 1570 1027 lapidibus
1598 955 1760 1026 jacta‘.
1787 954 1950 1009 nivis.

376 1043 541 1103 Jesus
575 1055 754 1102 autem
785 1047 1355 1119 incomprehensibilis
1395 1048 1499 1104 sub
1526 1047 1686 1117 plicis
1713 1046 1955 1102 occulta-

377 1139 538 1194 batur
567 1140 776 1211 templi,
817 1138 1023 1197 Tacitis
1055 1148 1236 1197 autem
1280 1140 1512 1211 pedibus
1554 1139 1809 1211 gradiens
1856 1154 1954 1209 per

376 1230 615 1286 medium
652 1234 921 1302 ipsorum,
966 1231 1302 1303 lmprovisus
1354 1231 1653 1296 ferebatur,
1691 1230 1950 1302 lapidato.

372 1335 489 1378 rem
518 1332 720 1379 emtum
754 1325 1087 1397 relinquens.
1121 1323 1213 1380 Sic
1238 1324 1456 1396 quidem
1488 1324 1682 1381 evasit.

986 1479 1216 1537 CAPUT
1256 1480 1345 1537 IX.

382 1658 387 1667 τ
444 1636 469 1695 1
513 1639 834 1696 Praeterieris
883 1651 1086 1707 autem,
1128 1640 1196 1695 ad
1246 1643 1389 1696 viam
1438 1639 1726 1696 Sedentem
1769 1640 1948 1694 virum

373 1730 778 1796 animadvertit,
812 1745 973 1801 quem
1025 1747 1056 1787 e
1098 1732 1222 1786 sinu
1275 1733 1468 1787 matris
1509 1730 1725 1786 Caecum
1768 1729 1948 1786 adhuc

287 1872 293 1879 .
372 1820 724 1890 palpitantem
753 1836 1031 1892 puerperae
1057 1821 1312 1877 viderunt
1338 1821 1487 1877 hora;
1512 1841 1525 1877 :
1553 1821 1656 1888 Qui
1685 1828 1803 1877 erat
1832 1820 1945 1876 cir-

2060 679 2284 752 "A6pay.
2312 679 2675 755 πουλυέτηρον
2699 681 3024 755 ὲσέδρακες;
3065 682 3132 737 58
3170 679 3307 736 Εῐπε
3330 684 3426 737 καὶ
3445 683 3641 748 αὐτός·

2061 769 2239 840 Ἂδρα
2245 787 2285 840 μ
2302 771 2432 842 πρὶν
2451 772 2606 840 γένος
2623 770 2797 843 ἔσχεν,
2813 771 2924 842 ἐγὼ
2941 772 3122 826 πέλον.
3162 772 3229 828 59
3257 772 3563 844 Αίνομανὴς
3578 772 3645 828 δὲ

2057 858 2207 922 Λᾶας
2232 858 2371 930 ἔχων
2394 859 2706 931 δασπλῆτας
2736 861 2967 934 ἐπέρρεε
2996 862 3121 926 λαὸς
3149 862 3393 934 ἀγήνωρ,

2056 949 2238 1003 Εῑσέτι
2270 968 2362 1022 μιν
2393 950 2651 1006 λαλέοντα
2678 951 3025 1023 κατακρύψαι
3055 953 3351 1024 μενεαίνων

2055 1042 2342 1114 Τρηχα).έῃ
2370 1042 2591 1114 γλωχῖνι
2617 1042 2930 1114 λιθοϐλήτου
2965 1046 3216 1114 νιφετοῖο.

2068 1131 2276 1202 Ἰησοῦς
2301 1134 2346 1186 δ’
2374 1134 2635 1205 ἀκίχητος
2667 1135 2772 1188 ὑπὸ
2798 1134 2978 1206 πτύχα
3003 1136 3228 1190 κεύθετο
3254 1138 3384 1208 νηοῦ
3404 1155 3420 1172 ·

2053 1224 2335 1294 Σιγαλέοις
2361 1226 2419 1279 δὲ
2447 1224 2665 1279 πόδεσσι
2697 1225 3000 1299 διερπύξων
3031 1228 3194 1298 μέσος
3217 1227 3419 1292 αὐτῶν,

2060 1315 2350 1388 ’Λπροῖδὴς
2376 1317 2672 1388 πεφόρητο,
2705 1316 2982 1373 λιθοσσόον
3013 1319 3181 1391 ἐσμὸν
3209 1319 3393 1383 ἐάσας.

2052 1407 2207 1461 Οὕτω
2234 1408 2332 1478 μὲν
2364 1407 2691 1479 παράμειὸε.

2705 1523 2864 1578 ΚΕΦ.
2894 1521 2983 1576 ϐ’.

2700 1638 2727 1690 1
2763 1637 3154 1708 Παραστείχων
3180 1636 3236 1690 δὲ
3266 1636 3521 1690 κελεύθου

2052 1734 2291 1803 Ἦμενον
2315 1731 2462 1804 ἄνδρ’
2486 1730 2698 1800 ἐνόησε,
2730 1731 2821 1783 τὸν
2853 1732 2918 1783 ὲκ
2955 1729 3177 1783 κόλποιο
3205 1727 3472 1800 τεκούσης

2049 1809 2260 1893 Τυφλδν
2288 1823 2368 1876 ἔτι
2397 1821 2695 1893 σπαίροντα
2717 1820 2969 1892 λεχωῒδες
3006 1821 3234 1892 ἔδρακον
3260 1816 3399 1891 ὧραι
3420 1838 3433 1850 ·

369 1912 811 1977 cumamhulans,
855 1913 995 1969 lucis
1023 1914 1264 1983 expertis
1302 1912 1460 1969 faciei
1488 1912 1834 1978 Confertum,
1858 1915 1942 1968 in-

2057 1917 2234 1980 Ὀστις
2263 1914 2358 1986 ἔην
2391 1914 2722 1986 περίφοιτος,
2753 1913 3075 1983 ἀφωτίστοιο
3103 1912 3395 1983 προσώπου

368 2000 606 2056 divisum
640 2002 868 2070 habens,
905 2019 1013 2058 non
1053 2005 1329 2073 signatum
1353 2005 1554 2071 visum,
1585 2005 1757 2072 Quem
1792 2014 1945 2060 natu-

368 2105 427 2144 ra
477 2106 585 2146 non
628 2095 940 2162 expressit:
973 2102 1027 2148 et
1053 2095 1244 2151 oculos
1298 2110 1409 2150 non
1455 2096 1706 2151 habentis
1748 2096 1941 2151 circuli

368 2183 669 2254 ‘l‘urgidum
699 2186 938 2241 alienum
982 2186 1201 2241 oculum
1250 2188 1450 2243 natalis
1483 2187 1717 2243 habebat
1745 2188 1942 2258 caligo;

370 2277 435 2331 Et
474 2270 734 2332 infantem
789 2294 1065 2349 nunquam
1100 2280 1263 2343 talem
1297 2280 1419 2336 sine
1440 2280 1614 2336 oculis
1663 2289 1944 2336 comtaneo

368 2367 577 2421 mundo
643 2366 844 2423 Ductor
911 2370 1035 2425 vita:
1074 2384 1274 2441 parcns
1345 2372 1604 2440 produxit
1658 2374 1939 2428 smculum.

367 2459 401 2512 Ξ
432 2455 619 2512 Jesum
639 2467 820 2513 autem
855 2460 1211 2531 interrogavit
1232 2476 1419 2518 comes
1440 2471 1616 2520 ccetus
1641 2465 1939 2519 sociorum:

370 2548 566 2614 llahhi,
599 2550 1067 2621 interrogantibus
1087 2553 1212 2623 quis
1236 2555 1482 2623 peccavit
1508 2555 1595 2611 dic
1616 2556 1938 2627 discipulis:

369 2644 541 2700 llicne
598 2662 834 2717 peccans
899 2648 1069 2705 Deum
1127 2651 1456 2718 molestavit,
1520 2651 1603 2706 vel
1654 2650 1945 2721 parentes?

368 2737 524 2802 QUOd
573 2739 750 2809 ipsum
814 2757 1008 2812 graves
1060 2745 1425 2799 obstetricaue
1480 2753 1609 2800 sunt
1664 2758 1942 2815 puerperae

367 2828 556 2888 lintris
586 2846 652 2885 ex
681 2841 870 2887 ventre
894 2834 1144 2889 obscura:
1164 2850 1404 2890 eomvum
1440 2834 1684 2906 caligini.
1718 2835 1753 2889 3
1778 2831 1942 2891 Jesus

365 2932 545 2976 autem
576 2923 761 2979 docuit
794 2939 919 2980 vera
973 2926 1298 2982 testificante
1326 2940 1493 2982 voce:
1529 2925 1629 2982 Hic
1673 2927 1942 2983 scelerate

364 3028 533 3084 agens
586 3030 697 3069 non
730 3018 995 3085 peccavit,
1031 3033 1208 3089 neque
1240 3028 1528 3089 parentes:
1563 3020 1671 3077 Sed
1704 3023 1937 3077 sortitus

365 3116 448 3160 est
474 3106 575 3161 hoc
615 3107 876 3164 danmum
907 3110 1192 3175 divinitus,
1217 3122 1277 3166 ut
1303 3127 1400 3183 per
1425 3113 1603 3183 ipsum
1633 3111 1810 3184 Opera
1842 3112 1938 3169 Dei

367 3195 547 3252 Patris
578 3200 781 3254 malum
807 3200 1060 3271 pellentis
1088 3204 1533 3260 manifestentur.
1566 3205 1601 3258 Δ
1627 3204 1740 3260 Nos
1766 3204 1935 3262 Altis~

2053 2007 2376 2079 Συμφερτὴν
2407 2006 2705 2077 ἀμέριστον
2733 2005 2872 2077 ἔχων
2901 2005 3210 2077 ἀχάρακτον
3237 2004 3483 2076 ὀπωπὴν,

2056 2099 2158 2152 Ἦν
2192 2098 2353 2168 φύσις
2376 2098 2476 2151 οὐκ
2507 2095 2782 2149 ἐτύπωσε·
2813 2094 3231 2173 λιποδλεφάροιο
3261 2092 3319 2147 δὲ
3356 2092 3556 2148 κύκλου

2050 2189 2303 2243 Οἰδαλέον
2333 2186 2484 2253 ξένον
2517 2187 2674 2258 ὄμμα
2698 2185 2978 2254 γεπθλιάς
3007 2181 3153 2255 εἶχεν
3180 2184 3379 2255 ὁμίχλη
3398 2202 3413 2214 ·

2050 2284 2159 2336 Καὶ
2192 2281 2389 2352 βρέφος
2416 2279 2611 2333 οὔποτε
2642 2281 2784 2333 τοῖον
2813 2276 3125 2347 ἀνόμματον
3162 2276 3311 2347 ἦλικι
3335 2275 3525 2348 κόσμῳ

2061 2374 2302 2446 Ἡνίοχος
2328 2373 2523 2445 βιότοιο
2555 2371 2893 2443 φυτοσπόρος
2918 2370 3122 2441 ἤγαγεν
3158 2366 3313 2421 αἰών.

2047 2470 2082 2524 2
2133 2466 2338 2540 Ἰησοῦν
2370 2466 2414 2519 δ’
2443 2467 2678 2536 ἐρέεινεν
2707 2462 2997 2535 ὁμόστολος
3026 2461 3193 2531 ἐσμὸς
3221 2459 3452 2532 ἑταίρων
3472 2476 3485 2489 ·

2058 2559 2299 2622 Ῥαϐὄὶν,
2333 2556 2727 2627 ἀνειρομένοισι
2754 2553 2839 2617 τίς
2866 2552 3050 2623 ἤλιτεν
3075 2550 3196 2603 εἰπὲ
3230 2548 3495 2621 μαθηταῖς
3512 2565 3526 2578 ·

2049 2643 2216 2713 Οὗτος
2249 2649 2569 2719 ἁλιτραίνων
2602 2646 2733 2699 Θεὸν
2759 2646 2982 2715 ἦκαχεν,
3017 2643 3081 2715 ὴὲ
3105 2641 3328 2712 τοκῆες;

2048 2744 2241 2798 Εἰσόκε
2268 2760 2361 2814 μιν
2389 2740 2693 2811 δασπλῆτες
2720 2737 3060 2810 ὲμαιώσαντο
3085 2736 3292 2806 λοχεῖαι

2046 2835 2297 2907 Μητέρος
2320 2837 2385 2889 ἐκ
2422 2832 2681 2900 λαγόνων,
2705 2828 2974 2886 ἁλαώπιδι
3007 2826 3300 2899 σύγχρονον
3328 2824 3521 2896 ὃρφνῃ.

2047 2928 2081 2981 5
2133 2925 2334 2999 Ἰησοῦς
2359 2924 2402 2978 δ’
2431 2923 2665 2990 ἐδίδαξεν
2686 2918 2878 2992 ἀληθέῖ
2909 2921 3144 2991 μάρτυρι
3182 2919 3366 2988 φωνῇ·

2046 3014 2213 3083 Οὗτος
2238 3015 2589 3072 ἀτασθαλέων
2616 3015 2718 3068 οὐκ
2748 3014 2952 3085 ἤλιτεν,
2986 3011 3106 3064 οὐδὲ
3132 3010 3328 3080 τοκῆες
3349 3026 3361 3039 ·

2059 3111 2217 3165 Ἀλλὰ
2248 3109 2411 3180 λάχεν
2436 3107 2553 3161 τόδε
2584 3106 2744 3178 πῆμα
2775 3104 3052 3177 θεήλατον,
3081 3103 3226 3172 ὄφρα
3251 3100 3318 3153 δι’
3339 3098 3506 3154 αὐτοῦ

2049 3203 2226 3275 Ἔργα
2252 3199 2389 3255 Θεοῦ
2421 3199 2619 3270 Γενετῆ
2627 3214 2719 3270 ρος
2739 3195 3080 3261 ἀλεξικάκοιο
3099 3194 3315 3266 φανείη.

364 3288 489 3342 siuti
520 3298 605 3344 est
632 3270 861 3347 necesse
889 3306 1055 3361 opera
1097 3293 1379 3362 perlicere,
1424 3293 1601 3365 Opera
1632 3294 1727 3351 Dei
1751 3296 1939 3352 viven-

2057 3297 2075 3351 ι
2123 3270 2334 3366 Ἦμέας
2379 3292 2655 3363 Ὑψίστοιο
2679 3289 2833 3343 πέλει
2860 3287 3023 3361 χρέος
3050 3287 3187 3360 ἔργα
3209 3287 3482 3348 τελέσσαι,

364 3378 457 3442 tis,
474 3379 649 3435 donec
676 3382 857 3436 adhuc
876 3391 1101 3452 apparet
1117 3384 1465 3440 aurora.Nox
1490 3386 1789 3456 caliginosa
1816 3398 1943 3457 post

363 3471 623 3541 pusillum
662 3473 1197 3540 veniet;venientem
1234 3484 1414 3531 autem
1449 3477 1606 3546 102
1632 3476 1828 3534 Nullus
1858 3482 1943 3534 vir

363 3574 462 3628 per
501 3568 714 3616 noctem
740 3564 936 3632 ponerit
958 3579 1100 3634 opus
1132 3574 1334 3621 texere.
1366 3565 1587 3621 Faciam
1623 3576 1804 3623 autem
1838 3568 1940 3624 do-

365 3667 468 3707 nec
495 3652 615 3709 dies
647 3662 897 3724 augt-tur.
931 3656 965 3711 5
995 3655 1128 3712 Sum
1164 3667 1343 3713 autem
1390 3659 1579 3714 mundi
1608 3659 1817 3717 Lumen
1843 3675 1946 3733 ego

364 3741 868 3813 caliginosi,donec
899 3745 953 3799 in
988 3746 1192 3801 mundo
1223 3750 1460 3804 ambulo.
1490 3750 1524 3804 6
1552 3749 1695 3805 Dixit
1722 3750 1856 3817 Rex,
1889 3760 1944 3807 et

363 3832 551 3888 divino
577 3850 642 3889 ex
696 3850 790 3890 ore
822 3836 874 3889 in
907 3837 1245 3893 sitibundam
1280 3849 1500 3907 terram,
1539 3841 1786 3898 Morbum
1831 3847 1945 3900 sol-

363 3933 578 3980 ventem
638 3928 862 4008 omnino
912 3929 1091 3984 albam
1146 3935 1335 4002 expuit
1386 3949 1636 4004 spumam
1670 3936 1937 3992 dentium:

361 4015 429 4070 Et
458 4021 704 4074 terrestri
723 4021 946 4089 pulvere
967 4023 1184 4078 mistam
1214 4039 1464 4094 spumam
1488 4029 1736 4092 volvens,
1769 4030 1943 4101 Sputo

361 4110 537 4165 lutum
573 4111 701 4167 fecit
737 4113 1052 4171 luciferum.
1091 4116 1385 4173 Humidum
1416 4128 1600 4177 autem
1626 4122 1740 4177 Viri
1772 4125 1943 4179 inun-

358 4215 493 4273 gens
524 4205 688 4259 caecis
722 4206 896 4261 lutum
927 4209 1126 4272 oculis,
1151 4208 1262 4264 Viri
1286 4211 1542 4268 formavit
1560 4215 1771 4279 oculos,
1802 4231 1942 4286 quos

358 4309 472 4349 non
501 4305 696 4350 natura
730 4299 909 4367 potuit
931 4301 1193 4369 praebere,
1230 4301 1344 4357 Viri
1377 4304 1631 4361 formavit
1658 4309 1868 4367 oculos.
1889 4320 1944 4365 et

359 4385 646 4441 oculorum
694 4389 938 4457 expertis
980 4390 1136 4445 faciei
1176 4390 1412 4462 Signans
1457 4397 1704 4466 duplices
1748 4401 1938 4466 orbes,

359 4476 600 4532 medium
632 4478 913 4547 impressit
946 4482 1144 4547 visum,
1182 4482 1387 4542 Oculos
1419 4487 1708 4556 perliciens
1749 4505 1941 4549 recens

2045 3386 2222 3456 Ἔργα
2249 3381 2386 3437 Θεοῦ
2414 3380 2663 3447 ζώοντος,
2694 3379 2801 3442 ἓως
2830 3376 2909 3432 ἔτι
2940 3376 3187 3448 φαίνεται
3218 3375 3353 3447 ἠώς.

2041 3477 2158 3544 Νὺξ
2185 3475 2418 3547 δνοφερὴ
2448 3474 2586 3544 μετὰ
2613 3472 2764 3543 βαιὸν
2787 3469 3063 3524 ἐλεύσεται
3083 3487 3098 3500 ·
3127 3466 3428 3539 ἐρχομένην
3459 3465 3520 3519 δὲ

2047 3568 2203 3639 103
2217 3566 2374 3631 Οὖτις
2392 3566 2530 3637 ἀνὴρ
2547 3563 2685 3618 κατὰ
2695 3562 2863 3617 νύκτα
2878 3562 3165 3633 δυνήσεται
3181 3560 3341 3631 ἔργον
3354 3559 3616 3629 ὑφαίνειν.

2056 3660 2223 3724 Ῥέξω
2245 3659 2290 3713 δ’
2313 3661 2522 3714 εἰσόκεν
2539 3653 2692 3729 ἦμαρ
2717 3654 2953 3720 ἀέξεται.
3030 3652 3063 3707 5
3100 3652 3234 3723 Εἰμὶ
3258 3651 3316 3704 δὲ
3348 3652 3552 3721 κόσμου

2042 3752 2249 3821 Φέγγος
2276 3751 2387 3819 ἐγὼ
2415 3750 2720 3818 ζοφόεντος,
2751 3746 2855 3809 ἕως
2883 3746 2973 3798 ὅτε
3003 3744 3207 3815 κόσμον
3243 3743 3427 3797 ὁδεύω.

2045 3846 2079 3901 6
2116 3840 2283 3899 Εἶπεν
2312 3843 2610 3907 Ἀναξ,καὶ
2639 3841 2781 3894 θεῖον
2813 3838 2919 3892 ὑπὸ
2946 3836 3121 3907 στόμα
3148 3835 3329 3907 διψάδι
3353 3834 3483 3906 γαίῃ

2044 3938 2343 3993 Λυσίπονον
2371 3935 2672 3988 πάλλευκον
2697 3932 2972 3987 ἀπέπτυεν
3001 3929 3174 4002 ἀφρὸν
3201 3928 3426 3982 ὀδόντων
3451 3943 3465 3954 ⁸

2045 4032 2155 4087 Καὶ
2176 4029 2371 4101 χθονίῳ
2395 4026 2618 4082 κενεῶνι
2644 4024 2990 4096 πεφυρμένον
3019 4020 3192 4091 ἀφρὸν
3224 4017 3463 4080 ἑλίσσων,

2044 4122 2331 4192 Πτύσματι
2360 4117 2528 4190 πηλὸν
2558 4113 2740 4180 ἔτευξε
2766 4113 3092 4184 φαεσφόρον.
3111 4109 3391 4181 Ἰκμαλέον
3416 4108 3472 4161 δὲ

2057 4214 2270 4285 Ἀνδρος
2296 4210 2581 4284 ἐπιχρίσας
2608 4206 2929 4277 λιποφεγγέῖ
2956 4205 3121 4277 πηλὸν
3147 4204 3363 4274 ὀπωπῇ,

2057 4307 2274 4377 Ἀνέρος
2306 4304 2538 4357 ἔπλασεν
2557 4302 2731 4373 ὄμμα,
2765 4301 2825 4352 τὸ
2851 4298 2924 4369 μὴ
2950 4296 3111 4366 φύσις
3143 4289 3300 4367 εὗρεν
3331 4293 3587 4359 ὀπάσσαι,

2057 4398 2272 4469 Ἀνέρος
2302 4395 2532 4448 ἔπλασεν
2559 4394 2736 4464 ὄμμα,
2760 4390 2853 4444 καὶ
2876 4389 3131 4459 ἀγλήνοιο
3160 4385 3450 4458 προσώπου

2043 4491 2265 4563 Γράύιας
2291 4489 2522 4559 δίπτυχα
2543 4485 2739 4548 κύκλα,
2774 4484 2946 4555 μέσην
2969 4480 3232 4553 ἐχάραξεν
3258 4477 3506 4553 ὀπωπὴν,

359 4567 537 4623 factos
563 4578 829 4625 consueto
862 4573 997 4637 luto,
1030 4573 1107 4629 Ex
1124 4575 1294 4631 humo
1314 4579 1458 4634 unde
1481 4579 1644 4636 homo
1671 4581 1941 4640 formatus

2057 4583 2400 4654 Ὀφθαλμοὺς
2432 4579 2629 4633 τελέων
2657 4575 2975 4648 νεοτευχέας
3004 4574 3162 4644 ὴθάδι
3191 4569 3348 4644 πηλῷ

358 4670 442 4716 est
462 4701 474 4715 .
500 4662 530 4715 7
559 4660 623 4716 Et
649 4662 787 4718 dixit
816 4664 1001 4721 divina
1027 4684 1193 4724 voce:
1232 4668 1396 4738 Vade,
1425 4682 1480 4728 et
1510 4674 1629 4730 lava
1658 4683 1805 4733 tuam
1849 4677 1930 4732 fa-

2049 4679 2143 4732 Ἐκ
2183 4677 2304 4750 χοὸς
2326 4672 2687 4745 ἀνδρογόνοιο.
2765 4670 2795 4721 7
2836 4668 2946 4722 Καὶ
2970 4665 3161 4720 ἔννεπε
3196 4661 3409 4716 θέσπιδι
3438 4661 3621 4731 φωνῇ·

1558 4828 1840 4890 ΤΕΧῙὍΒ
1879 4829 2411 4890 ΕνΑΝϐΕΙᾸΞΤΛΕ.

431 4965 500 5021 58
540 4960 707 5018 Εἶπεν
731 4966 916 5029 αὐτοῖς
944 4970 971 5020 ό
1000 4967 1236 5047 Ἰησοῦς·
1271 4969 1443 5042 Ἀμὴν
1466 4971 1613 5043 ἀμὴν
1636 4972 1778 5043 λέγω
1799 4974 1949 5046 ὑμῖν,

357 5051 490 5123 πρὶν
524 5047 774 5119 Ἀϐραὰμ
800 5050 1072 5117 γενέσθαι,
1100 5051 1208 5120 ἐγώ
1238 5054 1373 5123 εἰμι.
1598 5074 1601 5077 λ

429 5132 500 5189 59
536 5126 718 5202 Ἦραν
762 5127 855 5183 οὖν
898 5131 1075 5195 λίθους
1114 5134 1199 5187 ἵνα
1224 5134 1456 5204 βάλωσιν
1482 5139 1567 5190 ἐπ’
1596 5138 1786 5192 αὐτόν’
1839 5140 1946 5209 Ἰη-

2044 4977 2093 5029 οί
2131 4975 2311 5042 γονεῖς
2338 4969 2504 5024 αὑτοῦ
2525 4986 2537 5000 ο
2567 4970 2682 5023 ἀλλ’
2703 4969 2790 5023 ἵνα
2816 4963 3103 5038 φανερωθῇ
3128 4962 3199 5017 τὰ
3218 4960 3354 5033 ἔργα
3374 4960 3468 5015 τού
3490 4961 3622 5020 Θεοῦ
3698 4976 3704 4981 '

2043 5073 2331 5204 svi-1:31:
2361 5135 2443 5189 δεῖ
2470 5131 2801 5205 ἐργάζεσθαι
2830 5130 2899 5184 τὰ
2925 5128 3061 5200 ἔργα
3089 5126 3183 5182 τοῦ
3211 5125 3528 5197 πέμψαντός
3560 5142 3619 5196 με

361 5216 488 5281 σοῦς
520 5215 576 5269 δὲ
616 5212 845 5286 ἐκρύϐη,
873 5214 967 5266 καὶ
996 5215 1216 5287 ἐξῆλθεν
1267 5221 1331 5271 ἐκ
1373 5219 1467 5272 τοῦ
1521 5220 1688 5292 ἱεροῦ,
1721 5220 1944 5275 διελθὼν
2040 5222 2145 5284 ἕως
2184 5219 2367 5292 ἡμέρα
2395 5217 2540 5272 ἐστίν
2559 5233 2571 5245 ·
2601 5216 2819 5289 ἔρχεται
2842 5213 2958 5278 νὺξ,
2975 5214 3064 5266 ὅτε
3083 5211 3257 5275 οὐδεὶς
3280 5210 3507 5264 δύναται
3536 5212 3622 5280 ἐρ-

359 5299 448 5356 διὰ
485 5298 650 5373 μέσου
679 5294 893 5351 αὐτῶν·
929 5298 1025 5350 καὶ
1060 5298 1309 5368 παρῆγεν
1334 5298 1526 5365 οὕτως.

1021 5382 1176 5434 ΚΕΦ.
1224 5381 1298 5437 9'.

428 5470 455 5522 1
499 5468 607 5522 Καὶ
656 5465 920 5540 παράγων
966 5459 1106 5518 εἶδεν
1149 5464 1432 5537 ἄνθρωπον
1459 5469 1657 5537 τυφλὸν
1698 5471 1762 5523 ὲκ
1792 5485 1946 5539 γενε-

1943 5563 1946 5566 ’
2043 5555 2108 5608 ἐκ
2138 5552 2230 5607 τοῦ
2261 5554 2599 5624 πτύσματος,
2630 5550 2724 5603 καὶ
2757 5547 3013 5619 ὲπέχρισε
3050 5546 3141 5601 τὸν
3184 5546 3354 5617 πηλὸν
3380 5544 3473 5598 ἐπὶ
3504 5546 3623 5605 τοὺς

359 5552 485 5622 τῆς.

428 5635 464 5685 2
501 5634 610 5686 Καὶ
635 5633 925 5705 ἠρώτησαν
946 5632 1107 5688 αὐτὸν
1129 5635 1174 5686 οἱ
1205 5630 1444 5704 μαθηταὶ
1469 5633 1939 5705 αύτοῦ,λέγοντες·

371 5716 585 5777 ῬαδίἈ,
615 5718 699 5779 τίς
726 5719 995 5788 ἥμαρτεν,
1020 5710 1174 5782 οὗτος
1198 5717 1230 5790 ἢ
1261 5718 1309 5770 οἱ
1334 5719 1510 5787 γονεῖς
1534 5717 1719 5784 αὐτοῦ,
1746 5720 1831 5774 ἵνα
1852 5738 1943 5773 τυ·
1987 5764 1993 5771 .

364 5797 494 5867 φλδς
525 5799 757 5869 γεννηθῇ
781 5818 795 5865 ;

432 5879 467 5934 3
517 5878 812 5955 ’Δπενρίθη
836 5885 863 5936 ὁ
898 5885 1131 5959 Ἰησοῦς·
1167 5885 1302 5941 Οὖτε
1336 5880 1485 5949 οὗτος
1511 5885 1780 5957 ἥμαρτεν,
1818 5886 1945 5941 οὔτε

2039 5302 2354 5443 γάὲιῗὲζαν
2382 5387 2440 5439 ὲν
2462 5384 2541 5456 τῷ
2565 5384 2755 5454 κόσμῳ
2779 5376 2847 5446 ὧ,
2882 5379 2998 5450 φῶς
3021 5381 3136 5451 εἰμι
3171 5377 3265 5432 τοῦ
3292 5377 3522 5448 κόσμου.

2113 5472 2145 5524 6
2186 5468 2371 5523 Ταῦτα
2400 5467 2592 5531 εἰπὼν,
2623 5466 2824 5519 ἕπτυσε
2862 5463 3060 5536 χαμαὶ,
3087 5463 3183 5517 καὶ
3209 5460 3431 5532 ἐποίησε
3457 5459 3623 5532 πηλὸν

2042 5635 2355 5707 ὀφθαλμοὺς
2394 5635 2487 5689 τοῦ
2520 5631 2742 5703 τυφλοῦ.

2110 5721 2141 5774 7
2180 5705 2289 5775 Kal.
2318 5715 2471 5772 εἶπεν
2495 5715 2669 5787 αὐτῷ·
2704 5714 2945 5782 ”Υπαγε,
2962 5712 3112 5782 νίψαι
3135 5712 3213 5773 εἰς
3232 5709 3331 5779 τὴν
3353 5705 3606 5778 κολυμὸἡ-

2042 5804 2175 5872 θραν
2217 5801 2311 5855 τοῦ
2360 5799 2581 5871 Σιλωὰμ
2629 5799 2693 5867 (ὃ
2728 5796 3111 5871 ἑρμηνεύεται,
3155 5788 3596 5862 ἀπεσταλμένος)

2053 5884 2318 5958 Ἀπῆλθεν
2349 5879 2441 5937 οὖν
2468 5884 2560 5937 καὶ
2589 5882 2831 5953 ἐνίψατο,
2869 5880 2963 5935 καὶ
2995 5874 3125 5952 ἦ).οε
3156 5875 3390 5951 βλέπων.
