3900 6216
187 441 300 500 89.3

187 563 399 634 Ἐρχεό
435 580 558 632 μοι,
593 565 687 618 καὶ
716 564 871 618 νίπτε
904 565 1026 620 τεὸν
1053 567 1206 637 ῥέθος
1241 563 1332 641 ᾗχι.
1361 565 1586 638 Σιλωάμ

183 653 387 724 Πηγῆς
414 654 745 726 ἁγχιπόροιο
775 656 886 727 ῥέει
917 658 1218 729 πανδήμιον
1252 658 1417 730 ὕδωρ,

185 744 381 817 ’Υδωρ
413 746 800 817 στελλομένοιο
833 750 1159 820 προώνυμον
1191 752 1256 804 ἐκ
1289 751 1380 805 σέο
1407 753 1654 824 πομπῆς.
1705 785 1721 792 -ο

185 839 436 908 Χριστὸς
465 839 576 910 ἔφη
600 856 613 869 ·
641 840 738 894 καὶ
771 841 971 909 τυφλὸς
998 843 1269 911 ἐπείγετο,
1297 844 1392 897 καὶ
1426 843 1578 915 παρὰ
1611 845 1761 914 πηγῇ

186 931 366 1001 Χερσὶ
396 929 809 1004 βαθυνομένῃσι
837 933 1148 1005 φαεσφόρον
1177 935 1386 1005 ἧφυσεν
1419 934 1586 1006 ὕδωρ,

189 1023 395 1075 ’Υδασι
428 1025 722 1094 πηγαίοισι
755 1027 1010 1080 λιπύσκια
1045 1026 1186 1096 φάεα
1219 1026 1443 1080 νίπτων.

187 1113 423 1186 Σμήξας
461 1115 513 1169 δ’
545 1117 842 1188 ἁρτιτύπου
878 1119 1186 1189 τροχοειδέα
1215 1119 1411 1173 κύκλον
1457 1117 1707 1188 ὀπωπῆς,

203 1206 512 1276 Ἐξαπίνης
539 1209 673 1276 φάος
698 1207 844 1278 ἔσχε,
885 1209 945 1261 τὸ
981 1210 1055 1281 μὴ
1090 1211 1252 1279 φύσις
1276 1207 1417 1264 οἶδεν
1443 1210 1698 1274 ὀπάσσαι,

202 1297 490 1368 Ἀθρήσας
523 1299 816 1367 φαέθοντος
845 1301 1039 1372 άήθεος
1072 1301 1266 1372 ὄψιμον
1293 1302 1512 1373 αἴγλην.

190 1391 240 1444 Ν
247 1391 412 1459 ίψατο
435 1408 450 1421 ·
490 1392 587 1444 καὶ
613 1392 770 1445 πάλιν
798 1386 950 1465 ἦλθε,
982 1397 1074 1448 καὶ
1101 1396 1285 1449 ἵστατο
1312 1398 1486 1450 πάντα
1509 1395 1762 1448 δοκεύων.

191 1484 226 1537 8
264 1483 380 1536 Καί
417 1501 519 1554 μιν
554 1485 958 1557 ἐσαθρήσαντες
984 1487 1248 1558 ἐπήλυδες
1282 1489 1472 1559 ἄνδρες
1508 1490 1678 1540 ὁδῖται

192 1578 600 1652 Μαρμαρυγὴν
628 1579 916 1649 πέμποντα
943 1564 1250 1650 νεογλήνοιο
1274 1579 1591 1650 προσώπου,

192 1669 234 1723 Γ
236 1670 446 1733 είτονες
474 1671 810 1740 ἐφθέγγοντο
833 1672 925 1724 καὶ
952 1671 1143 1743 ἀνέρες
1178 1671 1350 1742 ἴδμονι
1382 1671 1494 1741 λαῴ
1514 1687 1528 1702 ·

196 1762 272 1814 Οὐ
306 1761 477 1815 πέλεν
513 1755 670 1826 οὗτος
701 1764 907 1826 ἐκεῖνος
936 1764 992 1817 ἐν
1024 1763 1177 1816 ἄστεϊ
1201 1764 1396 1831 τυφλὸς
1424 1763 1625 1832 ὁδίτης,

200 1855 299 1916 Ὀς
330 1853 517 1923 πάρος
545 1854 872 1918 αίτίζεσκεν,
909 1855 1148 1926 ἐθήμονα
1183 1857 1340 1926 χεῖρα
1374 1855 1629 1907 τιταίνων

196 1942 493 2016 Δεξιτερὴν
529 1944 804 2014 προϐλῆτα
835 1962 972 2016 παρε
984 1947 1320 2016 ρχομένοισιν
1348 1944 1582 2008 ὁδίταις;

196 2036 230 2090 9
267 2035 458 2088 ’Ἄλλοι
489 2036 538 2089 δ’
558 2037 892 2107 ἀντιάχησαν
919 2037 1191 2108 ἁμοιϐαίῳ
1225 2037 1332 2090 τινὶ
1364 2037 1520 2108 μύθῳ
1539 2055 1551 2067 ·

199 2127 275 2181 Οὐ
307 2127 504 2192 πέλεν,
539 2129 599 2181 οὐ
632 2128 794 2181 πέλεν
833 2126 1006 2193 οὗτος,
1037 2129 1178 2182 ἔοικε
1205 2129 1261 2181 δὲ
1294 2129 1491 2196 μοῦνον
1515 2125 1726 2198 ἐκείνῳ.

199 2219 268 2274 10
307 2222 510 2283 Κεῖνος
541 2219 678 2293 ἀνὴρ
703 2221 994 2292 ἀγόρευεν⁶
1037 2217 1179 2289 Ἐγὼ
1218 2218 1652 2280 πέλον,Είσαῖων
1681 2219 1738 2272 δὲ

197 2312 340 2374 Λαὺς
379 2313 678 2374 Ἰουδαίων,
714 2313 1046 2380 φιλοπευθέα
1081 2313 1282 2383 ρήξατο
1312 2313 1520 2384 φωνήν·

198 2404 324 2466 Πῶς
355 2403 414 2456 δὲ
434 2405 562 2458 τεαὶ
585 2404 888 2475 προϐλῆτες
921 2405 1265 2475 άνωῖχθησαν
1301 2404 1554 2468 ὀπωπαί;

273 2495 438 2567 104
490 2498 551 2550 Η
605 2497 874 2568 Ἑϐραίοις
924 2497 968 2550 δ’
1005 2497 1235 2568 ἀγόρευε
1277 2495 1396 2566 Θεῷ
1435 2494 1803 2566 πεφιλημένος

201 2587 394 2650 Κεῖνος
423 2588 569 2660 ἀνὴρ
594 2589 651 2651 ὃς
678 2590 910 2660 Χριστὸς
935 2591 1208 2652 ἀκούεται,
1225 2591 1406 2643 ὅντινα
1438 2587 1556 2640 λαοὶ
1617 2586 1798 2659 [ἀνήρ’

207 2676 423 2747 Ἰησοῦν
462 2677 770 2743 καλέουσιν,
809 2679 948 2748 ἐμάς
977 2678 1132 2744 ὤϊξεν
1161 2680 1409 2744 ὀπωπάς.

196 2762 429 2823 Χείλεσι
457 2770 572 2842 γὰρ
605 2771 764 2840 σοφὸν
790 2771 962 2842 ἀφρὸν
989 2773 1262 2842 ἀνήρυγεν
1284 2789 1297 2802 ·
1331 2773 1388 2823 ἐν
1418 2771 1629 2841 δαπέδῳ
1652 2770 1712 2824 δὲ

216 2862 572 2930 Ἀκροτάτοις
601 2861 853 2932 ὀνύχεσσι
888 2862 1259 2933 πολύστροφον
1294 2863 1495 2933 ἰκμάδα
1524 2861 1765 2927 πάλλων,

204 2951 500 3023 Ιίτύσματι
529 2953 696 3023 πηλὸν
727 2953 962 3017 ἔτευξεν,
995 2955 1134 3024 ἐμάς
1163 2954 1208 3006 δ’
1239 2954 1456 3026 ἔχρισεν
1481 2953 1734 3016 ὀπωπάς,

206 3044 314 3116 Καί
347 3062 414 3114 με
447 3044 632 3115 μολεῖ)
656 3044 937 3097 ἐκέλευσεν
965 3045 1069 3114 ὅπη
1095 3045 1216 3115 ῥόος
1246 3045 1362 3096 ἐστὶ
1390 3043 1630 3113 Σιλωάμ.

209 3137 395 3208 Πηγὴς
428 3138 477 3190 δ’
502 3138 668 3206 ἐγγὺς
699 3137 880 3191 ἵκανον
903 3154 916 3167 ·
950 3135 1255 3207 ἀλεξικάκῳ
1285 3135 1340 3188 δὲ
1371 3135 1580 3208 ῥεέθρῳ

206 3226 253 3278 Ν
261 3227 528 3297 ιψάμενος
559 3230 793 3297 σκιεροῖο
817 3225 1136 3296 περίτροχον
1166 3225 1413 3296 ὄμματος
1438 3223 1589 3296 ὕλην,

218 3317 519 3388 Ἑξαπίνης
549 3319 683 3387 φάος
715 3315 874 3378 εἶδον,
913 3318 941 3371 δ
974 3319 1048 3389 μὴ
1080 3318 1254 3389 πάρος
1283 3313 1426 3387 εἶχον
1456 3317 1695 3372 ὀπωπαί.

210 3407 276 3462 12
326 3410 573 3480 Ἑϐραῖοι
603 3410 646 3461 δ’
680 3408 914 3480 ἐρέεινον
947 3409 1190 3472 ἀναιδέες
1225 3408 1422 3480 ἄφρονι
1450 3407 1604 3478 μύθῳ
1625 3426 1639 3439 ·

207 3496 290 3569 Πῆ
328 3500 462 3552 πέλε
482 3539 496 3564 ,
527 3499 604 3569 πῆ
632 3499 760 3552 πέλε
787 3504 998 3565 κεῖνος;
1038 3501 1095 3552 '0
1121 3499 1166 3552 δ’
1187 3499 1338 3569 ἴαχεν
1363 3497 1589 3569 ἔμφρονι
1614 3496 1770 3568 μύθῳ
1788 3512 1802 3528 ο

221 3587 516 3656 Ἀγνὼσσω
543 3589 668 3644 πόθι
700 3592 895 3651 κεῖνος.
970 3590 1038 3644 15
1088 3587 1476 3642 Ἐπεσσεύοντο
1498 3588 1555 3641 δὲ
1585 3588 1728 3651 λαοὶ,

209 3677 312 3731 Τόν
345 3696 483 3733 ποτε
510 3681 710 3750 τυφλὸν
738 3680 963 3750 ἄγοντες
990 3682 1048 3745 ἐς
1073 3681 1354 3743 ἀντιθέους
1387 3681 1593 3752 ἱερῆας.

212 3766 278 3819 Η
325 3769 634 3840 Ἐϐδομάτη
665 3770 708 3822 δ’
731 3771 1008 3842 ἄπρηκτος
1041 3771 1135 3841 ἔην
1167 3772 1288 3823 τότε
1320 3770 1572 3834 θέσκελος
1599 3769 1730 3840 ἠὼς,

210 3856 286 3927 Τῇ
321 3857 404 3911 ἔνι
430 3858 601 3927 πηλὸν
635 3857 836 3923 ἔτευξε,
868 3859 960 3912 καὶ
981 3859 1181 3912 ἔπλασε
1213 3858 1416 3928 φέγγος
1447 3860 1696 3920 όπωπαῖς

213 3946 473 4018 Χριστὸς,
508 3947 616 3999 ἀπὸ
641 3947 921 4018 βλεφάρων
950 3949 1146 4012 ἐλάσας
1179 3949 1434 4003 άλαωπὸν
1460 3949 1708 4019 ὁμίχλην.

213 4037 280 4091 15
318 4037 436 4090 Καί
471 4054 562 4106 μιν
587 4037 832 4108 ἀνείρετο
858 4039 984 4101 λαὸς
1011 4041 1386 4094 ἀπιστοτάτων
1415 4040 1745 4112 Φαρισαίων,

215 4126 339 4190 Πῶς
359 4127 646 4198 βλεφάρων
662 4127 792 4197 λάχε
817 4128 1016 4198 φέγγος
1037 4145 1049 4156 °
1073 4131 1100 4181 ὁ
1121 4130 1179 4182 δέ
1207 4130 1412 4200 θρασὺς
1438 4130 1587 4199 ἴαχεν
1620 4129 1761 4199 ἀνήρ
1785 4144 1801 4160 ·

215 4215 483 4272 Θέσκελον
516 4218 814 4289 ἡμετέραις
842 4219 1148 4290 ἐπεθήκατο
1181 4221 1352 4290 πηλὸν
1380 4221 1658 4283 ὀπωπαῖς,

230 4307 574 4380 Ὀφθαλμοὺς
602 4310 646 4361 δ’
669 4309 962 4381 ἐχάραξεν
994 4310 1106 4378 ἐγὼ
1136 4311 1180 4364 δ’
1207 4311 1312 4365 ὑπὸ
1347 4311 1549 4379 γείτονι
1579 4313 1730 4382 πηγῇ

219 4396 413 4452 Ὗδατι
444 4400 616 4469 πηλὸν
647 4399 822 4471 ἔνιψα,
853 4403 949 4454 καὶ
979 4401 1206 4472 ἵσταμαι
1234 4401 1362 4472 ἄρτι
1387 4401 1641 4455 δοκεύων.
1687 4461 1690 4463 _

222 4488 289 4544 i6
325 4492 437 4546 Καὶ
466 4493 712 4563 φθονεροί
739 4511 882 4556 τινες
910 4489 1064 4548 εἷπον
1086 4491 1364 4566 ἀσιγήτων
1386 4495 1694 4566 Φαρισαίων
1712 4511 1725 4523 ·

219 4577 294 4631 Ού
318 4578 502 4634 θεόθεν
541 4583 702 4637 πέλεν
732 4579 906 4649 οὗτος,
933 4585 992 4649 ὃς
1031 4584 1152 4654 ἱερὰ
1181 4583 1358 4656 θεσμὰ
1384 4586 1656 4656 πατήσας,

1080 433 1568 502 ιδΑιιΑιιιιιιειειε
1606 444 1673 500 IN
1709 442 2054 503 JOANNEM.
2095 477 2163 487 —
2201 446 2354 507 CAP.
2396 450 2486 506 1x.

3371 456 3471 512 823

1827 572 1874 630 Α
1901 566 2039 622 ciem
2065 567 2155 622 ubi
2191 569 2395 624 Siloam
2424 571 2612 628 Fontis
2638 571 2802 628 vicini
2826 571 2944 626 ﬂuit
2968 573 3280 628 communis
3312 589 3475 643 aqua,

1899 660 2056 728 Aqua
2088 660 2243 716 missi
2276 665 2669 730 praauominata
2710 679 2776 720 ex
2817 660 3283 720 tua'deductione.
3311 665 3480 719 Chri-

1901 760 2021 807 stus
2056 751 2217 818 dixit;
2249 759 2300 807 et
2329 767 2510 810 caecus
2533 754 2848 820 festinabat,
2881 755 2948 809 Et
2969 756 3112 826 apud
3133 755 3339 811 fontem
3367 755 3483 811 Ma-

1909 842 2077 897 nibus
2100 843 2252 897 cavis
2289 842 2575 898 luciferam
2604 843 2789 899 hausit
2829 861 3048 915 aquam,
3092 847 3264 916 Aquis
3304 846 3480 900 fonta-

1905 933 1994 988 nis
2020 947 2166 989 caeca
2205 934 2415 988 lumina
2450 936 2656 989 lavans.
2687 935 3019 1007 Abstergens
3054 947 3236 993 autem
3269 939 3482 994 noviter

1901 1025 2148 1095 expressi
2187 1025 2482 1080 rotundum
2521 1026 2784 1080 ambitum
2839 1029 3022 1092 oeuli,
3055 1027 3248 1084 Statim
3287 1031 3482 1088 lucem

1903 1116 2159 1180 habebat,
2203 1133 2368 1187 quam
2415 1126 2613 1171 natura
2640 1133 2748 1172 non
2781 1129 3006 1174 noverat
3032 1122 3290 1189 praebere,
3323 1121 3486 1192 Λευὶ-

1901 1208 2055 1263 ciens
2083 1209 2218 1265 solis
2248 1210 2558 1265 inconsueti
2589 1225 2771 1265 serum
2814 1212 3183 1280 splendorem.
3212 1213 3395 1281 Lavit;
3427 1224 3483 1269 et

1902 1315 2098 1356 rursus
2155 1302 2325 1366 venit,
2361 1310 2414 1357 et
2465 1302 2617 1358 stetit
2656 1303 2839 1356 omnia
2897 1303 3171 1364 videns..8
3203 1306 3271 1358 Et
3305 1306 3482 1375 ipsum

1905 1393 2238 1462 aspicientes
2271 1395 2494 1449 advenae
2517 1395 2620 1450 viri
2659 1395 2898 1450 viatores
2925 1395 3282 1464 Splendorem
3326 1399 3483 1451 emit-

1903 1493 2115 1541 tentem
2153 1502 2183 1540 a
2235 1503 2433 1543 recens
2483 1488 2661 1542 visum
2710 1496 3072 1558 recuperante
3105 1489 3262 1552 facie,
3315 1490 3486 1543 Vicini

1905 1577 2161 1633 dixerunt
2194 1590 2246 1634 et
2274 1578 2376 1633 viri
2407 1579 2603 1634 scienti
2651 1579 2885 1648 populo:
2924 1577 3118 1635 Nonne
3146 1589 3230 1635 est
3262 1580 3351 1634 hic
3398 1580 3489 1634 ille

1905 1671 1962 1724 in
1990 1671 2215 1726 civitate
2251 1685 2430 1727 cmeus
2461 1673 2660 1734 viator,
2699 1671 2802 1736 Qui
2859 1680 3017 1724 antea
3053 1671 3290 1740 petebat,
3353 1686 3488 1726 con-

1906 1769 2118 1816 suetam
2162 1777 2382 1816 mamnn
2427 1764 2729 1818 extendens
2785 1763 3036 1817 Dextram
3091 1763 3486 1832 prominentem

1904 1855 2365 1923 praetereuntibus
2395 1855 2737 1909 viatoribus?
2767 1856 2802 1909 9
2833 1857 2932 1909 Alii
2979 1863 3156 1909 autem
3180 1862 3370 1908 contra
3397 1870 3488 1908 so-

1827 1951 1868 2006 B
1901 1952 2140 1998 nuerunt
2168 1947 2489 2014 responsivo
2518 1944 2754 2016 quodam
2781 1960 3066 2000 sermone:
3096 1943 3212 1997 Νοιι
3244 1950 3348 2008 est,
3377 1959 3485 1996 non

1900 2042 1986 2088 est
2021 2035 2379 2091 hicz'similis
2431 2043 2516 2091 est
2563 2044 2773 2089 tantum
2808 2036 2907 2089 illi.
2940 2035 3006 2089 10
3041 2034 3133 2087 ll-le
3179 2034 3264 2086 vir
3310 2033 3486 2088 dixit:

1901 2126 2016 2198 Ego
2042 2144 2186 2184 sum.
2225 2129 2472 2184 Audiens
2494 2139 2674 2184 autem
2705 2129 2947 2198 Populus
2982 2126 3316 2191 Judzeorum,
3351 2128 3488 2182 scis-

1901 2220 2259 2274 citahundam
2301 2221 2448 2289 rupit
2488 2237 2678 2276 vocem
2711 2239 2725 2275 ι
2769 2220 3055 2287 Quomodo
3087 2235 3216 2274 vero
3248 2224 3325 2272 tui
3355 2233 3490 2289 pne-

1903 2311 2174 2364 mineutcs
2209 2311 2384 2379 aperti
2421 2319 2552 2364 sunt
2583 2309 2767 2363 oculi?

1907 2479 2063 2551 105
2099 2481 2157 2535 Η
2189 2480 2394 2536 ,Ιιιάιεὶε
2422 2489 2604 2535 autem
2631 2481 2769 2535 dixit
2799 2479 2910 2535 Deo
2931 2479 3136 2535 charus
3158 2480 3262 2534 vir:
3299 2479 3393 2534 Ille
3408 2479 3493 2533 vir

1905 2573 2000 2642 qui
2037 2573 2295 2629 Christus
2331 2573 2557 2635 dicitur,
2595 2588 2757 2643 quem
2795 2573 3031 2642 p0pulus
3067 2569 3270 2628 Jesum.
3310 2581 3488 2633 vocat,

1905 2681 2057 2721 meos
2111 2667 2328 2736 aperuit
2374 2666 2587 2720 oculos.
2622 2663 2809 2720 Lahiis
2846 2665 2990 2719 enim
3024 2665 3320 2733 sapientem
3361 2679 3493 2732 spu-

1903 2775 2047 2814 mam
2075 2762 2282 2830 expuit;
2317 2758 2372 2812 in
2409 2760 2719 2828 pavimento
2747 2768 2925 2812 autem
2955 2756 3194 2811 Summis
3220 2756 3494 2826 unguibus

1905 2853 2225 2926 versatilem
2279 2852 2563 2904 humorem
2609 2851 2884 2918 quatiens,
2916 2849 3093 2919 Sputo
3133 2849 3303 2901 lutum
3344 2847 3491 2911 fecit,

1905 2949 1960 2997 et
1983 2958 2136 2997 meos
2169 2944 2326 2996 unxit
2363 2943 2575 2997 oculos.
2623 2943 2687 2994 Iit
2739 2952 2823 2994 me
2859 2941 2939 2995 ire
2964 2941 3134 3009 jussit
3171 2940 3262 2993 ubi
3310 2937 3493 2992 ﬂuxus

1903 3041 1990 3088 est
2013 3034 2239 3088 Siloam.
2278 3035 2356 3088 Ad
2405 3034 2607 3087 fontem
2652 3043 2833 3087 autem
2860 3047 3028 3102 prope
3083 3034 3224 3093 veni,
3263 3032 3492 3083 nulum-

1906 3139 2010 3194 que
2033 3125 2263 3194 pellente
2287 3126 2434 3180 ﬂuxu
2460 3125 2674 3180 Lavans
2697 3125 2943 3178 umbrosi
2965 3123 3323 3178 orbiculatam
3353 3137 3457 3174 oen
3473 3151 3488 3159 -

1907 3216 1944 3270 li
1978 3217 2281 3284 materiam,
2327 3218 2523 3272 Statim
2560 3219 2745 3272 lumen
2800 3216 2930 3280 vidi,
2985 3215 3132 3284 quod
3187 3216 3293 3268 non
3334 3223 3492 3266 antea

1825 3311 1868 3368 C
1905 3305 2177 3360 habebant
2229 3307 2396 3360 oculi.
2449 3305 2518 3359 12
2576 3305 2789 3360 Ιιεϋιτεῐ
2843 3312 3026 3358 autem
3086 3303 3494 3372 interrogat-unt

1907 3399 2253 3468 impudentes
2287 3397 2566 3468 insipienti
2605 3397 2800 3450 verbo:
2827 3394 2943 3450 .Ubi
2974 3405 3084 3461 est,
3119 3395 3210 3462 ubi
3241 3404 3324 3449 est
3367 3395 3457 3448 ille
3473 3386 3503 3446 ?‘

1905 3492 1996 3546 Ille
2025 3501 2205 3546 autem
2231 3491 2418 3546 sonuit
2449 3489 2701 3560 prudenti
2730 3504 3015 3544 sermone:
3058 3487 3253 3558 Ignoro
3284 3487 3373 3541 ubi
3406 3488 3493 3541 ille

1905 3583 1998 3639 sit.
2021 3583 2101 3636 15
2135 3581 2529 3637 Concitabatur
2557 3591 2734 3634 autem
2769 3581 3025 3650 pupillus,
3055 3580 3189 3639 Eum
3219 3581 3310 3648 qui
3341 3579 3493 3647 prius

1903 3690 2083 3730 caecus
2107 3681 2228 3730 erat
2255 3673 2463 3728 ducens
2485 3672 2551 3727 ad
2580 3671 2686 3726 Deo
2713 3672 3023 3726 contrarios
3053 3671 3391 3726 sacerdotes.
3427 3670 3494 3722 l4

1906 3763 2151 3834 Septima
2174 3781 2305 3818 vero
2331 3765 2508 3818 otiosa
2539 3752 2658 3817 crat
2686 3771 2816 3817 tunc
2843 3763 3027 3817 divina
3055 3779 3272 3820 aurora.
3305 3761 3358 3815 lu
3385 3777 3490 3830 qua

1903 3857 2082 3911 lutum
2119 3855 2268 3918 fecit,
2303 3863 2358 3910 et
2408 3855 2666 3908 formarit
2716 3854 2891 3907 lucem
2931 3853 3107 3913 oculis
3151 3836 3426 3914 ChriStus,
3463 3865 3492 3903 a

1903 3948 2180 4018 palpebris
2219 3947 2499 4016 expellens
2526 3961 2726 4001 caecam
2760 3948 3074 4015 caliginem.
3115 3946 3181 3998 15
3219 3945 3280 3996 Et
3314 3946 3492 4012 ipsum

1903 4037 2263 4108 interrogavit
2291 4046 2469 4090 ctetus
2512 4032 2920 4090 incredulorum
2954 4036 3380 4097 Pharisaeorum,
3422 4038 3488 4087 Ut

1903 4130 2191 4185 oculorum
2220 4135 2420 4182 nactus
2443 4139 2590 4182 esset
2639 4129 2847 4182 lucem:
2902 4127 2990 4181 ille
3025 4142 3154 4180 vero
3183 4109 3359 4178 audax
3405 4139 3494 4176 so-

1905 4219 2028 4273 nuit
2063 4218 2168 4273 vir:
2202 4216 2454 4270 Divinum
2477 4216 3097 4286 meisimposuit’lutum
3129 4215 3326 4274 oculis,
3358 4211 3494 4266 Ocu-

1905 4313 1990 4366 los
2041 4318 2098 4365 et
2145 4309 2418 4380 signavit;
2471 4324 2574 4379 ego
2631 4317 2812 4362 autem
2865 4308 2934 4362 ad
2986 4307 3227 4362 vicinum
3291 4306 3493 4359 fontem
3544 4325 3550 4332 -

1913 4403 2068 4474 Aqua
2094 4403 2266 4456 lutum
2303 4402 2473 4466 ablui,
2509 4411 2565 4456 et
2611 4409 2697 4457 sto
2729 4417 2877 4455 nunc
2911 4401 3122 4455 videns.
3162 4398 3228 4452 16
3257 4398 3322 4450 Ει
3353 4397 3492 4450 ἱειιὶ-

1902 4495 1958 4548 di
2009 4494 2231 4565 quidam
2288 4494 2548 4549 dixerunt
2599 4493 2996 4562 impudentiam
3051 4493 3478 4548 Pharisaeorum:

1903 4583 2024 4638 Non
2062 4600 2130 4640 ex
2160 4583 2271 4639 Deo
2300 4592 2385 4640 est
2412 4584 2524 4650 hic,
2549 4583 2645 4653 qui
2677 4597 2889 4637 sacram
2927 4583 3100 4654 legem
3138 4581 3492 4637 conculcans.

1421 4720 1701 4776 TEXTUS
1743 4720 2273 4778 EVANGELISTIE.

291 4861 324 4914 8
363 4862 427 4915 Οἱ
451 4856 544 4914 οὖν
574 4862 810 4928 γείτονες
841 4866 934 4916 καὶ
962 4867 1012 4917 οἱ
1035 4865 1367 4938 θεωροῦντες
1394 4867 1556 4920 αὐτὸν
1580 4867 1640 4920 τὸ
1660 4866 1796 4938 πρό-
1829 4869 1874 4927 D
1904 4867 2019 4919 Οὐκ
2045 4861 2184 4919 οἶδα.

187 4973 191 4977 -
222 4958 375 5014 τερον
407 4947 488 4998 ὅτι
528 4945 725 5014 τυφλὸς
757 4943 844 5017 ἦν,
875 4947 1088 5017 ἔλεγον·
1121 4951 1242 5020 Ούχ,
1266 4946 1419 5016 οὗτός
1441 4952 1589 5005 ἐστιν
1609 4952 1637 5004 ὁ
1659 4951 1792 5005 καθ-

223 5025 422 5097 ήμενος
451 5027 545 5081 καὶ
569 5031 911 5099 προσαιτὼν;

292 5109 324 5164 9
365 5111 546 5165 Ι’Δλλοι
580 5112 764 5182 ἔλεγον
783 5131 796 5144 ο
833 5115 954 5166 ’Ὁτι
986 5108 1139 5178 οὗτός
1168 5116 1316 5168 ἐστιν
1336 5132 1349 5145 ’
1380 5115 1527 5170 ἄλλοι
1549 5117 1606 5170 δέ
1627 5134 1640 5146 ·
1676 5117 1797 5168 Ὅτι

224 5191 402 5261 ὅμοιος
434 5196 584 5267 αύτῷ
623 5197 1041 5259 ἐστιν.Ἑκεῖνος
1075 5197 1258 5266 ἔλεγεν
1280 5214 1291 5226 ·
1333 5198 1455 5251 Ὅτι
1480 5201 1590 5267 ἐγώ
1624 5201 1757 5268 εἰμι.

293 5277 358 5330 10
397 5278 619 5348 Ἔλεγον
665 5276 758 5335 οὖν
799 5279 979 5350 αὐτῷ·
1040 5280 1165 5344 Πῶς
1219 5280 1570 5354 ἀνεῴχθησαν
1619 5301 1700 5336 σοι
1749 5284 1799 5336 οἱ

224 5357 486 5432 ὀφθαλμοί
512 5379 527 5428 ;

296 5443 354 5498 11
403 5446 700 5519 Ἀπεκρίθη
732 5447 938 5509 ἐκεῖνος
969 5447 1061 5499 καὶ
1088 5441 1270 5500 εἶπενο
1305 5446 1622 5517 Ἀνθρωπος
1647 5448 1803 5516 λεγόν

229 5541 382 5595 μενος
420 5530 625 5602 Ἰησοῦς
678 5531 847 5601 πηλὸν
874 5531 1117 5600 ἐποίησε,
1147 5530 1240 5583 καὶ
1270 5529 1526 5600 ἐπέχρισέ
1552 5548 1651 5601 μου
1678 5534 1799 5596 τοὺς,

225 5607 550 5682 ὀφθαλμοὺς,
576 5614 669 5667 καὶ
690 5611 813 5667 εἶπέ
869 5630 988 5684 μοι’
1027 5614 1245 5681 ’Ύπαγε
1294 5613 1371 5675 είς
1397 5611 1496 5683 τὴν
1524 5613 1800 5686 κολυμϐή-

228 5687 358 5762 θραν
383 5695 478 5748 τοῦ
511 5696 754 5768 Σιλωὰμ,
789 5699 883 5752 καὶ
910 5697 1081 5766 νίψαι.
1135 5694 1410 5749 ’Λπελθὼν
1439 5696 1496 5749 δὲ
1529 5697 1624 5751 καὶ
1645 5697 1801 5766 νιψά-

233 5789 401 5841 μενος,
432 5779 724 5848 ἀνέϐλεψα.

300 5859 359 5912 :2
383 5859 550 5919 Εἶπον
588 5860 680 5920 οὖν
728 5864 907 5938 αὐτῷ’
965 5864 1075 5919 Ποῦ
1125 5865 1274 5919 ἐστιν
1322 5866 1557 5933 ἐκεῖνοςῑ
1597 5865 1796 5937 Λέγει·

1975 4961 2043 5014 {3
2076 4961 2336 5027 Ἀγουσιν
2362 4958 2524 5012 αὐτὸν
2552 4957 2688 5032 πρὸς
2719 4957 2846 5018 τοὺς
2867 4954 3217 5027 Φαρισαίους,
3241 4954 3333 5008 τόν
3364 4973 3487 5012 ποτε

1903 5043 2122 5113 τυφλόν.
2870 5041 2881 5053 ’
3045 5059 3049 5064 ·

1978 5147 2046 5200 M-
2074 5141 2182 5198 ’Ἢν
2211 5146 2269 5198 δὲ
2304 5145 2574 5199 σάϐϐατον
2600 5145 2689 5198 ὅτε
2716 5145 2807 5198 τὸν
2836 5143 3004 5214 πηλὸν
3037 5141 3293 5213 ἐποίησεν
3325 5144 3354 5194 ὁ
3388 5144 3493 5214 Ίη-

1906 5231 2055 5295 σοῦς,
2093 5229 2185 5282 καὶ
2218 5228 2454 5299 ἀνέῳξεν
2485 5228 2650 5282 αὐτοῦ
2689 5229 2811 5291 τοὺς
2840 5226 3173 5297 ὀφθαλμούς.

1981 5334 2048 5388 15
2088 5333 2255 5388 Πάλιν
2282 5329 2374 5386 οὖν
2400 5333 2630 5405 ἠρώτων
2667 5333 2827 5386 αὐτὸν
2861 5334 2954 5386 καὶ
2981 5334 3027 5386 οί
3063 5317 3343 5400 Φαρισαῖοι
3377 5328 3488 5392 πῶς

1909 5417 2222 5486 ἀνέϐλεψεν.
2281 5416 2336 5469 '0
2366 5416 2421 5468 δέ
2453 5412 2606 5468 εἶπεν
2633 5417 2842 5478 αὐτοῖς·
2903 5415 3077 5484 Πηλὸν
3108 5414 3373 5482 ἐπέθηκεν
3398 5409 3488 5462 ἐπὶ

1909 5503 2033 5564 τοὶς
2066 5498 2376 5570 ὀφθαλμούς
2411 5517 2536 5570 μου,
2578 5499 2671 5552 καὶ
2700 5499 2991 5569 ἐνιψάμην,
3025 5497 3116 5548 καὶ
3147 5495 3346 5565 βλέπω.

1978 5617 2044 5670 16
2076 5615 2302 5683 Ἔλεγον
2331 5610 2425 5668 οὖν
2465 5617 2530 5668 ὲκ
2563 5615 2670 5668 τῶν
2697 5611 3005 5684 Φαρισαίων
3035 5608 3178 5670 τινές
3199 5626 3210 5637 ·
3263 5600 3430 5670 Οὗτος
3458 5608 3488 5660 ό

1906 5695 2192 5772 ἅνθρωπος
2231 5700 2332 5752 οὐκ
2360 5698 2473 5751 ἔστι
2510 5697 2660 5767 παρὰ
2697 5696 2790 5748 τοῦ
2823 5692 2980 5757 Θεοῦ,
3016 5693 3097 5745 ὅτι
3122 5691 3180 5743 τὸ
3221 5689 3487 5746 σάϐϐατον

1906 5786 1965 5837 ού
2017 5787 2192 5855 τηρεῖ.
2244 5783 2424 5838 Ἄλλοι
2469 5776 2692 5846 ἔλεγονο
2755 5776 2880 5837 Πῶς
2917 5775 3138 5828 δύναται
3204 5773 3488 5844 ἄνθρωπος

1907 5868 2229 5942 ἁμαρτωλὸς
2255 5864 2475 5918 τοιαῦτα
2507 5862 2706 5931 σημεῖα
2739 5861 2937 5924 ποιεῖν,
