3900 6216
426 456 531 514 821

1672 444 1880 501 NONM
1920 445 2427 504 PANOPOLITAM

3595 452 3706 508 εει

429 569 548 626 Non
575 582 798 624 cursum
845 562 1032 619 otiosa:
1076 568 1259 617 servat
1298 561 1590 632 septimum
1623 575 1854 616 aurorae.
1895 560 2003 616 Alii

2133 565 2180 617 )z'i
2207 565 2404 641 δρόμον
2432 563 2740 635 ἀπρήκτοιο
2768 560 3101 630 φυλάσσεται
3125 560 3353 632 ἕϐδομον
3381 559 3494 629 ﬁcii;
3516 604 3528 613 .

428 668 608 717 autem
637 667 828 713 contra
881 660 1188 710 sonuerunt
1234 651 1616 708 consentiente
1669 664 1702 703 a
1746 658 2000 720 gutture:

428 749 720 818 Quomodo
769 753 946 815 potest
979 745 1095 800 haec
1126 744 1319 798 omnia.
1340 742 1492 804 varia
1523 740 1788 795 miracula
1825 738 2006 796 facere

432 841 676 897 Mortalis
697 839 783 894 vir
812 848 868 893 et
903 835 1199 907 peccator?
1227 833 1572 891 Contentiosi
1606 840 1789 888 autem
1819 832 2004 902 populi

430 931 691 986 Bifariau
722 927 907 992 divisi,
942 926 1141 997 duplex
1165 926 1448 995 strepebat
1472 939 1680 990 sonus;
1713 922 1778 976 Et
1803 923 2007 977 multus

428 1032 821 1080 eontroversus
845 1030 965 1077 erat
1008 1020 1300 1077 tumultus.
1353 1019 1417 1071 17
1454 1016 1591 1073 Viro
1638 1025 1820 1071 autem
1863 1029 2009 1071 caeco

428 1116 634 1171 Omnes
662 1114 959 1169 dixerunt:
992 1110 1075 1165 Tu
1107 1118 1290 1164 autem
1322 1118 1508 1164 mente
1536 1107 1605 1163 de
1637 1108 1760 1178 ipso
1782 1106 2008 1173 Qualem

429 1205 757 1262 sententiam
788 1203 997 1258 habes?
1028 1200 1177 1272 quod
1201 1198 1472 1270 judicium
1496 1198 1775 1269 proferes?
1798 1196 2009 1253 Recens

428 1298 619 1354 videns
648 1304 832 1350 autem
848 1295 1212 1348 inconcussus
1235 1293 1316 1347 vir
1334 1292 1577 1348 credenti
1594 1305 1844 1346 sermone
1870 1289 2013 1343 Dixit

429 1390 632 1453 audax,
664 1388 811 1459 quod
838 1387 1059 1442 divinus
1087 1396 1172 1440 est
1215 1384 1498 1456 propheta.
1538 1383 1700 1454 106
1733 1382 1800 1437 18
1831 1380 2013 1451 Popu-

431 1484 521 1538 lus
550 1489 733 1536 autem
762 1494 873 1534 non
897 1477 1128 1533 credidit
1158 1491 1300 1532 verae
1324 1476 1425 1531 viri
1454 1477 1575 1531 voci
1602 1474 1703 1541 Qui
1736 1472 2011 1544 quondam

431 1586 610 1629 cacus
637 1578 775 1637 erat,
812 1579 866 1625 et
906 1569 1112 1639 recepit
1150 1568 1328 1623 lucem
1359 1566 1557 1630 oculis,
1584 1565 1700 1620 Nisi
1737 1565 1889 1635 prius
1918 1578 2014 1618 vo-

431 1672 655 1722 cassent
697 1661 967 1717 increduli
999 1659 1289 1731 pontifices
1324 1656 1442 1712 Viri
1479 1657 1575 1727 qui
1601 1658 1780 1711 visum
1810 1654 2015 1724 recepit

432 1757 672 1812 scientes
695 1760 967 1824 parentes.
999 1749 1067 1805 i9
1102 1748 1376 1819 Utrosque
1393 1757 1576 1803 autem
1606 1749 2016 1819 interrogabant

437 1842 623 1897 invido
655 1841 894 1910 quodam
928 1851 1219 1893 sermone:
1264 1834 1530 1892 Vesterne
1582 1836 1727 1893 filius
1771 1836 1862 1891 hic
1903 1842 2011 1897 est,

2112 657 2290 710 Ἀλλοι
2320 656 2363 708 δ’
2387 654 2724 725 ἀντιάχησαν
2750 652 3251 724 ὁμοφθόγγωνάπδ
3279 650 3494 722 λαιμῶν
3516 668 3531 681 '

2108 748 2231 812 Πῶς
2260 747 2480 801 δύναται
2505 745 2630 799 τάδε
2664 744 2845 798 πάντα
2877 744 3194 815 πολύτροπα
3209 743 3464 814 θαύματα
3481 748 3704 818 τεύχειν

2107 838 2310 909 eme;
2338 838 2479 908 ἀνὴρ
2509 838 2605 891 καὶ
2632 834 2877 908 ἀλιτρός;
2919 835 3278 907 ’Δμιλλητῆρι
3305 833 3363 888 δὲ
3394 834 3512 906 λαῷ

2107 928 2275 1001 Διχθά
2303 927 2643 1001 μεριζομένῳ
2667 925 3014 1000 διδυμόθροος
3041 925 3273 997 ἐϐρεμεν
3302 925 3449 996 ήχώο

2109 1022 2221 1075 Καὶ
2238 1020 2402 1085 πολὺς
2417 1020 2759 1092 ἀμφήριστος
2776 1019 2870 1091 έην
2887 1018 3096 1082 κλόνος.
3138 1017 3206 1072 17
3245 1016 3425 1088 ’Δνδρὶ
3438 1015 3495 1069 δὲ
3512 1014 3705 1086 τυφλῷ

2110 1115 2318 1178 Πάντες
2345 1113 2687 1185 ἐμυθήσαντο
2705 1128 2719 1143 ο
2758 1112 2834 1165 Σὺ
2864 1111 2922 1164 δὲ
2951 1109 3144 1182 φρεσὶν
3172 1108 3356 1163 εἵνεκα
3389 1107 3570 1161 κείνου

2112 1206 2280 1277 Ποίην
2312 1206 2472 1276 μῆτιν
2496 1204 2676 1276 έχεις;
2701 1203 2823 1257 τίνα
2855 1201 3104 1274 μοι,τίνα
3133 1200 3297 1272 μῆτιν
3323 1198 3556 1269 ἐνίψεις;

2128 1296 2418 1369 Ἀρτιφαὴς
2449 1295 2492 1350 δ’
2513 1294 2769 1366 ἀδόνητος
2796 1293 2937 1365 ἀνὴρ
2963 1292 3254 1364 πειθήμονι
3286 1291 3441 1363 μύθῳ

2117 1390 2346 1443 Ἔννεπε
2377 1387 2655 1458 τολμήεις,
2680 1387 2762 1441 ὅτι
2788 1384 3042 1449 θέσκελός
3069 1385 3185 1437 ἐστι
3213 1384 3521 1454 προφήτης.

2119 1481 2274 1552 107
2309 1480 2375 1534 i8
2398 1479 2533 1533 Aaot
2553 1478 2597 1531 δ’
2631 1479 2732 1532 οὐκ
2756 1475 3023 1549 ἐπίθησαν
3055 1474 3245 1547 ἀληθέῖ
3275 1474 3450 1545 φωτὸς
3482 1477 3579 1545 ἰωῇ

2118 1574 2217 1635 Ὃς
2244 1588 2375 1625 ποτε
2403 1570 2602 1640 τυφλὸς
2629 1569 2748 1640 ἔην,
2780 1569 2876 1622 καὶ
2900 1567 3121 1635 ἐδέξατο
3142 1567 3344 1637 φέγγος
3370 1566 3649 1627 ὀπωπαῖς.

2117 1664 2179 1717 Ei
2217 1662 2290 1734 μή
2328 1662 2521 1735 πρῶτα
2559 1660 2828 1715 κάλεσσαν
2856 1657 3110 1721 ἀπειθέες
3138 1655 3432 1729 ἀρχιερῆες

2130 1756 2346 1827 Ἀνδρδς
2372 1753 2775 1823 ἀναϐλέψαντος
2813 1750 3215 1821 ἐπισταμένους
3242 1750 3561 1819 γενετῆρας.

2121 1847 2186 1903 19
2223 1846 2589 1918 Ἀμφοτέρους
2608 1844 2654 1897 δ’
2678 1842 2888 1914 εἴροντο
2923 1840 3213 1913 βαρυζήλῳ
3234 1840 3343 1893 τινὶ
3375 1839 3557 1909 μύθῳ·

421 1947 597 2008 quem
646 1931 907 1985 dixerunt
933 1929 1087 1984 cives
1129 1927 1204 1982 Ex
1242 1935 1400 1983 utero
1429 1927 1575 1998 quod
1611 1941 1791 1983 caecus
1829 1942 2016 1998 reger-

2133 1905 2368 2010 Ὑμείων
2395 1905 2523 2002 παῖς
2551 1905 2820 1999 οὗτος,’ὂν
2843 1905 3422 2004 ἐφθέγξαντσπολίται

434 2023 663 2079 minavit
691 2020 996 2092 parientis?
1039 2020 1103 2075 Et
1158 2020 1302 2077 unde
1329 2036 1455 2076 sero
1488 2019 1783 2091 perfectam
1813 2019 2023 2090 recepit

433 2117 608 2170 lucem
631 2113 849 2169 oculis?
882 2113 954 2166 20
992 2110 1058 2166 Et
1102 2121 1306 2168 metum
1353 2111 1724 2182 parturientes
1776 2119 2013 2166 mentem

432 2207 795 2277 reprimentes
855 2205 1213 2274 deceptores,
1288 2203 1609 2260 Sermonem
1679 2202 2022 2258 occultantes

433 2300 691 2355 dixerunt
711 2307 964 2368 parentes
989 2313 1005 2353 ;
1039 2296 1256 2352 Scimus
1282 2295 1429 2365 quod
1462 2294 1626 2349 homo
1648 2293 1738 2349 hic
1760 2294 1853 2365 qui
1874 2308 2025 2348 rece-

436 2391 515 2461 pit
545 2390 828 2445 oeulorum
871 2386 1214 2458 splendorem
1262 2385 1460 2441 Noster
1514 2394 1601 2440 est
1645 2384 1791 2439 filius
1821 2399 2020 2449 verus;

436 2481 532 2537 sed
554 2489 610 2536 et
641 2481 748 2550 ipsi
797 2478 1015 2534 Scimus
1045 2493 1146 2534 sua
1177 2492 1208 2531 a
1235 2486 1415 2533 matre
1440 2477 1587 2547 quod
1629 2475 1812 2531 infans
1849 2475 1908 2530 in
1936 2475 2023 2529 lu-

437 2588 555 2628 cem
595 2589 787 2642 repens
814 2572 1008 2626 Caecus
1046 2580 1183 2636 erat,
1222 2571 1307 2625 lac
1349 2571 1592 2626 nondum
1626 2578 1882 2642 gustaris,
1918 2570 2018 2624 ad-

438 2665 547 2719 huc
571 2664 788 2734 spirans
810 2670 1046 2733 partum.
1070 2661 1135 2715 2i
1169 2662 1454 2728 Quomodo
1479 2675 1659 2717 autem
1690 2662 1738 2717 ei
1768 2663 2023 2731 utrinque

440 2754 700 2826 perforati
723 2756 896 2825 aperti
923 2755 1034 2809 sint
1055 2755 1224 2819 oculi,
1259 2753 1324 2808 Et
1349 2754 1475 2824 quis
1507 2753 1867 2809 obscurorum
1890 2768 2022 2806 ocu-

438 2848 613 2902 lorum
650 2847 999 2916 dissipaverit
1045 2847 1356 2917 caliginem,
1392 2844 1501 2901 Nos
1527 2844 1810 2900 nescimus
1846 2843 2022 2898 incul-

438 2938 584 3007 pati:
624 2937 990 3008 propinquum
1042 2945 1225 2992 autem
1266 2934 1539 2991 Seientem
1573 2934 1743 2989 lilium
1786 2934 2024 2989 interro-

439 3037 567 3099 gate
593 3029 663 3084 de
701 3029 788 3085 his
821 3044 943 3098 qua:
978 3028 1232 3083 nesciunt
1262 3032 1538 3097 parentes.
1571 3023 1693 3080 Non
1721 3032 1806 3081 est
1837 3023 2021 3080 infans

439 3118 532 3173 hic
553 3118 759 3173 habens
784 3119 1043 3188 puerilem
1069 3117 1432 3188 pubertatem:
1455 3113 1576 3170 Non
1598 3130 1734 3170 voce
1757 3115 1861 3169 alia
1881 3130 2021 3185 opus

436 3211 602 3266 habet
648 3228 662 3264 :
698 3211 766 3265 de
796 3226 856 3265 se
892 3210 1036 3264 enim
1082 3208 1296 3263 Recens
1329 3207 1529 3263 ﬂorens
1557 3206 1775 3276 juvenis
1807 3206 1900 3261 hic
1928 3220 2020 3260 ve-

438 3318 561 3357 rum
602 3316 910 3357 sermonem
967 3301 1146 3364 dicet,
1197 3298 1347 3356 Fidei
1407 3313 1696 3355 mensuras
1746 3296 2021 3368 perfectas

438 3392 629 3447 ferens
663 3391 1025 3447 recrescentis
1054 3391 1382 3460 pubertatis.
1416 3390 1488 3443 22
1516 3389 1668 3443 Talia
1698 3397 1845 3443 metu
1868 3388 2024 3443 dolo-

438 3484 487 3537 si
524 3483 781 3538 dixerunt
808 3491 1083 3554 parentes,
1116 3481 1391 3536 Timorem
1420 3480 1732 3536 Judteorum
1752 3480 2020 3535 vitantes:

438 3572 778 3628 insanientes
809 3574 957 3628 enim
988 3571 1188 3627 Contra
1224 3571 1528 3636 Christum,
1557 3571 1733 3625 zelum
1759 3570 2025 3640 habentes

439 3664 789 3717 inimitabilia
824 3670 1048 3734 propter
1102 3677 1292 3732 opera,
1338 3660 1543 3718 Foedus
1590 3662 2025 3733 pronuntiarunt

439 3754 541 3812 toti
581 3754 803 3810 credulo
834 3755 1055 3826 populo,
1087 3752 1158 3809 Ut
1187 3754 1366 3825 ipsum
1395 3759 1493 3826 qui
1523 3754 1795 3825 receperit
1835 3763 2020 3809 mente

439 3857 496 3902 et
526 3847 803 3902 Christum
837 3846 1062 3911 dixerit,
1098 3844 1217 3901 Non
1247 3847 1486 3901 divinam
1534 3848 1769 3917 attingat
1817 3846 1874 3901 in
1919 3861 2025 3918 qua

440 3939 594 3994 Deus
634 3939 922 3994 invocatur
959 3940 1206 3995 domum.
1236 3939 1309 3995 23
1343 3938 1495 3995 Unde
1533 3939 1740 3995 Judaeis
1771 3939 2026 3995 dixerunt

438 4038 696 4100 parentes
725 4049 739 4086 :
770 4030 1043 4087 Seientem
1067 4033 1239 4088 filium
1277 4032 1630 4104 interrogate,
1663 4039 1717 4087 et
1746 4048 1856 4087 non
1885 4047 2025 4103 opus

434 4130 522 4178 est
551 4125 913 4193 parentibus:
950 4126 1119 4183 Vobis
1159 4140 1290 4181 vero
1320 4126 1788 4195 interrOgantibus
1826 4126 2027 4196 poterit

439 4215 531 4270 hic
567 4217 771 4280 dicere,
823 4216 1105 4275 Perfectas
1154 4234 1443 4275 mensuras
1501 4217 1766 4273 ferentem
1817 4217 2027 4272 habens

440 4309 812 4377 praegrandem
842 4310 1209 4379 pubertatem.
1237 4311 1301 4364 Et
1335 4321 1494 4381 pater
1523 4309 1653 4365 caeci
1685 4308 1906 4364 miscuit
1933 4308 2029 4363 ad-

440 4399 721 4453 mirationi
749 4415 935 4454 vocem
969 4399 1177 4470 Lingua
1209 4402 1537 4462 occultante,
1577 4415 1645 4455 ne
1677 4399 1893 4453 hostilis
1910 4413 2028 4453 etn-

442 4501 530 4547 tus
561 4493 795 4556 audiret,
829 4493 991 4562 108
1030 4491 1154 4547 Filii
1207 4493 1399 4550 videns
1434 4509 1635 4549 novum
1686 4494 1863 4548 visum
1907 4493 2027 4562 pul-

440 4582 592 4638 chris
631 4584 806 4638 oculis
836 4584 1074 4653 praedita:
1110 4583 1291 4640 faciei.

500 4675 573 4731 ει
625 4673 813 4730 Virum
866 4685 1047 4733 autem
1082 4677 1175 4748 qui
1235 4692 1407 4749 vagus
1447 4687 1567 4731 erat
1604 4691 1783 4733 caecus
1822 4677 2014 4746 viator,

2134 2031 2232 2085 Ἐκ
2255 2030 2497 2100 λαγόνων
2521 2030 2604 2083 ὅτι
2636 2026 2836 2097 τυφλὸς
2859 2025 3230 2097 ἀνεϐλάστησε
3256 2022 3524 2093 τεκούσης
3542 2040 3567 2087 ς

2125 2125 2238 2178 Καὶ
2270 2122 2436 2176 πόθεν
2459 2120 2805 2191 ὀψιτέλεστον
2829 2118 3049 2183 ἐδέξατο
3078 2116 3280 2186 φέγγος
3312 2116 3585 2191 ὁπωπαῖς;

2123 2215 2195 2271 20
2222 2215 2329 2268 Καὶ
2357 2212 2522 2283 φόϐον
2549 2211 2832 2273 ὼδίνοντες
2861 2207 3153 2279 ἐχέφρονες
3178 2204 3493 2277 ἠπεροπῆες

2124 2306 2308 2361 Μῦθον
2329 2304 2755 2367 ὑποκλέπτοντες
2780 2299 3122 2373 ἐμυθήσαντο
3148 2297 3345 2368 τοκῆες
3366 2314 3383 2327 ·

2128 2397 2307 2468 Ἴδμεν
2334 2397 2417 2450 ὅτι
2441 2395 2631 2467 βροτὸς
2655 2387 2808 2456 οὗτος
2831 2392 2891 2455 ὃς
2920 2390 3141 2462 ἔλλαχεν
3166 2389 3414 2460 ὄμματος
3440 2385 3641 2456 αἴγλην

2135 2488 2373 2559 Ἥμείων
2406 2484 2758 2557 πέλε,κοῦρο;
2787 2484 3088 2555 ἐτήτυμος
3123 2478 3259 2533 ἀλλά
3289 2479 3386 2533 καὶ
3413 2478 3563 2531 αὐτοὶ

2126 2580 2309 2651 Ἰδμεν
2334 2581 2431 2650 ἑῆς
2449 2578 2559 2633 ἀπὸ
2591 2576 2795 2650 μητρὸς
2821 2577 2903 2629 ὅτι
2932 2573 3131 2646 βρέφος
3158 2573 3240 2635 είς
3275 2571 3409 2640 φάος
3434 2563 3621 2641 ἐρπων

2125 2671 2336 2741 Τυφλδς
2359 2670 2474 2741 ἔην,
2498 2668 2830 2739 ἀγάλακτος,
2857 2668 2938 2721 ἔτι
2972 2665 3171 2721 πνείων
3195 2665 3454 2723 τοκετοῖο.

2121 2765 2182 2819 2|
2218 2762 2347 2826 Πῶς
2375 2762 2432 2815 δέ
2457 2762 2506 2814 oi
2535 2759 2880 2831 ἀμφιτρῆτες
2901 2756 3249 2828 ἀνωϊχθησαν
3274 2752 3514 2817 ὁπωπαὶ,

2126 2855 2235 2909 Καὶ
2259 2853 2347 2917 τίς
2366 2851 2693 2921 ἀφωτίστων
2725 2849 3012 2921 βλεφάρων
3039 2847 3333 2902 ἐκέδασσεν
3364 2843 3611 2916 ὁμίχλην,

2136 2945 2329 3016 Ἡμεῖς
2352 2944 2453 2998 οὐκ
2475 2943 2715 3014 ἐδάημεν
2742 2939 3046 3013 ἀμεμφέες.
3093 2937 3394 3009 ’Δγχιφανῆ
3427 2936 3484 2989 δέ

2126 3035 2347 3104 Ἴδμονα
2375 3031 2573 3103 κοῦρον
2606 3028 2797 3101 ἔρεσθε
2829 3028 2898 3083 τά
2935 3026 3010 3101 μὴ
3037 3026 3255 3081 δεδάασι
3284 3025 3477 3093 τοκῆες
3499 3039 3513 3049 ·

2123 3128 2198 3182 Ού
2226 3126 2354 3179 πέλε
2374 3126 2568 3197 νήπιος
2587 3115 2760 3185 οὗτος,
2792 3110 2934 3192 ἔχων
2957 3118 3208 3191 παιδήῖον
3235 3117 3377 3189 ήϐην
3394 3133 3408 3147 ·

2046 3250 2089 3307 c
2123 3221 2199 3274 Οὐ
2239 3217 2481 3289 φθογγῆς
2514 3215 2707 3307 ἑτέρης
2733 3211 3077 3266 ἐπιδεύεταιθ
3104 3209 3248 3307 ἀμφὶ
3276 3208 3398 3307 ἕθεν
3427 3207 3533 3278 γὰρ

2135 3308 2457 3381 Ἀρτιθαλὴς
2494 3307 2613 3369 νέος
2641 3298 2795 3367 οὗτος
2822 3301 3030 3372 ἀληθέα
3067 3299 3237 3372 μῦθον
3261 3298 3461 3369 ἐνίψει,

2124 3400 2332 3472 Πιστῆς
2360 3399 2537 3471 μέτρα
2563 3395 2747 3451 τέλεια
2775 3395 2957 3467 φέρων
2990 3390 3346 3455 παλιναυξέος
3374 3388 3533 3461 ἥϐης.

2121 3492 2194 3546 22
2215 3493 2346 3546 Τοῖα
2385 3491 2534 3560 φόϐῳ
2557 3488 2829 3550 δολόεντες
2854 3482 3264 3555 ἐπεφθέγξαντο
3282 3481 3496 3551 τοκῆες,

2123 3582 2337 3655 Τάρϐος
2371 3581 2638 3636 Ἰουδαίων
2667 3576 3104 3649 πεφυλαγμένον
3131 3574 3446 3646 αἱνομανεῖς
3475 3569 3578 3641 γὰρ

2123 3671 2362 3747 Χριστοῦ
2391 3671 2552 3743 ζῆλον
2584 3671 2805 3743 ἔχοντες
2832 3669 3125 3741 ἀμιμήτων
3158 3666 3320 3738 χάριν
3347 3663 3539 3735 ἔργων.

2124 3765 2421 3836 Συνθεσίην
2455 3763 2701 3836 κήρυξαν
2733 3762 2840 3833 ὅλῳ
2877 3760 3167 3832 πειθήμονι
3194 3756 3333 3830 λαῷ,

2128 3860 2314 3930 “eam
2344 3872 2436 3929 μιν
2463 3857 2522 3920 ὃς
2554 3856 2768 3920 δέξαιτο
2796 3854 2902 3926 νόῳ
2933 3854 3030 3908 καὶ
3052 3851 3286 3924 Χριστὸν
3318 3849 3501 3922 ἐνίψῃν

2125 3950 2216 4021 Μὴ
2240 3948 2435 4012 ζαθέου
2466 3946 2695 4018 ψαύσειε
2717 3946 3030 4018 θεοκλήτοιο
3065 3943 3358 4016 μελάθρου.

2123 4040 2195 4094 23
2219 4032 2295 4093 Οὖ
2319 4040 2480 4111 χάριν
2522 4036 2852 4109 Ἑϐραίοισιν
2878 4034 3224 4107 ἐμυθήσαντο
3257 4034 3451 4104 τοκῆες
3478 4048 3495 4063 ·

2129 4129 2349 4200 Ἴδμονα
2371 4128 2468 4183 κοῦ
2478 4144 2569 4200 ρον
2595 4126 2809 4199 ἔρεσθε,
2843 4125 2939 4181 καὶ
2961 4126 3024 4178 ού
3054 4124 3215 4196 χρέος
3242 4125 3360 4177 ἐστὶ
3390 4123 3594 4193 τοκήων
3615 4136 3631 4151 ⁸

2138 4222 2295 4292 Ὑμῖν
2323 4221 2367 4275 δ’
2401 4216 2727 4293 εἰρομένοισι
2753 4219 3042 4290 δυνήσεται
3069 4210 3225 4282 οὗτος
3258 4216 3462 4287 ἐνίψαι,

2132 4315 2327 4387 Ἀρτια
2352 4313 2529 4384 μέτρα
2558 4312 2831 4384 φέρουσαν
2853 4313 2994 4383 έχων
3023 4313 3393 4384 περιμήκετον
3417 4307 3574 4380 ἥϐην.

2127 4405 2238 4458 Κολ-
2263 4403 2489 4475 γενέτης
2521 4402 2706 4457 ἀλαοῖο
2733 4403 3005 4474 κεράσατο
3038 4401 3294 4473 θαύματα
3316 4398 3507 4469 φωνήν

2127 4494 2357 4568 Γλώσσῃ
2381 4495 2710 4566 κρυπταδίῃ.
2741 4494 2816 4566 μή
2841 4495 2991 4567 δήῖος
3017 4493 3189 4565 ἐσμὸς
3215 4490 3447 4561 ἀκούσῃ,

2054 4599 2095 4654 n
2129 4586 2288 4657 109
2316 4585 2513 4649 Παιδὸς
2547 4584 2671 4640 ίδὼν
2700 4586 2819 4640 νέον
2862 4585 3018 4658 θμμα
3052 4584 3365 4656 βοογλήνοιο
3394 4579 3700 4652 προσώπου.

2195 4678 2267 4734 24
2304 4678 2501 4750 Ἀνέρα
2533 4677 2578 4732 δ’
2601 4677 2662 4743 ὃς
2687 4679 2998 4751 περίφοιτος
3024 4676 3119 4750 ἐην
3143 4673 3397 4740 ἀλαωπὺς
3422 4675 3597 4744 ὁδίτης

1642 4794 1924 4851 TEXTUS
1965 4795 2503 4853 EVANGELISTIE.

514 4890 578 4945 Π
613 4890 724 4944 Καὶ
755 4889 960 4962 σχίσμα
1007 4885 1076 4962 ἦν
1114 4890 1173 4943 ἐν
1220 4889 1422 4953 αὐτοῖς.
1474 4889 1706 4954 Λέγουσι
1738 4888 1817 4961 τῷ
1844 4889 2030 4961 τυφλῷ

438 4973 634 5028 πάλινσ
666 4973 739 5026 Σὺ
764 4973 818 5025 τί
843 4973 1021 5042 λέγεις
1054 4972 1184 5044 περὶ
1210 4972 1396 5036 αὑτοῦ,
1432 4972 1514 5025 ὅτι
1554 4972 1726 5044 ήνοιξέ
1761 4990 1855 5025 σου
1901 4975 2029 5037 τοὺς

443 5054 750 5125 ἐφθαλμούς
776 5073 791 5120 ;
837 5054 897 5108 '0
929 5055 986 5107 δὲ
1020 5055 1173 5109 εἶπεν
1193 5073 1205 5085 ·
1247 5057 1368 5110 Ὀτι
1401 5057 1685 5127 προφήτης
1712 5055 1880 5111 ἐστίν.

513 5139 580 5192 18
608 5137 721 5191 Οὑκ
755 5137 1082 5191 ἐπίστευσαν
1115 5133 1207 5192 οῦν
1239 5139 1288 5192 0i
1323 5139 1568 5193 Ἰουδαῖοι
1597 5139 1724 5210 περὶ
1748 5137 1915 5193 αὐτοῦ
1942 5139 2024 5192 ὅτι

441 5220 638 5292 τυφλὸς
665 5216 734 5292 ἦν
772 5221 867 5274 καὶ
912 5220 1224 5291 ἀνέϐλεψεν,
1272 5220 1377 5287 ἐως
1419 5223 1543 5277 ὅτου
1573 5220 1861 5295 ἐφώνησαν
1894 5222 2023 5284 τοὺς

440 5307 621 5376 γονεῖς
647 5304 815 5359 ⁸αὑτοῦ
850 5303 944 5357 τοῦ
967 5304 1387 5376 ἀναϐλέψαντος.

516 5388 581 5443 19
618 5388 729 5442 Καὶ
760 5385 1054 5458 ἠρώτησαν
1086 5389 1303 5456 αὐτοὺς,
1339 5389 1588 5460 λέγοντες
1610 5407 1626 5422 ⁶
1681 5382 1851 5454 Οὗτός
1879 5389 2023 5441 ἐστιν

441 5476 470 5527 ὁ
498 5474 613 5538 υίὸς
645 5469 820 5543 ὑμῶν,
863 5469 920 5522 ὃν
955 5471 1112 5541 ὑμεῖς
1154 5472 1342 5543 λέγετε
1387 5476 1468 5528 ὃτι
1500 5472 1697 5544 τυφλὸς
1731 5470 2023 5543 ἐγεννήθης

445 5557 562 5621 πῶς
588 5552 681 5609 οὖν
711 5555 835 5625 ἄρτι
869 5551 1086 5622 βλέπεις

513 5639 586 5692 2O
614 5636 1020 5708 Ἀπεκρίθησαν
1044 5639 1229 5700 αὐτοῖς
1255 5639 1305 5692 oi
1329 5640 1506 5707 γονεῖς
1529 5636 1695 5691 αὐτοῦ
1724 5636 1817 5691 καὶ
1849 5633 2022 5691 εἷπον·

441 5719 677 5791 οῖίαμεν
705 5719 783 5773 ὅτε
814 5712 970 5784 οὗτός
998 5722 1146 5773 ἐστιν
1177 5724 1205 5775 ὁ
1235 5722 1349 5785 υίὸς
1380 5720 1555 5792 ἡμῶν,
1583 5722 1677 5775 καὶ
1707 5722 1788 5774 δτι
1821 5718 2017 5790 τυφλὸς

449 5802 732 5871 ἐγεννήθη.

521 5883 584 5936 ει
616 5883 741 5947 Πῶς
778 5883 833 5935 δέ
868 5882 962 5938 νῦν
991 5881 1201 5956 βλέπει,
1233 5888 1333 5941 οὐκ
1356 5885 1595 5958 οἴδαμεν,
1645 5886 1676 5958 ἢ
1715 5886 1791 5953 τίς
1820 5885 2027 5960 ήνοιξεν

2132 4888 2299 4943 αὐτοῦ
2338 4888 2466 4951 τοὺς
2511 4885 2847 4959 ὀφθαλμοὺς,
2889 4888 3053 4959 ἡμεῖς
3090 4885 3192 4939 οὐκ
3235 4885 3459 4955 οἴδαμεν
3482 4897 3500 4913 ⁸
3552 4882 3704 4945 αὐτὸς

2130 4970 2344 5041 ήλικίαν
2385 4971 2520 5041 ἔχει,
2562 4971 2733 5047 αὐτὸν*
2775 4972 3128 5043 ἐρωτήσατε’
3172 4969 3338 5033 αὐτὸς
3377 4967 3508 5040 περὶ
3545 4967 3700 5020 αὐτοῦ

2128 5054 2372 5126 λαλήσει.

2196 5159 2268 5214 22
2305 5156 2489 5213 Ταῦτα
2525 5153 2679 5213 εἷπον
2726 5160 2776 5213 οί
2822 5159 3002 5227 γονεῖς
3050 5153 3215 5212 αὑτοῦ
3239 5195 3254 5220 ,
3302 5154 3385 5207 ὅτι
3424 5151 3702 5221 ἐφοϐοῦντο

2129 5245 2254 5308 τοὺς
2296 5242 2612 5307 Ἰουδαίους·
2658 5242 2759 5314 ήδη
2793 5241 2902 5313 γὰρ
2948 5238 3316 5294 συνετέθειντο
3353 5237 3402 5290 oi
3450 5236 3699 5296 Ἰουδαῖοι,

2132 5330 2217 5383 ἵνα
2261 5328 2356 5382 ἐάν
2386 5344 2471 5391 τις
2511 5326 2673 5381 αὐτὸν
2719 5325 3027 5397 ὁμολογήσῃ
3068 5322 3324 5394 Χριστὸν,
3359 5318 3701 5389 ἀποσυνάγω-

2132 5431 2226 5482 γος
2256 5412 2499 5483 γένηται.
2746 5440 2762 5475 ι

2206 5516 2278 5571 25
2302 5515 2400 5569 Διά
2434 5513 2592 5568 τοῦτο
2620 5512 2669 5567 οί
2704 5515 2884 5583 γονεῖς
2910 5510 3075 5568 αὑτοῦ
3108 5508 3260 5566 εἷπον
3284 5527 3298 5541 ο
3345 5509 3467 5564 ’Ότι
3501 5507 3701 5582 ήλικίαν

2124 5600 2259 5671 ἔχει,
2290 5599 2455 5653 αὑτὸν
2483 5599 2819 5670 ἐρωτήσατε.

2193 5719 2264 5773 24
2324 5716 2641 5787 Ἐφώνησαν
2675 5711 2769 5770 οὖν
2801 5716 2866 5769 ἐκ
2904 5713 3159 5786 δευτέρου
3190 5712 3280 5765 τὸν
3321 5710 3602 5787 ἄνθρωπον
3634 5707 3703 5787 ᾗς

2124 5799 2191 5872 ἦν
2232 5802 2451 5871 τυφλὸς,
2504 5801 2598 5853 καὶ
2652 5795 2803 5852 εἶπον
2854 5798 3037 5868 αὐτῷ’
3101 5797 3201 5860 Δὸς
3238 5795 3397 5859 δόξαν
3434 5793 3512 5861 τῷ
3555 5783 3698 5855 Θεῷ·

2131 5889 2288 5959 ἡμεῖς
2312 5884 2529 5956 οἴδαμεν
2569 5885 2650 5939 ὅτι
2669 5885 2695 5939 ὁ
2722 5883 3004 5955 ἄνθρωπος
3032 5874 3184 5944 οὗτος
3207 5875 3528 5952 ἁμαρτωλός
3544 5876 3696 5949 ἐστιν.
