3900 6216
474 455 569 509 87'»!

477 644 638 704 Jesus
665 657 844 704 autem
879 649 1183 719 respondit:
1228 648 1294 705 Et
1333 652 1514 709 vidisti
1543 653 1721 724 ipsum
1758 656 1954 719 oculis,
1986 656 2054 710 Et

480 747 660 794 tecum
696 753 845 793 nunc
884 740 1115 809 loquens
1141 742 1263 811 ipse
1287 750 1392 798 est.
1419 742 1489 797 58
1515 742 1660 799 Dixit
1681 754 1735 801 et
1759 747 1908 815 ipse:
1947 747 2052 801 Do-

479 828 646 891 mine,
680 828 865 895 credo;
913 838 1188 901 caputque
1246 842 1404 888 terra:
1437 822 1754 902 admovens,
1782 836 1850 893 Et
1898 838 2046 909 pedi—

476 917 580 973 bus
619 920 1022 975 immortalibus
1052 930 1333 976 curvatam
1367 925 1633 980 cervicem
1655 924 2053 988 llectenmNiti-

473 1009 605 1065 dum
641 1012 870 1064 multum
899 1019 1255 1067 consutorum
1280 1015 1567 1085 amplexus
1594 1025 1677 1071 est
1703 1028 1912 1073 tarsum
1943 1022 2052 1075 cal-

475 1117 723 1157 ceorum.
756 1104 826 1158 59
851 1102 1013 1159 Jesus
1036 1113 1218 1159 autem
1254 1107 1557 1176 reSpondit,
1587 1109 1886 1178 sapientem
1934 1128 2051 1168 ser-

473 1207 690 1247 monem
722 1192 985 1247 audiens:
1018 1191 1075 1246 ln
1099 1193 1365 1259 judicium
1390 1196 1513 1249 veni
1535 1197 1589 1250 in
1621 1197 1764 1251 hunc
1790 1199 2052 1271 insipien—

473 1291 583 1338 tem
630 1284 891 1338 mundum
927 1293 1233 1350 errantem;
1273 1286 1332 1339 ln
1373 1284 1642 1356 judicium
1681 1289 1881 1359 duplex
1926 1294 2050 1346 veni

474 1372 764 1440 dissimile,
794 1383 853 1428 ut
882 1382 935 1429 et
965 1375 1068 1445 ipsi
1116 1376 1290 1430 Antea
1322 1389 1431 1429 non
1480 1375 1724 1434 Videntes
1758 1379 2051 1437 invisibilis

475 1463 650 1518 lucem
700 1480 932 1533 aurum,
968 1466 1107 1521 Caeci
1153 1467 1331 1522 visum
1386 1468 1654 1538 recipiant
1696 1471 2049 1540 inspicientes

474 1554 687 1617 oculis;
721 1556 892 1611 Arute
926 1565 1107 1612 autem
1154 1558 1400 1613 videntes
1437 1557 1570 1613 [lant
1624 1562 1773 1617 caeci.
1810 1562 1880 1617 40
1909 1562 2047 1639 l’ro-

471 1643 799 1716 pinquornm
827 1656 1005 1703 autem
1029 1647 1248 1712 Christo
1276 1642 1508 1719 populus
1536 1649 1668 1705 dixit
1703 1653 2047 1722 sequentium

470 1733 870 1792 Pharisaeormn
900 1756 912 1791 :
957 1737 1098 1792 Num
1141 1739 1458 1795 errantibus
1487 1741 1664 1797 oculis
1694 1744 1822 1798 caeci
1855 1759 2046 1801 sumus

468 1835 524 1880 et
549 1826 690 1880 nos?
715 1825 778 1879 41
807 1826 968 1884 Jesus
999 1836 1182 1884 autem
1212 1829 1371 1895 dixit,
1407 1830 1751 1887 incredulum
1782 1836 2043 1906 populum

1700 443 1887 500 NONN
1894 446 1910 501 ι
1946 436 2449 503 PANOPOLITANI
2852 502 2857 507 .

479 557 652 626 mine,
679 558 804 629 quis
833 566 918 614 est
959 558 1049 614 ille
1099 573 1262 629 quem
1290 560 1501 627 dixisti,
1538 570 1597 617 ut
1631 564 1929 623 honorem?
1979 567 2036 621 51

2154 565 2409 637 Κοίρανε,
2436 561 2520 626 τίς
2552 561 2710 614 πέλεν
2736 550 2893 623 οὗτος
2920 556 2980 614 ὃν
3009 557 3251 625 ἐννεπες,
3276 558 3423 631 ὄφρα
3449 558 3739 634 γεραίρω,

3639 439 3747 496 832

2149 657 2217 713 37
2253 655 2460 727 Ἰησοῦς
2478 654 2522 707 δ’
2547 653 2865 725 ἀπάμειπτο
2885 670 2899 683 ·
2933 652 3046 706 Καὶ
3071 652 3301 723 ἔδρακες
3323 652 3486 707 αὐτὸν
3511 652 3738 724 όπωπῇ,

2150 747 2260 801 Καί
2295 763 2379 801 σοι
2401 745 2494 800 νῦν
2526 743 2732 799 λαλέων
2754 742 2917 808 αὐτὸς
2944 743 3127 797 πέλεν.
3150 742 3220 799 58
3248 739 3385 796 Εἶπε
3414 743 3508 797 καί
3530 745 3696 805 αὑτός
3719 760 3738 779 ο

2150 838 2408 910 Κοίρανε,
2444 837 2688 891 πιστεύω
2712 853 2724 865 ⁸
2759 834 3003 904 κεφαλὴν
3033 834 3075 887 δ’
3105 834 3200 887 ἐπὶ
3227 837 3389 902 γαῖαν
3428 834 3676 905 ἐρείσας,

2148 930 2260 984 Καὶ
2291 929 2446 983 ποσὶν
2489 926 2812 999 ἀμϐροσίοις
2844 925 3213 998 κυρτούμενον
3242 925 3449 995 αύχένα
3482 925 3738 995 κάμψας.

2149 1020 2355 1092 Φαιδρά
2376 1017 2803 1091 πολλυρραφέων
2830 1015 3211 1087 προσπτύξατο
3233 1017 3412 1088 ταρσά
3438 1016 3699 1069 πεδίλων.

2147 1112 2216 1167 59
2252 1111 2455 1183 Ἰησοῦς
2489 1112 2533 1165 δ’
2561 1110 2877 1181 ἀπάμειπτο
2900 1109 3175 1180 σαόφρονα
3207 1107 3374 1177 μῦθον
3400 1108 3622 1161 ἀκσύων
3645 1125 3661 1137 ·

2149 1203 2244 1266 Είς
2281 1203 2458 1274 κρίμα
2485 1202 2674 1256 τοῦτον
2707 1201 2890 1256 ἵκανον
2922 1200 2982 1263 ὲς
3019 1200 3229 1269 ἄφρονα
3254 1199 3460 1270 κόσμον
3489 1198 3700 1270 ἀλήτην
3719 1217 3732 1231 ⁸

2150 1292 2245 1354 El;
2277 1292 2452 1363 κρίμα
2487 1291 2671 1345 δισσὸν
2706 1290 2837 1360 ἔϐην
2865 1290 3247 1361 ἑτερότροπον,
3276 1290 3422 1360 ὄφρα
3447 1290 3544 1343 καὶ
3579 1290 3742 1346 αὐτοὶ

2150 1381 2213 1433 Ol
2241 1378 2414 1451 πάρος
2442 1380 2543 1450 οὐχ
2573 1380 2838 1452 ὁρόωντες
2865 1379 3105 1451 άθηήτου
3131 1378 3268 1448 φάος
3298 1377 3452 1449 ὴοῦς,

2149 1472 2356 1542 Τυφλοὶ
2382 1472 2762 1541 ἀναϐλέψωσιν
2796 1471 3200 1543 ὲσαθρήσαντες
3234 1470 3483 1534 ὀπιυπαίς
3502 1487 3516 1500 ·

2162 1560 2450 1630 Ὀξυφαεῖς
2473 1560 2531 1614 δὲ
2556 1560 2821 1630 γένωνται
2844 1558 3157 1627 λιπαυγέες.
3204 1558 3275 1615 40
3310 1561 3657 1630 Ἀγχιπόρων
3678 1560 3731 1614 δὲ

2149 1650 2369 1723 Χριστῷ
2394 1651 2521 1718 λαὸς
2550 1651 2731 1706 ἔειπεν
2760 1650 3144 1723 ὲφεσπομένων
3171 1650 3481 1723 (Papinius
3501 1668 3517 1683 ι

2147 1728 2240 1816 Μὴ
2274 1744 2561 1817 σφαλεροϊς
2587 1744 2878 1816 βλεφάροις
2900 1743 3057 1797 ἀλαοὶ
3083 1744 3391 1814 γενόμεσθα
3411 1745 3505 1796 καὶ
3534 1746 3735 1815 ἡμεῖςς

2147 1834 2209 1887 41
2252 1832 2459 1905 Ἰησοῦς
2486 1834 2533 1887 δ’
2564 1834 2802 1904 όάριζεν,
2843 1832 3073 1886 ἀπειθέα
3096 1832 3221 1886 λαὸν
3250 1833 3483 1886 ἐνίπτων
3506 1850 3520 1862 ·

466 1919 803 1992 obiurgans:
833 1920 888 1976 Si
920 1924 1096 1994 caligo
1123 1924 1303 1977 vestri
1334 1924 1618 1980 ambiisset
1652 1926 1828 1982 lucem
1869 1929 2036 1996 visus,

2154 1925 2212 1978 El
2247 1924 2409 1995 ζόφος
2435 1924 2709 1997 ὑμετέρης
2736 1923 3091 1996 περιδέδρομε
3125 1923 3327 1992 φέγγος
3360 1924 3613 1995 ὀπωπῆς,

471 2008 579 2065 Vos
622 2013 828 2080 peccati
868 2014 1162 2071 inscientes
1216 2015 1479 2072 dixissem
1514 2032 1675 2085 esse;
1728 2016 1886 2075 Nunc
1918 2037 2046 2078 vero

466 2101 641 2157 lucem
673 2093 939 2171 videntes,
971 2115 1222 2164 errantes
1255 2109 1392 2166 estis
1434 2117 1489 2165 et
1521 2126 1661 2178 vos;
1688 2111 1832 2167 Caeci
1864 2124 2046 2170 autem

462 2194 598 2250 estis
629 2204 807 2252 mente
844 2212 1006 2266 quam
1033 2199 1210 2254 oculis
1244 2200 1368 2271 plus
1421 2202 1671 2270 :‘quibus
1713 2205 1861 2260 enim
1910 2207 2047 2263 viris

454 2281 697 2342 Peccata
717 2295 961 2353 manent,
995 2287 1199 2345 frustra
1228 2300 1463 2347 cernunt
1492 2294 1693 2351 oculis.

1090 2400 1323 2456 CAPUT
1373 2402 1446 2459 Χ.

538 2505 558 2558 ι
590 2503 912 2566 Testiticans
933 2510 1192 2569 immotus
1220 2512 1392 2570 Amen
1420 2515 1591 2573 Amen
1623 2534 1803 2577 sermo
1827 2524 1918 2587 sit,
1941 2521 2046 2590 Qui
2084 2528 2094 2538 ’

463 2598 747 2671 irrepserit
778 2616 875 2671 per
902 2601 1101 2656 ostium
1129 2602 1265 2659 bene
1299 2606 1493 2661 muniti
1535 2610 1696 2665 ovilis
1722 2610 2043 2667 Abditarum

462 2690 668 2756 ovium,
724 2700 776 2746 et
804 2691 1055 2762 superior
1083 2695 1301 2751 aliunde
1328 2700 1464 2767 repit
1489 2699 1647 2769 112
1678 2699 1784 2755 Per
1814 2717 2042 2759 curvum

459 2782 756 2838 obscurum
788 2784 993 2838 aditum
1017 2774 1341 2854 ascendens,
1365 2786 1556 2845 Praedo
1576 2800 1662 2848 est
1681 2792 1769 2849 hic
1792 2794 1875 2849 vir
1902 2811 2046 2865 pra:-

458 2873 672 2928 datorio
707 2875 841 2945 pede
870 2895 883 2930 :
915 2876 951 2930 2
979 2874 1080 2942 Qui
1112 2893 1239 2931 vero
1265 2878 1531 2937 accedens
1559 2897 1668 2937 non
1703 2896 1962 2943 curvatus
1986 2890 2043 2943 in

458 2965 669 3019 caulam
708 2974 929 3023 erectus
965 2968 1137 3033 venit,
1169 2968 1362 3026 Pastor
1395 2971 1485 3027 hic
1512 2981 1597 3030 est
1626 2989 1757 3032 oves
1783 2991 2038 3047 pascens.

454 3054 492 3109 3
525 3054 770 3112 Venicnti
801 3066 982 3113 autem
1023 3066 1270 3129 apertum
1303 3060 1504 3116 stabuli
1544 3064 1744 3119 omium
1782 3065 2041 3124 ostiarius

454 3146 651 3216 aperit.
672 3145 813 3203 Oves
831 3159 1011 3205 autem
1037 3160 1434 3220 cognoscentes
1456 3153 1663 3208 saliunt
1682 3155 1830 3210 circa
1856 3165 2043 3226 pasto-

2162 2015 2365 2086 ’Υμέας
2391 2015 2718 2087 ἀμπλακίης
2758 2015 3069 2087 ἀδαήμονας
3098 2014 3320 2068 ἔννεπον
3351 2012 3491 2068 εἶναι
3516 2032 3530 2047 ο

2147 2107 2261 2161 Νῦν
2296 2106 2356 2161 δὲ
2385 2106 2529 2177 φόως
2562 2107 2826 2178 ὁρόωντες
2856 2106 3123 2179 ἀλήμονές
3144 2108 3267 2160 ἐστε
3300 2109 3395 2161 καὶ
3419 2109 3614 2177 ὑμεῖς’

2148 2199 2351 2269 Τυφλοὶ
2370 2200 2417 2253 δ’
2439 2199 2564 2252 ἐστὲ
2585 2198 2690 2270 νόῳ
2716 2198 3004 2270 βλεφάρων
3030 2199 3212 2252 πλέον.
3236 2193 3360 2253 Οἷσι
3390 2201 3500 2270 γὰρ
3520 2198 3731 2271 ἀνδρᾶν

2160 2290 2493 2362 Ἀμπλακίαι
2533 2289 2819 2361 μίμνουσι,
2856 2290 3035 2362 μάτην
3058 2291 3283 2359 όρόωσιν
3313 2293 3587 2354 ὀπωπαῖς.

2803 2404 2963 2456 ΚΕΦ.
2995 2405 3054 2457 ι’.

2217 2516 2241 2570 1
2284 2516 2579 2589 Μάρτυρος
2611 2514 3001 2585 ἀστυφέλικτος
3034 2514 3179 2586 ἀμὴν
3204 2513 3351 2586 ἀμὴν
3376 2514 3531 2584 λόγος
3554 2514 3717 2582 ἔστω,

2149 2608 2247 2672 Ὃς
2273 2625 2337 2662 κε
2366 2607 2654 2679 παραῖξειε
2687 2605 2860 2679 θύρην
2886 2607 3141 2678 εὐερκέος
3171 2607 3342 2677 αὐλῆς

2158 2697 2498 2769 Ἐνδομύχων
2520 2697 2829 2769 προϐάτων,
2862 2696 2954 2750 καὶ
2973 2696 3272 2768 ὑπέρτερος
3300 2696 3519 2750 ἄλλοθεν
3542 2695 3716 2765 ἕρπει,

2149 2789 2305 2860 113
2345 2791 2440 2854 Εἰς
2475 2788 2693 2859 σκολιὴν
2717 2787 2934 2858 ἀΐδηλον
2965 2787 3261 2857 ἐπηλυσίην
3290 2789 3614 2851 ἀναϐαίνων,

2144 2879 2390 2950 Δηῖστὴρ
2417 2877 2579 2933 πέλεν
2610 2873 2765 2940 οὗτος
2796 2877 2933 2950 ἀνὴρ
2964 2876 3209 2949 ληΐστορι
3240 2878 3446 2950 caput}?

2141 2970 2178 3024 2
2219 2973 2314 3035 Ὃς
2346 2970 2404 3025 δὲ
2437 2969 2614 3043 μολὼν
2656 2970 2975 3039 ἀγναμπτος
3009 2971 3066 3033 ἐς
3107 2968 3287 3023 αὔλιον
3319 2970 3478 3042 ὅρθος
3525 2969 3711 3034 ἱκάνει,

2144 3061 2355 3133 Ποιμὴν
2384 3055 2536 3126 οὗτος
2574 3060 2675 3132 ἔφυ
2711 3062 3067 3133 μηλοτρόφος.
3106 3065 3140 3116 5
3180 3063 3567 3135 Ἐρχομένῳδὲ

2153 3155 2453 3227 Ἀμφαδίην
2488 3154 2744 3226 σταθμοῖο
2771 3154 2940 3227 θύρην
2971 3155 3255 3226 πυλαωρὸς
3281 3156 3506 3224 ἀνοίγει.

452 3251 569 3292 rem
600 3234 804 3294 Vocem
832 3240 1144 3309 audientes;
1177 3242 1245 3297 ad
1278 3244 1608 3300 vestibulum
1634 3253 1816 3301 autem
1849 3259 2036 3318 pastor

2154 3247 2303 3318 Μῆλα
2330 3247 2387 3301 δὲ
2411 3245 2746 3315 γινώσκοντα
2778 3247 3193 3319 περισκαίρουσι
3216 3248 3414 3319 νομῆα,

453 3327 660 3400 Greges
701 3342 924 3400 pascere
965 3342 1159 3388 evocat
1194 3343 1464 3405 consueta
1502 3352 1656 3394 voce.
1696 3338 1864 3393 Extra
1894 3341 2035 3397 ovile

454 3427 636 3476 autem
689 3423 986 3492 gestientes
1048 3440 1179 3482 oves
1230 3416 1402 3482 ducit.
1452 3426 1488 3483 4
1539 3427 1792 3486 Educens
1848 3438 2030 3486 autem

452 3512 677 3582 quando
723 3528 940 3569 omnem
983 3519 1402 3587 congregaverit
1428 3517 1676 3576 ordinem
1714 3520 1918 3591 gregis,
1947 3522 2030 3576 Ad

454 3618 660 3674 pascua
704 3605 1036 3660 venientium
1082 3607 1264 3662 ovium
1313 3624 1622 3680 prwcursor
1659 3610 1842 3679 vadit;
1884 3610 2027 3668 Grex

453 3703 638 3749 autem
690 3696 1045 3755 multiformis
1090 3700 1409 3771 retrogrado
1458 3702 1593 3771 pede
1650 3702 1878 3768 incedit,
1939 3704 2023 3759 Ad

450 3786 670 3845 roscida
701 3795 853 3861 prata
877 3803 1114 3858 sequens
1142 3798 1437 3861 pastorem.
1476 3792 1511 3847 5
1534 3791 1889 3864 Peregrinum
1929 3809 2027 3850 au-

450 3882 559 3930 tem
606 3892 716 3932 non
765 3878 995 3932 audiunt
1023 3888 1079 3935 et
1111 3892 1247 3933 non-
1283 3888 1556 3936 noverunt
1607 3883 1798 3939 audire
1848 3883 2025 3939 Alieni

449 3966 701 4021 vocantis
730 3965 1108 4024 inconsuetam
1144 3970 1382 4045 pastoris
1413 3986 1623 4036 vocem,
1659 3971 1766 4029 Sed
1801 3984 2026 4044 praeter

448 4063 670 4111 euntem
713 4059 959 4127 Spurium
993 4058 1208 4130 fugiunt
1243 4069 1539 4132 pastorem.

516 4147 549 4201 6
584 4146 715 4205 Tale
754 4150 977 4229 verbum
1022 4144 1269 4207 recitavit
1308 4155 1678 4224 proverbiale;
1723 4155 1870 4210 circa
1909 4169 2027 4209 scr-

380 4250 389 4259 ‘
443 4254 662 4295 monem
715 4232 894 4297 autem
954 4242 1193 4313 Populus
1229 4245 1542 4313 haesitabat,
1579 4255 1635 4302 et
1679 4264 1788 4302 non
1835 4246 2027 4301 didicit

443 4345 612 4401 prope
625 4330 853 4388 audiens
869 4332 1120 4389 Christus
1136 4336 1365 4392 obscura
1385 4354 1506 4408 qua:
1523 4336 1855 4393 dixitdivina
1870 4353 2026 4393 voce.

2140 3337 2387 3410 Φθογγῆς
2405 3339 2676 3391 είσαῖοντα
2698 3355 2713 3370 ’
2744 3337 2896 3410 παρά
2923 3337 3241 3409 προθύροισι
3265 3338 3322 3390 δὲ
3352 3338 3558 3409 ποιμὴν

2140 3427 2301 3481 Πώεα
2332 3428 2636 3498 ποιμαίνειν
2665 3426 3051 3499 προκαλίζεται
3080 3426 3247 3496 ὴθάδι
3280 3429 3455 3496 φωνῇ.

2143 3515 2366 3570 Ἔκτοθι
2391 3516 2447 3570 δὲ
2476 3515 2734 3587 σταθμοῖο
2762 3514 3033 3587 γεγηθότα
3064 3515 3207 3586 μῆλα
3232 3515 3468 3586 κομίζει.

2138 3609 2173 3662 4
2222 3606 2537 3677 Ἐξαγαγὼν
2580 3607 2625 3660 δ’
2655 3608 2744 3661 ὅτε
2772 3608 2951 3661 πᾶσαν
2980 3606 3234 3680 ἀολλίσσῃ
3273 3607 3430 3677 στίχα
3462 3605 3703 3678 ποίμνης,

2147 3700 2236 3763 Ἐς
2264 3700 2426 3769 νομὸν
2448 3699 2757 3770 ἐρχομένων
2784 3698 2911 3753 δίων
2945 3697 3307 3770 προκέλευθος
3334 3697 3508 3752 ὁδεύει

2136 3790 2347 3863 Ποίμνη
2382 3791 2428 3845 δ’
2456 3792 2821 3859 αἰολόμορφος
2848 3790 3199 3862 όπισθοπόρῳ
3231 3791 3350 3845 ποδὶ
3380 3791 3567 3862 βαίνει,

2134 3882 2230 3945 Eia;
2256 3863 2548 3952 δροσεροξις
2575 3882 2849 3951 λειμῶνας
2884 3881 3224 3951 ὀπηδεύουσα
3247 3883 3429 3953 νομῆῖ.

2136 3972 2170 4027 5
2198 3972 2381 4026 Ξείνου
2407 3972 2452 4024 δ’
2474 3972 2574 4026 οὐκ
2602 3973 2801 4036 ἀϊουσι,
2829 3973 2923 4027 καὶ
2952 3973 3010 4027 ού
3045 3972 3292 4026 δεδάασιν
3330 3973 3565 4038 ἀκούειν,

2148 4058 2452 4133 Ἀλλοτρίου
2491 4061 2775 4125 καλέοντος
2810 4061 2983 4132 ἀήθεα
3009 4062 3269 4132 ποιμένος
3306 4061 3491 4133 αύδὴν,

2146 4153 2308 4207 Ἀλλά
2339 4154 2710 4224 παραΐσσοντα
2745 4153 2896 4207 νόθον
2928 4153 3189 4222 φεύγουσι
3212 4157 3428 4225 ’νομῆι

2201 4243 2235 4299 6
2261 4244 2304 4296 Τ
2307 4247 2415 4297 οῖον
2440 4243 2569 4307 ἔπος
2592 4244 2849 4310 κατέλεξε
2874 4244 3246 4316 παράτροπον.
3288 4244 3454 4315 ’Δμφὶ
3478 4244 3535 4298 δὲ

2135 4335 2280 4399 Aab;
2309 4334 2710 4406 ἀμηχανέεσκε,
2742 4332 2836 4388 καὶ
2861 4334 2922 4389 οὐ
2961 4335 3129 4406 μάθεν
3162 4336 3330 4405 ἐγγὺς
3357 4335 3569 4391 ἀκούων

1647 4475 1931 4533 TEXTUS
1971 4472 2501 4532 ΕΥΑΝΟΕΗΞΤᾸΞ.

512 4611 581 4667 57
613 4603 749 4665 Εῐπε
782 4609 838 4662 δὲ
866 4609 1013 4682 αὐτῷ
1035 4613 1063 4666 ό
1112 4614 1318 4686 Ἰησοῦς
1337 4631 1353 4647 ·
1402 4616 1512 4671 Καὶ
1545 4616 1797 4690 ἑώρακας
1836 4619 2021 4687 αὑτὸν,
2055 4626 2099 4683 ἵ)
2127 4620 2228 4689 τῆς
2262 4618 2433 4691 θύρας
2460 4619 2541 4683 εἰς
2574 4617 2672 4691 τὴν
2712 4618 2884 4691 αὐλὴν
2910 4618 3023 4672 τῶν
3055 4618 3363 4691 προ6ἀτων,
3410 4619 3545 4674 ἀλλά
3568 4597 3717 4676 ἀνασῄ

443 4693 538 4751 καὶ
559 4697 587 4748 ό
613 4692 787 4747 λαλῶν
819 4696 956 4764 μετά
979 4696 1094 4763 σοῦ,
1126 4699 1332 4764 ἐκεῖνός
1362 4702 1527 4755 ἐστιν.

410 4784 420 4791 “
478 4788 483 4795 ‘
509 4778 579 4834 58
615 4778 673 4832 '0
700 4778 757 4831 δὲ
782 4777 887 4851 εφη
913 4796 927 4809 ·
961 4780 1229 4847 Πιστεύω,
1254 4784 1449 4856 Κύριε,
1483 4785 2017 4861 καὶ“προσεκύνησεν

438 4862 608 4933 αὐτῷ.

510 4947 579 5002 39
612 4948 721 5001 Καὶ
773 4945 978 5001 εἶπενύ
1018 4947 1257 5019 Ἰησοῦς·
1314 4952 1409 5015 Εἰς
1450 4955 1622 5025 κρῖμα
1661 4954 1772 5025 ἐγὼ
1816 4959 1897 5021 είς
1925 4957 2016 5011 τὸν

438 5030 643 5102 κόσμον
665 5030 854 5084 τοῦτον
877 5027 1072 5101 ἦλθονο
1123 5033 1211 5087 ἵνα
1251 5034 1300 5087 οἱ
1335 5034 1408 5106 μὴ
1433 5036 1720 5106 βλέποντες
1754 5038 2013 5109 βλέπωσι,

438 5114 531 5167 καὶ
554 5114 604 5166 οἱ
635 5113 925 5181 βλέποντες
958 5114 1147 5184 τυφλοὶ
1178 5117 1463 5185 γένωνταὶ.

508 5196 578 5252 40
620 5196 730 5248 Καὶ
761 5196 1000 5266 ἥκουσαν
1046 5199 1111 5251 ἐκ
1142 5197 1248 5253 τῶν
1273 5201 1582 5271 Φαρισαίων
1626 5203 1799 5260 ταῦτα
1847 5208 1897 5260 οἱ
1925 5207 2013 5261 ὅν-

434 5297 525 5345 τες
555 5281 674 5350 μετ’
707 5277 894 5344 αὑτοῦ,
936 5280 1030 5333 καὶ
1065 5277 1219 5335 εἶπον
1249 5282 1399 5354 αύτῷ
1419 5300 1433 5315 ο
1469 5286 1562 5359 Μὴ
1601 5287 1696 5341 καὶ
1730 5290 1889 5360 ἡμεῖς
1917 5309 2010 5345 τυ-

434 5364 555 5437 φλοί
584 5365 750 5434 ἐσμεν
771 5379 786 5429 ;
1059 5364 1065 5369 ’

500 5450 571 5523 4i
603 5445 770 5531 Εἶπεν
803 5446 984 5512 αὐτοῖς
1015 5448 1043 5501 ό
1083 5449 1290 5520 Ἰησοῦς
1315 5467 1329 5481 '
1370 5453 1432 5507 Εἰ
1452 5458 1643 5525 τυφλοὶ
1667 5455 1785 5531 ἦτε,
1812 5460 1914 5513 ούκ
1940 5460 2008 5514 ἂν

431 5526 621 5617 εξχετέ
655 5533 961 5617 ἁμαρτίαν’
1012 5533 1106 5588 νῦν
1139 5534 1195 5587 δὲ
1226 5534 1413 5606 λέγετε
1434 5556 1446 5570 ο
1486 5526 1935 5616 Ὅτιβλέπομεν·
1970 5547 2005 5617 ἡ

425 5612 525 5672 οὖν
543 5617 789 5689 ἁμαρτία
814 5615 969 5671 ὑμῶν
1000 5617 1172 5686 μένει.

1088 5742 1247 5799 ΚΕΦ.
1290 5746 1345 5800 l'.

510 5842 534 5896 ί
594 5844 763 5918 ’Λμὴν
796 5847 1122 5923 ἀμὴν·).έγω
1148 5851 1297 5925 ὑμῖν,
1318 5857 1350 5909 ό
1503 5824 2006 5931 εἰσερχόμενοςόιὰ

2118 4703 2320 4758 ϐαίνων
2345 4702 2662 4774 ἀλλαχόθεν,
2694 4703 2899 4767 ἐκεῖνος
2931 4702 3172 4775 κλέπτης
3202 4702 3323 4756 ἐστὶ
3358 4705 3450 4758 καὶ
3480 4704 3693 4776 λῃστής.

2187 4807 2225 4862 2
2261 4808 2319 4860 ὐ
2350 4808 2407 4860 δὲ
2444 4806 2823 4878 εἰσερχόμενος
2859 4806 2950 4860 διὰ
2969 4807 3071 4878 τῆς
3103 4806 3295 4879 θύρας,
3335 4809 3545 4879 ποιμήν
3584 4809 3693 4864 ἐστι

2117 4890 2229 4944 τῶν
2264 4889 2576 4960 προϐάτων.
2598 4886 2603 4895 ”
2881 4945 2892 4950 _

2186 4983 2223 5037 ὃ
2250 4981 2438 5051 Τούτῳ
2465 4983 2494 5034 ό
2526 4981 2772 5053 θυρωρὸς
2797 4984 3025 5052 ἀνοίγει,
3060 4984 3155 5037 καὶ
3203 4980 3274 5036 τὰ
3317 4981 3567 5054 πρόῦατα
3600 4983 3693 5051 τῆς

2118 5065 2303 5136 φωνῆς
2359 5062 2524 5117 αὐτοῦ
2569 5064 2790 5118 ἀκούει·
2846 5069 2941 5120 καὶ
2984 5066 3054 5121 τὰ
3098 5066 3207 5120 ῐδια
3255 5066 3506 5138 πρόόατα
3552 5065 3692 5119 καλεῖ

2120 5150 2243 5203 κατ’
2274 5147 2465 5219 ὕνομα,
2495 5148 2589 5203 καὶ
2617 5148 2802 5218 ἐξάγει
2829 5151 2989 5205 αὐτά.

2188 5253 2224 5306 4
2264 5249 2369 5305 Καὶ
2398 5253 2527 5305 ὅταν
2570 5252 2640 5305 τὰ
2692 5253 2801 5307 ἴδια
2844 5253 3089 5326 πρόϐατα
3130 5253 3357 5326 ἐκϐάλῃ,
3398 5253 3692 5325 ἔμπροσθεν

2114 5336 2293 5390 αὐτῶν
2341 5335 2631 5407 πορεύεται
2653 5352 2667 5367 ⁸
2704 5337 2799 5390 καὶ
2835 5340 2905 5393 τὰ
2938 5339 3183 5414 πρόὸατα
3222 5337 3371 5409 αὐτῷ
3401 5336 3690 5401 ἀκολουθεῖ,

2111 5422 2193 5476 ὅτι
2217 5420 2391 5475 οἴδασι
2417 5420 2514 5492 τὴν
2538 5419 2718 5494 φωνὴν
2747 5420 2933 5479 αὐτοῦ.
3164 5476 3171 5479 .

2180 5517 2216 5572 5
2259 5515 2550 5589 Ἀλλοτρίῳ
2583 5516 2642 5572 δὲ
2691 5519 2751 5571 ού
2789 5520 2865 5590 μὴ
2910 5516 3368 5590 ἀκολουθήσωσιν,
3400 5515 3534 5569 ἀλλά
3567 5514 3688 5586 φεύ-

2110 5600 2290 5667 ξονται
2321 5600 2416 5655 ἀπ’
2446 5600 2609 5654 αὑτοῦ
2630 5617 2644 5632 ’
2673 5601 2757 5655 ὅτι
2795 5602 2895 5657 οὐκ
2925 5602 3098 5657 οἴδασι
3133 5602 3241 5655 τῶν
3272 5598 3564 5672 ἀλλοτρίων
3599 5599 3690 5669 τὴν

2110 5686 2317 5757 φωνήν.
2682 5748 2687 5753 _

2180 5780 2214 5835 6
2239 5780 2456 5853 Ταύτην
2507 5780 2604 5851 τὴν
2652 5782 2951 5852 παροιμίαν
3000 5775 3153 5833 εἶπεν
3186 5778 3369 5840 αὐτοῖς
3402 5777 3431 5828 ὁ
3473 5773 3690 5846 Ἰησεῦς,

2111 5865 2309 5922 ἐκεῖνοι
2340 5864 2397 5919 δὲ
2426 5865 2525 5919 οὐκ
2559 5865 2803 5936 ἔγνωσαν
2833 5866 2953 5920 τίνα
2984 5859 3051 5937 ἦν
3079 5863 3115 5922 ἂ
3138 5862 3316 5919 ἐλάλει
3340 5862 3546 5926 αὐτοῖς.

2060 5990 2207 5997 οηυν4-
2236 5992 2319 6004 κου
