3900 6216
136 264 242 318 833

136 375 377 448 Χριστὸς
412 378 719 448 ἀσημάντῳ
748 379 922 449 τάπερ
948 379 1133 436 ἔννεπε
1162 384 1372 439 Θέσπιδι
1400 388 1573 457 φωνῇ.

208 466 240 515 7
280 463 501 535 Ἰησοῦς
525 465 568 518 δ’
597 466 856 537 ἀγόρευεν
888 468 1128 542 ἀριζήλῳ
1158 475 1262 527 τινὶ
1293 474 1468 545 μύθῳ·

138 558 421 620 Πάνδοκός
448 560 567 627 εἰμι
592 558 729 628 Θύρη
755 560 1045 630 προϐάτων
1091 564 1449 635 πολυχανδέος
1475 566 1664 637 αὐλῆς.

139 650 171 701 8
205 649 421 712 Πάντες
456 649 573 701 ὅσοι
606 648 782 721 πάρος
808 646 970 721 ἦλθον
998 654 1390 710 ὑποκλέπτοντι
1421 658 1641 729 πεδίλῳ,

139 740 327 811 Φῶρες
354 740 495 793 ἕσαν
526 742 799 806 δολόεντες
824 760 836 772 ·
865 744 987 798 ὅθεν
1012 745 1255 820 ληϊστορι
1289 751 1438 821 φωνῇ

140 832 333 884 Λὺτῶν
370 832 766 904 φθεγγομένων
794 836 895 891 οὑκ
921 838 1079 892 ἔκλυε
1112 840 1265 895 πώεα
1294 841 1550 912 ποίμνης.

142 926 174 977 9
212 924 500 988 Πάνδοκός
528 926 644 997 είμι
674 926 811 999 θύρη
848 930 1143 998 μηλοσσόος
1162 950 1175 962 ’
1206 933 1478 1004 ἡμετέρης
1505 932 1559 986 δὲ

145 1014 240 1076 ’Ός
275 1032 372 1068 κεν
402 1015 501 1070 ἰὼν
525 1017 590 1071 δι’
618 1020 771 1088 ἐμεῖο
800 1020 970 1091 θύρην
1004 1024 1328 1077 ὑποδύσεται
1358 1025 1557 1093 αὑλῆς,

145 1100 313 1169 Οὗτος
333 1106 465 1160 ςέσω
503 1109 723 1181 στείχει,
756 1112 850 1166 καὶ
876 1114 1182 1183 ὑπότροπος
1207 1112 1360 1180 αὖτις
1387 1116 1576 1181 ὁδεύει,

145 1198 253 1251 Καὶ
284 1198 455 1269 νομὸν
491 1201 735 1272 εὑρήσει,
774 1202 867 1257 καὶ
895 1204 1108 1269 ἀείσοος
1134 1206 1349 1261 ἔσσεται
1382 1208 1539 1277 ἀνήρ.

150 1289 213 1342 10
241 1291 503 1361 Ληῖστὴρ
530 1292 576 1344 δ’
606 1293 821 1364 ἀΐδηλος
849 1296 907 1357 ἐς
930 1294 1108 1349 αὔλιον
1140 1297 1332 1351 οὔποτε
1366 1296 1557 1365 βαίνει,

147 1383 208 1434 Εἰ
241 1380 315 1453 μὴ
343 1383 433 1434 ἵνα
456 1383 711 1454 κλέψειεν
750 1386 1088 1458 ἀμάρτυρος,
1120 1388 1160 1466 ἢ
1189 1388 1281 1441 καὶ
1308 1388 1523 1458 ὀλέσσῃ,

160 1474 249 1525 Ἦέ
272 1473 631 1542 διατμήξειεν
660 1476 869 1544 ἀφειδέῖ
911 1478 1052 1548 μῆλα
1088 1478 1349 1552 μαχαίρῃ.

146 1564 335 1634 Αὐτὰρ
366 1565 482 1631 ἐγὼ
510 1566 660 1637 παρὰ
686 1568 915 1638 Πατρὸς,
950 1570 1099 1632 ὅπως
1131 1570 1238 1638 ἐμὰ
1267 1570 1411 1640 μῆλα
1444 1556 1677 1633 σαώσω,

153 1656 385 1709 ’Ήλυθον
412 1674 426 1687 ·
471 1657 619 1730 ὄφρα
648 1659 860 1730 λάχοιεν
890 1662 1159 1733 ἀλωφήτῳ
1182 1664 1289 1715 τινὶ
1319 1666 1449 1734 τιμῇ

154 1747 302 1817 Ζωὴν
332 1748 665 1819 ἐσσομένην,
692 1752 791 1821 τὴν
819 1753 879 1804 οὑ
913 1754 1104 1823 χρόνος
1133 1750 1270 1807 οἶδεν
1295 1755 1531 1817 ὀλέσσαι,

1126 264 1607 321 PARAPHRASIS
1645 266 1710 320 IN
1749 264 2088 328 JOANNEM.
2128 300 2195 312 —
2224 270 2375 326 CAP.
2418 270 2486 327 X.
2560 310 2567 314 -

3310 277 3421 335 834

1772 392 1813 446 Α
1909 388 1940 439 7
1968 387 2126 445 Jesns
2150 398 2330 445 autem
2357 388 2495 444 dixit
2524 389 2719 445 illustri
2742 389 2975 460 quodam
3004 406 3286 449 sermone:
3313 393 3418 450 llo-

1840 482 2032 552 Spitale
2049 499 2167 538 sum
2186 486 2387 541 ostium
2403 486 2585 540 ovium
2605 486 2949 556 capacissimi
2968 488 3149 544 ovilis.
3166 487 3198 542 8
3212 488 3416 546 Omnes

1839 587 2105 650 quotquot
2145 589 2303 636 antea
2353 592 2620 638 venerunt
2665 586 2975 639 occultante
3028 584 3185 653 pede,
3242 583 3417 642 Fures

1837 682 1993 728 erant
2011 675 2205 740 dolosi,
2220 677 2363 731 unde
2379 679 2677 749 przedatitia
2694 695 2827 737 voce.
2843 679 2990 750 lpsos
3009 679 3293 748 loquentes
3304 694 3414 734 non

1837 770 2162 825 audiverunt
2198 788 2407 844 greges.
2446 774 2479 827 9
2506 772 2704 828 Omnes
2738 774 3008 845 recipiens
3039 790 3159 827 sum
3189 775 3413 840 ostium,

1837 883 1965 924 oves
1998 885 2251 935 servans;
2283 874 2462 928 nostri
2519 879 2699 925 autem
2728 870 3052 942 Quicunque
3080 870 3285 926 vadens
3320 888 3417 941 per

1837 979 1923 1018 me
1971 965 2170 1018 ostium
2204 965 2432 1019 sultierit
2463 964 2642 1029 ovilis.
2697 963 2795 1018 Hic
2834 966 3021 1028 intrat,
3065 972 3119 1019 et
3162 983 3415 1024 reversus

1836 1063 2032 1117 iterum
2057 1062 2275 1129 incedit,
2295 1063 2361 1116 Et
2384 1078 2585 1133 pascua
2613 1062 2872 1125 inveniet,
2900 1070 2954 1115 et
2980 1078 3196 1132 semper
3225 1066 3417 1121 vivens

1837 1161 1940 1215 erit
1969 1161 2070 1217 vir.
2104 1163 2171 1217 10
2197 1161 2385 1216 Praedo
2416 1169 2596 1215 autem
2627 1174 2841 1213 nocuus
2872 1160 2928 1214 in
2958 1160 3100 1213 ovile
3134 1176 3415 1229 nunquam

1837 1257 2069 1324 scandit,
2091 1257 2205 1313 Nisi
2230 1265 2288 1312 ut
2318 1257 2529 1312 luretur
2564 1256 2684 1312 sine
2713 1263 2850 1310 teste
2879 1253 2952 1326 [id
2970 1262 3083 1318 est,
3118 1254 3304 1326 clam],
3331 1255 3417 1309 vel

1838 1353 2065 1419 perdat,
2110 1352 2206 1408 Vel
2260 1353 2536 1422 discerpat
2580 1366 2690 1407 non
2738 1357 2997 1421 parcente
3040 1364 3168 1404 oves
3213 1348 3414 1418 gladio.

1837 1448 1942 1503 Sed
1989 1466 2090 1521 ego
2119 1466 2151 1505 a
2181 1451 2360 1515 Patre,
2395 1459 2456 1505 ut
2488 1467 2637 1507 meas
2679 1466 2811 1505 oves
2859 1464 3095 1513 servem,
3152 1446 3311 1512 Veni,
3359 1458 3419 1501 ut

1834 1548 2117 1616 acquirunt
2160 1548 2508 1606 indesinente
2550 1548 2784 1618 quadam
2826 1548 2998 1617 gloria
3045 1544 3223 1599 Vitam
3271 1544 3419 1598 futu-

1835 1660 1976 1709 ram,
2009 1662 2172 1716 quam
2209 1655 2425 1717 tempus
2464 1648 2638 1702 nescit
2681 1645 2929 1717 perdere,
2965 1644 3122 1714 115
3147 1642 3215 1696 Et
3243 1644 3419 1697 abun-

1765 1746 1806 1800 B
1837 1740 2058 1799 dantius
2097 1745 2332 1798 habeant
2366 1745 2561 1814 magis.
2608 1744 2669 1797 11
2708 1741 2839 1795 Sum
2883 1748 3064 1793 autem
3099 1750 3287 1809 pastor
3317 1739 3421 1793 Bo-

155 1837 378 1909 11411
405 1840 503 1892 Ἠὲ
526 1842 782 1910 περισσὸν
798 1843 969 1913 ἔχοιεν
994 1845 1309 1916 ὑπέρτερον.
1324 1847 1452 1917 Εἰμὶ
1466 1846 1521 1899 δέ
1540 1843 1709 1915 ποιμὴ

1845 1854 1951 1893 nus
1980 1856 2115 1911 ego;
2151 1850 2340 1911 pastor
2384 1848 2563 1893 autem
2608 1839 2785 1892 bonus
2811 1852 2939 1891 oves
2970 1837 3306 1899 custodiens,
3353 1833 3420 1886 Et

151 1927 323 1991 Καλὸς
348 1927 463 1995 ἐγώ
488 1946 504 1961 ο
534 1930 735 2002 ποιμὴν
757 1932 813 1985 δέ
843 1932 1003 1997 καλὸς
1036 1935 1163 2003 περὶ
1188 1934 1331 2004 μῆλα
1360 1936 1666 2004 φυλάσσων,

152 2019 257 2071 Καὶ
292 2020 473 2090 ψυχῆς
513 2021 649 2092 ἰδίης
674 2024 734 2076 οὑ
764 2024 1021 2092 φείδεται,
1046 2025 1182 2079 ἀλλά
1212 2027 1238 2078 ἐ
1272 2026 1425 2096 θήσει

151 2109 483 2181 Λύτρονὲῶν
509 2113 654 2167 ὀΐων.
676 2113 763 2176 12,
793 2116 860 2170 15
882 2116 1006 2170 ’0δέ
1031 2118 1240 2187 μίσθιος
1261 2118 1319 2171 οὑ
1356 2118 1479 2172 πέλε
1504 2123 1734 2195 ποιμὴν⁹

151 2201 304 2269 Δήῖον
337 2200 729 2271 ἀγχικέλευθον
758 2203 879 2257 ἰδὼν
910 2204 1070 2259 λύκον
1100 2206 1323 2278 ἅρπαγα
1357 2208 1559 2279 μήλων,

146 2293 407 2363 Κρυπτὺς
433 2294 759 2361 ἀλυσκάζων
783 2296 1091 2361 ὑποδύεται,
1125 2298 1251 2363 ὀξὺς
1279 2300 1443 2364 ἐάσας

152 2386 509 2458 Βοσκομένων
534 2389 820 2459 ἀφύλακτα
855 2390 1170 2445 πολύπλανα
1202 2391 1353 2444 πώεα
1389 2393 1601 2462 μήλων⁹

153 2479 402 2549 Κρυπτὸς
425 2481 750 2545 ἀλυσκάζων
784 2482 1097 2537 ὑποδύεται·
1134 2485 1232 2537 οὑκ
1258 2485 1438 2554 ἀλέγει
1467 2485 1524 2538 δὲ

152 2569 349 2640 Μήλων
374 2571 694 2644 ἀλλοτρίων,
723 2574 804 2627 ὅτι
841 2574 1050 2645 μίσθιος
1074 2574 1234 2639 αὑτὸς
1263 2575 1468 2630 ἀκούει.

153 2661 257 2714 Καὶ
282 2661 444 2727 λύκος
480 2664 849 2737 ἀγκυλόμητις
875 2665 1162 2738 ἐπέρχεται
1192 2666 1401 2737 ἃρπαγι
1429 2668 1609 2738 λαιμῷ

152 2751 306 2823 Μῆλα
326 2753 713 2818 διασκεδάσας,
745 2756 1083 2827 σημάντορος
1112 2757 1172 2809 οὑ
1200 2757 1514 2828 παρεόντος.

156 2842 237 2906 11,
266 2844 329 2897 15
356 2846 455 2898 Ποι
466 2846 572 2917 μὴν
603 2845 766 2909 καλὸς
795 2846 950 2915 ἔφυν,
981 2848 1073 2900 καὶ
1099 2847 1249 2900 πώεα
1271 2847 1410 2900 καλά
1441 2847 1671 2918 νομεύω.

154 2933 404 2988 Γινώσκω
436 2936 488 2989 δ’
514 2936 621 3006 ἐμὰ
647 2938 809 3008 μῆλα,
841 2939 933 2992 καὶ
961 2938 1133 3008 ἠθάδα
1161 2940 1503 3010 μηλοϐοτῆρα

156 3022 334 3077 Ταῦτά
366 3042 433 3094 με
471 3025 829 3093 γινώσκουσιν
855 3029 953 3098 ίσῳ
983 3028 1257 3097 διδυμάονε
1283 3028 1498 3098 θεσμῷο

166 3113 247 3176 Ὠς
268 3114 506 3186 Γενέτης
527 3117 662 3169 νοέει
687 3134 775 3186 με,
807 3120 900 3171 καὶ
928 3118 1003 3181 ὡς
1030 3116 1162 3171 νοέω
1183 3120 1221 3169 Γ
1224 3119 1470 3189 ενετῆρα.

159 3202 341 3277 Ψυχὴν
366 3207 411 3258 δ’
438 3208 717 3279 ἡμετέρην
740 3209 868 3262 όΐων
908 3209 1049 3280 ὑπερ
1070 3208 1265 3262 αὐτίκα
1298 3210 1477 3280 θήσω.’

158 3293 221 3347 16
240 3297 393 3349 Ἔστι
424 3297 675 3367 μὲν,ἔστι
700 3301 792 3352 καὶ
822 3299 955 3353 ἄλλα
985 3300 1295 3370 πολύτροπα
1313 3299 1461 3353 πώεα
1486 3299 1736 3371 ποίμνης,

159 3381 369 3459 Ταύτης
399 3389 466 3441 οὑ
493 3391 746 3459 γεγαῶτα
777 3391 1283 3481 μιῆςρεοδέγμονος
1311 3392 1498 3462 αὐλῆς,

171 3476 454 3552 Ἀλλογενῆ
480 3499 491 3512 ·
519 3482 613 3535 καὶ
640 3482 812 3536 ταῦτα
840 3476 989 3536 πέλει
1019 3483 1177 3555 χρέος
1210 3483 1283 3547 ὣς
1310 3501 1402 3535 κεν
1424 3483 1627 3553 ἀγείρω

161 3567 406 3640 Φθογγῆς
440 3572 719 3644 ἡμετέρης
756 3575 1017 3645 ἀριήκοα·
1052 3579 1144 3628 καὶ
1173 3576 1268 3646 μία
1294 3576 1494 3647 ποίμνη

163 3658 413 3714 Ἔσσεται
451 3662 839 3733 ἀμφοτέρωθεν
864 3663 983 3725 ἐνὸς
1010 3665 1299 3729 τελέθουσα
1326 3665 1547 3735 νομῆος.

161 3751 221 3804 17
248 3753 401 3807 Τοῦδ’
439 3754 623 3807 ἕνεκεν
650 3754 820 3821 φιλέει
872 3773 938 3824 με
968 3756 1150 3827 Πατὴρ
1176 3756 1327 3826 ἐμὸς,
1358 3757 1555 3809 οὕνεκα
1589 3754 1738 3827 θήσω

158 3840 343 3913 Ψυχὴν
371 3842 649 3913 ἡμετέρην
680 3842 804 3896 ὀΐων
837 3841 997 3912 ὑπερ,
1023 3843 1165 3914 δφρα
1193 3860 1281 3911 μιν
1306 3845 1443 3913 αἴρω

160 3931 246 3994 Εἰς
266 3933 371 4001 ἐμὲ
405 3929 762 4000 νεισσομένην
785 3932 1175 4001 παλινάγρετον
1192 3949 1204 3961 ·
1232 3932 1297 3985 18
1316 3931 1437 3983 οὑδέ
1462 3948 1546 3993 τις
1567 3930 1736 4000 αὑτὴν

161 4020 366 4094 Θεσμὸς
394 4021 706 4093 ἀφαιρεῖταί
742 4039 808 4093 με
841 4022 1133 4091 γενέθλιος,
1164 4024 1224 4075 οὑ
1255 4023 1442 4092 χρόνος
1476 4024 1681 4093 ἕρπων,

1840 1935 1966 1990 vita:
1996 1939 2231 2006 proprite
2263 1951 2371 1991 non
2407 1936 2604 2005 parcit,
2639 1934 2734 1988 sed
2769 1932 2942 2001 ipsam
2978 1938 3141 2001 ponet
3174 1928 3417 1984 Pretium

1839 2031 2229 2102 redemptionis
2257 2048 2358 2103 pro
2390 2033 2506 2087 suis
2538 2030 2752 2086 ovibus.
2809 2027 2899 2094 ιε,
2931 2025 2998 2081 15
3042 2025 3420 2080 Mercenarius

1840 2135 2020 2183 autem
2062 2144 2171 2183 non
2204 2135 2289 2183 est
2346 2123 2835 2201 pastor;llostilem
2849 2121 3211 2192 propinquum
3231 2122 3419 2177 videns

1838 2225 2026 2294 lupum
2074 2234 2347 2296 raptorem
2382 2224 2589 2289 ovium,
2622 2225 2887 2280 Occultus
2919 2222 3133 2293 fugiens
3165 2219 3421 2275 subducit

1838 2337 1917 2385 se,
1976 2322 2120 2377 celer
2177 2323 2495 2392 relinquens
2551 2319 2900 2378 Pascentium
2956 2335 3062 2373 non
3114 2315 3421 2372 custoditos

1836 2418 2067 2472 multum
2113 2426 2361 2473 errantes
2405 2433 2596 2488 greges
2646 2418 2851 2472 ovium.
2895 2415 3157 2471 Occultus
3207 2411 3422 2481 fugiens

1798 2514 2094 2569 subducit
2142 2530 2237 2580 se;
2276 2530 2383 2568 non
2435 2524 2591 2569 curat
2641 2522 2768 2568 ante
2820 2512 2962 2566 Oves
3012 2510 3243 2572 alienas,
3293 2507 3421 2577 quia

1837 2611 2214 2666 mercenarius
2260 2612 2376 2682 ipse
2428 2610 2649 2665 dicitur.
2699 2608 2765 2662 Et
2804 2609 2965 2677 lupus
3018 2613 3275 2659 versutus
3331 2617 3423 2672 ag~

1837 2708 2084 2776 greditur
2140 2707 2323 2778 rapaci
2369 2716 2591 2778 gutture
2641 2705 2785 2759 Oves
2834 2702 3145 2773 dissipans,
3196 2705 3423 2768 pastore

1835 2821 1944 2860 non
1976 2814 2266 2876 praesente.
2298 2805 2386 2866 14.
2422 2805 2490 2858 15
2517 2804 2711 2858 Pastor
2742 2803 2921 2857 bonus
2954 2815 3096 2863 sum,
3140 2806 3195 2852 et
3228 2809 3425 2866 greges

1835 2902 2013 2956 bonos
2044 2917 2233 2971 pasco.
2265 2900 2552 2970 Cognosce
2604 2905 2787 2951 autem
2831 2910 2981 2951 meas
3023 2908 3174 2958 oves,
3206 2899 3261 2946 et
3289 2905 3424 2944 con-

1837 3006 2052 3052 suetum
2098 2997 2390 3067 opilionem
2435 2995 2541 3048 Illa:
2583 3009 2668 3047 me
2702 2998 3045 3062 cognoscunt
3088 2986 3283 3057 aequali
3328 2986 3423 3041 du-

1773 3103 1816 3160 c
1851 3092 1977 3162 plici
2011 3093 2166 3161 lege:
2200 3090 2353 3145 Sicut
2382 3092 2540 3145 Pater
2570 3088 2721 3142 novit
2756 3102 2864 3152 me,
2903 3095 2957 3140 et
2983 3085 3126 3139 sicut
3159 3080 3285 3137 novi
3322 3081 3425 3135 Pa-

1844 3197 2004 3246 trem.
2038 3189 2213 3245 Vitam
2250 3200 2430 3243 autem
2466 3196 2708 3242 nostram
2747 3200 2847 3254 pro
2881 3184 3076 3238 ovibus
3113 3181 3299 3236 statim
3332 3192 3423 3249 po-

1842 3304 1994 3343 nam.
2029 3288 2095 3342 16
2120 3287 2261 3342 Sunt
2291 3301 2422 3341 vero
2452 3292 2503 3339 et
2527 3284 2619 3337 alii
2653 3284 2789 3336 varii
2822 3297 3031 3352 greges,
3063 3281 3141 3333 Ex
3181 3278 3285 3332 hoc
3310 3291 3420 3331 non

1841 3393 1947 3446 orti
1981 3407 2088 3447 uno
2116 3391 2283 3447 Deum
2326 3389 2625 3459 recipiente
2655 3388 2818 3454 ovili,
2849 3385 3201 3454 Alienigenm;
3241 3389 3295 3436 et
3321 3381 3423 3435 hos

1840 3505 1924 3552 εει
1958 3512 2187 3551 necesse
2220 3504 2277 3549 lli.
2298 3509 2627 3565 congregem
2654 3491 2854 3547 Vocem
2890 3497 3079 3544 110811⁵8
3119 3495 3276 3541 acute
3326 3500 3424 3538 au-

1841 3600 2084 3663 dientes;
2121 3606 2174 3653 ct
2209 3614 2354 3652 unus
2378 3612 2506 3666 grex
2534 3594 2649 3648 Erit
2676 3594 2933 3664 utrinque
2966 3591 3127 3647 unius
3150 3589 3423 3644 exsistens

1839 3704 2101 3775 pastoris.
2139 3703 2204 3755 17
2253 3700 2483 3771 PrOpter
2527 3699 2633 3753 hoc
2679 3698 2856 3769 diligit
2908 3712 2994 3751 me
3040 3693 3202 3748 Pater
3244 3706 3419 3758 meus,

1844 3811 1987 3880 quod
2019 3824 2213 3879 ponam
2252 3804 2433 3861 Vitam
2474 3814 2717 3859 nostram
2762 3816 2860 3873 pro
2904 3800 3118 3864 ovibus,
3154 3804 3213 3851 ut
3247 3796 3421 3866 ipsam

1846 3915 2107 3984 accipiam
2132 3913 2211 3966 Ad
2238 3927 2322 3966 me
2345 3910 2660 3966 redeuntem
2682 3922 2878 3963 rursus
2906 3906 3186 3961 collectam
3212 3923 3224 3959 :
3247 3902 3310 3957 18
3327 3916 3421 3958 ne-

1844 4036 1950 4089 que
1974 4016 2101 4071 ullai
2111 4031 2261 4085 psam
2280 4013 2407 4070 mihi
2422 4013 2533 4069 Lex
2550 4012 2954 4080 aul‘ertnatalis,
2971 4027 3080 4068 non
3094 4021 3313 4076 tempus
3336 4021 3421 4061 re-

1355 4195 1634 4250 TEXTUS
1672 4189 2202 4247 EVANGELISTAS.

229 4359 261 4412 7
292 4355 461 4413 Εἶπεν
498 4354 589 4413 οὖν
621 4359 782 4415 πάλιν
822 4359 1003 4423 αὑτοῖς
1037 4358 1065 4412 6
1106 4358 1312 4430 Ἰησοῦς
1334 4374 1347 4387 ο
1385 4357 1555 4427 Ἀμὴν
1593 4356 1737 4428 ἀμὴν
1767 4358 1815 4417 D
1842 4356 1902 4409 οὑ
1934 4353 2085 4425 μέλει
2114 4350 2264 4421 αὑτῷ
2298 4350 2423 4421 περὶ
2453 4351 2561 4403 τῶν
2592 4348 2898 4420 προϐάτων.

162 4442 300 4510 λέγω
331 4445 483 4515 ὑμῖν,
515 4444 596 4497 ὅτι
618 4443 726 4513 ἐγώ
756 4445 870 4514 εἰμι
905 4444 937 4513 ἡ
971 4442 1109 4513 θύρα
1142 4444 1249 4494 τῶν
1288 4441 1594 4512 προϐάτων.

229 4528 261 4581 8
288 4529 495 4591 Πάντες
525 4529 638 4580 ὅσοι
684 4527 790 4598 πρὸ
832 4525 966 4597 ἐμοῦ
1003 4522 1185 4596 ἦλθον,
1215 4523 1444 4578 κλέπται
1496 4524 1600 4576 εἰσὶ
1648 4524 1739 4577 καὶ

162 4607 351 4680 λῃσταί
372 4630 384 4644 ο
422 4615 536 4668 ἀλλ’
563 4615 661 4667 οὑκ
689 4614 925 4683 ἥκουσαν
955 4608 1132 4665 αὑτῶν
1161 4607 1230 4660 τὰ
1259 4606 1526 4679 πρόϐατα.

232 4694 263 4749 9
300 4696 442 4765 ’Ἐγώ
480 4697 592 4766 ειμι
640 4698 673 4767 ἡ
726 4695 896 4765 θύρα·
950 4693 1016 4746 δι’
1056 4690 1189 4763 ἐμοῦ
1243 4689 1337 4742 ἐάν
1369 4705 1453 4752 τις
1488 4687 1700 4758 εἰσέλθῃ
1724 4728 1737 4750 ,

168 4777 494 4850 σωθήσεται·
549 4780 643 4835 καὶ
688 4776 1046 4832 εἰσελεύσεται
1093 4776 1186 4829 καὶ
1240 4772 1599 4839 ἐξελεύσεται,
1646 4772 1737 4825 καὶ

169 4862 331 4932 νομὴν
365 4864 605 4935 εὑρήσει.

235 4944 301 4997 10
337 4946 395 4999 Ὀ
429 4947 668 5016 κλέπτης
705 4945 805 4999 οὑκ
838 4943 1056 5015 ἔρχεται
1099 4942 1147 4994 εἰ
1185 4939 1257 5011 μὴ
1306 4939 1392 4992 ἵνα
1428 4936 1603 5011 κλέψῃ
1647 4937 1741 4991 καὶ

171 5021 301 5099 θύσῃ
344 5029 436 5083 καὶ
470 5029 740 5099 ἀπολέσῃ·
773 5026 882 5096 ἐγὼ
917 5021 1079 5095 ἦλθον
1124 5024 1212 5077 ἵνα
1242 5019 1386 5091 ζωὴν
1428 5018 1611 5089 ἔχωσι,
1648 5020 1742 5073 καὶ

174 5112 421 5175 περισσὸν
456 5111 671 5181 ἔχωσιν.

240 5192 299 5245 11
345 5193 483 5262 Ἐγώ
506 5197 623 5265 εἰμι
647 5196 675 5246 6
708 5190 908 5262 ποιμὴν
945 5192 972 5244 6
1005 5189 1188 5252 καλός.
1224 5190 1283 5242 Ὀ
1324 5188 1525 5259 ποιμὴν
1569 5187 1597 5239 6
1639 5201 1741 5238 κα-

172 5269 261 5335 λὴ
282 5275 378 5346 τὴν
410 5277 588 5348 ψυχὴν
616 5274 779 5330 αὑτοῦ
813 5274 1022 5343 τίθησιν
1053 5273 1190 5343 ὑπὲρ
1216 5272 1323 5325 τῶν
1363 5272 1669 5348 προϐάτων.

244 5355 309 5408 12
340 5359 394 5409 '0
429 5347 693 5428 μισθωτὸς
717 5359 795 5421 δὲ,
828 5356 921 5408 καὶ
950 5354 1048 5407 οὑκ
1072 5355 1145 5408 ὢν
1181 5356 1402 5425 ποιμὴν,
1431 5347 1491 5406 οὗ
1516 5353 1614 5405 οὑκ
1637 5347 1744 5403 εἰσὶ

174 5436 240 5489 τὰ
273 5441 512 5510 πρόϐατα
559 5443 685 5506 ἴδια,
726 5440 921 5510 θεωρεί
963 5437 1055 5490 τὸν
1100 5437 1260 5491 λύκον
1299 5437 1611 5509 ἐρχόμενον,
1651 5432 1745 5486 καὶ

179 5518 361 5591 ἀφίησι
389 5524 457 5578 τὸ.
486 5525 752 5597 πρόϐατα,
784 5523 878 5576 καὶ
917 5521 1138 5591 φεύγειν
1175 5522 1269 5575 καὶ
1308 5523 1336 5575 6
1376 5520 1538 5583 λύκος
1571 5516 1747 5589 ἀρπά-

179 5600 256 5665 ζει
284 5606 438 5671 αὑτὰ,
471 5609 566 5661 καὶ
598 5606 880 5680 σκορπίζει
908 5606 975 5659 τὰ
1002 5604 1269 5675 πρόϐατα.

152 5736 155 5749 ς
246 5687 311 5741 15
345 5690 401 5746 ’0
428 5690 485 5745 δὲ
526 5691 792 5763 μισθωτὸς
822 5689 1031 5759 φεύγει,
1054 5689 1143 5749 ,ὅτι
1184 5687 1447 5759 μισθωτός
1480 5688 1615 5750 ἐστι,
1655 5686 1747 5741 καὶ

1911 4454 1978 4508 14
2019 4448 2157 4518 Ἐγώ
2192 4451 2305 4518 εἰμι
2343 4451 2370 4501 6
2406 4447 2607 4517 ποιμὴν
2649 4448 2677 4499 ὁ
2715 4446 2895 4509 καλὸς,
2932 4443 3024 4497 καὶ
3059 4441 3310 4509 γινώσκω
3352 4440 3422 4493 τὰ

1846 4537 1967 4611 ἐμὰ.
1999 4535 2091 4588 καὶ
2130 4531 2468 4602 γινώσκομαι
2495 4530 2600 4583 ὑπο
2626 4530 2733 4583 τῶν
2757 4529 2926 4599 ἐμῶν.

1911 4632 1978 4687 15
2012 4630 2205 4692 Καθὼς
2247 4627 2502 4697 γινώσκει
2548 4644 2614 4695 με
2655 4628 2683 4679 6
2722 4624 2941 4695 Πατὴρ,
2979 4622 3132 4690 κάγὼ
3170 4620 3424 4690 γινώσκω

1838 4716 1930 4769 τὸν
1964 4714 2213 4785 Πατέρα’
2260 4713 2353 4766 καὶ
2400 4712 2498 4781 τὴν
2537 4709 2715 4781 ψυχήν
2759 4724 2858 4779 μου
2893 4705 3085 4775 τίθημι
3131 4705 3271 4774 ὑπὲρ
3314 4705 3424 4756 τῶν

1842 4798 2148 4869 προϐάτων.

1914 4895 1980 4949 16
2010 4894 2114 4949 Καὶ
2141 4892 2274 4946 ἄλλα
2299 4891 2544 4963 πρόϐατα
2576 4888 2703 4959 ἔχω,
2736 4888 2772 4942 ἀ
2808 4888 2907 4941 οὑκ
2933 4886 3079 4939 ἐστιν
3110 4886 3175 4938 ἐκ
3208 4882 3304 4953 τῆς
3326 4880 3424 4935 αὑι-

1841 4978 1938 5050 λῆς
1961 4977 2162 5048 ταύτης
2182 4994 2194 5007 ·
2229 4974 2455 5028 κάκεῖνά
2487 4991 2552 5044 με
2581 4973 2660 5026 δεῖ
2692 4972 2945 5039 ἀγαγεῖνο
2980 4968 3073 5022 καὶ
3111 4967 3208 5036 τῆς
3236 4965 3423 5050 φωνῆς

1847 5044 1945 5133 μου
1974 5044 2326 5115 ἀκούσουσιν·
2362 5058 2454 5111 καὶ
2495 5057 2775 5128 γενήσεται
2814 5053 2913 5124 μία
2945 5052 3171 5123 ποίμνη,
3205 5044 3284 5113 εἷς
3308 5063 3423 5101 meo

1847 5146 1973 5223 μήντ

1828 5268 1839 5279 -
1916 5242 1979 5295 17
2006 5239 2105 5293 Διά
2135 5238 2291 5291 τοῦτο
2332 5239 2360 5290 ὁ
2402 5236 2591 5305 Πατήρ
2624 5252 2688 5305 με
2728 5234 2934 5305 ἀγαπᾷ,
2964 5233 3046 5286 ὅτι
3092 5228 3203 5299 ἐγὼ
3232 5227 3424 5299 τίθημι

1844 5325 1940 5397 τὴν
1965 5324 2142 5391 ψυχήν
2173 5339 2274 5391 μου
2302 5321 2387 5373 ἵνα
2423 5319 2593 5373 πάλιν,
2607 5318 2758 5372 λάϐω
2780 5318 2977 5387 αὑτήν.

1916 5421 1982 5475 18
2013 5421 2198 5482 Οὑδεὶς
2236 5418 2375 5489 αἴρει
2414 5415 2579 5486 αὐτὴν
2618 5415 2713 5468 ἀπ’
2744 5412 2911 5484 ἐμοῦ·
2945 5411 3059 5466 ἀλλ’
3084 5408 3192 5477 ἐγὼ
3232 5404 3422 5489 τίθημι

1846 5506 2013 5577 αὑτὴν
2042 5505 2133 5558 ἀπ’
2157 5482 2418 5573 ἐμαυτοῦ.
2458 5482 2733 5565 Ἐξουσίαν
2764 5496 2871 5569 ἔχω
2901 5493 3072 5547 θεῖναι
3109 5489 3299 5577 αὑτὴν,
3326 5482 3420 5537 καὶ

1848 5570 2092 5656 ἐξουσίαν
2120 5570 2227 5657 ἔχω
2259 5586 2417 5639 πάλιν
2442 5584 2625 5638 λαϐεῖν
2654 5583 2841 5651 αὑτήν.
2885 5576 3098 5643 Ταύτην
3135 5571 3233 5641 τὴν
3276 5570 3430 5622 ἔντα-

1848 5675 1946 5744 λὴν
1976 5672 2163 5725 ἔλαϐον
2192 5671 2339 5741 παρὰ
2368 5669 2460 5723 τοῦ
2496 5666 2706 5737 Πατρός
2735 5678 2860 5732 μου.
3242 5662 3255 5668 ’
