3900 6216
167 233 275 291 857

174 352 499 413 ι·.“μφυτον,
534 344 933 415 αὐτόπρεμνον,
965 347 1087 400 ὅθεν
1117 346 1257 415 φυτὰ
1286 347 1455 417 μυρία
1482 346 1707 415 κόσμου.

240 439 305 491 51
342 434 521 490 Εἶπεν
556 436 755 501 Ἀναξ·
787 433 906 490 λαοὶ
946 438 1000 491 δὲ
1032 438 1339 510 συνέρρεον,
1372 440 1435 491 ἐκ
1458 436 1683 491 δαπέδου
1722 434 1777 487 δὲ

173 531 328 591 Λᾶας
358 526 722 597 ἀνηέρταζον,
759 527 907 589 ὅπως
932 527 1034 579 ὑπὸ
1057 528 1283 598 χερμάδι
1307 527 1477 598 λύσσῃ

178 617 425 687 Χριστὸν
450 615 773 669 ὀῖστεύσωσι
804 618 1178 689 χαραδραίοισι
1215 618 1493 688 βελέμνοις
1515 633 1527 645 ·

174 714 243 767 3'2
290 708 510 780 Ἰησοῦς
539 709 581 762 δ’
616 708 974 779 άπάμειμπτο
999 711 1137 780 χέων
1177 707 1538 780 πολυμεμφέα
1565 709 1772 778 φωνήν·

190 806 508 876 Ἠμετέρου
532 804 670 859 καλά
701 804 872 858 πολλά
898 806 1024 876 παρ’
1051 804 1293 874 ύψίστοιο
1318 804 1522 873 Τοκῆος

197 898 409 968 ’Υμέας
439 898 578 969 ἔργα
610 896 794 963 δίδαξα
820 898 995 969 τάπερ
1032 897 1229 968 μάθον·
1254 898 1373 951 ἀντὶ
1394 896 1535 961 τίνος
1571 893 1628 948 δὲ

181 992 389 1060 Ἐργου
427 988 717 1041 θεσπεσίου
745 987 933 1058 φονίην
954 987 1191 1050 τίνοντες
1219 986 1475 1057 ἀμοιϐὴν,

178 1083 272 1143 Εἰς
302 1080 406 1150 ἐμὲ
436 1079 728 1133 λαϊνέοισιν
752 1078 1103 1150 ἐθωρήχθητε
1142 1077 1460 1148 βελέμνοις;

177 1173 245 1225 55
276 1171 411 1223 Λαοὶ
450 1170 498 1221 δ’
528 1169 860 1241 ἀντιάχησαν
888 1169 1199 1240 ἀμοιϐαδίς·
1234 1169 1309 1221 Οὐ
1336 1168 1495 1239 χάριν
1528 1166 1689 1238 ἔργου

179 1259 365 1313 Καλοῦ
394 1258 602 1311 λύσσαν
637 1258 853 1328 ἔχοντες
879 1256 1184 1322 άολλίζοντο
1214 1255 1449 1319 πολῖται,

182 1354 366 1421 Ὀςρρσι
395 1368 459 1403 σε
495 1350 776 1421 πετρόεντι
812 1348 1206 1421 κατακρύψωσι
1234 1348 1450 1419 χιτῶνι·

192 1442 352 1494 ’Λλλά
382 1440 797 1513 βαρυγλώσσοιο
828 1440 949 1493 τεοῦ
975 1439 1132 1510 χάριν
1158 1438 1516 1509 ἀνθερεῶνος,

184 1536 338 1587 ’Ὁττι
376 1520 747 1604 χαμαιγενέος
779 1530 1027 1602 μεθέπων
1068 1530 1352 1600 βλάστημα
1388 1526 1668 1596 γενέθλης,

181 1624 385 1695 Ηνητὸς
416 1623 525 1677 ἐὼν
556 1625 767 1687 ἐνέπεις
799 1622 931 1686 Θεὸς
956 1624 1211 1693 ἔμμεναι.
1244 1621 1313 1676 ’54
1346 1618 1645 1690 Ἀντιπόρῳ
1672 1616 1729 1669 δὲ

181 1714 415 1787 Χριστὸς
439 1714 855 1785 ἀναμφήριστον
884 1713 1013 1776 ἔπος
1037 1714 1318 1783 μυθήσατο
1348 1711 1462 1781 λαῷ
1481 1727 1495 1741 ·

182 1810 255 1861 0-5
283 1808 450 1878 νόμος
487 1806 692 1877 ὑμείων
718 1806 1109 1876 κεχαραγμένα
1140 1805 1310 1858 ταῦτα
1333 1803 1547 1874 κομίζει
1570 1819 1583 1832 ·

182 1890 346 1945 Εἶπον
365 1892 501 1961 ἐγώ·
522 1892 643 1945 Θεοί
669 1894 821 1957 ἐστε;
845 1892 913 1946 55
929 1894 1035 1945 Kal
1057 1895 1102 1945 εί
1124 1893 1350 1964 χθονίων
1368 1891 1517 1955 τινὰς
1544 1891 1774 1963 ἀνδρῶν,

181 1977 275 2044 Οἷς
301 1981 425 2034 τότε
462 1980 660 2051 μοῦνον
691 1981 841 2033 ἵκανε
870 1981 1003 2034 Θεοῦ
1038 1982 1195 2050 λόγος
1224 1978 1341 2045 ἷσος
1364 1982 1580 2053 ὀνείρῳ,

194 2073 499 2144 Ὑμετέρου
527 2073 747 2143 θεσμοῖο
777 2071 930 2135 θεοὺς
960 2074 1253 2127 ἐκάλεσσεν
1285 2072 1457 2145 ἀοιδὴ,

186 2163 290 2219 Kal
315 2163 602 2232 γραφικῆς
643 2161 844 2231 βίϐλοιο
874 2161 1195 2225 παλίλλυτος
1234 2163 1466 2233 ἔμμεναι
1488 2162 1636 2235 ὀμφὴ

184 2255 255 2306 lli)
277 2253 529 2309 δύναται·
563 2253 627 2307 56
644 2254 813 2322 Λόγον
836 2254 995 2307 αὑτὸν
1012 2254 1068 2309 ὃν
1084 2255 1207 2324 ’Υψι
1217 2255 1390 2325 μέδων
1408 2255 1542 2326 πόρε
1567 2255 1775 2326 κόσμῳ,

182 2346 290 2399 Kal
313 2346 568 2416 καθαρῆς
602 2345 860 2416 παλάμης
898 2346 1036 2414 ἁγίῳ
1067 2347 1441 2417 σφρηγίσσατο
1472 2345 1679 2417 θεσμῷ,

195 2442 385 2511 Ὑμεῖς
412 2441 627 2513 ἄφρονα
663 2438 829 2511 μῦθον
863 2438 1271 2506 ἐπεφθέγξασθε
1311 2437 1592 2508 μανέντες,

185 2533 334 2587 Ὀττι
368 2531 510 2586 Θεοῦ
546 2531 774 2596 ζώοντος
800 2528 911 2599 ἐγὼ
945 2531 1102 2594 Πάῖς.
1137 2530 1208 2583 57
1255 2528 1554 2600 Ἠμετέρου
1589 2528 1647 2582 δὲ

188 2628 248 2679 Εἰ
286 2628 359 2698 μὴ
400 2625 517 2695 ἐγὼ
547 2625 714 2678 τελέω
738 2623 1014 2697 ζωαρκέος
1044 2622 1181 2695 ἔργα
1204 2622 1434 2693 Τοκῆος,

191 2721 280 2789 Μή
307 2719 437 2773 ποτέ
475 2736 563 2789 μοι
598 2718 876 2771 πείθεσθε·
911 2716 979 2770 58
1008 2716 1101 2770 καὶ
1133 2716 1182 2769 εί
1212 2714 1488 2786 βιοδώτορι
1523 2715 1674 2786 μύθῳ

203 2811 513 2883 Ἠμετέρου
550 2808 844 2881 Γενετῆρος
878 2808 1171 2879 ἀτέρμονος
1198 2808 1320 2871 ἄξια
1345 2806 1485 2878 ῥέζω

200 2903 422 2971 Ἔργοις
463 2900 772 2972 ἡμετέροις,
806 2900 981 2967 τάπερ
1012 2898 1208 2971 ἔδρακε
1241 2898 1450 2970 μάρτυς
1475 2898 1691 2969 ὀπωπὴ,

198 2996 380 3064 ’Ὁφρα
418 3010 486 3047 κε
514 2992 829 3063 γινώσκοιτε
861 2990 1200 3061 θεοπνεύστῳ
1234 2991 1339 3043 τινὶ
1376 2990 1550 3061 μύθῳ,

197 3085 282 3149 Ὧς
309 3087 365 3138 ἐν
394 3084 524 3155 ἐμοὶ
551 3082 756 3137 τελέθει
780 3081 1010 3151 Γενέτης
1043 3082 1174 3151 ἐμός
1193 3097 1205 3111 ·
1241 3081 1355 3133 ὅττι
1387 3080 1479 3133 καὶ
1510 3080 1671 3145 αὐτὸς

199 3176 554 3248 ’Λγχιφανὴς,
584 3174 895 3245 ἀμέριστός,
928 3171 1193 3243 όμόζυγός
1232 3173 1345 3243 εἰμι
1376 3173 1603 3243 Τοκῆος.

242 3266 310 3321 59
342 3267 557 3340 Ἰησοῦν
573 3267 622 3321 δ’
641 3268 899 3337 ἀκίχητον
918 3264 1278 3335 ἐπειρήσαντο
1297 3259 1500 3325 πιέζειν

195 3359 352 3429 120
394 3357 690 3430 Ἀφραδέες
728 3357 871 3422 τινὲς
911 3356 1103 3428 ἀνδρες
1128 3372 1143 3387 ·
1181 3357 1212 3412 ὁ
1255 3356 1312 3411 δέ
1356 3355 1616 3427 φθαμένῳ
1662 3356 1783 3409 ποδὶ

1490 3447 1713 3519 [βαίνων

197 3540 517 3594 Δυσσεεὲων
550 3539 658 3595 ἀπὸ
688 3542 889 3611 χειρὸς.
924 3539 994 3595 40
1036 3540 1322 3613 Ἰορδανοῖο
1363 3539 1584 3611 ῥεέθρου

198 3631 367 3695 [Ιέζαν
395 3635 459 3695 ἐς
497 3632 848 3703 ἀντιπέραιαν
884 3632 1139 3703 ἐχάζετο·
1173 3633 1233 3688 41
1268 3633 1362 3687 καί
1390 3634 1437 3696 οί
1469 3634 1599 3685 ἰόντι

198 3723 466 3787 Ἄσπετος
495 3724 804 3795 ὀμάρτησεν
841 3724 1173 3794 ὁμοστιχέων
1200 3724 1356 3795 χορὸς
1378 3723 1605 3794 ἀνδρῶν.

199 3815 377 3886 Ἀλλῳ
413 3816 460 3868 δ’
490 3815 647 3877 ἄλλος
677 3813 823 3877 ἔλεξε
854 3812 994 3883 χέων
1030 3813 1335 3884 πειθήμονα
1370 3813 1565 3883 βουλήν
1586 3830 1598 3843 ·

199 3904 389 3976 θαῦμα
423 3905 522 3973 μὲν
553 3903 925 3973 ἐμπεδόμυθος
955 3904 1085 3955 ἰδεῖν
1116 3902 1341 3974 θηήτορι
1367 3903 1480 3973 λαῷ

200 3997 358 4049 Οὐδὲν
403 3994 656 4063 Ἰωάννης
693 3992 1033 4045 ἐπεδείκνυεν
1054 4009 1067 4022 ·
1098 3994 1241 4062 ἀμφὶ
1272 3994 1328 4045 δὲ
1366 3992 1556 4044 τούτου

200 4089 491 4158 Ὅμμασιν
518 4086 880 4139 ἀπλανέεσσιν
916 4084 1157 4153 ἐτήτυμα
1187 4082 1362 4135 πάντα
1389 4082 1595 4135 δοκεύω

204 4177 460 4234 Ὀππόσα
489 4181 665 4241 κεῖνος
702 4175 869 4241 ἔλεξε.
907 4174 976 4228 42
1012 4172 1121 4225 Καὶ
1175 4172 1363 4240 ἀνέρες
1393 4171 1577 4224 αὐτόθι
1608 4171 1786 4224 πολλοὶ

204 4273 351 4325 ίῐσιιδ)⁵
373 4271 507 4326 Θεοῦ
544 4270 814 4332 πίστευον,
839 4266 1129 4339 ἀμιμὴτων
1160 4264 1319 4335 χάριν
1350 4262 1544 4330 ἔργων.

1177 232 1660 289 ΡΑῐὶᾹῐῚίῐὶΛείδ
1692 229 1757 285 IN
1794 226 2132 285 JOANNEM.
2170 259 2239 273 --
2274 232 2428 289 CAP.
2466 230 2512 287 Χ

3348 238 3453 295 838

1808 343 1854 400 Δ
1884 357 2055 410 genus
2106 358 2319 408 sumus,
2379 343 2631 411 insitum,
2663 360 2759 415 per
2817 359 2874 400 se
2929 344 3262 411 radicatum,
3309 351 3454 404 unde

1818 462 1825 467 -
1882 433 2083 502 plantae
2124 434 2350 489 inﬁnita:
2374 437 2581 491 mundi.

1949 524 2008 577 51
2043 524 2187 578 Dixit
2217 524 2351 593 Rex;
2370 529 2603 597 populus
2631 536 2810 581 autem
2834 525 3184 589 conﬂuxit,et
3211 544 3276 583 ex
3305 530 3454 599 pavi-

1882 624 2064 669 mento
2082 614 2313 686 Lapides
2336 620 2580 683 sustulit,
2604 616 2915 684 utlapidum
2939 627 3275 689 arreptorum
3306 620 3455 675 rabie

1880 707 2157 762 Christum
2180 708 2514 778 iacularetur
2541 727 2604 765 ex
2632 712 2749 765 loco
2775 712 3104 782 confragoso
3122 712 3275 767 lectis
3300 713 3457 781 jacu-

1881 798 1967 853 lis.
1986 800 2054 854 52
2076 799 2236 855 Jesus
2268 810 2445 855 autem
2472 804 2774 871 respondit,
2803 804 3036 859 fundens
3069 806 3456 875 expostulatri-

1881 905 1999 944 cem
2032 906 2219 946 vocem
2248 909 2261 946 :
2292 889 2487 945 Nostro
2524 892 2664 945 bona
2698 894 2867 947 multa
2897 895 2965 947 ab
2998 894 3268 949 altissimo
3296 893 3455 947 Patre

1883 980 1991 1037 Vos
2007 997 2169 1052 opera
2185 982 2345 1037 docui
2369 997 2490 1053 quae
2513 981 2709 1059 didici;
2729 998 2824 1051 pro
2842 1001 2950 1053 quo
2976 993 3157 1039 autem
3179 985 3354 1055 Opere
3375 984 3457 1039 di-

1881 1073 2006 1127 vino
2029 1072 2427 1127 homicidialem
2446 1072 2815 1141 persolventes
2836 1075 3270 1141 retributionem,
3289 1073 3345 1128 la
3370 1090 3457 1128 me

1883 1164 2146 1234 lapidosis
2179 1166 2446 1219 exarmati
2476 1165 2612 1220 estis
2638 1164 2884 1233 jaculis?
2917 1166 2987 1220 55
3008 1166 3249 1235 Populus
3275 1175 3455 1221 autem

1882 1256 2161 1325 respondit
2228 1255 2470 1311 vicissim
2523 1273 2535 1309 :
2588 1253 2707 1308 Non
2769 1262 2990 1325 propter
3050 1271 3189 1324 opus
3244 1254 3455 1310 Bonum

1881 1348 2085 1403 rabiem
2127 1347 2397 1403 habentes
2434 1348 2749 1419 congregati
2777 1357 2907 1404 sunt
2940 1350 3109 1413 cives,
3143 1350 3210 1405 Ut
3242 1358 3293 1405 te
3319 1351 3456 1420 lapi—

1880 1441 2013 1495 dosa
2045 1440 2321 1494 occultent
2367 1440 2589 1505 tunica;
2624 1439 2729 1494 Sed
2780 1441 3106 1495 maledicum
3142 1451 3295 1496 tuum
3328 1458 3458 1513 pro-

1895 1540 2019 1603 pter
2050 1548 2131 1596 os,
2169 1532 2323 1597 Quod
2360 1542 2587 1587 terrente
2638 1532 2845 1588 habens
2896 1549 3113 1603 germen
3159 1535 3462 1605 generatio-

1883 1623 1988 1683 nis,
2018 1621 2262 1676 Mortalis
2291 1623 2582 1687 exsistens,
2623 1622 2762 1677 dicis
2790 1631 2841 1677 te
2873 1622 3039 1678 Deum
3065 1640 3208 1680 esse.
3255 1626 3324 1680 54
3352 1623 3461 1694 Op-

1811 1692 2063 1783 Bposito
2132 1722 2311 1767 autem
2379 1714 2635 1768 Christus
2705 1714 3071 1769 indubitatum
3150 1692 3459 1771 sermonem

1878 1805 2016 1860 dixit
2046 1806 2246 1874 populo
2276 1824 2288 1858 :
2324 1803 2514 1857 Nonne
2560 1806 2639 1859 lex
2688 1813 2870 1859 vestra
2920 1806 3133 1875 signata
3179 1807 3296 1862 haec
3325 1822 3456 1877 prov

1882 1895 2031 1950 fert:
2065 1895 2181 1949 Dixi
2230 1910 2367 1965 ego:
2401 1894 2482 1949 Dii
2526 1896 2702 1951 estis?
2756 1897 2824 1951 '55
2880 1896 2964 1961 Et,
3013 1898 3057 1953 si
3099 1901 3452 1955 terrestribus

1880 1987 2148 2057 quosdam
2194 2003 2259 2041 ex
2305 1989 2459 2053 viris,
2514 1988 2595 2043 Ad
2644 2003 2783 2057 quos
2815 1996 2946 2043 tttnc
2983 1990 3157 2043 solum
3187 1990 3333 2044 venit
3365 1989 3460 2044 Dei

1880 2079 2104 2133 verbum
2150 2080 2326 2133 simile
2381 2079 2614 2142 somnio,
2654 2077 2861 2135 Vestra:
2911 2080 3046 2150 legis
3087 2081 3216 2134 deos
3246 2081 3463 2135 vocavit

1882 2181 2093 2236 cantus,
2141 2170 2208 2225 Et
2252 2172 2442 2242 scripti
2492 2173 2615 2227 libri
2666 2174 2905 2228 rescissa
2961 2189 3084 2229 esse
3124 2173 3307 2228 divina
3356 2190 3461 2232 vox

1878 2264 1997 2319 Non
2037 2272 2245 2335 potest:
2295 2264 2363 2319 56
2415 2264 2483 2319 de
2533 2263 2712 2320 Verbo
2762 2266 2906 2334 quod
2960 2266 3266 2334 Altiregens
3314 2265 3461 2319 dedit

1881 2358 2105 2423 mundo,
2139 2357 2201 2409 Et
2225 2372 2376 2426 pura:
2410 2371 2606 2412 manus
2636 2365 2823 2411 saneta
2854 2358 3162 2426 obsignavit
3186 2357 3324 2425 lege,
3349 2354 3460 2410 Vos

1881 2449 2228 2519 insipientem
2292 2463 2601 2503 sermonem
2672 2448 2843 2502 locuti
2906 2450 3041 2504 estis
3103 2448 3465 2503 insanientes.

1885 2540 2021 2607 Quia
2057 2538 2152 2595 Dei
2184 2538 2288 2593 vivi
2332 2556 2433 2609 ego
2469 2556 2589 2593 sum
2626 2538 2815 2595 Filius.
2852 2540 2919 2593 57
2942 2538 3125 2593 Nostri
3174 2550 3354 2592 autem
3403 2538 3462 2593 Si

1883 2646 1991 2684 non
2032 2643 2133 2699 ego
2178 2628 2402 2698 perﬁcio
2453 2629 2634 2683 vitalis
2682 2643 2849 2698 opera
2898 2627 3099 2691 Patris,
3171 2626 3461 2696 Nunquam

1883 2723 2012 2776 mihi
2054 2721 2325 2776 creditis:
2358 2720 2427 2775 58
2469 2730 2521 2776 et
2563 2722 2609 2777 si
2646 2723 2768 2775 vitae
2812 2720 3004 2775 datore
3052 2720 3216 2773 verbo
3262 2718 3464 2775 Nostro

1882 2813 2043 2867 Patre
2080 2821 2287 2868 aeterno
2334 2813 2495 2882 digna
2550 2812 2694 2867 facio
2746 2812 3016 2883 Operibus
3066 2812 3294 2875 nostris,
3340 2824 3462 2880 qum

1884 2910 2022 2965 vidit
2067 2910 2366 2963 testilicans
2402 2909 2576 2970 visus,
2609 2907 2679 2962 Ut
2711 2909 3056 2977 cognoscatis
3087 2922 3116 2959 a
3152 2906 3261 2961 Deo
3290 2908 3463 2977 inspi-

1810 3026 1849 3081 ο
1885 3013 2007 3059 rato
2030 3004 2264 3074 quodam
2291 3018 2564 3065 sermone,
2600 3002 2757 3068 Quod
2787 3003 2841 3055 in
2868 3016 2954 3055 me
2980 3010 3064 3055 est
3085 2999 3246 3054 Pater
3272 3016 3459 3065 meus;

1882 3102 2026 3171 quod
2072 3110 2125 3155 et
2173 3102 2287 3170 ipse
2344 3099 2518 3169 Prope
2568 3113 2859 3168 apparens,
2899 3097 3190 3161 indivisns,
3241 3112 3463 3167 compar

1884 3214 2005 3253 sum
2040 3196 2208 3250 Patri.
2266 3198 2333 3251 59
2385 3195 2569 3251 Jcsum
2622 3204 2800 3249 autem
2856 3192 3459 3264 incomprehensibilem

1884 3302 2166 3349 tentarunt
2215 3308 2411 3361 capere
2437 3293 2589 3360 121
2625 3291 3001 3360 Imprudentes
3045 3290 3268 3359 quidam
3315 3289 3458 3344 viri:

1884 3392 1975 3447 ille
2010 3396 2191 3443 autem
2236 3387 2397 3442 celeri
2451 3388 2587 3456 pede
2632 3386 2870 3441 evadcns
2902 3384 3195 3455 lmpiorum
3226 3400 3257 3439 e
3288 3385 3462 3439 mani—

1883 3487 2006 3550 bus,
2047 3487 2115 3541 όθ
2135 3484 2357 3539 Jordani
2401 3482 2548 3537 ﬂuvii
2593 3482 2885 3552 [legionem
2923 3482 2977 3535 in
3005 3481 3311 3551 Opposilam
3344 3478 3461 3534 dis-

1886 3584 2088 3651 cessit;
2131 3584 2194 3638 41
2235 3590 2294 3636 et
2327 3582 2502 3652 ipsum
2544 3590 2765 3636 euntem
2806 3580 3060 3635 lnlinitus
3130 3579 3464 3650 sequebatur

1886 3680 2051 3736 simul
2090 3678 2403 3734 vadentium
2447 3686 2624 3731 cattus
2664 3678 2925 3731 virorum.
2966 3676 3072 3730 Alii
3100 3683 3279 3728 autem
3323 3673 3467 3728 alius

1886 3779 2060 3842 dixit,
2118 3774 2351 3830 fundens
2402 3774 2675 3829 credulam
2736 3774 3108 3829 sententiam:
3143 3771 3462 3825 Miraculum

1887 3875 2106 3945 quidem
2136 3871 2478 3940 ﬁrmiloquus
2503 3870 2569 3923 ad
2596 3869 2885 3924 videndum
2916 3869 3228 3939 inspicienti
3263 3868 3464 3937 populo

1888 3968 2108 4023 Nullum
2140 3966 2381 4020 Joannes
2412 3965 2768 4029 monstravit;
2805 3964 2872 4018 de
2913 3964 3019 4017 hoc
3060 3972 3240 4016 autem
3276 3960 3465 4015 Oculis

1891 4079 2001 4119 non
2052 4060 2369 4117 errantibus
2407 4074 2531 4113 vera
2564 4058 2748 4112 omnia
2789 4058 2945 4111 video
2978 4056 3330 4125 Quaecunque
3376 4054 3467 4109 ille

1892 4160 2049 4214 dixit.
2078 4156 2149 4213 Ω
2178 4155 2243 4209 Ει
2271 4154 2372 4208 viri
2418 4154 2491 4209 ibi
2538 4152 2696 4207 multi
2727 4151 2865 4207 Filio
2890 4151 2984 4207 Dei
3039 4153 3338 4208 credebant
3382 4153 3467 4205 in-

1897 4254 2183 4313 imitabilia
2219 4258 2442 4323 propter
2469 4264 2656 4319 opera.

1402 4388 1687 4444 TEXTUS
1726 4379 2260 4446 EVANGELISTAE.

270 4518 329 4573 51
383 4516 717 4570 Ἐὁάστασαν
759 4508 850 4565 οὖν
888 4510 1047 4564 πάλιν
1089 4508 1268 4570 λίθους
1312 4504 1361 4558 οἱ
1396 4505 1657 4572 Ἰουδαῖοι,
1696 4506 1782 4560 ἵνα
1817 4509 1857 4563 D
1955 4501 2021 4555 57
2053 4498 2116 4551 Εἰ
2159 4496 2220 4549 οὐ
2267 4492 2402 4546 ποιῶ
2440 4491 2507 4545 τὰ
2555 4491 2689 4562 ἔργα
2734 4489 2827 4543 τοῦ
2860 4491 3069 4561 Πατρός
3106 4509 3226 4561 μου,
3259 4492 3334 4566 μὴ
3378 4513 3467 4549 πι-

209 4601 494 4654 λιθάσωσιν
522 4596 705 4650 αὐτόν.

270 4685 340 4739 52.
392 4679 689 4753 Ἀπεκρίθη
717 4679 899 4743 αὐτοῖς
929 4680 958 4732 ὁ
996 4674 1223 4746 Ἰησοῦς·
1271 4671 1448 4725 Πολλά
1479 4670 1618 4724 καλὰ
1648 4670 1783 4741 ἔργα

210 4766 375 4831 Quia
420 4766 546 4836 ὑμῖν
590 4766 655 4815 ἐκ
696 4761 788 4815 τοῦ
836 4759 1048 4832 Πατρός
1096 4773 1228 4828 μου·
1282 4755 1370 4808 διὰ
1424 4756 1571 4806 ποῖον
1607 4753 1783 4807 αὐτῶν

212 4850 362 4919 ἔργον
395 4846 643 4911 λιθάζετέ
685 4862 749 4915 με
773 4863 786 4909 ;

275 4936 344 4989 55
371 4930 771 5002 Ἀπεκρίθησαν
802 4927 949 4999 αὐτῷ
971 4928 1018 4981 οἱ
1057 4925 1318 4986 Ἰουδαῖοι,
1342 4922 1587 4990 λέγοντες
1605 4937 1616 4950 ·
1650 4920 1786 4993 Περὶ

213 5016 370 5071 καλοῦ
400 5017 561 5089 ἔργου
589 5015 649 5067 ού
674 5011 962 5082 λιθάζομέν
989 5028 1070 5069 σε,
1094 5008 1229 5062 ἀλλά
1257 5008 1387 5089 περὶ
1420 5003 1789 5089 βλασφημίας,

214 5101 302 5152 καὶ
337 5102 416 5154 ὃτι
438 5088 510 5152 σὺ
546 5096 830 5167 ἄνθρωπος
860 5092 936 5147 ὣν
969 5095 1140 5154 ποιεῖς
1170 5088 1394 5143 σεαυτὸν
1422 5088 1575 5141 Θεόν.

279 5183 347 5236 54
384 5178 678 5252 Ἀπεκρίθη
704 5178 886 5240 αὐτοῖς
916 5179 944 5229 ὁ
980 5173 1182 5246 Ἰησοῦς
1202 5189 1227 5235 ’ν
1251 5172 1365 5225 Ούκ
1401 5168 1515 5222 ἔστι
1547 5184 1792 5239 γεγραμ-

220 5266 372 5333 μένον
394 5266 450 5319 ἐν
478 5263 555 5334 τῷ
584 5264 735 5333 νόμῳ
763 5260 942 5332 ὑμῶν·
990 5255 1130 5325 Ἐγὼ
1161 5253 1312 5319 εἶπα,
1342 5252 1451 5305 θεοί
1483 5255 1638 5316 ἐστε;

286 5349 353 5404 55
393 5350 457 5402 Ei
495 5332 732 5407 ἐκείνους
778 5340 898 5396 εἷπε
937 5340 1112 5403 Θεοὺς,
1145 5339 1281 5409 πρὸς
1322 5334 1414 5399 οὒς
1445 5339 1473 5388 ὁ
1505 5334 1662 5402 λόγος
1701 5332 1791 5387 τοῦ

220 5429 347 5483 Θεοῦ
376 5430 608 5499 ἐγένετο,
638 5429 730 5481 καὶ
762 5427 821 5480 ού
849 5425 1070 5478 δύναται
1092 5421 1317 5490 λυθῆναι
1346 5420 1379 5489 ἡ
1408 5418 1597 5487 Γραφή
1621 5431 1635 5447 ⁸

1887 4579 2105 4637 στεύετέ
2139 4594 2228 4649 μοι
2250 4608 2267 4627 .

1955 4665 2023 4720 58
2056 4663 2118 4715 El
2144 4661 2201 4713 δὲ
2226 4657 2385 4721 ποιῶ,
2415 4656 2518 4710 κᾶν
2548 4655 2671 4726 ἐμοὶ
2702 4654 2776 4726 μὴ
2806 4655 3117 4725 πιστεύητε,
3151 4659 3263 4722 τοῖς
3290 4658 3468 4732 ἔργοις

1886 4746 2243 4801 πιστεύσατε·
2287 4742 2373 4794 ἵνα
2407 4739 2579 4808 γνῶτε
2626 4739 2720 4791 καὶ
2763 4737 3086 4810 πιστεύσητε
3130 4739 3212 4792 ὅτι
3258 4742 3314 4792 ὲν
3348 4743 3470 4812 ἐμοι

1886 4835 1915 4886 ὁ
1948 4829 2156 4899 Πατὴρ,
2192 4823 2349 4894 κάγὼ
2369 4824 2425 4877 ἐν
2455 4820 2622 4892 αὐτῷ.

1959 4916 2029 4971 59
2065 4913 2317 4983 Ἐζήτουν
2338 4906 2432 4962 οὖν
2467 4906 2628 4961 πάλιν
2667 4906 2827 4959 αὐτὸν
2858 4905 3079 4958 πιάσαι·
3116 4905 3211 4959 καὶ
3249 4904 3471 4977 ἐξῆλθεν

1894 5001 1958 5052 ἐκ
1994 4997 2092 5066 τῆς
2127 4993 2308 5064 χειρὸς
2341 4990 2542 5045 αὐτῶν.

1963 5079 2032 5133 40
2054 5078 2161 5133 Καὶ
2186 5074 2398 5144 ἀπῆλθε
2431 5072 2597 5127 πάλιν
2639 5071 2812 5141 πέραν
2844 5071 2936 5124 τοῦ
2979 5070 3241 5141 Ἰορδάνου
3277 5073 3357 5134 είς
3382 5070 3472 5125 τδν

1892 5165 2055 5218 τόπον
2096 5160 2229 5213 ὅπου
2270 5153 2339 5229 ἦν
2389 5155 2643 5227 Ἰωάννης
2669 5155 2731 5208 τὸ
2769 5153 2984 5223 πρῶτον
3020 5152 3328 5223 βαπτίζων·
3376 5155 3472 5208 καὶ

1894 5246 2107 5317 ἔμεινεν
2127 5243 2262 5295 ἐκεῖ.

1967 5328 2028 5382 «ii
2081 5326 2188 5380 Kal
2238 5321 2422 5375 πολλοὶ
2462 5315 2626 5392 ἦλθον
2668 5320 2807 5391 πρὸς
2854 5317 3052 5381 αὐτὸν,
3109 5318 3203 5371 καὶ
3254 5318 3468 5385 ἔλεγον·

1898 5412 2020 5466 Ὀτι
2064 5407 2315 5476 Ἰωάννης
2352 5403 2453 5475 μὲν
2498 5405 2723 5474 σημεῖον
2764 5403 3021 5471 ἐποίησεν
3072 5400 3256 5476 οὐδέν·
3298 5397 3480 5452 πάντα

288 5514 352 5567 56
388 5475 483 5567 ’ὃν
527 5515 556 5566 ό
594 5475 790 5581 ᾖατὴρ
830 5508 1023 5580 ἡγίασε
1073 5504 1165 5558 καὶ
1216 5475 1534 5556 ἀπέστειλεν
1585 5475 1663 5562 εἰς
1710 5497 1798 5549 τὸν
1896 5494 1951 5548 δὲ
1990 5493 2089 5545 ὅσα
2118 5485 2271 5543 εἶπεν
2307 5486 2559 5557 Ἰωάννης
2741 5484 2955 5581 τούτου,
2992 5480 3167 5581 ἀληθῆ
3205 5475 3294 5552 ἦν.

224 5596 439 5668 κόσμον,
472 5594 627 5667 ὑμεῖς
660 5576 875 5663 λέγετεῖ
905 5593 1024 5645 ’Ότι
1070 5586 1407 5661 βλασφημεῖς
1431 5601 1444 5614 ·
1488 5582 1567 5636 ὅτι
1616 5576 1795 5633 εἵπον-

228 5677 345 5744 Υἱὸς
386 5678 477 5733 τοῦ
514 5677 648 5731 Θεοῦ
686 5679 828 5749 εἰμι;

1969 5576 2037 5630 42
2057 5574 2164 5628 Kal
2189 5571 2514 5625 ἐπίστευσαν
2546 5567 2731 5622 πολλοὶ
2751 5568 2868 5621 ἐκεῖ
2888 5566 2967 5627 είς
2992 5560 3175 5616 αὐτόν.
