3900 6216
208 377 302 432 διε
1100 350 1103 351 ί
1143 362 1626 457 PAIiAPlIItASIS
1661 364 1726 423 IN

1892 366 2099 425 λΝΕΜ.
2140 397 2209 410 -—
2238 368 2389 425 CAP.
2431 364 2519 422 XI.

1808 492 1854 548 Α
1885 484 1953 538 12
1999 484 2067 538 Et
2109 497 2414 539 sermonem
2465 483 2781 554 ignorantes
2839 478 3099 534 dixerunt
3151 475 3453 546 discipuli:

212 493 277 547 12
299 487 402 544 Καὶ
429 485 973 556 λόγοκιᾶγνώσσοντες
1003 486 1348 557 ὲμυθήσαντο
1372 484 1636 557 μαθηταί·

209 583 448 653 Λάζαρος
479 580 525 632 εί
551 582 807 642 κνώσσει,
845 578 962 641 σόος
984 578 1221 632 ἔσσεται.
1253 579 1318 632 15
1360 576 1648 649 ’Λρτιθανῆ
1679 576 1777 646 μὲν

222 670 419 742 Ἰησοῦς
456 669 708 739 ἀγόρευε,
743 666 1051 740 φιλοθρήνῳ
1082 668 1233 739 παρά
1259 667 1451 738 τύμϐῳ

210 762 409 825 Εῦδειν,
436 758 649 831 νεκρὸν,
673 758 919 825 ἄναυδον,
950 759 1247 831 ἀνήγρετον
1275 759 1440 813 ῦπνον
1461 758 1705 832 ὀλέθρου.

209 855 268 907 Ol
294 853 349 905 δὲ
381 851 556 923 μάτην
580 850 803 905 ἔλποντο
839 851 991 919 φίλον
1029 851 1188 906 νέκυν
1211 852 1421 905 ἔνδοθεν
1450 853 1601 907 οίκου

219 942 371 996 Ὶιιεὺν
402 941 543 1012 ὑπὲρ
574 940 777 1011 λοχέων
807 940 1199 1014 παλινάγρετον
1233 943 1400 997 ὕπνον
1434 942 1625 997 ἰαύειν.

212 1030 273 1083 11
312 1027 611 1100 ’Λμφαδίην
630 1028 674 1083 δ’
705 1028 969 1100 ἀγόρευεν
1004 1030 1173 1097 ’Λναξ
1197 1032 1502 1103 οίκτίρμονι
1534 1030 1722 1103 μύθῳ·

208 1119 445 1190 Λάζαρον
468 1117 662 1173 εύνασε
687 1118 893 1191 πότμος
927 1119 1156 1191 ὀμοίῖος,
1183 1121 1374 1193 ἄγριον
1405 1121 1563 1177 ἀλλον

210 1213 406 1264 Ὕπνον
430 1209 580 1279 ἄγων
603 1228 616 1242 ·
650 1210 719 1266 15
773 1210 950 1283 χαίρω
978 1212 1036 1266 δὲ
1068 1212 1135 1266 δι’
1166 1211 1357 1283 ὑμέας,
1399 1213 1474 1277 ὼς
1506 1212 1588 1267 ἑνὶ
1615 1212 1780 1285 χώρῳ

208 1304 277 1355 Οὐ
307 1302 543 1374 γενόμην
565 1303 655 1356 ὅτε
682 1305 860 1366 κεῖνος
891 1303 1077 1374 ὁμίλεε
1104 1303 1306 1373 γείτονι
1335 1305 1530 1376 πότμῳ
1549 1320 1562 1335 ⁸

212 1396 383 1465 Ὀφρα
414 1411 479 1447 κε
526 1393 709 1448 πίστιν
741 1393 937 1466 ἔχοιτε,
976 1395 1139 1449 νέκυν
1170 1397 1309 1467 μετά
1351 1396 1559 1467 πότμον
1597 1394 1779 1466 ὁδίτην

207 1485 524 1558 Δερκόμενοι
552 1484 780 1550 ζώοντα,
811 1484 974 1540 πάλιν
998 1484 1241 1556 ψαύοντα
1270 1485 1555 1557 τραπέζης

206 1576 505 1631 Ξεινοδόκον
535 1577 792 1649 Χριστοῖο
810 1577 1146 1650 τοδεύτερον.
1204 1579 1365 1633 ’Λλλά
1383 1579 1520 1652 πρὸς
1546 1578 1709 1633 αὐτὸν

211 1672 400 1741 Ἵομεν.
427 1670 499 1725 16
525 1671 763 1725 Eleatth
792 1671 848 1725 δὲ
881 1672 1043 1728 διὼνυ
1054 1690 1152 1744 μος
1179 1672 1370 1728 ἔννεπε
1398 1674 1621 1745 Θωμᾶς,

212 1764 301 1818 Ὃν
324 1762 554 1833 Δίδυμον
576 1762 832 1817 καλέουσι
850 1780 865 1794 ο
890 1765 1317 1837 συναγρομένοις
1349 1764 1407 1819 δὲ
1440 1765 1711 1835 μαθηταῖς

208 1851 436 1923 Δάκρυον
470 1850 765 1904 ὠδίνουσαν
786 1853 887 1923 ἀνή
897 1870 1028 1924 ρυγε
1062 1853 1302 1908 πενθάδα
1323 1855 1508 1925 φωνήν
1528 1873 1540 1885 ο

212 1943 379 2012 Ἴομεν
406 1941 610 1995 ὁππόθι
638 1944 815 2006 κεῖνος
842 1944 983 2016 ἀνὴρ
1012 1944 1241 2013 γλυκὺς,
1264 1945 1408 2016 ὖφρα
1435 1948 1531 2001 σὺν
1558 1947 1709 2020 αύτῷ

213 2032 361 2103 124
385 2034 482 2086 Είν
508 2032 697 2106 ἀγάπῃ
724 2033 1055 2107 θνῄσκοιμεν
1092 2037 1173 2090 ἑνὶ
1211 2038 1426 2120 ξυνήοιι
1458 2038 1670 2110 πότμῳ.

210 2123 269 2174 17
297 2121 496 2176 Ἐλθὼν
518 2123 563 2177 δ’
589 2124 936 2194 όψικέλευθος
964 2128 1136 2195 ’Λναξ
1165 2130 1225 2194 ἐς
1256 2128 1496 2204 ἒθήμονα
1522 2132 1739 2203 κώμην,

206 2210 441 2282 Λάζαρον
470 2212 669 2268 ἄπνοον
708 2207 834 2285 εὗρε
862 2217 1002 2288 χυτῇ
1042 2219 1354 2290 στρωθέντα
1386 2221 1564 2292 κονίῃ,

207 2300 470 2370 Τέτρατον
497 2295 656 2373 ἦμαρ
678 2301 871 2373 ἔχοντα
903 2306 1171 2376 γοήμονος
1199 2306 1370 2361 ἔνδοθι
1404 2308 1636 2379 τύμϐου.

210 2392 270 2445 18
290 2392 531 2464 Βηθανίη
556 2393 600 2447 δ’
627 2395 760 2459 ἑκὰς
791 2391 889 2468 ἦεν
918 2398 1016 2451 ἀπ’
1047 2398 1238 2462 ἄστεος
1280 2400 1640 2473 Ἰροσολύμων

217 2480 299 2546 Ὠς
340 2484 582 2554 τρισσῶν
631 2485 861 2540 σταδίων
910 2489 1004 2543 καὶ
1045 2488 1273 2546 δώδεκα.
1334 2491 1401 2546 19
1454 2493 1564 2547 Καὶ
1612 2490 1780 2558 πολύς
1820 2498 1825 2504 ’

1518 2586 1707 2642 ἕρπων

1518 2586 1544 2639 ἒ

207 2666 338 2730 Aab;
365 2667 642 2723 Ἰουδαίων
672 2669 973 2725 ύπεδύσατο
994 2674 1212 2741 γείτονα
1239 2673 1452 2747 κώμην,
1493 2584 1513 2658 l
1553 2603 1582 2658 ρ

207 2759 352 2811 Keilii
374 2758 700 2828 φιλοξείνοιο
726 2765 915 2833 μετήῖε
948 2762 1173 2835 δώματα
1192 2766 1425 2839 Μάρθης

207 2848 308 2905 Καὶ
330 2851 573 2924 Μαρίης,
609 2856 834 2921 γνωτοίο
858 2859 1296 2928 κατευναστήρια
1321 2858 1552 2931 πότμου,

206 2943 341 2998 Ξυνά
372 2945 761 3017 παρηγορέων,
789 2947 969 3019 τάπερ
996 2947 1157 3019 ὴθάδι
1183 2949 1411 3005 πολλάκι
1446 2952 1603 3023 μύθῳ

204 3035 400 3106 ⁴ίδρικτά
426 3036 838 3109 πεπαινομένης
876 3040 1205 3095 ἀπεσείσατο
1245 3042 1447 3114 κέντρα
1475 3045 1773 3116 μερίμνης,

207 3126 429 3190 Πένθεος
452 3128 753 3198 ἀγρύπνοισ
776 3129 1028 3201 λυτήρια.
1053 3132 1124 3186 20
1159 3134 1477 3207 Πευθομένη
1508 3136 1566 3190 δὲ

203 3218 385 3289 Φήμης
411 3220 778 3293 σπειρομένης
803 3223 884 3277 ὅτι
904 3222 1166 3295 Κοίρανος
1193 3227 1533 3296 εἰσαφικάνει

206 3310 416 3382 Μάρθα,
448 3314 573 3366 ποσὶ
596 3314 919 3385 φθαμένοισι
943 3318 1246 3389 συνήντεεν,
1271 3320 1329 3372 ἐν
1360 3320 1417 3373 δὲ
1455 3322 1709 3396 μελάθρῳ

204 3403 527 3475 Ἐνδόμυχος
552 3406 738 3478 Μαρίη
766 3406 1059 3478 μαστίζετο
1097 3412 1321 3466 πενθάδι
1344 3416 1493 3485 σιγῇ.

203 3496 262 3549 21
288 3496 529 3567 Χριστοῦ
550 3497 594 3550 δ’
616 3495 782 3566 ἐγγὺς
800 3500 953 3553 ἰοῦσα
974 3502 1304 3573 βαρύπονος
1327 3505 1517 3559 ἔννεπε
1546 3508 1777 3582 Μάρθα*

202 3582 269 3640 Ὦ
295 3588 519 3658 μάκαρ,
554 3585 709 3659 εἴπερ
736 3587 831 3660 ἕης
861 3590 951 3643 ὅτε
978 3591 1229 3664 Λάζαρος
1258 3593 1444 3648 αἴθετο
1470 3595 1670 3667 νούσῳ,

203 3677 313 3730 Οὐκ
341 3676 407 3729 ἂν
447 3675 578 3746 ἐμὸς
612 3674 1202 3748 τέθνηκενηὰδελφεόςο
1255 3679 1327 3734 22
1365 3676 1484 3735 οἶδα
1526 3682 1583 3736 δὲ
1618 3684 1778 3759 θυμῷ

203 3768 306 3821 Καὶ
321 3768 417 3823 νῦν
449 3768 525 3832 ὡς
545 3768 661 3839 ἅμα
681 3770 860 3824 πάντα
890 3770 1079 3842 Πατὴρ
1104 3771 1223 3835 τεὸς
1258 3772 1567 3841 ἐγγυαλίξει

203 3859 378 3913 Ὄσσα
416 3877 510 3929 μιν
549 3860 849 3928 αίτήσειας.
893 3861 963 3916 25
1008 3863 1177 3929 ’Λναξ
1204 3862 1249 3916 δ’
1292 3863 1551 3935 ἠμείϐετο
1583 3866 1772 3936 μύθῳ·

201 3949 413 4012 Γνωτδς
443 3948 535 4011 σὸς
572 3949 897 4021 παλίνορσος
926 3951 1220 4021 ἐγείρεται.
1252 3952 1324 4007 24
1357 3953 1686 4025 ’Λμὸροσίης
1717 3956 1777 4010 δι

200 4042 384 4112 Φωνῆς
410 4040 710 4105 είσαῖουσα,
732 4040 1042 4113 τοδεύτερον
1074 4042 1262 4097 ἔννεπε
1296 4044 1495 4115 Μάρθα
1515 4062 1527 4075 ο

201 4127 347 4197 Οἶδα,
380 4132 478 4186 καὶ
507 4130 567 4185 οῦ
596 4148 662 4202 με
699 4130 921 4204 λέληθεν
962 4132 1277 4197 ἀνάστασις,
1304 4135 1379 4198 ὡς
1406 4136 1462 4188 ἐν
1488 4135 1671 4207 ἐκείνῃ

204 4223 467 4295 Ἐγρεται
499 4224 858 4294 ὀψιτέλεστος,
892 4227 982 4280 ὅτε
1008 4224 1206 4296 δρόμος
1237 4226 1463 4296 ἔσχατος
1483 4228 1631 4296 ἠοῦς.

198 4310 267 4367 25
296 4314 404 4367 Καί
435 4315 484 4366 oi
517 4313 751 4385 Χριστὸς
778 4312 925 4381 ἔλεξε
955 4312 1198 4385 βιοσσόος
1231 4313 1412 4368 ἔνθεον
1451 4316 1633 4385 ὀμφήν
1654 4331 1667 4345 ο

3353 362 3458 417 812

1882 575 2122 630 Lazarus
2149 576 2196 631 si
2223 576 2447 638 dormit,
2476 588 2647 629 sanus
2679 572 2803 627 erit.
2836 571 2905 627 15
2931 569 3143 625 Recens
3179 577 3457 622 mortuum

1880 666 2026 721 enim
2055 664 2217 721 Jesus
2244 666 2381 721 dixit
2420 662 2586 720 ﬂebili
2618 665 2672 719 in
2716 662 2969 734 sepulcro
3007 660 3278 721 Dormire,
3308 673 3458 711 mor-

1881 766 2057 821 tuum,
2109 764 2346 820 mutum,
2396 756 2807 811 irrevocabilem
2842 767 3098 810 somnum
3141 751 3334 807 exitii:
3372 747 3456 804 Ilii
3512 766 3517 770 ·

1878 861 2010 902 vero
2047 845 2255 902 frustra
2288 846 2588 915 sperabant
2624 843 2852 898 charum
2891 850 3169 898 mortuum
3200 840 3257 894 in
3291 838 3456 893 domo

1881 935 2115 993 Suavem
2175 937 2231 992 in
2295 936 2436 991 Iecto
2482 933 2797 989 mutabilem
2864 947 3122 991 somnum
3183 932 3452 988 dormire.

1883 1030 1949 1085 14
1978 1032 2177 1101 Aperte
2215 1034 2400 1083 autem
2433 1026 2573 1082 dixit
2618 1024 2735 1081 Res
2764 1024 3111 1081 misericordi
3157 1038 3453 1081 sermone:

1880 1120 2146 1176 Lazarum
2163 1119 2473 1191 consopivit
2492 1132 2639 1174 mors
2655 1117 2911 1173 omnibus
2926 1117 3174 1189 aequalis,
3190 1116 3454 1171 immitem

1880 1213 2048 1267 alium
2093 1213 2360 1267 Somnum
2405 1212 2616 1277 ferens;
2664 1210 2733 1265 15
2778 1209 2991 1277 gaudeo
3021 1217 3202 1265 autem
3236 1215 3459 1280 propter

1878 1318 2001 1372 vos,
2025 1304 2173 1375 quod
2202 1304 2257 1360 in
2287 1305 2409 1361 loco
2442 1302 2561 1359 Non
2602 1302 2799 1358 fuerim
2828 1301 3049 1371 quando
3092 1300 3184 1356 ille
3222 1314 3457 1355 convcr-

1879 1395 2107 1451 sabatur
2135 1410 2260 1451 cum
2292 1395 2473 1451 vicina
2501 1403 2700 1458 morte,
2725 1393 2795 1449 [It
2822 1391 2980 1447 ﬁdem
3011 1390 3277 1455 habeatis,
3308 1400 3459 1444 mor-

1878 1493 2034 1540 tuum
2064 1495 2189 1557 post
2229 1486 2402 1542 fatum
2433 1486 2697 1542 viatorem
2726 1483 2987 1540 Videntes
3015 1483 3311 1547 viventem,
3339 1497 3460 1536 rur~

1880 1592 1978 1635 sus
2010 1585 2323 1649 tangentem
2352 1592 2600 1634 mensam
2639 1576 2921 1647 Hospitem
2949 1575 3154 1630 Christi
3189 1574 3461 1630 secunda-

1878 1669 1997 1732 rio;
2057 1668 2153 1725 sed
2205 1670 2273 1725 ad
2333 1668 2509 1734 Ipsum
2564 1669 2790 1723 Eamus.
2851 1667 2919 1722 16
2974 1666 3218 1723 Audiens
3273 1676 3457 1720 auzem

1881 1761 2183 1818 binominis
2223 1760 2364 1816 dixit
2391 1760 2651 1825 Thomas,
2681 1760 2854 1826 Quem
2898 1757 3190 1829 Didymum
3236 1768 3454 1821 vocant,

1810 1840 1855 1901 Β
1880 1853 2130 1909 collectis
2170 1860 2353 1907 autem
2392 1851 2684 1922 discipulis
2720 1850 3138 1922 Lacrymantem
3181 1848 3457 1904 dolentem

1879 1944 2153 1999 eructavit
2203 1942 2508 1998 luctuosam
2556 1957 2787 1998 vocem:
2836 1930 3040 1997 Eainus
3091 1940 3184 1995 ubi
3232 1940 3325 1995 ille
3371 1939 3458 1994 vir

1880 2034 2158 2100 amabilis,
2186 2042 2248 2089 ut
2286 2048 2413 2089 cum
2454 2034 2574 2104 ipso
2610 2033 2768 2104 125
2806 2033 2865 2088 In
2911 2026 3206 2088 dilectiohe
3248 2030 3456 2086 moria.

1881 2142 2006 2183 mur
2038 2142 2148 2182 uno
2200 2126 2481 2182 communi
2528 2126 2660 2180 fato.
2713 2125 2781 2178 17
2811 2124 3054 2181 Veniens
3102 2134 3282 2180 autem
3330 2138 3457 2179 sero

1881 2216 1997 2273 Rex
2036 2217 2093 2271 in
2136 2227 2460 2274 consuetum
2501 2216 2811 2281 castellum,
2860 2215 3127 2271 Lazarum
3173 2224 3456 2270 mortuum

1879 2307 2088 2362 invenit
2126 2307 2419 2377 sepulcrali
2450 2312 2683 2362 stratum
2719 2306 2965 2375 pulvere,
3002 2304 3269 2371 Quartum
3307 2304 3455 2358 diem

1887 2396 2179 2452 habentem
2216 2396 2433 2467 lugubri
2470 2398 2525 2450 in
2558 2396 2834 2465 sepulcro.
2871 2395 2939 2450 18
2979 2395 3237 2450 Bethania
3272 2402 3456 2450 autem

1879 2486 2123 2543 distabat
2166 2502 2199 2542 a
2251 2488 2472 2543 civitate
2521 2487 3027 2559 Hierosolymorum
3075 2485 3242 2552 Quasi
3288 2486 3455 2540 trium

1880 2578 2188 2635 stadiorum
2216 2586 2274 2636 et
2312 2578 2628 2635 duodecim.
2674 2578 2743 2634 19
2774 2580 2841 2634 Et
2878 2579 3083 2635 multus
3122 2594 3320 2650 repens
3352 2578 3457 2634 Ροο

1879 2670 2045 2742 pulus
2085 2669 2421 2737 Iudaeorum,
2458 2670 2627 2726 subiit
2656 2672 2896 2727 vicinum
2928 2673 3238 2737 castellum,
3271 2671 3457 2742 Ibique

1882 2762 2170 2833 hospitalis
2196 2763 2438 2818 accessit
2477 2748 2699 2817 domum
2743 2762 2968 2818 Marthae
2996 2762 3063 2817 Et
3103 2762 3308 2827 Mariae,
3346 2763 3460 2817 fra-

1881 2852 1983 2906 tris
2016 2853 2084 2907 ad
2106 2853 2492 2909 dormitorium
2525 2854 2743 2920 mortis,
2773 2854 3123 2924 Conjunctim
3156 2853 3296 2927 [eas]
3323 2870 3458 2912 con-

1883 2944 2093 3011 solans,
2133 2944 2280 3015 quod
2315 2954 2583 3001 consueto
2612 2948 2811 3017 smpius
2837 2948 3004 3002 verbo
3033 2946 3299 3003 Horridos
3324 2962 3459 3003 cona

1878 3044 2051 3089 coctae
2104 3036 2351 3093 excussit
2409 3038 2663 3095 stimulos
2730 3053 2898 3103 cura,
2950 3038 3183 3094 Luctum
3238 3042 3458 3112 vigilem

1881 3126 2166 3182 solvendo.
2219 3127 2291 3183 20
2347 3128 2592 3184 Audiens
2644 3140 2855 3188 autem.
2889 3132 3112 3189 Famam
3176 3134 3457 3203 vulgatam

1881 3217 2030 3289 quod
2089 3217 2355 3275 Dominus
2402 3222 2664 3286 venisset,
2716 3220 2927 3277 Martha
2973 3223 3203 3293 pedibus
3251 3239 3459 3295 praeve-

1882 3309 2166 3367 nientibus
2208 3312 2492 3379 occurrit;
2536 3313 2591 3367 in
2622 3313 2787 3368 domo
2818 3322 2998 3369 autem
3043 3314 3243 3370 Abdita
3283 3315 3457 3371 Maria

1881 3399 2226 3472 aﬂligebatur
2252 3401 2506 3459 luctuoso
2534 3404 2773 3461 silentio.
2810 3405 2874 3458 21
2917 3404 2998 3460 Ad
3028 3406 3310 3462 Christum
3357 3421 3459 3462 au-

1881 3500 1989 3548 tem
2019 3495 2289 3551 secedens
2319 3496 2478 3552 valde
2510 3512 2733 3568 gemens
2758 3498 2895 3552 dixit
2921 3498 3128 3553 Martha
3156 3519 3168 3554 :
3206 3498 3252 3555 0
3277 3501 3453 3565 beate,

1880 3584 1928 3640 si
1956 3584 2230 3643 adfuisses
2262 3587 2481 3659 quando
2515 3589 2756 3645 Lazarus
2789 3590 3052 3646 urebatur
3089 3591 3303 3659 morbo,
3335 3590 3458 3648 Non

1885 3691 2019 3734 sane
2054 3694 2212 3735 meus
2242 3689 2495 3736 mortuus
2528 3680 2725 3737 [uisset
2764 3679 2972 3738 frater:
3017 3681 3089 3736 22
3125 3684 3242 3740 scio
3275 3693 3456 3739 autem

1884 3769 2070 3823 animo
2102 3760 2169 3823 Et
2208 3785 2355 3825 nunc
2387 3771 2532 3842 quod
2562 3772 2724 3827 simul
2753 3773 2935 3827 omnia
2968 3774 3132 3827 Pater
3158 3783 3282 3830 tuus
3316 3791 3458 3845 pne.

1882 3858 2033 3914 bebit
2061 3859 2411 3935 Quaecunque
2434 3864 2502 3917 ab
2542 3863 2662 3933 ipso
2693 3864 3075 3933 postulaveris.
3107 3864 3177 3919 25
3208 3864 3324 3919 Rex
3356 3880 3454 3919 au.

1880 3957 1989 4003 tem
2035 3950 2319 4021 respondit
2356 3965 2650 4008 sermone:
2699 3947 2888 4007 Frater
2920 3958 3051 4007 tuus
3081 3968 3275 4009 rursus
3308 3954 3456 4009 exci‘

1882 4040 2110 4095 tabitur.
2154 4041 2226 4096 21
2283 4041 2649 4097 Immortalem
2702 4050 2884 4097 autem
2930 4038 3135 4097 Vocem
3200 4044 3453 4109 audiens,

1884 4134 2081 4186 iterum
2117 4132 2257 4188 dixit
2290 4132 2501 4188 Martha
2532 4152 2546 4188 :
2591 4134 2747 4197 Novi,
2781 4150 2882 4189 nec
2916 4151 3004 4190 me
3034 4135 3166 4191 latet
3205 4152 3457 4191 resurre-

1884 4225 2017 4289 ctio,
2043 4224 2189 4295 quod
2212 4225 2267 4280 in
2293 4226 2382 4280 illa
2406 4224 2747 4280 Excitabitur
2770 4241 2893 4282 sero
2914 4226 3211 4295 perfectus,
3235 4230 3461 4298 quando

1883 4331 2079 4371 cursus
2104 4317 2330 4373 ultimus
2356 4332 2588 4373 aurorae.
2630 4318 2700 4371 25
2727 4316 2793 4372 Ει
2816 4318 2868 4373 ei
2892 4317 3147 4375 Christus
3175 4319 3312 4374 dixit
3335 4335 3455 4377 ser-

1397 4428 1677 4485 TEXTUS
1711 4429 2242 4487 EVANGELISTIE.

267 4543 335 4598 12
370 4539 538 4598 Εἶπον
568 4540 662 4599 οὖν
692 4543 742 4597 οἱ
783 4544 1025 4616 μαθηταὶ
1065 4543 1260 4599 αὐτοῦ*
1294 4543 1488 4615 Κύριε,
1520 4545 1568 4598 εί
1591 4545 1776 4599 κεκοί·
1806 4551 1852 4607 D
1952 4546 2018 4601 19
2043 4544 2153 4599 Kal.
2192 4544 2375 4598 πολλοὶ
2394 4546 2462 4605 ἐκ
2484 4545 2593 4598 τῶν
2633 4545 2898 4599 Ἰουδαίων
2927 4542 3279 4615 ἐληλύθεισαν
3317 4544 3453 4612 πρὶς

202 4645 391 4699 μηται,
423 4626 746 4698 σωθήσεται.

269 4709 337 4763 13
369 4707 595 4782 Είρήκει
624 4708 682 4762 δὲ
715 4708 745 4762 6
798 4706 1003 4782 Ἰησοῦς
1030 4708 1158 4780 περὶ
1182 4704 1277 4762 τοῦ
1303 4709 1532 4765 θανάτου
1570 4708 1735 4763 αὐτοῦ
1755 4727 1770 4742 ο

199 4792 394 4845 ἐκεῖνοι
430 4792 489 4847 δὲ
518 4792 701 4858 ἔδοξαν
729 4792 807 4848 ὅτι
844 4794 972 4866 περὶ
1002 4793 1101 4864 τῆς
1128 4788 1439 4865 κοιμήσεως
1474 4791 1569 4846 τοῦ
1602 4790 1773 4847 ὕπνου

201 4874 365 4944 λέγει.

266 4958 335 5011 14
358 4956 492 5010 Τότε
510 4949 604 5011 οῦν
635 4950 789 5011 εἶπεν
818 4957 996 5022 αὐτοῖς
1016 4959 1044 5011 ὁ
1076 4957 1281 5028 Ἰησοῦς
1310 4958 1623 5032 παρρησίᾳ·
1664 4958 1772 5013 Λά-

197 5041 359 5112 ζαρος
385 5040 623 5094 ἀπέθανε
641 5057 657 5072 ο

265 5124 334 5178 15
366 5124 477 5178 Καὶ
515 5122 686 5195 χαίρω
725 5121 791 5177 δι’
828 5122 972 5191 ὑμᾶς
1018 5122 1126 5191 (ἵνα
1170 5122 1520 5195 πιστεύσητε)
1550 5123 1630 5179 ὅτι
1673 5124 1773 5179 ούκ

196 5205 344 5276 ήμην
380 5206 497 5259 ἐκεῖ
518 5222 532 5235 ⁸
577 5204 691 5260 ἀλλ’
740 5205 963 5275 ἄγωμεν
993 5204 1129 5277 πρὸς
1161 5204 1346 5260 αὐτόν.

269 5287 335 5341 16
378 5285 545 5342 Εἶπεν
582 5283 676 5342 οὖν
730 5286 933 5357 Θωμᾶς
979 5289 1007 5340 6
1055 5287 1344 5358 λεγόμενος
1388 5288 1619 5359 Δίδυμος
1657 5289 1770 5354 τοῖς

197 5370 612 5441 συμμαθητάς·
644 5372 903 5441 ’Λγωμεν
941 5370 1035 5424 καὶ
1067 5370 1250 5440 ἡμεῖς,
1289 5370 1376 5424 ἵνα
1407 5370 1767 5443 ἀποθάνωμεν

198 5456 318 5520 μετ’
348 5454 529 5509 αὐτοῦ.

265 5535 330 5589 17
388 5536 586 5591 Ἐλθὼν
625 5530 719 5589 οὖν
753 5537 782 5591 6
834 5533 1042 5606 Ἰησοῦς
1090 5529 1247 5608 εὗρεν
1289 5534 1450 5590 αὑτὸν
1498 5536 1770 5607 τέσσαρας

196 5617 407 5688 ⁴ἐγμέρας
432 5619 529 5691 ἤδη
563 5618 761 5690 ἔχοντα
788 5619 847 5671 ὲν
882 5618 960 5689 τῷ
991 5619 1259 5691 μνημείῳ.

264 5700 332 5753 18
371 5696 497 5767 (Ἦν
517 5703 574 5755 δὲ
599 5703 632 5771 ὴ
664 5700 905 5772 Βηθανία
936 5704 1102 5771 ἐγγὺς
1121 5701 1228 5756 τῶν
1265 5699 1769 5773 Ἰεροσολύμων,ὼς

198 5780 302 5835 ἀπὸ
337 5785 562 5840 σταδίων
598 5784 945 5855 δεκαπέντε.)

510 5881 783 5942 ΡΑτιιοι..
812 5880 933 5942 Gn.
978 5880 1198 5945 XLIII.

1872 4629 1971 4693 τὰς
1994 4630 2119 4702 περὶ
2150 4628 2380 4700 Μάρθαν
2415 4630 2508 4683 καὶ
2542 4629 2783 4699 Μαρίαν,
2819 4628 2906 4682 ἵνα
2945 4627 3467 4700 παραμυθήσωντας

1875 4710 2048 4775 αὐτὰς
2069 4712 2198 4782 περὶ
2218 4711 2309 4765 τοῦ
2330 4705 2559 4780 ἀδελφοῦ
2589 4704 2790 4766 αὐτῶν.

1950 4807 2021 4863 20
2071 4808 2133 4860 Ἦ
2168 4802 2262 4861 οὖν
2311 4806 2509 4879 Μάρθα
2539 4808 2615 4870 ὡς
2658 4808 2892 4879 ἤκουσεν
2935 4807 3016 4860 ὅτι
3048 4807 3077 4860 6
3113 4804 3322 4877 Ἰησοῦς
3359 4810 3439 4860 ἐι).

1878 4906 2052 4959 χεται,
2086 4880 2393 4962 ύπῆντησεν
2425 4889 2605 4960 αὐτῷ·
2654 4889 2845 4960 Μαρία
2866 4888 2923 4942 δὲ
2953 4889 3009 4941 ἐν
3036 4886 3116 4959 τῷ
3136 4888 3270 4961 οἴκῳ
3291 4892 3451 4949 ἐκαΊ..

1874 4972 2046 5037 έζετο.

1942 5070 2002 5124 21
2049 5065 2215 5124 Εἶπεν
2243 5063 2335 5124 οὖν
2367 5071 2400 5141 ή
2437 5067 2638 5141 Μάρθα
2671 5067 2807 5140 πρὸς
2836 5066 2928 5122 τὸν
2979 5066 3182 5137 Ἰησοῦν
3202 5081 3216 5097 ⁶
3251 5068 3448 5146 Κύριε,

1874 5154 1921 5207 εί
1952 5148 2020 5224 ἦς
2047 5146 2169 5217 ὦδε,
2194 5156 2222 5207 6
2244 5152 2468 5222 ἀδελφός
2508 5169 2608 5222 μου
2631 5153 2732 5205 οὐκ
2756 5150 2821 5205 ἂν
2854 5149 3133 5222 ἐτεθνήκει

1941 5248 2014 5301 22
2050 5248 2207 5302 Ἀλλὰ
2227 5247 2337 5320 καὶ,
2353 5246 2451 5301 νῦν
2476 5245 2591 5302 οἶδα
2614 5248 2695 5301 ὅτι
2719 5247 2819 5301 ὅσα
2852 5246 2919 5302 ἂν
2946 5248 3146 5320 αἰτήσῃ
3174 5247 3267 5302 τὸν
3290 5246 3442 5309 Θεὸν,

1870 5318 2030 5372 δώσει
2066 5336 2148 5371 σοι
2179 5321 2208 5372 6
2241 5318 2392 5382 Θεός.

1938 5412 2011 5468 25
2046 5414 2209 5482 Λέγει
2252 5413 2389 5485 αὐτῇ
2423 5414 2452 5467 6
2505 5413 2740 5485 Ἰησοῦς·
2796 5414 3183 5484 Ἀναστήσεται
3222 5412 3252 5463 ό
3289 5410 3447 5463 ἀδελ·-

1909 5497 1969 5554 ός
2002 5514 2120 5554 σου.
2652 5500 2655 5505 ’
2734 5516 2739 5521 ’
2772 5516 2775 5519 ⁷

1909 5513 1969 5548 ο-
2002 5514 2120 5554 σου.
2734 5516 2739 5521 ’
2772 5516 2775 5519 '

1870 5513 1908 5565 φ
1938 5530 2008 5644 24
2039 5591 2200 5660 Λέγει
2238 5591 2383 5664 αὐτῷ
2420 5593 2621 5665 Μάρθα
2642 5606 2659 5625 ο
2707 5588 2841 5663 Οἶδα,
2868 5591 2954 5661 ὅτι
2989 5588 3349 5658 ἀναστήσεται
3379 5584 3439 5640 έν

1869 5675 1937 5745 τῇ
1967 5674 2260 5729 ἀναστάσει
2287 5676 2345 5729 ὲν
2371 5678 2441 5747 τῇ
2469 5668 2902 5749 ἐσχάτῃ
3392 5688 3395 5689 ν

1939 5770 2011 5825 25
2034 5766 2203 5827 Εἶπεν
2228 5772 2367 5844 αὐτῇ
2402 5773 2431 5824 6
2467 5769 2706 5838 Ἰησοῦς·
2755 5765 2897 5837 Ἐγώ
2933 5768 3047 5838 εἰμι
3079 5767 3112 5836 ἠ
3151 5762 3445 5835 ἀνάστασις

3124 5873 3203 5933 2Ἰ
