3900 6216
301 352 415 408 845

372 472 449 523 56
479 469 589 523 Καί
612 486 755 533 τινες
786 468 1125 541 ἀθρήσαντες
1153 468 1363 541 ὲνίαχον
1391 471 1591 525 αὐτίκα
1613 462 1775 525 )αοί”

320 560 507 614 Ἰινίδε
543 561 659 624 πῶς
684 561 854 629 φιλέει
882 562 977 614 καὶ
998 561 1246 632 Λάζαρον
1275 563 1337 614 οὑ
1363 563 1655 633 παρεόντα.

305 652 376 706 37
417 652 605 704 Ἄλλοι
630 651 675 704 δ’
705 651 1039 721 ἀντιάχησαν
1066 670 1079 683 ’
1114 651 1450 723 Ἀλεξικάκῳ
1477 655 1585 707 τινὶ
1614 656 1768 727 πηλῷ

308 742 665 813 Ὀφθαλμοὺς
712 741 967 812 μερόπων
1001 742 1369 811 λιποφεγγέας
1401 738 1556 808 οὗτος
1601 745 1837 809 ἀνοίξας,

312 834 527 904 Ἔργον
555 822 667 885 ἴσον
702 831 906 885 τελέειν
933 834 1032 885 οὐκ
1064 833 1299 897 ἔσθενεν,
1321 835 1464 906 ὄφρα
1492 837 1589 889 καὶ
1610 836 1770 900 αὐτὸς

307 924 404 993 Μὴ
442 923 613 995 φονίῳ
639 924 797 988 νέκυς
827 918 979 987 οὗτος
1002 924 1312 996 ὁμιλήσειεν
1333 925 1574 997 όλέθρῳ;

309 1019 382 1073 58
406 1019 546 1071 Τοῖα
572 1018 668 1088 μὲν
690 1012 843 1070 εἶπεν
874 1016 1125 1081 ἕκαστος.
1165 1018 1533 1091 Ἐπειγομένῳ
1553 1020 1609 1073 δὲ
1641 1020 1839 1090 πεδίλῳ

322 1108 669 1178 ’Λχνυμένης
706 1107 971 1178 βριμηδὸν
1005 1106 1113 1161 ἀπὸ
1155 1110 1350 1179 φρενὸς
1379 1104 1560 1162 οἶκτον
1598 1110 1841 1164 ἀνέλκων

313 1199 528 1270 Ἰησοῦς
560 1200 857 1269 πεφόρητο,
897 1198 989 1251 καὶ
1014 1200 1130 1271 ῆῖεν
1155 1200 1346 1269 ἐγγύθι
1371 1200 1578 1272 τύμϐου
1597 1219 1611 1231 ·

309 1292 426 1345 Καὶ
461 1292 676 1362 χθόνιον
701 1291 868 1355 σπέος
889 1286 986 1361 ἦεν
1009 1289 1118 1345 ἔσω
1143 1292 1443 1364 γλαφυροῖο
1474 1294 1765 1366 μελάθρου,

306 1384 426 1437 Καὶ
456 1384 605 1447 λίθος
640 1382 954 1437 ἀντιτύποιο
982 1384 1166 1453 φέρων
1192 1383 1418 1455 μίμημα
1448 1383 1734 1456 θυρέτρου,

309 1476 692 1547 Ἀμφιπαγὴς,
722 1477 1025 1549 ίσόμετρος,
1069 1478 1306 1549 ἐρείδετο
1335 1479 1578 1549 χάσματι
1602 1478 1834 1548 τύμϐου.

307 1570 379 1624 59
424 1570 641 1639 Ἰησοῦς
662 1570 706 1622 δ’
736 1571 1017 1624 ἐκέλευσεν
1054 1569 1223 1634 Ἀναξ
1250 1570 1541 1641 πειθήμονι
1575 1570 1690 1641 λαῷ
1713 1588 1728 1603 ⁸

308 1661 469 1713 Δᾶαν
501 1660 838 1731 ὑπωροφίοιο
861 1660 1277 1732 μεταστήσασθε
1307 1661 1604 1732 μελάθρου.

305 1749 593 1821 Μάρθαδὲ
616 1749 933 1815 τεθνειῶτος
960 1749 1210 1821 ὁμόγνιος
1237 1751 1355 1821 ίαχε
1384 1752 1566 1821 φωνήν
1585 1768 1599 1784 ο

308 1840 591 1911 Κείμενον
617 1840 1003 1914 ἀντιθύρετρον
1036 1843 1099 1897 ἔα
1132 1843 1296 1895 λίθον.
1326 1843 1623 1913 Οίγομένου
1647 1841 1757 1912 γὰρ

307 1934 610 2004 Χάσματος
641 1933 893 1999 ούδαίοιο,
921 1936 1228 2005 δυσήνεμος
1257 1934 1476 2006 ἔρχεται
1498 1933 1660 2005 ὀδμὴ,

310 2026 472 2078 ⁸Οττι
504 2028 817 2097 τεταρταῖος
842 2026 1050 2079 τελέθει
1076 2027 1239 2089 νέκυς
1268 2026 1441 2079 ἔνδοθι
1460 2024 1691 2097 τύμσου.

305 2115 378 2169 40
420 2117 633 2188 Ἰησοῦς
656 2117 699 2170 δ’
724 2118 1044 2189 άπάμειπτο
1082 2119 1175 2172 καὶ
1201 2118 1389 2171 ἔννεπε
1422 2118 1645 2171 πενθάδι
1670 2117 1871 2191 Μάρθῃ
1890 2135 1902 2147 ·

307 2202 383 2258 Οὔ
419 2222 506 2257 σοι
526 2206 684 2259 τοῦτο
712 2207 886 2277 πάρος
915 2207 1304 2278 διεπέφραδον;
1332 2207 1455 2262 αἴκε
1491 2207 1729 2279 φυλάξῃς

308 2294 565 2349 Χείλεσιν
592 2296 904 2366 ὑμετέροισι
927 2299 1097 2367 σοφὴν
1131 2299 1404 2369 σφρηγῖδα
1434 2298 1673 2367 σιωπῆς,

319 2385 525 2458 Ὀρθὴν
553 2387 734 2441 πίστιν
767 2387 985 2459 ἔχουσα,
1021 2389 1114 2443 καὶ
1134 2390 1193 2442 ού
1234 2388 1518 2460 διχόμητις
1539 2388 1723 2453 ἐοῦσα,

311 2476 518 2545 Ὀψεαι
538 2478 810 2548 ούρανίοιο
842 2479 977 2532 Θεοῦ
1002 2481 1257 2551 ζωαρκέα
1284 2482 1474 2556 τιμήν;

308 2568 369 2622 41
398 2570 465 2621 Οἱ
497 2570 595 2639 μὲν
615 2570 753 2624 λᾶαν
788 2571 981 2641 ἄειραν
1004 2588 1017 2603 ·
1052 2572 1223 2637 Ἀναξ
1246 2572 1290 2625 δ’
1324 2572 1596 2636 ἀντώπιος
1626 2571 1841 2644 ἄστρων

308 2659 660 2732 Ὀφθαλμοὺς
686 2662 961 2735 ἁνάειρεν,
990 2662 1064 2734 ἑῷ
1085 2665 1129 2717 δ’
1162 2664 1354 2735 ἐϐόησε
1383 2663 1582 2735 Τοκῆῖ’

1240 346 1728 405 PARAPHBASIS
1770 345 1835 401 ΙΝ
1874 344 2216 403 ιολΝΝεΜ.
2258 376 2325 387 -
2364 346 2522 403 CAP.
2567 346 2658 401 XI.

3497 345 3605 403 8i6

1955 474 1992 527 Α
2094 470 2163 523 56
2202 468 2266 522 Et
2296 468 2516 538 quidam
2543 467 2871 539 aspicientes
2907 467 3163 522 dixerunt
3197 468 3378 523 statim
3410 484 3476 523 ex
3507 485 3607 536 po—

2016 559 2144 627 polo
2165 574 2181 612 :
2204 558 2341 613 Ecce
2364 558 2639 629 quomodo
2664 557 2924 629 diligebat
2952 566 3006 614 ct
3037 558 3301 615 Lazarum
3334 576 3441 615 non
3469 580 3603 632 pra:-

2014 654 2248 701 sentem.
2276 648 2346 700 '57
2395 648 2500 701 Alii
2546 654 2729 702 autem
2783 653 2975 701 contra
3025 655 3371 703 sonuerunt:
3402 649 3601 704 Malum

2013 740 2318 810 depellente
2346 742 2584 810 quodam
2620 741 2734 795 luto
2765 738 2969 795 Oculos
2992 740 3277 795 hominum
3304 756 3479 797 caecos
3514 742 3605 797 hic

2012 833 2107 903 qui
2175 834 2410 902 aperuit.
2447 830 2596 901 Opus
2635 833 2844 902 aequale
2868 831 3129 903 perﬁcere
3150 848 3258 886 non
3302 833 3511 903 potuit,
3545 846 3606 889 ut

2013 929 2068 977 et
2101 921 2219 993 ipse
2249 920 2368 977 Non
2406 922 2593 977 iethali
2631 932 2879 978 mortuus
2916 924 3004 977 hic
3031 923 3459 994 Congrederetur
3484 927 3604 980 exi-

2013 1014 2093 1069 tio
2119 1014 2143 1068 ?
2173 1014 2244 1069 38
2272 1012 2424 1067 Talia
2458 1011 2676 1083 quidem
2707 1013 2844 1067 dixit
2875 1010 3124 1082 quilibet.
3153 1014 3387 1069 incitato
3423 1026 3603 1071 autem

2013 1107 2149 1177 pede
2181 1105 2502 1161 Dolentibus
2533 1119 2660 1160 cum
2715 1104 2935 1160 fremitu
2989 1119 3054 1161 ex
3085 1107 3405 1177 praecordiis
3446 1124 3603 1163 com-

2014 1201 2420 1255 miserationem
2476 1198 2701 1253 trahens
2760 1196 2920 1252 Jesus
2968 1198 3266 1265 ferebatur,
3314 1211 3369 1255 et
3430 1202 3603 1256 ivcrat

2014 1306 2181 1362 prope
2214 1290 2516 1355 tumulum;
2554 1291 2620 1344 Et
2672 1291 2955 1345 terrestris
3002 1291 3264 1360 spelunca
3296 1302 3415 1347 erat
3459 1294 3603 1348 intra

2009 1391 2257 1437 cavatam
2286 1382 2533 1446 domum,
2569 1380 2635 1435 Et
2674 1382 2811 1452 lapis
2853 1383 3097 1453 expressi
3135 1385 3312 1440 ferens
3342 1387 3606 1441 imitatio-

2013 1490 2135 1530 nem
2176 1473 2327 1538 ostii,
2364 1473 2606 1537 Soiidus,
2639 1488 2851 1543 ecquam
2882 1488 3196 1529 mensuram
3230 1475 3437 1532 habens
3464 1478 3606 1533 nite-

2012 1567 2171 1620 batur
2197 1566 2437 1635 voragini
2476 1564 2783 1619 tumuii.39
2819 1564 2979 1622 Jesus
3003 1581 3136 1621 vero
3158 1567 3327 1637 jussit
3348 1565 3461 1623 Rex
3492 1586 3605 1625 cre-

2010 1656 2156 1711 denti
2195 1659 2395 1727 populo
2434 1656 2734 1727 :Lapidem
2765 1672 2793 1712 a
2840 1658 3145 1715 domestico
3188 1669 3467 1717 removete
3516 1679 3605 1719 se-

2011 1750 2223 1820 pulcro.
2256 1751 2686 1805 Martha‘autem
2727 1751 2932 1805 mortui
2964 1767 3126 1807 soror
3146 1754 3333 1807 sonuit
3364 1764 3550 1809 vocem
3583 1777 3595 1811 :

1937 1810 1983 1869 Β
2009 1810 2288 1898 iacentem
2334 1843 2429 1914 qui
2481 1843 2601 1898 vice
2640 1842 2769 1899 ostii
2803 1852 2887 1899 est
2926 1843 3046 1899 sine
3097 1844 3353 1914 lapidem.
3400 1848 3600 1916 Aperta

2007 1934 2152 1989 enim
2202 1932 2365 1987 Hiatu
2414 1932 2701 1995 terrestri,
2742 1933 2980 2002 graviter
3020 1932 3216 1987 lmtcns
3251 1932 3398 1988 venit
3430 1934 3600 1998 odor,

2009 2026 2148 2092 Quia
2196 2025 2600 2096 quatriduanus
2627 2036 2711 2080 est
2744 2033 2997 2080 mortuus
3027 2025 3082 2079 in
3132 2026 3405 2095 sepulcro.
3434 2026 3606 2083 4010-

2010 2133 2106 2175 sus
2131 2126 2312 2173 autem
2342 2117 2622 2188 respondit
2640 2128 2695 2174 et
2719 2117 2857 2173 dixit
2881 2119 3085 2188 lugenti
3113 2118 3336 2174 Marthae
3371 2138 3383 2173 :
3411 2118 3605 2176 Nonne

2008 2215 2109 2269 tibi
2157 2214 2263 2267 hoc
2308 2220 2471 2267 antea
2511 2211 2672 2268 dixi?
2709 2212 2755 2266 si
2786 2211 3121 2267 custodieris
3150 2210 3335 2266 Lahiis
3366 2213 3475 2267 tuis
3513 2229 3604 2268 sa-

2010 2305 2167 2376 piens
2211 2304 2455 2376 sigillum
2506 2304 2748 2369 silentii,
2785 2302 3010 2359 Rectam
3065 2302 3224 2359 fidem
3273 2305 3504 2367 habens,
3551 2316 3606 2359 et

2011 2409 2121 2449 non
2145 2395 2383 2465 duplicis
2407 2395 2624 2451 consilii
2655 2395 2949 2461 cxsistens,
2974 2392 3201 2449 Videbis
3233 2395 3478 2450 caelestis
3509 2393 3604 2449 Dci

2010 2486 2286 2541 viviﬁcum
2320 2486 2705 2542 honorem?“
2751 2484 2830 2539 illi
2864 2487 3085 2556 quidem
3137 2486 3370 2556 lapidem
3414 2488 3605 2542 abStu-

2011 2579 2231 2646 lerunt;
2274 2577 2392 2633 Rex
2424 2592 2554 2633 vero
2592 2586 2784 2632 contra
2819 2580 3035 2632 intuens
3073 2588 3220 2632 astra
3255 2578 3457 2633 Oculos
3482 2594 3607 2634 sns-

2011 2672 2157 2735 tulit,
2203 2679 2257 2726 et
2303 2671 2370 2727 ad
2413 2686 2572 2726 suum
2605 2670 2859 2724 clamavit
2902 2668 3115 2724 Patrem
3153 2688 3167 2724 :
3231 2668 3350 2725 Tibi
3395 2672 3602 2741 gratim,

306 2751 401 2805 Σοὶ
431 2753 616 2825 χάρις,
645 2753 720 2818 ὡς
739 2755 954 2825 ἐμέθεν,
977 2756 1161 2827 Πάτερ
1202 2754 1414 2819 ἔκλυες·
1428 2754 1499 2809 49
1525 2753 1642 2809 οἶδα
1669 2756 1725 2809 δὲ
1753 2754 1815 2808 θυ
1825 2773 1860 2825 μ

2016 2762 2157 2833 quod
2186 2776 2295 2827 me,
2314 2762 2493 2826 Pater,
2514 2762 2793 2817 audivisti.
2828 2762 2899 2816 42
2932 2760 3057 2816 Scio
3084 2776 3213 2816 vero
3241 2763 3424 2816 animo
3446 2762 3601 2829 Quod

320 2844 411 2909 Ὦς
439 2844 641 2916 ἐμέθεν
664 2844 928 2915 βοόωντος
955 2849 1042 2901 ἀεὶ
1074 2847 1167 2900 σέο
1198 2848 1394 2912 Παιδὸς
1422 2848 1661 2911 ἀκούεις.

320 2934 490 2989 Ἀλλὰ
522 2936 683 3007 χάριν
706 2936 856 2989 λαοῖο
888 2937 1315 3007 παρισταμένοιο
1342 2936 1660 3007 πιφαύσκω,

310 3027 505 3096 Ὄφρα
535 3043 598 3078 κε
622 3024 803 3079 πίστιν
834 3026 1007 3096 ἔχοιεν
1030 3027 1253 3096 ἀρείονα
1280 3027 1481 3097 μᾶλλον
1504 3025 1726 3079 ἀκούειν

308 3115 474 3170 Ὀττι
495 3116 558 3169 σύ
585 3134 651 3187 με
682 3117 980 3189 προέηκας,
1008 3116 1413 3189 ὲσαθρήσαντες
1438 3120 1693 3182 ὁπωπαίς

307 3209 528 3281 Νεκρὺν
556 3210 853 3281 άελλήεντα
887 3209 1263 3279 διαστείχοντα
1296 3209 1582 3281 βερέθρου,

313 3304 482 3375 130
526 3303 819 3374 ἰλλόμενον
859 3304 1127 3373 δεσμοῖσι,
1176 3302 1269 3356 καὶ
1318 3302 1379 3355 οὐ
1425 3302 1692 3355 πίπτοντα
1725 3299 1900 3373 κονίῃ.

310 3398 379 3450 47)
415 3392 559 3450 Eine
578 3414 590 3424 ·
626 3397 718 3452 καὶ
747 3396 1104 3469 ὲσμαράγησε
1136 3395 1439 3467 διαπρυσίῃ
1461 3396 1569 3449 τινὶ
1599 3397 1751 3465 φωνῇ
1777 3411 1791 3424 ⁶

314 3490 525 3556 Ἔξιθι,
546 3489 784 3562 Λάζαρε,
810 3490 989 3563 δεῦρο.
1021 3490 1092 3544 44
1122 3488 1523 3558 Λιποφθόγγοιο
1546 3487 1603 3541 δὲ
1637 3486 1835 3560 νεκροῦ

240 3598 243 3599 ⁷
314 3587 555 3639 ’Λπνοον
584 3585 831 3656 ἐψύχωσε
861 3586 1035 3656 δέμας
1060 3581 1383 3645 νεκυοσσὸος
1412 3578 1552 3652 ἠχώ.

315 3680 553 3731 Ἀπνοον
584 3679 751 3748 ἄνδρα
776 3677 1026 3743 κάλεσσε,
1064 3678 1156 3731 καὶ
1184 3676 1372 3747 ἔτρεχε
1396 3674 1592 3746 νεκρὸς
1620 3674 1828 3744 ὁδίτης,

312 3770 555 3840 Στείχων
575 3770 963 3833 αύτοκέλευθος
999 3769 1325 3839 ὁμοπλέκτῳ
1353 3766 1519 3837 χθόνα
1547 3765 1737 3838 ταρσῷ
1758 3784 1771 3797 ·

316 3865 558 3916 Ἀπνοον
590 3862 756 3931 ἄνδρα
789 3863 1040 3924 κάλεσσε,
1069 3862 1163 3915 καὶ
1185 3864 1241 3913 ὲν
1268 3861 1611 3930 φθιμένοισιν
1642 3860 1903 3925 ἀκούσας,

326 3954 425 4016 Ἐξ
443 3953 590 4014 άῖδος
620 3954 845 4022 νόστησε
876 3954 1053 4021 φυγάς
1080 3954 1263 4015 νέκυς,
1304 3952 1501 4021 ὄψιμον
1527 3951 1694 4021 ἄλλην

328 4043 606 4116 Ἀθρήσας
636 4045 773 4114 μετὰ
805 4045 981 4115 τέρμα
1007 4044 1123 4114 βίου
1158 4044 1557 4113 παλινάγρετον
1587 4044 1763 4113 ἀρχὴν

314 4135 672 4206 Θαμϐαλέην.
718 4135 897 4205 ’Λῖδης
926 4135 981 4188 δὲ
1006 4135 1183 4205 μάτην
1216 4135 1368 4203 παρὰ
1396 4134 1597 4201 γείτονι
1634 4133 1787 4205 Λήθῃ

317 4228 703 4301 Πανδαμάτωρ
744 4228 1053 4298 άδάμαστον
1078 4226 1283 4292 ὲδίζετο
1312 4225 1503 4297 νεκρὸν
1534 4226 1764 4297 ἀλήτην.

318 4322 432 4373 Καὶ
471 4320 632 4384 ποδὸς
658 4318 992 4390 ὀρθωθέντος
1019 4318 1288 4389 άκαμπέα
1320 4319 1560 4385 γούνατα
1596 4315 1797 4389 σύρων,

319 4409 540 4480 Τυφλὴν
565 4408 909 4462 ίθυκέλευθον
937 4407 1074 4479 ἔχων
1107 4408 1376 4462 ἀντώπιον
1405 4409 1602 4478 ὁρμὴν,

318 4502 548 4574 manu;
575 4502 737 4566 νέκυς
760 4502 891 4555 ἔσκε
943 4502 1039 4555 καὶ
1061 4502 1126 4554 ὲκ
1166 4500 1324 4563 ποδὸς
1355 4500 1481 4570 ἄχρι
1511 4502 1751 4570 καρήνου

2014 2869 2102 2910 me
2157 2854 2484 2909 clamantem
2546 2869 2763 2923 semper
2807 2862 2957 2907 tuum
3017 2850 3213 2907 Filium
3269 2855 3460 2916 audis;
3497 2854 3604 2908 Sed

2014 2951 2242 3015 propter
2270 2945 2538 3015 populum
2587 2945 3037 2999 circumstantem
3084 2945 3307 3013 loquor,
3344 2942 3412 2997 Ut
3438 2944 3603 2999 iidem

1931 3068 1978 3130 ο
2017 3036 2254 3090 habeant
2309 3035 2590 3090 meliorem
2634 3037 2809 3105 magis
2857 3036 2921 3090 ad
2971 3034 3304 3089 audiendum
3336 3037 3489 3102 Quod
3541 3044 3601 3090 tu

2008 3141 2095 3181 me
2118 3126 2457 3198 praemisisti,
2474 3126 2831 3198 inspicientcs
2860 3128 3036 3183 oculis
3060 3126 3333 3182 Mortuum
3361 3128 3600 3184 velocem

2008 3218 2373 3287 egredientem
2398 3233 2428 3272 e
2460 3217 2734 3287 sepulcro,
2766 3216 2918 3288 131
2964 3216 3220 3272 Cinctum
3254 3218 3510 3281 vinculis,
3547 3227 3602 3273 et

2009 3321 2120 3362 non
2141 3308 2427 3363 cadentem
2459 3308 2701 3377 pulvere.
2744 3307 2814 3361 45
2848 3307 3031 3373 Dixit;
3064 3316 3115 3363 et
3157 3309 3402 3363 resonuit
3434 3324 3600 3378 peuc-

2006 3399 2192 3453 trabili
2226 3399 2464 3469 quadam
2501 3408 2635 3453 vace
2675 3415 2690 3453 :
2724 3398 2821 3452 Exi
2845 3440 2858 3462 ,
2891 3397 3335 3463 Lazare,i‘oras.
3365 3399 3434 3454 44
3467 3398 3600 3454 Μυιί

2006 3495 2191 3544 autem
2217 3491 2421 3544 mortui
2457 3490 2665 3561 Spiritu
2694 3505 2892 3546 carens
2925 3492 3189 3546 animavit
3218 3506 3419 3561 corpus
3451 3508 3601 3547 mor-

2008 3586 2138 3635 tuos
2171 3580 2453 3635 suscitans
2482 3594 2675 3635 sonus.
2710 3580 3030 3637 Exanimem
3070 3584 3247 3637 virum
3281 3586 3515 3647 vocavit,
3547 3592 3602 3637 et

2009 3671 2257 3726 cucurrit
2308 3680 2561 3725 mortuus
2610 3673 2821 3736 viator,
2867 3670 3129 3729 incedens
3180 3682 3377 3743 sponte
3436 3674 3602 3729 simni

2009 3764 2342 3835 complicato
2379 3764 2445 3817 ad
2487 3771 2687 3819 terram
2712 3766 2879 3835 pede;
2921 3764 3039 3819 Non
3086 3766 3383 3836 spirantem
3415 3767 3594 3820 virum

2007 3856 2260 3920 vocavit,
2292 3862 2347 3909 et
2396 3855 2539 3909 inter
2586 3866 2834 3912 mortuos
2866 3857 3119 3921 audiens,
3152 3854 3229 3910 Ex
3273 3856 3465 3909 inim-is
3519 3873 3600 3911 rc—

2006 3948 2108 4003 diit
2136 3947 2402 4018 profugus
2435 3955 2710 4009 mortuus,
2743 3963 2926 4002 serum
2973 3948 3121 4001 aliud
3152 3948 3438 4017 Aspicicns
3469 3961 3600 4015 post

2009 4048 2210 4095 metam
2239 4040 2362 4094 vitae
2401 4054 2599 4094 rursus
2625 4046 3016 4109 congregatum
3049 4039 3377 4109 principium
3410 4039 3604 4094 Admi'

2008 4128 2264 4185 randum.
2306 4129 2469 4185 Pluto
2495 4144 2627 4185 vero
2667 4127 2872 4185 frustra
2916 4130 3060 4199 apud
3099 4130 3337 4185 vicinam
3391 4130 3595 4187 Lethen

2008 4220 2204 4276 Omnia
2243 4222 2496 4287 domans,
2529 4222 2857 4276 indomitum
2888 4221 3167 4290 quaerebat
3200 4230 3475 4276 mortuum
3511 4238 3589 4277 er.

2008 4320 2245 4366 rantem.
2279 4310 2345 4365 Et
2374 4311 2508 4382 pede
2538 4312 2750 4365 directo
2783 4311 3098 4365 inﬂexibilia
3135 4327 3309 4382 genua
3348 4313 3595 4371 trahens.

1945 4417 1986 4472 ῃ
2011 4403 2227 4460 Caecum
2284 4402 2654 4473 rectigradum
2692 4403 2900 4457 habens
2941 4405 3252 4473 oppositum
3308 4404 3593 4474 impetum,

2011 4494 2231 4551 Vocaiis
2286 4503 2539 4551 mortuus
2576 4503 2716 4562 erat,
2762 4503 2816 4550 et
2846 4509 2877 4548 a
2924 4495 3061 4565 pede
3104 4510 3277 4566 usque
3329 4497 3393 4550 ad
3432 4505 3596 4566 caput

1530 4697 1814 4755 TEXTUS
1850 4696 2377 4754 EVANGELISTAE.

391 4838 461 4895 56
480 4838 704 4905 Ἔλεγον
725 4832 819 4891 οῦν
840 4839 886 4890 oi
927 4837 1190 4891 Ἰουδαῖον
1234 4836 1338 4889 ’Ἰὼ
1370 4836 1487 4899 πῶς
1519 4837 1694 4904 ἐφίλει
1716 4836 1901 4889 αὐτόν.

392 4924 459 4979 37
495 4923 649 4985 Τινὲς
671 4922 724 4975 δὲ
754 4922 810 4988 ἐξ
842 4921 1021 4974 αὐτῶν
1044 4920 1223 4974 εἷπον’
1259 4921 1373 4974 Οὐκ
1404 4920 1635 4991 ἠδύνατο
1671 4917 1847 4983 οὗτος,
1875 4922 1905 4973 6

322 5006 538 5073 ἀνοίξας
565 5006 689 5069 τοὺς
720 5004 1031 5075 ὀφθαλμοὺς
1064 5005 1159 5058 τοῦ
1190 5004 1415 5074 τυφλοῦ,
1446 5006 1672 5076 ποιῆσαι
1702 5006 1789 5058 ἵνα
1810 5004 1903 5059 καὶ

323 5085 476 5155 οὗτος
509 5090 582 5160 μὴ
612 5089 858 5159 ἀποθάνῃ
876 5104 891 5151 ;

392 5174 461 5229 58
502 5170 707 5243 Ἰησοῦς
733 5167 825 5225 οὖν
875 5172 1035 5225 πάλιν
1062 5170 1486 5242 ἐμϐριμώμενος
1519 5174 1578 5225 ὲν
1601 5173 1782 5243 ἑαυτῷ
1811 5173 1905 5243 ἔρα

319 5276 478 5329 χεται
502 5259 579 5320 είς
596 5258 656 5311 τὸ
680 5258 964 5327 μνημεῖον.
982 5252 1091 5309 Ἦν
1119 5257 1176 5311 δὲ
1207 5256 1491 5328 σπήλαιον,
1524 5260 1618 5311 καὶ⁸
1641 5258 1788 5322 λίθος
1809 5260 1906 5311 ὲπ-

326 5344 503 5396 έκειτο
536 5340 622 5396 ἐπ’
657 5338 826 5409 αὐτῷ.

396 5426 463 5479 59
489 5426 648 5493 Λέγει
670 5424 700 5475 6
735 5419 974 5494 Ἰησοῦς-
1011 5422 1215 5493 Ἀρατε
1241 5420 1334 5475 τὸν
1368 5421 1536 5477 λίθον.
1567 5422 1730 5489 Λέγει
1754 5422 1907 5494 αὐτῷ

325 5510 359 5579 ἡ
414 5510 617 5580 ἀδελφὴ
657 5507 753 5563 τοῦ
777 5506 1100 5576 τεθνηκότος
1132 5505 1365 5578 Μάρθα·
1394 5504 1590 5578 Κύριε,
1622 5507 1722 5579 ἤδη
1753 5506 1865 5571 ὄξει
1886 5524 1900 5538 ·

328 5596 641 5663 τεταρταῖος
663 5592 771 5663 γάρ
804 5593 944 5646 ἐστι.
1858 5640 1861 5641 ,

394 5676 464 5730 40
481 5677 641 5743 Λέγει
669 5676 804 5745 αὐτῇ
826 5677 853 5727 6
888 5672 1095 5743 Ἰησοῦς
1113 5686 1125 5705 '
1150 5673 1263 5727 Οὐκ
1296 5667 1449 5727 εἶπόν
1478 5690 1560 5726 σοι
1589 5673 1670 5727 ὅτι
1698 5674 1792 5729 ἐὰν
1816 5692 1903 5729 πι-

334 5757 579 5829 στεύσῃς,
608 5759 724 5828 ὄψει
760 5760 858 5829 τὴν
898 5757 1057 5823 δόξαν
1090 5755 1181 5810 τοῦ
1210 5754 1375 5823 Θεοῦὲ

2082 4834 2145 4887 41
2168 4831 2349 4904 ’Ἦραν
2370 4831 2463 4888 οὖν
2485 4834 2575 4887 τὸν
2597 4834 2745 4887 λίθον
2774 4828 2834 4889 οὗ
2863 4830 2931 4905 ἦν
2949 4838 2976 4888 6
3005 4835 3287 4907 τεθνηκὼς
3324 4838 3593 4910 κείμενος.

2024 4920 2085 4974 Ὀ
2115 4920 2171 4972 δὲ
2217 4919 2427 4990 Ἰησοῦς
2476 4914 2577 4991 ἦρε
2598 4920 2725 4981 τοὺς
2778 4919 3092 4989 ὀφθαλμοὺς
3135 4922 3269 4985 ἄνω,
3302 4924 3396 4976 καὶ
3434 4920 3595 4980 εἴπεο

2012 5003 2213 5073 Πάτερ,
2250 5002 2555 5072 εὐχαριστῶ
2588 5019 2670 5054 σοι
2704 5003 2785 5055 ὅτι
2813 5004 3051 5073 ἤκουσάς
3084 5022 3205 5073 μου.

2080 5087 2151 5141 42
2166 5086 2309 5155 Ἐγὼ
2326 5087 2384 5140 δὲ
2416 5087 2565 5158 ᾔδειν
2588 5087 2669 5139 ὅτι
2701 5088 2929 5140 πάντοτέ
2964 5106 3064 5158 μου
3086 5091 3323 5155 ἀκούεις·
3342 5092 3479 5146 ἀλλά
3506 5094 3594 5148 διὰ

2011 5172 2101 5224 τὸν
2130 5172 2283 5242 ὄχλον
2309 5172 2401 5225 τὸν
2432 5172 2774 5242 περιεστῶτα
2795 5168 2967 5237 εἶπον,
3008 5175 3097 5227 ἵνα
3116 5179 3477 5232 πιστεύσωσιν
3510 5181 3592 5233 ὅτι

2015 5255 2079 5308 σύ
2108 5272 2174 5324 με
2200 5256 2302 5309 άπέ
2312 5255 2552 5318 στειλας.

2083 5339 2155 5393 45
2200 5341 2308 5393 Καὶ
2342 5339 2515 5394 ταῦτα
2560 5339 2752 5403 εἰπὼν,
2783 5345 2934 5413 φωνῇ
2976 5342 3185 5413 μεγάλῃ
3230 5342 3543 5414 ὲκραύγασε
3570 5359 3585 5375 ο

2009 5422 2247 5493 Λάζαρε,
2280 5423 2437 5495 δεῦρο
2458 5424 2581 5489 ἔξω.

2078 5507 2148 5560 44
2179 5509 2287 5561 Καὶ
2312 5508 2534 5578 ἐξῆλθεν
2566 5510 2595 5559 ὁ
2626 5508 2925 5578 τεθνηκὼς,
2955 5508 3234 5577 δεδεμένος
3266 5508 3392 5569 τοὺς
3420 5510 3585 5574 πόδας

2007 5592 2101 5645 καὶ
2132 5590 2232 5655 τὰς
2268 5595 2459 5663 χεῖρας
2491 5594 2753 5665 κειρίαις·
2787 5594 2880 5645 καὶ
2906 5595 2937 5657 ἡ
2965 5591 3085 5658 δψις
3124 5590 3585 5666 αὐτοῦοουῖαρίῳ

2008 5676 2366 5745 περιεδέδετο.
2403 5677 2563 5744 Λέγει
2594 5678 2773 5738 αὐτοῖς
2801 5676 2828 5725 ὁ
2872 5672 3077 5743 Ἰησοῦς
3108 5689 3121 5702 ·
3158 5672 3369 5725 Λύσατε
3398 5676 3581 5745 αὐτὸν,

2008 5761 2101 5815 καὶ
2134 5759 2297 5825 ἄφετε
2328 5759 2578 5831 ὑπάγειν.
2674 5818 2679 5823 δ
