3900 6216
289 267 408 324 θη

1538 265 1747 322 NONNI
1785 264 2295 322 PANOPOLITANI

3462 272 3581 326 848

296 387 665 447 Constrictnm
701 386 1043 457 complicatis
1079 396 1252 442 totum
1298 402 1500 458 corpus
1542 386 1774 441 habebat
1810 383 1872 437 fa!

1992 385 2364 457 Σφιγγὸμενον
2396 386 2692 459 πλεκτῇσιν
2717 387 2839 441 ὅλον
2872 387 3040 459 δέμας
3072 384 3182 459 εἶχε
3212 387 3473 458 κερείαις,

297 480 429 534 sciis
462 479 881 549 scpnlcralibus,
910 478 1159 534 Calidum
1198 479 1408 536 habens
1430 478 1684 535 sudorem
1718 484 1877 532 tectae

298 571 456 626 faciei
487 589 498 625 :
526 570 592 625 Et
632 570 777 626 lineo
809 570 1052 626 munitus
1090 580 1209 627 erat
1241 572 1511 627 velamine
1550 573 1697 626 circa
1727 569 1877 624 orbi-

276 664 537 717 culatum
566 668 730 732 caput
749 703 766 726 ,
805 660 1096 717 Sudarinm
1124 663 1270 733 quod
1306 670 1467 717 vocat
1499 660 1761 734 Syrorum
1789 676 1874 717 os.

280 754 544 819 ,Attonito
577 761 758 808 autem
806 752 1021 808 Astanti
1060 753 1223 809 nubis
1258 755 1434 810 instar
1467 753 1582 810 Rex
1616 754 1877 827 praecepit

278 844 496 915 .populo
523 864 537 900 :
564 844 769 900 Solvite
801 844 935 899 mihi
973 851 1025 900 et
1052 845 1224 901 levem
1262 846 1427 902 sinite
1466 856 1742 901 mortuum
1759 861 1877 899 am-

293 938 501 992 bulare.
533 937 625 991 Sic
654 937 910 1008 loquente
949 936 1128 1008 Rege,
1154 953 1443 1008 compares
1484 939 1668 993 statim
1703 937 1877 992 homi—

292 1041 392 1081 nes
426 1025 492 1080 Et
528 1026 816 1082 mistarum
848 1035 1116 1097 ruperunt
1152 1042 1347 1082 rursus
1370 1028 1628 1084 solubilia
1657 1026 1874 1082 vincula

292 1118 617 1182 fasciarum,
649 1118 717 1174 Et
764 1119 1135 1175 membrorum
1164 1121 1345 1191 gravis
1379 1120 1582 1176 vinculi
1603 1120 1876 1176 nudarunt

291 1219 551 1281 tegmen;
585 1211 649 1265 Et
686 1220 937 1269 mortuus
978 1213 1033 1267 in
1065 1212 1287 1267 domum
1314 1212 1461 1267 venit
1506 1214 1703 1268 iterum
1743 1227 1876 1267 con-

291 1310 448 1358 sueto
478 1303 634 1374 pede,
682 1302 884 1360 Lucem
930 1304 1123 1361 videns
1168 1304 1515 1376 quintanam.
1550 1303 1621 1359 45
1658 1302 1907 1359 Judaaoo.

270 1409 411 1449 rum
452 1409 587 1452 sane
621 1394 778 1449 multi
828 1393 1055 1450 Marthae
1109 1402 1163 1450 et
1218 1394 1403 1449 Maria:
1450 1394 1517 1449 ad
1572 1394 1875 1450 luctuosam

282 1486 515 1540 domum
569 1494 764 1543 euntes
802 1485 944 1542 Filio
973 1486 1066 1543 Dei
1117 1488 1510 1552 crediderunt,
1543 1487 1875 1558 aspicientes

272 1578 465 1634 'ocnlis
510 1578 773 1637 Dominus
797 1597 938 1651 Opus
979 1582 1299 1637 incredibile
1340 1582 1487 1652 quod
1539 1582 1698 1646 fecit,
1735 1596 1878 1638 mor-

271 1675 445 1724 ‘tuum
492 1673 772 1729 suscitans
805 1671 1096 1733 Lazarum.
1129 1687 1159 1725 a
1199 1673 1503 1743 caliginoso
1534 1673 1875 1728 exsilientem

1984 473 2196 545 Θερμὸν
2229 475 2367 546 ἔχων
2393 476 2593 548 ἱδρῶτα
2623 478 3052 549 καλυπτομένοιο
3079 480 3397 551 προσώπου*

1986 566 2093 621 Kal
2128 567 2290 639 λινέῳ
2348 569 2669 626 πεπύκαστο
2695 571 3013 643 καλύμματι
3066 574 3309 628 κυκλάδα
3336 578 3579 649 κόρσην.

1986 660 2274 733 Σουδάριον
2312 661 2482 733 τόπερ
2504 658 2623 715 εἷπε
2663 663 2849 733 Σύρων
2888 665 3082 735 στόμα.
3106 666 3409 740 Θαμϐαλέῳ
3439 669 3501 722 δὲ

1996 751 2290 821 Ἰσταμένῳ
2317 752 2608 824 νεφεληδὸν
2642 753 2810 818 Ἀναξ
2842 752 3157 809 ἐπετέλλετο
3186 756 3326 826 λαῷ,

1985 842 2198 897 Λύσατέ
2229 843 2437 914 μοικαὶ
2471 845 2673 913 κοῦφον
2703 846 2902 900 ἐάσατε
2932 848 3126 919 νεκρὸν
3156 848 3379 903 ὁδεύειν.

1989 926 2086 998 Ὠς
2118 934 2360 1005 φαμένου
2396 935 2679 1007 Βασιλῆος,
2708 937 2976 1007 όμόζυγες
3011 939 3207 993 αὐτίκα
3240 940 3358 994 λαοὶ

1988 1026 2093 1080 Καὶ
2126 1026 2353 1097 μιγάδος
2379 1025 2609 1099 ῥήξαντο
2628 1027 2926 1083 παλίλλυτα
2956 1030 3130 1102 δεσμὰ
3156 1032 3396 1103 κερείης,

1986 1117 2087 1172 Καὶ
2120 1118 2329 1191 μελέων
2360 1118 2701 1189 βαρύδεσμον
2727 1122 3113 1191 ὲγυμνὼσαντο
3136 1123 3474 1195 καλύπτρην.

1983 1211 2095 1265 Καὶ
2113 1211 2274 1275 νέκυς
2300 1213 2381 1274 εἰς
2412 1210 2575 1282 δόμον
2596 1208 2727 1282 ἦλθε
2756 1212 3070 1283 τοδεύτερον
3102 1214 3261 1284 ὴθὰδι
3285 1215 3493 1287 ταρσῷ,

1982 1303 2189 1372 Φέγγος
2214 1301 2337 1355 ἰδὼν
2372 1305 2703 1373 πεμπταῖον.
2733 1304 2804 1360 45
2848 1304 3119 1359 Ἰουδαίων
3148 1306 3193 1360 δ’
3227 1307 3337 1378 ἄρα
3355 1307 3565 1371 πολλοὶ,

1982 1394 2214 1467 Μάρθης
2239 1395 2333 1448 καὶ
2365 1394 2585 1465 Μαρίης
2604 1395 2697 1448 ἐπὶ
2724 1395 2984 1467 πένθιμον
3012 1392 3159 1450 οἷκον
3186 1399 3354 1462 εόντες

1983 1488 2143 1543 Παιδὶ
2164 1487 2299 1541 Θεοῦ
2340 1485 2620 1550 πίστευον,
2650 1486 3055 1558 ὲσαθρήσαντες
3090 1489 3344 1551 ὀπωπαῖς

1984 1577 2249 1650 Κοίρανος
2288 1576 2447 1648 ἔργον
2483 1576 2710 1632 ἄπιστον
2739 1578 2878 1649 ὅπερ
2911 1578 3077 1649 κάμε,
3110 1579 3306 1651 νεκρὸν
3341 1577 3566 1648 ἐγείρας

1985 1671 2237 1743 Λάζαρον
2260 1669 2576 1742 ἀχλυόεντος
2606 1670 3025 1743 άναθρώσκοντα
3064 1671 3345 1743 βερέθρου,

288 1761 572 1826 barathro,
606 1762 907 1819 lteversum
951 1779 1017 1818 ex
1059 1764 1292 1819 mortuis
1317 1764 1480 1819 celeri
1516 1764 1674 1835 pede.
1698 1763 1769 1820 46
1806 1764 1872 1819 Ει

1991 1764 2246 1836 Ἲόστιμον
2274 1766 2338 1819 ὲκ
2365 1762 2571 1819 νεκύων
2588 1762 2794 1833 ταχινῷ
2818 1762 2956 1815 ποδί.
2977 1762 3047 1817 46
3077 1763 3188 1815 Καί
3212 1778 3360 1826 τινες
3379 1761 3565 1816 αὐτῶν

286 1844 508 1923 quidam
531 1854 749 1909 illorum
782 1855 843 1910 In
878 1856 1156 1911 civitatem
1187 1856 1478 1927 vestigium
1507 1855 1775 1912 ﬂexerunt
1805 1855 1874 1911 ad

285 1945 518 2001 eximios
567 1946 918 2010 sacerdotes,
992 1930 1326 2002 Multitudini
1379 1947 1740 2017 praedicantes
1790 1947 1876 2001 in-

286 2039 640 2094 credulorum
674 2037 1078 2094 Phariszeorum
1118 2037 1295 2109 Opera
1331 2038 1425 2094 Dei
1457 2039 1684 2094 Christi.
1716 2040 1786 2095 47
1810 2041 1874 2094 Et

270 2130 665 2202 imprudentes
710 2131 998 2202 pontifices
1053 2129 1110 2184 ιιι
1166 2130 1343 2185 forum
1400 2132 1875 2202 congregabantur

286 2222 669 2287 multisonum,
696 2222 788 2276 ubi
844 2221 1119 2278 seniorum
1156 2221 1316 2293 132
1344 2223 1401 2277 ln
1432 2238 1599 2277 unum
1642 2237 1875 2294 congre-

274 2323 537 2384 gatorttm
572 2312 851 2384 primariae
883 2312 1033 2369 sedis
1064 2315 1396 2369 conscdebat
1422 2314 1734 2368 consilium.
1770 2314 1872 2368 Alii

286 2415 471 2461 autem
520 2406 661 2461 alius
712 2405 854 2460 dixit
897 2406 1088 2473 :Qnid
1145 2406 1410 2462 faciemus
1458 2406 1482 2460 ?
1524 2407 1875 2462 adversarius

278 2499 432 2552 enim
472 2495 634 2551 Varie
690 2498 1012 2567 apparentia
1062 2497 1224 2552 homo
1281 2497 1371 2551 hic
1422 2497 1676 2553 sublimia
1718 2500 1873 2568 signa

286 2586 547 2642 ostendit.
582 2586 652 2640 48
684 2583 741 2639 Si
772 2599 899 2641 vero
934 2585 1113 2656 ipsum
1156 2586 1540 2656 reliquerimus
1567 2586 1765 2641 similia
1794 2589 1872 2643 si-

278 2696 390 2751 gna
450 2679 653 2743 Iacere,
698 2679 808 2735 Nos
857 2693 964 2733 non
1004 2680 1241 2750 amplius
1285 2680 1521 2752 populus
1571 2688 1870 2751 sequetur;

285 2772 380 2828 sed
412 2773 502 2827 uni
524 2773 626 2827 soli
650 2771 777 2827 Viro
798 2771 1082 2827 credentes
1096 2772 1451 2827 adhaerebunt
1473 2774 1620 2828 cives
1636 2789 1651 2839 ;
1669 2772 1873 2829 Omnes

284 2879 409 2919 cum
460 2870 759 2932 sequentur
799 2879 813 2928 ;
854 2870 908 2916 et
955 2860 1056 2916 viri
1107 2860 1343 2917 Romani
1390 2860 1648 2918 Nostram
1698 2870 1870 2919 totam

283 2964 500 3027 gentem
534 2953 783 3009 anfcrcnt
808 2943 1109 3018 venientes,
1138 2952 1363 3010 Gentem
1394 2955 1558 3010 simul
1588 2966 1641 3011 et
1667 2955 1869 3010 locum.

282 3048 353 3103 49
387 3046 481 3102 Vir
514 3056 697 3102 autem
738 3056 857 3103 erat
896 3049 1038 3102 inter
1076 3048 1227 3119 ipsos
1270 3048 1564 3118 Caiaphas.
1603 3049 1869 3114 nefarius,

282 3147 559 3203 versutus,
590 3138 684 3209 qui
714 3146 846 3194 tunc
888 3139 1035 3195 illius
1067 3138 1323 3195 Pontifex
1364 3140 1493 3195 anni
1530 3148 1666 3206 erat,
1694 3140 1869 3195 dedu-

284 3239 404 3285 ctm-
427 3230 572 3286 festi.
590 3229 692 3284 llic
716 3228 922 3286 Judzeis
944 3232 1279 3287 nectidolum
1310 3233 1497 3289 sonuit
1520 3249 1829 3289 sermonem
1855 3252 1867 3287 :

282 3322 430 3377 Nihil
467 3323 748 3392 inexperta
778 3322 1017 3391 prudens
1052 3323 1205 3379 scitis
1236 3332 1439 3388 mente,
1469 3323 1655 3396 Neque
1685 3325 1870 3381 animo

268 3412 652 3468 consideratis
680 3412 812 3482 quid
841 3414 1281 3471 conducibilius:
1304 3416 1373 3470 50
1416 3416 1544 3485 quia
1571 3416 1744 3470 civem
1776 3415 1872 3470 Bo-

276 3521 417 3560 num
452 3513 533 3559 cst
566 3519 665 3574 pro
695 3504 895 3574 populo
927 3506 1065 3560 mori
1104 3521 1298 3570 unum,
1338 3521 1406 3561 ne
1439 3516 1662 3576 propter
1688 3506 1870 3577 ipsum

277 3597 485 3654 Nostra
533 3606 644 3651 tota
678 3612 814 3667 gens
851 3597 1013 3652 cadat
1052 3597 1254 3663 exitio;
1291 3596 1425 3652 Viro
1459 3614 1567 3655 uno
1601 3599 1871 3655 moriente

283 3698 400 3745 tota
431 3689 628 3743 civitas
663 3687 957 3757 tranquilla
989 3686 1113 3742 erit.
1144 3688 1206 3742 5|
1250 3688 1294 3743 Α
1332 3689 1515 3758 seipso
1543 3698 1726 3745 autem
1762 3705 1872 3745 non

276 3784 389 3838 hoc
413 3780 723 3836 vaticinans
746 3777 887 3833 dixit
919 3779 1039 3846 vir;
1064 3778 1171 3834 Sed
1224 3780 1498 3836 sacriﬁcio
1536 3780 1871 3846 destinatus,

284 3899 548 3956 tanquam
590 3884 740 3939 illius
781 3883 1056 3939 Sacerdos
1087 3883 1213 3939 anni
1241 3893 1505 3941 consueta
1543 3886 1873 3942 vaticinatus

282 3997 368 4045 est
395 4003 548 4055 voce,
572 3988 733 4057 Quod
758 3988 1059 4044 moriturus
1090 3995 1209 4044 erat
1238 3990 1429 4046 volens
1460 3991 1627 4045 vitam
1665 3990 1873 4048 ferente

282 4105 457 4149 morte
503 4093 759 4149 Christus
804 4090 1118 4147 Judarorum
1159 4108 1259 4163 pro
1296 4102 1457 4165 gente
1503 4095 1616 4150 τδὲ
1656 4094 1723 4150 Et
1761 4112 1871 4151 non

284 4212 383 4268 pro
406 4197 520 4253 sola
549 4195 742 4262 Gente,
770 4197 867 4252 sed
903 4204 963 4252 ut
994 4196 1136 4252 filios
1171 4197 1263 4253 Dei
1295 4198 1592 4270 dissipatos
1624 4199 1680 4254 in
1709 4215 1871 4254 mun-

281 4303 353 4357 do
393 4303 445 4357 In
495 4318 662 4357 unum
710 4309 1088 4372 congregaret.
1134 4301 1204 4355 53
1236 4301 1280 4355 A
1333 4304 1605 4358 malorum
1642 4312 1869 4360 auctore

1977 1855 2071 1918 Εἰς
2103 1856 2258 1912 πόλιν
2294 1857 2439 1928 ἴχνος
2471 1858 2727 1929 ἔκαμψαν
2758 1858 2816 1919 ἐς
2853 1853 3133 1918 ἀντιθέους
3165 1853 3377 1925 ἱερῆας,

1976 1950 2188 2022 Πληθύῖ
2212 1950 2582 2023 κηρύσσοντες
2612 1948 2996 2005 ἀπιστοτάτων
3021 1946 3333 2019 Φαρισαίων

1980 2043 2160 2115 Ἔργα
2193 2042 2328 2097 Θεοῦ
2368 2044 2644 2116 Χριστοῖο.
2672 2041 2737 2095 47
2764 2041 2875 2095 Καὶ
2911 2040 3146 2110 ἄφρονες
3173 2030 3468 2108 ἀρχιερῆες

1976 2136 2073 2200 Εἰς
2096 2134 2300 2208 ἀγορὴν
2326 2136 2593 2207 ἀγέροντο
2620 2134 2939 2204 πολύθροον,
2967 2125 3057 2206 ᾗχι
3085 2129 3357 2201 γερόντων

1983 2226 2141 2297 133
2173 2227 2268 2290 Εἰς
2294 2226 2353 2280 ἓν
2381 2224 2752 2298 ἀγειρομένων
2787 2222 3160 2295 πρωτόθρονος
3187 2222 3342 2286 ἕζετο
3374 2218 3559 2290 βουλή.

1980 2319 2159 2389 Ἄλλῳ
2201 2320 2245 2373 δ’
2293 2317 2453 2382 ἄλλος
2486 2317 2672 2371 ἔειπε·
2707 2316 2771 2369 Τί
2829 2315 3093 2387 ρέξομεν;
3128 2312 3419 2374 ἀντίπαλος
3448 2312 3564 2381 γὰρ

1991 2409 2284 2480 ’Λλλοφανῆ
2319 2407 2508 2480 βροτὸς
2533 2400 2689 2470 οὗτος
2717 2407 2996 2478 ὑπέρτατα
3028 2407 3250 2477 σήματα
3271 2404 3470 2473 φαίνει.

1974 2500 2046 2555 48
2073 2502 2138 2557 Ei
2164 2500 2223 2555 δέ
2252 2501 2278 2554 ὲ
2306 2500 2692 2572 καλλείψοιμεν
2714 2498 2898 2569 ὁμοίῐα
2933 2498 3155 2569 σήματα
3182 2495 3381 2565 ῥέζειν,

1987 2594 2150 2664 Ἡμῖν
2179 2592 2364 2646 οὐκέτι
2394 2593 2525 2656 λαὸς
2553 2593 2875 2661 ὲφέσπεται,
2907 2589 3021 2643 ἀλλ’
3052 2589 3133 2643 ἐνὶ
3166 2587 3348 2658 μούνῳ

1988 2686 2167 2755 Ἀνέρι
2202 2684 2551 2747 πιστεύοντες
2583 2684 2960 2754 ὁμαρτήσουσι
2996 2679 3242 2732 πολῖται·

1975 2774 2184 2838 Πάντες
2212 2775 2583 2845 ὀμαρτήσουσι
2603 2790 2616 2804 ι
2658 2772 2753 2826 καὶ
2772 2770 2964 2841 ἀνέρες
2988 2767 3281 2837 Αύσονιῆες

1986 2865 2225 2936 Ἦμείων
2250 2864 2370 2919 ὃλον
2399 2864 2550 2928 ἔθνος
2581 2862 2967 2935 ἁφαρπάξουσι
2997 2858 3275 2931 μολόντες.

1979 2959 2173 3021 Ἐθνος
2198 2956 2332 3028 ὁμοῦ
2355 2956 2450 3012 καὶ
2478 2956 2677 3027 χῶρον.
2702 2957 2769 3011 49
2799 2955 2964 3025 Ἀνὴρ
2986 2953 3044 3006 δέ
3065 2970 3150 3015 τις
3166 2947 3262 3021 ἦεν
3297 2951 3353 3003 ὲν
3374 2948 3557 3011 αὐτοῖς

1976 3051 2254 3119 Καϊάφας,
2290 3049 2604 3121 ἀθέμιστος,
2645 3047 2962 3110 ἐπίκλοπος,
2991 3045 3049 3108 ὃς
3083 3044 3204 3098 τότε
3232 3042 3412 3095 κείνου

1989 3139 2306 3210 Ἀρχιερεὺς
2329 3137 2666 3201 λυκάϐαντος
2698 3136 2815 3207 ἔην,
2842 3135 3105 3206 ὀχετηγὸς
3129 3134 3340 3206 ἑορτῆς.

1975 3225 2144 3294 Οὗτος
2178 3229 2477 3284 Ἰουδαίοισι
2501 3228 2823 3283 δολοπλόκον
2846 3228 2964 3299 ῖαχε
2994 3227 3201 3297 φωνήν·

1977 3324 2141 3376 Οὐδὲν
2170 3322 2458 3393 ἀπειρήτῳ
2487 3321 2831 3391 πεπνυμένον
2857 3320 2971 3373 ῐστε
3004 3319 3247 3389 μενοινῇ,

1976 3413 2112 3467 Ούδὲ
2145 3412 2251 3483 νόῳ
2281 3411 2553 3485 φράζεσθε
2587 3411 2638 3464 τί
2670 3411 2935 3482 φέρτερον
2956 3427 2969 3441 ·
3007 3409 3076 3463 50
3099 3409 3212 3462 ὄττι
3242 3406 3463 3478 πολίτην

1976 3505 2157 3560 Καλὸν
2187 3506 2329 3576 ὑπὲρ
2357 3505 2505 3558 λαοῖο
2544 3504 2725 3559 θανεῖν
2745 3503 2862 3569 ἕνα,
2895 3502 2971 3574 μὴ
3000 3502 3161 3574 χάριν
3199 3500 3365 3555 αὐτοῦ

1988 3595 2226 3667 Ἦμείων
2246 3596 2367 3650 ὅλον
2391 3595 2541 3659 ἔθνος
2569 3593 2908 3665 ὀλισθήσειεν
2936 3593 3174 3663 ὀλέθρῳ·

1988 3687 2206 3759 Ἀνδρὺς
2235 3688 2354 3750 ἑνὸς
2376 3686 2702 3757 θνήσκοντος
2735 3684 2830 3753 ὅλη
2861 3684 3017 3747 πόλις
3053 3683 3226 3747 εὔδιος
3253 3683 3423 3736 ἔσται.

1977 3779 2039 3833 5|
2075 3779 2389 3849 Αύτόματος
2412 3778 2455 3831 δ’
2484 3779 2547 3832 ού
2586 3779 2746 3832 τοῦτο
2788 3776 3094 3848 θεοπρόπος
3140 3776 3361 3829 ἔννεπεν
3392 3774 3547 3846 ἀνὴρ,

1989 3871 2150 3925 Ἀλλά
2180 3869 2447 3941 θυηπολίῃ
2491 3868 2892 3941 μεμελημένος,
2926 3862 3017 3920 οἶὰ
3039 3884 3098 3919 τε
3131 3865 3311 3920 κείνου

1988 3963 2044 4015 Ἀ
2054 3960 2224 4033 ρητὴρ
2245 3961 2579 4025 λυκάϐαντος
2600 3959 2758 4031 ἀήθεῖ
2788 3958 3011 4012 θέσπισε
3035 3960 3212 4028 φωνῇ,

1976 4054 2134 4107 Ὀττι
2160 4054 2340 4107 θανεῖν
2369 4051 2603 4124 ήμελλεν
2628 4048 2769 4104 ἑκὼν
2791 4046 3032 4120 ζωαρκέῖ
3063 4047 3256 4118 πότμῳ

1975 4146 2210 4220 Χριστὸς
2248 4144 2512 4200 Ἰουδαίων
2534 4145 2672 4215 ὑπὲρ
2695 4143 2876 4206 ἔθνεος
2897 4158 2910 4173 ·
2944 4142 3012 4196 52
3039 4140 3099 4194 ού
3136 4156 3202 4192 πε
3212 4138 3265 4210 ρὶ
3289 4136 3482 4209 μούνου

1978 4239 2223 4305 Ἔθνεος,
2254 4239 2371 4293 ἀλλ’
2407 4239 2494 4292 ἵνα
2516 4237 2682 4291 τέκνα
2707 4235 2842 4290 Θεοῦ
2870 4233 3247 4305 κεκεδασμένα
3280 4233 3469 4302 κόσμῳ

1974 4334 2068 4397 Et;
2090 4332 2147 4385 ἒν
2168 4331 2520 4387 ἀολλίσσειεν.
2545 4331 2616 4386 55
2660 4329 2780 4383 Ἀπ’
2807 4328 3136 4399 ἀρχεκάκοιο
3163 4325 3221 4380 δὲ
3246 4324 3429 4393 κείνης

283 4417 463 4463 autem
512 4409 602 4462 illa
651 4406 797 4461 llora
838 4406 1131 4461 consilium
1182 4414 1480 4463 texuerunt
1523 4409 1869 4480 impudentes

1991 4426 2148 4495 Ὠρης
2175 4426 2335 4497 μῆτιν
2370 4422 2596 4492 ὕφαινον
2623 4420 2867 4484 ἀναιδέες
2889 4418 3200 4489 ἀρχιερῆες,

284 4512 590 4582 pontiﬁces,
623 4510 688 4565 Et
711 4519 888 4566 coetus
912 4520 1165 4568 versutus
1234 4512 1639 4569 incredulorum
1674 4513 1867 4569 Phari-

1975 4515 2085 4569 Κα)⁵
2118 4515 2275 4587 χορὸς
2297 4513 2667 4585 ἀγκυλόμητις
2693 4505 3070 4565 άπιστοτάτων
3090 4509 3415 4582 Φαρισαίων,

1491 4667 1772 4726 TEXTUS
1809 4640 2347 4726 EVANGELISM.

352 4781 423 4835 45
450 4777 644 4833 Πολλοὶ
685 4775 781 4833 οὖν
827 4780 891 4833 ὲκ
927 4779 1036 4834 τῶν
1081 4782 1354 4835 Ἰουδαίων
1382 4783 1434 4834 οἱ
1463 4782 1709 4845 ἐλθόντες
1735 4782 1871 4855 πρὸς

280 4865 379 4935 τὴν
409 4863 649 4934 Μαρίαν,
691 4864 785 4918 καὶ
838 4863 1168 4937 θεασάμενοι
1197 4865 1235 4920 ἃ.
1278 4867 1534 4938 ἐποίησεν
1565 4868 1594 4920 ό
1639 4865 1867 4938 Ἰησοῦς,

282 4951 615 5003 ἐπίστευσαν
644 4950 725 5012 είς
758 4949 943 5004 αὐτόν.

354 5031 424 5085 46
457 5030 615 5094 Τινὲς
676 5031 734 5085 δὲ
760 5030 821 5096 ἐξ
850 5031 1032 5086 αὐτῶν
1070 5033 1312 5104 ἀπῆλθον
1344 5034 1482 5105 πρὸς
1538 5033 1666 5096 τοὺς
1699 5034 1869 5105 Φαρι-

286 5116 491 5178 σαίους.
521 5114 617 5168 καὶ
648 5110 801 5167 εἷπον
830 5116 1015 5180 αὐτοῖς
1044 5115 1081 5169 ἃ
1111 5117 1370 5187 ἐποίησεν
1394 5119 1423 5169 ὁ
1459 5116 1690 5187 Ἰησοῦς,

354 5199 422 5252 47
458 5199 777 5269 Συνήγαγον
802 5193 897 5252 οὖν
938 5200 990 5251 οἱ
1044 5200 1319 5270 ἀρχιερεῖς
1353 5200 1446 5252 καὶ
1494 5202 1544 5253 oi
1586 5200 1868 5270 Φαρισαῖοι

282 5282 581 5354 συνέδριον,
627 5281 723 5335 καὶ
751 5280 965 5349 ἔλεγον·
992 5282 1057 5333 Τί
1092 5284 1383 5353 ποιοῦμεν;
1427 5284 1508 5335 ὅτι
1534 5279 1687 5347 οὗτος
1716 5284 1744 5335 ὁ
1772 5281 1867 5335 ἄν·-

283 5366 310 5419 0
320 5384 501 5439 ρωπος
528 5366 699 5421 πολλὰ
725 5368 929 5437 σημεῖα
958 5368 1117 5419 ποιεῖ.

353 5451 422 5506 48
462 5451 588 5505 Ἐάν
617 5450 848 5521 ἀφῶμεν
886 5449 1049 5503 αὑτὸν
1072 5449 1232 5515 οὔτω,
1267 5449 1467 5513 πάντες
1487 5449 1869 5503 πιστεύσουσιν

282 5534 360 5596 είς
384 5533 548 5587 αὐτόν
572 5551 586 5564 θ
639 5535 734 5587 καὶ
765 5532 1074 5588 ἐλεύσονται
1110 5533 1160 5585 οἱ
1207 5533 1488 5602 Ῥωμαῖοι,
1518 5532 1613 5586 καὶ
1643 5531 1868 5603 ἀροῦσιν

288 5615 440 5684 ήμῶν
463 5624 559 5670 και
586 5618 678 5672 τὸν
704 5618 870 5671 τόπον
902 5619 998 5671 καὶ
1033 5617 1093 5671 τὸ
1127 5616 1296 5681 ἔθνπ.

351 5696 425 5753 49
456 5693 548 5763 Εἷς
569 5700 625 5753 δέ
654 5718 735 5765 τις
762 5701 821 5767 ἐξ
844 5700 1023 5755 αὐτῶν
1045 5701 1320 5773 Καϊάφας,
1350 5698 1642 5773 ἀρχιερεὺς
1670 5700 1747 5756 ὢν
1769 5700 1862 5754 τοῦ

1975 4783 2224 4837 ὲνιαυτοῧ
2275 4782 2511 4846 ἐκείνου,
2560 4777 2715 4834 εἶπεν
2752 4780 2968 4843 αὐτοῖς·
3013 4779 3203 4849 Ὑμεῖς
3231 4780 3332 4833 οὐκ
3382 4779 3550 4834 οἴδατε

1975 4868 2149 4922 οὐδέν.

2043 4952 2114 5005 50
2161 4949 2295 5003 υύδὲ
2335 4948 2705 5017 διαλογίζεσθε
2754 4949 2837 5001 ὅτι
2870 4947 3143 5019 συμφέρει
3184 4948 3314 5018 ἡμῖν
3359 4947 3446 5000 ἵνα
3474 4942 3551 5009 εἷς

1974 5036 2260 5103 ἄνθρωπος
2313 5031 2561 5106 ἀποθάνῃ
2599 5032 2740 5103 ὑπὲρ
2766 5032 2858 5086 τοῦ
2892 5031 3047 5095 λαοῦ,
3101 5032 3196 5085 καὶ
3226 5031 3301 5102 μὴ
3340 5031 3458 5085 ὅλον
3493 5032 3550 5085 τὸ

1975 5115 2127 5180 ἔθνος
2156 5113 2448 5188 ἀπόληται.

2045 5200 2107 5253 51
2134 5198 2303 5252 Τοῦτο
2329 5198 2386 5252 δὲ
2411 5200 2504 5268 ἀφ’
2534 5198 2730 5253 ἑαυτοῦ
2764 5200 2866 5252 οὐκ
2892 5196 3044 5251 εἶπεν
3071 5215 3084 5228 ·
3110 5196 3247 5251 ἀλλὰ
3265 5197 3548 5270 ἀρχιερεὺς

1974 5281 2049 5336 ὣν
2082 5281 2177 5335 τοῦ
2206 5283 2455 5337 ὲνιαυτοῦ
2489 5282 2723 5344 ἐκείνου,
2761 5283 3169 5353 προεφήτευσεν
3196 5283 3279 5334 ὃτι
3331 5280 3548 5351 ἔμελλεν

1973 5368 2003 5419 ὁ
2050 5365 2258 5436 Ἰησοῦς
2282 5366 2653 5437 ἀποθνήσκειν
2683 5366 2826 5437 ὑπὲρ
2854 5365 2949 5420 τοῦ
2978 5366 3194 5429 ἔθνουςο

2044 5449 2115 5504 52
2147 5451 2252 5505 Ka‘i
2286 5451 2383 5522 οὐχ
2401 5450 2541 5520 ὑπὲρ
2562 5448 2658 5503 τοῦ
2685 5449 2871 5515 ἔθνους
2898 5451 3081 5522 μόνον,
3109 5449 3224 5504 ἀλλ’
3258 5451 3345 5504 ἴνα
3368 5447 3463 5503 καὶ
3484 5447 3549 5502 τά

1973 5535 2138 5587 τέκνα
2158 5533 2254 5587 τοῦ
2278 5532 2413 5587 Θεοῦ
2448 5533 2517 5588 τά
2549 5531 3016 5606 διεσκορπισμένα
3051 5533 3334 5604 συναγάγῃ
3364 5534 3445 5595 εις
3471 5530 3547 5583 ἓν.

2043 5618 2114 5671 55
2148 5620 2258 5671 Ἀπ’
2303 5617 2522 5688 ἐκείνης
2563 5613 2658 5670 οὖν
2684 5618 2785 5689 τῆς
2817 5619 3032 5691 ἡμέρας
3066 5615 3550 5673 συνεϐουλεύσπνω

1972 5701 2059 5757 ἵνα
2082 5702 2475 5757 ἀποκτείνωσιν
2504 5700 2688 5757 αὐτόν.
