3900 6216
265 401 378 459 εις,

272 521 501 592 Ἰησοῦν
529 521 613 574 ἵνα
638 521 836 585 πάντες
861 520 941 576 ἑνὶ
959 521 1246 579 κτείνωσιν
1270 524 1498 597 ὀλέθρῳ.

263 613 337 667 54
372 612 574 665 Οὐκέτι
607 611 652 664 δ’
689 612 969 683 ἀμφαδίην
998 612 1253 678 λαοσσόος
1283 609 1397 686 εἶχε
1425 616 1654 688 πορείην

265 704 515 775 Χριστὸς
557 704 616 756 ἐν
648 702 978 775 Ἐϐραίοισιν
1001 719 1015 733 ⁸
1043 704 1332 777 ἀδουπήτῳ
1356 706 1412 759 δὲ
1446 707 1648 777 πεδίλῳ

276 794 480 863 Ἀγνδν
518 794 780 865 Ἰουδαίης
808 796 1154 868 παρεμέτρεε
1184 796 1384 851 κόλπον
1411 798 1651 871 ἀρούρης
1684 817 1697 831 ·

263 886 477 957 Χώρης
496 886 661 955 ἐγγὺς
684 885 868 941 ῖκανεν
884 886 1126 959 όρειάδος
1147 888 1315 959 ἐγγὺς
1331 891 1562 962 ἐρήμου,

261 977 361 1039 Εἰς
388 975 546 1028 πόλιν
566 991 579 1006 ·
604 974 803 1028 ὁππόθι
832 975 999 1046 μίμνε
1043 976 1141 1030 σὺν
1163 976 1456 1032 ἀντιθέοισι
1490 978 1784 1051 μαθηταῖς,

276 1067 529 1137 Ἐφραὶμ
561 1065 660 1137 τὴν
686 1065 964 1123 καλέουσι.
1003 1067 1072 1123 55
1091 1067 1200 1123 Καὶ
1229 1069 1463 1139 ἐγγύθεν
1495 1067 1592 1142 ἦεν
1623 1072 1784 1144 ἑορτὴ

265 1156 469 1225 ιιάσχα
498 1155 893 1227 πολυκλήῖστον
910 1172 925 1188 ·
951 1156 1046 1211 ἀπ’
1076 1158 1359 1229 ιύρυάλοιο
1386 1160 1444 1214 δὲ
1470 1159 1633 1232 γαίης

266 1243 435 1316 134
467 1244 663 1297 Πολλοὶ
708 1245 976 1299 Ἰουδαίων
999 1245 1370 1319 ὁμοτέρμονες
1405 1234 1600 1321 ἄνδρες
1645 1249 1853 1321 ἐρήμου

261 1336 637 1391 Μυστιπόλων
673 1337 957 1393 ἀνέϐαινον
989 1340 1047 1403 ἐς
1078 1340 1301 1412 έδρανον
1343 1340 1725 1412 Ίροσολύμων,

266 1430 457 1498 Ὅφρα
488 1428 899 1498 προφοιϐἀσωσι
927 1430 1097 1502 δέμας
1121 1430 1361 1495 ζαθέοισι
1383 1430 1712 1504 καθαρμοῖς,

263 1520 403 1591 ιιρίν
437 1537 548 1592 περ
576 1523 857 1593 ἀσιγήτοιο
887 1525 1199 1594 φανήμεναι
1222 1518 1378 1595 ἦμαρ
1407 1526 1618 1597 ἑορτῆς.

258 1612 331 1666 56
365 1613 481 1665 Καὶ
508 1612 696 1676 πολέες
720 1612 926 1678 δίζοντο
958 1614 1191 1680 θυώδεος
1220 1616 1391 1669 ἔνδοθι
1420 1617 1551 1688 νηοῦ

275 1703 489 1773 Ἰησοῦν
519 1704 779 1769 ἀπεόντα,
813 1706 1074 1778 θεηγόρον
1096 1722 1108 1735 ·
1135 1708 1389 1773 ἑσταότες
1417 1708 1473 1762 δὲ

273 1794 558 1865 Ἀλλήλοις
589 1796 807 1868 όάριζον
827 1812 843 1827 ο
883 1798 1285 1869 ἐπεφθέγγοντο
1319 1800 1377 1853 δὲ
1404 1801 1540 1855 λαοίο

271 1884 439 1955 Ὑμῖν
469 1888 859 1958 φραζομένοισι
892 1888 944 1941 τί
974 1889 1264 1959 φαίνεται,
1293 1890 1407 1945 ὅττι
1436 1893 1673 1964 περῆσαι

259 1969 335 2021 Οὐ
364 1969 594 2025 δύναται
618 1973 805 2044 βροτὸς
828 1970 981 2038 οὗτος
1009 1978 1067 2040 ἐς
1091 1975 1477 2050 ἀρτιχόρευτον
1511 1982 1737 2053 ἐορτήνς

260 2055 329 2110 57
360 2059 477 2112 Καὶ
497 2060 713 2125 ναέταις
735 2061 1018 2118 ἐπέτελλον
1040 2066 1296 2131 ἀπειθέες
1321 2070 1634 2141 ἀρχιερῆες,

260 2146 371 2198 Καὶ
398 2149 563 2218 χορὸς
588 2150 957 2225 ἀγκυλόμητις
997 2156 1346 2227 ὑπερφιάλων
1373 2162 1703 2231 Φαρισαίων,

265 2238 453 2308 Ὅφρα
478 2258 571 2309 μιν
601 2242 750 2306 ὅστις
790 2244 953 2300 ἴδοιτο
995 2250 1137 2303 κατά
1168 2251 1376 2317 πτόλιν,
1408 2253 1441 2324 ἢ
1475 2254 1570 2307 καὶ
1602 2255 1845 2322 ἀκούσοι,

263 2327 483 2397 Πληθύῖ
511 2332 763 2401 κηρύξειε
793 2334 1171 2407 ὼλορραφέων
1201 2342 1533 2412 Φαρισαίων,

263 2418 451 2489 Ὄφρα
482 2437 575 2490 μιν
605 2421 798 2493 ἐχθρὸς
826 2424 1012 2496 ὅμιλος
1043 2428 1381 2486 ἀποκτείνειε
1410 2433 1658 2499 πιέσσας.

906 2538 1063 2592 ΚΕΦ.
1104 2540 1204 2596 ΙΒ’.

334 2642 354 2693 l
386 2641 594 2714 Χώρης
630 2645 675 2699 δ’
700 2646 1012 2720 εύρυάλωος
1046 2651 1298 2724 ἐρημάδα
1322 2657 1492 2722 πέζαν
1517 2659 1682 2726 ἐάσας

272 2732 485 2801 Ἰησοῦς
511 2736 771 2807 ἀκίχητος
799 2739 1041 2814 ἐθήμονα
1068 2742 1265 2799 δύσατο
1294 2745 1488 2820 κώμην
1506 2765 1520 2779 ’

257 2823 475 2878 Δύσατο
508 2826 798 2899 Βηθανίην,
835 2832 920 2885 ὅθι
954 2833 1202 2908 Λάζαρον
1235 2838 1425 2907 ἐγγύθι
1456 2840 1665 2912 τύμϐου

268 2912 363 2966 Ἐκ
394 2915 608 2969 νεκύων
636 2918 846 2991 ἤγειρε,
875 2924 1014 2993 χέων
1044 2927 1372 2999 ψυχοστόλον
1404 2930 1522 3002 ὴχὼ
1542 2950 1557 2963 ·

256 3004 473 3060 Δύσκτο
494 3007 786 3084 Βηθανίην,
814 3014 901 3069 ὅτε
925 3017 1160 3083 γείτονος
1193 3015 1339 3091 εἶχον
1368 3023 1565 3095 ἑορτῆς

261 3095 359 3191 ing
384 3098 565 3191 nemo;
592 3102 779 3172 ἤματα
820 3106 995 3177 μοῦνα
1025 3108 1358 3181 λελειμμένα
1389 3114 1653 3180 κυκλάδες
1678 3110 1840 3191 ὧραι.

253 3188 289 3239 2
314 3190 427 3243 Καί
459 3193 507 3244 οί
535 3192 731 3266 δόρπον
770 3196 954 3252 έθεντο
972 3217 986 3231 ·
1014 3201 1358 3275 φιλοστόργῳ
1387 3206 1445 3259 δὲ
1474 3212 1694 3281 μενοινῇ

256 3281 482 3373 βάρθαῌ
500 3284 812 3360 διακτορίην
838 3290 1199 3363 πολυχανδέος
1223 3293 1336 3369 εἶχε
1361 3300 1661 3373 τραπέζης.

255 3365 350 3463 Εἷς
373 3373 422 3426 δ’
452 3369 520 3445 ῆν
552 3376 890 3450 δαιτυμόνων
918 3382 997 3435 ἔτι
1030 3365 1308 3458 Λάζαρος,
1328 3365 1445 3454 ίσος
1472 3365 1667 3463 ὀνείρῳ

256 3460 605 3536 Πασιφανής.
635 3467 669 3522 5
691 3468 882 3543 Μαρίη
910 3472 966 3526 δὲ
994 3473 1168 3545 μύρου
1195 3476 1442 3544 θυόεντος
1470 3460 1668 3536 ἑλοῦ-σα

255 3550 528 3625 ιΙιστικῆς
546 3557 673 3629 τρία
706 3560 879 3634 μέτρα
913 3565 1280 3641 φατιζομένης
1305 3572 1413 3625 ἀπὸ
1439 3574 1654 3646 νάρδου,

255 3645 569 3739 δίάρμαρον
588 3652 821 3725 ἠέρταζε
856 3656 1187 3733 βεϐυσμένον
1215 3665 1383 3734 ἀγγος
1411 3645 1629 3739 ἐέρσης,

265 3737 540 3833 Ἰὶῢκομος
572 3745 757 3819 Μαρίη
779 3762 794 3777 ο
829 3752 923 3804 καὶ
949 3750 1267 3826 δαινυμένου
1296 3737 1561 3833 Βασιλῆος

251 3828 591 3921 θεσπεσίους
614 3836 800 3909 ἤλειφε
835 3840 992 3913 μύρῳ
1023 3845 1187 3911 πόδας
1212 3864 1225 3877 ·
1260 3828 1569 3921 ἐκταδίηνδὲ

265 3917 497 3991 Ἰκμάδα
523 3924 751 4001 πιαλέην
776 3929 1096 4001 ἀπεμάξατο
1126 3938 1359 4008 μαχλάδι
1384 3917 1569 4013 χαίτῃ.

253 4011 555 4104 Νηχομένη
577 4016 621 4069 δ’
645 4018 945 4087 ἐμέθυσσεν
980 4024 1100 4077 ὅλον
1127 4027 1289 4097 δόμον
1312 4011 1491 4095 ἔνθεος
1523 4032 1681 4104 ὀδμή.

254 4103 286 4156 4
313 4104 427 4156 Καὶ
448 4105 607 4175 φθονε
617 4111 728 4179 ροῖς
750 4113 1078 4181 στομάτεσσι
1096 4116 1413 4184 δολοπλόκος
1428 4118 1582 4179 εἶπεν
1612 4103 1834 4189 Ἰούδας,

261 4194 357 4259 Ὃς
388 4200 606 4268 μιαροῖς
638 4218 732 4271 μιν
761 4201 986 4274 ἔμελλεν
1028 4206 1330 4263 Ἰουδαίοισι
1359 4211 1660 4282 προδώσειν
1680 4231 1693 4244 °

254 4282 288 4335 5
316 4284 487 4339 Τίπτε
507 4292 834 4361 τριηκοσίων
861 4295 921 4347 οὺ
950 4295 1212 4366 πέρναται
1235 4299 1268 4369 ἤ
1294 4317 1399 4352 τινι
1426 4299 1609 4371 μέτρῳ

258 4377 470 4433 Πλείονι
498 4380 769 4455 δηναρίων
791 4385 908 4440 τόδε
944 4405 1045 4441 που
1078 4389 1269 4461 μύρον,
1294 4392 1438 4463 ὄφρα
1462 4391 1642 4464 δοθείη

1197 400 1688 459 PARAPIIRASIS
1728 401 1792 456 IN
1830 400 2173 461 JOANNEM.
2207 404 2456 462 —CAP.
2496 402 2613 458 XII.

3443 404 3547 463 850

1895 530 1939 586 Α
1970 538 2227 589 smorum,
2260 521 2447 579 Iesum
2480 530 2539 578 ut
2572 536 2764 578 omnes
2797 536 2910 578 uno
2947 521 3319 579 interﬁcerent
3354 524 3545 579 exitio.

1961 621 2025 675 54
2082 618 2200 674 Non
2253 620 2487 689 amplius
2530 632 2658 673 vero
2710 626 2957 688 apertum
3018 618 3238 673 salvans
3283 619 3543 689 popuium

1961 709 2196 765 habebat
2236 708 2340 762 iter
2388 708 2644 763 Christus
2696 709 2838 763 inter
2878 706 3364 776 Hebraeos;tacito
3414 724 3546 763 vero

1961 800 2095 872 pede
2113 798 2377 854 Sanctum
2399 797 2598 853 Judzcte
2619 800 2928 855 transmisit
2952 800 3133 855 eundo
3153 799 3332 854 sinum
3350 808 3540 856 terra:

1958 893 2041 948 Ad
2073 893 2251 946 locum
2294 889 2533 944 vicinum
2570 890 2719 943 venit
2768 897 3087 943 montanum
3132 904 3303 960 prope
3353 889 3542 945 deser-

1960 993 2095 1049 tum,
2118 981 2177 1037 in
2206 981 2510 1045 civitatem,
2550 978 2644 1033 ubi
2677 980 2876 1033 mansit
2911 994 3034 1033 cum
3068 980 3269 1036 divinis
3303 980 3544 1049 discipu‘

1958 1074 2049 1141 lis,
2084 1073 2258 1140 Quam
2308 1071 2570 1143 prraim
2616 1080 2829 1125 vocant.
2868 1070 2936 1124 55
2975 1069 3039 1124 Ει
3077 1085 3247 1141 prope
3294 1080 3413 1126 erat
3459 1071 3541 1127 fc-

1959 1177 2104 1225 stum
2131 1166 2340 1223 Pascha
2383 1164 2613 1218 multum
2650 1162 3023 1227 celebratum;
3050 1162 3119 1216 ab
3143 1163 3322 1232 ampla
3354 1172 3536 1215 autem

1958 1270 2107 1316 terra
2141 1257 2301 1329 135
2334 1255 2486 1311 Multi
2525 1254 2837 1309 Iudaeorum
2869 1253 3033 1307 vicini
3073 1252 3175 1307 viri
3200 1253 3417 1308 deserto
3441 1254 3543 1307 Sa-

1957 1368 2049 1407 cra
2083 1349 2436 1406 tractantium
2477 1346 2848 1402 ascendebant
2892 1343 2959 1397 ad
2991 1344 3181 1399 sedilia
3224 1344 3538 1415 Hierosoly-

1958 1455 2193 1504 morum,
2227 1437 2298 1495 Ut
2345 1443 2475 1492 ante
2506 1435 2863 1507 puriﬁcareut
2892 1449 3096 1503 corpus
3121 1432 3322 1489 divinis
3352 1437 3543 1505 purili-

1956 1531 2288 1595 cationibus,
2318 1530 2645 1600 Priusquam
2672 1525 2903 1582 celebris
2929 1533 3216 1595 appareret
3243 1524 3360 1580 dies
3390 1525 3537 1581 festi.

1957 1623 2025 1680 56
2059 1624 2127 1677 Et
2177 1622 2333 1677 multi
2373 1619 2690 1692 quaerebant
2750 1616 2979 1673 odorato
3009 1614 3065 1669 in
3113 1615 3317 1686 templo
3351 1614 3537 1670 Jesuui

1958 1717 2267 1781 absentem,
2299 1713 2701 1782 diviniloquum
2731 1726 2748 1775 ;
2784 1716 2996 1766 stantes
3023 1723 3154 1763 vero
3189 1707 3334 1763 inter
3364 1723 3422 1763 se
3454 1708 3538 1762 Iov

1956 1808 2283 1878 quebantur.
2324 1805 2467 1859 Dixit
2522 1810 2706 1858 autem
2762 1800 2998 1871 populus
3029 1818 3044 1854 :
3074 1798 3245 1855 Vobis
3282 1800 3538 1856 conside-

1955 1899 2203 1953 rantibus
2241 1897 2372 1967 quid
2405 1897 2641 1961 videtur,
2691 1892 2839 1964 quod
2892 1891 3131 1949 transire
3183 1889 3301 1946 Non
3355 1898 3535 1960 potest

1882 1989 1921 2041 Β
1953 1990 2117 2045 homo
2139 1989 2226 2043 hic
2251 1988 2319 2043 ad
2355 2003 2543 2043 recens
2577 1986 2909 2042 celebratum
2935 1983 3251 2040 festum?57
3289 1984 3353 2036 Et
3384 1982 3534 2036 habi-

1949 2081 2220 2137 tatoribus
2245 2086 2618 2151 praeceperunt
2642 2077 2907 2135 increduli
2934 2077 3239 2149 pontiﬁces,
3271 2075 3333 2128 Et
3357 2083 3533 2130 costus

1954 2179 2207 2237 Versutus
2239 2171 2601 2240 superborum
2632 2169 3061 2233 Pharisaeorum,
3096 2166 3165 2223 Ut
3196 2167 3374 2237 ipsum
3407 2167 3532 2235 qui--

1949 2276 2166 2333 cunque
2216 2261 2414 2317 viderit
2443 2277 2540 2333 per
2578 2261 2858 2317 civitatem
2880 2301 2896 2326 ,
2927 2260 3011 2315 vel
3059 2258 3314 2323 audierit,
3346 2257 3529 2312 Multi-

1948 2354 2126 2410 tudiui
2161 2352 2367 2409 indicet
2412 2352 2731 2409 dolosorum
2771 2350 3198 2414 Pharisaeorum,
3238 2349 3307 2405 Ut
3352 2350 3531 2419 ipsum

1948 2443 2170 2500 hostilis
2198 2450 2375 2499 cintus
2401 2441 2695 2499 interﬁciat
2720 2441 2969 2512 capiens.

2568 2550 2726 2609 CAP.
2781 2550 2899 2606 XII.

2020 2668 2045 2722 l
2081 2665 2343 2739 Regionis
2374 2673 2557 2721 autem
2597 2665 2790 2736 amplae
2820 2664 3095 2721 desertam
3123 2671 3327 2719 terram
3362 2664 3529 2718 relin-

1947 2778 2121 2835 quens
2150 2761 2311 2819 Jesus
2358 2760 2954 2830 incomprehensibilis,
2988 2767 3316 2815 consuetum
3355 2759 3528 2814 subiit

1947 2859 2273 2925 castellum;
2303 2858 2483 2913 Subiit
2523 2856 2865 2923 Bethaniam,
2903 2857 2994 2911 ubi
3045 2854 3313 2910 Lazarum
3361 2870 3529 2927 prope

1947 2957 2218 3010 tumulum
2263 2954 2343 3009 Ex
2374 2954 2606 3010 mortuis
2654 2951 2966 3018 suscitavit,
2996 2951 3233 3011 fundens
3284 2952 3523 3006 animam

1947 3052 2252 3107 mittentem
2280 3064 2510 3117 sonum;
2544 3046 2722 3103 Subiit
2744 3047 3087 3114 Bethaniam,
3106 3048 3326 3117 quando
3357 3047 3524 3102 vicini

1944 3146 2220 3203 habebant
2256 3145 2379 3201 festi
2410 3146 2519 3201 Sex
2556 3144 2739 3199 adhuc
2770 3142 2889 3199 dies
2918 3143 3066 3198 solos
3089 3143 3315 3199 relictos
3352 3144 3519 3199 horae.

1866 3262 1911 3320 ς
1940 3244 1978 3298 Ξ
2003 3242 2069 3297 Et
2090 3243 2142 3298 ei
2169 3242 2482 3298 convivium
2505 3240 2891 3307 instruebant;
2921 3240 3098 3296 amico
3123 3246 3305 3294 autem
3339 3241 3523 3295 animo

1944 3338 2159 3395 ﬂartba
2215 3335 2747 3393 administrationem
2781 3335 3001 3407 capacis
3038 3335 3269 3391 habebat
3295 3350 3519 3391 mensae.

1945 3436 2102 3493 Unus
2131 3443 2313 3491 autem
2344 3443 2464 3490 erat
2497 3434 2874 3490 convictorum
2906 3440 2961 3489 et
3005 3431 3247 3488 Lazarus
3269 3473 3284 3497 ,
3325 3433 3521 3489 similis

1942 3532 2158 3588 somnio
2181 3530 2452 3587 Omnibus
2479 3528 2820 3601 apparens.5
2851 3526 3020 3583 Maria
3046 3536 3228 3584 autem
3253 3532 3514 3601 unguenti

1947 3626 2242 3699 fragrantis
2280 3640 2504 3684 sumens
2535 3624 2741 3681 Pistica
2787 3633 2896 3681 tres
2928 3638 3218 3680 mensuras
3250 3624 3515 3679 nominati

1944 3738 1975 3776 a
2015 3724 2207 3788 nardo,
2250 3720 2616 3779 larmoreum
2648 3721 2901 3793 portabat
2951 3721 3214 3791 repletum
3242 3736 3339 3777 vas
3369 3735 3513 3785 rore,

1945 3817 2325 3874 Pulchricoma
2360 3818 2530 3873 Maria
2562 3837 2577 3875 :
2610 3826 2664 3874 et
2708 3816 3052 3874 convivantis
3094 3816 3258 3887 Regis
3294 3815 3517 3874 Divinos

1944 3916 2101 3971 unxit
2129 3921 2406 3986 unguento
2422 3912 2609 3986 pedes.
2632 3913 2871 3970 Extensa
2886 3921 3067 3967 autem
3086 3910 3378 3997 Humorem
3396 3914 3518 3983 pin-

1944 4025 2103 4079 guem
2132 4008 2392 4064 abstersit
2417 4010 2569 4064 molli
2591 4009 2811 4078 capillo.
2828 4006 3033 4062 Nalans
3057 4016 3238 4062 autem
3273 4008 3518 4078 implevit

1940 4112 2109 4159 totam
2136 4104 2359 4159 domum
2389 4104 2611 4160 divinus
2640 4101 2931 4158 odor.4Et
2949 4102 3135 4156 invido
3164 4117 3261 4156 ore
3278 4102 3517 4156 nectido-

1939 4199 2028 4254 lus
2046 4198 2183 4254 dixit
2195 4198 2387 4267 Judas,
2406 4199 2509 4267 Qui
2530 4199 2760 4270 impuris
2778 4200 2956 4270 ipsum
2978 4206 3095 4253 erat
3108 4196 3308 4252 Iudaeis
3327 4198 3510 4268 prodi-

1940 4305 2129 4353 turus:
2156 4296 2191 4353 5
2214 4295 2326 4352 Cur
2344 4297 2608 4353 trecentis
2627 4312 2737 4352 non
2764 4294 3039 4359 venditur,
3059 4295 3142 4349 vel
3158 4294 3339 4364 aliqua
3364 4309 3513 4346 mc-n-

1940 4408 2070 4449 sura
2110 4392 2313 4462 Majore
2349 4392 2700 4449 denariorum
2742 4393 2843 4448 hoc
2878 4399 3234 4463 unguentum,
3268 4399 3328 4446 ut
3352 4391 3511 4446 detur

1457 4546 1642 4603 ΤΕΧΤ
1652 4547 1689 4603 U
1702 4546 1740 4601 S
1778 4544 2305 4603 EVANGELISTE.

328 4655 396 4708 54
438 4655 643 4725 Ἰησοῦς
677 4652 769 4711 οὖν
821 4661 920 4713 οὐκ
978 4660 1057 4714 ἔτι
1090 4664 1371 4735 παρρησίᾳ
1406 4664 1724 4736 περιεπάτει
1769 4666 1826 4718 ἐν
1860 4668 1906 4725 D

256 4741 369 4803 τοῖς
412 4740 705 4804 Ἰουδαίοις,
730 4742 866 4796 ἀλλὰ
899 4743 1141 4815 ἀπῆλθεν
1168 4747 1379 4801 ἐκεῖθεν
1415 4750 1495 4812 είς
1519 4748 1618 4819 τὴν
1644 4746 1830 4819 χώραν

259 4824 425 4891 ἐγγὺς
469 4823 567 4893 τῆς
631 4826 860 4896 ἐρήμου,
895 4830 975 4892 είς
1025 4830 1264 4902 Ἐφραῖμ
1312 4832 1610 4904 λεγομένην
1644 4832 1825 4886 πόλιν·

258 4908 418 4959 κάκεῖ
449 4906 681 4977 διέτριϐε
710 4909 849 4977 μετὰ
873 4910 982 4969 τῶν
1006 4911 1264 4983 μαθητῶν
1286 4916 1471 4969 αὑτοῦ.

328 4990 397 5045 55
422 4987 532 5044 Ἦν
560 4993 617 5046 δὲ
640 4994 805 5061 ἐγγὺς
834 4995 894 5047 τὸ
928 4996 1118 5066 Πάσχα
1142 4998 1250 5051 τῶν
1265 4998 1532 5053 Ἰουδαίων
1550 5016 1563 5030 ⁸
1593 5000 1687 5054 καὶ
1731 5001 1825 5054 άν-

2009 4748 2031 4801 i
2085 4747 2145 4799 ὐ
2166 4740 2259 4800 οὖν
2294 4744 2499 4815 Ἰησοῦς
2526 4662 2726 4812 πξὺεζέ
2748 4661 2975 4815 illi},th
3002 4740 3096 4797 τοῦ
3126 4744 3317 4814 Πάσχα
3349 4741 3509 4815 ἦλθεν

1934 4832 2014 4894 είς
2044 4829 2335 4901 Βηθανίαν,
2359 4829 2492 4884 ὅπου
2524 4822 2592 4899 ἦν
2614 4828 2861 4901 Λάζαρος
2896 4828 2925 4880 ὀ
2949 4826 3247 4899 τεθνηκὼς,
3275 4828 3334 4881 ὃν
3360 4830 3507 4899 ἤγει-

1936 4928 2028 4982 ρεν
2057 4914 2123 4965 ἐκ
2146 4910 2376 4982 νεκρῶν.

2003 4994 2040 5049 2
2088 4994 2385 5064 Ἐποίησαν
2416 4987 2511 5047 οὖν
2537 4992 2686 5063 αὐτῷ
2724 4992 2936 5045 δεῖπνον
2961 4993 3097 5056 ἐκεῖ,
3126 4992 3219 5046 καὶ
3253 4996 3286 5064 ή
3309 4994 3507 5067 Μάρθα

257 5070 457 5157 έϐησαν
483 5075 665 5133 πολλοὶ
695 5080 773 5140 είς
810 5078 1157 5150 Ἰεροσόλυμα
1189 5083 1255 5134 ἐκ
1278 5084 1377 5155 τῆς
1407 5086 1587 5157 χώρας
1612 5084 1720 5157 πρὸ
1733 5083 1825 5139 τοῦ
1931 5078 2170 5153 διηκόνει
2194 5096 2207 5108 ·
2252 5080 2279 5132 ό
2325 5077 2383 5131 δὲ
2434 5076 2683 5147 Λάζαρος
2714 5072 2793 5140 εἷς
2811 5072 2878 5148 ἦν
2901 5075 3011 5130 τῶν
3038 5080 3506 5150 συνανακειμένων

259 5156 468 5229 Πάσχα.
498 5161 584 5213 ἵνα
620 5162 916 5229 ἁγνίσωσιν
944 5164 1192 5227 ἑαυτούς.

313 5240 381 5295 56
422 5242 676 5314 Ἐζήτουν
704 5239 797 5297 οὖν
825 5246 916 5298 τὸν
950 5246 1178 5316 Ἰησοῦν,
1207 5250 1301 5302 καὶ⁵
1330 5250 1513 5319 ἔλεγον
1533 5251 1650 5322 μετ’
1671 5250 1829 5322 ἀλλή-

1933 5159 2101 5232 αὐτῷ.

2003 5246 2038 5299 5
2075 5245 2141 5299 Ἦ
2158 5241 2251 5299 οὖν
2276 5243 2478 5316 Μαρία,
2515 5243 2755 5297 λαϐοῦσα
2779 5242 2967 5314 λίτραν
2998 5243 3172 5314 μύρου
3198 5244 3390 5313 νάρδου
3417 5261 3501 5297 πι-

258 5317 360 5408 ita»);
378 5324 437 5376 ἐν
460 5325 537 5396 τῷ
566 5327 696 5397 ἱερῷ
728 5328 1051 5399 ὲστηκότες’
1080 5331 1145 5383 Τί
1182 5331 1331 5386 δοκεῖ
1354 5317 1503 5404 ὑμῖν,
1534 5317 1623 5390 -ὃτι
1654 5336 1715 5390 οὐ
1747 5317 1823 5408 μὴ
1934 5328 2125 5397 πικῆς
2157 5327 2474 5398 πολυτίμου,
2494 5327 2683 5398 ἤλειφε
2712 5329 2837 5393 τοὺς
2862 5327 3030 5391 πόδας
3060 5326 3154 5378 τοῦ
3191 5325 3383 5408 Ἰησρῦ.
3410 5328 3502 5408 καὶ

257 5402 383 5479 ἔλθῃ
411 5409 490 5471 είς
519 5408 616 5479 τὴν
643 5411 835 5481 ἑορτήν
860 5427 875 5475 ;

329 5490 394 5546 57
426 5494 760 5553 Δεδώκεισαν
810 5494 867 5553 δέ
922 5496 1015 5550 καὶ
1047 5499 1094 5551 οί
1138 5498 1415 5570 ἀρχιερεῖς
1447 5501 1539 5557 καὶ
1576 5502 1627 5554 οί
1654 5503 1822 5575 Φαρι-

260 5576 395 5663 ςαίοι
449 5578 687 5663 ἐντολὴν,
731 5581 814 5634 ἵνα
842 5580 937 5634 ἐὰν
982 5600 1065 5647 τις
1118 5583 1230 5655 γνῷ
1284 5583 1388 5638 ποῦ
1418 5584 1554 5655 ἔστι,
1582 5586 1818 5663 μηνύσῃ,

255 5652 395 5724 iam;
430 5661 695 5721 πιάσωσιν
725 5663 904 5721 αὐτόν.

1928 5410 2160 5482 ἐξέμαξε
2198 5412 2317 5473 ταῖς
2366 5410 2541 5483 θριξὶν
2581 5411 2749 5482 αὐτῆς
2793 5412 2921 5474 τοὺς
2963 5408 3129 5471 πόδας
3156 5407 3352 5460 αὐτοῦ’
3384 5408 3416 5477 ή
3444 5407 3499 5460 δὲ

1928 5494 2074 5548 οίκία
2106 5492 2398 5565 ἐπληρώθη
2433 5495 2497 5547 ὲκ
2522 5493 2624 5564 τῆς
2658 5492 2833 5565 όσμῆς
2855 5491 2948 5545 τοῦ
2980 5489 3172 5561 μύρου.

1999 5576 2033 5631 4
2058 5576 2219 5645 Λέγει
2268 5571 2364 5630 οὖν
2410 5572 2490 5641 εἷς
2533 5578 2598 5631 ἐκ
2645 5576 2755 5629 τῶν
2784 5573 3042 5646 μαθητῶν
3076 5568 3261 5631 αὐτοῦ,
3299 5568 3497 5632 Ἰούδας

1927 5660 2171 5729 Σίμωνος
2210 5659 2582 5731 Ἰσκαριώτης,
2611 5661 2640 5712 ό
2682 5657 2889 5728 μέλλων
2922 5652 3083 5705 αὐτὸν
3115 5649 3492 5722 παραδιδόναι·

2001 5743 2035 5797 5
2056 5741 2205 5795 Διατί
2231 5741 2384 5795 τοῦτο
2414 5743 2474 5795 τὸ
2510 5743 2679 5813 μύρον
2694 5741 2791 5792 οὐκ
2822 5734 3033 5809 ἐπράθη
3063 5732 3384 5819 τριακοσίων
3405 5734 3494 5806 δηο

1931 5825 2148 5901 ναρίων,
2181 5826 2272 5880 καὶ
2313 5825 2466 5889 ἐδόθη
2512 5825 2773 5890 πτωχοῖς,
