3900 6216
332 395 432 450 851

1577 385 1788 444 ΝΟΝΝῙ
1820 381 2325 439 PANOPOLITANI
2350 442 2352 444 ,

3492 372 3600 428 8ΰῖ

335 508 495 579 136
508 507 842 579 Pauperibus
867 506 1255 576 indigentibus,
1272 515 1324 562 et
1346 521 1455 562 non
1476 505 1726 576 vertigini
1741 503 1911 574 pulve-

2034 500 2189 570 137
2207 500 2444 569 Πτωχοῖς
2454 495 2808 568 δευομένοισι,
2826 494 2920 549 καὶ
2935 493 2992 548 οὐ
3014 491 3370 566 στροφάλιγγι
3392 491 3595 562 κονίηςς

331 597 447 652 ris?
478 599 511 654 6
546 599 654 657 Hoc
674 615 803 656 vero
831 599 920 654 ille
935 599 1074 654 dixit
1093 587 1419 663 nectidolus,
1442 612 1549 652 non
1566 596 1712 668 quod
1745 595 1920 650 homi-

332 707 462 746 num
496 693 800 762 Pauper-um
823 706 1010 748 curam
1035 691 1281 756 haberet,
1319 690 1549 748 immitis
1573 706 1588 755 ;
1621 688 1716 746 sed
1739 689 1918 747 Solum

334 781 481 851 quod
517 779 629 838 Fur
656 789 774 838 erat
793 821 809 846 ,
839 797 871 838 a
901 781 1342 852 possessionibus
1387 787 1717 849 superatus:
1749 777 1920 835 babe-

336 876 429 930 bat
464 883 644 932 autem
685 874 1022 943 marsupium
1055 873 1112 928 ln
1149 887 1260 942 quo
1296 872 1528 942 pecunia
1571 869 1825 940 jacebat;
1862 875 1919 924 et

332 977 672 1032 quaecunque
716 964 950 1030 volebat,
987 963 1167 1017 loculo
1206 961 1325 1032 Ipse
1352 960 1547 1018 extulit
1579 967 1764 1020 custos
1799 973 1917 1013 ma-

331 1055 438 1111 lus.
479 1055 509 1108 7
538 1053 656 1109 Sed
683 1055 860 1125 ipsum
903 1068 1156 1110 sermone
1187 1051 1348 1112 Iesus
1385 1053 1670 1123 repressit,
1711 1065 1918 1122 suoque

330 1145 468 1200 dixit
493 1147 782 1204 homicida
805 1164 822 1202 :
847 1145 1082 1201 Feminae
1114 1145 1236 1204 sine
1263 1143 1467 1200 donum
1508 1143 1822 1213 inculpatae,
1855 1149 1914 1197 ut

329 1245 509 1292 servet
537 1236 801 1308 Corporis
829 1237 1004 1293 nostri
1047 1236 1446 1292 monimentum
1467 1275 1484 1296 .
1516 1234 1692 1290 donec
1736 1233 1919 1290 veniat

328 1325 572 1384 Lethalis
600 1336 804 1384 nostra:
828 1328 1124 1398 sepultura
1152 1326 1373 1384 funesta
1405 1327 1558 1382 hora.
1585 1325 1619 1383 8
1643 1324 1918 1397 Pauperes

328 1421 474 1474 enim
504 1420 704 1477 adsunt
727 1419 925 1474 inﬁniti
954 1435 1170 1490 semper
1193 1419 1431 1496 prompti
1465 1417 1640 1475 Vobis
1667 1423 1918 1488 quaeren-

335 1513 508 1578 tibus;
540 1515 754 1568 incitati
788 1522 968 1570 autem
999 1513 1068 1570 ad
1099 1529 1186 1570 me
1218 1513 1512 1571 videndum
1539 1502 1660 1571 Non
1699 1527 1914 1583 semper

327 1618 656 1677 praesentem
687 1610 1132 1682 deprehendetis.
1163 1609 1486 1665 9Credulus
1516 1616 1697 1664 autem
1729 1607 1916 1678 Popu-

328 1706 418 1760 lus
448 1705 760 1761 Judmorum
802 1707 922 1761 urbi
957 1707 1168 1762 vicinus
1201 1706 1409 1760 audivit
1441 1704 1641 1758 famam
1671 1703 1916 1761 Auribus

327 1803 605 1870 voluptate
635 1800 862 1865 allectis,
888 1803 1034 1872 quod
1062 1815 1318 1858 reversus
1352 1800 1590 1856 venisset
1620 1797 1784 1854 Jesus
1817 1797 1907 1852 Di!

327 1893 517 1948 vinum
566 1895 852 1964 vestigium
896 1896 1104 1951 habens
1148 1895 1494 1966 peregrinum
1541 1896 1596 1948 in
1651 1901 1917 1949 consueto

327 1989 575 2054 castello,
599 1988 824 2044 Martha:
848 1991 939 2045 ubi
961 1992 1179 2056 domus,
1202 2001 1255 2046 et
1276 1990 1522 2045 cucurrit
1539 1999 1717 2046 etetus
1739 1989 1917 2044 viator

325 2080 598 2150 inﬁnitus,
630 2085 852 2141 aliunde
887 2087 1027 2141 alius
1055 2101 1261 2150 comes,
1295 2101 1406 2139 non
1439 2093 1496 2140 ut
1519 2085 1697 2140 solum
1720 2082 1914 2140 Iesum

325 2177 536 2234 videret
577 2182 742 2234 vitam
782 2189 1114 2244 servantem,
1157 2181 1254 2236 sed
1289 2189 1344 2234 et
1377 2181 1555 2248 ipsum
1605 2178 1872 2233 Lazarum
1897 2219 1914 2246 ,

325 2289 487 2344 quem
536 2276 787 2332 reducem
840 2277 1184 2332 exsuscitans
1229 2292 1294 2331 ex
1346 2277 1580 2331 mortuis
1624 2274 1911 2330 Viventem

326 2370 611 2436 animavit,
647 2370 879 2426 fundens
914 2372 1278 2427 viviﬁcantem
1306 2387 1521 2426 sonum.
1557 2371 1625 2425 10
1647 2371 1713 2424 Et
1743 2371 1914 2426 invidi

327 2464 626 2534 cupiebant
686 2465 1031 2535 imprudentes
1092 2467 1418 2536 pontiﬁces,
1467 2465 1532 2520 Et
1588 2466 1915 2523 furibundus

326 2557 728 2614 Pharisaeorum
759 2567 908 2617 totus
931 2573 1128 2627 coetus,
1165 2571 1226 2617 ut
1255 2574 1307 2618 et
1338 2565 1514 2635 ipsum
1547 2562 1815 2617 Lazarum
1848 2563 1914 2618 ad

329 2655 694 2722 caliginosum
722 2671 944 2711 rursum
967 2658 1244 2714 mitterent
1268 2658 1605 2723 barathrum,
1633 2656 1910 2713 Reducem

328 2766 395 2804 ex
426 2751 660 2805 mortuis
714 2752 886 2808 altero
914 2752 1308 2811 interﬂcientcs
1336 2755 1526 2820 exitio,
1558 2753 1786 2809 Mortem
1815 2756 1913 2809 ad-

326 2845 435 2900 huc
479 2847 778 2916 spirantem
825 2849 1084 2917 priorem,
1134 2858 1193 2903 ut
1227 2851 1353 2921 quis
1402 2852 1606 2906 diceret
1636 2849 1914 2907 :Lazarus

327 2949 559 2997 mortem
597 2943 792 3009 evasit,
829 2951 882 2998 et
925 2959 1036 3000 non
1073 2945 1262 3017 ell‘ngit
1310 2947 1614 3018 pontiﬁces.
1660 2949 1720 3002 ιι
1758 2946 1915 3003 Hunc

329 3038 974 3110 interﬁcerecogitabant
997 3041 1292 3106 insontem,
1317 3044 1460 3112 quod
1485 3050 1710 3113 propter
1733 3043 1911 3114 ipsum

327 3131 570 3202 Populus
592 3131 908 3189 Judmorum
937 3137 1168 3192 tendens
1199 3137 1266 3191 ad
1289 3139 1490 3192 mmnia
1512 3139 1747 3203 castelli,
1777 3137 1911 3194 lilio

328 3226 423 3281 Dei
451 3227 726 3296 credebat,
755 3232 956 3286 malum
983 3232 1276 3302 depellenti
1302 3230 1456 3302 Regi.
1479 3233 1548 3287 12
1572 3231 1672 3291 Per
1697 3249 1914 3289 summa

331 3327 511 3378 nitens
550 3335 732 3380 autem
790 3343 918 3382 cum
965 3339 1181 3396 noctem
1230 3331 1576 3385 tenebrosam
1630 3332 1914 3388 divisisset

331 3432 552 3479 aurora,
583 3417 825 3489 Populus
861 3423 958 3493 qui
991 3423 1160 3480 vicini
1194 3427 1430 3480 accessit
1459 3428 1725 3482 solemnia
1764 3427 1912 3494 festi,

331 3507 553 3568 Famam
577 3515 807 3571 audiens
837 3515 986 3586 quod
1013 3518 1200 3574 divino
1235 3534 1268 3573 ο
1295 3521 1524 3576 castello
1543 3519 1705 3576 Jesus
1729 3521 1802 3576 ad
1825 3537 1916 3578 so-

332 3606 444 3662 lum
458 3616 720 3665 venturus
739 3619 886 3666 esset
901 3611 1423 3686 Hierosolymorum,
1454 3617 1615 3688 13B
1641 3615 1798 3673 Venit
1815 3634 1912 3674 oc-

333 3716 592 3771 currens;
630 3706 694 3761 l5
723 3707 792 3762 ab
823 3708 1110 3766 arboribus
1135 3713 1352 3768 consito
1369 3722 1552 3768 autem
1574 3715 1732 3770 horto
1751 3714 1912 3772 Sum-

333 3797 597 3854 ruicomas
629 3801 837 3870 palmas
872 3805 1097 3859 nudavit
1126 3809 1440 3879 corymbis;
1482 3809 1546 3863 Et
1583 3811 1786 3869 virides
1825 3830 1914 3869 ra—

332 3906 456 3948 mos
496 3893 547 3948 in
580 3910 762 3956 aerem
790 3901 1024 3970 populus
1051 3903 1452 3976 circumagens,
1485 3909 1629 3970 Bene
1655 3923 1913 3981 precante

333 4005 431 4045 ore
481 3993 769 4064 clangebat
818 4011 1116 4054 consonam
1159 4015 1348 4056 vocem
1386 4021 1400 4058 :
1440 4005 1912 4067 Celebrationibus

333 4084 446 4142 Res
475 4087 643 4147 Israel
670 4092 922 4150 laudatus
948 4096 1040 4163 sit,
1070 4095 1399 4157 Immortalis
1433 4101 1488 4157 in
1511 4107 1732 4160 nomine
1761 4109 1912 4177 prin-

332 4185 471 4254 cépis
500 4188 748 4244 veniens.
786 4189 854 4244 H
887 4189 954 4246 Et
980 4193 1213 4248 multum
1234 4194 1364 4256 hinc
1397 4205 1453 4257 et
1483 4199 1610 4258 hinc
1640 4203 1912 4260 ramiferm

333 4281 433 4336 \iae
469 4280 748 4352 Dupliccm
777 4285 1061 4343 ductorem
1095 4289 1304 4348 habens
1324 4302 1380 4349 et
1409 4299 1766 4364 posteriorem
1797 4314 1913 4355 coe-

334 4385 449 4429 tum
493 4378 756 4435 viatorem
805 4381 988 4447 Jesus,
1037 4384 1316 4442 ferebatur
1346 4391 1587 4445 medium
1617 4392 1911 4452 dimetiens

2021 595 2054 646 6
2087 593 2257 646 Τοῦτο
2281 593 2328 646 δ’
2367 594 2571 654 ἐκεῖνος
2606 588 2752 654 ἔλεξε
2785 587 3128 654 samem,
3158 586 3259 657 οὐχ
3284 586 3366 640 ὃτι
3403 584 3595 655 φωτῶν

2031 684 2336 738 Ἀκτεάνων
2364 680 2614 750 ἀλέγιζεν
2639 680 2944 751 ἀμείλιχος,
2979 678 3104 738 ἀλλ’,
3117 678 3203 732 ὅτι
3229 676 3421 746 μοῦνον

2019 775 2275 846 Κλέπτης
2295 769 2384 845 ἦν,
2410 773 2652 830 κτεάνων
2684 770 2982 840 νικώμενος
3009 787 3021 800 ο
3056 764 3250 841 εἷχερὲ
3277 767 3466 838 κίστην

2019 867 2098 937 Τῇ
2123 861 2204 915 ἑνι
2233 864 2434 936 χαλκὸς
2473 864 2656 918 ἔκειτο
2671 881 2687 904 ρ
2710 863 2804 918 καὶ
2828 861 3046 916 ὁππόσα
3071 860 3307 931 βούλετο,
3330 858 3476 931 χηλῷ

2017 956 2189 1020 Αὐτὸς
2220 955 2525 1028 ἀνηὲρταζε
2551 954 2723 1024 φύλαξ
2764 953 2954 1018 κακός.
2980 953 3010 1006 7
3046 951 3252 1007 ’Δλλάἑ
3283 950 3435 1022 μύθῳ

2031 1043 2240 1116 Ἰησοῦς
2272 1043 2560 1114 ἀνέκοψεν,
2583 1043 2656 1114 ἑῷ
2685 1042 2728 1095 δ’
2759 1044 2990 1113 ἀγόρευε
3019 1042 3176 1112 φονῆῖ
3199 1057 3212 1069 ·

2019 1135 2333 1206 Θηλυτέρης
2361 1136 2485 1195 λίπε
2518 1135 2689 1206 δῶρον
2715 1133 3022 1206 ἀμεμφέος,
3045 1133 3191 1204 ὄφρα
3216 1131 3424 1203 φυλάξῃ

2019 1226 2276 1298 Σωματος
2306 1226 2576 1298 ἡμετέρου
2603 1225 2904 1300 κειμήλιον,
2925 1225 3134 1279 εἰσόκεν
3161 1224 3290 1296 ἑλθῃ

2016 1318 2221 1383 Φοίνιος
2255 1319 2539 1391 ἡμετέρων
2577 1318 2816 1391 κτερέων
2844 1317 3167 1389 ἐπιτύμϐιος
3198 1315 3339 1390 ὥρη.

2017 1409 2051 1465 8
2079 1410 2295 1480 Πτωχοὶ
2318 1409 2426 1481 γὰρ
2454 1410 2722 1482 παρίασιν
2754 1411 3041 1482 ἀπείρονες
3077 1411 3194 1466 αἰὲν
3233 1411 3438 1480 ἑτοῖμοι

2027 1502 2186 1573 Ὑμῖν
2216 1501 2574 1574 διζομένοισιν
2594 1519 2608 1534 ·
2636 1503 2983 1574 ἐπειγόμενοι
3001 1501 3058 1557 δέ
3085 1519 3153 1573 με
3182 1501 3449 1565 λεύσσειν,

2017 1592 2130 1645 Οὐκ
2153 1593 2261 1646 αἰεὶ
2294 1593 2568 1663 παρεόντα
2598 1594 2872 1665 κιχήσετε.
2904 1592 2938 1647 9
2963 1592 3364 1657 Πιστότατοςδὲ

2016 1683 2156 1747 Aab;
2189 1683 2455 1737 Ἰουδαίων
2476 1682 2793 1756 ἀγχίπτολις
2820 1683 2983 1737 ἔκλυε
3013 1685 3202 1756 φήμης

2019 1771 2185 1826 Οὖασι
2214 1775 2590 1846 τερπομένοις,
2621 1775 2703 1830 ὅτι
2734 1775 2987 1845 νόστιμος
3007 1770 3170 1847 ἦλθεν
3206 1772 3412 1844 Ἰησοῦς

1948 1843 1991 1898 Β
2025 1864 2245 1917 Ἔνθεον
2271 1843 2414 1936 ίχνος
2443 1865 2581 1937 ἔχων
2605 1843 2896 1937 ἐπιδήμιον
2916 1843 3074 1937 aede;
3104 1843 3287 1938 κώμῃ,

2017 1956 2248 2028 Μάρθης
2270 1957 2472 2011 ὁππόθι
2495 1957 2672 2028 δῶμα,
2698 1958 2794 2011 καὶ
2825 1957 3046 2029 ἔτρεχεν
3071 1958 3241 2029 ἑσμὸς
3266 1958 3442 2028 ὁδίτης

2022 2048 2310 2112 Ἀσπετος,
2333 2046 2552 2102 ἄλλοθεν
2586 2048 2744 2112 ἄλλος
2777 2049 3091 2120 ὁμόστολος,
3127 2049 3228 2121 οὐχ
3273 2050 3362 2104 ἵνα
3399 2051 3597 2122 μοῦνον

2030 2137 2235 2210 Ἰησοῦν
2259 2139 2487 2194 ἑσίδοιτο
2509 2140 2772 2210 βιοσσόον,
2802 2141 2938 2198 ἀλλὰ
2960 2142 3055 2196 καὶ
3073 2141 3236 2196 αὑτὸν

2018 2229 2290 2302 Λάζαρον,
2320 2230 2381 2284 όν
2411 2231 2732 2304 παλίνορσον
2772 2233 3082 2305 ἀναστήσας
3101 2232 3211 2287 ἀπὸ
3246 2233 3456 2305 νεκρῶν

2021 2321 2299 2391 Ἔμπνοον
2323 2321 2593 2393 ἑψύχωσε,
2618 2324 2756 2394 χέων
2777 2323 3030 2393 φυσίζοον
3061 2323 3200 2396 ἠχώ.

2019 2412 2086 2465 10
2119 2412 2224 2465 Καὶ
2249 2414 2500 2486 φθονεροὶ
2537 2415 2816 2485 μενέαινον
2840 2415 3085 2480 mets;
3108 2416 3417 2489 ἀρχιερῆες,

2016 2502 2128 2556 Kal
2172 2504 2413 2575 ζαμενὴς
2459 2507 2750 2576 Φαρισαῖος
2788 2505 2908 2570 ὅλος
2926 2507 3107 2578 χορὸς,
3133 2507 3279 2581 ὄφρα
3312 2509 3406 2563 καὶ
3429 2509 3596 2564 af:th

2016 2593 2264 2664 Λάζαρον
2297 2596 2578 2665 ἀχλυόεντι
2609 2597 2772 2651 πάλιν
2804 2598 3060 2669 πέμψωσι
3085 2599 3143 2670 βε
3152 2600 3243 2671 ρέθ
3253 2619 3348 2672 ρῳ,

2015 2684 2286 2755 Νόστιμον
2325 2687 2388 2738 ἑκ
2415 2685 2620 2740 νεκύων
2669 2687 2840 2762 ἑτέρῳ
2863 2688 3164 2754 κτείνοντες
3193 2691 3419 2764 ὀλέθρῳ,

2015 2777 2228 2848 Πότμον
2261 2777 2339 2830 ἔτι
2369 2779 2623 2834 πνείοντα
2650 2779 3000 2852 παλαίτερον,
3027 2781 3170 2854 ὄφρα
3198 2799 3282 2848 τις
3320 2783 3451 2858 εἴπῃ
3470 2801 3484 2813 ·

2014 2868 2268 2940 Λάζαρος
2288 2864 2430 2923 οἶτον
2460 2870 2638 2935 ἄλυξε,
2668 2872 2763 2924 καὶ
2789 2871 2850 2924 οὑ
2874 2871 3042 2942 φύγεν
3073 2872 3392 2947 ἀρχιερῆας.

2016 2960 2075 3014 il
2117 2958 2317 3014 Τοῦτον
2341 2960 2479 3013 ἑλεῖν
2508 2961 2788 3032 μενέαινον
2815 2963 3075 3029 ἀναίτιον,
3108 2965 3222 3018 ὅττι
3241 2965 3307 3020 δι’
3341 2965 3500 3022 αὑτὸν

2014 3051 2156 3114 Aab;
2189 3051 2459 3106 Ἰουδαίων
2489 3054 2721 3123 μετανεύ
2731 3071 2891 3126 μενος
2913 3053 3058 3109 ἔνδια
3081 3052 3294 3129 κώμης,

1941 3170 1984 3230 C
2015 3139 2172 3194 Παιδί
2203 3138 2337 3192 Θεοῦ
2365 3141 2638 3205 πίστευον,
2664 3141 2968 3217 ἀλεξιμόρῳ
2991 3143 3238 3216 Βασιλῆῖ.

2017 3230 2085 3284 12
2130 3231 2471 3304 ’Λκροφανὴς
2498 3233 2542 3286 δ’
2567 3235 2653 3288 ὅτε
2690 3233 2860 3288 νύκτα
2898 3235 3177 3291 λιπόσκιον
3215 3235 3426 3310 ἔσχισεν
3455 3238 3589 3310 ήὼς,

2012 3321 2152 3384 Aab;
2178 3321 2236 3385 ὃς
2255 3323 2575 3395 ἀγχιπόροιο
2599 3327 2786 3397 μετήῖε
2813 3326 2997 3397 κῶμον
3028 3327 3243 3400 ἑορτῆς,
3630 3327 3635 3331 ⁷

2010 3412 2202 3484 Φήμης
2234 3414 2530 3478 εἰσαΐοντες
2561 3417 2642 3469 ὃτι
2674 3414 2873 3490 ζαθέης
2909 3417 3017 3471 ἀπὸ
3049 3418 3244 3491 κώμης

2023 3503 2231 3575 Ἰησοῦς
2255 3507 2311 3568 ές
2342 3505 2552 3560 ἔδεθλον
2582 3505 2862 3562 ἐλεύσεται
2898 3509 3283 3582 Ἱροσολύμων,

2016 3595 2412 3666 139Ἦλυθον
2439 3598 2786 3663 ἀντιόωντες*
2806 3599 2874 3654 15
2913 3601 3320 3674 ἀπέὑδένδροιο
3339 3601 3394 3655 δὲ
3413 3603 3590 3677 κήπου

2025 3686 2389 3757 ’Λκροκόμους
2422 3689 2669 3758 φοίνικας
2713 3689 3101 3760 ἑγυμνὼσαντο
3130 3692 3453 3765 κορύμόων·

2012 3776 2122 3828 Καὶ
2160 3775 2414 3846 χλοεροῦς
2441 3777 2692 3849 ὄρπηκας
2725 3781 2781 3844 ἐς
2814 3780 2952 3852 ἠέρα
2989 3780 3113 3846 λαὸς
3141 3783 3391 3851 ἑλίσσων,

2012 3867 2296 3939 Εὑφήμοις
2337 3870 2698 3938 στομάτεσσιν
2730 3872 2996 3941 ἀνέκλαγε
3030 3873 3285 3946 σύνθροον
3309 3874 3424 3948 ἡχώ
3446 3891 3461 3906 ⁸

2014 3957 2340 4033 Εὐλογίῃσιν
2381 3961 2549 4028 ’Λναξ
2595 3963 2812 4036 Ἰσραὴλ
2844 3965 3054 4030 αίνετδς
3076 3965 3238 4035 ἔστω,

2024 4052 2316 4107 Ἀθανάτου
2347 4057 2375 4108 ὁ
2412 4056 2471 4108 ἐν
2511 4056 2769 4127 οὐνόματι
2799 4059 3141 4131 κοσμήτορος
3173 4060 3344 4129 ⁴ἥκων.

2014 4145 2206 4200 “Kal
2235 4147 2402 4201 πολὺν
2446 4147 2575 4200 ἔνθα
2600 4149 2695 4201 καὶ
2721 4148 2851 4206 ἔνθα
2874 4150 3306 4223 κορυμϐοφόροιο
3334 4150 3586 4206 κελεύθου

2010 4235 2214 4306 Δίζυγα
2248 4239 2463 4310 πομπὸν
2490 4237 2627 4310 ἔχων
2661 4239 2755 4292 καὶ
2791 4240 3079 4314 όπίστερον
3107 4242 3272 4315 ἐσμὸν
3294 4242 3474 4314 ὁδίτην

2024 4326 2253 4395 Ἰησοῦς,
2290 4328 2569 4400 πεφόρητο
2601 4329 2766 4399 μέσον
2793 4331 3159 4403 μετρούμενος
3190 4332 3419 4405 ἀνδρῶν,

2026 4415 2244 4471 Ἰθύνων
2278 4418 2536 4488 ἀχάλινον
2565 4419 2704 4487 ὄνον,
2737 4420 3034 4494 ταλαεργὸν
3059 4423 3261 4495 όδίτην,

328 4471 598 4538 virorum,
624 4474 841 4546 Regens
866 4478 1120 4535 eli‘renem
1151 4484 1388 4548 asinum,
1430 4487 1764 4547 laboriosum
1796 4493 1909 4548 via-

2032 4471 2588 4578 'ECdpevognvoﬂrrotctv

330 4576 526 4639 torem,
555 4569 762 4627 Sedens
783 4589 946 4645 super
965 4576 1186 4634 dorsum
1211 4580 1474 4652 inexperti
1503 4585 1669 4655 hajuli
1687 4630 1701 4654 ,
1742 4589 1910 4648 Isaias

2028 4596 2257 4660 Ἡσαΐας
2289 4598 2458 4671 τόπερ
2485 4595 2638 4654 εἶπεν
2666 4601 2814 4668 ὅπως
2837 4603 3212 4676 πληρούμενον
3235 4604 3320 4676 εἴη
3341 4622 3358 4636 ο

1529 4739 1812 4802 TEXTUS
1861 4745 2395 4811 EVANGELISTIE.

399 4859 434 4915 6
476 4856 613 4913 Εἶπε
645 4858 702 4912 δὲ
744 4858 924 4928 τοῦτο,
959 4865 1058 4936 οὐχ
1088 4866 1168 4919 ὅτι
1207 4869 1336 4941 περὶ
1366 4867 1475 4926 τῶν
1505 4875 1740 4947 πτωχῶν
1775 4876 1906 4952 ἔμε-

331 4943 421 5033 λεν
459 4942 629 5033 αὐτῷ,
670 4942 893 5033 ἀλλ’ᾳότι
923 4946 1162 5033 κλέπτης
1195 4947 1400 5023 ἦν,κα¹ι
1425 4955 1488 5011 τὸ
1519 4942 1907 5033 γλωσσόκομον

331 5022 466 5095 εἶχε,
510 5026 603 5076 καὶ
630 5025 699 5078 τὰ
733 5025 1032 5098 βαλλόμενα
1057 5022 1376 5099 ἐϐάσταζεν.
1531 5022 1544 5028 ’
1788 5055 1804 5073 ι

403 5109 433 5159 7
471 5102 638 5199 Εἶπεν
668 5104 760 5160 οὖν
790 5111 818 5162 ὁ
856 5111 1091 5199 Ἴης-οὖς’
1122 5118 1294 5185 Ἀφες
1315 5121 1487 5193 αὐτήν
1508 5139 1521 5153 ·
1546 5124 1626 5188 είς
1651 5126 1752 5198 τὴν
1776 5126 1910 5199 ἠμέ-

333 5206 434 5263 ραν
462 5187 558 5241 τοῦ
589 5189 958 5262 ἐνταφιασμοῦ
991 5212 1094 5265 μου
1115 5201 1416 5272 τετήρηκεν
1437 5187 1591 5260 αὑτό.

400 5273 434 5360 β
465 5273 605 5360 Τοὺς
638 5274 887 5360 πτωχοὺς
919 5275 1025 5360 γάρ
1058 5278 1289 5334 πάντοτε
1328 5283 1481 5355 ἔχετε
1526 5289 1646 5360 μεθ’
1679 5291 1910 5360 ἑαυτῶν,

329 5357 433 5430 ἐμὲ
459 5357 516 5412 δὲ
547 5356 606 5410 οὐ
637 5357 868 5412 πάντοτε
907 5358 1079 5430 ἔχετε.

401 5440 434 5496 9
465 5442 648 5511 Ἔγνω
681 5436 774 5496 οὖν
806 5441 962 5513 ὄχλος
983 5443 1149 5508 πολὺς
1176 5444 1240 5499 ἑκ
1261 5448 1369 5503 τῶν
1397 5451 1662 5508 Ἰουδαίων
1684 5455 1765 5510 ὅτι
1796 5456 1913 5510 ἐκεῖ

336 5529 469 5592 ἐστι,
495 5527 589 5580 καὶ
611 5522 773 5599 ἦλθον
794 5528 855 5581 οὐ
883 5526 969 5582 διὰ
997 5527 1090 5581 τὸν
1124 5528 1331 5600 Ἰησοῦν
1359 5533 1540 5603 μόνον,
1567 5537 1680 5591 ἀλλ’
1706 5539 1796 5595 ἶνα
1815 5541 1908 5594 καὶ

331 5606 422 5690 τὸν
447 5607 703 5690 -ᾼᾴζαρον
738 5609 939 5679 ἴδωσιν,
974 5611 1033 5666 ὃν
1072 5612 1295 5685 ἧγειρεν
1333 5615 1398 5669 ἑκ
1429 5621 1660 5690 νεκρῶν.

406 5688 471 5741 10
517 5689 933 5772 Ἐϐουλεύσαντο
964 5695 1021 5750 δὲ
1068 5699 1116 5752 οἱ
1151 5698 1425 5772 ἀρχιερεῖς
1465 5688 1548 5756 ἵνα
1576 5704 1668 5760 καὶ
1694 5704 1781 5759 τὸν
1809 5706 1910 5760 Λά-

337 5765 504 5838 ζαρον
536 5771 927 5831 ἀποκτείνωσιν
953 5796 968 5809 ·

2088 4887 2159 4974 ll
2188 4889 2309 4974 "Qrt
2338 4891 2524 4945 πολλοὶ
2570 4893 2636 4946 δι’
2690 4894 2854 4950 αὑτὸν
2883 4897 3095 4968 ὑπῆγον
3137 4898 3247 4952 τῶν
3294 4900 3586 4974 Ἰουδαίων,

2013 4969 2106 5032 καὶ
2145 4971 2426 5027 ἐπίστευον
2456 4976 2537 5040 είς
2562 4975 2653 5029 τὸν
2691 4977 2918 5048 Ἰησοῦν.

2081 5072 2157 5127 12
2182 5075 2267 5161 ςΓῇ
2293 5075 2557 5161 ἑπαύριον
2584 5079 2740 5151 ὄχλος
2768 5082 2936 5147 πολὺς
2966 5085 2995 5137 ό
3023 5083 3192 5140 ἐλθὼν
3229 5086 3310 5151 είς
3325 5087 3426 5158 τήν
3459 5089 3583 5161 ἑορσ

2012 5153 2133 5288 ἰὴν,
2173 5156 2508 5224 ἀκούσαντες
2537 5162 2620 5215 ὅτι
2653 5163 2870 5236 ἔρχεται
2898 5168 2928 5220 ό
2987 5167 3195 5240 Ἰησοῦς
3237 5171 3318 5234 είς
3358 5153 3587 5244 Ἰεροσόσ

2046 5253 2180 5308 υμα,

2083 5340 2151 5428 1ξ)
2201 5342 2430 5428 ’ςΕλαϐον
2477 5346 2548 5400 τὰ
2598 5345 2724 5417 βαΐα
2767 5347 2878 5404 τῶν
2911 5351 3188 5421 φοινίκων,
3227 5355 3323 5408 καὶ
3362 5355 3583 5428 ἐξῆλθον

2011 5422 2090 5510 εἰς
2120 5424 2418 5497 ὑπάντησιν
2453 5429 2618 5501 αὐτῷ,
2658 5432 2751 5485 καὶ
2790 5431 3041 5505 ἔκραζον·
3077 5436 3327 5500 Ὡσαννά,
3360 5422 3584 5510 εὐλογη-

2014 5505 2174 5590 μένος
2200 5511 2228 5561 ὁ
2254 5511 2544 5581 ἐρχόμενος
2570 5515 2629 5567 ἑν
2653 5515 2876 5584 ὀνόματι
2901 5517 3129 5590 Κυρίου,
3156 5521 3184 5573 ό
3213 5519 3465 5590 βασιλεὺς
3486 5505 3581 5575 tto-'5

2022 5588 2256 5662 Ἰσραήλ.

2194 5693 2383 5765 Εύρὼν
2407 5695 2460 5749 δὲ
2487 5699 2514 5749 ὁ
2550 5699 2752 5767 Ἰησοῦς
2785 5703 3015 5775 ὀνάριον,
3039 5703 3288 5759 ἐκάθισεν
3315 5706 3399 5759 ἐπ’
3424 5703 3580 5771 αὐτὸ,

2011 5774 2189 5840 καθώς
2217 5778 2332 5833 ἑστι
2361 5782 2762 5852 γεγραμμένων
