3900 6216
209 305 320 360 855

213 425 286 480 15
324 417 589 494 Μητέρος
617 408 878 492 ὒῷιλόφου
912 420 1173 494 θύγατερ,
1208 424 1283 495 μὴ
1311 423 1516 489 δείδιθι,
1539 424 1699 477 Σιών·

213 509 363 586 Ἤδη
401 512 794 584 ποικιλόδωρος
827 515 997 581 Ἀναξ
1024 513 1146 579 τεὸς
1179 517 1258 580 είς
1296 515 1355 569 σὲ
1395 517 1647 588 περήσει,

217 604 416 658 Πῶλον
445 604 587 674 ἔχων
615 607 950 674 ταχύγουνον
979 605 1313 675 ὀπηδεύοντα
1348 607 1604 681 τεκούσῃ.

218 695 288 749 16
318 695 436 748 Καὶ
469 695 540 747 τὰ
569 694 668 765 μὲν
697 695 758 748 οὐ
781 696 1078 767 τοπρόσθεν
1107 700 1524 770 ὲπεφράσσαντο
1549 699 1810 772 μαθηταί·

230 785 382 840 Ἀλλ’
410 787 506 841 ὅτε
546 805 620 840 πα
627 787 966 859 μμεδέουσαν
992 789 1088 861 ἑὴν
1111 789 1406 844 ἀνεδύσατο
1437 791 1650 863 μορφὴν

217 878 467 951 Χριστὸς
499 879 688 945 Ἀναξξ,
727 879 849 934 τότε
871 879 1072 945 πάντες
1095 881 1468 953 ἀνεμνήσαντο
1498 883 1760 954 μαθηταὶ,

225 973 388 1024 Ὄττι
416 974 558 1043 σοφῇ
587 972 716 1026 τάδε
748 972 928 1028 πάντα
972 972 1125 1027 πέλει
1162 974 1552 1047 κεχαραγμένα
1578 974 1771 1051 βίϐλῳ,

225 1066 340 1120 Καί
376 1067 429 1119 οἱ
451 1065 628 1120 ταῦτα
653 1067 914 1123 τέλεσσαν
933 1084 948 1098 ·
983 1067 1047 1121 17
1077 1068 1173 1140 ἔην
1196 1068 1242 1123 δ’
1267 1069 1376 1142 ἄρα
1407 1069 1615 1142 μάρτυς
1642 1069 1740 1143 ίωὴ

221 1157 389 1212 Δαῶν
425 1159 768 1228 συμμιγέων,
791 1161 880 1212 ὅτε
902 1157 1149 1232 Λάζαρον
1181 1159 1359 1214 ἔκτοθι
1391 1156 1598 1233 τύμϐου

233 1248 452 1320 Ἰησοῦς
482 1249 767 1316 ἐκάλεσσε,
794 1253 1109 1321 τεταρταῖον
1132 1249 1189 1305 δὲ
1217 1251 1447 1306 θανόντα

239 1341 336 1394 Ἐκ
356 1339 574 1394 νεκύων
597 1341 808 1412 ἦγειρε,
840 1340 980 1414 χέων
1006 1342 1334 1412 ψυχοστὸλον
1353 1340 1492 1413 ἠχώ.

230 1433 298 1489 18
331 1426 410 1488 Οὗ
450 1433 615 1504 χάριν
645 1432 875 1488 ἀντιόων
901 1433 1068 1497 πολὺς
1095 1433 1286 1505 ἔρρεεν
1310 1436 1479 1507 ἐσμὸς
1508 1431 1710 1509 ὁδίτης,

231 1525 474 1595 Χριστὸν
505 1523 784 1589 ἁνευάζων
809 1525 1154 1595 νεκυοσσόον,
1179 1525 1300 1579 υίέα
1331 1527 1513 1581 Δαὸίδ.

233 1592 301 1670 iii
349 1613 633 1686 Ἀλλήλοις
657 1613 702 1666 δ’
733 1592 954 1685 ὀάριζον
985 1614 1324 1685 ὁμοφραδέες
1343 1615 1655 1686 Φαρισαῖοι·

243 1708 411 1779 Ἡμῖν
447 1710 606 1761 ποῖον
635 1707 822 1778 ὄνειαρ
853 1707 1068 1772 ἀέξεται
1094 1723 1109 1773 ;
1142 1706 1460 1778 ἀμφιλαφὴς
1489 1705 1598 1779 γὰρ
1693 1777 1698 1782 ι

231 1801 461 1870 Κόσμος
501 1800 621 1864 ὅλος
645 1798 990 1871 πολύμορφος
1015 1800 1134 1863 ἑνὸς
1162 1799 1485 1853 κατόπισθεν
1515 1799 1709 1865 ὁδεύει,

233 1894 348 1947 Καὶ
375 1893 532 1956 δόλος
568 1891 776 1962 ἡμείων
811 1890 1187 1962 θανατηφόρος
1219 1891 1370 1944 οὐδὲν
1404 1893 1605 1963 ὀνήσει.

233 1984 304 2038 20
329 1984 444 2038 Καί
486 1999 630 2047 τινες
671 1973 941 2052 Ἑλλήνων
964 1982 1092 2036 ἕσαν
1122 1982 1335 2054 ἀνέρες,
1366 1983 1418 2036 οἳ
1448 1985 1571 2038 τότε
1602 1983 1786 2038 πολλοὶ

235 2075 554 2146 Θεσπεσίης
582 2066 862 2130 ἀνέϐαινον
893 2073 1260 2146 ὀπιπευτῆρες
1281 2075 1494 2146 ἑορτῆς.

235 2168 301 2223 21
335 2167 550 2238 Ἰησοῦν
569 2166 614 2219 δ’
642 2167 853 2230 ἀίοντες
886 2163 1204 2237 ἀειδομένης
1233 2165 1342 2220 άπδ
1379 2168 1587 2238 φήμης,

252 2263 567 2335 Ἀγχιμόλῳ
595 2261 910 2334 προσιόντες
936 2259 1340 2330 ἆπετκθέγξαντο
1363 2261 1648 2334 Φιλίππῳ*

239 2356 482 2427 Χριστὸν
515 2356 642 2408 ίδεῖν
669 2353 943 2418 ἐθέλοντες
971 2352 1248 2424 ἱκάνομεν.
1278 2352 1350 2407 22
1388 2352 1716 2425 Ἐσσύμενος
1733 2351 1791 2407 δὲ

246 2448 406 2520 140
437 2446 666 2518 Ἀνδρέᾳ
695 2440 816 2498 εἷπε
846 2445 1109 2509 Φίλιππος
1125 2444 1436 2517 ὁμόπτολις·
1463 2445 1699 2519 ἡδυεπὴς
1721 2446 1779 2501 δὲ

255 2522 540 2610 Ἀνδρείας
576 2537 864 2608 ὁμόφοιτος
895 2537 1272 2609 ἐπειγομένοιο
1293 2537 1561 2593 Φιλίππου

244 2628 472 2701 Χριστῷ
507 2628 675 2700 μῦθον
703 2627 901 2692 ἔλεξεν.
938 2627 1009 2683 2'5
1044 2627 1214 2693 Ἀναξ
1259 2628 1305 2682 δ’
1331 2627 1590 2700 ἠμείϐετο
1614 2627 1789 2702 μύθῳ·

249 2722 388 2794 Ὠρη
406 2721 518 2775 νῦν
551 2721 707 2792 μόγις
727 2715 891 2791 ἦλθεν
923 2719 1012 2774 ὅτε
1040 2719 1225 2790 σχεδὸν
1259 2719 1471 2775 ἵσταται
1501 2721 1653 2794 ἀκμὴ

258 2812 578 2884 Ἀνθρώπου
610 2813 772 2882 σοφὸς
800 2813 926 2876 Υίὺς
953 2813 1101 2875 ὅπως
1133 2811 1437 2885 ύψούμενος
1466 2812 1570 2884 εἴη.

247 2903 316 2957 21
352 2904 585 2974 Μάρτυς
608 2903 903 2976 ὲτητυμίης
931 2905 1078 2975 ἀμὴν
1107 2905 1254 2977 ἀμὴν
1271 2905 1429 2974 λόγος
1461 2905 1620 2960 ἔστω·

250 2997 472 3060 Κόκκος
497 2995 634 3068 ἐπὴν
663 2997 830 3050 σίτοιο
859 2997 1040 3051 πεσὼν
1063 2997 1155 3052 ἐπὶ
1181 2997 1359 3069 διψάδι
1376 2997 1528 3071 γαίῃ,

250 3090 342 3161 Μή
368 3107 424 3143 τι
460 3088 616 3162 θάνῃ,
649 3089 772 3142 τότε
805 3087 998 3160 μοῦνος
1032 3088 1254 3155 ὲτώσιος
1281 3090 1466 3161 αὐτόθι
1491 3091 1698 3163 μίμνει,

255 3180 558 3249 ’Δσπορος,
597 3181 908 3250 ἁχρήῖστος,
933 3179 1216 3249 ἀνήροτος,
1253 3179 1501 3252 ἄμμορος
1526 3180 1728 3253 ἆρπης·

258 3269 359 3320 Ἢν
381 3268 442 3321 δὲ
462 3267 615 3338 θάνῃ,
656 3265 910 3338 ζείδωρον
941 3261 1166 3335 ἀφειδέα
1201 3267 1412 3338 καρπὸν
1439 3267 1605 3334 ἀέξει.

254 3357 326 3411 25
362 3358 560 3429 Ψυχὴν
589 3359 634 3412 δ’
657 3358 717 3422 ὀς
739 3358 911 3427 φιλέει
944 3356 1257 3429 μινυώριον,
1287 3352 1442 3422 οὗτος
1468 3358 1696 3423 ὀλέσσει,

259 3449 558 3520 Τερψινὸου
589 3449 838 3520 μεθέπων
866 3449 1162 3521 ἀπατήλιον
1190 3449 1380 3503 ἐλπίδα
1410 3449 1636 3519 κόσμου.

257 3540 458 3610 Ψυχὴν
483 3540 526 3593 δ’
554 3539 613 3603 ὀς
642 3538 878 3608 στυγέει,
910 3542 1296 3612 πανακηρατον
1341 3539 1575 3611 ἔμπεδον
1607 3541 1774 3612 αὐτὴν

262 3631 356 3693 Εἰς
393 3628 580 3700 βιοτὴν
605 3629 798 3692 αἰῶνος
825 3628 1132 3700 ἀλωφήτοιο
1151 3629 1432 3700 φυλάσσει.

261 3720 332 3773 26
361 3719 558 3783 ’Ὅστις
588 3721 712 3790 ὲμοῖ¹
737 3719 975 3774 πείθοιτο
1009 3720 1294 3795 διάκτορον
1325 3721 1484 3793 ἔργον
1510 3722 1772 3791 ὑφαίνων,

265 3810 471 3864 Τοῦτον
490 3810 622 3880 ἐμὸς
651 3810 880 3881 Γενέτης
906 3811 1191 3884 ὐψίθρονος
1210 3809 1317 3866 οἶδε
1336 3813 1636 3884 γεραίρειν·

265 3904 461 3968 Ὅστις
485 3903 861 3974 ὑποδρήσειεν,
892 3904 1044 3974 ἐμοῖς
1081 3886 1327 3974 θεσμοῖσι
1361 3904 1617 3976 πιθήσας,

265 3988 445 4058 Οὗτος
471 3995 836 4064 ὁμαρτήσειεν
861 3995 985 4064 ἐμοὶ
1006 3995 1102 4048 καὶ
1121 3996 1410 4066 ὁμόστολος
1430 3996 1603 4061 ἔσται,

272 4086 465 4156 ὐφρα
505 4083 657 4155 μένοι
687 4084 804 4155 μετ’
834 4085 987 4155 ἐμεῖο
1008 4084 1289 4156 διάκτορος
1311 4085 1511 4140 ὁππόθι
1542 4087 1744 4157 μίμνω·

1155 299 1643 359 PARAPllRASlS
1679 304 1750 359 1N
1785 301 2122 360 JOANNEM.
2159 299 2406 356 —CAP.
2449 299 2563 356 XII.

3329 304 3484 361 ’854

1835 429 1881 486 Α
1910 421 2055 494 quod
2088 421 2224 476 dixit
2255 429 2314 476 ut
2355 420 2670 491 impleretur
2697 435 2709 473 :
2738 418 2804 473 15
2841 416 3028 474 Matris
3057 417 3304 474 sublimis
3350 415 3479 486 lilia,

1911 529 1980 570 ne
2007 517 2222 579 timeas,
2248 513 2412 579 Sion;
2444 511 2561 567 Jam
2585 512 2734 568 varia
2763 511 2904 567 dona
2937 510 3184 582 pmbens
3215 508 3327 567 Rex
3354 520 3490 568 tuus»

1911 603 1978 658 ad
2012 609 2065 657 te
2099 603 2374 668 transibit,
2410 601 2624 655 Pullum
2669 599 2877 656 habens
2920 599 3160 656 velocem
3193 599 3486 669 insequen-

1911 703 2020 752 tem
2044 704 2294 750 matrem.
2327 693 2395 747 16
2433 692 2500 746 Et
2528 692 2643 748 haec
2677 693 2898 762 quidem
2936 705 3047 748 non
3082 697 3209 746 ante
3236 692 3488 747 conside-

1913 818 2110 868 rarunt
2156 805 2591 879 discipuli:Sed
2641 805 2858 878 quando
2908 807 3150 864 omnium
3200 810 3486 864 rectriccm

1913 925 2069 970 suam
2096 911 2293 965 iterum
2319 905 2621 974 assumpsit
2655 903 2883 959 formam
2907 904 3159 961 Christus
3190 903 3329 972 Rex,
3363 915 3492 958 tunc

1913 1015 2105 1066 Omnes
2141 1002 2412 1062 recordati
2461 1006 2589 1058 sunt
2621 1001 2870 1071 discipuli
2915 1000 3074 1068 Quod
3117 1001 3347 1073 sapienti
3375 1001 3492 1056 haec

1915 1105 2098 1162 omnia
2146 1110 2330 1159 essent
2373 1100 2587 1170 signata
2625 1097 2786 1163 libro,
2835 1095 2900 1151 Et
2933 1097 3039 1169 ipsi
3067 1099 3182 1155 haec
3213 1099 3489 1157 fecissent.

1920 1202 1986 1258 17
2034 1201 2165 1256 Erat
2213 1205 2395 1254 autem
2440 1195 2737 1252 testiﬁcans
2781 1209 2887 1250 vox
2931 1187 3125 1268 Populi
3176 1197 3488 1267 commisti,

1918 1299 2139 1371 quando
2169 1292 2759 1362 Lazarumesepulcro
2803 1288 2964 1347 Jesus
3006 1293 3241 1359 vacavit,
3283 1294 3492 1365 quatri—

1916 1395 2269 1462 duanumque
2293 1396 2565 1443 mortuum
2597 1383 2673 1441 Ex
2696 1386 2929 1443 mortuis
2953 1387 3231 1455 excitavit,
3263 1387 3495 1448 fundens

1918 1490 2131 1545 animas
2155 1486 2502 1542 reducentem
2533 1489 2752 1538 sonum.
2796 1481 2862 1537 18
2899 1482 3070 1553 Cujus
3110 1485 3281 1555 gratia
3305 1475 3508 1540 σεται-ὲ

1919 1600 2049 1640 rens
2086 1583 2291 1639 multus
2323 1579 2584 1636 conﬂuxit
2611 1587 2784 1636 coetus
2814 1579 3008 1645 viator,
3041 1579 3320 1637 Christum
3354 1582 3500 1637 cele-

1921 1683 2088 1736 brans
2129 1686 2376 1735 mortuos
2420 1675 2743 1740 salvantem,
2789 1675 2956 1729 lilium
3005 1673 3196 1732 David.
3249 1675 3314 1732 19
3355 1675 3502 1731 inter

1847 1795 1892 1852 Β
1923 1790 1982 1835 se
2004 1786 2181 1832 autem
2203 1773 2568 1828 mussitabant
2597 1771 2973 1827 consultantes
3004 1771 3262 1828 Pharisaei
3291 1792 3304 1827 :
3329 1772 3498 1832 Nobis

1924 1873 2085 1944 quale
2115 1869 2542 1926 emolumentum
2586 1865 2830 1922 crescet?
2861 1867 3122 1938 copiosus
3165 1870 3309 1923 enim
3348 1868 3504 1925 Mun-

1923 1970 2028 2026 dus
2069 1973 2216 2022 totus
2255 1964 2440 2019 varius
2467 1971 2589 2034 post
2618 1978 2788 2017 unum
2817 1964 2985 2029 vadit,
3017 1964 3084 2019 Et
3123 1965 3280 2022 dolus
3317 1972 3506 2021 noster

1926 2063 2175 2122 mortifer
2211 2060 2347 2117 nihil
2379 2060 2610 2130 juvabit.
2646 2057 2718 2112 20
2757 2056 2824 2112 Et
2871 2059 3093 2130 quidam
3131 2058 3306 2116 Graeci
3350 2067 3510 2115 erant

1924 2161 2052 2228 viri,
2095 2157 2190 2230 qui
2229 2165 2360 2210 tunc
2386 2154 2608 2227 plurimi
2641 2153 2820 2209 Diviui
2846 2155 3211 2212 ascenderunt
3238 2163 3508 2226 spectato-

1925 2273 2016 2314 res
2041 2254 2199 2311 i'esti.
2234 2253 2300 2307 2i
2349 2249 2426 2306 De
2454 2247 2584 2305 Jesu
2623 2249 2907 2306 audientes
2941 2250 3215 2306 celebrata
3243 2263 3312 2307 ex
3339 2250 3506 2316 fama,

1925 2351 2243 2424 Propinquo
2279 2348 2601 2404 accedentes
2632 2346 2888 2402 dixerunt
2911 2339 3192 2418 Philippo:
3230 2347 3512 2404 Christum

1926 2448 2114 2506 videre
2133 2439 2374 2502 volentes
2398 2443 2666 2499 venimus.
2703 2440 2774 2494 2‘2
2811 2440 3128 2498 Concitatus
3153 2452 3332 2498 autem
3353 2442 3510 2516 141

1929 2545 2162 2602 Andreae
2173 2541 2309 2597 dixit
2323 2539 2606 2609 Philippus
2620 2543 3034 2605 contemneus;
3054 2537 3408 2608 suaviloquus
3424 2553 3517 2592 au-

1929 2651 2042 2699 tem
2069 2639 2316 2695 Andreas
2338 2649 2525 2692 comes
2551 2633 2770 2705 impulsi
2796 2631 3029 2704 Philippi
3059 2632 3281 2690 Christo
3305 2627 3534 2692 sermo?

1935 2751 2057 2797 ncm
2085 2735 2248 2792 dixit.
2273 2733 2346 2789 25
2383 2729 2498 2788 Rex
2525 2738 2706 2786 autem
2737 2728 3019 2800 respondit
3047 2743 3329 2786 sermone:
3356 2729 3504 2787 liora

1931 2847 2082 2889 nunc
2108 2831 2326 2887 tandem
2345 2829 2495 2886 venit
2517 2843 2640 2884 cum
2665 2841 2836 2897 prope
2870 2827 3035 2882 instet
3065 2827 3217 2898 vigor
3258 2827 3516 2886 Hominis

1936 2929 2156 3000 sapiens
2182 2925 2354 2983 Filius
2377 2932 2436 2981 ut
2457 2923 2744 2980 exaltetur.
2775 2918 2846 2976 21
2867 2920 3047 2978 Testis
3073 2922 3321 2979 veritatis
3345 2923 3523 2978 Amen

1935 3025 2109 3081 Amen
2133 3031 2314 3079 sermo
2357 3017 2736 3077 sittGranuni
2781 3015 3039 3071 frumenti
3082 3018 3283 3073 cadens
3312 3019 3366 3072 in
3401 3017 3525 3074 siti-

1863 3137 1909 3198 ο
1938 3121 2179 3176 blmdam
2210 3126 2432 3183 terram,
2460 3115 2577 3171 Nisi
2614 3113 2901 3180 moriatur,
2935 3120 3066 3170 tunc
3096 3114 3273 3170 solum
3316 3122 3519 3169 vanum

1944 3218 2019 3274 ibi
2057 3224 2262 3279 manet,
2300 3212 2422 3270 Non
2464 3211 2814 3278 seminatum,
2862 3211 3073 3277 inutile,
3124 3227 3233 3266 non
3270 3220 3522 3277 aratum,

1944 3329 2142 3387 expers
2171 3312 2355 3378 falcis;
2389 3309 2448 3365 Si
2491 3324 2624 3364 vero
2656 3307 2946 3374 metiatur,
2973 3308 3194 3362 vitalem
3228 3307 3552 3378 plurimum-

1948 3409 2184 3468 fructum
2209 3413 2390 3480 auget.
2423 3406 2494 3462 25
2527 3405 2706 3460 Vitam
2734 3405 2880 3459 enim
2919 3401 3013 3474 qui
3042 3403 3219 3474 diligit
3248 3411 3526 3474 tempora-

1950 3508 2076 3573 lem,
2105 3505 2195 3562 hic
2219 3504 2428 3576 perdet,
2453 3502 2686 3558 Mentem
2705 3500 3028 3556 delectantia
3048 3499 3255 3555 habens
3275 3499 3525 3555 fallacem

1857 3633 1873 3647 κ
1951 3618 2102 3674 spem
2138 3600 2360 3668 mundi;
2403 3600 2656 3654 Animam
2683 3610 2813 3652 vero
2853 3596 2948 3668 qui
2979 3595 3115 3663 odit,
3161 3594 3531 3650 immortalem

1955 3700 2167 3754 ﬁrmam
2199 3699 2370 3769 ipsam
2407 3694 2487 3750 Ad
2518 3695 2683 3749 vitam
2717 3693 2817 3749 aevi
2849 3692 3211 3749 indesinentis
3259 3689 3525 3746 custodit.

1951 3796 2023 3850 26
2051 3795 2156 3862 Qui
2184 3793 2315 3848 mihi
2337 3790 2629 3848 crediderit
2649 3789 2961 3845 ministrum
2982 3804 3121 3861 opus
3146 3797 3356 3853 texens,
3378 3786 3539 3843 Hunc

1957 3907 2113 3980 meus
2138 3890 2299 3946 Pater
2329 3889 2386 3943 in
2411 3889 2524 3944 alto
2547 3888 2744 3944 sedens
2764 3893 2916 3944 novit
2935 3888 3209 3942 honorare
3230 3903 3246 3942 :
3271 3884 3377 3950 Qui
3401 3883 3536 3938 sul)-

1959 3985 2376 4052 ministraverit,
2421 3986 2558 4042 meis
2599 3985 2812 4057 legibus
2851 3984 3106 4048 credens,
3137 3981 3238 4036 Hic
3278 3985 3540 4048 sequetur

1959 4100 2070 4148 me,
2109 4091 2164 4138 et
2187 4097 2373 4139 comes
2400 4083 2528 4148 erit,
2573 4079 2640 4137 Ut
2667 4085 2889 4136 maneat
2918 4093 3134 4142 meeum
3164 4076 3416 4133 minister
3445 4073 3542 4130 ubi

1473 4257 1757 4319 TEXTUS
1794 4247 2326 4317 EVANGELISTIE.

353 4441 421 4496 15
469 4440 564 4511 Μὴ
587 4437 777 4509 φοϐοῦ,
817 4437 1056 4509 θύγατερ
1082 4437 1238 4492 Σιών·
1270 4437 1398 4504 ἰδοὺ,
1421 4440 1450 4492 ὁ
1483 4439 1736 4511 βασιλεύς
1766 4455 1859 4493 σου
1892 4445 1938 4501 D
2034 4437 2100 4492 2i
2143 4431 2303 4493 Οὗτοι
2337 4432 2430 4492 οὖν
2463 4436 2768 4510 προσῆλθον
2798 4436 3050 4506 Φιλίππῳ
3073 4433 3151 4505 τῷ
3175 4431 3283 4488 ἀπὸ
3312 4430 3548 4504 Βηθσαϊ-

283 4524 521 4597 ἔρχεται,
557 4523 869 4593 καθήμενος
895 4521 988 4575 ἐπὶ
1017 4521 1194 4574 πῶλον
1224 4521 1372 4575 ὁνου.

357 4619 424 4675 16
461 4620 646 4674 Ταῦτα
684 4617 741 4671 δὲ
783 4619 885 4672 οὐκ
920 4616 1165 4686 ἔγνωσαν
1214 4619 1261 4671 oi
1303 4617 1543 4690 μαθηταὶ
1578 4618 1742 4672 αὑτοῦ
1781 4637 1870 4675 το-

283 4704 521 4776 πρῶτον·
554 4702 666 4755 ἀλλ’
696 4702 784 4776 ὅτε
816 4700 1074 4772 ἐδοξάσθη
1116 4701 1146 4753 ὀ
1181 4700 1408 4770 Ἰησοῦς,
1436 4701 1558 4755 τότε
1603 4701 1870 4774 ἐμνήσθη-

289 4775 388 4841 σαν
419 4789 500 4841 ὀτι
532 4784 706 4840 ταῦτα
742 4775 809 4857 ἦν
849 4781 931 4837 ἐπ’
978 4783 1126 4855 αὐτῷ
1160 4783 1542 4857 γεγραμμένα,
1569 4784 1661 4838 καὶ
1696 4785 1868 4839 ταῦτα

290 4872 552 4943 ἐποίησαν
590 4869 755 4941 αὐτῷ.

372 4967 434 5023 17
479 4966 806 5039 Ἐμαρτύρει
846 4960 938 5022 οῦν
971 4965 1000 5021 ὁ
1035 4961 1190 5036 ὀχλος
1229 4967 1258 5018 6
1300 4959 1374 5019 ὢν
1417 4963 1534 5037 μετ’
1562 4962 1748 5030 αὑτοῦ,
1779 4961 1870 5020 ὅτε

217 5116 221 5120 _
292 5049 382 5105 τὸν
418 5051 664 5122 Λάζαρον
701 5049 977 5122 ἐφώνησεν
1013 5052 1076 5104 ὲκ
1116 5048 1210 5104 τοῦ
1239 5050 1504 5121 μνημείου
1533 5049 1628 5104 καὶ
1652 5049 1871 5124 ἤγειρεν

296 5136 362 5190 αὖ
371 5136 455 5189 τὸν
479 5138 542 5189 ἐκ
570 5133 800 5205 νεκρῶν.

367 5230 436 5289 18
471 5231 570 5284 Διὰ
611 5231 768 5285 τοῦτο
820 5232 918 5285 καὶ
966 5231 1273 5302 ὑπήντησεν
1321 5230 1471 5301 αὐτῷ
1506 5234 1536 5285 ὁ
1571 5231 1746 5303 ὄχλος,
1781 5232 1873 5287 ὅτε

300 5318 497 5386 ἤκουσε
525 5317 682 5367 τοῦτο
713 5314 876 5368 αὑτὸν
909 5314 1267 5384 πεποιηκέναι
1295 5314 1354 5368 τὸ
1379 5317 1624 5385 σημεῖον.

1963 4522 2028 4577 δὰ
2062 4522 2164 4592 τῆς
2195 4520 2504 4587 Γαλιλαίας,
2536 4520 2633 4575 καὶ
2658 4518 2888 4592 ἠρώτων
2914 4519 3099 4586 αὑτὸν,
3135 4516 3403 4587 λέγοντες·
3437 4513 3550 4568 Κύ-

1967 4622 2069 4678 ριε,
2107 4604 2333 4677 θέλομεν
2365 4604 2458 4658 τὸν
2491 4601 2698 4675 Ἰησοῦν
2731 4602 2882 4657 ἰδεῖν.

2033 4699 2105 4756 22
2145 4701 2403 4772 Ἔρχεται
2440 4699 2704 4761 Φίλιππος
2735 4699 2830 4752 καὶ
2858 4695 3007 4767 λέγει
3046 4696 3125 4768 τῷ
3173 4694 3416 4766 Ἀνδρέᾳ·
3459 4693 3550 4748 καὶ

1965 4783 2127 4839 πάλιν
2169 4782 2424 4853 Ἀνδρέας
2462 4782 2558 4836 καὶ
2581 4781 2846 4846 Φίλιππος
2874 4781 3092 4851 λέγουσι
3123 4778 3200 4850 τῷ
3245 4776 3442 4848 Ἰησοῦ.

2034 4879 2105 4935 25
2151 4879 2212 4933 '0
2237 4879 2293 4933 δὲ
2335 4877 2542 4948 Ἰησοῦς
2570 4877 2906 4948 ἀπεκρίνατο
2935 4877 3120 4941 αὐτοῖς
3161 4875 3357 4944 λέγων·
3393 4872 3550 4944 Ἐλή-

1966 4962 2126 5017 λυθεν
2151 4965 2184 5034 ἡ
2209 4961 2325 5034 ὥρα
2352 4962 2439 5015 ἵνα
2464 4962 2694 5032 δοξασθῇ
2724 4964 2752 5016 ὁ
2775 4962 2904 5027 Υίὺς
2927 4963 3021 5016 τοῦ
3044 4958 3355 5033 ἀνθρώπου.

2037 5060 2110 5115 24
2156 5058 2326 5130 Ἀμὴν
2363 5059 2512 5130 ἀμὴν
2547 5057 2692 5127 λέγω
2725 5057 2876 5129 ὑμῖν,
2920 5058 3015 5121 ἑὰν
3060 5058 3135 5128 μὴ
3165 5058 3193 5111 ὁ
3225 5055 3422 5118 κόκκος
3455 5051 3550 5106 τοῦ

1972 5145 2120 5200 σίτου
2153 5141 2336 5196 πεσὼν
2369 5143 2449 5206 είς
2480 5141 2578 5213 τὴν
2610 5142 2714 5211 γῆν
2754 5139 3023 5216 ἀποθάνῃ,
3067 5141 3230 5205 αὐτὸς
3276 5139 3436 5212 μόνος
3465 5137 3556 5208 μέο

1969 5247 2070 5284 νει·
2113 5227 2208 5282 ἐὰν
2239 5227 2296 5280 δὲ
2329 5225 2594 5298 ἀποθάνῃ,
2624 5227 2794 5280 πολὺν
2821 5226 3032 5298 καρπὸν
3064 5224 3240 5294 φέρει.

2041 5312 2114 5368 25
2169 5315 2228 5367 '0
2267 5309 2435 5383 φιλῶν
2483 5312 2584 5384 τὴν
2620 5310 2798 5382 ψυχὴν
2845 5307 3034 5377 αὑτοῦ,
3073 5304 3333 5363 ἀπολέσει
3360 5304 3550 5374 αὐτήν·

370 5401 436 5456 19
475 5403 536 5455 Οἱ
564 5398 662 5454 οὖν.
677 5400 961 5470 Φαρισαῖοι
990 5392 1143 5452 εἷπον
1169 5398 1303 5468 πρὸς
1331 5384 1576 5463 ἑαυτούς·
1608 5399 1876 5470 Θεωρεῖτε
1975 5401 2070 5454 καὶ
2113 5400 2142 5450 ὁ
2183 5397 2355 5468 μισῶν
2395 5397 2495 5466 τὴν
2535 5395 2712 5466 ψυχὴν
2745 5393 2911 5449 αὐτοῦ
2940 5397 2998 5448 ὲν
3026 5393 3104 5464 τῷ
3139 5397 3328 5460 κόσμῳ
3357 5384 3552 5454 τούτῳ,

297 5484 384 5541 ὅτι
423 5489 523 5541 οὐκ
557 5486 817 5557 ὠφελεῖτε
856 5481 1040 5548 οὐδέν;
1073 5482 1170 5547 ίδε,
1203 5483 1232 5533 ὁ
1270 5482 1472 5554 κόσμος
1512 5483 1686 5537 ὀπίσω
1711 5483 1876 5538 αὑτοῦ

305 5569 565 5641 ἀπῆλθεν.

373 5655 442 5708 20
477 5651 656 5708 Ἦσαν
685 5653 742 5706 δέ
779 5671 921 5717 τινες
957 5651 1217 5723 ’Έλληνες
1257 5654 1320 5708 ἐκ
1352 5651 1460 5710 τῶν
1486 5652 1877 5708 ἀναϐαινόντων

309 5733 392 5791 ῐνα
419 5739 871 5810 προσκυνήσωσιν
898 5739 955 5792 ἐν
981 5739 1047 5808 τῇ
1079 5738 1260 5810 ἑορτῇ·

1975 5484 2057 5546 είς
2090 5482 2234 5552 ζωὴν
2260 5479 2476 5533 αἰώνιον
2503 5478 2728 5548 φυλάξει
2750 5479 2942 5549 αὐτήν.

2044 5545 2116 5618 26
2166 5545 2293 5617 Ἐὰν
2323 5562 2446 5634 ἐμοὶ
2486 5545 2706 5633 διακονῇ
2737 5577 2841 5624 τις,
2878 5545 3001 5630 ἐμοὶ
3043 5546 3422 5634 ἀκολουθείτω·
3463 5545 3556 5634 καλ

1976 5651 2110 5709 ὅπου
2146 5649 2263 5719 είμὶ
2297 5630 2427 5716 ὲγιὶ),
2459 5647 2576 5700 ἐκεῖ
2599 5630 2703 5701 καῖ’
2721 5645 2749 5695 6
2775 5642 3017 5700 διάκονος
3043 5639 3070 5691 ὁ
3099 5635 3228 5706 ὲμὺς
3265 5632 3437 5719 έσται·
3464 5630 3557 5683 καὶ

1979 5733 2072 5789 ἐὰν
2095 5750 2178 5798 τις
2203 5716 2326 5805 ἐμοὶ
2354 5730 2602 5801 διακονῇ,
2631 5727 2854 5798 τιμήσει
2880 5721 3040 5779 αὑτὸν
3071 5724 3098 5774 ὁ
3132 5716 3344 5786 Πατήρ.
