3900 6216
321 355 518 402 maneo
544 358 556 394 :
579 338 651 394 27
687 338 842 395 Nune
869 347 1052 395 autem
1081 355 1258 395 meum
1282 356 1379 395 eor
1410 338 1583 401 habeo
1605 338 1903 411 agitatum;

320 437 418 499 sed
454 436 587 506 quid
636 436 857 492 dicam?
900 435 1100 490 Anima
1141 450 1262 493 mea
1304 435 1488 495 turbat
1532 450 1654 500 me;
1706 434 1902 501 Pater,

318 513 557 593 mentem
590 531 829 601 agitante
851 531 986 587 hora
1019 529 1100 594 Ex
1129 531 1233 587 hac
1264 546 1351 586 me
1375 531 1526 588 salva
1550 530 1893 596 immutabili;

319 629 417 687 sed
455 629 521 683 ad
555 630 660 685 hoc
703 627 989 689 Horridam
1030 643 1141 683 non
1187 636 1415 684 coactus
1465 627 1654 684 volens
1688 628 1811 683 veni
1848 626 1903 683 in

319 723 544 793 horam;
584 723 778 780 Filium
809 734 961 780 tuum
996 723 1261 796 gloriﬁca.
1299 723 1370 779 28
1404 722 1468 777 Et
1505 722 1723 778 caelitus
1758 723 1903 780 facta

317 830 402 887 est
438 835 563 886 vox,
608 820 677 884 Et
726 828 780 879 te
830 828 959 875 ante
1003 818 1328 891 gloriﬁcavi,
1363 826 1418 881 et
1451 818 1693 875 vicissim
1745 833 1894 881 nunc

319 915 550 979 honoro.
580 914 650 970 29
686 913 753 969 Et
782 914 989 969 multus
1012 914 1140 969 hinc
1160 921 1214 968 et
1236 914 1364 968 hinc
1389 920 1577 972 astans
1596 922 1647 968 et
1674 913 1902 969 audiens

314 1007 602 1073 leestem
636 1010 886 1064 tremulis
920 1010 976 1064 in
1021 1009 1249 1070 auribus
1280 1008 1575 1079 procellam
1609 1008 1758 1067 vocis
1800 1005 1903 1063 Po-

312 1104 475 1179 pulus
498 1104 845 1180 instrepebat.
864 1105 1009 1175 quod
1032 1102 1234 1170 divinis
1261 1119 1292 1159 e
1318 1103 1530 1160 sinibus
1560 1101 1901 1167 Tonitrualis

312 1202 553 1276 graviter
591 1217 796 1258 sonans
841 1202 1130 1275 strepitum
1177 1202 1349 1260 edidit
1393 1201 1662 1257 aethereus
1704 1215 1897 1265 sonus.

309 1282 417 1356 Alii
461 1308 642 1355 autem
687 1306 878 1355 contra
924 1306 1247 1362 sonuerunt,
1280 1297 1425 1370 quod
1468 1312 1635 1368 prope
1666 1296 1895 1372 angelus

312 1413 437 1453 cum
466 1398 586 1470 ipso
616 1399 870 1461 Caelestis
916 1399 1133 1461 loeutus
1165 1405 1249 1455 est
1277 1398 1510 1470 sapienti
1551 1398 1759 1468 mugitu
1799 1410 1897 1451 vo-

310 1493 415 1557 cis,
454 1493 525 1550 50
557 1494 721 1561 Jesus
754 1504 934 1553 autem
979 1495 1116 1559 dixit
1158 1496 1257 1550 toti
1304 1492 1597 1551 admiranti
1654 1492 1895 1565 populo:

310 1587 430 1645 Non
476 1601 697 1661 propter
764 1607 849 1651 me
922 1591 1185 1663 strepitus
1251 1591 1340 1646 hie
1400 1590 1617 1661 pulsat;
1682 1590 1900 1647 coalitus

1547 219 1755 279 NQNNI
1794 215 2301 277 PANOPOLITANI

3478 214 3585 271 856

2006 336 2076 391 27
2116 334 2231 389 Νῦν
2253 334 2297 388 δ’
2325 332 2457 406 ὲμὺν
2485 326 2621 407 ἦτορ
2650 330 2758 403 ἔχω
2780 328 3146 400 δεδυνημένου·
3175 317 3312 381 ἀλλὰ
3345 326 3392 381 τί
3417 328 3580 397 λέξως

2005 428 2169 499 Ψυχὴ
2187 426 2294 497 ἐμὴ
2328 426 2534 490 κλονέει
2567 441 2655 497 με’
2689 423 2895 494 Πάτερ,
2929 422 3264 494 φρενοᾱινέος
3295 420 3443 492 ὥρης

2018 517 2113 571 Ἐκ
2136 516 2341 585 ταύτης
2374 532 2442 586 με
2474 514 2685 577 σάωσον
2714 510 3018 583 ἀκαμπέος·
3049 510 3165 572 ἀλλ’
3196 510 3288 567 ἐπὶ
3306 509 3477 580 τούτῳ

2011 602 2327 678 Ῥιγεδανὴν
2360 607 2616 668 ἀϐίαστος
2645 604 2890 667 ἑκούσιος
2910 601 3106 675 ἤλυθον
3130 602 3300 673 ὥρην⁹

2006 691 2109 751 Υἴα
2148 699 2269 753 τεὸν
2295 697 2535 759 κύδαινε.
2563 696 2634 752 28
2664 696 2773 750 Καὶ
2808 692 3102 766 οὐρανόθεν
3132 692 3263 746 πέλε
3298 692 3468 762 φωνή·

2005 788 2113 842 Καί
2135 806 2194 842 σε
2221 790 2393 861 πάρος
2416 789 2639 857 κύδηνα,
2671 788 2766 843 καὶ
2801 786 3037 857 ἔμπαλιν
3061 787 3187 859 ἄρτι
3214 783 3471 855 γεραίρω.

2002 878 2072 934 29
2100 881 2210 933 Καὶ
2231 880 2396 947 πολὺς
2418 879 2548 935 ἔνθα
2578 882 2672 935 καὶ
2691 879 2818 934 ἔνθα
2839 878 3242 952 παριστάμενος
3263 876 3357 931 καὶ
3370 872 3578 929 ἀκούων

2002 971 2261 1051 Αίθερίην
2282 974 2629 1050 τρομεροὶοιν
2659 972 2720 1026 ὲν
2745 970 2903 1034 οῦασι
2935 970 3171 1025 λαίλαπα
3197 967 3379 1039 φωνῆς

2003 1060 2149 1127 Λαδς
2178 1063 2659 1138 ὲπεσμαράγησεν,
2697 1064 2778 1124 ὅτι
2809 1061 3019 1128 ζαθέων
3046 1061 3153 1116 ἀπὸ
3177 1060 3389 1113 κόλπων

2003 1154 2265 1227 Βρονταίη
2298 1154 2634 1228 βαρύδουπος
2664 1155 2972 1217 ὲπέκτυπεν
2994 1153 3205 1225 αἴθριος
3229 1149 3366 1221 ἠχώ.

2007 1246 2189 1299 Ἀλλοι
2216 1246 2261 1299 δ’
2291 1246 2649 1318 ἀντιάχησαν,
2682 1248 2767 1301 ὅτι
2788 1244 2978 1317 σχεδὸν
3004 1243 3235 1314 ἄγγελος
3262 1239 3407 1310 αὺτῷ

2004 1338 2276 1410 Οὐρανίης
2296 1337 2484 1409 ὀάριζε
2517 1338 2664 1410 σοφῷ
2693 1340 2974 1410 μυκήματι
2999 1336 3207 1407 φωνῆς.

2001 1430 2072 1487 30
2109 1430 2319 1503 Ἰησοῦς
2341 1431 2386 1491 δ’
2418 1431 2681 1503 ἀγόρευεν
2702 1431 2807 1502 ὅλῳ
2828 1428 3170 1500 πολυθαμῆέῖ
3200 1427 3331 1499 λαῷ·

2002 1520 2076 1574 Οὐ
2101 1520 2166 1573 δι’
2204 1521 2303 1592 ἐμὲ
2325 1519 2529 1583 κτύπος
2553 1514 2707 1585 οὗτος
2741 1509 3058 1590 ἀράσσετᾷιι
3082 1513 3369 1587 οὐρανόθεν
3385 1512 3439 1567 δὲ

2014 1612 2332 1675 Ἀντίτυπος
2366 1610 2621 1682 βροντῇσι
2654 1609 2721 1665 δι’
2749 1609 2923 1681 ὑμέας
2951 1608 3097 1668 ἰκετο
3127 1608 3298 1677 φωνή.

309 1698 492 1750 autem
557 1689 764 1755 Similis
829 1687 1071 1743 tonitruo
1124 1696 1350 1761 propter
1404 1703 1499 1743 vos
1557 1686 1705 1745 venit
1766 1700 1884 1743 vox.

2006 1704 2162 1778 ιω
2196 1704 2258 1760 51
2296 1703 2410 1758 Νῦν
2440 1702 2633 1769 ζαθέου
2669 1702 2896 1774 κόσμοιο
2931 1700 3084 1755 πέλει
3105 1699 3304 1771 κρίσις⁶
3337 1697 3453 1770 ἄρτι
3486 1696 3579 1750 καὶ

312 1781 550 1864 5|
600 1782 753 1845 Nunc
793 1782 961 1845 divini
982 1781 1170 1842 mundi
1206 1794 1291 1840 est
1327 1782 1815 1853 judicium;modo
1840 1791 1894 1838 et
1932 1781 1957 1789 “

306 1875 425 1956 ipse
465 1875 725 1949 Princeps
757 1887 1019 1949 peccante
1050 1880 1345 1951 expellitur
1369 1893 1436 1936 ex
1468 1879 1693 1937 mundo.
1728 1879 1798 1933 32
1824 1877 1890 1934 Et

304 1972 524 2051 quidem
558 1984 846 2051 postquam
875 1976 1149 2032 exaltatus
1179 1976 1335 2032 fuero
1380 1990 1410 2030 a
1458 1983 1602 2031 terra
1638 1975 1746 2030 late
1797 1991 1890 2046 pa-

303 2078 470 2135 tente,
506 2067 613 2126 Vos
637 2071 703 2124 ad
737 2086 822 2126 me
845 2086 1035 2127 omnes
1068 2072 1122 2126 in
1148 2072 1347 2127 malum
1377 2074 1617 2142 amplum
1646 2072 1885 2126 traham.

301 2164 371 2220 53
409 2165 574 2230 Dixit,
603 2167 921 2239 signiﬁcans
948 2169 1094 2240 quali
1118 2168 1329 2224 viviﬁea
1355 2176 1529 2223 morte
1553 2166 1716 2224 Jesus
1741 2178 1890 2225 esset

301 2261 604 2319 nmriturus
646 2242 877 2333 populos
908 2278 1152 2319 servans.
1182 2261 1286 2333 Ipsi
1317 2262 1388 2329 54,
1433 2262 1676 2334 Populus
1705 2271 1888 2319 autem

301 2365 492 2423 contra
525 2360 709 2427 sonuit
752 2360 1010 2423 concordi
1052 2359 1289 2431 quodam
1333 2375 1621 2422 sermone:
1664 2360 1889 2421 Audivi-

301 2468 425 2517 mus
447 2470 511 2509 ex
538 2457 759 2536 scriptis
783 2456 959 2531 signis
980 2456 1181 2527 Stepius
1212 2470 1332 2519 nos,
1361 2455 1615 2518 Christus
1641 2457 1887 2515 omnium

301 2556 484 2615 rector
521 2559 761 2619 aeternus
795 2552 941 2624 quod
986 2559 1223 2607 maneat.
1268 2551 1333 2606 Et
1373 2551 1516 2613 unde
1546 2552 1707 2608 nobis
1741 2552 1886 2617 dixi-

300 2649 371 2718 sti
400 2649 641 2717 obscuro
674 2664 768 2719 tuo
809 2667 1063 2709 sermone
1092 2670 1107 2710 :
1149 2651 1229 2707 Ex
1256 2653 1611 2710 terrestribus
1637 2652 1888 2708 caritati-

299 2743 403 2801 bus
429 2747 699 2804 exaltatns
732 2750 787 2817 in
816 2749 1018 2804 emlum
1064 2749 1314 2815 veniens,
1348 2744 1450 2813 Vos
1485 2748 1551 2803 ad
1582 2763 1668 2803 me
1695 2762 1887 2807 omnes

297 2856 329 2898 a
358 2851 501 2898 terra
532 2845 649 2921 ipse
684 2846 921 2917 traham,
956 2844 1207 2912 Hominis
1248 2845 1484 2917 inclytus
1520 2844 1691 2901 Filius
1737 2854 1888 2916 post-

297 2955 463 3015 quam
494 2942 766 3012 exaltatus
798 2942 995 3003 fuerit?
1027 2941 1127 3000 Dic
1163 2958 1314 3011 vero.
1338 2944 1464 3014 quis
1500 2952 1585 3001 est
1612 2944 1701 2999 ille
1723 2958 1886 3014 quem

294 3045 480 3117 ignota
514 3047 748 3116 quadam
784 3047 900 3118 lege
931 3045 1182 3103 Hominis
1206 3047 1506 3116 sapientem
1554 3043 1753 3107 Filium
1792 3052 1886 3099 tua

293 3145 483 3207 dixisti
514 3148 684 3205 voce?
710 3146 779 3202 35
802 3145 966 3204 Jesus
987 3154 1169 3202 autem
1190 3146 1353 3203 simul
1374 3145 1632 3202 omnibus
1652 3159 1880 3215 respon-

292 3248 373 3313 dit
395 3268 408 3304 :
435 3248 698 3306 Pusillum
726 3249 867 3304 inter
888 3263 987 3304 vos
1010 3246 1128 3302 Erit
1147 3247 1328 3303 adhuc
1348 3247 1523 3302 solum
1546 3262 1643 3317 per
1663 3254 1880 3318 tempus

293 3350 522 3409 caeleste
565 3349 770 3405 lumen.
811 3346 930 3403 Non
960 3355 1208 3404 errantes
1237 3356 1418 3403 autem
1451 3347 1507 3401 in
1541 3347 1747 3404 lumine
1784 3363 1883 3420 per

292 3458 501 3507 rectam
534 3451 677 3505 viam
708 3449 948 3506 lncedite
975 3450 1332 3513 conﬁdentes,
1363 3448 1537 3504 donec
1561 3448 1745 3505 lumen
1784 3450 1878 3504 ad-

290 3553 403 3607 huc
418 3551 584 3617 lueet,
601 3550 932 3622 Priusquam
954 3551 1249 3619 caliginoso
1264 3562 1287 3608 t
1299 3550 1491 3605 uri-ine
1510 3549 1883 3619 deprehendat

290 3668 392 3710 vos
423 3652 755 3708 obscuritas.
780 3651 883 3718 Qui
914 3652 1059 3707 enim
1085 3650 1286 3706 incedit
1305 3659 1525 3706 errante
1547 3652 1682 3722 pede
1709 3662 1875 3708 noctu

290 3756 490 3821 viator,
524 3754 755 3811 Aberrat
786 3755 1046 3826 ignorans
1090 3767 1314 3807 curvam
1347 3751 1489 3806 viam
1534 3766 1645 3823 quo
1691 3752 1874 3809 vadat.

291 3856 369 3912 ’ὅθ
403 3856 587 3912 Donec
623 3856 799 3911 lucem
834 3854 1051 3919 videtis,
1084 3854 1319 3937 sapienti
1346 3854 1554 3908 credite
1575 3853 1743 3909 verbo
1768 3852 1875 3908 Lu-

290 3961 394 4026 cis,
428 3967 489 4015 ut
516 3959 637 4015 sitis
670 3956 886 4015 luciferi
921 3957 1014 4013 ﬁlii
1063 3957 1391 4028 splendoris.
1438 3955 1571 4012 Vita:
1600 3956 1757 4012 dator
1787 3954 1877 4012 Fi-

290 4063 399 4118 lius
432 4061 670 4117 hominis
696 4060 811 4116 haec
840 4060 1022 4116 omnia
1061 4060 1304 4115 clamans
1335 4058 1637 4116 Abscondit
1668 4076 1747 4124 se,
1775 4060 1873 4116 Ju-

288 4164 532 4219 dzeorum
554 4173 759 4219 cretum
787 4171 1067 4218 versutum
1095 4161 1431 4232 relinquens.
1464 4161 1534 4216 57
1563 4159 1665 4217 Tot
1690 4171 1872 4223 autem

286 4266 340 4323 ei
363 4264 663 4337 perﬁcienti
684 4244 840 4320 ‘varia
874 4262 1112 4319 remedia
1147 4261 1486 4329 morborum,
1515 4260 1655 4332 Ipsis
1684 4263 1873 4320 viden-

3318 1788 3509 1863 [αὐτὸς

2005 1887 2195 1959 Ἀρχὸς
2224 1886 2557 1959 άλιτρονόοιο
2584 1885 2839 1939 διώκεται
2865 1884 3049 1938 ἔκτοθι
3077 1884 3309 1954 κόσμου.

1993 1978 2087 2053 [52
2114 1980 2223 2034 Καί
2246 1997 2341 2033 κεν
2365 1978 2504 2052 ἐπὴν
2528 1978 2731 2049 ὑψωθῶ
2761 1979 2869 2032 ἀπὸ
2899 1977 3089 2050 χθονὸς
3117 1975 3452 2049 εὐρυοδείης,

2002 2073 2209 2142 Ὑμέας
2241 2070 2449 2144 είςὲμὲ
2477 2071 2685 2135 πάντας
2718 2072 2777 2135 ἐς
2805 2070 3033 2142 οὐρανὸν
3073 2070 3240 2141 εὐρὺν
3270 2068 3506 2141 ὲρύσσω.

1989 2164 2059 2219 55
2100 2164 2352 2227 Ἕννεπε,
2380 2152 2662 2235 σημαίνων
2698 2163 2837 2234 ποίῳ
2866 2162 3106 2235 ζωαρκέῖ
3139 2163 3335 2233 πότμῳ

2002 2255 2208 2327 Ἰησοῦς
2236 2255 2438 2326 ἤμελλε
2473 2255 2655 2319 θανεῖν
2686 2254 2962 2319 λαοσσόος.
2994 2253 3175 2326 Αὐτῷ]
3267 2254 3274 2260 ’

1989 2347 2059 2401 54
2098 2348 2233 2401 Λαοὶ
2262 2346 2307 2413 δ’
2337 2347 2675 2418 ἀντιάχησαν
2704 2344 3039 2416 ὁμογλώσσῳ
3072 2344 3181 2398 τινὶ
3223 2342 3396 2415 post,»

2001 2437 2296 2510 Ἐκλύομεν
2325 2439 2642 2511 γραφικοῖσι
2679 2436 2999 2508 χαράγμασι
3030 2434 3287 2499 πολλάκις
3318 2435 3502 2505 ἡμεῖς,

1988 2530 2225 2601 Χριστὸς
2253 2528 2389 2593 ὅλων
2432 2528 2639 2601 μεδέων
2673 2526 2892 2593 animo;
2922 2528 3120 2585 οῦνεκα
3148 2528 3362 2598 μίμνειο

1988 2623 2101 2676 Καὶ
2129 2621 2292 2685 πόθεν
2317 2622 2495 2693 ἄμμιν
2524 2622 2707 2683 ἔειπες
2733 2622 3036 2694 ἀσημάντῳ
3057 2621 3149 2681 σέο
3175 2620 3350 2692 μύθῳ·

2003 2714 2097 2767 Ἐκ
2126 2712 2356 2784 χθονίων
2382 2712 2626 2785 λαγόνων
2659 2712 2961 2785 ὐψούμενος
2983 2716 3061 2777 εις
3084 2712 3243 2767 πόλον
3276 2710 3467 2776 ἐλθὼν,

2000 2804 2207 2875 ’Υμέας
2231 2806 2311 2871 είς
2343 2805 2444 2877 ἐμὲ
2468 2807 2673 2875 πάντας
2699 2806 2807 2870 άπὸ
2838 2805 3026 2877 χθονὸς
3058 2805 3220 2869 αὐτὸς
3252 2804 3486 2877 ὲρύσσω,

2002 2896 2317 2970 Ἀνθρώπου
2358 2897 2553 2962 κλυτὸς
2585 2899 2711 2962 Υἱὸς
2739 2898 2877 2969 ἐπὴν
2907 2897 3213 2969 ὐψούμενος
3241 2898 3361 2967 εἴη;

1989 2988 2122 3042 Εἰπὲ
2145 2989 2225 3056 δὲ,
2254 2991 2335 3055 τίς
2361 2990 2520 3045 πέλεν
2547 2985 2700 3055 οὗτος
2734 2991 2793 3045 ὃν
2812 2989 3079 3062 ἀγνώστῳ
3109 2990 3219 3043 τινὶ
3248 2987 3434 3060 θεσμῷ

2000 3081 2318 3154 ’Λνθρώπου
2348 3085 2509 3154 σοφὸν
2531 3080 2633 3139 Tia
2662 3088 2757 3157 τεῇ
2793 3086 3039 3157 μυθήσαο
3067 3088 3244 3162 φωνῇς

1983 3174 2053 3229 55
2094 3175 2304 3247 Ἰησοῦς
2330 3177 2373 3230 δ’
2405 3177 2521 3249 ἅμα
2556 3180 2722 3233 πᾶσιν
2751 3178 2961 3249 ἀνίαχε’
2998 3178 3159 3233 Βαιὸν
3184 3180 3242 3233 ὲν
3269 3177 3397 3248 ὑμῖν

1987 3266 2246 3322 Ἔσσεται
2272 3269 2442 3323 εἰσέτι
2478 3269 2672 3341 μοῦνον
2701 3270 2792 3323 ἐπὶ
2815 3269 3004 3341 χρόνον
3027 3269 3267 3341 αἰθέριον
3290 3267 3427 3339 φῶς.

1993 3357 2285 3422 Ἀπλανέες
2307 3360 2349 3413 δ’
2372 3360 2452 3413 ὲνὶ
2478 3361 2618 3431 φωτὶ
2646 3360 2714 3415 δι’
2752 3360 3031 3432 ἰθυπόροιο
3058 3360 3320 3415 κελεύθου

1982 3449 2231 3521 Στείχετε
2261 3450 2613 3524 θαρσήεντες,
2648 3453 2752 3518 ἕως
2781 3454 2917 3523 φάος
2947 3453 3116 3517 εἰσέτι
3141 3453 3369 3524 λάμπει,

1984 3541 2121 3613 Πρὶν
2147 3542 2349 3615 ζοφερῇ
2377 3545 2737 3616 στροφάλιγγι
2762 3547 3053 3618 κιχήμεναι
3078 3546 3251 3617 ὑμέας
3271 3546 3492 3618 ὄρφνην.

1989 3632 2085 3697 Ὃς
2114 3634 2171 3696 δὲ
2200 3635 2491 3708 διαστείχει
2531 3638 2785 3711 σφαλερῷ
2813 3639 2935 3693 ποδὶ
2967 3639 3160 3703 νυκτὸς
3188 3638 3388 3709 όδίτης.

1984 3723 2255 3789 Πλάζεται
2277 3726 2575 3796 ἀγνώσσων
2600 3729 2819 3803 σκολιὴν
2851 3730 2969 3786 ὁδὸν
3002 3729 3203 3785 ὁππόθι
3232 3729 3421 3799 βαίνει.

1980 3814 2049 3869 56
2094 3817 2254 3888 ’Ἄχρι
2277 3819 2411 3888 φάος
2435 3819 2719 3892 δέρκεσθε,
2754 3821 2904 3893 σοφῷ
2932 3821 3215 3875 πιστεύετε
3249 3821 3404 3891 μύθῳ

1980 3907 2074 3971 Είς
2103 3909 2258 3978 φάος,
2284 3909 2426 3982 όφρα
2456 3911 2699 3980 γένοισθε
2738 3915 3039 3986 φεραυγέος
3072 3915 3216 3979 υἱέες
3240 3913 3451 3982 αἴγλης.

1977 3999 2252 4072 Ζωοδότης
2272 4005 2428 4071 γόνος
2449 4005 2739 4077 ἀνθρώπου
2773 4008 2898 4063 τάδε
2924 4008 3100 4062 πάντα
3123 4007 3325 4079 βοήσας

1978 4089 2229 4157 Κεύθετ’,
2263 4094 2536 4148 Ἰουδαίων
2564 4096 2724 4168 χορὸν
2751 4098 3125 4170 ἀγκυλόμητιν
3154 4099 3339 4162 ἐάσας.

1976 4180 2043 4237 57
2070 4182 2249 4244 Τόσσα
2265 4184 2321 4239 δέ
2342 4188 2389 4240 οί
2406 4186 2683 4241 τελέσαντι
2711 4188 3028 4261 πολύτροπα
3045 4190 3311 4261 φάρμακα
3331 4187 3553 4254 νούσων,

1976 4274 2167 4330 Αὐτῶν
2195 4276 2541 4348 δερκομένων
2567 4279 2858 4346 ἀντώπιον,
2887 4283 3045 4347 ἐκτὸς
3070 4283 3293 4354 άκουῆς,

1493 4376 1777 4435 TEXTUS
1815 4382 1859 4438 Ε
1867 4383 2347 4445 νΑΝοΕιιδΤιΕ.

356 4498 429 4552 27
606 4497 638 4567 ή
668 4495 813 4591 ψυχή
848 4510 948 4590 μου
982 4493 1336 4591 τετάρακται.
1372 4494 1565 4591 κειιτὶι
1586 4495 1879 4591 εμίπωῆΙά-
1910 4505 1953 4561 D
1973 4587 1987 4591 _
2052 4504 2121 4591 δῦ
2161 4504 2354 4591 (Τοῦτο
2382 4507 2440 4561 δὲ
2466 4507 2640 4591 ἔλεγε,
2667 4511 2949 4591 σημαίνων
2984 4509 3122 4581 ποίῳ
3150 4509 3363 4587 θανάτῳ
3390 4509 3554 4580 {ipsis

286 4600 403 4655 τερ,
443 4580 615 4634 σῶσόν
656 4597 723 4651 με
756 4581 821 4633 ὲκ
856 4578 953 4649 τῆς
987 4577 1136 4651 ὥρας
1166 4577 1391 4649 ταύτης,
1425 4577 1561 4633 ἀλλὰ
1596 4580 1683 4636 διὰ
1713 4582 1871 4650 τοῦτο

284 4663 449 4738 ἦλθον
481 4666 560 4729 είς
589 4663 688 4736 τὴν
717 4661 866 4735 ὥραν
885 4662 1108 4734 ταύτην.

355 4750 425 4806 28
464 4750 667 4818 Πάτερ,
693 4747 912 4814 δόξασόν
956 4764 1048 4800 σου
1092 4746 1155 4799 τὸ
1183 4744 1374 4818 ὄνομα.
1398 4741 1602 4801 ’Ἦλθεν
1631 4742 1723 4802 οῦν
1759 4765 1871 4819 φω-

286 4836 358 4908 νὴ
407 4836 472 4889 ὲκ
525 4832 620 4889 τοῦ
659 4831 911 4904 οὐρανοῦ·
963 4831 1075 4886 Καὶ
1121 4829 1367 4896 ἐδόξασα,
1418 4832 1511 4885 καὶ
1565 4830 1727 4885 πάλιν
1784 4833 1870 4887 δο-

287 4916 455 4983 ξὰσω.

354 4999 425 5054 29
467 4998 531 5054 Ὀ,
555 4993 647 5051 οῦν
675 4997 828 5067 ὄχλος
858 4999 888 5052 6
911 4997 1085 5061 ἑστὼς
1121 4997 1216 5058 atat
1244 4996 1503 5062 ἀκούσας,
1529 4996 1681 5066 ἔλεγε
1708 4996 1866 5067 βρον-

283 5086 382 5157 τὴν
403 5081 702 5152 γεγονέναι.
734 5081 915 5142 Ἄλλοι
943 5080 1146 5150 ἔλεγονο
1177 5081 1442 5150 Ἀγγελος
1469 5080 1618 5151 αὐτῷ
1647 5080 1865 5153 λελάλη-

284 5185 402 5223 κεν.

354 5251 425 5307 30
474 5246 772 5320 Ἀπεκρίθη
804 5248 833 5300 6
873 5246 1081 5318 Ἰησοῦς
1105 5247 1199 5300 καὶ
1231 5243 1404 5302 εἶπεν·
1439 5246 1515 5302 Οὐ
1541 5246 1608 5300 δι’
1629 5246 1730 5317 ἐμὲ
1760 5247 1860 5302 αῦ-

281 5354 350 5409 τη
379 5336 412 5407 ἡ
440 5332 589 5404 φωνὴ
622 5331 865 5400 γέγονεν,
896 5330 1033 5384 ἀλλὰ
1053 5330 1119 5383 δι’
1150 5330 1314 5399 ὑμᾶς.

351 5420 414 5475 51
454 5418 568 5471 Νῦν
606 5416 787 5488 κρίσις
815 5417 931 5470 ἐστὶ
963 5414 1057 5468 τοῦ
1091 5415 1296 5486 κόσμου
1331 5414 1542 5468 τούτου·
1573 5415 1668 5473 νῦν
1710 5420 1738 5472 ὁ
1763 5418 1864 5489 ἄρ·

280 5521 389 5575 χιον
422 5501 515 5555 τοῦ
535 5502 740 5572 κόσμου
770 5501 962 5555 τούτου
1003 5499 1399 5572 ἐκϐληθήσεται
1433 5498 1557 5565 ἔξω.

349 5585 419 5645 52
457 5585 648 5654 Κάγὼ,
678 5586 774 5642 ἐὰν
809 5584 1008 5658 ὑψωθῶ
1030 5586 1096 5643 ἐκ
1128 5585 1229 5656 τῆς
1252 5584 1377 5656 γῆς,
1407 5583 1617 5647 πάντας
1646 5584 1860 5653 ἑλκύσω

281 5666 415 5738 πρὸς
441 5670 459 5719 ἐ
470 5672 694 5741 μαντον,

1973 4587 2064 4641 λεν
2087 4588 2497 4662 ἀποθνήσκειν.)

2043 4671 2113 4729 54
2165 4671 2460 4744 Ἀπεκρίθη
2496 4673 2644 4746 αὐτῷ
2672 4675 2701 4739 6
2729 4674 2903 4746 ὄχλος·
2947 4675 3136 4745 Ἡμεὶδς
3159 4674 3472 4746 ἠκούσαμεν
3489 4675 3554 4737 ἐκ

1972 4755 2066 4809 τοῦ
2099 4756 2263 4827 νόμου
2307 4758 2389 4811 ὅτι
2439 4758 2467 4810 6
2517 4759 2751 4826 Χριστὸς
2802 4758 2951 4830 μένει
2986 4761 3066 4823 είς
3102 4752 3196 4811 τὸν
3237 4757 3427 4811 αίῶνω
3458 4758 3551 4811 καὶ

1973 4837 2093 4906 πῶς
2125 4839 2191 4891 σὺ
2221 4838 2400 4909 λέγεις
2432 4839 2513 4893 ὅτι
2537 4840 2619 4906 δεῖ
2647 4840 2930 4913 ὑψωθῆναι
2953 4840 3044 4895 τὸν
3074 4841 3201 4895 Υίὸν
3228 4840 3322 4894 τοῦ
3352 4840 3553 4913 ἀνθρώ-

1973 4938 2109 4986 που;
2133 4922 2228 4987 Τίς
2259 4924 2406 4976 ἐστιν
2438 4917 2592 4989 οῦτος
2621 4926 2650 4979 6
2683 4925 2813 4989 Υἱὸς
2843 4925 2936 4980 τοῦ
2958 4924 3244 4996 ἀνθρώπου
3269 4941 3285 4990 ;

2041 5005 2113 5060 35
2149 5000 2318 5058 Εἶπεν
2343 5000 2436 5059 οῦν
2462 5007 2644 5070 αὐτοῖς
2674 5010 2702 5063 6
2742 5008 2969 5081 ἰησοῦςο
3001 5009 3120 5061 Ἔτι
3146 5006 3339 5078 μικρὸν
3362 5007 3549 5077 χρόνον

1970 5086 2031 5141 τὸ
2059 5086 2175 5157 φῶς
2202 5088 2321 5160 μεθ’
2349 5089 2502 5159 ὑμῶν
2528 5092 2667 5145 ἐστι·
2687 5094 3034 5163 περιπατεῖτε
3065 5091 3170 5155 ἕως
3201 5090 3261 5144 τὸ
3291 5089 3404 5160 φῶς
3431 5090 3547 5162 ἔχει

1968 5188 2052 5235 τε,
2080 5172 2167 5226 ἵνα
2206 5172 2280 5244 μὴ
2313 5173 2501 5227 σκοτία
2528 5175 2671 5244 ὑμᾶς
2700 5175 3002 5247 καταλάϐῃ.
3038 5176 3149 5230 Kal.
3171 5177 3199 5230 6
3229 5170 3544 5246 περιπατῶν

1970 5254 2026 5308 έν
2050 5257 2116 5327 τῇ
2149 5255 2338 5327 σκοτίᾳ
2364 5257 2465 5311 οὐκ
2489 5254 2599 5310 οῐδε
2626 5256 2728 5311 ποῦ
2759 5258 2980 5328 ὑπάγει.

2037 5338 2106 5392 ’56
2145 5340 2291 5403 Ἕως
2326 5339 2387 5393 τὸ
2423 5340 2539 5409 φῶς
2562 5339 2732 5410 ἔχετε,
2772 5341 3057 5396 πιστεύετε
3090 5342 3171 5406 είς
3205 5341 3265 5395 τὸ
3288 5340 3422 5411 φῶς,
3459 5340 3549 5405 ἵνα.

1966 5420 2075 5474 υἱοὶ
2114 5423 2291 5491 φωτὸς
2320 5423 2571 5493 γένησθε.
2604 5424 2789 5479 Ταῦτα
2823 5425 3084 5495 ἐλάλησεν
3126 5426 3155 5480 6
3191 5424 3419 5496 Ἰησοῦς,
3452 5425 3545 5479 καὶ

1963 5504 2213 5559 ἀπελθὼν
2235 5506 2440 5577 ἐκρύϐη
2472 5507 2565 5559 ἀπ’
2588 5507 2789 5563 αὐτῶν.

2033 5589 2100 5643 57
2138 5588 2385 5643 Τοσαῦτα
2413 5589 2470 5642 δὲ
2497 5590 2662 5644 αὐτοῦ
2694 5594 2895 5663 σημεῖα
2915 5593 3275 5665 πεποιηκότος
3299 5590 3540 5663 ἔμπροσο

1962 5673 2052 5728 θεν
2081 5672 2283 5741 αὐτῶν,
2313 5673 2412 5727 οὐκ
2432 5674 2716 5735 ἐπίστευον
2749 5676 2828 5741 εἰς
2864 5677 3047 5732 αὐτόν’
