3900 6216
161 349 273 407 857

156 471 345 567 φύσις
372 470 537 546 ἀνὴρ
572 473 826 567 πίστευεν
846 490 858 507 ’
898 476 970 535 38
994 478 1144 546 ὅπως
1178 485 1558 560 πληρούμενον
1590 492 1677 567 εἴη

175 561 428 628 Ἡσαΐας
457 566 638 640 τόπερ
659 562 801 635 εἷπε,
830 568 971 642 χέων
997 574 1344 648 πρωτόθροον
1370 579 1576 653 ὀμφήν·

164 655 451 749 ἐξοίρανε,
486 659 575 724 τίς
612 662 752 732 μετά
779 664 950 719 τόσσα
980 669 1077 740 τεῇ
1108 670 1403 727 πίστευσεν
1435 675 1649 749 ἀκουῇς

272 747 388 839 τίνι
416 753 775 822 παγγενέταο
800 756 936 811 Θεοῦ
960 761 1236 832 γυμνοῦτο
1266 763 1540 839 βραχίων;

164 838 238 930 :59
269 832 353 895 Οὗ
390 844 568 917 χάριν
594 846 697 901 ούκ
718 849 972 908 ἐδύναντο
987 853 1209 911 θεουδέα
1443 832 1648 930 ἀέξεινο

167 923 337 985 Ὀττι
376 935 485 988 καὶ
526 937 755 1005 Ἡσαΐας
782 942 945 997 πάλιν
968 943 1160 1001 ἔννεπε
1199 948 1413 1008 Θέσπιδι
1439 923 1614 1027 φωνῇ·

171 1025 345 1103 1“
386 1028 466 1087 40
526 1032 872 1106 Ὀφθαλμοὺς
917 1036 1164 1094 ἀλάωσεν
1203 1042 1356 1114 ἐμῶν
1408 1025 1794 1119 ἐπιμάρτυρας

1518 1138 1717 1209 ἔργων.

168 1211 285 1266 Καὶ
306 1213 441 1267 νόον
477 1215 827 1272 ίθυκέλευθον
859 1220 1097 1290 ἐθήκατο
1117 1225 1319 1295 τυφλὸν
1348 1137 1579 1302 armis:

170 1304 267 1372 Μὴ
295 1304 514 1377 κραδίῃ
545 1307 756 1375 νοέωσι,
786 1310 880 1363 καὶ
908 1311 1239 1385 ἀθρήσουσιν
1257 1318 1532 1386 ὀπωπαῖς,

170 1396 284 1448 Καί
324 1414 425 1468 μοι
456 1398 865 1472 ὑποστρέψωσι,
898 1404 1226 1472 νοοϐλαϐέας
1259 1409 1315 1464 δὲ
1342 1410 1539 1466 σαώσω

174 1488 426 1561 Ἀνδρας
458 1491 873 1564 άλιτραίνοντας
896 1497 1015 1569 ἐμῷ
1044 1501 1265 1572 παιήονι
1297 1502 1475 1575 μύθῳ,

181 1579 374 1654 Ἰητὴρ
411 1582 678 1655 ἀσίδηρος
709 1587 977 1660 ἐχέφρονα
1021 1592 1289 1663 φάρμακα
1329 1596 1574 1653 πάσσων.

170 1672 235 1725 ﬂ
295 1673 542 1739 Ἡσαΐας
562 1677 691 1731 τάδε
715 1680 895 1735 πάντα
923 1684 1236 1757 κατέγραφε
1266 1686 1478 1743 θέσπιδι
1505 1693 1678 1764 φωνῇ.

170 1764 336 1818 Ὀττι
364 1766 515 1822 Θεοῦ
551 1770 812 1843 Χριστοῖο
843 1774 1116 1848 προώριον
1154 1777 1353 1851 ἔδρακε
1386 1784 1551 1856 τιμὴν

182 1857 500 1931 Ὀφθαλμῷ
532 1864 763 1936 κραδίης
790 1868 1104 1941 πανδερκέῖ,
1141 1873 1236 1928 καὶ
1258 1874 1419 1947 χάριν
1444 1874 1610 1931 αὑτοῦ

182 1950 538 2025 Ἐσσομένην
588 1957 953 2027 προκέλευθον
976 1961 1264 2027 ἐθέσπιζεν
1298 1963 1484 2021 ἔνθεον
1512 1966 1713 2038 ὀμφήν.

170 2042 244 2096 42
288 2044 532 2125 Ἔμπης
567 2050 840 2115 άπλανέες
866 2054 1012 2118 τινὲς
1031 2056 1227 2128 ἀνέρες
1260 2055 1435 2129 ἴδμονι
1466 2062 1593 2131 σιγῇ

184 2136 360 2209 Ἀρχὴ
406 2138 709 2208 Ἰουδαίων,
737 2143 1040 2215 ὑψαύχενος
1068 2146 1293 2218 ὄμματα
1320 2148 1538 2221 βουλῆς,

170 2226 337 2286 Παιδι
366 2228 515 2287 θεοῦ
551 2231 802 2287 πείθοντο
837 2233 1143 2308 θεηγενέων
1177 2237 1338 2312 χάριν
1372 2238 1573 2311 ἔργων’

183 2318 350 2372 Ἀλλά
386 2320 561 2389 φόϐον
592 2323 686 2376 καὶ
714 2322 875 2397 ζῆλον
903 2325 1230 2391 ἀλυσκάζων
1259 2330 1572 2401 Φαρισαίων

182 2410 476 2484 ’Ᾱμφαδδν
512 2413 662 2481 οὔτις
690 2415 890 2489 ἔφηνεν
921 2419 1008 2472 ἐὸν
1032 2419 1173 2474 νόονο
1204 2421 1486 2493 αἰδομένου
1514 2423 1571 2481 δέ

185 2503 525 2577 Ἐνδόμυχος
556 2507 677 2561 τότε
717 2509 901 2574 πίστις
928 2512 1032 2565 ὑπὸ
1055 2512 1229 2585 φρένα
1254 2515 1432 2583 φωτὸς
1466 2514 1722 2584 ἑκάστου,

184 2595 510 2670 Ἀπρρῖδὴς,
544 2598 777 2671 ἀϐόητος
806 2603 1062 2657 ἐκεύθετο
1093 2606 1299 2675 φωλάδι
1336 2610 1484 2680 σιγῇ.

171 2686 242 2745 45
271 2689 394 2755 lli;
448 2692 561 2764 γὰρ
596 2693 739 2767 ἀνὴρ
798 2696 1131 2769 προϐέϐουλε
1180 2702 1562 2773 χαμαιγενέων
1617 2690 1789 2777 χάριν

1467 2791 1708 2868 [ἀνδρῶν

174 2876 245 2928 Ἢ
283 2876 533 2947 μεγάλου
566 2878 783 2950 μούνοιο
818 2880 956 2937 Θεοῦ
994 2883 1345 2955 πολυφεγγέα
1367 2887 1559 2959 τιμήν.

172 2966 243 3023 44
293 2970 513 3042 Ἰησοῦς
533 2972 577 3025 δ’
603 2972 793 3046 ἰάχησε
825 2974 1058 3041 θυώδεος
1088 2977 1261 3032 ἔνδοθι
1292 2977 1447 3050 νηοῦ’

176 3061 370 3127 Ὅστις
400 3064 556 3136 ἐμῶν
584 3066 790 3133 δέξοιτο
820 3068 1161 3142 θεοφραδέων
1188 3072 1345 3143 στίχα
1377 3072 1582 3144 μύθων’

173 3153 269 3218 Εἰς
291 3157 397 3228 ἐμέ
431 3158 709 3215 πιστεύων
735 3162 796 3214 ού
832 3162 1099 3229 πείθεται,
1128 3162 1266 3217 ἀλλά
1297 3165 1468 3237 Τοκῆῖ

177 3247 370 3313 Ὅστις
392 3250 501 3321 ἐμὲ
527 3253 789 3325 προέηκε.
819 3253 891 3309 45
923 3254 1034 3308 Kal
1062 3256 1429 3331 ἀνδρομέῃσιν
1454 3259 1707 3324 όπωπαῖς

173 3337 293 3402 Πᾶς
315 3340 340 3391 ἐ
350 3340 424 3411 μέ
456 3342 795 3409 παπταίνων,
830 3345 927 3399 κα)⁵
957 3344 1092 3417 ἐμὸν
1116 3346 1395 3419 Γενετῆρα
1417 3348 1652 3405 δοκεύει.

174 3429 246 3485 46
283 3432 597 3504 Οὑρανόθεν
635 3434 771 3503 φάος
797 3430 962 3507 ἦλθον
987 3436 1097 3506 ἐγὼ
1131 3437 1456 3510 λιποφεγγέϊ
1491 3441 1702 3513 κόσμῳ·

177 3522 495 3595 Οὑρανόθεν
522 3525 659 3595 φάος
689 3522 873 3599 ἦλθον,
905 3529 992 3583 ἵνα
1024 3529 1214 3602 βροτὸς
1240 3532 1300 3597 ὃς
1336 3549 1405 3604 με
1441 3534 1703 3607 γεραίρῃ.

177 3614 372 3670 Πίστιν
407 3616 550 3688 ἔχων
584 3618 897 3685 άτίνακτον,
931 3622 991 3676 ἐν
1028 3623 1188 3693 ἀχλύῖ
1219 3624 1431 3696 μήποτε
1471 3626 1665 3702 μίμνῃ.

176 3707 242 3760 47
284 3709 483 3772 Ὅστις
520 3709 673 3780 ἐμῶν
697 3711 902 3776 δέξοιτο
927 3712 1190 3768 θεόσσυτα
1214 3715 1466 3786 χεύματα
1497 3717 1707 3789 μύθων,

180 3800 288 3853 Καὶ
324 3802 404 3874 μὴ
447 3802 740 3874 ἀσυλήτοιο
762 3804 885 3858 νόου
912 3806 1187 3877 σφρηγῖδα
1218 3807 1463 3881 φυλάξῃ,

178 3893 249 3946 υύ
279 3896 462 3966 κρίνω
484 3896 615 3948 ποτέ
640 3894 827 3949 τοῦτον
860 3894 972 3964 ἐγὼ
1011 3896 1222 3968 βροτόν·
1259 3900 1319 3951 οὐ
1362 3899 1471 3973 γὰρ
1503 3900 1674 3957 ίκάνω

179 3986 405 4058 Κόσμον
437 3986 526 4039 ἵνα
558 3986 802 4057 κρίνοιμι
834 3987 1197 4054 πολύπλανον,
1230 3990 1369 4044 ἀλλὰ
1407 3992 1635 4049 σαῶσαι.

179 4074 245 4131 48
280 4078 387 4142 Ὃς
427 4093 495 4147 με
528 4076 957 4149 παραγράψαιτο
981 4079 1076 4132 καὶ
1099 4079 1379 4151 ἡμετέρης
1408 4079 1616 4153 θρασὺς
1640 4083 1785 4157 ἀνὴρ

150 4236 154 4239 _
182 4167 447 4239 Ἔμπνοα
474 4168 552 4241 μὴ
578 4168 795 4233 δέξαιτο
821 4168 1043 4241 βιοσσδα
1069 4171 1322 4242 χεύματα
1359 4173 1566 4244 φωνῆς’

182 4254 352 4325 Οὗτος
393 4260 509 4333 ἔχει
544 4262 805 4334 κρίνοντα
829 4263 1178 4318 δικασπόλονο
1208 4264 1483 4337 ἡμέτερος
1509 4266 1621 4340 γὰρ

385 4356 483 4410 “Ov
507 4353 685 4412 λαλέω
703 4355 883 4427 λόγος,
913 4348 1072 4423 οὗτος
1086 4354 1321 4415 ἀπειθέα
1349 4356 1540 4417 τοῦτον
1569 4359 1781 4431 ἐλέγξει

1126 360 1617 431 PABAPIIRASIS
1650 371 1720 430 IN
1757 375 2103 440 JOANNEM.
2138 413 2210 428 -
2246 387 2403 443 CAP.
2450 387 2567 445 Xll.

3388 405 3492 459 858

1823 507 1872 561 Α
1900 498 2051 556 tibus
2071 516 2254 560 coram
2278 515 2434 562 extra
2458 506 2685 576 famam,
2712 507 2910 568 Nullus
2930 511 3015 568 vir
3039 514 3270 571 credidit
3294 535 3308 585 ;
3331 516 3400 571 38
3430 516 3487 561 ιιι

1902 592 2223 664 impleretur
2267 598 2442 656 lsaias
2486 600 2635 673 quod
2691 604 2851 673 dixit,
2913 604 3171 665 fundens\
3218 611 3488 683 propheti-

1898 698 2021 739 cam
2061 700 2293 743 vocem:
2327 686 2578 759 Domine,
2612 696 2739 766 quis
2785 704 2912 767 post
2970 706 3123 755 tanta
3162 707 3256 757 tuo
3316 703 3488 758 credi-

1902 773 1985 829 dit
2034 775 2293 831 auditui?
2335 777 2429 835 Vel
2476 782 2566 837 cui
2615 785 2862 842 omnium
2932 790 3197 860 genitoris
3244 790 3341 847 Dei
3389 809 3491 847 nu-

1898 865 2087 922 datum
2131 878 2217 925 est
2255 870 2578 928 brachium?
2608 876 2679 931 39
2709 876 2939 949 Propter
2967 882 3114 951 quod
3153 897 3262 939 non
3298 894 3481 955 potue.

1897 967 2029 1014 runt
2097 961 2411 1033 religiosam
2472 964 2632 1021 ﬁdem
2683 983 2917 1040 augere;
2989 975 3128 1041 Quia
3195 983 3250 1032 et
3320 975 3490 1033 Isaias

1898 1066 2096 1110 rursus
2158 1053 2291 1110 dixit
2348 1057 2668 1127 prophetica
2712 1075 2848 1117 voce
2898 1081 2912 1117 :
2971 1065 3128 1137 145
3167 1066 3239 1121 40
3287 1066 3487 1124 Oculos

1897 1146 2199 1202 obcaecavit
2224 1164 2473 1204 meorum
2499 1159 2667 1208 testes
2701 1168 2950 1225 operum,
2983 1156 3046 1210 Et
3076 1167 3313 1215 mentem
3364 1175 3484 1216 rec~

1897 1236 2164 1309 tigradam
2215 1240 2342 1297 fecit
2377 1257 2576 1299 caecam
2628 1247 3032 1315 errabundam;
3073 1249 3153 1304 Ne
3191 1252 3356 1309 corde
3404 1255 3487 1307 in-

1896 1328 2167 1401 telligant,
2211 1343 2266 1389 et
2324 1334 2549 1391 videant
2602 1338 2799 1405 oculis,
2856 1337 2923 1393 Et
2988 1341 3055 1395 ad
3118 1358 3203 1399 me
3256 1359 3484 1400 conver-

1896 1425 2121 1486 tantur,
2183 1432 2365 1481 mente
2419 1435 2603 1482 autem
2649 1429 2812 1485 laesos
2874 1444 3091 1487 servem
3147 1428 3309 1491 Viros
3353 1450 3483 1505 pec-

1896 1519 2089 1569 cantes
2147 1529 2271 1570 meo
2316 1527 2549 1574 sananle
2606 1520 2797 1587 verbo,
2862 1521 3108 1579 Medicus
3164 1526 3285 1582 sine
3339 1526 3485 1582 ferro

1895 1606 2281 1662 convenientia
2340 1610 2742 1669 medicamenta
2805 1614 3151 1688 inspergens.
3202 1618 3265 1672 4|
3313 1620 3485 1675 Isaias

1897 1693 2014 1749 haec
2072 1698 2256 1752 omnia
2312 1701 2644 1772 conscripsit
2698 1702 2923 1761 fatidica
2976 1722 3146 1773 voce,
3199 1706 3337 1775 Quia
3389 1708 3483 1764 Dei

1895 1784 2099 1843 Christi
2127 1798 2341 1863 tempus
2363 1806 2838 1865 praeoccupantem
2867 1798 3005 1853 vidit
3029 1798 3284 1869 gloriam,
3311 1800 3483 1856 Oculo

1817 1870 1865 1931 Β
1891 1877 2076 1933 cordis
2092 1879 2277 1934 omnia
2294 1880 2533 1951 vidente,
2561 1894 2613 1940 et
2629 1896 2851 1957 propter
2868 1886 3045 1958 ipsum
3062 1887 3322 1945 Futuram
3342 1907 3483 1962 pra:-

1889 1979 2202 2027 curreutem
2220 1973 2551 2031 vaticinatus
2577 1986 2662 2033 est
2697 1978 2937 2035 divinam
2960 1996 3171 2036 vocem.
3191 1981 3261 2035 42
3276 1981 3479 2038 Tamen

1889 2058 2036 2114 ﬁrmi
2091 2062 2320 2131 quidam
2350 2064 2455 2119 viri
2492 2065 2694 2123 scienti
2742 2068 2963 2123 silentio
2995 2067 3342 2140 Principatus
3385 2067 3481 2124 Ju-

1888 2149 2161 2221 dmorum,
2207 2155 2433 2226 superbi
2467 2158 2613 2213 oculi
2653 2159 2896 2223 consilii,
2930 2157 3071 2214 Filio
3106 2159 3199 2215 Dei
3233 2159 3481 2215 credide-

1886 2253 2020 2299 runt
2071 2245 2259 2302 divina
2308 2258 2534 2321 propter
2581 2265 2787 2323 Opera;
2830 2251 2936 2307 Sed
2984 2262 3188 2307 metum
3222 2261 3276 2307 et
3303 2253 3479 2307 zelum

1888 2338 2075 2395 vitans
2122 2338 2555 2409 Pharisaeorum,
2609 2345 2812 2414 Aperte
2866 2344 3055 2399 nullus
3111 2342 3482 2399 manifestavit

1886 2445 2045 2487 mm
2081 2441 2360 2502 mentem;
2397 2436 2703 2491 reverentis
2733 2442 2915 2490 autem
2948 2436 3102 2490 Intus
3140 2435 3314 2489 latens
3350 2443 3481 2489 tunc

1887 2524 2024 2580 ﬁdes
2073 2524 2179 2580 sub
2234 2525 2556 2597 praeordiis
2626 2526 2731 2581 viri
2792 2525 3089 2596 cujuslibet
3152 2524 3476 2596 lmprovisa.

1886 2616 2056 2672 tacita
2083 2617 2466 2676 occultabatur
2490 2618 2713 2677 condito
2743 2619 2986 2676 silentio.
3015 2618 3085 2675 4'5
3110 2617 3303 2675 Omnis
3332 2618 3478 2672 enim
3552 2669 3557 2679 ,

1880 2713 1965 2770 vir
2015 2714 2345 2785 praeoptavit
2406 2715 2873 2786 liumigenitorum
2928 2715 3161 2787 gratiam
3214 2715 3476 2776 virorum.

1883 2810 2058 2877 Quam
2114 2812 2298 2882 magni
2335 2812 2510 2867 solius
2543 2810 2641 2869 Dei
2674 2814 2904 2867 multum
2948 2811 3323 2882 splendentem
3379 2810 3497 2871 ho-V

1879 2921 2094 2964 norem.
2139 2906 2211 2963 44
2243 2905 2405 2964 .lesus
2440 2917 2622 2964 autem
2662 2909 2847 2965 sonuit
2883 2908 3115 2962 odorato
3143 2911 3200 2962 in
3232 2907 3433 2981 templo
3461 2924 3475 2965 :

1880 3002 1986 3071 Qui
2051 3018 2303 3060 meorum
2371 3005 2645 3077 receperit
2713 3004 3183 3077 diviniloquorum
3247 3002 3473 3059 ordines

1880 3100 2199 3167 verborum,
2232 3101 2290 3157 lu
2324 3118 2412 3158 me
2442 3102 2677 3158 credens
2718 3116 2828 3156 non
2880 3102 3129 3168 conlidit,
3182 3100 3277 3155 sed
3324 3098 3473 3154 Patri

1802 3211 1850 3275 ο
1882 3198 1989 3266 Qui
2018 3215 2104 3257 me
2132 3200 2419 3271 praemisit.
2455 3199 2527 3254 45
2561 3198 2627 3257 Et
2661 3198 2922 3257 humanis
2954 3197 3131 3251 oculis
3170 3194 3361 3251 Omnis
3389 3211 3475 3253 nte

1874 3296 2090 3362 videns,
2120 3304 2175 3352 et
2204 3312 2381 3355 meum
2415 3295 2633 3354 Patrem
2663 3296 2831 3350 videt.
2863 3294 2933 3348 46
2959 3293 3191 3351 Coelitus
3232 3292 3322 3346 lux
3350 3294 3473 3349 veni

1875 3408 1978 3466 ego
2011 3393 2316 3464 caliginoso
2363 3392 2593 3459 mundo,
2638 3390 2873 3448 Ccclitus
2916 3391 3004 3446 lux
3040 3389 3186 3454 veni,
3218 3400 3276 3443 ut
3312 3388 3474 3443 homo

1876 3492 1970 3563 qui
2013 3505 2100 3545 me
2143 3489 2522 3560 honoraverit,
2572 3487 2760 3545 Fidem
2812 3488 3023 3543 habens
3071 3486 3377 3550 immotam,
3419 3484 3472 3538 in

1875 3587 2109 3660 caligine
2153 3601 2436 3659 nunquam
2471 3593 2714 3641 maneat.
2760 3584 2832 3639 47
2866 3583 3193 3653 Quicunque
3222 3595 3471 3636 meorum

1876 3683 2181 3756 susceperit
2225 3699 2255 3739 a
2299 3682 2411 3739 Deo
2463 3684 2731 3755 impulsos
2782 3683 2962 3738 ﬂuxus
3017 3694 3356 3742 sermonum,
3409 3676 3473 3731 Et

1877 3780 2152 3836 inviolata:
2201 3782 2404 3836 mentis
2452 3780 2691 3852 sigillum
2743 3777 3068 3843 servaverit,
3117 3776 3232 3833 Non
3281 3774 3473 3845 judico

1878 3893 2123 3949 unquam
2152 3877 2300 3932 hunc
2330 3891 2431 3948 ego
2458 3877 2772 3944 hominem;
2807 3891 2917 3931 non
2954 3874 3101 3929 enim
3132 3873 3297 3927 venio
3324 3870 3473 3926 Mun-

1878 3973 2008 4029 dum
2054 3982 2118 4028 ut
2161 3975 2403 4045 iudicem
2450 3975 2682 4029 multum
2733 3984 3033 4037 errantem,
3086 3971 3183 4028 sed
3225 3986 3469 4028 servare.

1881 4070 1954 4126 48
1983 4070 2088 4136 Qui
2140 4086 2228 4126 me
2282 4070 2559 4141 reiecerit,
2609 4077 2665 4125 et
2712 4077 2920 4124 nostrae
2967 4069 3148 4123 audax
3184 4068 3268 4121 vir
3296 4066 3466 4122 Vivos

1880 4181 1990 4221 non
2036 4167 2305 4237 receperit
2356 4167 2527 4221 vitam
2581 4173 2869 4222 servantes
2916 4164 3096 4221 ﬂuxus
3146 4162 3315 4228 vocis,
3370 4162 3471 4218 llic

1878 4260 2046 4321 habet
2100 4264 2440 4335 iudicantem
2493 4264 2781 4336 iudicem;
2856 4272 3048 4322 noster
3103 4264 3248 4320 enim
3310 4264 3469 4336 147

1880 4361 2054 4429 Quem
2098 4362 2297 4434 loquor
2343 4377 2550 4429 sermo,
2582 4363 2673 4420 hic
2703 4362 3050 4421 incredulum
3088 4363 3235 4418 hunc
3279 4361 3469 4418 redar-

1388 4558 1676 4618 TEXTUS
1715 4559 2251 4621 EVANGELISTE.

252 4746 322 4835 ὄρ
359 4746 479 4801 Ἷνα
575 4745 734 4835 λόγος
774 4746 1001 4835 ᾝσαΐου
1036 4749 1133 4806 τοῦ
1164 4752 1447 4824 προφήτου
1484 4753 1771 4828 πληρωθῇ,
1805 4763 1854 4824 ι)
1948 4755 2021 4810 45
2071 4746 2396 4829 Ἦγάπησαν
2423 4756 2530 4831 γὰρ
2557 4758 2659 4832 τὴν
2686 4757 2844 4826 δόξαν
2868 4757 2976 4814 τῶν
3000 4758 3302 4833 ἀνθρώπων
3326 4762 3463 4835 μᾶλ-

184 4829 242 4886 δν
268 4828 411 4893 εἷπε-
447 4829 643 4903 Κύριε,
677 4832 762 4895 τίς
797 4832 1085 4890 ἐπίστευσε
1125 4837 1193 4909 τῇ
1221 4836 1360 4909 ἀκοῇ
1393 4837 1572 4910 ήμῶν,
1612 4839 1708 4894 καὶ
1742 4840 1773 4893 ό

189 4912 428 4985 βραχίων
451 4912 660 4985 Κυρίου
692 4915 800 4969 τίνι
826 4915 1223 4993 ἀπεκαλύφθης

255 4999 323 5054 39
360 4996 459 5051 Διά
482 4996 642 5053 τοῦτο
668 4997 769 5052 οὐκ
794 4998 1058 5071 ἠδύναντο
1081 5000 1375 5072 πιστεύειν,
1401 5003 1485 5058 ὅτι
1510 5003 1674 5062 πάλιν
1695 5000 1773 5059 εἴ.

190 5097 287 5137 πεν
330 5082 577 5145 Ἡσαΐας·

256 5165 324 5222 40
362 5164 721 5235 Τετύφλωκεν
742 5164 921 5220 αὐτῶν
943 5165 1071 5231 τοὺς
1100 5167 1433 5243 ὀφθαλμοὺς,
1458 5170 1554 5225 καὶ
1583 5171 1770 5225 πεπώ-

194 5263 365 5327 ρωκεν
394 5248 575 5303 αὐτῶν
610 5247 712 5321 τὴν
742 5248 989 5320 καρδίαν·
1022 5249 1110 5303 ίνα
1142 5251 1217 5325 μὴ
1249 5252 1399 5306 ῐδωσι
1426 5255 1540 5316 τοῖς
1566 5253 1769 5324 ὀφθαλ-

195 5334 329 5410 μοῖς,
371 5333 467 5387 καὶ
502 5332 739 5405 νοήσωσι
771 5335 839 5405 τῇ
873 5331 1091 5405 καρδίᾳ,
1121 5334 1216 5388 καὶ
1242 5334 1640 5407 ἐπιστραφῶσι,
1674 5336 1772 5390 καὶ

196 5412 429 5487 ίάσωμαι
456 5414 676 5480 αὐτούς.

257 5498 317 5552 41
363 5499 549 5554 Ταῦτα
585 5496 737 5554 εἶπεν
779 5498 1008 5564 Ἡσαΐας
1034 5499 1124 5554 ὅτε
1152 5494 1260 5554 εἶδε
1291 5501 1393 5573 τήν
1418 5501 1575 5568 δόξαν
1604 5502 1769 5558 αὐτοῦ

193 5581 283 5636 καὶ
310 5583 541 5655 ἐλάλησε
561 5582 693 5657 mpl.
720 5583 908 5639 αὑτοῦ.

257 5665 324 5719 42
368 5667 561 5737 Ὀμως
609 5668 707 5739 μέν
720 5685 792 5721 τοι
845 5668 941 5724 καὶ
991 5670 1057 5724 ἐκ
1112 5670 1222 5725 τῶν
1274 5669 1552 5741 ἀρχόντων
1584 5669 1770 5726 πολλοὶ

195 5746 513 5807 ἐπίστευσαν
566 5753 647 5814 εἰς
698 5752 879 5807 αὐτόν’
916 5753 1052 5809 αλλὰ
1112 5753 1202 5808 διὰ
1264 5755 1391 5819 τοὺς
1442 5756 1766 5827 Φαρισαίους

194 5828 288 5904 οὐχ
307 5832 639 5910 ὡμολόγουν,
670 5834 757 5892 ἵνα
791 5836 865 5909 μὴ
892 5839 1304 5911 ἀποσυνάγωγοι
1336 5838 1619 5911 γένωνται·

1878 4835 1970 4892 λον
1998 4838 2144 4910 ἦπερ
2176 4839 2276 4910 τὴν
2304 4839 2464 4907 δόξαν
2490 4840 2585 4895 τοῦ
2614 4840 2772 4898 Θεοῦ.

1946 4920 2018 4974 44
2068 4920 2279 4992 Ἰησοῦς
2324 4923 2383 4977 δέ
2424 4922 2623 4997 ἐκραξε
2662 4926 2758 4980 καὶ
2785 4919 2959 4980 εἶπεν·
2999 4926 3057 4981 '0
3083 4928 3355 4982 πιστεύων
3380 4929 3463 4995 είς

1874 5005 2001 5076 ἐμὲ,
2048 5006 2110 5059 ού
2156 5006 2404 5061 πιστεύει
2453 5010 2535 5073 είς
2578 5009 2702 5080 ἐμὲ,
2747 5006 2864 5064 ἀλλ’
2905 5012 2987 5075 είς
3030 5010 3122 5064 τὸν
3168 5011 3464 5085 πέμψαντά

1944 5172 2016 5228 45
2051 5174 2164 5228 Kal
2192 5175 2221 5228 ό
2247 5174 2467 5252 θεωρῶν
2488 5178 2609 5249 ἐμὲ,
2640 5177 2839 5251 θεωρεῖ
2853 5177 2946 5234 τὸν
2973 5178 3268 5251 πέμψαντά
3296 5199 3386 5253 με.

1942 5256 2013 5312 46
2064 5257 2206 5327 Ἐγὼ
2244 5258 2361 5328 φῶς
2400 5262 2484 5326 είς
2514 5263 2606 5318 τὸν
2630 5262 2835 5335 κόσμον
2862 5263 3119 5336 ἐλήλυθα,
3164 5265 3251 5319 ἵνα
3284 5267 3393 5329 πᾶς
3427 5264 3459 5318 δ

1871 5340 2144 5397 πιστεύων
2166 5344 2245 5409 εἰς
2265 5344 2366 5415 ἐμὲ
2388 5346 2446 5400 ἐν
2464 5348 2532 5420 τῇ
2569 5347 2759 5421 σκοτίᾳ
2782 5347 2857 5422 μὴ
2887 5349 3067 5423 μείνῃ.

1940 5424 2008 5478 47
2048 5425 2160 5479 Kal.
2187 5426 2282 5480 ἐάν
2323 5443 2406 5492 τις
2448 5446 2550 5500 μου
2583 5430 2791 5507 ἀκούσῃ
2828 5432 2935 5486 τῶν
2959 5433 3219 5503 ῥημάτων
3256 5433 3347 5486 xal.
3377 5429 3454 5501 μὴ

1871 5508 2159 5582 πιστεύσῃ,
2209 5508 2321 5579 ἐγὼ
2364 5511 2426 5564 οὐ
2461 5512 2632 5583 κρίνω
2675 5514 2858 5570 αὐτόν.
2901 5516 2976 5569 Οὐ
3010 5514 3118 5585 γὰρ
3162 5510 3323 5584 ἦλθον
3365 5514 3453 5566 ἵνα

1870 5591 2042 5663 κρίνω
2066 5591 2158 5646 τὸν
2188 5593 2412 5665 κόσμον,
2446 5596 2561 5650 ἀλλ’
2589 5597 2678 5653 tva
2708 5597 2867 5650 σώσω
2887 5598 2979 5650 τὸν
2999 5597 3223 5667 κόσμον.

1940 5673 2011 5730 48
2061 5675 2119 5729 ὐ
2149 5675 2357 5733 ἀθετῶν
2400 5679 2501 5751 ἐμὲ
2542 5680 2637 5734 καὶ
2678 5681 2752 5750 μή
2796 5679 3090 5750 λαμϐάνων
3128 5679 3195 5732 τὰ
3230 5678 3451 5750 ῥήματα

1875 5776 2000 5829 μου,
2039 5759 2153 5831 ἔχει
2202 5762 2293 5817 τὸν
2334 5764 2585 5836 κρίνοντα
2626 5761 2809 5815 αὐτόν·
2844 5763 2873 5813 ὁ
2909 5762 3065 5828 λόγος
3102 5763 3161 5817 ὃν
3189 5760 3447 5835 ἐλάλησα,

1872 5843 2076 5910 ἐκεῖνος
2103 5849 2278 5918 κρινεί
2306 5847 2467 5903 αὑτὸν
2492 5849 2549 5901 ἐν
2576 5848 2640 5917 τῇ
2676 5844 2878 5919 ἐσχάτῃ
2914 5845 3114 5919 ἡμέρᾳ·
