3900 6216
138 378 235 432 861

148 491 442 564 Ἐζομὲνῳ
481 494 684 565 Σίμωνι
724 496 987 569 θεηγόρος
1016 493 1173 553 εἶπεν
1223 498 1468 572 Ἰησοῦς·

144 584 212 635 Ἀ
224 599 310 654 ρτι
350 585 457 654 μὲν
487 584 560 648 ὡς
589 586 758 641 τελέω
787 587 1117 661 δρηστὴριον
1141 590 1303 663 ἔργον
1338 591 1581 659 ὑφαίνων
1599 631 1615 659 ,

141 676 217 727 Οὑ
246 673 488 729 δύνασαι
515 677 707 742 νοέειν,
745 679 1041 748 μετέπειτα
1065 680 1121 732 δὲ
1157 682 1313 735 τοῦτο
1335 683 1570 753 νοήσεις.

130 767 174 818 8
204 766 318 817 Καί
351 768 403 818 οί
440 766 650 838 Πέτρος
680 768 850 835 ἔλεξε,
879 770 1023 840 χέων
1058 772 1243 846 ἡδεῖαν
1271 774 1533 845 ἀπειλήν·

144 858 218 912 Οὔ
231 875 360 912 ποτε
400 859 762 931 φαιδρύνειας
794 864 964 933 ἐμοὺς
1000 866 1189 929 πόδας,
1216 867 1296 930 εἰς
1318 868 1444 919 ὅσον
1473 866 1636 938 ἕρπει

142 950 289 1004 Λίὼν
324 951 743 1015 πουλυέλικτος.
780 955 951 1022 Ἀναξ
981 956 1026 1008 δ’
1062 955 1323 1025 ἠμείϐετο
1356 957 1543 1029 μύθῳ·

145 1041 218 1095 Οὑ
230 1041 361 1095 ποτέ
395 1060 482 1096 σοι
513 1044 632 1115 μετ’
660 1047 815 1116 ἐμεῖο
846 1046 1014 1118 μέρος
1042 1048 1468 1120 πεφυλαγμένον
1493 1049 1669 1114 ἔσται,

146 1134 208 1185 Εἰ
245 1134 322 1204 μὴ
356 1128 476 1202 ἐγὼ
509 1134 648 1205 νίψω
680 1153 762 1200 σε,
804 1137 945 1209 χέων
982 1141 1342 1212 μεταχείριον
1376 1140 1544 1213 ὕδωρ.

148 1227 180 1280 9
206 1225 315 1279 Καί
344 1228 396 1279 οἱ
435 1226 609 1297 μῦθον
646 1228 796 1294 ἔλεξε
827 1229 935 1300 νόῳ
968 1230 1261 1302 πειθήμονι
1296 1231 1483 1303 Σίμων
1503 1248 1515 1261 ·

146 1316 254 1369 Ναὶ
287 1317 545 1389 λίτομαι,
580 1320 656 1390 μὴ
692 1319 890 1391 μοῦνον
922 1322 1089 1391 ἐμοὺς
1123 1323 1315 1386 πόδας,
1346 1322 1669 1394 ἀμφοτέρας
1703 1322 1759 1376 δὲ

147 1406 341 1476 NII/0v,
380 1407 579 1473 Ἀναξ,
612 1409 708 1462 καὶ
729 1412 920 1481 χεῖρας
942 1409 1103 1480 ἐμὰς,
1137 1409 1233 1462 καὶ
1265 1410 1509 1464 κυκλάδα
1531 1410 1753 1481 κόρσην·

147 1501 255 1553 Ναὶ
269 1500 460 1566 πάλιν,
476 1501 545 1571 ἢν
565 1502 779 1574 ἐθέλῃς,
796 1502 892 1556 καὶ
912 1502 1032 1556 ὅλον
1048 1501 1102 1555 δέ
1111 1504 1312 1570 μας.10
1331 1499 1497 1557 Εἶπεν
1526 1501 1754 1575 Ἰησοῦς·

148 1594 225 1647 Οὑ
254 1593 445 1663 χατέει
475 1596 695 1665 νεαροῖο
725 1594 1052 1666 λελουμένος
1085 1593 1276 1660 ὓδατος
1309 1596 1470 1667 ἀνὴρ,

153 1687 216 1738 Ei
252 1686 329 1757 μὴ
367 1686 549 1758 μοῦνα
582 1686 806 1742 πόδεσσι
835 1687 1109 1757 καθάρσια
1132 1688 1333 1759 νίπτρα
1360 1688 1586 1759 πορείης

148 1777 432 1851 Εἱνοδίης·
472 1782 713 1853 καθαρὸν
746 1780 857 1854 γὰρ
890 1782 1011 1836 ὅλον
1042 1780 1234 1854 δέμας.
1287 1782 1618 1854 Ἀνδρομέης
1659 1782 1717 1836 δὲ

1055 383 1549 442 PARAPHIIASIS
1590 385 1658 441 IN
1696 385 2039 445 JOANNEIII.
2079 422 2147 434 ο-
2186 393 2339 449 CAP.
2375 392 2513 451 .\'III.

3341 393 3449 452 862

1785 507 1833 567 Α
1861 504 2232 574 diviniloquus
2279 509 2420 565 dixit
2465 508 2666 565 Iesus:
2698 505 2816 562 1am
2852 506 3072 579 quidem
3100 508 3246 578 quod
3280 513 3445 579 perii-

1864 602 1950 656 cio
2010 604 2212 657 servile
2260 620 2399 675 opus
2452 614 2680 671 texens,
2732 602 2854 659 Non
2908 612 3065 674 potes
3120 604 3445 677 intelligere,

1858 697 2118 767 deinceps
2170 711 2352 754 autem
2393 701 2497 754 hoc
2546 702 2707 755 scies.
2747 699 2781 754 8
2813 698 2877 753 Et
2929 698 2981 753 ei
3037 699 3233 757 Petrus
3286 702 3444 769 dixit,

1861 794 2097 850 fundens
2132 810 2330 852 suaves
2364 797 2541 850 minas
2568 816 2582 851 :
2614 796 2908 864 Nunquam
2937 798 3268 868 expurgabis
3297 814 3448 855 meos

1861 893 2051 964 pedes,
2091 893 2269 948 donec
2315 894 2458 964 repit
2501 894 2701 948 IEvum
2745 896 2975 949 multum
3016 897 3288 951 volutum.
3331 895 3449 953 Rex

1859 995 2042 1042 autem
2090 990 2381 1058 respondit
2425 1004 2718 1045 sermone:
2749 989 3039 1060 Nunquam
3088 992 3185 1047 tibi
3233 1008 3447 1048 mecum

1864 1099 1993 1155 pars
2022 1084 2305 1139 custodita
2338 1083 2463 1146 erit,
2499 1082 2614 1139 Nisi
2643 1098 2742 1153 ego
2777 1085 2949 1139 lavem
2983 1096 3053 1152 te,
3090 1086 3325 1145 fundens
3353 1090 3451 1145 ad-

1862 1178 2318 1235 ministratoriam
2344 1195 2566 1250 aquam.
2600 1178 2633 1234 9
2664 1178 2729 1233 Et
2759 1180 2809 1235 ei
2832 1181 3062 1236 verbum
3094 1182 3234 1239 dixit
3266 1192 3451 1240 mente

1861 1276 2086 1330 credula
2122 1274 2344 1331 Simon:
2366 1276 2464 1343 Ita,
2493 1290 2711 1348 precor,
2740 1291 2851 1332 non
2878 1277 3055 1332 solum
3081 1294 3233 1336 meos
3263 1280 3448 1350 pedes,

1866 1382 2128 1445 utrasque
2155 1388 2344 1429 verum
2368 1371 2536 1440 Lava,
2572 1372 2708 1441 Rex,
2744 1383 2797 1429 et
2832 1388 3028 1430 manus
3055 1390 3227 1441 meas,
3259 1385 3313 1431 et
3342 1378 3450 1432 cir-

1860 1470 2047 1523 culare
2083 1477 2268 1539 caput,
2308 1468 2368 1524 Et
2409 1482 2629 1539 rursus,
2666 1470 2712 1526 si
2742 1470 3006 1537 volueris,
3037 1482 3087 1528 et
3124 1479 3295 1527 totum
3326 1488 3452 1528 cor-

1860 1583 1982 1637 pus.
2012 1564 2079 1619 10
2098 1564 2446 1622 DixitJesus:
2475 1564 2593 1621 Non
2616 1567 2823 1639 indiget
2840 1581 2980 1623 nova
3006 1569 3151 1625 lotus
3179 1582 3319 1639 aqua
3348 1569 3451 1635 vir,

1857 1662 1975 1719 Nisi
1997 1664 2174 1720 solum
2206 1664 2439 1734 pedibus
2458 1680 2597 1735 puro
2634 1666 2852 1721 lavacro
2884 1683 2983 1737 pro
3006 1667 3202 1722 itinere
3231 1667 3455 1739 Compi-

1862 1762 1988 1831 tali;
2045 1779 2243 1833 purum
2290 1763 2437 1817 enim
2488 1770 2664 1816 totum
2710 1778 2942 1834 corpus;
2998 1763 3224 1819 humani
3270 1773 3451 1822 autem

153 1849 435 1941 Ἀμμοροι
475 1849 800 1945 ἀμπλακίης
824 1849 1059 1945 καθαροὶ
1088 1849 1207 1926 νόον
1243 1873 1365 1926 ἐστὲ
1532 1849 1714 1926 αὑτοί·

1868 1863 2130 1932 Expertes
2161 1861 2350 1926 errati,
2384 1856 2507 1931 puri
2541 1868 2723 1916 mente
2752 1862 2887 1916 estis
2917 1870 2970 1915 et
3002 1860 3141 1933 ipsi;
3187 1860 3294 1918 Sed
3341 1878 3451 1917 non

162 1961 299 2014 Ἀλλ’
331 1961 529 2027 οὑπως
559 1964 676 2035 ἅμα
707 1965 929 2028 πάντες.
956 1964 1016 2017 11
1068 1965 1220 2018 Ἐπεὶ
1250 1963 1423 2035 πάρος
1454 1964 1570 2035 ἧῖδε
1597 1963 1752 2036 θυμῷ

152 2053 246 2114 Τίς
277 2070 373 2123 μιν
408 2054 555 2127 ἀνὴρ
594 2054 834 2125 ἤμελλεν
873 2056 1145 2118 Ἰουδαίοις
1171 2054 1513 2127 παραδώσειν

159 2145 339 2197 Ὠνιον
381 2145 710 2200 ἀντιϐίοισι·
741 2145 827 2209 τίς
865 2144 1109 2219 ἔμπορος
1137 2141 1235 2217 ἦεν
1271 2144 1515 2218 ὀλέθρου.

153 2230 225 2289 Οὒ
263 2237 427 2307 χάριν
458 2236 799 2308 ἀγχιθέοισιν
832 2238 1003 2305 ’Λναξ
1037 2240 1270 2312 ἀγόρευε
1300 2238 1571 2309 μαθηταῖς
1590 2254 1603 2267 ·

156 2328 444 2400 Ἀμμορον
480 2329 802 2400 ἀμπλακίης
830 2330 1071 2402 καθαρὸν
1102 2332 1223 2385 νόον
1249 2332 1364 2385 ῖστε
1389 2331 1485 2384 καὶ
1513 2328 1689 2395 αὐτοὶ,

165 2418 300 2471 Ἀλλ’
331 2418 524 2484 οὔπως
552 2421 669 2493 ἅμα
703 2422 927 2485 πάντες.
962 2422 1029 2475 12
1059 2422 1466 2494 Ὑποδρηστῆρι
1489 2422 1544 2475 δὲ
1565 2419 1753 2493 θεσμῷ

165 2514 405 2567 Ὀππότε
438 2514 785 2587 δαιτυμόνων
818 2516 1144 2570 δυοκαίδεκα
1174 2516 1375 2570 κύκλον
1409 2514 1675 2586 ἀμείὸων,

153 2602 322 2673 Nini/sv
352 2604 463 2658 ὲῶν
497 2605 708 2677 ἑτάρων
742 2606 924 2669 ὁσίους
952 2605 1119 2669 πόδας
1149 2606 1312 2675 ἁγνὸς
1359 2603 1565 2675 Ἰησοῦς

154 2694 549 2765 Κεκλιμένους,
582 2696 909 2768 παλίνορσος
938 2697 1062 2760 ἑοὺς
1090 2696 1273 2750 ἔνδυνε
1301 2695 1567 2766 χιτῶνας·

157 2787 261 2838 Καὶ
292 2786 562 2860 παλάμης
587 2788 813 2857 ἀγκῶνα
849 2788 1223 2860 παλινδίνητον
1252 2789 1471 2859 ἐρείσας

162 2879 315 2950 150
337 2882 670 2951 Ἀκρότατον
696 2885 822 2955 περὶ
838 2884 1037 2939 κύκλον
1052 2885 1412 2957 ὁμοστόργοιο
1436 2880 1713 2956 τραπέζης
1735 2922 1748 2946 ,

158 2968 320 3026 Εἶπεν
350 2966 466 3037 ἑοῖς
492 2974 736 3046 ἑτάροις·
772 2976 1078 3030 Γινώσκετε
1109 2976 1272 3030 τοῦτο
1292 2977 1389 3030 καὶ
1419 2977 1574 3029 αὐτοὶ
1732 2992 1735 2995 ‘

170 3064 323 3135 Ὑμῖν
348 3062 467 3119 οἷον
498 3065 681 3136 ἔρεξα,
712 3067 1001 3139 διάκτορον
1036 3068 1196 3139 ἔργον
1222 3068 1496 3139 ὑφαίνων;

160 3156 224 3210 15
267 3157 466 3227 Ὑμεῖς
497 3160 758 3230 διχθαδίῳ
793 3178 861 3231 με
896 3161 1046 3232 σοφῷ
1078 3161 1406 3232 κικλήσκετε
1444 3160 1600 3231 μύθῳ

160 3248 459 3319 Κοίρανον,
491 3252 700 3322 ὑμείων
728 3269 789 3305 τε
817 3252 1139 3307 διδάσκαλον
1159 3270 1172 3282 ·
1215 3253 1484 3318 ἀπλανέες
1516 3253 1573 3306 δὲ

159 3337 327 3392 Τοῦτο
355 3340 545 3406 καλῶς
579 3342 882 3413 φθέγγεσθε
923 3344 1225 3415 δαήμονες·
1257 3345 1376 3415 είμὶ
1406 3344 1517 3415 γὰρ
1558 3345 1719 3416 ἄμφω

173 3429 255 3494 Ὧς
283 3433 383 3503 ἐμὲ
425 3434 743 3505 μυθίζεσθε.
775 3435 843 3490 14
871 3436 1216 3509 Φιλοστόργῳ
1244 3437 1303 3490 δὲ
1325 3440 1543 3507 μενοινῇ

161 3522 221 3574 Ei
249 3524 425 3589 πόδας
456 3526 661 3597 ὑμείων
697 3526 923 3599 καθαρῷ
953 3529 1222 3600 φαίδρυνα
1245 3528 1471 3599 λοετρῷ,

172 3617 418 3692 Ἡγητὴρ
452 3620 547 3674 καὶ
584 3619 719 3689 ἄναξ
749 3622 1083 3694 περιδέξιος·
1122 3622 1263 3676 ἀλλὰ
1291 3623 1386 3675 καὶ
1412 3622 1618 3687 αὑτοὺς

175 3705 493 3762 Ἀντίτυπον
522 3709 681 3781 θέμις
719 3712 868 3765 ἐστὶν
895 3713 1028 3782 ἐμὸν
1069 3712 1298 3783 μίμημα
1332 3711 1602 3783 μαθόντας

174 3797 393 3870 ’Υμέας,
434 3801 681 3873 ἀλλήλων
712 3803 923 3873 φιλίους
944 3804 1110 3867 πόδας
1150 3802 1306 3856 ὕδατι
1337 3804 1566 3859 νίπτειν.

166 3888 227 3941 I5
242 3892 461 3960 Δεῖγμα
477 3891 585 3962 γὰρ
600 3890 791 3944 ἔπλετο
807 3892 964 3945 τοῦτο
976 3892 1318 3959 διδάσκαλον,
1332 3893 1477 3964 ὄφρα
1492 3894 1584 3946 καὶ
1602 3894 1757 3965 ὑμεῖς

170 3980 365 4052 Ἔργον
393 3983 533 4051 ὅπερ
561 3981 763 4053 ποίησα
794 3983 958 4052 σοφὸν
991 3982 1250 4054 τελέσητε
1284 3983 1380 4035 καὶ
1411 3984 1566 4037 αὑ·τοί⁹

167 4070 368 4137 Πάντες
402 4075 461 4125 ἐν
488 4072 796 4143 ἀλλήλοισιν
825 4072 1098 4144 ἀμοιϐαίῳ
1126 4075 1234 4127 τινὶ
1267 4060 1479 4143 θεσρῩῷ·

180 4159 421 4232 ἰσοφυὲς
444 4164 677 4235 μίμημα
709 4164 981 4236 δαήμονος
1015 4164 1345 4236 ήγεμονῆος.

171 4252 233 4307 16
260 4256 335 4308 Οὐ
362 4255 495 4308 πέλε
515 4256 705 4327 λάτρις
725 4257 959 4321 ἄνακτος
977 4258 1275 4330 ὑπέρτερος
1298 4273 1313 4287 ·
1349 4255 1469 4310 οὐδέ
1502 4272 1587 4319 τις
1619 4256 1759 4329 ἀνὴρ

180 4342 472 4415 Ἤγεμόνος
522 4346 843 4418 πέμψαντος
881 4346 1182 4411 ἀπόστολός
1212 4348 1361 4403 ἔστιν
1391 4348 1614 4420 ἀρείων.

175 4433 235 4486 17
262 4437 323 4489 Εἰ
347 4438 405 4491 δὲ
432 4439 575 4509 λόγῳ
602 4441 731 4495 τάδε
764 4440 945 4495 πάντα
977 4442 1230 4512 νοήσατε,
1267 4440 1362 4494 καὶ
1391 4440 1511 4504 νόος
1541 4440 1688 4512 ἔργῳ

1856 1960 2022 2017 simul
2056 1972 2270 2014 omnes.
2320 1959 2379 2012 II
2431 1957 2569 2025 Quia
2625 1967 2785 2011 antea
2840 1957 3051 2013 sciebat
3094 1957 3278 2013 animo
3315 1956 3450 2024 Quis

1856 2056 2009 2112 illum
2048 2056 2131 2110 vir
2164 2061 2311 2110 esset
2349 2052 2553 2109 Judaeis
2588 2054 2906 2124 proditurus
2959 2053 3213 2109 Venalem
3260 2054 3439 2109 hosti-

1854 2151 1999 2222 bus;
2059 2152 2185 2223 quis
2239 2135 2553 2222 negotiator
2600 2156 2746 2205 esset
2787 2148 2965 2205 exitii.
3016 2148 3248 2220 Propter
3293 2151 3442 2220 quod

1855 2251 1969 2306 Deo
2023 2248 2348 2320 propinquis
2395 2247 2514 2302 Rex
2573 2246 2711 2302 dixit
2763 2246 3091 2318 discipulis:
3148 2246 3442 2319 Expertem

1854 2347 2021 2405 errati
2057 2361 2256 2416 purum
2293 2345 2537 2399 animum
2575 2343 2733 2400 scitis
2762 2351 2818 2398 et
2842 2332 2971 2413 ipsi,
3004 2344 3100 2399 sed
3133 2360 3243 2400 non
3286 2344 3451 2401 simul

1855 2459 2067 2500 omnes.
2100 2442 2169 2497 I2
2191 2441 2389 2497 Servili
2433 2450 2618 2496 autem
2666 2441 2785 2511 lege
2817 2438 3051 2506 Quando
3093 2442 3451 2497 convivarum

1863 2542 2157 2600 duodecim
2185 2541 2454 2596 circulum
2486 2537 2795 2610 pervadens
2822 2536 2978 2592 Lavit
3012 2553 3238 2593 suorum
3269 2540 3454 2597 socio-

1854 2655 1978 2695 rum
2015 2652 2182 2709 puros
2214 2636 2383 2711 pedes
2417 2643 2644 2692 sanctus
2678 2633 2840 2691 Jesus
2872 2633 3303 2700 Recumbentes,
3353 2652 3446 2691 re-

1855 2739 2109 2808 ciprocus
2134 2749 2290 2791 suam
2320 2734 2499 2789 induit
2532 2734 2775 2787 tunicam
2802 2752 2816 2788 :
2847 2732 2913 2788 Et
2952 2748 3151 2789 manus
3192 2734 3443 2789 cubitum

1854 2836 2102 2889 volutum
2157 2832 2384 2885 lirmans
2432 2828 2585 2899 151
2639 2827 2930 2885 Summum
2988 2831 3138 2885 circa
3182 2832 3450 2887 ambitum

1855 2929 2155 2985 concordis
2212 2929 2266 2982 in
2328 2943 2513 2982 amore
2568 2940 2803 2993 mensae,
2867 2928 3016 2983 Dixit
3069 2929 3187 2986 suis
3239 2931 3449 2987 sociis:

1857 3027 2208 3097 Cognoscitis
2240 3025 2345 3080 hoc
2374 3033 2429 3079 et
2461 3025 2563 3094 ipsi
2597 3022 2766 3080 Vobis
2798 3026 2933 3096 quid
2966 3026 3213 3092 fecerim,
3254 3028 3454 3083 servile

1860 3140 2001 3195 opus
2039 3123 2271 3179 texens?
2311 3123 2379 3177 I3
2424 3121 2532 3177 Vos
2573 3122 2776 3192 duplici
2822 3137 2909 3176 me
2950 3122 3187 3192 sapienti
3237 3125 3448 3181 vocatis

1780 3193 1827 3255 ϐ
1862 3223 2027 3277 verbo
2059 3220 2375 3284 Dominum,
2429 3227 2486 3273 et
2531 3227 2775 3273 vestrum
2818 3220 3178 3288 magistrum;
3218 3234 3329 3273 non
3360 3234 3452 3275 er-

1858 3329 2045 3374 rantes
2069 3326 2251 3374 autem
2276 3315 2388 3371 Hoc
2413 3317 2554 3370 bene
2581 3310 2771 3370 diciis
2795 3314 3115 3385 prudentes,
3146 3331 3267 3370 sum
3301 3316 3449 3371 enim

1859 3425 2158 3485 utrumque
2182 3414 2256 3469 Ut
2285 3428 2375 3468 me
2404 3411 2639 3467 vocatis.
2667 3412 2737 3466 14
2763 3411 3034 3466 Benevolo
3055 3421 3239 3467 autem
3264 3412 3450 3468 animo

1864 3514 1923 3570 Si
1970 3515 2140 3585 pedes
2174 3519 2393 3568 vestros
2436 3488 2575 3579 puro
2623 3511 2922 3579 expurgavi
2967 3510 3209 3574 lavacro,
3249 3508 3367 3565 Dux
3399 3519 3456 3565 et

1858 3628 1956 3669 rex
2003 3612 2263 3681 sapiens;
2315 3607 2413 3664 sed
2454 3618 2510 3662 et
2550 3608 2703 3677 ipsos
2748 3606 2832 3661 Ad
2878 3622 3198 3677 expressam
3238 3607 3318 3664 fas
3345 3615 3437 3663 est

1860 3727 2040 3767 meam
2070 3711 2434 3766 imitationem
2483 3709 2761 3764 discentes
2800 3705 2932 3773 Vos,
2979 3708 3212 3762 invicem
3255 3710 3455 3764 charos

1863 3816 2030 3887 pedes
2061 3827 2202 3883 aqua
2220 3813 2422 3865 lavare.
2450 3809 2512 3865 15
2530 3809 2854 3879 Exemplum
2875 3808 3022 3863 enim
3052 3816 3172 3863 erat
3198 3808 3303 3863 hoc
3340 3808 3442 3863 do-

1859 3930 2013 3977 cens,
2063 3921 2122 3968 ut
2149 3920 2204 3968 et
2233 3927 2330 3968 vos
2362 3910 2514 3982 Opus
2538 3910 2683 3981 quod
2718 3909 2821 3964 feci
2853 3908 3094 3979 sapiens,
3142 3906 3367 3965 faciatis
3398 3916 3453 3964 et

1858 4019 1962 4089 ipsi
1996 4016 2202 4072 Omnes
2244 4014 2480 4069 invicem
2518 4021 2709 4067 mutua
2752 4010 2990 4081 quadam
3029 4010 3172 4080 lege,
3217 4009 3454 4081 Compar

1859 4120 2167 4188 exemplum
2215 4118 2374 4192 periti
2425 4116 2606 4171 ducis.
2643 4113 2711 4169 16
2753 4110 2874 4168 Non
2917 4121 3003 4170 est
3046 4114 3297 4168 minister
3326 4124 3454 4183 rege

1875 4223 2148 4293 SUperior,
2177 4234 2355 4291 neque
2382 4217 2583 4288 aliquis
2629 4214 2715 4272 vir
2758 4213 2909 4271 Duce
2946 4216 3198 4270 mittente
3238 4213 3451 4284 legatus

1862 4329 1948 4377 est
1989 4320 2202 4374 melior.
2238 4318 2304 4373 I7
2331 4317 2387 4371 Si
2418 4333 2545 4372 vero
2578 4315 2789 4370 ratione
2825 4314 2941 4371 haec
2970 4314 3153 4371 omnia
3179 4313 3454 4370 intellexi-

1863 4427 1982 4487 stis,
2041 4432 2095 4478 et
2130 4438 2282 4478 mens
2315 4436 2439 4477 cum
2469 4436 2634 4493 opere
2677 4417 3004 4485 Certaverit,
3064 4416 3253 4488 utique
3304 4415 3443 4493 estis

176 4524 388 4601 Ἥρισε,
406 4531 609 4603 καίπερ
633 4531 796 4603 ἔφυτε
818 4532 1174 4605 μακάρτεροι.
1197 4531 1262 4587 18
1280 4532 1354 4586 Οὑ
1378 4533 1506 4605 περῖ⁹
1527 4533 1731 4586 πάντωκ

1868 4527 2144 4584 ieatiores.
2179 4524 2247 4581 I8
2271 4523 2393 4580 Non
2429 4523 2498 4580 de
2525 4522 2781 4579 omnibus
2810 4520 2930 4577 Dixi
2965 4520 3118 4577 vobis
3146 4520 3254 4575 alio
3303 4531 3445 4590 puro

1383 4687 1668 4745 TEXTUS
1708 4682 2241 4744 EVANGELISTAE.

239 4800 273 4857 8
312 4802 477 4872 Λέγει
519 4804 671 4875 αὑτῷ
710 4805 948 4878 Πέτρος·
982 4807 1059 4861 Οὺ
1101 4806 1177 4879 μὴ
1221 4807 1386 4881 νίψῃς
1429 4808 1560 4871 τοὺς
1593 4806 1762 4871 πόδας

183 4898 276 4951 μου
305 4887 383 4949 είς
408 4886 501 4940 τὸν
527 4888 723 4944 αἰῶνα.
764 4889 1068 4961 Ἀπεκρίθη
1107 4889 1258 4962 αὑτῷ
1282 4894 1312 4946 ὁ
1352 4890 1593 4961 Ἰησοῦς·
1636 4889 1762 4943 Ἐὰν

183 4964 257 5038 μὴ
280 4969 418 5039 νίψω
450 4987 531 5036 σε,
556 4972 658 5025 οὑκ
696 4970 842 5043 ἔχεις
878 4973 1045 5044 μέρος
1081 4976 1199 5045 μετ’
1230 4972 1390 5045 ἐμοῦ.

194 5114 201 5129 ἱ
252 5050 285 5103 9
322 5052 488 5121 Λέγει
520 5054 669 5125 αὑτῷ
703 5056 890 5125 Σίμων
925 5058 1157 5127 Πέτρος·
1186 5058 1383 5129 Κύριε,
1411 5059 1486 5129 μὴ
1512 5060 1639 5121 τοὺς
1662 5057 1764 5110 πό·

183 5128 272 5195 δας
296 5153 392 5204 μου
426 5140 606 5207 μόνον,
633 5138 771 5192 ἀλλὰ
795 5140 890 5193 καὶ
908 5140 1232 5212 τάςχεῖρας,
1266 5128 1751 5213 καὶτὴνίκεφαλήν.

253 5218 319 5271 10
350 5220 516 5289 Λέγει
546 5221 694 5293 αὑτῷ
724 5224 751 5275 ὁ
778 5222 1007 5293 Ἰησοῦς·
1042 5224 1099 5277 '0
1122 5224 1445 5294 λελουμένος
1473 5225 1534 5278 οὑ
1567 5228 1759 5297 χρείαν

186 5296 295 5369 ἔχει
323 5302 355 5373 ἦ
388 5305 515 5369 τοὺς
544 5306 713 5370 πόδας
744 5305 1025 5376 νίψασθαι,
1055 5306 1172 5360 ἀλλ’
1204 5306 1321 5360 ἔστι
1351 5307 1587 5380 καθαρὸς
1617 5309 1760 5373 ὅλος·

189 5382 276 5436 καὶ
306 5386 459 5457 ὑμεῖς
493 5390 726 5462 καθαροί
755 5392 901 5456 ἔστε,
936 5389 1051 5443 ἀλλ’
1082 5390 1205 5460 οὑχὶ
1238 5390 1464 5455 πάντες.

255 5468 315 5521 11
363 5473 517 5543 ’ᾙδει
564 5474 680 5545 γάρ
711 5474 803 5528 τὸν
842 5475 1210 5545 παραδιδόντα
1255 5475 1451 5529 αὐτόν·
1482 5474 1571 5529 διὰ
1605 5475 1763 5531 τοῦτο

188 5543 363 5605 εἶπεν·
401 5548 533 5628 Οὑχὶ
564 5543 765 5622 πάντες
791 5543 1023 5630 καθαροί
1054 5560 1200 5613 ἐστε.

256 5633 319 5686 12
357 5637 486 5693 Ὅτε
515 5636 608 5693 οὖν
642 5641 794 5711 ἔνιψε
830 5641 958 5706 τοὺς
1021 5643 1195 5707 πόδας
1234 5639 1437 5708 αὐτῶν,
1474 5640 1570 5695 καὶ
1602 5639 1758 5694 ἔλαϐε

190 5714 254 5766 τὰ
278 5717 466 5787 ἱμάτια
492 5724 676 5789 αὐτοῦ,
717 5725 1004 5778 ἀναπεσὼν
1037 5726 1218 5792 πάλιν,
1255 5722 1408 5780 εἶπεν
1431 5726 1614 5789 αὐτοῖς
1637 5746 1646 5756 ·
1669 5727 1707 5779 Γ
1714 5744 1758 5778 ιο

192 5797 413 5860 νώσκετε
447 5807 500 5862 τί
533 5808 809 5873 πεποίηκα
838 5810 1000 5875 ὑμίν;

1942 4803 2010 4857 15
2054 4800 2247 4871 Ὑμεῖς
2282 4797 2513 4867 φωνεῖτέ
2551 4813 2620 4867 με
2642 4812 2657 4828 ·
2706 4795 2765 4849 '0
2799 4791 3120 4856 διδάσκαλος
3157 4790 3251 4845 καὶ
3278 4790 3307 4843 ό
3337 4787 3455 4844 K6-

1868 4904 1982 4961 ριος
2002 4903 2017 4916 ·
2054 4885 2150 4939 xui.
2180 4882 2363 4946 καλῶς
2390 4880 2608 4950 λέγετε·
2647 4878 2764 4949 είμὶ
2792 4877 2919 4948 γάρ.

1940 4970 2009 5024 14
2046 4970 2110 5021 Et
2136 4962 2229 5020 οὑν
2259 4965 2371 5035 ἐγὼ
2413 4963 2574 5033 ἔνιψα
2610 4964 2762 5034 ὑμῶν
2808 4962 2935 5024 τοὺς
2967 4959 3154 5022 πόδας,
3195 4960 3223 5011 ὁ
3253 4955 3455 5029 Κύριος

1866 5055 1963 5112 καὶ
1993 5056 2022 5107 ὁ
2054 5050 2397 5112 διδάσκαλος,
2447 5049 2543 5103 καὶ
2592 5049 2752 5119 ὑμεῖς
2802 5045 3046 5116 ὀφείλετε
3089 5042 3331 5115 ἀλλήλων
3374 5043 3454 5096 νί-

1862 5154 2017 5192 πτειν
2046 5136 2172 5199 τοὺς
2206 5133 2393 5196 πόδας.

1874 5212 1875 5217 η
1937 5222 2007 5276 IS
2057 5219 2394 5288 Ὑπόδειγμα
2444 5215 2555 5287 γὰρ
2587 5214 2765 5268 ἔδωκα
2798 5215 2948 5285 ὑμῖν,
2981 5212 3067 5266 ἵνα
3116 5210 3298 5275 καθὼς
3343 5210 3454 5279 ἐγὼ

1866 5306 2101 5376 ἐποίησα
2143 5304 2294 5373 ὑμῖν,
2324 5301 2419 5354 καὶ
2449 5301 2606 5369 ὑμεῖς
2632 5298 2844 5369 ποιῆτε.

1943 5390 2009 5443 16
2061 5386 2234 5458 Ἀμὴν
2268 5385 2413 5456 ἀμὴν
2446 5383 2589 5452 λέγω
2626 5384 2777 5455 ὑμῖν,
2801 5382 2903 5434 οὑκ
2945 5379 3061 5433 ἔστι
3098 5379 3283 5440 δοῦλος
3331 5376 3459 5446 μεί-

1863 5471 1971 5537 ζων
2008 5470 2103 5524 τοῦ
2140 5470 2333 5539 κυρίου
2382 5467 2547 5521 αὑτοῦ
2570 5508 2584 5534 ,
2631 5467 2751 5521 οὑδὲ
2791 5463 3090 5527 ἀπόστολος
3127 5460 3331 5532 μείζων
3354 5459 3453 5513 τοῦ

1863 5554 2178 5627 πέμψαντος
2206 5552 2388 5609 αὐτόν.
2756 5632 2763 5633 ί
2872 5630 2881 5633 _
2936 5629 2948 5633 _
3110 5623 3158 5633 __
3346 5620 3373 5633 ..

1936 5623 2003 5690 17
2043 5638 2107 5690 Ei
2138 5635 2313 5689 ταῦτα
2367 5632 2569 5701 οἴδατε,
2625 5630 2882 5703 μακάριοί
2933 5629 3059 5681 ἐστε
3107 5623 3201 5679 ἐὰν
3250 5623 3446 5693 ποιῆτε

1865 5722 2025 5777 αὑτά.

1940 5808 2005 5864 18
2044 5808 2117 5861 Οὐ
2149 5808 2276 5879 περὶ
2320 5812 2541 5871 πάντων
2579 5804 2727 5875 ὑμῶν
2752 5802 2921 5874 λέγω·
2952 5797 3064 5869 ἐγὼ
3092 5788 3416 5858 οἷδαοῦςέξ-
