3900 6216
1648 333 1860 393 NONNI
1899 327 2403 389 PANOPOLITANI
3619 301 3728 357 868

1475 475 1672 533 ordine
1703 488 2025 546 compares;
2063 466 2091 520 Α

2220 447 2389 503 [ολλαὶ
2417 443 2462 498 δ’
2497 439 2849 512 ὑψιμέδοντος
2879 430 3016 506 ἐμοῦ
3049 429 3191 484 κατὰ
3216 427 3375 499 δῶμα
3394 423 3602 494 Τοκῆος

2243 541 2252 546 ·
2429 537 2440 546 ·
2684 530 2726 546 M
2797 531 2807 546 -
2870 526 3074 546 μνη-η--
3111 519 3404 546 -.ιω--..ιη
3435 518 3489 546 aa.

2143 541 2265 596 Εἰσὶ
2295 537 2452 610 μοναὶ
2489 530 2768 604 στοιχηδὸν
2787 526 3074 598 ὁμόζυγες·
3110 519 3404 592 εὑρυτενὴς
3433 518 3492 570 δὲ

2145 633 2209 686 Εἰ
2237 609 2311 701 μὴ
2337 620 2783 697 πουλυμέλαθρος
2805 616 2913 689 ἐμὴ
2949 616 3083 671 πέλε
3117 613 3384 674 πάνδοκος
3410 609 3570 679 αὐλὴ,

2158 724 2318 794 Ὑμῖν
2346 719 2436 774 καί
2467 733 2566 771 κεν
2598 715 2780 770 ἔειπον
2805 713 2886 765 ὅτι
2913 707 3276 780 προκέλευθος
3311 702 3534 766 ὁδεύσω,

2153 791 2336 884 "Oppia.
2357 827 2454 864 κεν
2494 806 2699 862 ὲντὺνω
2720 798 3078 872 πολυχανδέος
3111 796 3283 851 ἔνδιον
3306 791 3495 861 αὐλῆς,

2155 905 2339 972 Ἄξιον
2367 900 2573 972 ὑμείων
2599 893 2894 964 νεοτευχέα
2913 892 3092 963 χῶρον
3119 886 3387 957 ὑφαίνωνσ

2154 1000 2188 1054 5
2216 971 2326 1052 Καὶ
2360 993 2499 1067 μετὰ
2526 989 2781 1046 θέσκελον
2802 982 2964 1048 οὖδας
2986 979 3356 1053 ὲτοιμοτάτοιο
3389 971 3654 1046 μελάθρου

2156 1064 2422 1160 Νοστήσω
2461 1085 2802 1154 παλίνορσος,
2845 1080 2904 1141 ἐς
2937 1074 3212 1147 ἄμϐροτον
3237 1067 3400 1131 οὖδας
3431 1064 3666 1119 ἀνέλκων

444 363 547 419 εετ

452 502 510 556 in
541 497 705 552 domo
733 491 915 546 Patris
945 487 1089 542 Sunt
1123 481 1438 537 mansiones

455 589 699 661 Spatiosa
731 600 860 640 vero
895 582 1010 638 Nisi
1043 579 1182 633 atrio
1217 575 1399 640 amplo
1439 572 1665 644 praedita
1717 583 1838 624 mea
1886 574 2036 622 esset

458 660 746 750 hospitalis
784 675 928 739 aula,
961 669 1130 725 Vobis
1172 669 1364 737 utique
1409 665 1671 720 dixissem
1700 660 1846 731 quod
1897 673 2038 728 prae-

458 748 656 826 cursor
683 769 860 821 iturus
906 764 1034 828 sim,
1069 759 1139 814 Ut
1163 769 1459 829 praeparem
1495 753 1814 825 percapacis
1859 748 2038 805 domi—

460 863 646 918 cilium
685 858 842 922 aulaz,
889 853 1120 924 Dignum
1169 850 1324 904 vobis
1369 848 1583 902 n0vitcr
1621 846 1825 898 factum
1860 843 2040 895 locum

461 962 687 1017 texens;
729 951 764 1005 5
791 947 857 1002 Ει
886 954 1009 1018 post
1041 943 1285 999 divinum
1319 941 1496 997 solum
1545 937 1910 1009 paratissimae
1939 933 2043 987 do-

464 1062 588 1102 mus
624 1045 888 1099 Revertar
918 1041 1254 1110 reciprocus,
1283 1036 1337 1090 in
1366 1042 1632 1089 aeternum
1667 1030 1844 1086 solum
1873 1033 2047 1080 attra-

467 1139 604 1193 hens
635 1134 768 1198 Vos,
801 1142 862 1188 ut
892 1131 1161 1187 maneatis
1197 1128 1426 1185 comites
1459 1124 1554 1179 ubi
1586 1137 1780 1176 maneo
1820 1116 2049 1172 immor-

467 1232 610 1285 tales
663 1227 1001 1282 habitatores
1057 1241 1072 1277 :
1122 1223 1157 1277 4
1191 1233 1366 1275 meam
1416 1219 1558 1271 viam
1615 1212 1770 1269 scitis
1822 1219 1876 1267 et
1931 1225 2049 1264 vos.

471 1321 639 1376 Dixit.
686 1319 720 1374 5
761 1316 1007 1372 Audiens
1056 1327 1187 1368 vero
1237 1309 1532 1366 binominis
1573 1306 1758 1364 sonuit
1789 1303 2053 1365 Thomas,

473 1411 647 1479 Quem
685 1410 974 1480 Didymum
1023 1414 1280 1476 parentes
1313 1408 1604 1464 vocarunt,
1647 1415 1715 1454 ex
1756 1412 1866 1468 quo
1901 1393 2056 1467 pueri

476 1503 696 1560 Octava:
757 1501 1040 1555 oriebatur
1093 1495 1306 1567 cupidae
1367 1491 1809 1548 circumcisionis
1862 1503 2060 1544 cursus

480 1609 693 1652 aurora:
729 1613 743 1648 :
776 1590 1048 1657 Nondum,
1086 1588 1226 1655 Rex,
1273 1586 1482 1642 scimus
1531 1589 1640 1654 quo
1689 1581 1842 1652 pedis
1895 1577 2064 1634 vesti-

481 1688 630 1759 gium
682 1686 920 1739 incitas:
954 1678 1360 1735 Dimensionem
1407 1674 1553 1730 unde
1597 1674 1867 1728 sciremus
1907 1668 2064 1723 inve-

485 1778 792 1849 stigabilem
823 1777 925 1830 viae
946 1774 970 1828 ?
989 1773 1023 1829 6
1045 1771 1210 1828 Jesus
1238 1779 1418 1824 autem
1443 1765 1652 1829 sonuit.
1686 1761 1941 1818 audiendi
1969 1775 2068 1815 cu-

485 1869 674 1940 pidum
727 1867 910 1921 virum
970 1863 1220 1918 docens:
1251 1857 1400 1922 Vita,
1449 1866 1503 1912 et
1545 1856 1771 1919 veritas,
1820 1864 1875 1908 et
1923 1859 2074 1906 recta

487 1974 611 2015 sum
654 1957 744 2011 via
774 1973 788 2010 :
820 1953 944 2008 Vita
973 1967 1096 2024 ego,
1137 1958 1192 2007 et
1222 1950 1350 2004 vitae
1381 1948 1508 2013 via;
1541 1960 1649 2000 non
1683 1949 1864 2014 potest
1893 1947 2075 1996 autem

488 2056 569 2108 Ad
615 2052 786 2107 Deum
827 2049 1050 2104 Patrem
1087 2045 1276 2100 venire
1325 2040 1605 2096 terrestris
1643 2037 1749 2101 vir,
1796 2033 1914 2092 Nisi
1955 2033 2079 2103 quis

492 2161 589 2216 per
619 2159 704 2197 me
729 2157 758 2194 a
797 2140 908 2195 Deo
932 2136 1230 2208 impulsum
1264 2131 1554 2202 vestigium
1580 2126 1918 2191 incitaverit,
1950 2124 2082 2178 Per-

491 2211 700 2295 vadcns
736 2241 939 2287 rectam
969 2228 1114 2282 viam
1157 2241 1254 2297 per
1287 2222 1488 2278 Filium
1542 2219 1610 2274 ad
1658 2217 1900 2272 Patrem.
1949 2214 1982 2267 7
2023 2211 2082 2266 Si

494 2343 626 2383 vero
660 2325 916 2392 deiloquo
950 2335 1037 2374 me
1072 2317 1320 2388 sapiente
1359 2310 1761 2384 cognovissetis
1805 2319 2082 2370 sermone,

499 2421 579 2474 Ex
615 2433 702 2472 me
735 2412 1142 2485 cognosceretis
1183 2417 1238 2464 et
1271 2409 1646 2478 allii-egentem
1675 2401 1933 2456 Patrem:
1964 2396 2084 2452 Jam

453 2523 634 2590 “vero
688 2507 868 2576 ipsum
930 2499 1299 2571 eognovistis,
1347 2506 1402 2552 et
1455 2495 1830 2563 altiregentem
1885 2489 2084 2543 edocti.

502 2598 739 2654 8Jesum
762 2609 892 2650 vero
924 2592 1215 2662 Philippus
1241 2603 1343 2645 suo
1366 2584 1625 2643 demulsit
1645 2582 1814 2637 verbo
1843 2598 1856 2635 :
1884 2580 1926 2633 Ο
1950 2577 2084 2643 Rex,

503 2702 660 2745 tuum
717 2686 934 2742 Patrem
996 2685 1107 2738 tuis
1169 2679 1396 2738 ostende
1443 2675 1734 2746 discipulis
1787 2688 1802 2729 :
1847 2669 2092 2728 Ostende

506 2793 662 2837 tuum
701 2780 1020 2841 Parentem,
1051 2781 1108 2832 et
1145 2772 1382 2830 subiciat
1423 2771 1607 2826 nobis.
1644 2770 1677 2824 9
1711 2765 1875 2822 Jesus
1907 2771 2093 2819 autem

505 2876 667 2940 dixit,
705 2871 1001 2930 invisibilis
1032 2867 1214 2923 Patris
1257 2865 1560 2937 Cognatam
1593 2850 1833 2918 divinam
1866 2857 2095 2912 formant

509 2970 721 3024 habens
771 2966 1024 3024 humana
1089 2961 1274 3031 specie
1323 2977 1337 3014 :
1383 2957 1560 3012 Tanto
1612 2970 1756 3018 soni,
1822 2949 2095 3019 Philippe,

512 3066 676 3133 longo
733 3072 979 3130 tmnpore
1031 3055 1122 3112 hic
1192 3066 1422 3108 manens
1484 3049 1730 3105 Consors
1780 3053 1981 3108 vester,
2044 3045 2100 3095 et

511 3168 691 3211 meam
747 3165 856 3205 non
909 3146 1096 3203 vidisti
1153 3143 1398 3200 faciem?
1456 3139 1623 3212 158
1681 3135 1874 3192 Omnis
1937 3133 2101 3187 homo

513 3246 609 3317 qui
670 3259 758 3298 me
823 3239 1012 3305 novit,
1076 3237 1240 3292 etiam
1316 3243 1580 3290 alternum
1650 3228 1786 3283 vidit
1856 3223 2100 3280 Patrem.

514 3341 766 3397 Nondum
830 3337 990 3392 ﬁdem
1034 3334 1205 3389 habes
1242 3332 1389 3404 quod
1440 3342 1666 3397 compar
1721 3340 1844 3381 sum
1900 3318 2103 3385 Patris,

519 3439 587 3494 Et
641 3437 801 3490 Pater
863 3432 1110 3487 continet
1169 3445 1256 3484 me
1293 3444 1401 3483 una
1466 3423 1828 3481 conveniente
1893 3415 2106 3474 forma?

519 3535 592 3591 Et
610 3533 754 3590 unde
780 3529 1026 3602 postulas
1055 3542 1086 3580 a
1117 3541 1204 3580 me
1265 3524 1442 3580 divisa
1495 3519 1731 3592 quadam
1765 3518 1902 3587 lege,
1954 3512 2108 3568 Monv

522 3643 638 3691 stra
705 3630 836 3687 mihi
872 3627 1134 3685 Patrem?
1193 3639 1355 3694 quem
1422 3619 1612 3676 vidisti
1677 3631 1766 3672 me
1811 3613 2109 3684 aspiciens,

524 3731 605 3787 Ex
635 3728 802 3785 corde
845 3725 1014 3799 [meo]
1049 3721 1272 3796 quando
1312 3719 1543 3775 verbum
1573 3723 1787 3770 eructo.
1821 3710 1889 3764 10
1922 3707 1981 3764 In
2023 3722 2110 3762 me

525 3843 780 3892 manens,
833 3823 1067 3894 Adiutor
1108 3819 1239 3874 mihi
1277 3815 1524 3887 loquenti
1571 3812 1734 3867 Pater
1764 3824 1922 3864 meus
1969 3820 2110 3876 opus

533 3926 688 3982 texit.
723 3922 979 3978 Nondum
1029 3917 1416 3973 testiﬁcantem
1463 3923 1775 3968 sermonem
1817 3904 2114 3962 conﬁrma-

530 4023 633 4081 stis
662 4027 880 4086 mente;
909 4016 977 4070 Et
1003 4027 1218 4069 mecum
1255 4019 1340 4066 est
1360 4008 1525 4064 Pater
1552 4021 1730 4071 meus,
1763 4003 1891 4075 quia
1921 4008 1977 4056 et
2002 3999 2118 4070 ipse

531 4118 738 4176 lnsitus
777 4131 897 4172 sum
921 4112 1071 4167 Patri
1098 4129 1114 4179 ;
1146 4125 1268 4183 ego,
1290 4109 1553 4179 loquens:
1588 4104 1680 4159 ille
1711 4116 1862 4164 vero,
1894 4097 2120 4153 faciens.

533 4216 597 4272 ll
627 4215 687 4271 Si
715 4229 827 4270 non
876 4209 1011 4266 mihi
1063 4206 1317 4271 creditis,
1351 4201 1696 4274 sapientibus
1737 4196 1950 4252 credite
1988 4193 2124 4250 solis

531 4311 805 4383 Operibns
837 4305 1071 4372 nostris,
1112 4311 1174 4358 ut
1208 4299 1554 4380 cognoscatis
1583 4303 1638 4352 et
1667 4309 1765 4349 vos
1794 4292 2124 4348 Societatem

539 4401 832 4464 indivisam
863 4417 975 4458 uno
996 4401 1351 4470 coniunctam
1380 4395 1674 4467 repagula;
1714 4389 1840 4446 Filii
1877 4390 1934 4443 in
1963 4387 2126 4442 Patre

2172 1159 2394 1251 ’Υμέας,
2421 1178 2564 1250 δερρα
2593 1174 2790 1246 μένητε
2829 1166 3122 1240 συνήλυδες
3153 1161 3356 1217 ὁππόθι
3388 1159 3570 1231 μίμνω

2162 1248 2446 1326 Ἀθάνατοι
2475 1248 2760 1338 ν-αετῆρεςο
2782 1264 2816 1316 4
2847 1259 2986 1332 ἐμὴν
3021 1257 3139 1310 ὁδὸν
3173 1256 3286 1308 ῐστε
3312 1253 3407 1305 καὶ
3433 1248 3605 1303 αὐτοί.

2168 1363 2452 1415 Ἔννεπεν.
2480 1357 2514 1413 5
2542 1357 2778 1410 Είσαῖων
2804 1353 2861 1407 δὲ
2897 1348 3164 1418 διώνυμος
3206 1343 3326 1414 ίαχε
3358 1342 3578 1411 Θωμᾶς.

2172 1457 2270 1509 Ὃν
2295 1453 2522 1523 Δίδυμον
2549 1449 2841 1518 γενετῆρες
2874 1443 2978 1513 ὲφή
2989 1458 3152 1513 μισαν
3183 1438 3332 1505 ἐξότε
3355 1435 3552 1505 κούρου

2181 1522 2475 1614 ,υγδοάτης
2497 1537 2747 1594 ἀνέτελλε
2773 1533 3106 1605 φιλοτμήτου
3128 1522 3330 1602 δρόμος
3355 1525 3505 1597 ἠοῦς.

2173 1637 2361 1696 Οὔπω,
2395 1632 2583 1697 Ἀναξ,
2619 1630 2854 1700 ὲδάημεν
2883 1623 3179 1695 ὅπηνποδὸς
3210 1621 3356 1691 ῐχνος
3390 1618 3650 1685 ὲπείγεις·

2173 1729 2368 1800 Μέτρα
2397 1725 2559 1780 πόθεν
2584 1718 2898 1792 δυνάμεσθα
2929 1716 3119 1788 μαθεῖν
3142 1713 3379 1783 ἀκίχητα
3406 1709 3688 1775 κελεύθους

2103 1827 2148 1884 B
2174 1824 2206 1875 6
2247 1816 2456 1892 Ἰησοῦς
2491 1817 2537 1870 δ’
2575 1815 2789 1886 ἰάχησε,
2823 1810 3085 1880 φιλήκοον
3110 1805 3281 1878 ἄνδρα
3307 1803 3600 1858 διδάσκων·

2178 1914 2320 1985 Ζωὴ,
2345 1908 2570 1982 ἀληθείη
2602 1924 2661 1960 τε
2693 1905 2788 1960 καὶ
2815 1900 3001 1973 δρθιός
3028 1901 3145 1970 εἰμι
3176 1898 3394 1966 πορείη·

2180 1982 2302 2074 Ζωῆ
2329 1999 2463 2070 ἐγὼ,
2488 1998 2684 2070 βιότοιο
2713 1995 2809 2049 καὶ
2839 1989 3107 2064 ἀτραπόςο
3136 1990 3198 2040 οὑ
3229 1986 3456 2038 δύναται
3483 1982 3542 2036 δὲ

2181 2100 2276 2160 El;
2315 2094 2448 2147 Θεὸν
2486 2093 2564 2154 εις
2590 2088 2867 2159 Γενετῆρα
2903 2083 3085 2156 μολεῖν
3113 2079 3330 2150 γαιήῖος
3361 2077 3523 2146 ἀνὴρ,

2182 2192 2246 2244 Εἰ
2279 2189 2352 2259 μή
2378 2204 2461 2250 τις
2483 2185 2552 2238 δι’
2582 2184 2739 2254 ἐμεῖο
2757 2179 3049 2233 θεόσσυτον
3075 2175 3221 2245 ἴχνος
3243 2171 3475 2240 ἐπείγει,

2185 2279 2422 2350 Στείχων
2447 2273 2583 2346 ὀρθὰ
2614 2270 2848 2326 κέλευθα
2875 2268 2944 2321 δι’
2972 2266 3130 2328 Υίέος
3160 2265 3241 2326 εἰς
3270 2259 3567 2330 Γενετῆρα.

2189 2372 2220 2424 7
2245 2372 2309 2424 El
2331 2369 2388 2422 δὲ
2416 2365 2701 2438 θεορρήτῳ
2735 2379 2801 2433 με
2834 2357 2984 2428 σοφῷ
3016 2355 3316 2425 γινώσκετε
3351 2350 3530 2421 μύθῳ,

2189 2465 2280 2531 Ἐξ
2310 2461 2507 2533 ἐμέθεν
2531 2454 2805 2528 γνώσεσθε
2829 2452 2926 2505 καὶ
2947 2449 3280 2520 ὑψιμέδοντα
3314 2443 3501 2512 Τοκῆα

2195 2529 2354 2628 ’Ἄρτι
2383 2554 2440 2606 δέ
2471 2569 2562 2623 μιν
2594 2543 2937 2628 φράσσασθε,
2963 2542 3059 2596 καὶ
3096 2529 3457 2609 ’Υψιμέδοντα
3499 2530 3769 2604 μαθόντες.

2194 2645 2226 2700 8
2246 2625 2457 2714 ’Ῐησοῦν
2481 2641 2538 2694 δὲ
2561 2638 2830 2699 Φίλιππος
2859 2627 2932 2704 ἑῷ
2968 2629 3247 2704 μειλίξατο
3270 2625 3448 2697 μύθῳ·

2192 2734 2266 2792 ’Ὦ
2295 2727 2456 2798 Ἀνα,
2491 2733 2583 2786 σὸν
2609 2728 2885 2799 Γενετῆρα
2907 2727 3051 2787 τεοῖς
3071 2721 3332 2785 ἁνάφαινε
3367 2714 3639 2785 μαθηταῖς
3657 2724 3672 2738 °

2198 2829 2425 2884 Δείκνυε
2455 2825 2546 2879 σὺν
2568 2823 2865 2892 Γένει-ἦρα,
2900 2816 2997 2872 καὶ
3026 2816 3217 2887 ἄρκιον
3248 2812 3394 2882 ἄμμι
3421 2802 3681 2875 γενέσθω.

2197 2925 2232 2980 9
2254 2918 2464 2993 Ἰησοῦς
2495 2916 2541 2971 δ’
2571 2915 2859 2986 ἀγόρευεν,
2887 2909 3148 2982 ἀθηήτοιο
3176 2903 3388 2974 Τοκῆος

2201 3010 2456 3083 Συμφυὲς
2481 3005 2662 3062 ἔνθεον
2683 3000 2819 3065 εἶδος
2844 3000 2984 3071 ἔχων
3010 2995 3302 3070 βροτοειδέῖ
3342 2996 3550 3066 μορφῇ·

2201 3104 2436 3176 Τηλίκον
2468 3099 2604 3171 εἰμὶ,
2631 3096 2886 3158 Φίλιππε,
2920 3093 3089 3146 πολὺν
3123 3088 3313 3160 χρόνον
3353 3085 3539 3141 ἐνθάδε
3579 3085 3785 3157 μίμνων

2134 3207 2177 3264 C
2210 3197 2482 3266 Ξύννομος
2510 3190 2739 3262 ὑμείων,
2776 3189 2872 3240 καὶ
2899 3185 3040 3255 ἐμὴν
3061 3183 3162 3236 οὑκ
3185 3177 3322 3243 εἶδες
3345 3177 3607 3248 ὀπωπήν;

2215 3287 2378 3359 159
2396 3288 2510 3348 Πᾶς
2535 3282 2724 3354 βροτὸς
2747 3281 2805 3343 ὅς
2833 3295 2898 3349 με
2913 3277 3091 3346 νόησε,
3111 3274 3205 3328 καὶ
3227 3272 3454 3342 ἄφθιτον
3468 3266 3576 3323 εἶδε
3592 3269 3791 3338 Tomi-‘1.

2214 3379 2381 3438 Οὑπω
2412 3378 2593 3431 πίστιν
2631 3374 2774 3446 ἔχεις
2803 3374 2886 3425 ὅτι
2917 3369 3151 3437 σύζυγός
3175 3368 3292 3436 εἰμι
3319 3365 3550 3435 Τοκῆος,

2216 3473 2330 3528 Ka‘t
2353 3469 2585 3540 Γενέτης
2618 3466 2842 3539 μεθέπει
2869 3481 2934 3534 με
2971 3464 3063 3533 μιῇ
3091 3458 3398 3530 συναηρότα
3427 3458 3640 3528 μορφῇς

2219 3564 2331 3618 Καὶ
2351 3560 2515 3615 πόθεν
2541 3557 2768 3621 αἰτίζεις
2795 3571 2863 3626 με
2889 3552 3231 3626 μεριζομένῳ
3248 3548 3354 3602 τινὶ
3379 3545 3589 3617 θεσμῷ

2221 3655 2406 3722 Δεῖξον
2438 3653 2562 3724 ἐμοὶ
2587 3647 2897 3718 Γενετῆρα;
2926 3645 3022 3699 τὸν
3054 3644 3280 3715 ἔδρακες
3312 3641 3390 3704 εἰς
3427 3639 3528 3711 ἐμὲ
3555 3636 3792 3690 λεύσσων

2232 3749 2329 3800 Ἐκ
2342 3744 2570 3816 κραδίης
2598 3742 2687 3795 ὅτε
2715 3739 2884 3810 μῦθον
2918 3735 3238 3809 ὲρεύγομαι.
3261 3732 3327 3786 10
3350 3733 3444 3795 Είς
3466 3729 3566 3801 ἐμὲ
3595 3730 3802 3801 μίμνων

2222 3839 2390 3901 Ξυνδς
2411 3837 2536 3907 ἐμοὶ
2559 3833 2803 3888 λαλέοντι
2827 3829 3020 3902 Πατὴρ
3051 3828 3185 3899 ὲμδς
3212 3826 3372 3895 ἔργον
3401 3823 3616 3892 ὑφαίνει
3636 3839 3653 3854 ο

2225 3929 2392 3984 Οὑπω
2422 3928 2674 4000 μάρτυρα
2708 3923 2873 3995 μῦθον
2912 3919 3289 3974 ἐπιστώσασθε
3327 3919 3574 3988 μενοινῇ·

2224 4023 2337 4076 Καὶ
2367 4021 2462 4075 σὺν
2487 4019 2610 4091 ἐμοὶ
2643 4015 2852 4071 τελέθει
2882 4013 3114 4084 Γενέτης
3137 4012 3291 4082 ὲμδς,
3323 4012 3436 4064 ὄττι
3467 4009 3560 4061 καὶ
3583 4007 3750 4071 αὑτὸς

2226 4110 2514 4183 Σύμφυτός
2553 4111 2666 4180 εἰμι
2696 4107 2902 4177 Τοκῆος
2921 4121 2934 4135 ·
2978 4103 3090 4172 ἐγὼ
3122 4101 3351 4166 λαλέων,
3381 4101 3408 4153 ὁ
3443 4099 3497 4151 δὲ
3525 4098 3725 4169 ῥέζων.

2229 4205 2290 4258 Η
2329 4204 2395 4257 El
2428 4201 2504 4274 μὴ
2540 4200 2664 4272 ἐμοὶ
2703 4195 2981 4262 πείθεσθε,
3010 4196 3194 4272 σοφοῖς
3232 4190 3562 4245 πιστεύσατε
3603 4189 3808 4260 μούνοις

2231 4269 2456 4367 Ἔργοις
2479 4269 2828 4364 ἡμετέροισιν
2851 4305 2864 4320 ⁶
2893 4288 2986 4342 ἵνα
3009 4269 3297 4355 γνώσησθε
3326 4283 3424 4337 καὶ
3453 4283 3612 4336 αὐτοὶ

2230 4383 2504 4454 Συζυγίην
2527 4384 2822 4454 ἀμέριστον
2851 4381 2932 4435 ἐνὶ
2956 4377 3275 4449 ζευχθεῖσαν
3307 4375 3452 4445 ὀχῆῖ,

1740 4505 2024 4582 TEXTUS
2067 4499 2604 4562 EVANGELISTAS.

608 4639 646 4693 2
685 4639 775 4691 Ἐν
798 4637 864 4706 τῇ
899 4632 1048 4703 οἰκίᾳ
1085 4634 1179 4687 τοῦ
1220 4631 1434 4703 Πατρός
1475 4646 1578 4702 μου
1629 4625 1790 4699 μοναὶ
1821 4625 2013 4678 πολλαί
2052 4625 2133 4677 εί·
2165 4627 2212 4684 D
2240 4636 2374 4674 κατε
2398 4618 2580 4674 αὑτόν.

543 4739 655 4778 σιν·
695 4723 742 4773 εἰ
775 4719 832 4772 δὲ
867 4719 965 4790 μὴ,
997 4713 1151 4770 εἷπον
1179 4716 1245 4769 ἄν
1289 4716 1449 4785 ὑμϊνο
1484 4711 1800 4782 Πορεύομαι
1838 4708 2129 4779 ἑτοιμάσαι

541 4807 706 4862 τόπον
740 4805 891 4875 ὑμῖν.

616 4891 650 4943 3
674 4889 783 4942 Καὶ
803 4886 898 4940 ἐὰν
925 4883 1198 4957 πορευθῶ,
1227 4883 1322 4936 καὶ
1352 4878 1629 4951 ἑτοιμάσω
1663 4878 1792 4950 ὑμῖν
1824 4875 2009 4942 τόπον,
2036 4875 2133 4929 πᾶ-

544 4974 626 5026 λιν
662 4972 914 5043 έρχομαι,
955 4969 1051 5023 καὶ
1091 4966 1483 5039 παραλήψομαι
1515 4964 1658 5034 ὑμᾶς
1695 4961 1831 5032 πρὸς
1862 4960 2130 5033 ὲμαυτόν’

548 5057 636 5110 ἵνα
665 5058 800 5108 ὅπου
830 5053 947 5123 εἰμὶ
978 5051 1088 5120 ἐγὼ
1117 5052 1213 5105 καὶ
1246 5051 1406 5120 ὑμεῖς
1436 5045 1556 5120 ἦτε.

619 5139 654 5190 4
686 5137 798 5189 Καὶ
824 5136 958 5188 ὅπου
980 5133 1098 5201 ἐγὼ
1135 5135 1332 5202 ὑπάγω
1378 5133 1586 5195 οἴδατε,

551 5221 699 5274 δατε.

623 5303 657 5358 5
713 5301 870 5367 Λέγει
913 5297 1062 5366 αὑτῷ
1111 5299 1345 5368 Θωμᾶς’
1391 5297 1593 5368 Κύριε,
1631 5297 1730 5351 οὑκ
1771 5293 1993 5364 οἴδαμεν
2036 5289 2138 5345 ποῦ

551 5389 814 5458 ὑπάγεις⁹
850 5384 945 5438 καὶ
975 5381 1092 5446 πῶς
1123 5381 1402 5451 δυνάμεθα
1424 5382 1524 5450 τὴν
1557 5379 1674 5433 ὁδὸν
1706 5380 1939 5442 εἰδέναις

625 5475 658 5530 6
687 5473 848 5542 Λέγει
893 5467 1044 5538 αὑτῷ
1076 5467 1104 5518 ό
1137 5464 1344 5535 Ἰησοῦς
1367 5481 1378 5493 ·
1423 5463 1699 5534 Ἐγώείμι
1731 5466 1764 5536 ἡ
1798 5463 1938 5525 ὁδὸς,
1980 5459 2074 5513 καὶ
2108 5459 2140 5529 ἠ

1636 5129 1730 5184 καὶ
1763 5128 1861 5200 τὴν
1905 5127 2022 5182 ὁδὸν
2061 5123 2139 5177 οἷ-

553 5559 801 5630 ἄλήθεια,
848 5554 942 5609 καὶ
980 5554 1012 5624 ἡ
1054 5550 1190 5621 ζωή.
1227 5548 1415 5611 Οὐδεὶς
1465 5549 1682 5619 ἔρχεται
1733 5547 1871 5619 πρὸς
1910 5542 2000 5598 τὸν
2033 5545 2146 5596 Πα-

553 5644 688 5715 τέρα
717 5643 764 5694 εἰ
802 5639 876 5710 μὴ
906 5639 972 5692 δι’
1005 5634 1159 5709 ἐμοῦ.

631 5727 659 5776 7
701 5725 764 5777 ΕΞ
796 5709 1086 5791 ἐγνώκειτέ
1129 5735 1218 5790 με,
1274 5716 1365 5770 καὶ
1408 5714 1498 5767 τὸν
1548 5712 1775 5785 Πατέρα
1829 5730 1928 5784 μου
1981 5709 2148 5780 ἐγνώ-

563 5823 709 5860 κειτε
745 5806 808 5859 ἄν
831 5823 843 5835 ·
883 5806 978 5858 καὶ
1021 5805 1114 5858 ἀπ’
1155 5805 1279 5873 ἄρτι
1307 5799 1604 5870 γινώσκετε
1637 5798 1821 5864 αὑτὸν,
1854 5797 1943 5850 καὶ
1972 5796 2143 5861 ἑωρά-

2307 4704 2339 4758 8
2369 4705 2530 4772 Λέγει
2566 4698 2716 4770 αὑτῷ
2756 4699 3053 4760 Φίλιππος’
3101 4691 3297 4763 Κύριε,
3347 4686 3526 4753 δεῖξον
3571 4685 3709 4756 ἡμῖν
3741 4683 3814 4735 τον

2238 4789 2480 4858 Πατέρα,
2511 4787 2608 4840 καὶ
2629 4785 2790 4855 ἀρκεῖ
2822 4785 2972 4852 ἡμῖν.

2321 4873 2354 4928 9
2395 4872 2556 4940 Λέγει
2599 4847 2747 4939 αὐτῷ
2793 4847 3119 4935 ὁΠἾησοῦς·
3166 4857 3434 4912 Τοσοῦτον
3478 4853 3683 4924 χρόνον
3712 4847 3812 4920 μεθ’

2241 4959 2394 5030 ὑμῶν
2429 4939 2565 5026 εἰμι,
2605 4953 2698 5008 καὶ
2730 4951 2831 5004 οὑκ
2876 4947 3122 5018 ἔγνωκάς
3166 4959 3274 5015 με;
3310 4940 3567 5030 Φίλιππε,
3599 4939 3632 4988 ὁ
3665 4939 3813 5003 supa-

2242 5041 2354 5103 κὼς
2389 5038 2512 5110 ἐμὲ,
2539 5035 2752 5109 ἑώρακε
2782 5033 2872 5086 τὸν
2906 5031 3161 5100 Πατέρα·
3206 5025 3302 5080 καὶ
3347 5022 3465 5087 πῶς
3504 5026 3570 5074 σὺ
3621 5020 3810 5087 λέγεςο
3847 5076 3859 5093 ι

2243 5124 2425 5188 Δεῖξον
2455 5123 2586 5192 ἡμῖν
2615 5120 2706 5172 τὸν
2730 5115 2983 5188 Πατέρα;

2321 5181 2386 5261 li)
2417 5181 2794 5266 Οὑπιστεύεις
2818 5181 2898 5254 ὅτι
2929 5196 3040 5268 ἐγὼ
3062 5197 3118 5247 ὲν
3141 5193 3219 5262 τῷ
3245 5190 3446 5260 Πατρὶ,
3470 5189 3566 5242 καὶ
3588 5190 3618 5240 ὁ
3649 5181 3815 5249 Πατὴρ

2247 5294 2304 5345 ὲν
2337 5290 2460 5361 ὲμοί
2493 5291 2643 5356 ὲστι;
2679 5285 3000 5356 campana
3020 5280 3055 5334 δι
3077 5277 3188 5348 ἐγὼ
3208 5275 3356 5329 λαλῶ
3380 5275 3532 5344 ὑμῖν.
3676 5272 3818 5358 ipsa:

2248 5375 2340 5430 τοῦ
2370 5345 2429 5427 οὐ
2457 5372 2602 5426 λαλῶ
2621 5345 2643 5401 ’1
2661 5372 2689 5424 ὁ
2710 5345 2980 5438 δὲιῐιατὴρ
3002 5368 3030 5419 ό
3049 5367 3106 5416 ἐν
3120 5345 3259 5433 ⁷ἐμοὶ.
3285 5359 3484 5430 μένων,
3509 5353 3679 5415 αὐτὸς
3700 5345 3820 5402 ποιεί

2249 5460 2318 5514 τὰ
2350 5459 2506 5531 ἔργα.

2319 5510 2717 5597 lirium—cedere!
2764 5554 2854 5607 μοι
2895 5535 2976 5588 ὅτι
3020 5532 3131 5602 ἐγὼ
3179 5533 3238 5586 ὲν
3287 5527 3365 5598 τῷ
3425 5522 3632 5607 Ila-.91,
3681 5510 3819 5607 καὶὸ

2250 5627 2436 5698 Πατὴρ
2473 5626 2529 5677 ὲν
2586 5622 2708 5693 ὲμοί
2759 5600 2906 5674 έστιν
2953 5637 2966 5650 ·
3038 5600 3085 5672 εί
3147 5614 3203 5669 δὲ
3260 5613 3378 5684 μὴ,
3434 5606 3525 5663 διὰ
3579 5604 3649 5660 τὰ
3703 5600 3822 5670 εργα

2246 5711 2390 5766 αὑτὰ
2427 5706 2710 5762 πιστεύετέ
2755 5721 2864 5775 μοι.
