3900 6216
207 355 311 414 869

205 477 333 532 Υίοῦ
363 474 538 549 Πατρὶ
567 475 840 548 μένοντος,
875 477 934 530 ἐν
964 475 1084 530 Υἱέῖ
1112 477 1330 549 [Ia-:96;
1359 478 1561 541 ἐόντος.

208 569 273 623 12
304 567 619 640 ίΜάρτυρος
655 567 1037 639 ἐμπεδόμυοος
1067 568 1218 641 ἀμὴν
1247 571 1396 642 ἀμὴν
1435 569 1595 639 λόγος
1626 568 1792 642 ἔστω]

209 661 319 724 Πᾶς
351 659 541 732 βροτὸς
565 659 844 732 ἡμετέρην
874 661 1157 732 ἀστεμφέα
1181 661 1366 718 πίστιν
1395 663 1591 729 ἀέξων,

211 751 384 822 Ἔργα
415 748 594 822 τάπερ
625 749 816 816 τελέω,
846 749 1185 822 μιμούμενος
1207 752 1371 817 αὐτὸς
1401 752 1650 817 ἀνύσσει,

207 844 313 897 Καὶ
343 841 553 900 τούτων
579 843 718 898 πολὺ
743 842 945 914 μᾶλλον
966 843 1246 918 ὑπέρτερα
1273 845 1528 916 θαύματα
1553 845 1722 918 ῥέξει,

209 934 358 988 Ὅττι
389 933 572 1004 μολεῖν
591 933 853 1006 ἀκίχητος
885 934 1180 1007 ἐπείγομαι
1206 936 1287 1000 είς
1309 935 1601 1008 Γενιτῆρα.

208 1025 274 1080 13
311 1024 554 1079 ὀπτεόσα
577 1025 623 1078 δ’
645 1025 893 1097 αίτίζητε
924 1027 1060 1098 παρ’
1079 1027 1328 1098 ὑψίστοιο
1357 1028 1594 1100 Τοκῆοςν

207 1114 421 1186 Οὑνομα
443 1115 837 1187 κικλήσκοντες
862 1118 1018 1190 ἐμὸν,
1054 1119 1342 1190 ξύμπαντα
1368 1120 1630 1183 τελέσσω,

209 1209 388 1280 Ὄφρα
410 1209 602 1281 Πατὴρ
621 1210 889 1280 ἄχραντος
910 1213 968 1264 ἐν
999 1211 1120 1265 Υἱέῖ
1148 1211 1375 1284 κύδιμος
1401 1214 1510 1284 εἴη.

208 1299 275 1354 14
301 1298 392 1370 [ΕΙ
409 1299 461 1358 τί
484 1316 580 1352 κεν
609 1300 857 1372 αἰτίζητε
889 1302 1020 1373 παρ’
1050 1301 1402 1373 ὑψιμέδοντος
1437 1303 1726 1366 Ἄνακτος,

208 1389 421 1461 Οΰνομα
442 1391 831 1462 κικλήσκοντες
861 1393 1014 1464 ἐμὸν,
1049 1393 1337 1464 ξύμπαντα
1362 1393 1648 1468 τελέσσω.]

210 1485 275 1540 15
301 1484 362 1537 Εἰ
391 1484 450 1537 δέ
481 1502 549 1556 με
582 1485 912 1557 πιστοτάτης
934 1487 1120 1560 φιλίης
1137 1488 1413 1555 ξυνὼσατε
1443 1487 1651 1560 θεσμῷ,

220 1575 523 1648 Ἦμετέρην
557 1578 891 1649 πραπίδεσσι
929 1579 1206 1651 φυλάξατε
1229 1585 1414 1636 πᾶσαν
1445 1583 1724 1656 ἐφετμήνο

211 1667 275 1723 16
306 1669 415 1723 Καὶ
443 1669 579 1727 Θεδν
607 1671 819 1742 αίτήσω
849 1672 1084 1744 Γενέτην
1115 1674 1270 1746 ἐμὸν,
1299 1675 1444 1746 ὄφρα
1471 1692 1565 1728 κεν
1596 1674 1725 1749 ὑμῖν

209 1763 508 1836 θύρανόθεν
535 1761 770 1835 πέμψειε
798 1765 1159 1838 Παράκλητον
1184 1769 1551 1840 μετανάστην,

209 1851 426 1924 Χριστῷ
462 1853 728 1923 σύγγονον
756 1854 933 1920 ἄλλον,
969 1857 1202 1927 ὁμοίϊον,
1235 1858 1465 1929 ἔμπεδον
1497 1862 1604 1914 αίεὶ

113 2005 122 2014 ,
221 1945 500 2017 Ἀτρεκίης
536 1946 798 2018 όχετηγόν
824 1963 840 1982 ο
883 1949 949 2003 17
998 1949 1137 2022 ὅπερ
1193 1950 1542 2023 πολύμορφος
1585 1952 1794 2025 ἀείρειν

217 2039 290 2091 Οὐ
318 2037 542 2092 δύναταί
578 2057 708 2094 ποτε
744 2040 970 2112 κόσμος,
1008 2028 1090 2097 ὅτι
1132 2042 1325 2116 βροτὸς
1363 2043 1557 2098 οὑποτε
1583 2045 1800 2101 λεύσσει

207 2129 434 2201 Τηλίκον
462 2130 848 2203 ἀνδρομέοισιν
877 2135 936 2187 ὲν
969 2135 1223 2207 ὄμμασιν
1249 2135 1543 2209 ἀρχέγονον
1575 2138 1713 2206 φῶς,

207 2221 426 2293 Πνεῦμα
453 2221 594 2276 Θεοῦ
630 2224 955 2296 Γενετῆροςο
987 2226 1331 2300 ἐσαθρήσητε
1354 2229 1409 2282 δὲ
1435 2227 1620 2300 μοῦνοι

216 2315 402 2386 Ὑμεῖς
435 2316 621 2371 ἔνθεον
649 2313 789 2383 εἶδος
821 2319 1081 2391 ἀθηήτοιο
1119 2321 1436 2392 προσώπου.

211 2407 366 2478 ιθο
397 2409 554 2462 Ὃττι
586 2409 708 2479 μεθ’
746 2410 951 2481 ὑμείων
976 2412 1177 2482 μενέει,
1221 2415 1315 2468 καὶ
1335 2415 1624 2485 ὁμόστολον
1647 2419 1798 2475 ἔσται

218 2501 392 2571 Ὑμῖν,
421 2501 640 2566 πάντας
669 2502 792 2574 ἔχον
815 2503 1006 2575 νοερὸν
1029 2505 1214 2576 δόμον.
1240 2506 1306 2561 18
1340 2508 1414 2562 Οὑ
1444 2511 1554 2583 γάρ
1581 2512 1728 2566 ἐάσω

218 2592 417 2664 ’Υμέας
448 2593 712 2665 οὐρανίης
737 2594 986 2664 ίσόζυγος
1012 2597 1172 2661 ἐκτὸς
1201 2600 1429 2672 ἀρωγῆς

218 2684 579 2754 Ὀρφανικούς
598 2701 614 2718 ⁸
639 2686 858 2757 ταχινὸς
890 2686 948 2740 δὲ
976 2689 1112 2761 πρὸς
1144 2689 1320 2760 ὑμέας
1346 2689 1504 2758 αὖθις
1535 2694 1723 2750 ἱκάνω.

207 2776 271 2832 19
308 2777 469 2841 Βαιδς
489 2777 569 2830 ἔτι
593 2778 785 2848 χρόνος
808 2780 975 2842 ἐστὶν,
1011 2780 1152 2854 ἐμὴν
1184 2783 1274 2836 ὅτε
1317 2783 1544 2840 θέσπιδα
1581 2789 1798 2862 μορφήν

205 2868 399 2922 Οὐκέτι
433 2870 642 2940 κόσμος
674 2869 900 2934 ἄπιστος
923 2871 1199 2942 ἐσόψεται,
1239 2873 1357 2928 ἀλλ’
1396 2877 1497 2948 ἐμὲ
1540 2877 1728 2949 μοῦνοι

208 2959 498 3025 Λεύσσετε,
529 2961 622 3015 καὶ
653 2960 792 3031 μετά
828 2964 991 3031 γαῖαν
1020 2963 1107 3016 ἀεὶ
1129 2963 1285 3028 ζώων
1316 2967 1398 3020 ὃτι
1424 2968 1628 3040 μίμνω,

211 3054 316 3108 Καὶ
348 3055 417 3108 δι’
449 3055 549 3125 ἐμὲ
585 3053 897 3125 ξύμπαντες
922 3056 1008 3110 ἀεὶ
1043 3055 1233 3122 ζώοιτε
1261 3057 1354 3112 καὶ
1384 3060 1561 3130 ὑμεῖς.

212 3145 302 3218 [20
344 3149 431 3212 Ὡς
452 3148 514 3201 ἐν
538 3147 649 3217 ἐγὼ
676 3148 932 3224 Γενετῆρι
960 3147 1109 3203 πέλω
1137 3151 1402 3220 γνώσεσθ’
1433 3154 1492 3206 ἐν
1518 3153 1722 3227 ἐκείνῃ,

219 3238 404 3310 Ὑμεῖς
436 3238 535 3292 καὶ
559 3239 656 3293 σὺν
688 3240 831 3310 ἐμοὶ,
861 3241 956 3294 καὶ
981 3241 1092 3310 ἐγὼ
1119 3243 1196 3296 ὅθ’
1219 3244 1524 3314 ὁμόπλοκος
1547 3246 1726 3320 ὑμῖν.]

205 3330 263 3385 gl
295 3331 486 3394 Ὅστις
520 3330 658 3400 ἔχων
681 3331 1045 3402 πραπίδεσσιν
1066 3332 1205 3403 ἐμὰς
1231 3333 1501 3387 τελέσειεν
1532 3335 1795 3408 ἐφετμὰς,

205 3416 370 3487 Οὗτος
390 3421 534 3494 ἀνήρ
556 3422 728 3492 φιλέει
763 3440 852 3494 με,
884 3426 979 3478 καὶ
1009 3425 1253 3494 εὐαγέως
1276 3426 1602 3495 ἀγαπάζων,

209 3515 398 3568 Ἔσται
424 3513 544 3585 ἐμῷ
579 3515 836 3587 Γενετῆρι
866 3515 984 3588 Θεῷ
1011 3517 1382 3589 πεφιλημένος
1411 3519 1573 3590 ἀνήρ.

206 3602 406 3657 Τοῦτον
433 3605 753 3676 ὀμοστόργῳ
779 3605 874 3659 καὶ
905 3606 1018 3676 ἐγὼ
1052 3609 1474 3680 προσπτύξομαι
1499 3608 1719 3684 ἀρθμῷ,

206 3696 313 3749 Καί
339 3698 389 3750 οἱ
427 3696 680 3750 θέσκελον
713 3695 854 3762 εἶδος
882 3698 1017 3768 ἐμοῦ
1055 3700 1217 3770 χροὸς
1238 3701 1439 3754 αὐτίκα
1468 3700 1647 3768 δείξω.

206 3785 274 3839 2‘2
313 3785 526 3857 Ἰησοῦν
559 3786 606 3839 δ’
650 3786 987 3856 ἀπάμειπτο,
1031 3790 1128 3843 καὶ
1152 3789 1373 3844 ἔννεπεν
1393 3789 1554 3856 ἄλλος
1593 3789 1794 3855 Ἰούδας

207 3875 330 3940 Υἱὸς
366 3875 663 3940 Ἰακώόοιο,
688 3877 783 3929 καὶ
812 3878 873 3930 οὑ
901 3876 1109 3947 θρασὺς
1144 3880 1502 3954 Ἰσκαριώτης
1525 3897 1542 3913 ⁶

205 3965 466 4036 Κοίρανε,
508 3963 626 4028 πῶς
649 3965 771 4020 τεὸν
801 3961 942 4030 εἶδος
969 3968 1316 4041 ὁμοφρονέων
1348 3971 1670 4040 ἀναφαίνεις

205 4054 442 4119 Μούνοις
474 4056 584 4119 σοῖς
608 4054 865 4128 ἑτάροισι,
902 4057 996 4110 καὶ
1027 4058 1087 4111 οὑ
1113 4057 1340 4132 θηήτορι
1370 4059 1599 4130 κόσμῷ;

206 4147 274 4204 25
315 4145 529 4221 Ἰησοῦς
559 4146 603 4200 δ’
627 4147 910 4219 ἀγόρευεν,
943 4149 1224 4223 ὁμόφρονα
1248 4150 1405 4222 φῶτα
1431 4150 1721 4206 διδάσκων·

1105 360 1594 418 PAilAPllllASlS
1631 360 1697 416 IN
1736 361 2073 418 JOANNEM.
2113 363 2186 410 -έ
2216 360 2372 419 CAP.
2411 360 2554 416 XIV.

3374 361 3481 419 870

1828 487 1872 542 Λ
1904 455 2196 542 manentis,
2215 478 2272 532 in
2299 475 2441 532 Filio
2471 477 2652 532 Patris
2682 475 3026 534 exsistentis.
3057 477 3126 532 12
3151 474 3482 534 Testiﬁcans

1903 567 2246 640 ﬁrmiloquus
2279 569 2450 623 Amen
2496 569 2665 624 Amen
2719 585 2903 626 sermo
2947 570 3038 632 sit,
3086 567 3282 625 Omnis
3316 569 3488 622 homo

1902 668 2147 717 nostram
2179 662 2458 716 immotam
2491 661 2651 717 tidem
2688 677 2916 733 augens,
2955 660 3130 731 Opera
3165 675 3287 731 quae
3316 660 3482 724 facio,

1903 756 2126 810 imitans
2171 755 2292 826 ipse
2326 757 2595 825 perﬁciet,
2647 757 2714 811 Et
2761 758 2848 813 his
2895 758 3068 812 multo
3100 756 3484 826 praestantiora

1903 849 2168 904 miracula
2226 847 2431 913 faciet,
2487 849 2629 915 Quia
2679 852 2867 905 venire
2911 847 3489 919 incomprehensibilis

1904 940 2107 998 festino
2148 940 2215 996 ad
2265 939 2510 996 Patrem.
2564 942 2630 996 l3
2660 941 3016 1012 Quaecunque
3041 957 3175 998 vero
3213 939 3486 1010 petieritis

1905 1035 1974 1090 ab
2006 1034 2275 1090 altissimo
2305 1033 2484 1097 Patre,
2518 1032 2729 1089 Nomen
2754 1034 3075 1090 invocantes
3125 1048 3327 1099 meum,
3375 1046 3488 1086 om-

1905 1125 1996 1181 nia
2048 1125 2350 1197 perﬁciant,
2403 1123 2472 1180 Ut
2519 1123 2682 1181 Pater
2709 1140 2884 1196 purus
2932 1126 2986 1180 in
3031 1124 3167 1180 Filio
3213 1124 3490 1196 gloriosus

1904 1218 1999 1275 sit.
2034 1219 2098 1274 M
2131 1217 2187 1274 Si
2232 1217 2364 1290 quid
2398 1217 2563 1275 etiam
2602 1218 2873 1290 petieritis
2920 1219 2989 1273 ab
3027 1217 3347 1290 altircgente
3380 1215 3488 1270 Pa-

1903 1324 2026 1383 tre,
2067 1318 2275 1374 Nomen
2317 1319 2636 1375 invocantes
2689 1333 2904 1383 meum,
2952 1317 3136 1372 omnia
3185 1315 3486 1387 perﬁciam.

1906 1415 1976 1471 l5
2019 1413 2074 1471 Si
2122 1432 2252 1472 vero
2302 1433 2388 1473 me
2422 1407 2755 1474 ﬁdelissimae
2814 1415 3070 1470 amicitia:
3117 1411 3487 1482 conjunxistis

1905 1514 2042 1586 lege,
2074 1515 2328 1572 Nostrum
2356 1515 2670 1588 pectoribus
2695 1523 2908 1574 servate
2928 1528 3092 1568 omne
3116 1518 3446 1584 praeceptum
3470 1525 3486 1572 ;

1908 1617 1974 1672 l6
2006 1616 2072 1670 Et
2118 1617 2288 1674 Deum
2334 1616 2604 1690 precabor
2635 1615 2852 1671 Patrem
2897 1629 3104 1678 meum,
3139 1619 3199 1666 ut
3233 1619 3288 1668 et
3329 1607 3486 1662 vobis

1814 1791 1818 1794 ~
1904 1715 2134 1772 leitus
2165 1714 2346 1770 mittat
2383 1713 2726 1768 Paracletum
2759 1712 3050 1777 advenam,
3097 1710 3321 1766 Christo
3350 1720 3489 1760 con-

1904 1813 2146 1885 genitum
2186 1813 2375 1879 alium,
2415 1812 2672 1878 similem,
2711 1810 2924 1868 ﬁrmum
2975 1823 3192 1880 semper
3225 1805 3488 1863 Veritatis

1907 1909 2262 1966 deductorem
2293 1930 2310 1963 :
2338 1911 2401 1965 l7
2457 1925 2618 1981 quem
2663 1907 3018 1964 multiformis
3066 1906 3318 1978 accipere
3369 1901 3490 1957 Non

1903 2015 2084 2079 potest
2107 2022 2346 2079 unquam
2371 2007 2644 2074 mundus,
2674 2007 2802 2078 quia
2827 2007 2996 2062 homo
3032 2019 3314 2075 nunquam
3339 2001 3495 2057 vide-

1901 2107 1982 2165 bit
2015 2106 2148 2162 Tale
2176 2103 2434 2162 humanis
2466 2105 2646 2162 oculis
2689 2103 3078 2175 primigenium
3112 2103 3322 2163 lumen.
3365 2099 3493 2170 Spi-

1901 2206 2069 2261 ritum
2108 2203 2203 2259 Dei
2236 2201 2457 2269 Patris;
2495 2202 2804 2272 inspicietis
2845 2212 3024 2258 auteua
3065 2200 3168 2258 soli
3205 2198 3313 2256 Vos
3352 2197 3494 2258 divi-

1899 2319 2027 2358 nam
2071 2303 2312 2373 speciem
2359 2300 2655 2356 invisibilis
2709 2299 2888 2354 faciei.
2936 2299 3089 2369 16],
3119 2295 3256 2352 Nam
3307 2295 3494 2351 vobis.

1901 2415 2027 2454 cum
2085 2398 2354 2462 manebit,
2397 2404 2452 2451 et
2491 2411 2676 2452 comes
2729 2395 2836 2451 erit
2887 2393 3080 2459 Vobis,
3108 2408 3300 2448 omnes
3341 2391 3491 2465 [vos]

1899 2498 2110 2552 habens
2155 2496 2499 2568 spiritualem
2557 2494 2803 2550 domum.
2862 2493 2931 2548 18
2981 2490 3101 2546 Non
3147 2506 3280 2548 sane
3322 2492 3492 2545 relin-

1901 2610 2065 2667 quam
2099 2593 2214 2649 νος
2239 2592 2451 2649 οωίοειί
2481 2605 2741 2663 compare
2781 2591 2990 2662 absque
3033 2589 3240 2644 auxilio
3277 2587 3495 2658 Orpha-

1903 2705 2043 2755 nos;
2073 2689 2219 2744 celer
2248 2704 2378 2744 vero
2413 2689 2482 2743 ad
2515 2703 2616 2745 vos
2659 2703 2856 2744 rursus
2908 2688 3090 2744 venio.
3132 2686 3198 2742 l9
3225 2685 3493 2741 Pusillum

1903 2785 2081 2840 adhuc
2112 2791 2333 2854 tempus
2366 2793 2474 2854 est,
2517 2800 2696 2840 meam
2727 2783 2948 2855 quando
2981 2783 3222 2838 divinam
3255 2781 3492 2836 formam

1899 2881 2024 2936 Non
2072 2883 2306 2953 amplius
2342 2883 2580 2938 mundus
2629 2881 2948 2937 incredulus
2981 2879 3226 2948 videbit;
3263 2879 3357 2936 sed
3405 2894 3492 2934 me

1902 2979 2005 3037 soli
2045 2977 2328 3045 Videbitis,
2381 2987 2435 3035 et
2477 2987 2600 3050 post
2632 2988 2834 3034 terram
2881 2995 3097 3050 semper
3131 2979 3318 3035 vivens
3361 2977 3492 3049 quia

1902 3083 2119 3142 maneo,
2161 3073 2226 3130 Et
2248 3091 2345 3146 per
2381 3091 2469 3132 me
2523 3091 2714 3130 omnes
2746 3074 2941 3131 vivetis
2966 3084 3022 3132 et
3061 3091 3181 3130 vos.
3209 3074 3281 3130 20
3332 3073 3492 3140 Quod

1907 3189 2010 3246 ego
2033 3174 2088 3230 in
2123 3173 2287 3230 Patre
2313 3173 2440 3240 sim,
2475 3173 2818 3244 cognoscetis
2849 3173 2905 3227 in
2952 3173 3044 3230 illo
3078 3171 3240 3246 [die],
3279 3171 3390 3228 Vos
3437 3181 3493 3228 et

1907 3287 2146 3336 mecum,
2206 3278 2262 3327 et
2285 3285 2387 3343 ego
2429 3271 2575 3341 quod
2619 3271 2982 3342 complicatus
3024 3271 3204 3326 vobis.
3243 3269 3308 3324 21
3363 3269 3496 3336 Qui-

1905 3384 2126 3440 cunque
2158 3368 2367 3425 habens
2398 3368 2456 3424 in
2490 3375 2708 3439 pectore
2731 3382 2850 3424 mea
2875 3366 3169 3439 perfecerit
3203 3368 3489 3432 mandata,

1903 3465 2006 3526 llic
2038 3466 2120 3522 vir
2148 3464 2326 3535 diligit
2352 3479 2472 3532 me;
2503 3472 2558 3520 et
2591 3479 2728 3535 pure
2755 3464 3010 3540 diligens,
3045 3463 3160 3518 Erit
3191 3479 3314 3520 meo
3343 3463 3491 3518 Patri

1899 3566 2016 3626 Deo
2055 3566 2295 3623 dilectus
2357 3565 2462 3621 vir.
2521 3562 2680 3619 Hunc
2715 3563 2944 3635 aequalis
2983 3563 3380 3620 benevolentiae
3437 3571 3494 3620 et

1899 3682 2005 3740 ego
2053 3666 2356 3737 amplectar
2414 3663 2660 3726 ﬁndere,
2715 3661 2783 3718 Et
2842 3662 2896 3717 ei
2957 3661 3201 3718 divinam
3249 3661 3489 3732 speciem

1898 3764 2008 3820 mei
2041 3762 2294 3834 corporis
2335 3761 2524 3818 statim
2576 3758 2917 3816 monstrabo.
2947 3757 3022 3815 22
3063 3757 3196 3814 ἔθευ
3245 3773 3372 3815 vero
3399 3772 3492 3813 re-

1903 3859 2125 3932 spondit
2158 3867 2214 3914 et
2262 3859 2402 3914 dixit
2447 3859 2589 3914 alius
2618 3856 2792 3913 Judas
2833 3853 3005 3911 Filius
3033 3855 3250 3920 Jacobi,
3289 3865 3346 3911 ut
3383 3872 3494 3912 non

1906 3957 2083 4011 audax
2115 3955 2410 4011 lscariotes
2440 3973 2453 4009 :
2484 3953 2734 4018 Domine,
2767 3952 3043 4022 quomodo
3071 3961 3219 4006 tuam
3254 3952 3492 4022 speciem

1905 4053 2258 4111 consentiam
2295 4049 2544 4110 ostendis
2595 4048 2739 4107 Solis
2785 4049 2894 4105 tuis
2939 4049 3133 4117 sociis,
3177 4062 3230 4104 et
3265 4063 3374 4102 non
3411 4048 3494 4101 in-

1905 4148 2162 4220 spicienti
2197 4145 2440 4204 stando?
2465 4145 2539 4203 25
2558 4143 2717 4204 Jesus
2755 4155 2938 4204 autem
2971 4144 3130 4210 dixit,
3163 4143 3493 4203 concordem

1414 4307 1700 4366 TEXTUS
1735 4305 2270 4368 EVANGELlS-T/E.

290 4474 354 4528 12
394 4472 568 4544 Ἀμὴν
596 4473 745 4546 ἀμὴν
791 4473 940 4544 λέγω
968 4473 1121 4546 ὑμῖν,
1155 4477 1186 4530 6
1217 4475 1494 4538 πιστεύων
1541 4477 1624 4540 είς
1672 4477 1795 4547 ἐμὲ,
1829 4483 1874 4540 D
1979 4473 2046 4531 18
2093 4473 2210 4529 Οὐκ
2266 4473 2462 4544 ἀφήσω
2514 4470 2660 4542 ὑμᾶς
2706 4468 3017 4542 ὀρφανούςο
3069 4467 3302 4538 ἔρχομαι
3356 4466 3492 4538 πρὸς

210 4557 277 4610 τά
314 4557 453 4628 ἔργα
480 4556 514 4609 ἀ
548 4555 658 4624 ἐγὼ
686 4556 828 4610 ποιῶ
886 4557 1139 4622 κάκεῖνος
1170 4561 1409 4632 ποιήσει,
1451 4559 1547 4614 καὶ
1578 4559 1803 4630 μείζονα

211 4638 414 4693 τούτων
477 4641 727 4712 ποιήσει’
778 4641 861 4694 ὅτι
917 4641 1030 4711 ἐγὼ
1089 4642 1227 4714 πρὸς
1273 4643 1364 4698 τὸν
1419 4643 1638 4716 Πατέρα
1700 4663 1800 4716 μου

213 4723 540 4796 πορεύομαι.

285 4809 353 4863 15
380 4808 491 4862 Καὶ
513 4808 608 4860 ὅτι
639 4808 705 4862 ἂν
739 4809 1003 4881 αἰτήσητε
1040 4811 1097 4865 ἐν
1125 4809 1200 4881 τῷ
1227 4809 1455 4880 ὀνόματί
1492 4826 1619 4882 μου,
1645 4807 1804 4862 τοῦτο

215 4892 456 4960 ποιήσω’
486 4890 572 4943 ἴνα
601 4890 830 4962 δοξασθῇ
859 4894 890 4945 6
921 4893 1111 4964 Πατὴρ
1141 4893 1198 4946 ἐν
1235 4893 1314 4964 τῷ
1343 4893 1478 4965 Υἱῷ.
1582 4907 1584 4910 ·

286 4973 352 5026 14
414 4973 538 5027 Ἐάν
567 4991 618 5028 τι
648 4975 911 5046 αἰτήσητε
968 4977 1026 5027 ἐν
1076 4976 1155 5047 τῷ
1207 4976 1433 5047 ὀνόματί
1494 4995 1636 5050 μου,
1687 4975 1802 5045 ἐγὼ

217 5059 442 5129 ποιήσω.

287 5142 356 5196 15
401 5141 526 5194 Ἐἀν
559 5143 812 5210 ἀγαπᾶτέ
855 5161 953 5213 με,
1003 5143 1102 5210 τὰς
1149 5143 1369 5208 ἐντολὰς
1402 5144 1498 5208 τὰς
1532 5143 1673 5216 ἐμὰς
1707 5162 1804 5215 τη-

221 5227 284 5295 ρή
294 5242 440 5280 σατε.

291 5307 354 5360 16
385 5311 491 5364 Καὶ
528 5309 639 5379 ἐγὼ
679 5311 942 5382 ἐρωτήσω
974 5311 1063 5363 τὸν
1093 5311 1337 5383 Πατέρα,
1371 5312 1466 5364 καὶ
1495 5312 1652 5365 ἄλλον
1692 5313 1804 5367 Πα-

223 5390 484 5462 ράκλητον
526 5393 687 5447 δώσει
733 5395 883 5465 ὑμῖν,
922 5393 1010 5447 ἵνα
1058 5394 1196 5466 μένῃ
1228 5394 1350 5466 μεθ’
1399 5394 1555 5465 ὑμῶν
1595 5396 1672 5459 εἰς
1713 5395 1802 5448 τὸν

218 5491 407 5528 αιωνα·

292 5559 354 5611 17
381 5561 451 5613 Τὸ
472 5561 698 5632 Πνεῦμα
725 5565 825 5633 τῆς
853 5561 1136 5633 ἀληθείας,
1154 5561 1181 5615 ὃ
1212 5563 1238 5614 6
1261 5563 1468 5634 κόσμος
1489 5563 1548 5615 οὐ
1585 5561 1805 5616 δύναται

217 5631 418 5703 λαῦεῖν,
466 5645 548 5697 ὅτι
603 5645 662 5698 ού
703 5645 900 5717 θεωρεῖ
943 5646 1106 5713 αὐτὶ,
1155 5645 1277 5700 οὑδέ
1325 5644 1585 5715 γινώσκει
1640 5646 1802 5700 αὑτό·

225 5721 378 5802 ὑμεῖς
399 5725 456 5778 δὲ
486 5727 783 5795 γινώσκετε
814 5729 965 5797 αὐτὸ,
999 5728 1082 5782 ὅτι
1104 5731 1230 5800 παρ’
1268 5731 1398 5800 ὑμῖν
1431 5730 1603 5802 μένει,
1632 5732 1722 5784 καὶ
1750 5731 1806 5784 ἐν

231 5801 360 5873 ὑμῖν
384 5808 560 5867 ἔσται.

1905 4559 2070 4622 ὑμᾶς.

1943 4577 2208 4698 ςιῗθνἜτι
2240 4639 2453 4713 μικρὸν,
2490 4637 2585 4692 καὶ
2623 4638 2652 4690 6
2684 4635 2888 4707 κόσμος
2920 4653 2986 4707 με
3019 4635 3118 4689 οὑκ
3153 4633 3233 4688 ἔτι
3263 4633 3491 4706 θεωρεῖ⁸

1903 4729 2061 4797 ὑμεῖς
2084 4726 2142 4779 δὲ
2163 4723 2421 4795 θεωρεῖτέ
2447 4739 2516 4793 με
2536 4739 2550 4752 ⁸
2581 4722 2663 4774 ὅτι
2686 4719 2798 4789 ἐγὼ
2817 4719 2914 4785 ζῶ,
2936 4719 3031 4774 καὶ
3054 4720 3214 4791 ὑμεῖς
3237 4719 3300 4791 ζὴ
3311 4720 3487 4778 σεσθε.

1974 4810 2044 4863 20
2087 4809 2176 4862 Ἐν
2205 4808 2390 4880 ἐκείνῃ
2417 4809 2484 4878 τῇ
2528 4804 2712 4877 ἡμέρᾳ
2754 4802 3030 4872 γνώσεσθε
3077 4803 3236 4874 ὑμεῖς
3267 4803 3347 4856 ὅτι
3383 4802 3495 4871 ἐγὼ

1903 4893 1962 4946 ἐν
1983 4892 2060 4963 τῷ
2087 4891 2263 4964 Πατρί
2294 4909 2418 4962 μου,
2462 4891 2555 4943 καὶ
2590 4890 2749 4959 ὑμεῖς
2778 4889 2835 4940 ἐν
2874 4887 3020 4958 ἐμοὶ,
3060 4887 3215 4956 κάγὼ
3245 4889 3302 4940 ἐν
3339 4889 3490 4959 ὑμῖν.

1973 4976 2037 5030 21
2073 4975 2133 5030 '0
2160 4975 2299 5046 ἔχων
2329 4974 2427 5037 τάς
2447 4972 2669 5035 ἐντολάς
2696 4989 2794 5043 μου
2823 4973 2916 5026 καὶ
2943 4971 3125 5043 τηρῶν
3146 4971 3334 5036 αὑτὰς,
3359 4974 3494 5027 ἐκεῖο

1903 5061 1992 5125 νός
2016 5061 2162 5113 ἐστιν
2193 5061 2222 5112 6
2254 5058 2484 5128 ἀγαπῶν
2513 5075 2579 5128 με
2602 5075 2614 5088 °
2656 5057 2684 5110 ὁ
2709 5056 2765 5109 δὲ
2805 5056 3036 5124 ἀγαπῶν
3081 5073 3168 5126 με,
3201 5056 3493 5128 ἀγαπηθή-

1907 5161 2056 5197 σεται
2081 5143 2186 5196 ὑπὸ
2215 5141 2307 5196 τοῦ
2330 5141 2544 5212 Πατρός
2573 5159 2674 5212 μου
2697 5159 2710 5172 ο
2747 5142 2841 5195 καὶ
2876 5139 2986 5210 ἐγὼ
3009 5142 3284 5214 ἀγαπήσω
3308 5141 3492 5202 αὑτὸν,

1907 5227 2000 5280 καὶ
2029 5226 2316 5298 ἐμφανίσω
2343 5224 2492 5295 αὑτῷ
2522 5225 2783 5296 ἐμαυτόν.
3463 5269 3466 5271 ,

1976 5314 2046 5366 22
2080 5312 2241 5381 Λέγει
2275 5310 2423 5384 αύτῷ
2453 5311 2656 5377 Ἰούδας
2719 5312 2841 5384 (οὑχ
2875 5314 2902 5366 ὁ
2949 5310 3348 5383 Ίσκαριώτης)·
3383 5309 3497 5363 Κύ-

1910 5396 2090 5467 ριε,’τί
2126 5397 2349 5464 γέγονεν
2383 5397 2465 5448 ὅτι
2488 5397 2620 5467 ήμίν
2647 5396 2862 5468 μέλλεις
2890 5397 3213 5467 ἐμφανίζειν
3244 5392 3490 5456 σεαυτὸν,

1906 5483 1998 5534 καὶ
2027 5481 2148 5551 οὐχὶ
2171 5481 2248 5554 τῷ
2272 5481 2464 5552 κόσμῳ
2479 5497 2495 5546 ;

1976 5563 2046 5617 25
2089 5565 2384 5636 Ἀπεκρίθη
2418 5566 2446 5619 ὁ
2485 5564 2694 5636 Ἰησοῦς
2723 5565 2819 5618 καὶ
2838 5559 2993 5616 εἶπεν
3021 5560 3167 5631 αὐτῷ
3188 5575 3200 5589 ·
3258 5558 3384 5612 Ἐάν
3409 5574 3489 5622 τις

1907 5649 2094 5718 ἀγαπᾷ
2135 5666 2223 5719 με,
2247 5649 2338 5704 τὸν
2376 5648 2531 5719 λόγον
2562 5667 2662 5720 μου
2697 5649 2959 5718 τηρήσει·
2992 5645 3087 5698 καὶ
3117 5645 3144 5695 ὁ
3174 5643 3362 5714 Πατήρ
3389 5658 3493 5715 μου

1908 5732 2183 5802 ἀγαπήσει
2233 5732 2420 5797 αὑτὸν,
2470 5732 2564 5786 καὶ
2611 5731 2748 5800 πρὸς
2797 5727 2958 5784 αὑτὸν
3002 5726 3353 5800 ἐλευσόμεθα,
3402 5733 3504 5785 καὶ

1913 5816 2082 5886 μονὴν
2105 5817 2236 5888 παρ’
2277 5815 2430 5886 αὑτῷ
2460 5814 2782 5884 ποιήσομεν.
3170 5865 3174 5869 ,
3363 5829 3373 5837 ’
