3900 6216
271 377 371 430 επ,
1149 357 1633 415 PARAPHRASIS
1670 360 1738 415 lN
1776 400 1783 415 .

1944 362 2108 418 NEM.
2151 387 2214 406 -ι
2256 363 2409 421 CAP.
2454 365 2574 423 XV.
3414 362 3525 426 B75

268 479 545 542 Γειοπόνος
573 479 772 550 βιότοιο
808 480 994 552 Πατὴρ
1021 481 1149 551 ἐμὸς
1173 477 1277 534 οἶδε
1309 481 1595 554 καθαίρειν

1949 485 2070 540 vitae
2099 483 2257 543 Pater
2290 504 2443 545 meus
2473 489 2624 544 novit
2653 502 2882 558 purgare
2915 487 3126 545 Recens
3160 489 3302 547 natis
3350 490 3522 560 foliis,

281 572 612 644 ’Λρτιφύτοις
649 571 918 635 πετάλοις,
958 574 1042 625 ἵνα
1069 573 1286 643 μείζονα
1314 575 1523 645 καρπον
1547 573 1699 645 ἀέξῃ.

1955 599 2009 646 ιιι
2037 593 2401 661 copiosiorem
2441 594 2674 649 fructum
2709 596 2969 649 cumulet.
2997 596 3032 649 3
3061 594 3213 651 Nune
3238 597 3359 666 puri
3393 611 3526 667 pro.

269 665 302 715 5
325 661 435 714 Νῦν
455 661 685 730 καθαροὶ
711 661 798 714 διὰ
823 661 989 731 μῦθον
1013 663 1070 715 ὃν
1093 663 1331 728 ἔννεπον,
1355 666 1546 718 έστέ.4
1565 668 1670 719 Καὶ
1693 666 1844 719 αὑτοὶ

272 753 504 822 Μίμνετε
533 753 937 822 συμπεφὺὧτες
967 754 1084 825 έμῷ
1111 755 1420 820 παλιναυξέῖ
1457 756 1666 828 θάμνῳ,

267 846 504 913 Μίμνετε
541 846 943 915 συμπεφυῶτες
969 848 1092 918 ἐμοὶ
1123 848 1479 919 βλαστήματα
1507 850 1734 920 κόσμου.

277 935 578 1006 ’ξιμερίδων
611 937 687 1000 ὼς
715 924 904 1006 κλῆμα
933 931 1221 1006 δυνήσεται
1245 936 1442 992 οὔποτε
1475 940 1700 1003 τίκτειν,

269 1030 325 1080 Εἰ
360 1027 433 1098 μὴ
465 1028 521 1080 ὲν
551 1028 878 1097 ἀμπελόεντι
909 1029 1063 1098 φυτῷ
1088 1029 1474 1101 δενδρούμενον
1495 1030 1578 1102 εῖη
1601 1047 1615 1061 ο

269 1119 426 1190 164
445 1119 706 1190 Βοτρυόεν
744 1115 968 1190 μίμημα
1002 1121 1394 1190 πολυπτόρθοιο
1425 1123 1700 1194 κορύμὸου

265 1213 325 1264 EE
359 1212 432 1282 μὴ
466 1212 864 1281 συμπεφυῷτες
895 1213 1019 1282 ἐμοὶ
1050 1213 1285 1284 μίμνητε
1310 1214 1405 1266 καὶ
1437 1215 1612 1276 αὐτοι,

1949 706 2068 766 pter
2112 712 2420 752 sermonem
2461 715 2622 769 quem
2663 700 2776 754 dixi
2821 701 2971 754 estis.
3012 699 3045 752 4
3077 699 3141 753 Ει
3173 700 3277 770 ipsi
3318 699 3528 756 Manete

1947 795 2097 850 insiti
2123 796 2178 849 in
2213 811 2334 850 meo
2362 806 2708 851 recrescente
2741 795 2958 863 frutice,
2983 791 3191 853 tlanete
3220 798 3368 852 insiti
3391 798 3524 852 mihi

1949 893 2192 958 germina
2219 891 2428 946 mundi.
2455 893 2675 948 Sativus
2697 884 2768 947 ut'
2787 895 2990 964 palmes
3025 897 3217 965 poterit
3245 909 3520 964 nunquam

1923 989 2186 1046 .l'ruetum
2223 987 2386 1052 ferre,
2418 989 2533 1044 Nisi
2557 990 2786 1045 vitifera:
2821 993 3019 1062 plantae
3061 993 3262 1047 insitus
3297 992 3524 1046 arbore—

1951 1097 2105 1144 seat:
2136 1089 2292 1160 165
2320 1089 2601 1144 Racemosi
2634 1089 2809 1144 instar
2840 1092 3040 1145 multos
3067 1102 3247 1144 ramos
3269 1079 3524 1143 habentis

1949 1185 2218 1256 corymbi,
2253 1185 2370 1242 Nisi
2413 1185 2579 1239 simul
2621 1185 2773 1238 insiti
2822 1185 2953 1238 mihi
3005 1186 3272 1240 maneatis
3307 1193 3359 1238 et
3400 1183 3526 1247 ipsi,

272 1301 476 1372 ’Υμέας
500 1303 560 1355 οὑ
587 1302 768 1366 σθένος
797 1304 913 1355 ἐστὶ
940 1302 1159 1356 θεουδέα
1191 1304 1400 1374 καρπὸν
1431 1304 1628 1370 ἀέξειν.

1953 1281 2060 1335 Vos
2112 1298 2221 1336 non
2273 1283 2502 1351 potestis
2562 1282 2709 1351 pium
2764 1281 2999 1336 fructum
3033 1284 3296 1351 proferre.
3330 1281 3530 1336 5Vitis

261 1395 295 1447 5
329 1394 605 1464 ’Λμπελος
639 1395 915 1465 αὐδήεσσα
937 1395 1103 1458 πέλω,
1141 1396 1233 1449 καὶ
1259 1397 1526 1466 ὀμόζυγες
1545 1399 1702 1468 ὑμεῖς

1950 1379 2178 1446 loquens
2227 1392 2372 1441 sum,
2410 1386 2463 1432 et
2507 1378 2784 1448 coniugati
2836 1395 2930 1433 vos
2977 1379 3235 1433 Palmites
3287 1379 3527 1445 vocales,

258 1478 374 1554 Κλή
385 1500 533 1553 ματα
559 1484 861 1553 φωνήεντα,
895 1485 1042 1556 σοφῷ
1084 1486 1369 1557 βεϐριθότα
1400 1488 1617 1560 καρπῷ.

1951 1473 2196 1542 sapiente
2220 1475 2498 1545 degravati
2538 1475 2738 1529 fructu.
2767 1475 2958 1531 Omnis
2986 1477 3150 1530 homo
3179 1477 3317 1530 ﬁrmi
3340 1476 3528 1530 consi-

259 1576 373 1638 Πᾶς
396 1575 586 1644 βροτὸς
622 1575 993 1647 ἐμπεδόμητις
1029 1578 1331 1648 ὁμόπλοκος
1363 1580 1444 1644 εἰς
1471 1581 1572 1650 ἐμὲ
1607 1581 1783 1653 μίμνω

1951 1569 2006 1620 lii
2037 1570 2397 1640 eomplieatus
2432 1570 2488 1625 in
2524 1587 2612 1626 me
2652 1588 2905 1634 manens,
2932 1569 3034 1628 llic
3077 1581 3235 1644 anget
3270 1575 3377 1629 Deo
3411 1588 3532 1628 ere-

255 1662 425 1729 Οὑτος
452 1667 760 1722 ἀναλδαίνει
783 1667 1071 1723 θεοπειθέα
1106 1669 1314 1741 μείζονι
1345 1673 1530 1744 μέτρῳ

1950 1664 2166 1721 dentem
2195 1668 2387 1738 majori
2425 1683 2681 1725 mensura
2711 1669 2972 1726 Fructum
3013 1686 3230 1740 semper
3259 1674 3532 1727 virescen-

254 1758 486 1828 Καρ-τεὸν
518 1759 606 1811 ἀεὶ
638 1757 954 1822 θαλέθοντα,
989 1763 1082 1814 καὶ
1116 1763 1178 1814 οὑ
1220 1762 1551 1832 μινύθουσαν
1591 1764 1783 1837 ὀπώρη

1951 1775 2079 1828 tem,
2114 1773 2308 1821 etnon
2365 1769 2724 1838 temporalem
2781 1782 3024 1839 operam.
3053 1774 3086 1822 ti
3136 1768 3192 1822 Si
3240 1785 3370 1823 vero
3411 1769 3534 1838 quis

251 1849 286 1901 6
317 1849 381 1901 Εἰ
417 1849 477 1902 δέ
518 1868 600 1913 τις
625 1844 976 1922 ἡμετέροισιν
1007 1853 1064 1904 ἐν
1092 1851 1280 1922 ἄρνεσι
1304 1855 1504 1924 μηκέτι
1537 1855 1770 1926 μίμνων,

1951 1871 2169 1920 nostros
2195 1867 2339 1919 inter
2365 1880 2538 1936 agnos
2579 1882 2687 1920 non
2718 1867 2954 1936 amplius
2983 1878 3234 1930 manens,
3270 1865 3412 1919 Vitis
3451 1867 3534 1919 in-

265 1941 570 2013 Ἀμπελόεν
597 1943 823 2014 μίμημα
850 1946 985 2014 χυτῇ
1011 1945 1162 2014 χθονὶ
1194 1945 1444 2014 βάλλεται
1473 1947 1596 2012 ἔξω,

1951 1971 2066 2016 star
2090 1963 2142 2015 in
2176 1971 2374 2018 terram
2405 1964 2628 2032 ejicitur
2652 1963 3186 2026 extra,Domeslieus
3211 1964 3530 2033 utpalmes;

263 2034 574 2105 ’ἕῖμερίδων
601 2035 676 2097 ὡς
702 2035 886 2106 κλῆμα
908 2052 919 2064 ⁸
955 2037 1048 2090 καὶ
1071 2039 1293 2092 ὲκταὸὸν
1322 2039 1478 2106 ὑψόθι
1504 2040 1667 2110 γαίης

248 2121 546 2191 Κείμενος,
577 2123 788 2192 ἀζαλέῳ
816 2124 1131 2194 ξηραίνεται
1163 2123 1256 2180 ἶσα
1287 2127 1578 2198 κορύμϐῳ·

250 2212 359 2263 Καί
395 2228 492 2282 μιν
521 2213 908 2280 άναλλέξαντες
940 2215 1046 2268 ἔσω
1080 2217 1332 2286 βάλλουσι
1365 2219 1596 2289 καμίνου

245 2303 500 2373 Αἰθέριοι
526 2303 830 2376 δρηστῆρες
853 2321 865 2335 ·
892 2309 919 2358 ὁ
950 2306 1007 2359 δὲ
1039 2307 1255 2378 φλογέῳ
1279 2309 1448 2380 πυρὸς
1471 2311 1630 2382 ἀτμῷ

243 2392 508 2452 Καίεται,
550 2395 926 2463 ἀμπελόεντας
958 2397 1126 2466 ἐμοὺς
1153 2397 1405 2469 ὄρπηκας
1437 2400 1627 2464 ἐάσας.

199 2503 203 2507 ‘
242 2486 274 2536 7
310 2486 374 2537 Et
409 2485 460 2538 δ’
494 2487 552 2538 ὲν
575 2487 696 2557 ἐμοὶ
732 2488 988 2559 μίμνητε,
1020 2490 1115 2542 καὶ
1139 2483 1416 2563 ἡμετέρης
1455 2493 1576 2563 ῥόος
1605 2496 1773 2563 αὑδῆς

1948 2068 2002 2112 et
2028 2069 2250 2114 extense
2282 2077 2446 2131 super
2490 2070 2692 2115 terram
2722 2059 2942 2128 Iacens,
2974 2061 3163 2115 aridus
3195 2061 3438 2115 siccatur
3475 2068 3535 2114 ut

1950 2174 2135 2215 ramus
2163 2178 2178 2226 ;
2213 2163 2279 2217 Et
2323 2163 2500 2230 ipsum
2531 2163 2854 2232 colligentes
2899 2163 3200 2234 projiciunt
3229 2163 3282 2216 in
3314 2161 3532 2215 furnum

1952 2260 2220 2316 C(elestes
2270 2262 2546 2327 ministri;
2585 2262 2677 2316 ille
2730 2277 2862 2317 vero
2907 2261 3159 2318 ﬂammeo
3206 2261 3350 2332 ignis
3397 2269 3532 2315 aestu

1953 2359 2162 2423 Uritur,
2191 2360 2440 2415 vitiferos
2479 2375 2633 2415 meos
2665 2374 2850 2416 ramos
2881 2361 3220 2430 relinquens.
3250 2359 3282 2412 7
3317 2357 3374 2413 Si
3406 2370 3535 2413 vero

1949 2457 2002 2509 in
2037 2471 2124 2511 me
2153 2457 2490 2523 manseritis,
2509 2465 2562 2512 et
2587 2465 2789 2513 nostrae
2815 2459 2966 2514 rivus
2991 2459 3137 2514 vocis
3155 2459 3266 2513 Vos
3299 2456 3535 2528 irrigans

254 2577 476 2646 ’Υμέας
499 2578 739 2647 ἀρδεύων
774 2580 1097 2651 ὑποκάρδιος
1123 2581 1356 2652 ἔμπεδος
1380 2585 1487 2654 εἴη,

1947 2567 2044 2606 cer
2071 2553 2294 2610 subiens
2333 2554 2523 2610 ﬁrmus
2566 2554 2754 2618 fuerit,
2787 2556 3140 2627 Quarcunque
3168 2555 3416 2626 accipere
3439 2571 3538 2610 vo-

293 2627 472 2646 ,νγ-κ,
502 2627 731 2647 ν-,η---νμ
781 2627 1096 2651 ---η-ηιμ--.
1123 2627 1353 2652 Tm",
1380 2627 1487 2654 mu

239 2665 430 2723 ’Ὀσσα
463 2667 649 2720 λαϐεῖν
681 2669 921 2740 ἐθέλητε,
953 2671 1048 2724 καὶ
1083 2672 1325 2743 αἱτίζητε
1350 2673 1560 2745 Τοκῆα,

1949 2651 2183 2716 lueritis,
2225 2661 2279 2706 et
2326 2653 2594 2723 petieritis
2622 2652 2862 2718 Patrem,
2896 2651 3067 2708 Vobis
3127 2653 3181 2707 in
3217 2650 3533 2710 universum

252 2757 423 2829 Ὑμῖν
453 2761 537 2812 εἰν
575 2761 653 2813 ἐνί
684 2761 859 2813 πάντα
887 2762 1176 2818 τελείεται.
1213 2764 1246 2816 8
1292 2766 1458 2836 ’Λμφὶ
1484 2766 1539 2818 δὲ
1566 2767 1738 2836 τούτῳ

1947 2750 2129 2803 omnia
2185 2748 2559 2818 perﬁcientur.
2593 2749 2626 2804 8
2674 2748 2730 2803 ln
2772 2750 2874 2804 hoc
2916 2757 3096 2803 autem
3133 2747 3332 2802 Noster
3375 2746 3538 2801 Pater

248 2849 570 2922 Ἦμέτερος
591 2851 823 2922 Γενέτης
854 2853 1113 2922 ὑψίζυγον
1141 2855 1330 2926 ἔλλαχε
1359 2857 1547 2928 τιμὴν,

1951 2845 2230 2914 altijngum
2279 2845 2509 2900 sortitus
2549 2852 2634 2900 est
2669 2846 2952 2909 honorem,
2979 2843 3090 2898 Vos
3127 2851 3186 2898 ut
3214 2843 3402 2898 feralis
3440 2841 3535 2897 Dei

248 2941 453 3012 Ὑμεῖς
484 2943 627 3014 ὄφρα
653 2944 854 3015 φέρητε
886 2945 1021 2998 Ε)εοῦ
1054 2945 1295 3018 ζωαρκέῐ
1327 2949 1478 3019 μύθῳ

1951 2943 2097 2996 vitali
2133 2942 2300 2996 verbo
2337 2940 2487 2996 Fidei
2524 2941 2848 3010 prudentem
2883 2941 3156 3007 fructum;
3187 2941 3293 2995 mei
3347 2947 3527 2994 autem

233 3039 478 3102 Πίστιος
515 3039 762 3112 ἔμφρονα
800 3042 1048 3114 καρπόν·
1094 3045 1217 3114 ἐμοὶ
1258 3045 1301 3097 δ’
1343 3044 1567 3098 ἕσσεσθε
1606 3043 1783 3115 μαύητ

1949 3039 2104 3094 eritis
2131 3039 2384 3108 discipuli
2408 3019 2654 3093 Moribus
2681 3037 3113 3092 immutabilibus
3141 3037 3328 3092 veri.9
3352 3033 3534 3090 Subli-

239 3131 489 3184 Ἤθεσιν
521 3131 867 3201 ἀτρέπτοισιν
893 3133 1139 3202 ἀληθέες.
1170 3134 1202 3186 9
1245 3136 1540 3208 ’Υψινεφὴς
1569 3137 1626 3189 δὲ

1952 3131 2056 3184 mis
2083 3144 2210 3183 vero
2229 3127 2378 3184 Sicut
2402 3145 2490 3184 me
2518 3128 2680 3183 Pater
2710 3129 2900 3183 dilexit
2925 3127 3270 3182 indesinentc
3292 3127 3529 3196 quadam

233 3222 338 3283 ’Ὡς
376 3236 452 3290 με
491 3221 683 3291 Πατὴρ
710 3221 966 3294 ἐφίλησεν
995 3223 1265 3295 ἀλωφήτῳ
1291 3226 1397 3278 τινὶ
1424 3226 1629 3297 θεσμῷ,

1947 3225 2083 3294 lege,
2121 3223 2215 3278 Sic
2237 3240 2336 3280 vos
2356 3225 2544 3280 dilexi.
2569 3225 2635 3279 10
2669 3223 2726 3279 In
2767 3238 2890 3280 meo
2913 3231 3095 3278 autem
3129 3228 3348 3277 manete
3375 3235 3531 3276 amo-

242 3313 253 3325 '
271 3312 469 3382 Υμέας
502 3311 578 3375 ὣς
608 3314 913 3382 ἀγάπαζον.
935 3315 1002 3368 10
1032 3316 1179 3387 Ἐμῷ
1201 3317 1244 3370 δ’
1272 3318 1594 3388 ὲπιμίμνετε
1615 3319 1783 3390 φίλτρα

1944 3325 2024 3379 ris
2059 3323 2277 3391 aﬁ‘ectu,
2309 3324 2365 3378 Si
2395 3324 2611 3394 quidem
2665 3323 3018 3394 pervigilibus
3071 3336 3190 3376 mea
3237 3320 3319 3374 lex
3352 3329 3531 3374 'aures

225 3402 410 3456 Λῖκεν
438 3404 826 3475 ἀκοιμήτοισιν
863 3408 992 3478 ἐμὸς
1021 3407 1139 3470 νόος
1167 3407 1338 3462 οὔατα
1365 3409 1558 3475 δύνων,

1945 3422 2190 3484 subiens,
2219 3419 2429 3476 Vestris
2455 3420 2773 3490 przecordiis
2806 3433 3020 3488 semper
3041 3415 3311 3470 custodita
3345 3414 3530 3479 fuerit,

240 3501 464 3571 Ὑμετέ
476 3518 596 3570 ραις
625 3501 987 3573 πραπίδεσσιν
1011 3504 1097 3556 eisi.
1129 3504 1534 3575 φρουρούμενος
1556 3506 1662 3576 εἴη,

1945 3517 2236 3574 Vinculum
2289 3533 2423 3572 meze
2474 3517 2729 3572 amicitiae
2775 3522 2957 3569 mente
3008 3526 3227 3583 semper
3285 3522 3530 3582 angens;

223 3593 463 3663 Δεσμὸν
492 3593 630 3660 ἐμῆς
656 3593 940 3664 φιλότητος
975 3595 1082 3647 ὑπὸ
1112 3597 1314 3666 φρένας
1347 3597 1464 3650 αίὲν
1495 3597 1695 3664 ἀέξωψ

1946 3617 2101 3670 Sicut
2145 3628 2198 3672 et
2232 3631 2332 3686 ego
2372 3615 2550 3670 Patris
2582 3612 3100 3682 irreprehensibiles
3147 3611 3295 3680 leges
3341 3614 3530 3662 custm

222 3685 332 3747 ’Ὡς
372 3701 485 3737 κεν
512 3683 620 3750 ἐγὼ
651 3685 946 3755 Γενετῆρος
982 3687 1242 3757 ἀμεμφέα
1269 3686 1446 3758 θεσμά
1477 3689 1765 3756 φυλάσσων

1944 3716 2094 3769 rliens
2126 3712 2416 3766 Paternam
2445 3711 2497 3764 in
2536 3711 2888 3766 dilectionem
2921 3725 3006 3763 me
3044 3707 3318 3763 inclinans
3345 3706 3525 3761 adhuc

221 3775 525 3844 Πατρῴης
556 3775 777 3861 ἀγάπης
797 3777 1163 3847 άπονεύμενος
1185 3777 1351 3830 εἰσέτι
1381 3779 1582 3850 μίμνω.

1944 3812 2150 3852 maneo.
2190 3796 2249 3849 ll
2295 3795 2456 3849 Vobis
2484 3802 2672 3849 autem
2716 3795 2872 3848 ﬁrma
2909 3793 3026 3847 haec
3064 3793 3240 3846 amica
3281 3790 3527 3844 sentiens

218 3865 282 3916 ll
336 3864 523 3932 ’Υμῖν
543 3864 585 3916 δ’
618 3863 829 3932 ἔμπεδα
862 3865 1034 3918 ταῦτα
1065 3867 1196 3934 φίλα
1225 3869 1465 3938 φρονέων
1490 3871 1761 3941 ἀγορεύω,

1944 3893 2080 3957 dico,
2113 3891 2281 3946 Vobis
2327 3898 2387 3944 ut
2419 3890 2679 3959 gaudium
2715 3890 2812 3949 sit,
2858 3895 2914 3942 et
2963 3886 3220 3941 omnibus
3257 3885 3312 3938 in
3369 3884 3528 3940 vobis

229 3953 504 4024 ’Υμείων
535 3953 621 4004 ἵνα
654 3954 840 4024 χάρμα
871 3955 1045 4019 πέλοι,
1077 3957 1172 4008 καὶ
1209 3959 1373 4010 πᾶσιν
1400 3960 1456 4010 ἐν
1494 3960 1624 4028 ὑμῖν

216 4047 455 4118 Χάρμα
497 4042 967 4116 πολυσφρήγιστον
991 4047 1122 4116 ἐμὸν
1145 4047 1526 4118 τετελεσμένον
1557 4050 1663 4119 εἴη.

218 4137 292 4190 12
329 4135 651 4198 ’Λπλανέος
683 4137 844 4204 σοφὸς
881 4132 1032 4201 οὗτος
1065 4137 1200 4208 ἐμὸς
1234 4139 1358 4209 ὅρος
1387 4139 1534 4190 ἐστὶν
1569 4139 1837 4208 ἐφετμῆς,

217 4229 407 4299 166
456 4225 750 4298 Ἀλλήλους
780 4228 865 4281 ἵνα
905 4230 1106 4292 πάντες
1135 4229 1222 4282 ἀεὶ
1264 4229 1500 4298 φιλέοιτε
1533 4229 1628 4281 καὶ
1662 4230 1840 4299 ὑμεῖς,
1944 4225 2092 4305 to"
2150 4225 2478 4305 """’_c'"_"'
2531 4225 2968 4305 ""mcfffmvr
3019 4225 3256 4305 “meum:

210 4288 461 4388 Ξεζεῖὸν
505 4320 561 4381 ἐς
588 4288 849 4386 ἀλλήλους
880 4320 1062 4390 φιλίης
1086 4288 1304 4374 ἀλύτοιο
1335 4320 1650 4390 φυλάσσειν,
1699 4288 1710 4299 '

1944 4299 2235 4354 Vinculum
2296 4296 2532 4350 invicem
2595 4293 2849 4348 amicitiae
2907 4292 3077 4346 ﬁrmae
3135 4288 3523 4350 custodiendo,

223 4411 473 4480 ’Υμέας
500 4409 573 4472 ὡς
599 4409 903 4477 ἀγάπαζον.
932 4411 998 4464 15
1033 4410 1172 4478 Ἐγὼ
1194 4411 1238 4463 δ’
1265 4411 1372 4482 ἄρα
1400 4410 1620 4480 μείζονα
1643 4410 1778 4462 ταύτ-

1945 4408 2098 4461 Sicut
2131 4419 2229 4459 vos
2276 4403 2461 4458 dilexi.
2491 4403 2556 4456 l5
2601 4399 2710 4472 Ego
2745 4413 2881 4455 sane
2903 4397 3164 4468 majorem
3203 4395 3307 4450 hae
3347 4392 3521 4448 Tanta

1931 3985 2202 4040 Gaudium
2269 3985 2406 4039 bene
2473 3985 2767 4053 sigillatum
2827 3995 3012 4036 meum
3070 3979 3374 4049 perfectum
3429 3979 3524 4034 sit.

1935 4093 2004 4146 l2
2037 4090 2203 4144 Firmi
2257 4089 2474 4158 sapiens
2512 4089 2601 4142 hic
2633 4102 2789 4142 meus
2826 4085 3094 4142 terminus
3134 4093 3217 4140 est
3250 4083 3528 4154 pracepti,

1943 4195 2099 4265 167
2148 4193 2384 4247 Invicem
2416 4200 2478 4246 ut
2531 4205 2722 4245 omnes
2764 4202 2979 4258 semper
3019 4186 3256 4258 diligatis
3307 4194 3359 4238 et
3402 4195 3524 4250 vos,

1383 4617 1388 4621 .
1457 4552 1736 4623 TEXTUS
1774 4563 2296 4619 EVANGELISTJE.

289 4705 330 4757 5
372 4701 529 4770 Ἠδη
564 4703 720 4772 ὑμεῖς
755 4706 983 4779 καθαροί
1022 4710 1143 4759 ἐστε
1176 4705 1265 4758 διὰ
1293 4705 1382 4758 τὸν
1421 4704 1577 4772 λόγον
1605 4703 1663 4755 ὃν
1686 4703 1839 4756 λελά-
1870 4706 1915 4760 ι)
1945 4703 2094 4771 ὑμῖν.

203 4790 376 4854 ληκα
419 4770 611 4855 ὑμῖνξ
901 4770 911 4779 ’
1496 4770 1504 4772 ὴ
1987 4770 2045 4838 ⁷8
2091 4785 2177 4836 Ἐν
2203 4782 2374 4851 τούτῳ
2412 4781 2671 4851 ἐδοξάσθη
2711 4783 2738 4834 ὀ
2784 4781 2975 4850 Πατήρ
3020 4797 3148 4850 μου,
3180 4779 3266 4831 ἵνα
3308 4770 3522 4848 καρπον

290 4873 332 4924 4
371 4870 622 4924 Μείνατε
653 4873 710 4924 ἐν
750 4874 893 4943 ἐμοὶ,
930 4872 1084 4940 κάγὼ
1111 4875 1168 4924 ἐν
1195 4873 1322 4942 ὑμῖν
1344 4889 1357 4902 ·
1401 4869 1583 4931 καθὼς
1611 4869 1671 4923 τὸ
1700 4867 1828 4937 κλῆα
1942 4867 2108 4919 πολὺν
2135 4866 2337 4935 φέρητε
2357 4882 2369 4893 ·
2404 4866 2498 4917 καὶ
2531 4857 2826 4934 γενήσεσθε
2861 4863 2985 4933 ἐμοὶ
3010 4861 3271 4933 μαθηταί.

207 4973 299 5026 μοι
339 4954 417 5007 οὑ
475 4951 694 5007 δύναται
735 4957 944 5026 καρπὸν
988 4956 1173 5026 φέρειν
1214 4957 1305 5024 ἀφ’
1353 4953 1588 5015 ἑαυτοῦ,
1633 4951 1726 5004 ἐὰν
1762 4947 1834 5022 μὴ
2014 4951 2046 5005 9
2079 4949 2276 5012 Καθὼς
2319 4947 2573 5017 ήγάπησέ
2616 4965 2683 5018 με
2729 4951 2757 5000 ὁ
2801 4948 3011 5017 Πατὴρ,
3055 4944 3209 5014 κάγὼ
3254 4945 3520 5016 ἠγάπησα

209 5039 408 5109 μείνῃ
433 5038 500 5088 ἐν
528 5040 592 5108 τῇ
635 5039 899 5109 ἀμπέλῳο
925 5037 1096 5102 οὕτως
1148 5037 1266 5091 οὐδὲ
1312 5039 1487 5108 ὑμεῖς,
1528 5033 1622 5090 ἐὰν
1663 5036 1738 5107 μή
1779 5036 1836 5087 tv
1943 5031 2118 5101 ὑμᾶς·
2153 5031 2369 5099 μείνατε
2404 5031 2462 5084 tv
2495 5033 2561 5100 τῇ
2598 5030 2789 5102 ἀγάπῃ
2812 5032 2877 5100 τῇ
2916 5031 3056 5099 ἐμῇ.-

205 5122 361 5194 ὲμοὶ
398 5119 654 5190 μείνητε.
2018 5114 2084 5167 10
2126 5113 2248 5188 Ἐὰν
2274 5113 2373 5176 τὰς
2403 5113 2622 5176 ἐντολάς
2657 5130 2756 5184 μου
2786 5113 3085 5183 τηρήσητε,
3121 5112 3329 5180 μενεῖτε
3361 5112 3418 5163 ὲν
3452 5111 3516 5180 τῇ

293 5203 338 5257 5
389 5200 549 5267 Ἐγώ
577 5203 691 5271 εἰμι
723 5205 755 5273 ἡ
793 5204 1056 5273 ἄμπελος,
1084 5205 1243 5274 ὑμεῖς
1270 5201 1336 5257 τὰ
1366 5203 1618 5274 κλήματα
1641 5217 1652 5230 ’
1683 5203 1710 5253 ὁ
1740 5201 1830 5271 μέ-
1944 5201 2132 5272 ἀγάπῃ
2168 5215 2267 5268 μου
2287 5214 2300 5227 ⁸
2334 5196 2516 5260 καθὼς
2553 5197 2662 5266 ἐγὼ
2683 5196 2782 5260 τὰς
2812 5196 3032 5260 ἐντολὰς
3060 5194 3153 5248 τοῦ
3177 5195 3390 5265 Πατρός
3413 5207 3516 5263 μου

207 5302 340 5339 νων
384 5285 460 5335 ὲν
509 5284 654 5352 ἐμοὶ,
708 5285 863 5353 κάγὼ
908 5289 963 5338 ὲν
1008 5285 1176 5355 αὑτῷ,
1217 5279 1371 5350 οὗτος
1419 5287 1572 5357 φέρει
1626 5283 1836 5354 καρπὸν
1944 5283 2260 5353 τετήρηκα,
2286 5282 2380 5334 καὶ
2405 5281 2550 5350 μένω
2573 5281 2735 5333 αὑτοῦ
2769 5281 2825 5332 ἐν
2856 5282 2921 5349 τῇ
2953 5280 3161 5350 ἀγάπῃ.

205 5367 420 5422 πολύν
451 5382 467 5394 ·
506 5367 585 5418 ὅτι
613 5369 781 5439 χωρὶς
810 5370 942 5439 ἐμοῦ
974 5370 1035 5422 οὑ
1061 5365 1287 5422 δύνασθε
1316 5373 1486 5422 ποιεῖν
1515 5370 1684 5421 οὐδέν.
2019 5369 2077 5420 Η
2115 5366 2301 5418 Ταῦτα
2326 5365 2596 5435 λελάληκα
2619 5367 2744 5434 ὑμῖν
2769 5365 2854 5417 ἵνα
2880 5366 2912 5433 ἡ
2938 5362 3080 5433 χαρά
3108 5364 3141 5430 ή
3171 5359 3279 5430 ἐμὴ
3302 5360 3360 5412 ἑν
3386 5357 3515 5425 ὑμῖν

292 5454 336 5504 6
398 5448 542 5500 Ἰῐὰν
590 5453 662 5520 μή
699 5469 781 5513 τις
816 5453 972 5525 μείνῃ
1016 5454 1072 5505 ἐν
1111 5452 1253 5522 ἐμοὶ,
1295 5452 1494 5520 ἐϐλήθη
1531 5451 1636 5517 ἔξω
1669 5453 1742 5514 ὡς
1778 5454 1837 5506 τὸ
1947 5452 2128 5522 μείνῃ,
2163 5450 2256 5502 καὶ
2283 5451 2316 5518 ἡ
2351 5449 2494 5520 χαρὰ
2523 5449 2675 5519 ὑμῶν
2712 5449 2992 5520 πληρωθῇ.

200 5536 472 5606 κλῆμα,
503 5517 600 5585 καῖ
621 5517 889 5606 ἐξηράνθη
915 5554 927 5566 '
945 5517 1063 5589 "uati.
1095 5517 1420 5604 σύνάγουσιν-
1447 5517 1606 5596 αὑτὰ,
1635 5535 1729 5586 καὶ
1755 5538 1834 5600 εἰς
1948 5517 1959 5522 τ
2015 5517 2259 5603 ίὲᾏὺτη
2285 5517 2436 5588 ἐστὶν
2463 5535 2495 5604 ή
2523 5517 2708 5602 ἐντολὴ
2733 5536 2767 5602 ἡ
2795 5517 2922 5602 ἐμὴ,
2949 5517 3039 5581 ἵνα
3074 5524 3320 5593 ἀγαπᾶτε
3347 5517 3514 5592 ἀλλήι

201 5618 348 5690 πῦρ
384 5611 681 5684 βάλλουσι,
718 5618 810 5672 καὶ
839 5618 1071 5672 καίεται.
1943 5619 2086 5683 λους,
2116 5619 2296 5682 καθὼς
2321 5619 2581 5689 ἠγάπησα
2609 5618 2775 5687 ὑμᾶς.

296 5683 336 5754 "7
386 5683 537 5749 Ἶζὰν
583 5698 802 5770 μείνητε
846 5702 902 5754 tv
933 5703 1079 5772 ἐμοὶ,
1123 5701 1216 5754 καὶ
1257 5701 1326 5754 τά
1373 5700 1594 5772 ῥήματά
1643 5717 1742 5770 μου
1777 5702 1834 5753 ὲν
2016 5705 2082 5756 15
2111 5683 2570 5771 Μείζονα-ταύτης
2590 5683 2809 5766 ἀγάπην
2834 5695 3007 5756 οὐδεὶς
3035 5692 3167 5762 ἔχειν
3198 5690 3284 5743 ἵνα
3304 5700 3389 5752 τις
3409 5683 3508 5756 τὴν

203 5784 364 5857 ὑμῖν
407 5778 602 5854 μείνῃ,
633 5781 662 5834 ὃ
696 5783 790 5836 ἐὰν
823 5784 1019 5855 θέλητε
1065 5785 1374 5855 αἰτήσεσθε,
1408 5787 1499 5838 καὶ
1544 5786 1830 5856 γενήσεται
1942 5786 2118 5855 ψυχὴν
2152 5784 2314 5838 αὑτοῦ
2341 5785 2406 5856 θῇ
2445 5785 2579 5854 ὑπὲρ
2614 5782 2718 5834 τῶν
2743 5779 2907 5848 φίλων
2936 5775 3120 5830 αὑτοῦ.
3248 5862 3250 5864 Ι

589 5875 857 5936 ΡΑτιιοι.
908 5875 1022 5934 Gn.
1064 5875 1288 5936 XIJII.

3183 5867 3262 5926 28
