3900 6216
390 424 487 482 875

1612 407 1818 466 NONNI
1843 397 2346 460 PANOPOLITAM

386 548 680 606 dilectione
715 544 873 600 aliam
923 556 1031 596 non
1066 536 1190 594 novi
1235 535 1554 607 intelligere,
1601 533 1841 590 Pretium
1877 546 1964 586 re-

2102 517 2368 586 ὀσσατίης
2393 514 2611 586 ἀγάπης
2647 513 2840 583 ἑτέρην
2863 510 2963 564 ούκ
2989 504 3106 563 οῖδα
3137 506 3350 576 νοῆσαι,

386 639 715 710 demptionis
743 651 842 707 pro
869 647 1092 688 suorum
1115 631 1388 687 sociorum
1418 630 1526 684 vita
1551 637 1608 683 ut
1629 629 1755 698 quis
1784 627 1960 698 ipsam

390 733 638 785 Animam
704 727 957 780 nnmibus
1021 724 1242 780 cltaram
1317 721 1642 791 adjutriccm
1697 720 1959 790 praebeat.

397 824 457 875 lt
486 821 594 878 Vos
623 820 780 875 simul
822 832 1012 873 omnes
1057 816 1161 872 mei
1200 815 1362 870 amici
1400 812 1662 886 [estis],si
1693 818 1962 882 praecepta

391 915 582 970 Nostra
607 913 820 970 facietis
841 913 1008 967 vitam
1046 911 1274 968 ferentia
1301 925 1421 982 qua:
1446 909 1717 981 pra-cupio.
1755 909 1820 962 15
1855 905 1964 960 Vos

393 1039 499 1076 non
525 1023 754 1094 amplius
790 1036 982 1082 omnes
1013 1035 1166 1076 meos
1195 1019 1475 1076 ministros
1505 1018 1730 1076 vocabo.
1759 1017 1965 1072 Servus

389 1131 472 1184 vir
503 1145 611 1186 non
652 1130 802 1184 novit
834 1128 978 1199 quod
1020 1122 1278 1183 dominus
1307 1141 1445 1196 opus
1469 1125 1618 1185 texit.
1647 1124 1850 1183 Servus
1886 1123 1967 1176 vir

391 1246 497 1285 non
549 1229 749 1294 novit;
788 1241 939 1283 meos
1001 1233 1180 1282 autem
1243 1223 1516 1280 nominavi
1568 1224 1748 1279 socios
1808 1221 1965 1287 Vos;

389 1340 727 1396 quascunque
760 1325 904 1380 enim
950 1323 1054 1393 ipsi
1093 1321 1299 1379 cmlesti
1331 1337 1360 1375 a
1403 1336 1535 1374 voce
1571 1319 1762 1374 Audivi
1791 1319 1967 1375 nostri

390 1425 636 1482 benevoli
675 1422 874 1487 Patris,
907 1421 1074 1476 Vobis
1104 1421 1360 1476 omnibus
1396 1420 1764 1475 manifestavi.
1806 1420 1873 1474 16
1901 1416 1968 1473 Ει

396 1539 505 1579 non
551 1523 765 1578 mortali
819 1536 906 1578 me
944 1520 1126 1575 animo
1175 1518 1286 1574 Vos
1335 1519 1612 1590 elegistis;
1645 1519 1970 1574 discernens

397 1628 582 1676 autem
613 1618 913 1690 discipulos
944 1616 1056 1674 Vos
1096 1632 1162 1672 ex
1197 1616 1384 1670 multis
1413 1615 1748 1684 intelligente
1788 1623 1970 1670 mente

397 1732 589 1774 omnes
633 1716 850 1785 suscepi
897 1714 1217 1778 Fideliores,
1249 1722 1300 1768 et
1354 1712 1458 1767 feci
1489 1712 1740 1776 comites,
1769 1720 1829 1766 ut
1879 1727 1971 1767 ve-

397 1815 611 1869 nientes
662 1812 922 1868 Fructum
977 1811 1368 1875 accumuletis,
1401 1817 1454 1866 et
1501 1817 1743 1865 vestrum
1783 1825 1970 1866 semen

2066 609 2274 680 Λύτρον
2297 607 2400 660 ἐῶν
2434 605 2644 675 ἑτάρων
2677 603 2948 674 ζωάγριον
2975 599 3122 672 ὄφρα
3150 616 3235 661 τις
3264 595 3430 666 αὑτὴν

2063 701 2258 771 Ψυχὴν
2286 701 2421 752 πᾶσι
2450 698 2719 770 μέλουσαν
2747 693 3104 764 ἀλεξήτειραν
3137 691 3366 760 ὀπάσσῃ.

2069 793 2133 845 14
2171 791 2359 861 Ὑμεῖς
2389 792 2468 843 είν
2509 788 2590 842 ἐνὶ
2620 789 2820 850 πάντες
2855 785 2978 856 ἐμοὶ
3015 783 3181 852 φίλοι,
3223 780 3380 834 αἶκεν
3409 779 3648 849 ἐφετμάς

2076 883 2379 954 Ἡμετέρας
2409 881 2667 952 τελέσητε
2700 877 2962 951 βιαρκέας
2989 876 3056 940 ἃς
3083 874 3365 928 ἐπιτέλλω.

2071 973 2136 1027 15
2181 972 2382 1044 ’Υμέας
2414 970 2596 1025 οὐκέτι
2632 970 2840 1032 πάντας
2874 966 3043 1038 ἐμοὺς
3084 963 3422 1036 θεράποντας
3463 959 3651 1027 ἐνίψω.

2069 1065 2265 1128 Δοῦλος
2297 1064 2435 1136 ἀνὴρ
2463 1064 2560 1118 οὑκ
2585 1060 2694 1116 οἶδε
2717 1062 2768 1115 τί
2797 1061 3048 1131 κοίρανος
3077 1056 3233 1129 ἔργον
3273 1055 3509 1122 ὑφαίνει,

2069 1157 2263 1219 Δοῦλος
2294 1155 2433 1228 ἀνὴρ
2468 1156 2568 1208 οὑκ
2600 1151 2740 1208 οἶδεν
2761 1171 2773 1183 ·
2816 1153 2981 1223 ἐμοὺς
3016 1149 3060 1203 δ’
3096 1149 3359 1218 ὀνόμηνον
3404 1143 3653 1212 ἑταίρους

2083 1245 2302 1316 ’Υμέας.
2327 1245 2505 1298 Ὄσσα
2543 1243 2650 1315 γὰρ
2682 1242 2843 1305 αὑτὸς
2881 1239 3210 1313 ὲπουρανίης
3234 1235 3342 1290 ἀπὸ
3377 1234 3558 1304 φωνῆς

2075 1335 2304 1389 Ἕκλυον
2331 1335 2618 1407 ἡμετέροιο
2644 1333 3018 1405 φιλοστόργοιο
3049 1331 3274 1401 Τοκῆος,

2084 1429 2241 1498 Ὑμῖν
2267 1428 2432 1480 πᾶσιν
2466 1425 2657 1496 ἐφηνα.
2698 1427 2763 1479 16
2793 1426 2901 1477 Καὶ
2926 1425 2988 1477 οὐ
3015 1423 3209 1496 βροτέῃ
3236 1440 3302 1494 με
3335 1425 3552 1493 μενοινῇ

2085 1518 2272 1587 Ὑμεῖς
2298 1515 2609 1584 ὲξελέγεσθε
2627 1533 2640 1545 ο
2673 1514 2964 1585 διακρίνων
2993 1514 3048 1566 δὲ
3079 1512 3327 1585 μαθητὰς

2086 1609 2286 1679 ’Υμέας
2317 1609 2381 1661 ἐκ
2411 1608 2620 1660 πολέων
2644 1609 2803 1678 νοερῇ
2837 1605 2996 1677 φρενὶ
3026 1605 3231 1667 πάντας
3258 1604 3491 1674 ἐδέγμην

2075 1700 2456 1770 Πιστοτέρους,
2493 1700 2586 1752 καὶ
2627 1698 2799 1769 ἔθηκα
2845 1697 3160 1769 συνήλυδας,
3208 1697 3354 1767 ὄφρα
3405 1694 3660 1766 μολόντες

2077 1792 2302 1864 Καρπὸν
2325 1792 2614 1862 ἀεξήσητε,
2647 1790 2741 1844 καὶ
2762 1790 2968 1861 ὑμείων
3001 1790 3198 1861 σπόρος
3222 1791 3306 1860 εἴη

395 1912 465 1969 sit
481 1910 843 1967 Fructiferum
874 1911 927 1966 in
957 1918 1245 1973 aeternum,
1270 1917 1322 1964 ct
1349 1908 1580 1980 supplici
1605 1908 1839 1979 quodam
1861 1923 1973 1962 ser-

2102 1886 2370 1958 ἱάρπιμος
2395 1885 2475 1946 είς
2503 1881 2672 1936 αίῶνα
2690 1898 2702 1912 ·
2736 1882 2831 1935 καὶ
2873 1881 3064 1952 ίκεσίῳ
3089 1880 3196 1932 τινὶ
3230 1879 3385 1950 μύθῳ

396 2026 556 2065 mone
600 2008 975 2080 Quodcunque
1030 2007 1298 2078 petieritis
1350 2008 1419 2062 ab
1466 2007 1734 2062 altissimo
1779 2004 1969 2068 Patre,

404 2105 607 2160 Nomen
639 2104 959 2161 invocantes
981 2119 1185 2167 meum,
1210 2104 1392 2158 omnia
1424 2103 1720 2173 perficiam.
1757 2102 1820 2155 17
1849 2099 1973 2155 llaec

393 2203 697 2273 praedicens
751 2201 1009 2273 praecipio
1054 2200 1310 2272 prudenti
1367 2216 1630 2256 sermone
1681 2198 1972 2253 Vinculum

402 2301 634 2356 invicem
675 2299 930 2354 amicitiae
955 2298 1266 2354 insolubilis
1295 2305 1355 2354 ut
1387 2297 1734 2353 custodiatis.
1768 2297 1835 2351 18
1865 2292 1976 2351 Vos

395 2397 441 2452 si
470 2397 584 2450 odit
623 2403 842 2452 errante
879 2401 1060 2451 mente
1091 2396 1328 2452 mundus
1366 2395 1665 2465 supe'bus,
1707 2393 1825 2449 lloc
1868 2394 1976 2448 hu-

395 2494 778 2563 migenitorum
817 2494 974 2550 scitis
1000 2501 1168 2550 testes
1203 2508 1451 2562 operum,
1480 2491 1654 2558 Quam
1699 2507 1797 2546 vos
1831 2493 1974 2561 quod

398 2589 570 2659 magis
597 2589 861 2646 conviciis
892 2590 1197 2651 incessens,
1217 2587 1374 2648 Prius
1409 2604 1494 2643 me
1537 2588 1662 2641 odio
1706 2587 1974 2643 habuerit.

403 2681 470 2741 19
504 2685 589 2750 Ει,
625 2688 671 2743 si
715 2687 1056 2752 terrestrium
1100 2685 1332 2740 formam
1387 2683 1626 2741 virorum
1684 2685 1860 2741 Mores
1889 2703 1982 2740 nn-

398 2784 573 2840 eentis
606 2785 984 2840 inconstantes
1017 2783 1294 2840 haberetis
1324 2782 1533 2848 mundi,
1572 2780 1683 2840 Vos
1717 2791 1977 2856 tanquam

400 2881 650 2952 proprios
685 2881 982 2937 associaret
1013 2880 1250 2936 mundus
1283 2894 1499 2936 errans.
1529 2880 1636 2936 Sed
1671 2883 1800 2952 quia
1826 2898 1974 2938 erra~

399 2989 512 3031 tum
547 2977 798 3033 humana:
824 2979 1051 3034 nescitis
1084 2977 1478 3048 generationis,
1504 2977 1568 3032 Et
1597 2995 1796 3035 curvas
1829 2997 1982 3036 mun-

397 3075 451 3127 (li
483 3073 861 3144 cogitationes,
891 3075 1235 3145 imprudente
1260 3091 1388 3132 vero
1408 3072 1519 3132 Vos
1553 3092 1618 3132 ex
1650 3077 1856 3132 mundo
1896 3077 1982 3131 in-

399 3169 705 3241 telligentes
749 3171 867 3241 ipse
916 3155 1157 3242 suscepi,
1194 3169 1262 3226 Ut
1303 3172 1550 3241 spurium
1591 3171 1845 3228 humanae
1871 3188 1980 3228 non

2080 1977 2232 2030 Ὂττι
2263 1992 2356 2028 κεν
2385 1973 2628 2044 αἱτίζητε
2657 1971 2783 2044 παρ’
2816 1971 3043 2042 ὑψίστου
3073 1970 3360 2040 Βασιλῆος,

2078 2066 2298 2136 Οὕνομα
2329 2065 2714 2136 κικλήσκοντες
2749 2064 2904 2135 ὲμδν,
2941 2063 3228 2134 ξύμπαντα
3253 2060 3516 2114 τελέσσω.

2081 2160 2144 2213 17
2177 2158 2360 2212 Ταῦτα
2391 2156 2743 2229 θεοπροπέων
2773 2157 3123 2226 ἐπιτέλλομαι
3150 2156 3380 2227 ἔμφρονι
3418 2153 3576 2226 μύθῳ

2078 2252 2285 2322 Δεσμὸν
2314 2252 2370 2316 ὲς
2407 2251 2670 2321 ἀλλήλους
2697 2250 2882 2321 φιλίης
2911 2249 3126 2306 ἀλύτοιο
3153 2249 3463 2319 φυλάσσειν.

2082 2345 2148 2398 18
2183 2344 2385 2415 ’Υμέας
2410 2346 2458 2396 εί
2493 2343 2710 2412 στυγέει
2736 2343 2978 2416 σφαλερῇ
3008 2343 3165 2414 φρενὶ
3193 2340 3390 2411 κόσμος
3422 2340 3668 2410 ἀγήνωρ,

2081 2435 2248 2489 Τοῦτο
2274 2435 2652 2506 χαμαιγενέων
2687 2434 2985 2503 γινώσκετε
3023 2435 3297 2505 μάρτυρες
3333 2431 3532 2504 ἔργων,

2094 2527 2331 2598 ’Υμείων
2356 2528 2438 2581 ὅτι
2473 2527 2673 2598 μᾶλλον
2700 2525 3082 2598 ἐπεσϐολίῃσιν
3108 2525 3367 2595 ἐλέγχων,

2084 2618 2305 2688 Πρῶτον
2319 2619 2417 2688 ἐμὲ
2433 2617 2749 2686 στυγέεσκε.
2768 2616 2833 2670 19
2846 2616 2955 2670 Καὶ
2968 2614 3016 2668 εἰ
3038 2614 3265 2686 χθονίων
3279 2613 3341 2667 τύ
3351 2631 3446 2667 πον
3459 2611 3676 2683 ἀνδρῶν

2083 2703 2253 2771 Ἦθος
2283 2705 2616 2778 ἀλιτροϐίοιο
2642 2705 2930 2776 βιοπλανὲς
2953 2706 3125 2776 εἴχετε
3163 2703 3392 2774 κόσμου,

2096 2801 2303 2871 ’Υμέας
2328 2800 2403 2863 ὼς
2439 2799 2599 2862 ίδίους
2622 2798 2903 2872 ἑταρίζετο
2925 2798 3128 2869 κόσμος
3155 2797 3360 2869 ἀλήτης
3387 2811 3400 2824 '

2096 2891 2235 2945 Ἀλλ’
2265 2891 2387 2944 ἐπεὶ
2421 2891 2739 2962 ἀμπλακίην
2768 2890 2996 2961 βροτέης
3029 2889 3129 2943 οὑκ
3162 2889 3277 2942 ίστε
3304 2886 3584 2959 γενέθλης.

2089 2985 2196 3036 Καὶ
2223 2983 2442 3047 σκολιὰς
2472 2983 2696 3054 κόσμοιο
2739 2981 3055 3054 μεληδὸνας,
3089 2979 3356 3051 άφραδέος
3378 2979 3436 3032 δὲ

2099 3075 2304 3146 ’Υμέχς
2333 3077 2395 3128 ἐκ
2418 3075 2643 3146 κόσμοιο
2675 3076 2944 3146 νοήμονας
2975 3074 3137 3138 αὐτὸς
3170 3073 3425 3143 ἐδέγμην,

2103 3165 2190 3227 Ὠς
2225 3164 2375 3217 νόθον
2409 3163 2712 3235 ἀνδρομέης
2740 3164 2800 3216 οὐ
2831 3165 3054 3234 γνήσιον
3089 3158 3228 3233 αἷμα
3251 3161 3535 3232 γενέθλης,

401 3266 702 3337 legitimum
741 3267 1064 3337 sanguinem
1102 3268 1489 3338 generationis,
1523 3267 1634 3324 Vos
1673 3269 1789 3324 odit
1831 3286 1981 3324 mun-

2102 3255 2308 3324 ’Υμέας
2336 3254 2526 3321 ἓστυγε
2546 3253 2769 3323 κόσμος.
2799 3252 2869 3304 ‘20
2908 3253 2994 3304 Ἐν
3019 3252 3272 3322 ἀτρέπτῳ
3299 3250 3354 3304 δὲ
3385 3252 3602 3321 μενοινῇ

401 3364 525 3418 dus.
553 3363 623 3418 20
656 3363 984 3418 lmmutabili
1041 3372 1221 3418 autem
1256 3372 1435 3420 mente
1458 3365 1620 3436 168
1650 3364 1829 3420 Nostri
1869 3380 1986 3419 mc-

418 3458 658 3514 ministis
693 3457 977 3529 prudentis
1005 3459 1186 3514 adhuc
1211 3459 1506 3522 sermonis,
1548 3458 1605 3514 in
1635 3476 1803 3514 unum
1848 3475 1986 3516 con-

404 3553 646 3622 grcgatis
673 3567 834 3623 quem
867 3561 1025 3608 antea
1055 3555 1165 3609 dixi
1203 3553 1393 3609 vobis:
1423 3553 1628 3610 Servus
1652 3555 1736 3609 vir
1767 3571 1878 3611 non
1905 3567 1992 3612 est

407 3664 510 3704 suo
540 3664 666 3719 rege
705 3650 1095 3719 praestantior;
1125 3647 1310 3718 Neque
1349 3649 1534 3720 aliquo
1572 3651 1819 3708 mittente
1850 3653 1990 3724 lega-

413 3755 502 3800 tus
535 3752 618 3799 εει
645 3745 842 3814 major.
881 3741 940 3799 Si
976 3745 1215 3800 humana
1260 3761 1344 3800 me
1369 3754 1655 3816 persecuta
1697 3756 1781 3803 est
1805 3749 1991 3804 minax

406 3841 718 3912 generatio,
748 3839 994 3911 EXpellet
1042 3839 1302 3910 deinceps
1347 3850 1402 3897 et
1447 3857 1544 3899 vos
1581 3863 1594 3899 :
1640 3844 1686 3898 si
1727 3852 1783 3899 et
1811 3845 1988 3916 ipsum

411 3936 730 3996 Sermonem
785 3935 892 3992 mei
938 3935 1180 4007 pectoris
1232 3936 1565 3993 custoditum
1612 3939 1763 3996 intus
1807 3944 1992 3996 occul—

407 4044 506 4101 tat,
539 4037 715 4095 Etiam
763 4050 1072 4092 sermonem
1109 4043 1350 4091 vestrum
1388 4036 1531 4091 intra
1567 4051 1662 4092 cor
1700 4039 1987 4095 custodiet.

405 4135 466 4187 ‘zl
517 4134 640 4190 llaec
671 4150 800 4189 vero
836 4132 992 4197 fidele
1021 4147 1200 4190 meum
1243 4140 1464 4202 propter
1486 4147 1684 4190 nomen
1730 4135 1830 4189 viri
1867 4151 1992 4206 pec-

407 4240 623 4287 catores
648 4229 817 4286 invidi
857 4229 1058 4283 facient
1087 4228 1266 4282 vobis.
1290 4227 1555 4284 Neutrum
1589 4230 1734 4284 enim
1769 4227 1882 4286 Nec
1909 4247 1995 4287 me

409 4331 770 4396 cognoscunt,
803 4338 901 4380 nec
925 4323 1230 4379 mittentem
1263 4319 1594 4378 Patrem.22
1623 4323 1734 4380 Nisi
1769 4340 1800 4380 a
1835 4323 1996 4383 Patre

411 4424 686 4479 venissem
733 4436 835 4494 ego
884 4420 1036 4474 vitali
1084 4419 1434 4482 deductione,
1460 4419 1729 4476 Omnibus
1778 4423 1994 4492 pietatis

413 4521 553 4573 viam
589 4517 888 4579 dixissent,
932 4531 1040 4569 non
1090 4529 1224 4569 sane
1264 4515 1341 4568 illi
1391 4514 1664 4572 Haberent
1716 4531 1994 4587 peccatum

2095 3344 2258 3416 169
2304 3344 2606 3414 Ἦμετέρου
2641 3343 2921 3414 μέμνησθε
2953 3343 3249 3414 σαόφρονος
3283 3341 3446 3394 εἰσέτι
3480 3341 3680 3414 μύθου,

2094 3434 2209 3507 [Είς
2232 3436 2289 3487 ἓν
2317 3435 2690 3506 ἀγειρομένοις
2721 3435 2808 3488 τὸν
2841 3433 3033 3505 πρώην
3063 3433 3284 3487 ἔννεπον
3310 3435 3436 3504 ύμῖν

2091 3525 2285 3587 Δοῦλος
2307 3525 2447 3595 ἀνὴρ
2474 3525 2574 3576 οὐκ
2602 3523 2747 3576 ἔστιν
2779 3522 2870 3576 ἑοῦ
2913 3523 3166 3592 βασιλῆος
3192 3524 3390 3592 ἀρείων
3415 3537 3427 3549 ·

2093 3616 2225 3672 Οὑδέ
2254 3633 2398 3680 τινος
2426 3614 2741 3686 πέμψαντος
2768 3614 3064 3678 ἀπόστολος
3089 3614 3281 3666 ἔπλετο
3312 3614 3531 3684 μείζων.

2092 3709 2156 3760 Ei
2187 3706 2380 3778 βροτέη
2418 3723 2483 3776 με
2509 3706 2704 3760 δίωκεν
2730 3705 3086 3776 ἀπειλήτειρα
3117 3704 3366 3773 γενέθλη,

2106 3798 2381 3865 Ἐξελάσει
2404 3796 2696 3868 μετόπισθε
2726 3795 2820 3849 καὶ
2845 3795 3019 3866 ὑμέας
3042 3816 3054 3828 ·
3091 3797 3138 3848 εί
3162 3795 3219 3849 δὲ
3255 3797 3349 3848 καὶ
3376 3795 3539 3848 αὑτὸν

2091 3891 2277 3946 Μῦθον
2311 3889 2459 3960 ἐμῶν
2490 3888 2776 3959 πραπίδων
2819 3886 3226 3959 φρουρούμενον
3268 3885 3439 3941 ἔνδοθι
3470 3886 3676 3954 κεύθει,

2097 3983 2204 4036 Καὶ
2233 3981 2392 4050 λόγον
2419 3980 2626 4051 ὑμείων
2665 3979 2892 4050 κραδίης
2925 3977 3142 4031 ἔντοσθε
3178 3975 3426 4047 φυλάξει.

2093 4075 2154 4128 21
2191 4072 2375 4126 Ταῦτα
2400 4073 2456 4126 δὲ
2504 4071 2696 4124 πιστὸν
2725 4071 2878 4141 ὲμεῖο
2906 4067 2974 4122 δι’
3015 4068 3220 4141 οὕνομα
3246 4069 3424 4140 φῶτες
3470 4071 3678 4142 ἀλιτροὶ

2095 4165 2426 4237 Ζηλομανεῖς
2457 4163 2766 4217 τελέσουσιν
2810 4162 2868 4226 ὲς
2894 4161 3070 4232 ὑμέας
3091 4179 3104 4192 ·
3132 4163 3474 4234 ἀμφοτέρους
3499 4164 3606 4236 γάρ

2095 4253 2220 4308 οὕτ’
2252 4253 2352 4324 ἐμὲ
2382 4251 2732 4322 γινώσκουσι,
2761 4253 2856 4304 καὶ
2879 4252 2941 4304 οὑ
2973 4251 3264 4323 πέμψαντα
3295 4253 3496 4324 Τοκῆα.

2095 4347 2166 4400 2‘2
2201 4348 2262 4401 Ei
2299 4347 2374 4417 μὴ
2408 4345 2623 4416 Πατρός
2649 4345 2834 4397 ἵκανον
2857 4343 2969 4414 ἐγὼ
3007 4344 3250 4415 ζωαρκέῖ
3283 4347 3498 4416 πομπῇ,

2097 4441 2240 4492 Πᾶσι
2272 4435 2548 4507 θεουδείης
2569 4435 2689 4490 ὁδὸν
2717 4436 2958 4500 ἔννεπον,
2987 4438 3087 4490 οὑκ
3114 4436 3180 4490 ἂν
3213 4438 3411 4490 ἐκεῖνοι

2099 4525 2260 4597 Εἶχον
2291 4525 2648 4600 ἀλιτροσύνην
2673 4527 3049 4598 νεμεσήμονα·
3085 4524 3179 4581 νῦν
3213 4527 3270 4580 δὲ
3302 4528 3562 4598 μαθόντες

412 4615 798 4671 vindicandum
825 4629 840 4680 ;
880 4629 1026 4668 nunc
1053 4628 1182 4668 vero
1220 4612 1400 4668 edocti
1430 4613 1547 4668 Non
1580 4619 1981 4672 excusationcu;

2102 4620 2177 4673 Οὑ
2212 4597 2481 4690 πρόφασιν
2511 4616 2840 4688 μεθέπουσιν
2874 4615 3156 4688 ἐλεύθερον
3188 4597 3421 4687 ἄφρονος
3453 4620 3606 4688 ἄτης.

1613 4729 1894 4789 ῬΕΧΤΟὸ
1929 4733 2457 4791 EVANGELIST/E.

488 4825 551 4878 M
596 4824 784 4895 Ὑμεῖς
814 4821 956 4891 φίλοι
991 4839 1092 4894 μου
1123 4820 1246 4875 ἐστὲ
1277 4821 1370 4874 ἐὰν
1419 4821 1607 4891 ποιῆτε
1640 4823 1740 4877 ὅσα
1767 4825 1878 4895 ἐγὼ
1911 4829 1999 4882 ὲν-

413 4909 565 4960 τέλλο
573 4923 669 4977 μαι
703 4906 850 4975 ὑμῖν.

485 4990 554 5044 15
581 4989 778 5042 Οὐκέτι
817 4991 961 5060 ὑμᾶς
1007 4991 1150 5059 λέγω
1184 4991 1426 5055 δούλους,
1477 4993 1558 5045 ὅτι
1589 4992 1618 5044 ό
1661 4989 1847 5055 δοῦλος
1897 4994 1999 5048 οὑκ

413 5067 520 5124 οἶδε
552 5072 604 5124 τί
635 5076 779 5125 ποιεῖ
808 5074 973 5126 αὑτοῦ
1004 5077 1032 5128 ὁ
1056 5073 1244 5146 κύριος
1267 5092 1280 5106 ο
1308 5076 1454 5145 ὑμᾶς
1480 5074 1536 5127 δὲ
1561 5074 1760 5145 εἴρηκα
1781 5074 1994 5144 φίλους,

413 5155 494 5206 ὅτι
529 5153 706 5207 πάντα
734 5154 770 5207 ἃ
796 5155 1004 5225 ήκουσα
1026 5157 1178 5226 παρὰ
1197 5156 1294 5209 τοῦ
1321 5157 1535 5228 Πατρός
1567 5173 1690 5226 μου,
1718 5149 1997 5228 ἐγνώρισα

415 5239 566 5307 ὑμῖν.
1968 5230 1976 5235 ’

487 5319 555 5374 16
586 5319 698 5390 Οὑχ
744 5319 902 5388 ὑμεῖς
949 5336 1017 5389 με
1062 5318 1398 5386 ἐξελέξασθε,
1445 5322 1559 5375 ἀλλ’
1589 5321 1702 5391 ἐγὼ
1747 5322 1991 5389 ὲξελεξάυ

419 5421 528 5475 μην
560 5404 724 5474 ὑμᾶς,
755 5403 850 5456 καὶ
890 5401 1061 5473 ἔθηκα
1089 5403 1250 5473 ὑμᾶς,
1285 5404 1369 5459 ἵνα
1421 5406 1578 5475 ὑμεῖς
1621 5406 1867 5474 ὑπάγητε
1903 5405 1997 5458 καὶ

419 5485 628 5555 καρπον
665 5486 889 5558 φέρητε,
915 5485 1008 5538 κει.)⁴
1055 5486 1082 5538 ὁ
1119 5486 1331 5557 καρπὸς
1372 5487 1526 5558 ὑμῶν
1579 5489 1746 5560 μένῃ·
1774 5487 1861 5540 ἵνα
1895 5488 1924 5540 ὅ
1948 5504 2000 5539 τι

421 5567 482 5620 ἂν
502 5569 885 5648 αἰτήσητεητὸρν
911 5569 1130 5642 Πατέρα
1160 5570 1222 5621 ἐν
1246 5568 1323 5639 τῷ
1339 5569 1563 5638 ὀνόματί
1602 5589 1724 5641 μου,
1756 5571 1828 5641 δῷ
1849 5571 1998 5641 ὑμῖν.

497 5649 554 5702 17
590 5650 775 5704 Ταῦτα
804 5653 1120 5723 ἐντέλλομαι
1150 5653 1296 5724 ὑμῖν,
1313 5653 1401 5705 ἵνα
1432 5654 1683 5719 ἀγαπᾶτε
1715 5653 1998 5724 ἀλλήλους.

485 5727 517 5778 8
583 5732 692 5785 El’é
711 5734 914 5805 κόσμος
939 5737 1082 5806 ὑμᾶς
1112 5737 1281 5807 μισεῖ,
1301 5733 1603 5803 γινώσκετε
1627 5738 1704 5790 ὅτι
1730 5735 1828 5804 ἐμὲ
1851 5734 1999 5806 πρῶ-

333 5839 336 5841 λ
430 5825 524 5864 τον
542 5811 690 5880 ὑμῶν
718 5817 1039 5888 μεμίσηκεν.

2174 4827 2240 4881 19
2274 4828 2336 4879 Et
2359 4828 2423 4878 ὲκ
2451 4825 2545 4876 τοῦ
2581 4825 2784 4893 κόσμου
2809 4818 2929 4897 ἦτε,
2958 4825 2985 4878 ὁ
3006 4823 3208 4892 κόσμος
3233 4823 3299 4878 ἂν
3327 4827 3387 4879 τὶ
3415 4827 3546 4881 τδιον
3569 4827 3678 4896 ἐφι-

2096 4911 2208 4964 λει·
2244 4909 2325 4961 ὃτι
2362 4907 2419 4960 δὲ
2442 4909 2506 4960 ὲκ
2546 4907 2639 4960 τοῦ
2669 4907 2875 4977 κόσμου
2900 4909 3000 4960 οὑκ
3031 4907 3172 4968 ἐστὲ,
3206 4905 3323 4960 ἀλλ’
3357 4907 3468 4977 ἐγὼ
3508 4908 3677 4972 ἐξελε-

2097 4992 2275 5062 ξάμην
2317 4991 2461 5060 ὑμᾶς
2489 4989 2552 5041 ὲκ
2580 4989 2674 5043 τοῦ
2717 4989 2950 5060 κόσμου,
2984 4989 3072 5043 διὰ
3107 4988 3264 5043 τοῦτο
3294 4995 3444 5061 μισεῖ
3485 4993 3624 5062 ὑμᾶς
3645 4992 3675 5044 ὁ

2057 5145 2060 5150 _
2097 5075 2314 5144 κόσμος.

2167 5157 2238 5209 ‘20
2271 5156 2391 5226 Μνη
2402 5157 2654 5227 μονεύετε
2682 5156 2776 5210 τοῦ
2807 5155 2966 5223 λόγου
2991 5149 3049 5209 οὗ
3077 5153 3187 5222 ἐγὼ
3207 5150 3360 5207 εἷπον
3383 5156 3511 5226 ύμῖν
3531 5175 3542 5187 ·
3567 5157 3673 5210 Οὐκ

2105 5240 2218 5294 ἐστι
2251 5239 2433 5303 δοῦλος
2483 5240 2683 5310 μείζων
2711 5239 2804 5292 τοῦ
2849 5238 3041 5310 κυρίου
3073 5237 3260 5291 αὑτοῦ.
3294 5239 3357 5292 Et
3398 5239 3498 5310 ἐμὲ
3530 5239 3672 5291 ὲδίω-

2105 5323 2222 5389 ξαν,
2251 5324 2346 5376 καὶ
2367 5322 2521 5394 ὑμᾶς
2542 5323 2821 5386 διώξουσιν
2847 5339 2860 5353 ·
2885 5322 2934 5374 εἰ
2961 5319 3051 5372 τὸν
3075 5319 3230 5389 λόγον
3254 5338 3355 5391 μου
3387 5322 3671 5393 ἐτήρησαν,

2106 5407 2200 5458 καὶ
2225 5406 2316 5458 τὸν
2352 5407 2614 5475 ὑμέτερον
2637 5406 2988 5474 τηρήσουσιν.

2173 5487 2236 5540 21
2282 5488 2440 5540 Ἀλλὰ
2494 5487 2666 5540 ταῦτα
2715 5488 2892 5540 πάντα
2946 5487 3264 5557 ποιήσουσιν
3315 5487 3444 5557 ὑμῖν
3496 5486 3581 5540 διὰ
3615 5484 3675 5538 τὸ

2103 5571 2275 5641 ὄνομά
2311 5588 2434 5641 μου,
2463 5571 2544 5622 ὅτι
2571 5570 2668 5623 οὐκ
2700 5570 2873 5624 οἴδασι
2902 5569 2994 5621 τὸν
3029 5568 3326 5639 πέμψαντά
3359 5587 3447 5639 με.

2173 5653 2244 5706 22
2275 5653 2336 5705 Εί
2371 5654 2444 5724 μὴ
2470 5649 2632 5722 ἦλθον
2666 5654 2760 5706 καὶ
2789 5651 3024 5720 ἐλάλησα
3048 5652 3252 5714 αὐτοῖς.
3289 5651 3556 5723 ἁμαρτίαν
3578 5647 3672 5700 οὐκ

2104 5731 2278 5805 εἶχον
2312 5735 2405 5788 νῦν
2443 5735 2497 5788 δὲ
2547 5736 2817 5806 πρόφασιν
2866 5734 2964 5788 οὐκ
3002 5733 3182 5803 ἔχουσι
3213 5734 3340 5802 περὶ
3373 5733 3472 5804 τῆς
3507 5732 3676 5802 ἀμαρυ-

2102 5818 2224 5879 τίσς
2255 5817 2453 5872 αὐτῶν,
