3900 6216
263 369 361 436 s'i'!

1133 354 1619 422 PARA'PHRASIS
1658 349 1720 411 IN
1761 351 2169 413 J‘D:\NNE.\I.--
2212 353 2364 418 mp.
2405 357 2542 416 XVI.

3287 343 3294 348 ’
3389 356 3491 422 eis

255 483 265 552 ἶ
293 486 359 539 9.3
391 485 574 545 Ὅστις
605 481 924 550 ἁπεχθαῖρει
960 495 1023 549 με
1061 479 1147 530 καὶ
1183 476 1450 547 ἡμέτερον
1481 471 1772 541 Γενετῆρα,

1949 469 2126 523 tabent
2163 471 2386 525 liberam
2429 474 2736 543 insipientis
2778 475 3000 528 ermris.
3026 467 3094 529 93
3125 476 3224 543 Qui
3261 478 3370 531 tulit
3413 496 3496 535 me

259 577 419 638 ῡῦτος
451 570 823 633 ἀτασθάλλων,
859 569 1182 640 ἀλιτήμονος
1214 565 1449 637 ἔμπλεος
1481 565 1638 636 ἀρῆς,

263 669 415 723 Μιδεί
447 661 832 732 παμμεδέοντα
863 658 1016 722 Θεὸν,
1049 659 1355 728 τεχνήμονα
1394 651 1647 725 κόσμου.]

260 762 321 812 ‘2."
345 759 402 809 El
425 755 498 824 μὴ
525 752 636 821 ἐγὼ
659 754 836 821 κάμον
859 751 996 822 ἔργα
1015 749 1080 802 τὰ
1106 749 1178 821 μὴ
1203 749 1374 820 μάθεν
1395 749 1554 811 ἄλλος
1577 745 1824 804 ἀνύσσαι.

260 845 437 900 Αὐτῶν
464 841 804 912 δερκομένων
834 839 924 892 ὅτε
957 840 1236 911 μάρτυρες
1267 833 1407 909 ἦσαν
1439 836 1678 900 oraomni,

259 940 365 991 Οὐκ
396 935 461 990 ἂν
489 931 821 1002 ἀτασθαλίης
853 933 1182 1002 ποινή-ξορας
1207 925 1354 1001 εἶχον
1377 930 1612 1000 ἀμοιϐάς
1635 945 1648 960 .

259 1029 364 1083 Νῦν
385 1027 441 1080 δὲ
467 1025 562 1078 καὶ¹
591 1024 897 1093 εἰσορόωσι.
932 1023 1026 1075 καὶ
1052 1022 1398 1093 ἀμφοτέρους
1421 1022 1502 1074 ἑνὶ
1524 1017 1711 1092 θεσμῷ

259 1119 420 1174 Αὐτὸν
451 1110 552 1187 ἐμὲ
585 1115 872 1182 στυγέουσι
901 1115 994 1167 καὶ
1019 1113 1348 1183 ὑψιμέδοντα
1368 1103 1580 1181 Τοκῆα.

1929 571 1980 613 et
2021 564 2268 614 uostru'm
2302 560 2610 624 Parentctn,
2648 561 2748 617 l-lie
2781 563 2980 632 injuste
3012 579 3199 634 agens,
3234 567 3495 622 scelerata

1929 653 2121 718 plenus
2145 653 2522 707 exsecratione
2540 696 2554 718 ,
2591 653 2715 708 Odit
2745 657 2987 709 omnium
3015 665 3279 712 rectorem
3307 649 3498 722 Deum,

1931 742 2175 810 opiﬁcem
2227 745 2435 798 mundi.
2483 745 2554 798 Ἡ
2602 745 2714 800 Nisi
2765 757 2867 816 ego
2902 747 3154 803 fecissem
3187 750 3351 820 Opera
3381 768 3500 820 qua!

1929 847 2039 888 non
2077 834 2266 888 didicit
2298 835 2437 890 alius
2461 835 2743 905 perficere,
2765 837 2900 906 Ipsis
2939 835 3249 897 videntibus
3283 843 3502 912 quando

1929 935 2097 982 testes
2141 935 2299 982 erant
2337 927 2516 989 oculi,
2568 918 2682 982 Non
2737 939 2869 985 sane
2921 927 3215 1001 impietatis
3258 933 3503 988 vindices

1934 1019 2192 1074 haberent
2224 1029 2444 1089 poenas;
2477 1016 2634 1073 Nunc
2678 1030 2856 1074 autem
2893 1029 2945 1074 et
2975 1023 3158 1077 vident
3179 1065 3192 1087 .
3229 1033 3283 1078 et
3316 1025 3503 1079 ambos

1931 1127 2038 1164 una
2061 1113 2177 1181 lege
2194 1111 2376 1181 Ipsum
2405 1125 2492 1166 me
2515 1110 2769 1176 oderunt,
2785 1120 2837 1165 et
2863 1113 3236 1182 altiregentem
3266 1113 3500 1170 Patrem.

259 1211 322 1262 iii
357 1205 514 1259 Ἀλλὰ
536 1205 702 1275 νόμου
731 1205 1024 1274 γραφικοῖο
1039 1202 1210 1273 τόπερ
1236 1201 1375 1270 φάτο
1403 1200 1659 1263 θέσκελος
1679 1198 1800 1270 ὀμφτ

1949 1205 2000 1258 B5
2033 1203 2138 1258 Sed
2183 1205 2313 1274 legis
2361 1203 2578 1273 seri-pta:
2637 1203 2782 1272 quod
2843 1202 2981 1257 dixit
3035 1201 3216 1258 divina
3251 1220 3353 1259 vox
3391 1196 3502 1260 Viri

270 1299 484 1367 ’Λνέρος
513 1296 882 1365 εὐφόρμιγγος
914 1294 1062 1356 ὅπως
1089 1291 1468 1363 τετελεσμένον
1495 1292 1577 1360 εἴη
1604 1308 1618 1321 ⁸

255 1391 484 1462 Προικὸς
506 1389 605 1459 ἐμὲ
633 1387 978 1454 στυγέεσκον.
1010 1385 1082 1440 26
1119 1384 1288 1456 Ἐπὴν
1317 1385 1360 1438 δ’
1397 1379 1680 1454 ἐπιδήμιον
1702 1379 1828 1450 ἔλθῃ

259 1481 475 1550 Πνεῦμα
507 1476 642 1530 Θεοῦ
675 1479 880 1547 νοεροῖο
908 1475 1254 1546 διορνύμενον
1283 1475 1599 1546 Γενετῆρος,

256 1571 474 1642 Πνεῦμα
495 1570 663 1640 τόπερ
694 1567 841 1639 παρά
867 1567 1081 1638 Πατρδς
1109 1568 1166 1630 ές
1190 1566 1362 1637 ὑμέας
1387 1564 1548 1628 αὐτὸς
1577 1563 1756 1626 ίάλλω,

255 1661 428 1715 Πολλά
448 1679 516 1732 με
535 1659 791 1730 κηρύξειε
817 1660 944 1731 παρ’
976 1657 1226 1730 ἀνδράσι.
1255 1648 1328 1710 27
1349 1651 1526 1711 Πολλά
1551 1657 1647 1710 καὶ
1673 1657 1829 1726 ὑμεῖς

267 1755 423 1822 Ἀμφ’
463 1751 657 1822 ἐμέθεν
691 1749 995 1819 φθέγγεσθε
1021 1750 1253 1821 δαήμονι
1295 1751 1531 1822 μάρτυρι
1568 1750 1734 1821 μύθῳ.

253 1831 360 1895 Καὶ
389 1843 498 1912 γάρ
524 1842 644 1911 ἐμοὶ
666 1840 979 1910 παρεόντες,
1009 1841 1310 1911 ὁμόφρονές
1345 1843 1468 1894 ἐστε
1499 1841 1755 1911 μαθηταὶ,

266 1932 350 2000 Ἐξ
371 1935 551 2006 ἀρχῆς
583 1932 859 2002 γεγαῶτες
886 1933 1023 1985 ὅλων
1054 1932 1320 2004 θηήτορες
1348 1933 1546 2004 ἔργων.

900 2039 1056 2094 κει».
1094 2034 1210 2108 ις’.

344 2133 367 2187 1
414 2133 582 2202 ’Υμῖν
613 2130 656 2184 δ”
690 2131 897 2201 ἔμπεδα
925 2128 1098 2182 ταῦτα
1127 2127 1504 2198 προθεσπίζων
1533 2124 1799 2196 ἀγορεύω,

251 2223 339 2291 Μὴ
360 2220 569 2292 θρασὺς
587 2216 800 2290 οἶστρος
831 2220 1058 2282 ἄπιστος
1081 2221 1137 2282 ές
1151 2219 1424 2290 ὑμετέραν
1448 2220 1617 2291 φρένα
1649 2221 1824 2292 βαίνῃ.

251 2310 412 2382 170
449 2312 488 2365 2
527 2311 728 2381 ’Υμέας
758 2310 1068 2374 ὲξελάσουσῑ
1097 2309 1409 2381 θεοκλήτοιο
1433 2310 1720 2381 μελάθρου.

261 2403 419 2455 Ἀλλά
453 2404 623 2473 ταχὺς
644 2402 832 2472 χρόνος
859 2387 1015 2464 οὗτος
1047 2403 1135 2455 ὅτε
1166 2403 1327 2472 φρεσὶ
1348 2404 1455 2465 πᾶς
1482 2401 1668 2472 βροτὸς
1687 2403 1830 2474 ἀνὴρ

261 2493 471 2563 Ὑμέας
497 2494 556 2556 ὃς
594 2493 850 2546 κτείνειεν
881 2493 1162 2564 ἀλοιητῆρι
1193 2493 1413 2564 σιδήρῳ,

249 2582 589 2652 Δουλοσύνην
611 2581 822 2634 ἔλποιτο
851 2582 972 2652 Θεῷ
1011 2582 1244 2652 φιλέοντι
1265 2583 1536 2645 τελέσσαι,

252 2672 463 2744 Ἄνδρα
493 2670 806 2742 θυηπολέων
841 2671 1000 2741 βοέῃς
1028 2673 1250 2742 μίμημα
1279 2671 1555 2742 γενέθλης,

256 2755 490 2826 Ἶσάζων
513 2763 728 2815 θυέεσσι
747 2762 892 2833 ,βοῶν
920 2759 1220 2834 φθισήνορα
1242 2763 1446 2832 λοιϐὴν.

246 2857 279 2908 5
305 2856 416 2909 Καὶ
459 2854 528 2906 τὰ
563 2855 659 2924 μὲν
687 2854 1063 2924 οἰστρηθέντες
1091 2855 1399 2926 ἀμερσινόῳ
1431 2855 1537 2906 τινὶ
1565 2854 1734 2925 λύσσῃ

241 2947 554 3009 Δυσσεϐέες
579 2946 884 3000 τελέσουσιν
913 2947 969 3008 ὲς
990 2946 1164 3015 ὑμέας
1183 2965 1195 2976 ’
1222 2945 1341 2998 οὐδὲ
1379 2945 1482 3016 γὰρ
1506 2946 1658 2999 αὐτοὶ

245 3030 380 3090 Υίέα
407 3038 747 3106 γινώσκουσι
777 3037 871 3089 καὶ
899 3032 1223 3106 ὑψιμέδοντα
1253 3037 1450 3106 Τοκῆα.

242 3127 276 3180 4
309 3127 437 3180 ’Δλλ
455 3127 487 3179 ἀ
501 3128 569 3179 τὰ
589 3127 686 3197 μὲν
705 3125 992 3197 ξύμπαντα
1015 3127 1364 3198 προέννεπον,
1384 3128 1524 3199 ὄφρα
1542 3140 1634 3182 κεν
1655 3128 1833 3183 αὐτῶν
1865 3148 1908 3207 C

248 3215 495 3287 Ὃψιμος
529 3215 902 3286 ἀγχιτέλεστος
935 3218 1024 3270 ὅτε
1058 3220 1248 3289 χρόνος
1280 3218 1444 3290 ὥριος
1476 3219 1625 3292 ἔλθῃ,

261 3307 587 3379 Ίιμετέρων
625 3309 898 3380 μνήσησθε
931 3309 1244 3380 προάγγελα
1283 3303 1525 3380 θέσφατα
1557 3311 1760 3382 μύθων,

247 3397 444 3454 ιΤαῦτα
482 3401 541 3453 δὲ
572 3398 870 3471 μυθοτόκου
899 3399 1128 3472 κραδίης
1160 3401 1548 3473 κεκαλυμμένα
1588 3406 1714 3474 σιγῇ

247 3484 353 3558 ’Ἐξ
387 3491 568 3563 ἀρχῆς
596 3491 758 3544 νοέων
791 3491 890 3544 οὐκ
919 3491 1157 3556 ἔννεπον,
1197 3493 1360 3546 εἰσέτι
1388 3492 1601 3564 μίμνων

257 3577 510 3651 ’Υμείων
535 3580 820 3650 ὁμόφοιτος
849 3580 941 3633 ἐπὶ
966 3581 1146 3650 χθονί·
1179 3581 1210 3636 5
1236 3581 1330 3635 νῦν
1359 3581 1415 3634 δὲ
1446 3581 1615 3654 Τοκῆῖ

248 3668 477 3742 ’Ίξομαι
510 3671 854 3740 ὀψικέλευθος
887 3674 946 3736 ές
990 3672 1202 3744 αἰθέρα,
1241 3667 1403 3744 γαῖαν
1439 3676 1625 3739 ἐάσας.

242 3764 389 3818 υύδέ
420 3781 508 3828 τις
535 3764 739 3834 ὑμείων
768 3781 835 3834 με
869 3765 1258 3838 παρεδρήσσων
1290 3767 1515 3838 ὲρεείνει
1538 3785 1552 3799 ·

244 3854 519 3926 Κοίρανε,
547 3855 624 3922 πῆ
651 3855 932 3920 σπεύδεις;
957 3855 1076 3908 τίνα
1113 3873 1201 3929 μοι
1238 3857 1357 3910 τίνα
1390 3859 1563 3930 χῶρον
1598 3860 1840 3926 ἱκάνειςς

243 3945 278 3998 6
327 3945 479 3998 Ἀλλ’
505 3942 635 4012 ὑμῖν
663 3945 742 3996 ὅτι
763 3943 934 3996 ταῦτα
964 3945 1156 4016 διήῖον,
1185 3948 1331 4016 ὴνίδε
1367 3949 1533 4020 πολλὴ

256 4035 584 4106 ’Υμετέρην
611 4033 844 4103 ἔπλησεν
871 4033 998 4104 ὅλην
1035 4035 1205 4105 φρένα
1231 4036 1431 4100 πενθάς
1461 4038 1605 4110 ἀνίη.

238 4117 278 4178 Ἴ
317 4125 619 4196 Ἀτρεκίην
648 4125 693 4177 δ’
721 4123 984 4196 ἀγόρευον
1023 4123 1281 4195 ἀμεμφέα
1303 4143 1316 4156 ·
1343 4126 1615 4200 τηλεφανῆ
1644 4129 1700 4181 δὲ

255 4217 430 4287 Ὑμῖν
465 4213 626 4268 λώϊόν
649 4217 797 4267 ἐστιν
817 4215 874 4277 ές
891 4215 1120 4286 οὐρανὸν
1147 4215 1291 4287 ὄφρα
1316 4219 1560 4288 περήσω.

243 4304 313 4358 Ei
347 4305 431 4376 μὴ
464 4305 572 4376 γὰρ
596 4305 920 4376 παλίνορσος
948 4307 1006 4370 ές
1035 4303 1232 4377 αἰθέρα
1256 4307 1506 4377 νόστιμος
1536 4308 1696 4370 ἔλθω,

244 4394 490 4464 Πνεῦμα
521 4394 655 4447 Θεοῦ
690 4394 917 4459 ζώοντος
951 4397 1006 4456 ἐς
1033 4395 1206 4465 ὑμέας
1230 4394 1426 4449 οὔποτε
1452 4396 1621 4466 βαίνει
1647 4415 1660 4427 ·

1929 1293 2212 1364 pulchram
2267 1293 2530 1346 Citharam
2560 1291 2810 1347 habentis
2846 1303 2904 1346 ut
2939 1293 3291 1362 impleretur:
3323 1295 3504 1350 Gratis

1932 1399 2017 1437 me
2040 1383 2291 1438 oderunt.
2318 1382 2388 1437 26
2417 1377 2714 1453 Postquam
2747 1391 2878 1439 “vero
2912 1384 3116 1438 advena
3149 1387 3356 1439 venerit
3393 1384 3507 1455 Spi-

1930 1479 2071 1531 ritus
2113 1475 2222 1531 Deo
2249 1475 2582 1547 'intelligenti
2631 1475 2931 1545 procedens
2975 1491 3002 1530 a
3033 1468 3195 1530 Patre
3219 1516 3233 1539 ,
3273 1475 3507 1545 Spiritus

1932 1583 2090 1636 quem
2125 1583 2154 1621 a
2186 1567 2346 1623 Patre
2379 1569 2445 1622 ad
2475 1583 2571 1623 vos
2600 1570 2713 1638 ipse
2741 1571 2970 1631 mittam,
2999 1567 3226 1623 Multum
3256 1585 3342 1624 me
3380 1583 3512 1638 prte-

1931 1659 2136 1715 dicabit
2168 1659 2310 1729 apud
2334 1659 2597 1714 homines.
2649 1660 2716 1711 27
2747 1659 2972 1713 Multum
3006 1668 3060 1714 et
3093 1674 3189 1716 vos
3217 1660 3283 1714 de
3315 1669 3398 1714 me
3428 1660 3511 1713 lo-

1934 1751 2169 1822 quemini
2199 1750 2450 1819 prudenti
2480 1749 2805 1806 testiﬁcante
2853 1761 3124 1806 sermone.
3151 1748 3360 1805 Etenim
3392 1766 3508 1805 me-

1937 1859 2061 1898 eum
2090 1849 2408 1912 praasentes,
2433 1840 2736 1896 concordes
2765 1840 2901 1897 eStis
2930 1841 3211 1912 discipuli,
3242 1841 3323 1895 Ab
3354 1841 3511 1895 initio

1940 1934 2068 1988 facti
2099 1933 2344 1989 omnium
2377 1933 2713 2001 inSpect‘ores
2748 1945 2997 2001 operum.

2556 2042 2711 2099 CAP.
2765 2031 2902 2096 XVI.

2011 2133 2034 2186 1
2077 2131 2243 2188 Vobis
2297 2141 2476 2188 autem
2527 2135 2680 2188 firma
2713 2133 2824 2188 hac
2875 2133 3176 2204 praedicens
3211 2146 3396 2195 narro,
3431 2129 3508 2184 Ne

1938 2230 2115 2284 audax
2133 2233 2386 2288 stimulus
2410 2232 2723 2287 incredulus
2739 2231 2792 2284 in
2804 2237 3040 2287 vestram
3056 2236 3286 2284 mentem
3311 2227 3510 2281 veniat.

1943 2321 2094 2395 171
2133 2327 2168 2380 2
2195 2325 2304 2382 Vos
2332 2329 2604 2398 expellent
2632 2327 2819 2381 divino
2864 2341 2895 2382 e
2937 2326 3176 2396 templo;
3211 2324 3316 2379 Sed
3357 2325 3513 2378 velox

1945 2427 2162 2492 tempus
2194 2423 2298 2476 erit
2324 2423 2374 2478 id
2407 2438 2530 2477 cum
2563 2432 2743 2478 mente
2764 2423 2992 2494 quilibet
3019 2422 3268 2476 mortalis
3302 2421 3384 2475 vir
3403 2419 3512 2476 Vos

1939 2521 2034 2589 qui
2090 2519 2425 2576 interfecerit
2459 2521 2768 2591 pernicioso
2811 2520 3012 2590 gladio,
3043 2518 3371 2573 Servitutem
3399 2532 3515 2587 spe-

1941 2625 2022 2672 ret
2071 2616 2182 2673 Deo
2229 2619 2402 2672 charo
2453 2617 2733 2687 perﬁcere,
2783 2616 2972 2672 Virum
3029 2624 3280 2672 mactans
3332 2615 3514 2670 bovini

1937 2715 2117 2772 instar
2145 2717 2379 2785 generis.
2423 2713 2790 2786 Equiparaus
2819 2715 3108 2772 sacrificiis
3149 2716 3314 2769 boum
3341 2714 3516 2766 homi-

1942 2815 2102 2868 nibus
2141 2812 2430 2867 exitiosam
2471 2813 2812 2869 libationem.
2851 2808 2885 2868 3
2926 2811 2994 2864 Et
3032 2812 3146 2866 haec
3177 2809 3396 2879 quidem
3432 2810 3515 2863 in-

1941 2911 2092 2965 citati
2125 2908 2353 2967 vecorde
2383 2910 2615 2981 quadam
2645 2910 2794 2966 rabie
2826 2909 2980 2980 lmpii
3005 2910 3288 2979 perficient
3319 2909 3373 2962 in
3396 2921 3512 2967 vos.

1942 3023 2119 3076 neque
2154 3007 2298 3061 enim
2338 3007 2437 3076 ipsi
2465 2999 2664 3060 Filium
2709 3013 3052 3076 cognoscunt
3099 3016 3152 3061 et
3194 3005 3512 3074 celsiregem

1941 3103 2180 3160 Patrem.
2226 3105 2260 3158 4
2296 3103 2401 3158 Sed
2451 3102 2667 3174 quidem
2717 3103 2830 3158 haec
2858 3102 3040 3156 omnia
3093 3100 3337 3171 praedixi,
3375 3105 3433 3152 ut
3463 3099 3518 3152 et

1942 3203 2184 3271 ipsorum
2216 3197 2409 3254 Serum
2435 3198 2799 3268 propinquum
2822 3196 3042 3267 quando
3081 3204 3298 3265 tempus
3318 3206 3518 3264 oppor»

1943 3306 2137 3351 tunum
2169 3295 2398 3361 venerit,
2430 3293 2750 3348 Nostrorum
2804 3290 3166 3348 recordemini
3206 3288 3516 3361 prmnuntia

1945 3391 2166 3446 fatidica
2221 3405 2562 3446 sermonum.
2596 3383 2725 3445 Haec
2779 3401 2931 3444 vero-
2959 3388 3254 3443 verborum
3295 3385 3516 3441 fecundi

1944 3493 2131 3550 cordis
2169 3500 2310 3550 tecta
2335 3492 2552 3548 silentio
2606 3491 2688 3545 Ab
2711 3490 2866 3546 initio
2894 3490 3207 3559 inteiligens
3240 3502 3350 3543 non
3381 3486 3515 3551 dixi,

1945 3591 2125 3646 adhuc
2162 3603 2391 3644 manens
2419 3582 2613 3643 Vester
2643 3601 2828 3642 comes
2855 3599 3020 3656 super
3041 3593 3280 3640 terram:
3312 3583 3346 3637 5
3373 3597 3520 3636 nunc

1937 3707 2121 3754 autem
2144 3699 2208 3752 ad
2231 3690 2446 3752 Patrem
2474 3696 2696 3751 Veniam
2729 3703 2886 3750 serus
2911 3693 2965 3746 in
2987 3691 3210 3752 cml'um,
3258 3688 3402 3742 terra
3435 3689 3521 3740 re-

1939 3788 2090 3844 licta.
2113 3788 2297 3857 Neque
2318 3785 2513 3856 aliquis
2538 3801 2603 3840 ex
2628 3785 2778 3840 vobis
2804 3798 2886 3838 me
2908 3783 3148 3837 assidens
3170 3781 3469 3846 interrogat
3507 3795 3520 3829 :

1946 3892 2194 3955 Domine,
2225 3903 2335 3958 quo
2367 3885 2637 3942 festinas?
2668 3885 2724 3937 in
2753 3891 2914 3951 quem
2951 3880 3083 3935 mihi
3122 3881 3299 3932 locum
3329 3875 3520 3931 venis?

1942 3996 1976 4050 6
2006 3989 2112 4048 Sed
2138 3992 2292 4047 vobis
2312 3989 2440 4060 quia
2469 3988 2583 4042 haec
2607 3987 2787 4050 retuli,
2808 3994 2937 4041 ecce
2951 3985 3122 4040 multa
3150 3981 3399 4037 Vestram
3433 3985 3519 4034 τε·

1945 4099 2108 4169 plevit
2141 4106 2308 4152 totam
2341 4099 2578 4148 mentem
2612 4093 2865 4145 luetuosa
2914 4088 3182 4144 molestia.
3218 4087 3248 4140 7
3291 4084 3518 4140 Verita-

1944 4206 2051 4250 tem
2079 4202 2258 4250 autem
2287 4190 2396 4247 dixi
2425 4186 2963 4259 irrepreh‘euSIbiiém
2988 4205 3003 4254 ς
3031 4185 3220 4251 procul
3252 4185 3519 4253 apparens

1945 4316 2075 4358 vero
2116 4297 2284 4353 Vobis
2323 4295 2518 4351 melius
2567 4302 2652 4348 est
2703 4293 2758 4346 in
2787 4291 2984 4346 caelum
3021 4299 3080 4344 ut
3114 4289 3363 4358 migrem.
3403 4283 3518 4340 Nisi

1944 4407 2088 4460 enim
2141 4410 2393 4456 reversus
2432 4398 2487 4452 in
2536 4397 2734 4452 coelum
2772 4395 2940 4450 redux
2996 4407 3212 4455 venero,
3278 4387 3518 4458 Spiritus

1467 4504 1749 4572 TEXTUS
1786 4511 2316 4577 EVANGELISTE.

317 4618 398 4682 23
446 4627 504 4678 Ὀ
537 4626 635 4694 ἐμὲ
670 4617 842 4694 μισῶν
874 4628 966 4678 καὶ
997 4626 1088 4680 τὸν
1115 4619 1332 4698 Πατέρα
1365 4646 1464 4698 μου
1496 4635 1662 4698 μισεῖ.

318 4709 398 4762 24
434 4708 500 4760 Εἰ
530 4707 598 4758 τά
626 4707 761 4778 ἔργα
798 4710 872 4780 μὴ
912 4711 1141 4778 ἐποίησα
1172 4712 1228 4786 έν
1262 4710 1444 4774 αὐτοῖς
1488 4713 1523 4766 ἃ
1553 4709 1728 4781 οὐδεὶς
1751 4708 1842 4772 ἀλ-

243 4793 336 4855 λος
387 4789 712 4859 πεποίηκεν,
748 4790 1024 4862 ἁμαρτίαν
1050 4793 1149 4844 οὐκ
1185 4787 1355 4861 εἶχον⁸
1386 4793 1484 4848 νῦν
1515 4791 1572 4849 δὲ
1606 4801 1700 4852 καὶ
1739 4803 1840 4855 ἐω-

246 4873 488 4942 ράκασι,
518 4873 611 4925 καὶ
636 4887 700 4943 με
711 4875 972 4945 μισήκασι
998 4875 1092 4928 καὶ
1120 4875 1219 4943 ἐμὲ
1241 4875 1334 4929 καὶ
1359 4875 1450 4929 τὸν
1473 4879 1690 4952 Πατέρα
1714 4901 1837 4953 μου.

315 4955 397 5008 25
439 4953 580 5005 Ἀλλ’
610 4955 696 5008 ἵνα
737 4955 996 5028 πληρωθῇ
1041 4958 1070 5009 ό
1109 4956 1264 5025 λόγος
1305 4953 1334 5008 ό
1367 4965 1754 5034 γεγραμμένος
1786 4969 1841 5018 έν

239 5035 327 5105 τῷ
361 5033 524 5106 νόμῳ
555 5037 734 5092 αὐτῶν
753 5055 766 5068 ·
806 5039 928 5091 Ὅτι
956 5038 1227 5108 έμίσησάν
1255 5057 1320 5109 με
1347 5039 1564 5112 δωρεάν,

316 5116 397 5170 26
429 5113 598 5201 Ὅταν
643 5115 699 5172 δι
748 5120 876 5201 ἔλθῃ
909 5124 938 5173 ό
985 5119 1359 5201 Παράκλητος.
1403 5123 1461 5176 ὃν
1495 5126 1604 5193 ἐγὼ
1645 5130 1844 5201 πέμψω

243 5199 389 5267 ὑμῖν
416 5199 573 5269 παρὰ
606 5201 700 5253 τοῦ
737 5199 951 5268 Πατρδς
995 5198 1075 5270 (τὺ
1111 5199 1336 5272 Πνεῦμα
1377 5205 1476 5274 τῆς
1505 5198 1784 5277 ἀληθείαςέ
1814 5212 1842 5264 δ

242 5281 553 5366 παρὰ-τοῦ
570 5283 782 5354 Πατρδς
820 5285 1222 5356 ἐκπορεύεται),
1254 5285 1458 5351 ἐκεῖνος
1504 5297 1842 5366 μαρτυρήσει

241 5363 388 5432 περὶ
417 5363 576 5431 ἐμοῦ.

317 5444 396 5527 27
436 5447 550 5499 Καὶ
582 5447 744 5517 ὑμεῖς
777 5446 835 5502 δὲ
884 5451 1235 5521 μαρτυρεῖτε,
1270 5449 1351 5507 δτι
1386 5455 1482 5507 ἀπ’
1512 5453 1686 5527 ἀρχῆς
1727 5459 1842 5526 μετ’

242 5532 268 5583 ὲ
282 5526 392 5595 ςλοῦ
417 5527 566 5582 ἐστε.

898 5615 1053 5670 xm.
1087 5619 1205 5684 ις’.

318 5693 356 5776 λ.
393 5689 588 5776 Ταῦτα
617 5693 885 5767 λελάληκα
919 5699 1048 5768 ὑμῖν
1071 5698 1156 5752 ἵνα
1183 5699 1258 5772 μὴ
1300 5700 1744 5772 σκανδαλισθῆτε.

327 5771 364 5824 ‘2
399 5773 890 5849 Ἀποσυναγώγους
921 5781 1231 5856 ποιήσουσιν
1250 5771 1403 5856 ὑμᾶς
1429 5804 1441 5816 ·
1480 5786 1594 5841 ἀλλ’
1619 5771 1836 5856 ἔρχεται

1876 4647 1915 4700 D
1945 4641 2065 4710 ὥρα
2116 4639 2203 4690 ἵνα
2261 4631 2368 4697 πᾶς
2411 4631 2439 4687 ό
2491 4612 2816 4696 ἀποκτείνας
2870 4629 3046 4703 ὑμᾶς,
3095 4622 3223 4704 δόξῃ
3271 4622 3524 4700 λατρείαν

1954 4709 2282 4792 προσφέρειν
2305 4716 2382 4787 τῷ
2418 4709 2555 4786 Θεῷ.

2019 4805 2052 4856 5
2083 4803 2190 4854 Καὶ
2219 4801 2387 4855 ταῦτα
2418 4801 2733 4870 ποιήσουσιν
2757 4795 2902 4870 ὑμῖν,
2932 4799 3013 4852 ὅτι
3042 4799 3142 4851 οὐκ
3163 4797 3402 4865 ἔγνωσαν
3433 4798 3524 4850 τὸν

1951 4877 2168 4954 Πατέρα
2183 4925 2198 4949 ,
2231 4877 2348 4936 οὐδὲ
2377 4883 2402 4933 ὲ
2411 4883 2498 4951 μέ.

2020 4967 2053 5018 4
2092 4965 2250 5018 Ἀλλά
2282 4964 2456 5021 ταῦτα
2502 4962 2774 5031 λελάληκα
2823 4965 2986 5033 ὑμῖν,
3029 4959 3115 5017 ἵνα
3155 4965 3282 5017 ὅταν
3316 4954 3442 5034 ἔλθῃ
3492 4965 3523 5034 ἠ

1952 5050 2089 5120 ὥρα,
2121 5041 2494 5118 μνημονεύητε
2523 5045 2721 5108 αὐτῶν,
2748 5047 2828 5100 ὅτι
2858 5046 2968 5116 ἐγὼ
2989 5042 3141 5100 εἷπον
3169 5047 3316 5117 ὑμῖν.
3341 5047 3524 5100 Ταῦτα

1951 5130 2008 5186 δὲ
2038 5127 2164 5202 ὑμῖν
2190 5129 2250 5194 ἐξ
2279 5130 2452 5200 ἀρχῆς
2482 5123 2581 5182 οὐκ
2612 5125 2763 5182 εἷπον
2785 5167 2799 5191 ,
2834 5130 2916 5183 ὅτι
2954 5130 3069 5201 μεθ’
3096 5130 3250 5201 ὑμῶν
3283 5127 3452 5200 ἥμην.

2022 5211 2055 5269 5
2073 5212 2188 5268 Νῦν
2216 5205 2273 5266 δὲ
2300 5211 2496 5279 ὑπάγω
2517 5211 2653 5281 πρὸς
2678 5211 2767 5266 τὸν
2795 5213 3084 5284 πέμψαντά
3116 5232 3206 5284 με,
3229 5215 3322 5267 καὶ
3349 5213 3524 5274 οὐδεὶς

1950 5296 2007 5363 ἐξ
2035 5296 2188 5368 ὑμῶν
2219 5296 2400 5366 ἐρωτᾷ
2434 5312 2500 5365 με
2520 5309 2533 5323 °
2568 5294 2678 5348 Ποῦ
2711 5295 2979 5365 ύπάγεις;

2020 5379 2053 5433 6
2094 5378 2229 5432 Ἀλλ’
2253 5379 2333 5430 ὅτι
2363 5376 2534 5430 ταῦτα
2572 5377 2841 5449 λελάληκα
2871 5379 2997 5450 ὑμῖν
3017 5420 3030 5443 ,
3082 5381 3114 5450 ή
3145 5379 3285 5447 λύπη
3319 5378 3523 5446 πεπλήδ

1953 5479 2128 5535 ρωκεν
2160 5461 2312 5531 ὑμῶν
2345 5460 2442 5531 τὴν
2479 5460 2728 5530 καρδίαν.

2021 5546 2051 5597 7
2093 5543 2228 5597 Ἀλλ’
2279 5543 2390 5613 ἐγὼ
2418 5544 2518 5614 τὴν
2561 5543 2814 5614 ἀλήθειαν
2847 5543 2988 5610 λέγω
3028 5542 3156 5610 ὑμῖν
3181 5581 3196 5604 ,
3251 5539 3517 5611 συμφέρει

1949 5627 2076 5698 ὑμῖν
2104 5627 2191 5680 ἵνα
2216 5625 2326 5696 ὲγὼ
2358 5625 2606 5678 ἀπέλθω’
2637 5625 2731 5679 ὲάν
2763 5625 2871 5695 γὰρ
2903 5623 2976 5694 μὴ
3006 5621 3241 5688 ἀπέλθω,
3271 5624 3299 5675 ό
3329 5623 3517 5691 Ποιρόι⁴¹⁵

1946 5709 2140 5779 κλητος
2183 5711 2284 5762 οὐκ
2334 5709 2613 5761 ἐλεύσεται
2665 5707 2800 5778 πρὸς
2823 5708 2999 5778 ὑμᾶς’
3031 5706 3124 5760 έάν
3149 5706 3205 5759 δὲ
3246 5704 3514 5779 πορευθῶ,

1945 5791 2144 5863 πέμψω
2177 5790 2336 5845 αὑτὸν
2361 5789 2499 5860 πρὸς
2531 5789 2694 5858 ὑμᾶς.
