3900 6216
368 411 484 474 ἐἴθ

1614 386 1824 443 NONNI
1869 378 2370 441 PANOPOLITAN]

3529 369 3634 425 830

381 522 469 582 llei
504 520 611 578 vivi
643 519 708 575 ad
739 531 838 597 vos
872 527 1150 584 nunquam
1181 510 1367 576 venit;
1406 507 1464 565 Si
1495 524 1622 563 vero
1645 509 1849 568 abiero.
1901 508 1953 559 in
1987 564 1990 570 η

2119 506 2165 558 [ν
2193 505 2249 557 δέ
2289 505 2456 574 μόλω,
2493 500 2629 572 μετά
2663 476 2835 568 γαῖανθ
2855 499 2950 553 ἀπ’
2979 494 3194 566 αἰθέρος
3221 491 3381 554 αὐτὸς
3412 487 3591 544 ἰάλλω.

338 629 351 674 ξ
379 621 580 668 terram
623 627 654 667 e
684 580 841 666 uelis
869 610 987 679 ipse
1015 604 1251 659 mittam.
1293 601 1327 658 8
1362 599 1602 657 Veniens
1635 607 1816 655 autem
1848 599 1956 653 huc

2132 595 2314 650 Ἐλθδν
2341 595 2386 648 δ’
2418 592 2609 647 ἐνθάθε
2635 594 2799 658 κεῖνο,
2832 587 3062 643 ἀπειθέα
3087 586 3290 656 κόσμον
3319 580 3548 652 ἐλέγξει,

344 687 352 749 ἓ
379 700 491 767 ille,
529 701 873 757 incredulum
904 696 1171 752 mundum
1202 694 1518 765 redarguet,
1550 692 1729 748 Causa
1763 691 1955 761 impie-

381 794 511 849 tatis
539 793 841 855 sceleratis;
864 787 968 859 sed
993 795 1047 843 et
1069 786 1246 857 ipsius
1274 786 1453 841 Causa
1482 784 1710 855 justitiaa
1739 782 1959 853 etjudi-

347 882 353 953 ξ
383 887 474 941 cii.
504 884 536 939 9
561 883 791 954 Propter
820 886 1108 954 peccatum
1139 877 1383 947 quidem,
1419 875 1557 942 Quia
1588 875 1642 930 in
1666 890 1752 931 me
1772 889 1962 931 omnes

346 965 353 1008 ⁸
384 977 685 1042 increduli;
711 976 779 1031 10
811 973 955 1046 piam
987 986 1117 1028 vero
1140 970 1676 1042 Propterjustitiam,
1706 968 1857 1039 quod
1876 982 1965 1024 re-

385 1072 486 1126 deo
524 1069 591 1124 ad
624 1068 864 1134 Patrem,
894 1064 1006 1122 Nec
1031 1080 1117 1120 me
1155 1060 1409 1119 videbitis
1432 1062 1801 1117 convictorem
1848 1074 1963 1113 am-

385 1161 530 1232 plius
583 1160 902 1215 hominum:
934 1156 995 1210 11
1024 1154 1254 1225 Pr0pter
1284 1168 1411 1210 vero
1438 1153 1703 1223 judicium
1744 1150 1965 1215 vindex,

2060 692 2260 744 Εῖνεκα
2287 685 2577 755 δυσσεὸίης
2603 683 2924 753 ἀλιτήμονος
2945 697 2958 710 ο
2997 678 3133 733 ἀλλὰ
3166 677 3260 730 καὶ
3285 675 3454 744 αὐτῆς

2075 782 2242 853 ’Δμφῖ
2273 776 2619 847 δικαιοσύνης
2653 773 2748 829 καὶ
2790 773 3023 844 κρίσιος.
3065 769 3099 824 9
3131 767 3477 839 Ἀμπλακίης
3525 766 3645 836 μὲν,

2067 873 2222 925 Ὅττι
2259 886 2354 924 κεν
2386 871 2466 932 εἰς
2510 866 2610 937 ἐμὲ
2649 864 2852 927 πάντες
2884 859 3159 922 ἀπειθέες.
3194 858 3262 913 10
3297 855 3564 919 Εὐσεὸέος
3589 854 3650 908 δι

2080 962 2247 1034 Ἀμφὶ
2271 959 2637 1030 δικαιοσύνης,
2661 957 2743 1010 ὅτι
2782 952 3038 1024 νόστιμός
3065 953 3180 1021 είμι
3213 949 3402 1018 Τοκῆῖ,

2069 1054 2205 1108 Οὐδέ
2235 1070 2302 1124 με
2327 1050 2595 1123 θηήσεσθε
2620 1047 2896 1102 συνέστιον
2917 1043 3085 1098 εἰσέτι
3112 1039 3304 1111 φωτῶν
3320 1055 3335 1069 ·

2073 1148 2131 1202 11
2170 1146 2368 1199 Εἵνεκα
2394 1145 2450 1199 δὲ
2479 1143 2689 1212 κρίσιος
2717 1138 3060 1209 ποίνήτορος,
3094 1133 3278 1187 εἵνεκα
3309 1131 3514 1200 κόσμου

387 1254 516 1324 quia
554 1252 741 1308 mundi
769 1250 1057 1306 iudicatus
1089 1256 1174 1304 est
1201 1247 1390 1303 aeterni
1419 1255 1679 1302 versutus
1709 1245 1968 1315 princeps

2119 1239 2338 1307 ,έκριται
2365 1236 2582 1290 ἀενάοιο
2606 1232 2944 1304 πολύτροπος
2969 1225 3136 1299 ἀρχὸς
3165 1225 3407 1293 ἀγήνωρ.

390 1345 681 1416 superbus.
735 1342 801 1397 1?
853 1341 1018 1396 Multa
1069 1348 1249 1395 autem
1305 1338 1512 1393 habens
1544 1338 1611 1391 ad
1647 1334 1964 1396 dicendum,

389 1452 596 1502 renuo;
630 1450 739 1490 non
766 1434 910 1490 enim
955 1433 1144 1487 audire
1200 1431 1361 1501 172
1410 1428 1572 1484 Plura
1621 1430 1732 1498 jam
1792 1433 1976 1497 potes-

392 1529 484 1586 tis.
533 1529 599 1583 15
650 1526 974 1583 Consolalor
1025 1537 1155 1579 vero
1210 1520 1427 1593 quando
1476 1519 1724 1584 venerit,
1781 1517 1975 1573 Omnia

392 1619 744 1692 gubernabit;
809 1627 969 1686 atque
1023 1615 1248 1670 veritate
1301 1613 1355 1666 in
1418 1611 1566 1666 omni
1634 1608 1827 1664 Vester
1882 1607 1975 1662 de—

394 1710 591 1765 ductor
664 1708 717 1762 in
782 1707 927 1759 viam
996 1703 1233 1759 duxerit.
1296 1700 1429 1754 Nam
1487 1715 1583 1770 per
1635 1713 1693 1754 se
1750 1697 1976 1766 jussus,

2078 1331 2144 1385 i2
2173 1329 2349 1382 Πολλὰ
2375 1328 2418 1381 δ’
2442 1326 2580 1396 έχων
2611 1324 2846 1386 ἐνέπειν,
2870 1318 3193 1387 ἀναδύομαι,
3212 1315 3272 1368 οὐ
3300 1313 3410 1383 γὰρ
3437 1308 3664 1363 ἀκούειν

2082 1420 2241 1492 173
2264 1418 2516 1485 Πλείονος
2554 1416 2680 1487 ἄρτι
2701 1410 2953 1479 δύνασθε.
2979 1410 3049 1464 15
3073 1406 3427 1480 Παράκλητος
3454 1402 3497 1455 δ’
3530 1402 3664 1481 όταν

3376 1494 3393 1567 [
3418 1478 3588 1564 alia.

2080 1601 2267 1659 Πάντα
2294 1598 2683 1669 κυϐερνήσειεν
2701 1612 2713 1624 ·
2746 1592 2976 1665 ἀληθείῃ
3001 1591 3047 1645 δ’
3073 1591 3156 1644 ἐνὶ
3182 1588 3334 1662 πάσῃ

2095 1692 2328 1763 ’Υμείων
2353 1687 2613 1760 ὀχετηγὸς
2638 1687 2695 1749 ἐς
2722 1682 2970 1756 ἀτραπὸν
3001 1678 3380 1751 ἡγεμονεύσει.

394 1815 591 1872 expers
667 1797 888 1854 auditus
961 1795 1095 1850 nihil
1169 1792 1347 1859 dicet;
1428 1767 1534 1846 Sed
1615 1788 1980 1860 quodcunque

2119 1783 2221 1837 νύδέ
2249 1782 2360 1852 γὰρ
2396 1778 2850 1840 αὐτοκέλευστος,
2883 1773 3111 1844 ἀνήκοος
3144 1770 3296 1824 οὐδὲν
3330 1767 3522 1836 ἐνίψει,

397 1852 582 1954 audit,
653 1889 814 1945 etiam
887 1887 1167 1957 loquetur;
1235 1881 1543 1937 futurorum
1622 1852 1750 1936 vero
1816 1852 1979 1932 Vobis

2119 1873 2233 1925 Αλλ’
2263 1872 2399 1941 ὅπερ
2423 1867 2638 1931 εἰσαῒει,
2674 1864 2770 1918 καὶ¹
2802 1861 3130 1933 φθέγγεταιο
3166 1855 3476 1926 ἐσσομένων
3500 1852 3560 1906 δὲ

399 1983 560 2040 simul
589 1980 846 2038 omnibus
877 1976 1270 2033 vaticinabitur
1304 1974 1462 2029 linem
1499 1988 1749 2044 operum.
1791 1971 1854 2024 14
1879 1967 1978 2023 ilic

2095 1965 2255 2034 Ὑμῖν
2285 1965 2365 2015 εἰν
2401 1963 2482 2014 ἐνὶ
2513 1961 2647 2013 πᾶσι
2679 1953 3034 2028 προθεσπίζει
3067 1950 3220 2013 τέλος
3251 1947 3450 2020 ἔργων.

401 2076 592 2131 exiens
621 2088 650 2127 a
677 2072 839 2127 Patre
878 2068 1135 2126 exaltabit
1170 2082 1255 2122 me
1286 2066 1598 2128 lionorans;
1627 2063 1764 2130 Quia
1791 2068 1982 2115 nostro

2121 2056 2154 2110 4
2180 2047 2347 2118 Οὗτος
2372 2051 2465 2106 ίὼν
2494 2047 2645 2122 παρὰ
2670 2047 2883 2118 Πατρὺς
2952 2040 3227 2113 ἁνυψώσει
3264 2055 3330 2109 με
3358 2034 3638 2106 γεραίρων
3655 2049 3671 2063 ·

400 2166 671 2235 recipiens
709 2180 739 2218 a
770 2162 932 2217 Patre
974 2160 1142 2215 Vobis
1176 2157 1506 2230 promiscuis
1530 2167 1744 2226 tempus
1772 2168 1983 2224 praeoc-

401 2254 657 2324 enpantia
684 2252 905 2308 oracula
928 2247 1178 2306 ostendet
1212 2246 1570 2317 Quaecunque
1605 2245 1856 2301 evenient
1882 2258 1983 2297 vo-

404 2346 509 2403 bis.
545 2346 613 2400 15
635 2344 699 2397 Ει
722 2344 903 2415 prisca
946 2341 1184 2413 quadam
1235 2339 1517 2394 sanctione
1546 2337 1679 2392 Sors
1714 2351 1832 2391 mea
1857 2341 2007 2391 sunt-

2088 2148 2245 2201 Ὂττι
2275 2162 2368 2199 κεν
2406 2141 2695 2214 ἡμετέροιο
2723 2136 3041 2208 δεδεγμένος
3075 2135 3138 2187 ὲκ
3164 2129 3459 2200 Γενετῆρος

2100 2240 2257 2309 Ὑμῖν
2280 2235 2647 2307 συμμιγέεσσι
2684 2231 2931 2303 προώρια
2964 2227 3208 2295 θέσφατα
3232 2222 3415 2292 φαίνει

2092 2304 2379 2399 ὐσσαπερ
2401 2304 2636 2379 Ϋὲσσεται
2662 2322 2825 2393 ὐμμι.
2851 2319 2917 2373 15
2934 2318 3044 2371 Καὶ
3064 2314 3343 2388 ἀρχεγόνῳ
3356 2309 3465 2365 τινὶ
3489 2304 3680 2377 θεσμῷ

405 2437 588 2495 omnia
622 2400 780 2489 Pater
814 2400 981 2488 meus.
1004 2448 1126 2502 qua:
1158 2432 1342 2485 habet.
1387 2428 1615 2498 Propter
1648 2425 1794 2497 quod
1830 2426 1986 2482 vobis

2119 2422 2310 2493 ίλῆρος
2346 2418 2477 2489 ἐμὸς
2506 2416 2637 2469 πέλε
2669 2414 2847 2468 πάντα
2873 2409 3063 2481 Πατὴρ
3109 2407 3241 2478 ἐμὸς
3270 2406 3404 2458 ὅσσα
3437 2400 3680 2471 κομίζει.

407 2527 520 2582 dixi
559 2526 700 2596 quod
732 2524 918 2578 divino
945 2537 975 2576 a
999 2522 1161 2577 Patre
1196 2520 1490 2591 Recipiens
1517 2526 1705 2572 nostro
1736 2532 1989 2587 praenun-

2094 2509 2169 2568 Οὐ
2195 2514 2353 2584 χάριν
2387 2510 2560 2582 ύμμιν
2586 2507 2767 2561 ἔειπον
2799 2505 2882 2558 ὅτι
2912 2501 3127 2568 ζαθέοιο
3150 2497 3357 2567 Τοκῆος

406 2589 764 2672 ﬂabit-tinem
793 2630 1039 2685 operum.
1074 2615 1139 2667 16
1164 2589 1432 2667 Pusillum
1464 2609 1639 2666 adhuc
1665 2617 1880 2681 tempus
1906 2617 1990 2665 est

2119 2604 2361 2674 ιέγμενος
2380 2598 2669 2672 ἡμετέροιο
2699 2593 3060 2666 προαγγέλλει
3092 2589 3245 2653 τέλος
3266 2589 3464 2660 ἔργων.

409 2707 684 2770 relictum,
715 2720 780 2760 ex
809 2672 917 2775 quo
946 2719 1031 2759 me
1056 2705 1244 2758 mundi
1298 2701 1416 2757 Non
1470 2703 1702 2771 amplius
1737 2672 1990 2755 videbitis

2131 2696 2163 2751 6
2205 2672 2365 2756 Βαιὸς
2433 2693 2512 2745 ἔτι
2552 2689 2740 2762 χρόνος
2808 2687 2925 2740 ἐστὶ
2968 2683 3352 2763 λελειμμένος,
3409 2672 3555 2734 εὐτε
3614 2693 3686 2747 με

410 2799 665 2853 comitem
693 2815 707 2865 ;
749 2797 989 2852 vicinum
1021 2811 1151 2852 vero
1200 2794 1361 2851 Deest
1398 2794 1579 2849 adhuc
1605 2793 1864 2864 pusillum
1895 2808 1991 2848 vo-

3362 2770 3380 2841 [
3403 2769 3498 2822 κόσ
3508 2784 3610 2839 μου

413 2894 582 2951 lubile
615 2902 851 2964 tempus,
877 2909 942 2949 ex
975 2908 1083 2962 quo
1112 2908 1198 2947 me
1230 2892 1331 2949 soli
1364 2886 1580 2947 Rursus
1610 2891 1911 2960 aspicietis,
1941 2899 1990 2945 et

2119 2879 2294 2933 )ὐκέτι
2337 2871 2603 2946 θηήσεσθε
2637 2868 3001 2939 συνέμπορον·
3036 2861 3341 2964 άγχιιρανὴς
3377 2859 3434 2912 δὲ

412 2993 666 3049 caelestes
700 3007 794 3062 per
821 2992 976 3047 sinus
1008 2989 1235 3046 Veniam
1271 2989 1340 3044 ad
1367 2988 1604 3044 Patrem.
1644 2987 1708 3040 l7
1740 2986 1802 3041 Et
1840 2986 1987 3041 dixe-

412 3098 542 3145 runt
568 3088 848 3159 discipuli,
882 3087 1199 3145 Sermonem
1236 3090 1641 3157 supprimentes
1677 3086 1817 3139 intra
1842 3099 1997 3139 men-

415 3198 546 3255 tem,
573 3189 961 3259 promissorem
982 3188 1151 3251 vocis,
1174 3185 1399 3257 Linguze
1417 3185 1806 3255 propinquum,
1827 3197 1998 3239 temu-

425 3286 533 3339 lnm
566 3284 768 3340 silentii
797 3302 810 3338 :
847 3283 984 3349 Quis
1016 3290 1100 3338 est
1127 3297 1308 3337 sermo
1342 3280 1429 3334 hic
1452 3295 1613 3349 quem
1655 3279 1811 3342 dixit,
1851 3277 1996 3348 quod

416 3380 595 3436 adhuc
645 3379 925 3448 pusillum,
979 3378 1242 3434 Pusillum
1285 3375 1464 3430 adhuc
1509 3383 1724 3444 tempus
1754 3383 1840 3431 est
1868 3373 1999 3430 reli-

418 3485 587 3539 ctum,
634 3491 697 3530 ex
728 3490 839 3545 quo
863 3490 953 3530 me
986 3475 1175 3531 mundi
1203 3474 1323 3529 Non
1355 3473 1590 3544 amplius
1627 3473 1880 3528 videbitis
1910 3487 2002 3527 co-

421 3574 637 3640 mitem;
684 3574 1054 3644 propinquum
1096 3589 1227 3629 vero
1290 3571 1452 3630 Deest
1508 3572 1687 3628 adhuc
1740 3571 2000 3643 pusillum

427 3669 669 3726 volubile
698 3678 934 3741 tempus,
972 3687 1036 3727 ex
1066 3685 1175 3741 quo
1203 3684 1288 3726 me
1318 3670 1417 3726 soli
1452 3669 1666 3727 Rursus
1695 3669 1999 3742 aspicietis,

421 3764 1171 3823 etveniamadPatrem?-18
1229 3806 1242 3821 .
1323 3807 1338 3820 .
1418 3805 1432 3821 .
1514 3807 1527 3822 .
1608 3808 1621 3822 .
1701 3801 1714 3821 δ
1796 3808 1809 3821 .
1889 3786 1903 3819 ι
1985 3808 1998 3821 .

426 3955 493 4011 19
536 3955 696 4015 Jesus
763 3961 894 4015 vero
948 3960 1223 4016 sociorum
1293 3959 1598 4030 intelligens
1650 3958 1863 4011 varium
1907 3971 2004 4012 cor

424 4052 578 4119 Quod
636 4056 888 4112 collocuti
927 4063 1151 4121 essent,
1207 4063 1261 4110 et
1316 4055 1567 4110 volebant
1628 4054 1993 4124 interrogare,

424 4151 786 4211 Antevertens
839 4166 1093 4208 sermone
1144 4151 1283 4206 dixit
1337 4149 1632 4206 solertibus
1675 4149 1998 4220 discipulis:

424 4240 540 4301 Cur
570 4247 1110 4319 invicemiuquiritis
1148 4247 1323 4302 vicina
1352 4244 1719 4316 lingua'Quod
1752 4253 1875 4314 post
1904 4259 2007 4314 pu-

2098 2970 2353 3024 Λείπεται
2384 2964 2548 3019 εἰσέτι
2579 2961 2725 3034 βαιὸς
2752 2958 2867 3024 ἕλιξ
2893 2959 3112 3029 χρόνος,
3136 2950 3261 3008 εὖτέ
3294 2969 3361 3023 με
3418 2948 3605 3021 μοῦνοι

2103 3059 2380 3131 Ἔμλπαλιν
2412 3056 2712 3128 ἁθρήσητε,
2748 3052 2841 3106 καὶ
2881 3048 3139 3119 αἰθερίων
3169 3046 3262 3100 ἐπὶ
3292 3045 3507 3098 κόλπων

2104 3151 2317 3222 Ἵξομαι
2347 3152 2425 3212 εἰς
2456 3146 2749 3217 Γενετῆρα.
2794 3143 2859 3196 17
2891 3141 3001 3195 Καὶ
3027 3138 3355 3207 ἐφθέγγοντο
3389 3133 3655 3205 μαθηταὶ,

2025 3219 2068 3278 c
2102 3219 2285 3298 Μῦθον
2321 3239 2752 3300 ὐποκλέπτοντες
2788 3234 2896 3288 έσω
2942 3232 3167 3305 φρενὸς,
3198 3229 3395 3297 ἔγγυον
3425 3226 3612 3295 αὐδῆς,

2106 3334 2364 3403 Γλώσσης
2392 3328 2773 3401 ἁγχικέλευθον
2799 3369 2815 3393 ,
2852 3323 3195 3396 ἁμιλλητῆρα
3228 3320 3438 3389 σιωπῆς
3459 3335 3473 3350 '

2110 3425 2206 3488 Τίς
2237 3421 2440 3475 τελέθει
2461 3421 2619 3489 λόγος
2649 3414 2803 3482 οὗτος
2833 3417 2892 3470 δν
2918 3416 3138 3469 έννεπεν
3157 3453 3172 3477 ,
3202 3412 3278 3476 ὠς
3302 3410 3381 3465 ἔτι
3409 3410 3577 3481 βαιὸς,

2109 3509 2270 3574 Βαιδς
2294 3509 2372 3562 έτι
2400 3508 2591 3580 χρόνος
2633 3506 2750 3559 ἐστὶ
2777 3502 3131 3574 λελειμμένος
3155 3541 3170 3566 ,
3199 3498 3322 3555 εὖτέ
3359 3517 3426 3570 με
3451 3499 3662 3569 κόσμου

2110 3602 2305 3657 Οὐκέτι
2331 3598 2601 3672 θηήσεσθε
2636 3596 2977 3668 συνέμπορον
3000 3611 3012 3626 ·
3045 3592 3354 3665 ἀγχιφανὴς
3385 3592 3441 3645 δὲ

2110 3694 2370 3747 Λείπεται
2404 3691 2572 3745 εἰσέτι
2599 3688 2748 3760 βαιὸς
2774 3686 2889 3753 ἕλιξ
2929 3686 3150 3757 χρόνος,
3183 3681 3306 3739 εὗτέ
3350 3701 3414 3753 με
3447 3681 3632 3752 μοῦνοι

2114 3784 2390 3864 Ἔμπαλιν
2418 3784 2718 3855 ἁθρήσητε,
2752 3781 2846 3836 καὶ⁷
2876 3780 3057 3851 ἵξομαι
3091 3779 3171 3841 είς
3195 3776 3466 3847 Γενετῆρα
3492 3791 3508 3839 ;

2115 3966 2181 4023 19
2219 3964 2424 4038 Ἰησοῦς
2455 3965 2499 4019 δ’
2529 3965 2739 4037 ἑτάρων
2772 3962 3101 4034 δεδαημένος
3134 3959 3315 4014 αἰόλον
3349 3952 3502 4028 ἦτορ,

2117 4060 2268 4111 Ὅττι
2300 4056 2726 4127 συνεφθέγγοντο
2749 4098 2763 4122 ,
2799 4055 2892 4109 καὶ
2922 4053 3112 4123 ἦθελον
3137 4049 3476 4122 ἐξερεείνειν,

2113 4149 2459 4221 Προφθαδίην
2483 4148 2714 4219 ἀγόρευε
2746 4143 3145 4218 περισσονόοισι
3172 4141 3440 4215 μαθηταῖς
3464 4157 3477 4170 ·

2116 4243 2287 4297 Τίπτε
2330 4241 2447 4313 μετ’
2472 4239 2718 4310 ἀλλήλων
2754 4237 3049 4310 μαστεύετε
3073 4235 3274 4304 γείτονι
3300 4230 3515 4301 γλώσσῃ

1627 4391 1909 4454 TEXTUS
1948 4384 2480 4457 EVANGELISTAE.

498 4568 533 4624 8
574 4565 686 4621 Καὶ
736 4565 904 4619 ἐλθὼν
955 4566 1158 4628 ἐκεῖνος
1181 4605 1195 4628 ,
1246 4561 1452 4632 ἐλέγξει
1486 4563 1576 4616 τὸν
1631 4563 1837 4633 κόσμον
1881 4564 2009 4634 περὶ
2042 4566 2085 4620 D

430 4650 705 4723 ἁμαρτίας
735 4649 826 4703 καὶ
852 4649 977 4718 περὶ
1002 4646 1344 4718 δικαιοσύνης
1375 4648 1469 4701 καὶ
1506 4648 1632 4717 περὶ
1665 4647 1917 4716 κρίσεως.

499 4734 687 4857 ξὲΠερὶ
750 4732 1023 4802 ἁμαρτίας
1078 4731 1209 4802 μὲν,
1261 4731 1341 4783 ὅτι
1398 4730 1458 4783 οὐ
1535 4729 1879 4782 πιστεύουσιν
1928 4730 2007 4791 είς

506 4820 558 4857 έ.

431 4820 567 4955 EPLi0
598 4898 735 4970 Περὶ
766 4875 1110 4968 δικαιοσύνης
1135 4896 1210 4962 δέ,
1236 4897 1316 4951 ὅτι
1351 4896 1485 4967 πρὸς
1527 4895 1617 4948 τὸν
1648 4886 1868 4965 Πατέρα
1906 4910 2007 4966 μου

322 5006 335 5014 -
434 4983 650 5048 ὑπάγω,
688 4981 782 5034 καὶ
812 4982 912 5034 οὐκ
940 4981 1020 5033 ἔτι
1047 4980 1299 5050 θεωρεῖτέ
1337 4996 1403 5049 με
1430 4995 1443 5010 ⁸

504 5064 564 5117 11
599 5062 734 5133 Περὶ
757 5062 815 5114 δὲ
841 5062 1095 5142 κρίσεως,
1120 5062 1199 5116 ὅτι
1232 5064 1259 5115 6
1298 5061 1481 5132 ἄρχων
1518 5060 1612 5115 τοῦ
1648 5061 1852 5131 κόσμου
1882 5057 2008 5112 τού-

433 5160 527 5202 του
562 5143 832 5213 κέκριται.

507 5227 576 5290 12
616 5226 736 5279 Ἔτι
789 5224 960 5278 πολλὰ
998 5223 1105 5293 ἔχω
1133 5223 1313 5291 λέγειν
1345 5226 1495 5296 ὑμῖν,
1532 5224 1645 5278 ἀλλ’
1673 5225 1731 5278 οὐ
1770 5223 2001 5277 δύνασθε

439 5310 728 5383 βαστάζειν
752 5309 897 5378 ἄρτι.

509 5395 578 5449 15
610 5393 777 5445 Ὅταν
805 5390 861 5444 δὲ
898 5387 1028 5460 έλθῃ
1076 5388 1316 5451 ἐκεῖνος,
1356 5388 1417 5442 τὺ
1461 5387 1682 5458 Πνεῦμα
1727 5388 1826 5458 τῆς
1878 5386 2012 5457 άληο

437 5476 621 5543 θείας,
656 5475 913 5546 ὁδηγήσει
953 5472 1095 5543 ὑμᾶς
1123 5471 1203 5534 είς
1233 5470 1413 5524 πᾶσαν
1455 5469 1554 5542 τὴν
1605 5469 1896 5541 ἁλήθειαν’
1933 5468 2009 5522 ὀὐ

438 5561 548 5630 γάρ
580 5559 800 5631 λαλήσει
836 5558 928 5627 ἀφ’
956 5552 1172 5618 ἐαυτοῦ,
1208 5551 1322 5608 ἀλλ’
1344 5553 1443 5605 ὅσα
1476 5552 1542 5608 ἂν
1569 5553 1778 5627 ἀκούσῃ
1798 5595 1813 5619 ,
1849 5550 2012 5623 λαλή-

342 5670 348 5681 ‹
440 5657 524 5694 σει
549 5680 564 5705 ,
596 5642 689 5695 καί
721 5641 789 5693 τὰ
811 5639 1082 5710 ἐρχόμενα
1107 5634 1395 5706 ἀναγγελεῖ
1420 5636 1572 5705 ὑμῖν.

514 5725 579 5777 14
619 5724 857 5786 Ἐκεῖνος
886 5722 986 5792 ἐμὲ
1011 5722 1241 5790 δοξάσει,
1266 5721 1346 5774 ὅτι
1375 5720 1438 5773 ὲκ
1470 5715 1561 5772 τοῦ
1592 5716 1725 5788 ἐμοῦ
1757 5717 2008 5790 λήψεται,

469 5807 546 5863 ut
565 5804 853 5872 ἀναγγελεῖ
885 5804 1033 5874 ὑμῖν.

2210 4561 2278 4615 15
2330 4560 2514 4614 Πάντα
2575 4558 2674 4610 ὅσα
2729 4555 2841 4625 ἔχει
2878 4555 2907 4607 6
2966 4550 3189 4622 Πατὴρ,
3239 4548 3350 4620 ἐμά
3406 4549 3554 4599 ἐστι’
3602 4541 3692 4597 διὰ

2114 4646 2273 4700 τοῦτο
2320 4642 2468 4699 εἶπεν
2508 4643 2589 4695 ὅτι
2633 4640 2697 4691 ἐκ
2729 4638 2823 4692 τοῦ
2860 4636 2996 4708 ἐμοῦ
3022 4635 3288 4707 λήψεται,
3333 4631 3427 4684 καὶ
3458 4631 3691 4695 ἀναγγεο

2115 4737 2198 4791 λεῖ
2242 4734 2389 4791 ὑμῖν.

2560 4812 2652 4867 καὶ
2698 4811 2759 4864 οὐ
2815 4807 3072 4879 θεωρεῖτέ
3126 4822 3196 4876 με
3217 4822 3229 4835 ·
3280 4804 3375 4857 καὶ
3409 4799 3569 4887 πάλιν
3605 4814 3693 4887 ut.

2118 4898 2249 4972 κρὸν
2274 4940 2288 4962 ,
2346 4879 2439 4953 καὶ
2480 4893 2678 4966 δψεσθέ
2733 4909 2835 4963 με,
2887 4892 2969 4944 ὅτι
3018 4887 3128 4957 ἐγὼ
3178 4886 3376 4954 ὑπάγω
3422 4883 3558 4954 πρὸς
3605 4879 3691 4932 τὸν

2119 4982 2355 5050 Πατέρα.

2195 5043 2463 5116 17”Εἴπον
2501 5056 2594 5115 οὖν
2630 5063 2694 5114 ἐκ
2719 5057 2827 5112 τῶν
2880 5053 3136 5128 μαθητῶν
3169 5049 3336 5104 αὐτοῦ
3366 5048 3505 5120 πρὸς

2119 5149 2277 5210 λους·
2306 5145 2370 5198 Τί
2403 5147 2518 5198 ἐστι
2564 5143 2720 5196 τοῦτο
2743 5141 2772 5194 ὃ
2821 5125 2970 5210 λέγει
3018 5139 3183 5209 ἡμῖν’
3218 5132 3432 5201 Μικρὸν
3458 5172 3475 5196 ,
3515 5125 3688 5210 καὶού

2118 5209 2368 5300 θεωρεῖτέ
2397 5244 2466 5298 με
2484 5244 2497 5256 ·
2531 5227 2623 5279 καὶ
2641 5225 2802 5280 πάλιν
2833 5209 3051 5294 μικρὸν,
3080 5219 3174 5273 καὶ
3192 5214 3391 5287 ὄψεσθέ
3423 5230 3492 5284 με
3512 5228 3527 5243 ·
3556 5209 3645 5265 καὶ
3664 5247 3686 5275 ,

2121 5314 2241 5366 Ὅτι
2270 5309 2380 5379 ἐγὼ
2417 5308 2613 5376 ὑπάγω
2638 5308 2775 5378 πρὸς
2801 5306 2893 5359 τὸν
2920 5305 3141 5373 Πατέρα
3165 5316 3181 5365 ;

2189 5394 2256 5449 18
2279 5374 2503 5461 Ἔλεγον
2525 5374 2617 5445 οὖν
2643 5408 2656 5423 ·
2684 5374 2856 5444 Τοῦτο
2877 5390 2930 5443 τί
2963 5390 3109 5442 ἐστιν
3130 5385 3159 5438 ὃ
3180 5383 3349 5452 λέγει,
3382 5379 3443 5435 τδ
3474 5374 3685 5451 μικρύνς

2117 5480 2216 5533 οὐκ
2241 5478 2460 5549 οἴδαμεν
2496 5475 2550 5530 τί
2586 5475 2756 5529 λαλεῖ.
3278 5480 3281 5481 ⁷

2189 5562 2255 5616 19
2297 5542 2479 5629 Ἔγνω
2512 5553 2603 5614 οὖν
2635 5560 2664 5611 6
2704 5554 2911 5627 Ἰησοῦς
2944 5555 3026 5608 ὅτι
3093 5549 3289 5624 ἤθελον
3352 5544 3515 5601 αὐτὸν
3558 5542 3688 5629 ἔρως

2117 5646 2215 5716 τᾷν
2240 5681 2256 5709 ,
2305 5620 2400 5696 καί
2443 5637 2595 5694 εἶπεν
2641 5620 2825 5702 αὐτοῖς
2844 5655 2856 5669 ·
2909 5637 3047 5707 Περὶ
3102 5620 3292 5716 τούτου
3325 5630 3540 5716 ζητεῖτε
3573 5620 3686 5694 μετ’

2116 5710 2356 5799 ἀλλήλων
2401 5725 2489 5778 ὅτι»
2527 5719 2679 5777 εἶπον
2699 5740 2713 5753 ·
2749 5720 2961 5791 Μικρὸν
2986 5757 3003 5778 ,
3034 5718 3130 5771 καὶ
3179 5715 3238 5768 οὐ
3272 5710 3529 5781 θεωρεῖτέ
3580 5717 3639 5775 με
3659 5716 3679 5733 ⁸

2115 5809 2207 5870 καὶ
2242 5808 2403 5864 πάλιν
2440 5805 2664 5879 μικρὸν,
2696 5805 2791 5860 καὶ
2818 5800 3016 5875 ὅψεσθέ
3049 5814 3147 5874 μεξ
