3900 6216
265 373 379 430 885

261 486 501 549 Μύθους
534 486 658 549 σοὺς
682 486 970 558 παρέδωκα
1012 487 1301 559 βιαρκέας·
1340 489 1597 543 ἀσπάσιοι
1630 488 1687 542 δὲ

260 576 377 629 Τὸν
408 576 577 645 λόγον
609 575 849 649 ἰθυντῆρι
880 577 984 646 νόῳ
1017 576 1233 641 δέξαντο
1269 580 1358 631 καὶ
1380 579 1553 642 αὐτοὶ,

263 669 383 720 Καὶ
411 666 594 738 μάθον
625 668 699 733 Lb;
726 668 877 739 παρά
909 671 1019 721 σεῖο
1047 668 1369 739 προήλυθον,
1406 669 1668 741 ὑμέτερον
1699 669 1755 722 δὲ

264 756 471 810 Μῦθον
502 757 846 829 άσυλήτοισιν
869 758 1238 812 ἐπιστώσαντο
1271 762 1559 830 μενοιναίς,

266 848 437 902 ’Ὀττι
478 849 545 903 σύ
570 866 638 921 με
664 850 945 922 προέηκας
974 853 1065 904 ἐπὶ
1094 850 1279 921 χθόνα.
1305 850 1337 906 9
1364 850 1476 904 Νῦν
1500 851 1658 923 χάριν
1684 850 1862 906 αὐτῶν

282 942 633 1006 Ἀπλανέων,
663 944 724 995 ού
750 944 948 1007 παντὸς
978 944 1247 1015 ἀλήμονος
1280 943 1461 997 εἵνεκα
1493 944 1718 1016 κόσμου,

267 1029 343 1086 Ὦ
374 1035 570 1106 Πάτερ
594 1076 608 1097 ,
640 1034 863 1098 αἰτίζων
895 1052 953 1087 σε
982 1034 1254 1106 διείρομαι
1284 1051 1297 1066 '
1333 1036 1475 1105 ἀμφὶ
1504 1035 1558 1088 δὲ
1591 1034 1791 1088 τούτων

266 1125 383 1189 Οὓς
422 1127 597 1196 πόρες
629 1126 746 1179 Υῐέῐ
782 1129 924 1180 σεῖο·
957 1127 1070 1179 τεοὶ
1106 1127 1287 1180 πέλον.
1324 1127 1389 1182 10
1434 1126 1761 1197 Ἀμφότερον
1784 1124 1860 1187 δὲ,

272 1217 461 1269 Ὄσσα
483 1216 673 1287 φέρεις
693 1257 709 1277 ,
730 1216 839 1287 ἐμά
858 1216 1039 1270 πάντα
1062 1233 1074 1246 ·
1106 1216 1201 1271 καὶ
1222 1216 1455 1286 ἔμπαλιν
1478 1217 1612 1269 ὄσσα
1634 1213 1860 1285 κομίζω,

266 1304 468 1358 Πάντα
501 1304 656 1357 σέθεν
686 1305 946 1374 γεγάασιν
965 1321 978 1335 ·
1015 1304 1125 1373 ἐγὼ
1156 1305 1199 1358 δ’
1229 1306 1307 1357 ἐνὶ
1330 1308 1498 1358 τοῖσιν
1526 1305 1763 1376 ἑταίροις

265 1392 594 1463 Σύνδρομον
622 1395 700 1456 είς
728 1393 894 1464 χθόνα
924 1396 1101 1447 πᾶσαν
1124 1394 1232 1464 ἔχω
1264 1394 1593 1460 παλιναυξέα
1617 1397 1801 1467 τιμήν.

274 1484 335 1536 11
374 1482 593 1554 Κόσμῳ
622 1484 667 1537 δ’
693 1487 742 1537 οἱ
777 1485 874 1556 μὲν
902 1474 1053 1538 ἔασιν
1072 1503 1085 1516 ·
1111 1486 1219 1555 ἐγὼ
1239 1488 1283 1539 δ’
1311 1488 1418 1557 ἄρα
1452 1491 1604 1557 γαῖαν
1637 1488 1801 1550 ἐάσας
1842 1526 1845 1531 ν

266 1574 423 1645 Πρὸς
443 1576 526 1641 σὲ,
553 1577 757 1647 Πάτερ,
780 1578 1098 1649 παλίνορσος
1112 1578 1424 1649 ἐλεύσομαι·
1452 1580 1585 1632 ἁλλά
1616 1578 1863 1650 μαθητὰς

284 1667 626 1738 Ἥμετέρους
663 1670 727 1722 σὺ
760 1668 993 1737 φύλαξον
1027 1668 1333 1742 ὁμόφρονας
1354 1670 1574 1724 ἔκτοθεν
1604 1671 1771 1740 αὐτῆς

271 1755 546 1825 Δαίμονος
567 1757 879 1811 άντιπάλοιο
904 1760 1353 1830 προασπιστῆρος
1394 1759 1679 1829 ἱμάσθλης.

1179 373 1669 431 PARAPHRASIS
1710 375 1776 429 IN
1819 366 2156 430 JOANNEM.
2198 403 2266 413 —
2302 371 2455 428 CAP.
2494 371 2655 426 XVII.

3436 373 3539 428 8‘86

1891 492 1933 548 Α
1963 489 2101 560 grati
2129 505 2259 544 vero
2290 488 2465 543 Tuum
2488 488 2713 543 verbum
2747 486 3109 543 moderatrice
3141 497 3321 543 mente
3352 504 3531 544 susce-

1967 602 2161 663 perunt
2192 602 2245 650 et
2295 595 2419 663 ipsi,
2449 593 2515 646 Et
2559 593 2864 648 didicerunt
2894 593 3039 663 quod
3093 608 3123 646 a
3179 601 3230 648 te
3277 596 3540 663 processi,

1964 708 2230 772 tuumque
2270 700 2589 756 Sermonem
2618 701 2787 756 ﬁrmis
2815 700 3107 756 infixeruut
3138 702 3355 765 animis,
3386 700 3537 767 Quod

1972 816 2029 861 tu
2078 823 2165 863 me
2197 807 2507 878 praemisisti
2533 807 2586 861 in
2615 816 2833 862 terram.
2883 808 2915 861 9
2945 806 3101 861 Nunc
3152 815 3370 877 propter
3417 808 3540 863 illos

1964 911 2080 967 Non
2099 918 2368 974 errantes,
2402 926 2510 965 non
2530 918 2701 965 totum
2719 920 2988 966 errantem
3010 919 3229 983 propter
3246 911 3532 975 mundum,

1966 1016 2011 1071 Ο
2037 1010 2210 1086 pater,
2245 1031 2275 1071 a
2306 1023 2357 1072 te
2396 1024 2520 1086 peto
2550 1022 2603 1071 et
2633 1031 2763 1071 oro:
2800 1017 2890 1072 sed
2923 1032 3020 1087 pro
3046 1018 3133 1071 his
3162 1018 3310 1083 Quos
3338 1016 3539 1073 dediin

1968 1118 2104 1177 Filio
2131 1132 2260 1188 tuo;
2292 1121 2372 1175 tui
2405 1130 2553 1177 sunt.
2592 1119 2658 1175 10
2690 1118 2988 1189 Utrumque
3027 1126 3228 1183 autem,
3276 1121 3543 1187 Quaecun-

1969 1241 2075 1295 que
2129 1224 2316 1291 habes,
2351 1238 2473 1280 mea
2509 1231 2636 1281 sunt
2678 1222 2899 1277 omnia:
2932 1230 2985 1277 et
3013 1239 3205 1280 rursus
3243 1242 3361 1295 quae
3404 1225 3538 1289 fero,

1967 1328 2168 1382 Omnia
2192 1335 2284 1383 tua
2308 1335 2436 1383 sunt
2461 1345 2475 1393 ;
2507 1342 2609 1398 ego
2642 1342 2771 1382 vero
2799 1327 2852 1380 in
2881 1327 3047 1382 sociis
3070 1328 3333 1384 Comitem
3360 1330 3415 1383 in
3442 1337 3545 1384 ter-

1968 1449 2026 1488 ra
2060 1447 2281 1490 omnem
2311 1432 2487 1489 habeo
2520 1439 2919 1487 recrescentem
2938 1430 3186 1500 gloriam.
3213 1431 3274 1486 11
3307 1432 3361 1485 In
3383 1448 3543 1486 mun-

1968 1536 2037 1591 do
2074 1536 2154 1592 illi
2187 1534 2405 1607 quidem
2462 1543 2623 1603 sunt;
2651 1550 2753 1606 ego
2799 1549 2925 1591 vero
2954 1546 3097 1590 terra
3141 1537 3328 1591 relicta
3354 1538 3434 1591 Ad
3472 1545 3544 1597 te.

1968 1637 2150 1703 Pater,
2178 1653 2437 1694 reversus
2476 1638 2717 1695 veniam:
2756 1638 2850 1694 sed
2890 1638 3187 1708 discipulos
3227 1638 3457 1695 Nostros
3490 1647 3546 1693 tu

1970 1743 2185 1797 custodi
2216 1743 2519 1799 concordes
2553 1743 2622 1798 ab
2649 1743 2765 1813 ipsa
2796 1743 3066 1798 Damonis
3098 1744 3397 1800 adversarii
3424 1759 3552 1815 pro-—

281 1844 452 1913 Ἀγνὲ
486 1847 687 1918 Πάτερ,
718 1850 781 1901 σὺ
814 1848 1046 1916 φύλαξον
1074 1850 1380 1919 ὁμόφρονας
1423 1850 1639 1903 ἔκτοθεν
1670 1851 1848 1920 αὐτῆς1

1982 1850 2304 1920 mgnatoris'
2347 1850 2577 1906 scutica.
2627 1848 2827 1905 Sancte
2859 1848 3041 1915 Pater,
3071 1858 3129 1903 tu
3174 1850 3388 1905 custodi
3417 1864 3550 1905 con-

266 1934 493 1997 Πάντες
519 1935 576 1987 ἓν
597 1936 741 2006 ὄφρα
767 1937 979 1992 πέλοιεν
1010 1939 1278 2009 όμόζυγες
1301 1978 1314 2001 ,
1343 1936 1539 2009 οἷάπερ
1571 1941 1752 2010 ἡμεῖς.

275 2021 347 2075 ~12
387 2022 725 2094 ’Δγχιφανὴς
745 2026 833 2079 ὅτε
866 2029 1036 2079 τοῖσιν
1074 2027 1288 2097 ὁμίλεον
1322 2027 1492 2081 ἔνδοθι
1525 2030 1752 2099 κόσμου,

248 2111 454 2175 Αὐτὸς
481 2112 637 2177 ὅλους
665 2115 964 2181 ἐφύλασσον
997 2118 1285 2187 ἀπήμονας
1303 2134 1316 2149 ’
1354 2118 1472 2171 οὐδέ
1506 2136 1590 2180 τις
1614 2120 1789 2172 αὐτῶν

265 2200 293 2272 ί
318 2200 430 2266 Οὓς
457 2204 626 2274 πόρες
656 2206 773 2259 Υίέῐ
805 2224 919 2271 σου,
956 2207 1180 2278 βροτέης
1212 2209 1423 2280 Σωτῆρι
1451 2209 1728 2279 γενέθλης,
1755 2208 1766 2278 Ι

276 2291 476 2345 Ὠλετο
504 2294 790 2366 δυσσεὸίης
818 2296 1073 2367 σφαλερῴ
1103 2297 1452 2367 δεδονημένος
1478 2297 1678 2368 οἴστρῳ
1703 2338 1716 2359 ,

276 2382 447 2453 180
477 2385 541 2437 Εί
577 2386 653 2455 μὴ
680 2386 955 2455 δαιμονίου
992 2386 1313 2460 φθισήνορος
1354 2389 1468 2452 υἱὸς
1494 2388 1715 2460 ὀλέθρου
1738 2407 1749 2418 ·

277 2474 469 2543 Ὄφρα
491 2475 657 2544 νόμου
693 2481 980 2546 γραφικοῖο
1018 2479 1173 2547 λόγος
1195 2478 1579 2550 τετελεσμένος
1607 2480 1713 2551 εἴη.

276 2563 344 2617 15
398 2563 517 2619 Νῦν
560 2566 650 2631 δὲ,
684 2568 896 2639 Πάτερ,
937 2570 1073 2639 μετὰ
1130 2573 1289 2639 γαῖαν
1332 2570 1638 2641 ὑπότροπος
1686 2573 1765 2633 είς
1802 2572 1858 2625 σὲ

1506 2660 1783 2733 [περήσω.

272 2746 388 2799 Καὶ
411 2748 545 2801 τάδε
572 2766 651 2802 σοι
675 2749 961 2821 ξύμπαντα
989 2752 1179 2823 διήϊον,
1209 2753 1351 2824 ὄφρα
1379 2771 1472 2808 κεν
1506 2754 1612 2807 αἰεὶ

270 2824 446 2891 Ξυνὸῦ
478 2841 668 2911 χάρμα
704 2843 918 2913 φέροιεν
949 2845 1101 2914 ἐμοῖς
1134 2846 1514 2914 τετελεσμένον
1549 2845 1749 2915 ἔργοιςο

278 2926 344 2983 11
379 2932 495 2984 Καὶ
544 2932 695 3003 σφίσι
737 2934 878 2988 θεῖον
924 2935 1139 2989 ὄπασσα,
1180 2937 1301 2989 τεὸν
1343 2937 1535 3004 λόγον·
1582 2936 1719 2988 ἀλλὰ
1765 2953 1855 3005 με·

1547 3024 1788 3097 [γαίρων

273 3109 490 3175 Αὐτοὺς
518 3111 708 3182 ἔστυγε
744 3115 946 3184 κόσμος
966 3155 980 3179 ,
1007 3117 1090 3169 ὅτι
1124 3116 1315 3179 ζαθέου
1356 3117 1650 3187 Γενετῆρος

274 3202 503 3273 Γνήσιοι
533 3205 747 3277 αἰθέρος
770 3207 876 3259 εἰσὶ
924 3207 1069 3260 νόθοι
1093 3210 1318 3278 κόσμοιο
1352 3208 1584 3270 πολῖται,

292 3293 384 3357 Ὠς
420 3297 520 3348 καὶ
549 3294 658 3365 ἐγὼ
686 3298 909 3369 κόσμοιο
941 3299 1088 3353 πέλω
1111 3299 1256 3363 ξένος
1274 3318 1285 3329 ·
1310 3302 1370 3353 ού
1404 3300 1631 3371 βροτέης
1654 3298 1762 3368 γὰρ

280 3384 415 3454 Εἰμὶ
451 3386 865 3458 τελεσσιγάμοιο
896 3391 1058 3459 γονῆς
1091 3391 1295 3461 χθονός.
1328 3392 1392 3446 15
1421 3390 1604 3445 Ούτινι
1634 3391 1808 3463 μύθῳ,

279 3472 351 3529 Ὦ
381 3479 569 3552 Πάτερ
588 3519 602 3543 ,
627 3480 816 3545 αἰτίζω
849 3500 907 3535 σε
944 3485 1278 3555 μετάτροποι)
1309 3484 1474 3555 ἐσμὸν
1503 3485 1731 3555 ἑταίρων

284 3568 477 3637 Ὄφρα
509 3572 903 3641 μεταστήσειας
938 3573 1236 3644 άτέρμονος
1271 3574 1450 3627 ἔκτοθι
1482 3575 1688 3644 κόσμου
1710 3591 1723 3605 °

296 3660 437 3713 Ἀλλ’
469 3661 556 3714 ἵνα
587 3680 678 3732 μιν
714 3664 1058 3735 βλεφάροισιν
1085 3668 1429 3737 άκοιμήτοισι
1465 3666 1705 3740 φυλάξῃς

281 3752 548 3822 Δαίμονος
571 3754 898 3824 ἀρχεκάκοιο
922 3756 981 3809 δυ
992 3758 1265 3828 σαντήτων
1295 3758 1401 3813 ἀπὸ
1438 3758 1676 3829 θεσμῶν.

285 3934 351 3986 17
390 3936 514 3996 Σοῖς
548 3931 757 3998 ζαθέοις
788 3936 1039 3988 ἐπέεσσιν
1067 3938 1233 4007 ἐμοὺς
1267 3939 1457 4005 ἀγίαζε
1492 3939 1759 4009 μαθητὰς,

278 4024 510 4087 Πάντας
534 4025 792 4096 ἀληθείης
816 4031 1026 4098 νοεραίς
1050 4029 1230 4081 ἀκτῖσι
1253 4028 1550 4099 καθαίρων.

300 4116 721 4187 Ἀτρεκίη,σέο
757 4117 943 4187 μῦθος.
994 4119 1060 4173 18
1111 4158 1126 4172 .
1204 4159 1215 4172 .
1300 4160 1313 4172 .
1397 4159 1409 4171 .
1491 4159 1503 4171 .
1578 4159 1589 4170 .
1670 4161 1680 4173 .
1761 4162 1773 4173 .
1858 4160 1869 4173 .

289 4246 303 4260 .
353 4246 369 4261 .
416 4247 431 4261 .
473 4247 487 4261 .
534 4207 601 4262 19
649 4207 993 4277 Ὀμοξυγέων
1021 4208 1063 4259 δ’
1097 4207 1238 4277 ὑπὲρ
1272 4208 1453 4260 αὐτῶν

286 4298 465 4351 Αὐτὸν
487 4298 585 4369 ἐμὲ
611 4298 914 4371 πρώτιστον
941 4298 1086 4369 ἐμῶν
1116 4299 1327 4370 ἑτάρων
1357 4300 1591 4368 ἁγιάζω,

294 4389 481 4460 Ὄφρα
512 4406 575 4443 κε
612 4389 991 4461 φαιδρύνοιντο
1015 4388 1122 4461 τεῷ
1150 4390 1388 4461 ζωαρκέῖ
1416 4391 1592 4462 μύθῳ,

1972 1953 2167 2009 cordes
2191 1954 2258 2008 ab
2288 1955 2428 2024 ipsa,
2454 1953 2657 2009 Omnes
2692 1969 2858 2007 unum
2884 1961 2941 2008 ut
2975 1954 3104 2018 sint,
3130 1968 3415 2023 compares
3438 1953 3547 2006 sie-

1964 2060 2042 2113 uti
2087 2074 2206 2114 nos.
2244 2059 2311 2113 12
2358 2058 2704 2129 Propinquus
2744 2058 2965 2128 quando
3030 2058 3137 2113 illis
3179 2059 3550 2115 conversabar

1967 2165 2024 2219 in
2059 2164 2285 2230 mundo,
2318 2164 2439 2233 ipse
2465 2178 2657 2219 omnes
2678 2164 2961 2219 servabam
2995 2163 3228 2219 illaesos:
3256 2180 3430 2234 neque
3450 2164 3550 2217 ali-

1963 2269 2088 2338 quis
2115 2284 2179 2323 ex
2216 2269 2322 2335 his,
2355 2267 2505 2334 Quos
2528 2267 2705 2338 (mihi)
2737 2268 2934 2325 dedisti
2982 2268 3119 2324 Filio
3165 2280 3279 2334 tuo,
3320 2271 3550 2325 humani

1969 2373 2237 2430 Salvatori
2272 2377 2508 2446 generis,
2543 2375 2731 2441 Periit,
2768 2377 3066 2447 impietatis
3102 2375 3280 2430 fallaci
3316 2374 3551 2444 agitatus

1936 2467 2154 2540 ’aestro,
2188 2480 2354 2548 191
2393 2477 2510 2534 Nisi
2542 2480 2807 2534 daemonis
2837 2480 3053 2534 exitiosi
3104 2479 3247 2533 illius
3285 2477 3550 2548 pestiferi;

1960 2587 2035 2643 ‘Ut
2076 2586 2211 2656 legis
2244 2587 2461 2656 scriptae
2489 2601 2670 2641 sermo
2691 2585 2965 2657 perfectus
2988 2585 3080 2640 sit.
3116 2584 3183 2639 1⁸5
3216 2582 3373 2638 Nunc
3403 2598 3550 2645 vero,

1964 2691 2143 2755 Pater,
2178 2706 2208 2745 a
2242 2698 2388 2746 terra
2424 2705 2675 2747 reversus
2709 2690 2777 2745 ad
2808 2698 2865 2747 te
2892 2690 3160 2745 transibo.
3198 2688 3263 2743 Et
3307 2687 3424 2743 haec
3454 2688 3551 2741 tibi

1962 2795 2144 2850 omnia
2192 2794 2541 2865 percurri,ut
2585 2809 2802 2865 semper
2837 2793 3141 2851 Commune
3173 2792 3433 2864 gaudium
3463 2791 3543 2846 fe-

1966 2907 2089 2953 rant
2120 2900 2258 2953 meis
2298 2897 2595 2969 perfectum
2619 2898 2901 2968 operibus.
2943 2897 3010 2951 14
3047 2896 3112 2949 Ει
3140 2897 3276 2966 ipsis
3308 2896 3553 2951 divinum

1962 3002 2168 3073 praebui
2214 3011 2371 3056 tuum
2406 3015 2746 3067 sermonem;
2794 3000 2889 3055 sed
2936 2998 3190 3053 invidens
3225 2998 3374 3069 Ipsos
3440 2998 3557 3051 odit

1974 3106 2243 3172 mundus,
2282 3107 2411 3176 quia
2462 3106 2631 3161 divini
2679 3104 2930 3160 Parentis
2973 3102 3223 3175 Legitimi
3269 3102 3392 3159 coeli
3429 3110 3558 3157 sunt

1977 3213 2150 3283 spurii
2179 3211 2367 3267 mundi
2404 3211 2575 3277 cives,
2603 3209 2755 3265 Sicut
2783 3219 2834 3264 et
2856 3225 2956 3281 ego
2978 3210 3032 3263 in
3086 3208 3289 3264 mundo
3311 3224 3430 3265 sum
3462 3209 3557 3261 ho.

1976 3334 2125 3390 spes,
2160 3334 2270 3374 non
2314 3317 2541 3371 humani
2591 3316 2734 3371 enim
2783 3315 2915 3369 Sum
2952 3314 3170 3384 nuptias
3226 3313 3559 3383 perﬁcientis

1974 3423 2194 3495 generis
2230 3422 2525 3477 terrestris.
2565 3419 2631 3473 15
2676 3417 2799 3473 Non
2836 3433 3108 3481 sermone,
3143 3415 3189 3472 0
3214 3415 3396 3482 Pater,
3426 3430 3558 3485 rogo

1977 3540 2028 3584 te
2050 3535 2320 3584 remotum
2350 3535 2550 3580 cretum
2580 3524 2855 3579 sociorum
2904 3520 2973 3576 Ut
3001 3520 3219 3577 auferas
3259 3519 3472 3575 inﬁnito
3491 3535 3557 3574 ex

1980 3633 2225 3700 mundo;
2274 3628 2385 3686 Sed
2426 3639 2486 3685 ut
2534 3630 2713 3700 ipsum
2764 3628 2939 3683 oculis
2976 3626 3235 3697 vigilibus
3280 3624 3561 3681 custodias

1972 3749 2241 3804 Daemonis
2290 3746 2553 3802 malorum
2594 3744 2833 3800 auctoris
2898 3743 3215 3799 aversandis
3263 3757 3292 3796 a
3324 3742 3554 3813 legibus.

1980 3960 2047 4017 17
2100 3959 2235 4016 Tuis
2289 3958 2492 4014 divinis
2537 3956 2720 4013 verbis
2758 3970 2914 4012 meos
2980 3954 3265 4011 sanctiﬂca
3293 3955 3542 4025 discipu—

1982 4074 2087 4133 los,
2121 4067 2322 4123 Oiune‘s
2356 4067 2599 4122 veritatis
2628 4066 3055 4135 intelligentibus
3096 4066 3265 4122 radiis
3290 4076 3551 4138 purgans.

1981 4172 2195 4227 Veritas
2230 4178 2354 4222 tuus
2389 4176 2590 4221 sermo.
2620 4166 2703 4222 18.
2786 4206 2799 4219 .
2876 4205 2890 4218 .
2971 4208 2985 4220 .
3068 4207 3082 4219 .
3162 4206 3179 4223 .
3259 4207 3273 4220 .
3340 4212 3362 4235 ρ
3448 4210 3463 4225 .
3547 4213 3560 4225 .

1976 4276 2128 4331 ...19
2152 4273 2476 4342 Conjunctis
2538 4280 2717 4325 autem
2770 4284 2867 4340 pro
2908 4269 3045 4339 ipsis
3099 4268 3281 4338 Ipsum
3327 4282 3413 4326 me
3446 4270 3558 4341 pri-

1984 4386 2307 4442 mariumrex
2344 4378 2481 4436 meis
2542 4378 2708 4433 sociis
2751 4377 3062 4442 sanctiﬁco,
3117 4375 3186 4432 Ut
3232 4377 3565 4433 mundentur

1499 4506 1782 4566 TEXTUS
1822 4497 2358 4564 ΕνΑΝοΕιῐδτΑι.

293 4614 390 4668 καὶ
420 4616 571 4669 αὐτοὶ
600 4616 807 4682 ἔλαϐον,
840 4619 932 4671 καὶ
964 4619 1207 4688 ἔγνωσαν
1234 4620 1451 4691 ἀληθῶς
1488 4624 1570 4676 ὅτι
1601 4624 1750 4694 παρὰ
1780 4624 1873 4677 σοῦ
1909 4627 1957 4680 Ι)
1981 4618 2057 4689 τῷ
2089 4617 2306 4685 κόσμῳ,
2338 4613 2427 4665 ἵνα
2449 4610 2614 4681 ἔχωσι
2647 4612 2745 4683 τὴν
2769 4610 3071 4683 χαράνητὴν
3104 4610 3242 4681 έμὴν
3272 4608 3563 4680 πεπληρω-

293 4697 542 4766 ἐξῆλθον,
570 4701 663 4752 καὶ
688 4701 1014 4756 ἐπίστευσαν
1048 4705 1129 4756 ὃτι
1156 4704 1219 4756 σύ
1252 4722 1317 4774 με
1348 4705 1696 4769 ἀπέστειλας.

367 4781 401 4835 9
440 4781 578 4848 Ἐγὼ
608 4784 731 4853 περὶ
770 4785 944 4837 αὐτῶν
984 4786 1204 4857 ἐρωτῶ·
1238 4786 1297 4839 οὐ
1349 4788 1500 4857 παρά
1531 4788 1623 4842 τοῦ
1671 4788 1874 4859 κόσμου

296 4861 506 4931 ἐρωτῶ,
537 4864 670 4916 ἀλλά
701 4867 829 4936 περὶ
858 4861 933 4920 ὧν
962 4867 1201 4929 δέδωκάς
1220 4863 1315 4938 μοι
1347 4869 1427 4921 ὅτι
1464 4870 1543 4921 σοί
1571 4872 1699 4923 είσι.

372 4945 440 4998 10
467 4946 577 4997 Καὶ
605 4947 672 4998 τὰ
704 4948 811 5018 ἐμά
838 4951 1014 5002 πάντα
1041 4952 1109 5004 σά
1134 4953 1270 5017 ἐστι,
1298 4952 1392 5003 καὶ
1425 4950 1492 5004 τά
1520 4952 1589 5005 σά
1616 4952 1755 5022 ἐμά-ο
1782 4953 1876 5005 καὶ⁷

292 5023 620 5096 δεδόξασμαι
647 5029 705 5081 ὲν
738 5030 938 5092 αὐτοῖς.

373 5108 433 5159 1⁷1
476 5109 583 5162 Καὶ
611 5111 711 5163 οὐκ
759 5110 840 5163 ἔτι
893 5114 1009 5182 ειμι
1047 5114 1104 5165 ὲν
1133 5114 1211 5185 τῷ
1242 5116 1464 5186 κόσμῳ,
1512 5117 1606 5170 καὶ
1647 5110 1790 5170 οὗτοι
1818 5118 1876 5173 ὲν

300 5189 377 5259 τῷ
412 5191 601 5262 κόσμῳ
633 5194 740 5245 εἰσ).
766 5234 780 5258 ,
820 5194 915 5246 καὶ
973 5193 1082 5263 ἐγὼ
1116 5195 1250 5266 πρὸς
1296 5198 1355 5249 σὲ
1400 5198 1649 5269 ἔρχομαι.
1698 5200 1837 5253 Πάτε

304 5270 456 5337 διγιε,
488 5276 727 5345 τήρησον
763 5276 961 5338 αὐτοὺς
990 5279 1047 5328 ὲν
1073 5277 1149 5347 τῷ
1178 5278 1400 5346 ὀνόματί
1430 5296 1527 5332 σου
1548 5320 1573 5345 ,.
1597 5279 1690 5345 οὓς
1718 5270 1878 5334 δέδω-

307 5352 405 5415 κάς
433 5372 541 5423 μοι,
574 5357 663 5410 ἵνα
686 5352 817 5409 ὦσιν
847 5356 903 5411 ἓν
932 5358 1110 5420 καθὼς
1144 5361 1324 5429 ἡμεῖς.

376 5436 443 5488 12
467 5438 595 5490 Ὅτε
618 5440 766 5510 ήμην
798 5439 913 5509 μετ’
949 5440 1125 5493 αὐτῶν
1156 5442 1212 5493 ὲν
1244 5442 1320 5511 τῷ
1354 5443 1540 5514 κόσμῳ
1566 5485 1582 5510 ,
1615 5444 1725 5513 ἐγὼ
1746 5447 1876 5517 ηὲτήο

310 5531 435 5597 ρουν
456 5519 651 5585 αὐτοὺς
675 5524 732 5574 ἐν
752 5521 829 5592 τῷ
860 5522 1082 5592 ὀνόματί
1110 5538 1200 5575 σου
1223 5540 1236 5553 ’
1258 5523 1352 5587 οὓς
1376 5522 1610 5589 δέδωκάς
1638 5544 1726 5597 μοι
1748 5522 1848 5596 ἓφύ
1864 5558 1875 5567 -

308 5596 465 5681 λαξα,
494 5603 588 5656 καὶ
619 5604 791 5667 οὐδεὶς
821 5604 877 5670 ἐξ
910 5605 1088 5658 αὐτῶν
1118 5605 1367 5659 ἀπώλετο
1393 5609 1443 5659 εί
1467 5608 1541 5679 μὴ
1570 5612 1600 5662 ό
1637 5596 1757 5673 υίὸς
1777 5611 1872 5681 τῆς

310 5676 619 5748 ἀπωλείαςο
659 5686 747 5740 ἵνα
782 5688 815 5756 ἡ
849 5688 1037 5759 Γραφὴ
1071 5688 1352 5760 πληρωθῇο

382 5764 446 5821 13
474 5766 583 5819 Νῦν
622 5767 678 5820 δὲ
709 5768 839 5841 πρὸς
876 5772 934 5823 σὲ
982 5770 1249 5842 ἔρχομαι,
1296 5774 1387 5826 καὶ
1418 5774 1587 5827 ταῦτα
1622 5775 1765 5828 λαλῶ
1810 5776 1875 5829 λέν

1988 4702 2151 4773 μένην
2188 4700 2245 4751 ὲν
2278 4696 2482 4757 αὐτοῖς.

2055 4784 2123 4836 14
2167 4776 2309 4846 Ἐγὼ
2342 4777 2549 4830 δέδωκα
2577 4775 2761 4839 αὐτοῖς
2794 4774 2884 4828 τὸν
2912 4774 3069 4843 λόγον
3099 4782 3193 4827 σου
3224 4814 3240 4838 ,
3278 4774 3371 4827 καὶ
3412 4775 3441 4825 ό
3470 4772 3562 4825 κόσ-

1986 4883 2116 4935 σμος
2163 4862 2423 4933 ἐμίσησεν
2446 4859 2660 4921 αὐτοὺς,
2689 4859 2770 4911 ὅτι
2798 4858 2898 4910 οὐκ
2936 4857 3072 4909 εἰσιν
3102 4859 3166 4909 ὲκ
3193 4855 3287 4909 τοῦ
3329 4855 3559 4926 κόσμου,

1984 4945 2164 5010 καθὼς
2192 4942 2303 5012 ἐγὼ
2331 4943 2431 4994 οὐκ
2455 4942 2570 5011 είμὶ
2597 4943 2662 4994 ὲκ
2687 4940 2779 4993 τοῦ
2813 4940 3041 5008 κόσμου.
3082 4984 3083 4987 η

2056 5034 2122 5086 15
2174 5032 2295 5085 Ούκ
2338 5027 2528 5099 ἐρωτῶ
2558 5027 2647 5080 ἵνα
2694 5026 2839 5101 ἄρῃς
2860 5026 3055 5089 αὐτοὺς
3088 5027 3152 5079 ὲκ
3195 5023 3289 5078 τοῦ
3329 5025 3558 5096 κόσμου,

1982 5117 2097 5170 ἀλλ’
2133 5117 2217 5169 ἵνα
2244 5116 2486 5186 τηρήσῃς
2513 5112 2709 5173 αὐτοὺς
2735 5110 2800 5163 ὲκ
2828 5109 2922 5162 τοῦ
2962 5108 3223 5179 πονηροῦ.

2060 5198 2124 5253 16
2170 5194 2264 5251 Ἐκ
2310 5195 2404 5249 τοῦ
2435 5194 2640 5265 κόσμου
2673 5194 2773 5245 οὐκ
2811 5193 2952 5255 εἰσὶ,
2982 5190 3165 5254 καθὼς
3209 5191 3318 5259 ἐγὼ
3352 5192 3416 5244 ἐκ
3463 5187 3556 5243 τοῦ

1984 5282 2189 5351 κόσμου
2214 5281 2313 5333 οὐκ
2340 5276 2476 5349 είμί.

2062 5364 2125 5417 17
2162 5363 2415 5431 Ἀγίασον
2460 5358 2657 5422 αὐτοὺς
2687 5358 2747 5411 ὲν
2782 5360 2848 5427 τῇ
2887 5356 3113 5427 ἀληθείᾳ
3140 5368 3234 5408 σου
3254 5373 3267 5386 ·
3296 5356 3327 5407 ὁ
3350 5352 3559 5421 λόγοςδ

1986 5447 2077 5511 σος
2102 5446 2328 5518 ἀλήθειά
2351 5447 2489 5498 ἐστι.

2057 5529 2125 5583 18
2153 5514 2353 5590 Καθὼς
2386 5528 2487 5598 ἐμὲ
2534 5524 2860 5587 ἀπέστειλας
2899 5525 2980 5585 εἰς
3004 5521 3095 5573 τὸν
3137 5519 3371 5588 κόσμον,
3400 5514 3555 5585 κάγὼ

1984 5611 2281 5664 ἀπέστειλα
2306 5610 2501 5673 αὐτοὺς
2526 5609 2605 5672 είς
2636 5609 2727 5659 τὸν
2756 5606 2977 5673 κόσμον.

2054 5692 2123 5746 19
2156 5694 2264 5746 Καὶ
2290 5693 2427 5762 ὑπὲρ
2454 5691 2639 5745 αὐτῶν
2660 5687 2771 5755 ὲγὼ
2806 5684 3013 5753 ἁγιάζω
3050 5679 3308 5751 ἐμαυτὸν,
3348 5679 3553 5736 ἵναλκαά

1984 5776 2136 5831 αὐτοὶ
2176 5771 2307 5831 ὦσιν
2342 5773 2661 5846 ἡγιασμένοι
2690 5772 2747 5822 ὲν
2770 5768 3015 5837 ἀληθείᾳ..
