3900 6216
229 291 343 349 τοι

231 406 591 476 ..δουρατέου
622 405 870 458 Θανάτοιο
892 405 1075 467 ταθεὶς
1103 405 1398 476 τετράζυγι
1426 404 1625 474 δεσμῷ.

231 497 360 549 Καὶ
399 497 661 561 Πιλᾶτος
701 496 854 550 πάλιν
885 492 1039 549 εἶπεν
1071 496 1179 568 ὅλῳ
1206 496 1432 567 θηήτορι
1472 495 1585 566 λαῷ
1607 513 1621 528 ⁶

232 590 515 657 Δούρασι
547 588 973 659 γομφοτόμοισιν
1003 586 1116 655 ἐγὼ
1147 587 1435 658 γομφωτὸν
1461 587 1696 650 ἐλάσσας

236 679 562 748 Κοίρανον
593 679 798 750 ὑμείων
827 678 996 730 ὀλέσω
1027 678 1308 749 ποινήτορι
1338 678 1568 748 πότμῳ;

237 773 364 824 Καὶ
400 771 622 835 δολίοις
655 770 1018 840 στομάτεσσιν
1045 771 1349 840 ἀνέκραγον
1375 772 1690 842 ἀρχιερῆες⁶

242 863 473 916 ’Ἂλλον
511 865 662 934 ἔχειν
694 864 794 916 οὑκ
818 863 971 932 ἴδμεν
1005 863 1176 932 ἀήθεα
1203 863 1452 932 κοίρανον
1481 865 1661 933 ἡμεῖς,

239 955 556 1027 Κοίρανον
586 953 1031 1016 αὐτοκέλευστον,
1059 953 1118 1006 ὃν
1141 953 1240 1006 οὑκ
1269 953 1532 1022 ἐστέψατο
1572 952 1778 1023 Ῥώμη,

241 1049 315 1100 Et
351 1048 438 1118 μὴ
483 1047 751 1116 Καίσαρα
799 1045 1010 1116 μοῦνον,
1049 1043 1327 1115 ἀτέρμονα
1363 1046 1594 1113 ποιμένα
1640 1047 1866 1116 κόσμου.

247 1139 322 1190 16
370 1137 504 1189 Καὶ
536 1136 766 1198 Πιλάτος
790 1133 935 1186 λαοῖο
967 1133 1094 1204 βοὴν
1123 1132 1384 1186 ἄσϐεστον
1403 1133 1636 1197 ἀκούων,

244 1225 521 1294 Χριστὸν
550 1220 691 1278 ἑκὼν
725 1223 905 1277 ἀέκων
938 1224 1109 1292 ἀδίκῳ
1135 1222 1448 1294 παρέδωκεν
1476 1224 1698 1295 ὀλέθρῳ.

245 1317 374 1370 Καὶ
405 1316 643 1386 Θανάτῳ
667 1317 949 1388 χαίροντες
977 1315 1219 1378 ἀναιδέες
1250 1314 1543 1386 ἀρχιερῆες

263 1409 508 1479 Ἰησοῦν
537 1409 784 1479 ἐδέχοντο
810 1407 1135 1480 θελήμονες’
1163 1408 1442 1480 ὠκύμοροι
1473 1409 1530 1462 δὲ

266 1501 602 1556 Ἀθανάτου
632 1503 888 1572 Χριστοῖο
915 1499 1096 1572 βροτοὶ
1123 1502 1354 1569 γεγάασι
1389 1502 1585 1571 φονῆες

252 1591 494 1653 Πάντες
530 1589 687 1660 ὁμοῦ.
708 1588 774 1641 17
797 1589 908 1641 Καὶ
925 1589 1154 1660 σταυρὸν
1176 1589 1314 1660 ἔχων
1338 1591 1424 1642 έὸν
1444 1591 1606 1653 αὐτὸς
1642 1590 1865 1661 Ἰησοῦς,

253 1682 359 1744 Εἰς
394 1681 578 1750 μόρον
606 1681 894 1748 ἁπτοίητος
932 1680 1176 1732 ἑκούσιον
1202 1676 1314 1751 εἷχε
1338 1681 1585 1752 πορείην,

256 1773 478 1825 Eia-67.5:
509 1770 686 1843 χῶρον
726 1770 878 1823 ἵκανε
918 1771 1299 1842 φατιζομένοιο
1335 1772 1592 1843 Κρανίου,
1907 1772 1947 1825 Β

269 1865 466 1934 Ἀδὰμ
501 1865 868 1936 πρωτογόννιο
903 1864 1220 1936 φερώνυμον
1253 1865 1443 1934 ἄντυγι
1481 1867 1682 1937 κόρσης
1703 1883 1716 1896 ·

256 1953 441 2024 200
474 1953 718 2021 Γολγοθά
745 1951 834 2007 τὸν
864 1955 1124 2008 καλέεσκε
1157 1954 1342 2026 Σύρων
1382 1957 1575 2027 στόμα.
1620 1958 1683 2010 18
1718 1959 1872 2012 Κεῖοι

1584 2047 1801 2120 [φονῆες

263 2137 366 2200 Εἰς
400 2136 540 2208 δόρυ
577 2137 976 2209 τετράπλευρον
1016 2139 1249 2209 ἐπήορον
1285 2138 1440 2208 ὑψόθι
1477 2139 1640 2210 γαίης

263 2227 413 2297 ’Ὀρθ
425 2245 510 2280 ιον
533 2228 893 2294 ὲξετάνυσσαν
924 2228 1344 2295 ἐπισφίγξαντες
1375 2230 1591 2302 ἀνάγκη

261 2317 650 2387 Πεπταμένας
678 2315 939 2388 ἑκάτερθε
977 2319 1231 2388 σιδηρείῳ
1258 2319 1362 2370 τινὶ
1388 2319 1574 2388 δεσμῷ

260 2409 486 2479 Χεῖρας
508 2425 520 2436 °
560 2409 846 2479 ὀμοτρήτιρ
882 2408 937 2461 δὲ
971 2409 1323 2479 πεπαρμένον
1353 2410 1516 2477 άζυγι
1545 2410 1760 2480 γόμφῳ,

260 2501 508 2553 Διπλόον
537 2496 672 2571 ἦτορ
706 2500 896 2569 ἔχοντα
933 2503 1028 2570 μιῇ
1064 2502 1421 2571 τετορημένον
1449 2505 1615 2573 ὀρμῇ,

263 2592 482 2644 Ποσσὶν
517 2592 948 2659 ὀμοπλεκέεσσιν
981 2593 1247 2661 άκαμπέα
1271 2592 1466 2664 δεσμὸν
1494 2593 1738 2663 ὀλέθρου.
1813 2645 1816 2649 .

1182 289 1663 348 ΡΑιιΑιδιιιιΑειε
1705 291 1768 346 IN
1807 291 1825 344 .l

1980 292 2215 348 NEM.—-
2253 291 2400 346 CAP.
2445 290 2578 345 XIX.
3448 293 3551 352 τοο-2

1907 415 1944 466 Α
1983 407 2037 460 ln
2075 408 2220 476 ligno
2275 407 2416 460 facta
2444 415 2621 460 morte
2658 413 2916 460 extensus
2955 405 3280 478 quadrijugo
3313 407 3552 466 vinculo.

1980 497 2044 552 Et
2079 499 2284 554 Pilatus
2313 515 2506 557 rursus
2529 502 2667 558 dixit
2698 506 2796 560 toti
2832 505 3146 576 inspicienti
3185 509 3425 579 populo:
3468 509 3556 562 Li-

1976 605 2083 660 gno
2111 591 2282 647 clavis
2304 593 2531 662 trajecto
2560 609 2662 666 ego
2684 597 2856 654 clavis
2873 599 3158 653 astrictum
3195 599 3422 670 adigens
3447 599 3555 654 Re-

1975 697 2094 752 gem
2133 691 2398 747 vestrum,
2423 686 2645 753 perdam
2683 688 2900 744 vindice
2924 689 3130 744 morte?
3156 688 3220 741 Et
3243 689 3436 743 doloso
3459 704 3551 744 ore

1976 770 2350 827 acclamarunt
2373 775 2680 843 pontiﬁces,
2706 777 2884 832 Alium
2916 779 3120 834 habere
3152 779 3429 834 nescimus
3467 779 3554 832 in-

1976 873 2296 918 consuetum
2325 881 2506 936 regem
2538 881 2660 929 nos,
2694 867 2894 936 Regem
2927 870 3220 938 injussum,
3253 885 3413 939 quem
3445 884 3554 922 non

1976 957 2258 1011 cnronavit
2296 955 2488 1018 Roma.
2532 957 2650 1013 Nisi
2699 959 2970 1015 Caesarem
3020 962 3219 1024 solum,
3278 960 3554 1014 inﬁnitum

1978 1055 2249 1114 pastorem
2294 1052 2501 1106 mundi.
2541 1050 2607 1104 16
2650 1053 2718 1106 Et
2758 1049 2968 1106 Pilatus
3017 1053 3204 1122 populi
3256 1053 3552 1106 clamorem

1976 1140 2476 1212 inexstinguibilem
2526 1145 2776 1210 audiens,
2820 1143 3101 1199 Christum
3139 1142 3329 1200 volens
3359 1144 3552 1196 nolens

1977 1233 2184 1302 injuste
2216 1237 2445 1291 tradidit
2477 1237 2665 1293 exitio.
2719 1235 2786 1290 Et
2829 1244 3006 1291 morte
3049 1237 3346 1306 gaudentes
3377 1236 3552 1304 impu-

1974 1333 2165 1411 dentes
2193 1335 2486 1404 pontiﬁces
2505 1335 2690 1392 Jesum
2709 1344 3032 1406 receperunt
3051 1336 3312 1406 prompti;
3333 1335 3552 1403 citoque

1976 1431 2264 1488 ali‘erentes
2291 1434 2514 1488 exilium
2545 1434 2877 1490 Immortalis
2906 1432 3109 1489 Christi
3134 1433 3390 1487 mortales
3425 1431 3553 1485 l'acti

1975 1541 2103 1588 sunt
2130 1533 2417 1588 homicidae
2444 1533 2646 1589 Omnes
2675 1533 2858 1588 simul.
2883 1531 2948 1586 17
2972 1533 3038 1585 Ει
3059 1547 3276 1587 crucem
3304 1531 3556 1601 bajulans

1975 1644 2128 1684 suam
2158 1631 2276 1700 ipse
2298 1630 2480 1694 Jesus,
2512 1631 2592 1686 Ad
2612 1639 2840 1685 mortem
2866 1630 3266 1700 imperterritus
3285 1628 3554 1682 volentem

1974 1725 2168 1780 habuit
2189 1728 2353 1792 viam,
2383 1726 2565 1782 Donec
2597 1727 2652 1780 in
2675 1725 2855 1779 locum
2875 1725 3022 1780 venit
3053 1725 3315 1780 nominati
3345 1724 3553 1788 Cranii,

1974 1821 2142 1875 Adam
2163 1821 2326 1891 prisci
2352 1837 2547 1876 nomen
2583 1821 2844 1876 ferentem
2876 1818 3082 1874 ambitu
3119 1819 3316 1889 capitis
3346 1833 3358 1869 :
3386 1819 3544 1889 201

1971 1915 2235 1987 Golgotha
2262 1918 2406 1973 hunc
2431 1919 2662 1973 vocabat
2683 1917 2944 1988 Syrorum
2974 1931 3056 1970 os.

2042 2016 2110 2070 18
2137 2015 2215 2070 ibi
2247 2016 2536 2072 hamicidm
2566 2015 2623 2070 In
2655 2016 2860 2087 lignum
2888 2014 3218 2086 quad-ratum
3267 2013 3553 2069 sublimem

1971 2136 2135 2190 supra
2160 2129 2360 2177 terram
2383 2119 2635 2176 Erectum
2658 2121 3018 2177 extenderunt
3040 2121 3409 2191 astringentes
3440 2121 3556 2174 vio-

1970 2225 2135 2280 lentia
2170 2221 2482 2296 Explicatas
2535 2228 2797 2296 utrinque
2835 2226 3012 2281 ferreo
3059 2226 3297 2296 quodam
3333 2226 3552 2280 vinculo

1969 2331 2159 2386 Manus
2191 2350 2204 2386 :
2237 2332 2400 2387 simul
2425 2333 2710 2403 foratoque
2736 2335 3058 2388 transﬁxum
3089 2333 3354 2404 singulari
3373 2333 3551 2398 clavo,

1971 2434 2174 2504 Duplex
2203 2449 2479 2490 summum
2513 2435 2722 2492 habens
2745 2451 2854 2490 uno
2878 2434 3166 2505 trajectum
3202 2435 3428 2504 impetu,
3458 2433 3556 2488 Pc-

1967 2528 2127 2582 dibus
2155 2527 2497 2598 complicatis
2522 2526 2758 2583 inﬂexile
2790 2526 3069 2582 vinculum
3099 2525 3272 2580 exitii.
3303 2524 3552 2580 Stimulis

1972 2643 2156 2690 autem
2190 2633 2552 2690 renitentibus
2583 2633 2652 2687 ad
2675 2647 2894 2688 crucem
2919 2631 3116 2704 ligatos
3140 2631 3452 2687 Nocturnos
3481 2632 3554 2684 la-

324 2679 550 2733 ἐντροις
581 2679 624 2730 δ’
660 2679 1030 2732 ἀντιτύποισιν
1055 2680 1146 2731 ἐπὶ
1177 2684 1430 2733 σταυοοῖο
1460 2681 1712 2733 δεθέντας

262 2679 550 2749 Κέντροις
581 2677 624 2730 δ’
660 2679 1030 2732 ἀντιτύποισιν
1055 2680 1146 2731 ἐπὶ
1177 2684 1430 2752 σταυροῖο
1460 2681 1712 2745 δεθέντας

263 2768 652 2796 Ν..υ-.Ἱλ..-.ιρ
677 2769 764 2796 Μ-
798 2770 982 2796 .-.Ἰ-..Α
1011 2771 1083 2796 1...Χ
1120 2770 1225 2796 ΞΑ...
1244 2788 1357 2796 .--η
1380 2773 1425 2796 ιη
1441 2773 1495 2796 1n
1512 2791 1549 2796 --
1569 2793 1577 2796 -

1975 2677 2156 2690 ηπ...
2191 2677 2552 2690 ..,.....,....-..ν
2583 2677 2652 2687 _..
2677 2677 2894 2688 νην.-.
2920 2677 3115 2704 ..ο-η-
3140 2677 3451 2687 --ν--.----..-

1975 2748 2153 2796 lrnncs
2171 2741 2310 2796 duos
2345 2740 2494 2795 viros
2518 2754 2627 2792 una
2674 2736 2838 2793 simul
2882 2736 3183 2792 affecerunt
3205 2725 3382 2792 morte
3405 2735 3554 2791 Vici-

262 2768 652 2839 Νυκτιλόχους
675 2769 766 2822 δύο
796 2770 982 2840 φῶτας
1008 2771 1089 2824 ἐνὶ
1117 2770 1358 2836 ξὺνωσαν
1377 2773 1581 2844 ὀλέθρῳ

261 2856 536 2925 Γείτονας
568 2839 840 2932 ἀλλήλοισι
863 2877 878 2890 ο
918 2861 1082 2931 μέσον
1111 2861 1156 2914 δ’
1183 2861 1420 2932 ἔστησαν
1456 2839 1682 2934 Ἰησοῦν.

1975 2861 2068 2900 nos
2097 2846 2363 2904 invicem;
2402 2843 2641 2899 medium
2691 2852 2873 2898 autem
2905 2847 3217 2897 statuerunt
3248 2839 3456 2895 Iesum.
3481 2839 3552 2894 19

267 2955 338 3008 19
375 2958 496 3009 Καὶ
526 2957 755 3018 Πιλάτος
787 2955 982 3026 θηητὸν
1015 2955 1294 3026 ὲπέγραφε
1330 2957 1564 3028 μάρτυρι
1599 2960 1796 3029 γόμφῳ

1975 2949 2030 3005 Ει
2051 2949 2260 3004 Pilatus
2291 2948 2559 3005 visibilem
2594 2947 2817 3017 scripsit
2841 2945 3168 3002 testiﬁcante
3187 2945 3330 3016 stylo
3351 2943 3552 2999 Inscrio

265 3048 542 3119 Γράμμα,
573 3049 744 3120 τόπερ
775 3047 1026 3101 καλέουσι
1058 3047 1298 3101 Λατινίδι
1328 3047 1500 3100 τίτλον
1535 3051 1656 3120 ίωῇ.

1975 3054 2228 3124 ptiouem,
2261 3068 2424 3124 quam
2457 3060 2656 3106 vocant
2708 3050 2899 3105 Latina
2954 3049 3174 3103 titulum
3235 3064 3387 3104 voce.
3417 3047 3549 3102 Erat

265 3131 382 3189 ἾΙν
411 3138 474 3191 δὲ
525 3139 672 3209 σοφῷ
702 3138 931 3209 καλάμῳ
964 3139 1349 3207 τετυπωμένον
1374 3157 1386 3169 ·
1431 3136 1598 3202 Οὗτος
1635 3142 1825 3212 Ἰητοὺί

1975 3167 2154 3213 autem
2179 3158 2408 3227 sapienti
2458 3157 2672 3212 calamo
2710 3168 3009 3224 expressus
3043 3169 3059 3206 :
3093 3151 3189 3206 llic
3215 3148 3398 3219 Jesus,
3449 3151 3549 3209 Hic

265 3224 449 3293 Οὗτος
493 3229 759 3283 Ἰουδαίων
797 3230 1049 3302 βασιλεὺς
1075 3230 1356 3294 Γαλιλαῖος
1396 3230 1620 3300 Ἰησοῦς.

1975 3224 2274 3302 indecorum
2305 3262 2401 3300 rex
2423 3243 2682 3300 Galilreus
2710 3242 2890 3298 Jesus.
2914 3243 2985 3298 ΩΟ
3011 3242 3072 3295 Et
3103 3243 3306 3298 multus
3333 3241 3548 3296 Judaeu—

265 3323 340 3375 20
375 3322 493 3374 Καὶ
525 3321 688 3384 πολὺς
732 3322 996 3393 Ἐϐραίων
1030 3323 1317 3395 ἐπιδήμιος
1343 3322 1510 3392 ἐσμὸς
1533 3324 1749 3390 ἀνέγνω-

1975 3368 2084 3406 rum
2117 3351 2439 3421 peregrinus
2501 3359 2679 3404 cmtus
2712 3349 2841 3418 legit
2874 3345 3115 3401 Tilulum
3147 3347 3358 3410 videns,
3419 3347 3546 3415 quia

269 3413 472 3466 Τίτλον
517 3413 658 3476 ἰδὼν,
689 3415 769 3467 ὅτι
805 3417 980 3487 χῶρος
1004 3416 1097 3487 ἔην
1126 3417 1286 3487 λόφος
1309 3417 1462 3472 ἄστεϊ
1493 3417 1706 3484 γείτων,

282 3503 525 3558 Ὀππόθι
564 3523 654 3576 μιν
689 3509 941 3578 σταυροῖο
981 3508 1372 3579 συνεκλήῐσσαν
1401 3508 1543 3577 ὀχῆῖ.

270 3587 384 3647 Ἷιν
415 3597 474 3649 δὲ
505 3597 630 3667 μιῆς
659 3597 915 3669 παλάμης
943 3598 1113 3670 νοερῷ
1136 3599 1548 3672 κεχαραγμένον
1576 3597 1721 3667 ὁλκῷ

271 3687 518 3759 Αὖσονέῃ
547 3688 764 3759 γλώσσῃ
790 3706 869 3752 τε,
897 3688 1054 3762 Σύρῳ
1090 3692 1186 3745 καὶ
1225 3692 1448 3763 Ἀχαιῖδι
1477 3693 1648 3761 φωνῇ.

268 3778 333 3830 ει
372 3778 486 3831 Καὶ
512 3779 737 3832 Πιλάτον
769 3778 1042 3832 λιτάνευον
1073 3780 1337 3851 ὀμήλυδες
1371 3780 1683 3851 ἁρχιερῆες·

272 3870 370 3938 Μὴ
402 3869 606 3938 γράφε,
635 3869 709 3939 μὴ
733 3870 910 3940 γράφε
934 3870 1143 3936 τοῦτον,
1181 3871 1451 3926 Ἰουδαίων
1477 3871 1733 3940 βασιλῆα.

286 3962 479 4014 Ἀλλ’ἓᾶ
498 3979 550 4014 τι
568 3964 740 4024 κεῖνος
762 3961 977 4014 ἔνισπεν
1012 3964 1072 4033 ὲῇ
1101 3963 1396 4036 ψευδήμονι
1431 3964 1580 4031 φωνῇ
1610 3978 1622 3992 ·

273 4049 551 4122 Κοίρανος
591 4049 858 4120 Ἑϐραίων
880 4049 1097 4114 τελέθω,
1133 4050 1476 4121 σκηπτοῦχος
1519 4049 1746 4119 Ἰησοῦς.

271 4145 346 4196 (22
369 4142 480 4195 Καὶ
502 4140 730 4204 Πιλάτος
753 4141 892 4210 φάτο
909 4141 1097 4212 μῦθον,
1123 4141 1366 4210 ἀτιηνέας
1382 4141 1579 4210 ἄνδρας
1601 4141 1862 4209 ἐλέγχων*

277 4233 563 4302 ’Έγραφον
601 4230 886 4300 ἀσφαλέως
913 4231 1084 4303 τόπερ
1115 4232 1372 4302 ἔγραφον.
1399 4232 1472 4286 25
1507 4230 1782 4300 Ὑψιφανῆ
1806 4231 1862 4284 δὲ

288 4323 501 4394 Ἰησοῦν
529 4323 814 4376 ἀτίνακτον
844 4323 1252 4396 ὑποδρηστῆρες
1289 4322 1511 4394 ὀλέθρου

288 4415 547 4468 Ἐκταδὸν
575 4413 912 4485 ὀρθώσαντες
939 4414 1034 4468 ἐπὶ
1063 4417 1315 4484 σταυροῖο
1345 4413 1587 4478 δεθέντα,

277 4505 583 4571 Θεσπεσίην
610 4505 809 4576 ἐσθῆτα
837 4505 1118 4576 θεηγενέος
1149 4501 1414 4575 Βασιλῆος

291 4597 592 4666 Ἰστάμενοι
617 4597 902 4660 δάσσαντο,
944 4595 1039 4650 καὶ
1064 4596 1356 4668 αἰγλήεντα
1385 4591 1608 4664 χιτῶνα,

1479 4742 1762 4804 TEXTUS
1799 4739 2331 4800 EVANGELISTIE.

359 4884 422 4938 16
449 4883 581 4937 Τότε
600 4878 692 4936 οὖν
714 4842 1028 4952 παρέδωκεν
1047 4881 1207 4936 αὑτὸν
1227 4880 1410 4942 αὐτοῖς
1437 4879 1524 4934 ἵνα
1547 4879 1852 4950 σταυρωθῇ.
1893 4884 1936 4939 ι)
1977 4875 2242 4930 Ἰουδαίων
2262 4889 2274 4903 ο
2323 4873 2403 4926 ὄτι
2445 4873 2611 4939 ἐγγὺς
2655 4863 2724 4941 ἦν
2755 4867 2855 4952 τῇς
2889 4868 3098 4930 πόλεως
3130 4868 3158 4919 6
3180 4866 3382 4952 τόπος
3399 4866 3545 4952 Δὅπου

1963 3459 2120 3514 locus
2144 3465 2260 3513 erat
2285 3457 2441 3512 collis
2477 3455 2685 3510 civitati
2726 3454 2964 3518 vicinus,
3001 3452 3099 3508 Ubi
3137 3453 3313 3523 ipsum
3365 3451 3548 3506 crucis

1961 3565 2356 3620 concluscrunt
2412 3559 2692 3631 repagula.
2746 3559 2875 3612 Erat
2909 3565 3089 3611 autem
3127 3558 3291 3611 unius
3351 3572 3549 3611 manus

1962 3669 2156 3724 scienti
2205 3667 2455 3737 signatus
2487 3669 2690 3728 tractu,
2730 3659 2975 3714 Romana
3006 3659 3211 3729 lingua,
3241 3656 3464 3729 Syriaca
3494 3667 3548 3712 ct

1970 3771 2159 3828 Graeca
2187 3785 2340 3826 voce.
2363 3768 2428 3822 21
2464 3766 2531 3822 Et
2556 3764 2792 3822 Pilatum
2823 3772 3090 3836 rogarunt
3129 3764 3292 3818 simul
3326 3762 3546 3818 venien-

1963 3884 2046 3930 tes
2078 3873 2402 3946 pontiﬁccs:
2439 3870 2516 3926 Ne
2547 3871 2781 3930 scribas.
2816 3885 2885 3923 ne
2910 3869 3122 3923 scribas
3162 3868 3307 3922 hunc
3328 3867 3543 3924 Judmo-

1960 3990 2082 4028 rum
2114 3987 2317 4041 regem,
2352 3969 2458 4023 Sed
2492 3970 2635 4038 quod
2672 3969 2763 4022 ille
2794 3968 2933 4022 dixit
2967 3984 3064 4022 sua
3087 3966 3334 4021 mendaci
3369 3983 3502 4024 voce
3533 3987 3544 4020 :

1961 4063 2074 4119 Rex
2107 4063 2419 4117 Judmorum
2445 4075 2589 4124 sum,
2619 4059 2921 4129 sceptriger
2946 4056 3127 4112 Jesus.
3148 4057 3219 4110 22
3247 4056 3312 4109 Et
3344 4057 3548 4112 Pilatus

1960 4169 2100 4227 dixit
2119 4183 2450 4229 sermonem,
2491 4164 2730 4220 immites
2763 4163 2910 4218 viros
2941 4160 3308 4232 redarguens:
3337 4158 3545 4230 Scripsi

1960 4283 2112 4332 certo
2139 4273 2284 4345 quod
2316 4272 2533 4342 scripsi.
2551 4269 2622 4326 23
2645 4268 2942 4324 Sublimem
2975 4282 3103 4322 vero
3131 4264 3318 4322 Jesum
3351 4266 3544 4320 immo.

1961 4389 2076 4436 tum
2109 4377 2350 4434 ministri
2379 4375 2576 4431 mortis
2599 4372 2881 4444 Explicate
2908 4371 3184 4440 erigentes
3217 4369 3283 4424 ad
3325 4385 3544 4425 crucem

1967 4483 2215 4555 ligatum,
2246 4479 2496 4534 Divinam
2520 4485 2727 4533 vestem
2759 4489 2788 4528 a
2811 4474 2919 4529 Deo
2942 4473 3111 4542 geniti
3135 4471 3296 4544 Regis
3325 4471 3545 4525 Stantes

1967 4589 2292 4650 diviserunt,
2320 4595 2374 4640 et
2403 4581 2744 4654 splendidam
2778 4579 3042 4643 tunicam,
3069 4577 3200 4645 Qua;
3221 4577 3430 4648 integra
3457 4592 3548 4631 su-

284 4965 596 5037 Παρέλαϐον
624 4962 680 5018 δὲ
704 4965 793 5018 τὸν
845 4963 1050 5036 Ἰησοῦν
1079 4964 1172 5018 καὶ
1197 4963 1504 5031 ἀπήγαγον.

355 5049 418 5102 17
457 5049 568 5102 Καὶ
608 5045 889 5118 βαστάζων
918 5046 1013 5099 τὸν
1055 5045 1285 5116 σταυρὸν
1323 5044 1486 5100 αὑτοῦ
1522 5041 1745 5114 ἐξῆλθεν
1775 5044 1857 5106 είς

284 5129 371 5181 τὸν
397 5131 688 5202 λεγόμενον
732 5129 969 5200 Κρανίου
1004 5129 1188 5195 τόπον,
1221 5128 1279 5191 ὃς
1320 5128 1539 5196 λέγεται
1573 5125 1855 5198 Ἐϐραϊστὶ

285 5211 541 5282 Γολγοθά.

359 5297 426 5353 18
453 5299 623 5351 Ὅπου
671 5296 832 5351 αὑτὸν
863 5296 1233 5366 ἐσταύρωσαν,
1268 5293 1365 5350 καὶ⁸
1407 5295 1524 5364 μετ’
1549 5293 1712 5347 αὑτοῦ
1757 5292 1851 5346 ἄλο

285 5378 404 5444 λους
427 5380 540 5444 δύο,
562 5379 810 5434 ἐντεῦθεν
830 5380 921 5432 καὶ
945 5378 1212 5441 ἐντεῦθεν,
1242 5378 1404 5448 μέσον
1426 5377 1482 5430 δὲ
1505 5376 1594 5429 τὸν
1623 5375 1851 5443 Ἰησοῦν.

354 5463 418 5518 19
447 5463 696 5535 Ἔγραψε
733 5461 788 5514 δὲ
831 5465 926 5516 καὶ
970 5461 1145 5515 τίτλον
1179 5464 1208 5513 6
1249 5461 1499 5521 Πιλάτος,
1532 5459 1623 5512 καὶ
1658 5458 1853 5528 έθηκεν

285 5543 374 5597 ἐπὶ
400 5545 493 5599 τοῦ
521 5544 754 5616 σταυροῦ
776 5561 787 5573 °
816 5540 883 5614 ἦν
914 5546 970 5599 δὲ
995 5543 1398 5616 γεγραμμένονο
1442 5541 1650 5612 Ἰησοῦς
1675 5542 1704 5593 ὀ
1740 5542 1853 5594 Na-

286 5626 516 5699 ζαιραῖος
537 5631 564 5680 ὀ
601 5628 860 5692 Βασιλεὺς
890 5629 998 5682 τῶν
1039 5628 1325 5681 Ἰουδαίων.

1965 4957 2284 5028 ἐσταυρώθη
2311 4958 2342 5009 ὁ
2380 4955 2613 5026 Ἰησοῦς·
2650 4953 2745 5006 καὶ
2785 4948 2854 5023 ἦν
2899 4950 3283 5021 γεγραμμένον
3327 4947 3544 5020 Ἐϐραῖ-

1968 5042 2070 5104 στὶ,
2116 5038 2439 5109 Ἑλληνιστὶ,
2486 5034 2805 5106 Ῥωμαϊστί.

2029 5125 2095 5178 21
2134 5123 2364 5190 Ἔλεγον
2389 5117 2482 5174 οὖν
2522 5119 2598 5189 τῷ
2624 5118 2838 5187 Πιλάτῳ
2865 5118 2915 5170 oi
2955 5117 3228 5186 ἀρχιερεῖς
3259 5114 3367 5166 τῶν
3411 5115 3543 5167 Ἰου-

1956 5208 2142 5261 δαίωνο
2173 5207 2267 5276 Μὴ
2303 5204 2515 5275 γράφε·
2557 5203 2616 5256 '0
2651 5200 2902 5270 βασιλεὺς
2934 5199 3042 5252 τῶν
3094 5197 3393 5250 Ἰουδαίων·
3427 5196 3540 5248 ἀλλ’

1961 5291 2042 5343 ὅτι
2070 5291 2275 5350 ἐκεῖνος
2306 5283 2426 5339 εἷπε
2449 5304 2462 5317 ο
2495 5285 2758 5348 Βασιλεύς
2785 5286 2901 5354 εἰμι
2922 5282 3031 5336 τῶν
3071 5281 3357 5333 Ἰουδαίων.

2029 5373 2102 5426 22
2143 5368 2442 5440 Ἀπεκρίθη
2472 5371 2501 5421 6
2547 5367 2809 5429 Πιλάτος’
2844 5368 2909 5418 Ὃ
2947 5364 3220 5432 γέγραφα,
3261 5359 3535 5427 γέγραφα.

2028 5456 2101 5508 ‘23
2129 5455 2190 5506 0i
2232 5449 2324 5506 οὖν
2372 5451 2720 5521 στρατιῶται,
2761 5451 2846 5504 ὅτε
2902 5445 3255 5514 ἐσταύρωσαν
3303 5441 3394 5493 τὸν
3433 5441 3538 5511 Ἰη-

1964 5536 2108 5601 σοῦν,
2145 5536 2332 5590 ἔλαϐον
2363 5533 2429 5586 τά
2461 5533 2653 5603 ίμάτια
2683 5530 2847 5584 αὑτοῦ
2875 5528 2987 5594 (καὶ
3015 5525 3276 5594 ἐποίησαν
3299 5523 3556 5603 τέσσαρα.

1964 5599 2127 5694 μέρη,
2167 5621 2382 5688 ἑκάστῳ
2419 5599 2724 5686 στρατιώτῃ
2761 5609 2945 5682 μέρος)
2977 5607 3067 5660 καὶ
3095 5605 3189 5658 τὸν
3211 5606 3442 5674 χιτῶνα·
3474 5599 3540 5670 ἦν

350 5689 421 5764 ἑο
449 5710 650 5764 Τοῦτον
677 5706 770 5762 οὖν
807 5711 897 5764 τὸν
945 5711 1120 5764 τίτλον
1159 5709 1341 5762 πολλοὶ
1393 5708 1704 5776 ἀνέγνωσαν
1742 5705 1852 5759 τῶν
1957 5689 2013 5758 δὲ
2036 5689 2066 5759 ὀ
2092 5689 2259 5775 χιτὼν
2285 5703 2554 5772 ᾶῤῥαφος,
2585 5701 2648 5748 ἐκ
2676 5695 2784 5748 τῶν
2808 5692 3012 5745 ἄνωθεν
3038 5691 3271 5756 ὑφαντὸς
3297 5689 3363 5742 δι’
3387 5691 3432 5746 δῖ
3451 5708 3532 5743 ουο
