3900 6216
251 329 360 391 905

249 450 369 504 Καὶ
405 446 639 503 Πιλάτον
664 444 916 501 λίσσοντο
945 446 1253 517 συνήλυδες,
1280 446 1425 517 ὄφρα
1448 461 1541 499 κεν
1572 445 1774 509 αὐτῶν,

251 539 496 614 Χριστοῦ
523 538 853 604 θεσπεσίοιο,
889 539 985 594 καὶ
1008 537 1287 609 όψιμόρων
1322 538 1417 593 δύο
1441 539 1656 608 φωτῶν,

254 633 530 706 Τρισσῶν,
561 632 911 686 πουλυόδοντι
940 632 1102 697 πόδες
1128 632 1413 703 τέμνοιντο
1445 631 1680 703 σιδήρῳ·

254 727 349 798 Μὴ
377 725 473 779 καὶ
506 725 601 779 ἐπὶ
635 728 889 797 σταυροῖο
924 725 1212 796 πεπηγότα
1246 724 1478 795 σώματα
1512 725 1707 797 μίμνῃ,

256 818 527 889 Ἐὁδομον
565 817 768 872 ὁππότε
798 818 999 887 φέγγος
1028 817 1308 871 ἐλεύσεται
1328 835 1342 848 ⁸
1382 814 1449 889 ἧν
1474 817 1583 889 γὰρ
1607 817 1789 889 ἐκείνη

256 910 429 963 Πᾶσιν
466 909 799 963 Ἰουδαίοισιν
830 908 1136 978 ἀθέσφατος
1162 910 1387 980 ἔννομος
1411 909 1526 979 ἠὼς

253 1001 493 1068 Φέγγεος
513 1001 852 1071 ἑϐδομάτοιο,
882 1001 1051 1071 τόπερ
1075 1001 1290 1056 δεδάασι
1320 1003 1618 1073 γεραίρειν.

252 1092 327 1146 52
352 1093 461 1145 Καὶ
514 1092 745 1163 στρατὸς
774 1093 943 1161 ἐγγὺς
990 1093 1144 1146 ἵκανε
1187 1093 1504 1164 μιαιφόνος·
1543 1094 1767 1164 ὑψιτενῆ
1792 1095 1849 1148 δὲ

256 1180 487 1252 Πρώτου
523 1183 621 1254 μὲν
648 1182 928 1254 διέτεμνεν
957 1182 1243 1255 ἀλοιητῆρι
1268 1183 1471 1255 σιδήρῳ

253 1276 540 1346 Μειλιχίου
572 1276 709 1329 πόδα
737 1276 948 1329 δισσόνο
977 1277 1069 1330 ἐπὶ
1103 1277 1323 1348 σταυρῷ
1344 1277 1399 1329 δὲ
1431 1276 1674 1341 δεθέντος

256 1365 457 1420 Ἀλλου
480 1365 796 1436 νυκτιλόχου
824 1365 1085 1436 διδύμους
1116 1366 1285 1431 πόδας
1313 1368 1436 1440 ἄορι
1468 1367 1665 1438 κόψας,

252 1458 521 1531 Δεύτερον
550 1457 840 1529 ὲπρήνιξεν
866 1457 1159 1512 ἐπεσϐόλον
1188 1458 1300 1523 ὀξέϊ
1338 1460 1557 1530 πότμῳ.

250 1550 328 1605 55
365 1548 573 1622 Ἰησοῦν
598 1549 644 1602 δ’
671 1550 759 1602 ὅτε
794 1549 986 1621 νεκρὸν
1022 1549 1338 1621 ἐσέδρακον,
1365 1545 1455 1603 οἷα
1485 1551 1756 1615 θανόντος,

251 1643 333 1697 Οὐ
374 1643 539 1705 πόδας
562 1641 824 1713 ἡλοίησαν
860 1641 1137 1713 όμόζυγας
1165 1642 1326 1713 ὴθάδι
1355 1642 1565 1714 χαλκῷ·

250 1735 329 1791 54
374 1733 536 1787 Ἀλλά
572 1732 747 1806 θορὼν
772 1734 1035 1805 άκίχητος
1068 1735 1209 1806 ἀνὴρ
1249 1734 1519 1805 ἀνεμώδεῖ
1544 1733 1732 1804 λόγχη,

254 1826 508 1898 Πλευρὴν
537 1828 672 1880 πᾶσι
712 1827 980 1898 μέλουσαν
1009 1827 1226 1897 ἀφειδέῖ
1261 1826 1388 1892 νύξε
1424 1827 1667 1898 μαχαίρῃ
1691 1843 1705 1855 ·

252 1918 368 1971 Καὶ
395 1919 649 1989 διδύμαις
680 1919 991 1973 λιϐάδεσσιν
1034 1918 1143 1971 ἀπὸ
1173 1917 1428 1988 πλευροῖο
1454 1918 1719 1981 τυπέντος

254 2012 459 2082 Πρῶτα
492 2012 593 2083 μὲν
616 2008 759 2082 αἷμα
787 2011 948 2082 χύθη,
985 2011 1282 2082 μετέπειτα
1312 2011 1370 2065 δὲ
1398 2010 1653 2065 θέσκελον
1683 2009 1847 2083 ὕδωρ.

253 2103 327 2158 35
372 2104 537 2176 Ἀνὴρ
569 2104 616 2158 δ’
654 2105 804 2169 ὅστις
836 2104 1079 2168 ὄπωπεν,
1106 2102 1181 2175 έῷ
1208 2102 1522 2158 πιστώσατο
1552 2103 1708 2174 μύθῳ

253 2198 584 2269 Μαρτυρίην
616 2197 904 2251 ἀτίνακτον
926 2214 941 2229 ⁸
974 2197 1308 2270 ἀριστονόοιο
1334 2196 1390 2250 δὲ
1422 2195 1602 2250 κείνου

257 2290 443 2360 Ἰδμεν
464 2289 546 2342 ὅτι
569 2289 737 2360 ζαθέη
768 2289 862 2343 καὶ⁹
885 2289 1152 2360 ἐτήτυμος
1177 2287 1368 2342 έπλετο
1393 2288 1565 2359 φωνή.

253 2380 327 2435 36
349 2380 537 2436 Ταῦτα
562 2382 618 2435 δὲ
646 2381 826 2436 πάντα
856 2381 1141 2447 πέλεσκεν,
1177 2382 1325 2446 ὅπως
1354 2381 1485 2445 ἔπος
1513 2379 1746 2452 ἔμπεδον
1762 2382 1849 2453 εῐη

260 2475 332 2526 Ὃ
373 2474 544 2547 ζαθέῃ
577 2474 844 2546 φόρμιγγι
886 2473 1171 2545 μελίπνοος
1204 2473 1394 2527 ἔννεπε
1430 2472 1632 2545 μολπὴ,

255 2567 482 2639 Χρωτὸς
516 2569 836 2638 ἀμωμήτοιο
869 2567 1235 2638 προάγγελοςο
1270 2567 1436 2622 Οὐδὲν
1468 2567 1560 2621 ἀπ’
1586 2566 1754 2623 αὐτοῦ

254 2658 619 2730 Κεκριμένων
651 2658 859 2729 μελέων
890 2658 1251 2730 τετριμμένον
1283 2658 1469 2712 ὀστέον
1493 2657 1667 2714 ἔσται.

263 2750 333 2803 57
362 2749 473 2802 Καὶ
494 2749 720 2819 φέρεται
735 2748 892 2818 λόγος
913 2748 1091 2814 ἄλλος,
1116 2749 1174 2802 ὃν
1195 2748 1383 2803 ἔννεπε
1401 2748 1656 2815 θέσκελος
1669 2750 1813 2823 ἀνὴρ
1830 2766 1848 2783 ο

264 2839 528 2910 Ὄψονται
558 2840 697 2911 πρὸς
731 2841 937 2894 ἐκεῖνον
968 2840 1026 2892 ὃν
1051 2840 1312 2905 οῠτασαν,
1339 2842 1491 2905 ὅστις
1525 2842 1757 2897 ὀπάσσει

258 2932 461 3002 Ποινὴν
488 2932 831 3001 ὀψιτέλεστον
861 2930 1134 3002 ἀμοιϐάδα
1163 2931 1379 3003 κέντορι
1407 2932 1600 3005 λόγχῃ.

330 3023 401 3078 58
434 3024 546 3076 Καὶ
563 3023 796 3077 Πιλάτον
821 3022 1118 3093 μετέπειτα
1140 3020 1317 3075 λαθὼν
1346 3023 1589 3077 ἱκέτευεν
1624 3024 1848 3096 Ἰωσὴφ,

1142 322 1635 381 PARAPIIRASIS
1672 323 1738 379 IN
1778 323 2118 383 JOANNEM.
2161 357 2231 371 -—
2270 326 2425 383 CAP.
2472 324 2616 380 XIX.

1877 450 1924 506 Δ
1953 446 2173 503 domum
2197 446 2323 505 elati
2360 445 2687 502 aﬁluxeruut
2718 441 2965 518 praesidis
3000 460 3012 497 :
3046 441 3109 497 Et
3138 440 3370 499 Pilatum
3406 462 3524 516 pre-

3421 325 3526 382 906

1949 534 2217 590 cabantur
2244 534 2585 608 congregati,
2609 543 2670 590 ut
2693 535 2957 606 ipsorum,
2991 532 3198 591 Christi
3227 534 3422 598 divini,
3474 542 3531 590 et

1950 639 2075 680 sero
2100 626 2452 681 morientium
2479 625 2717 680 duorum
2749 626 3017 693 virorum,
3043 624 3363 694 Trinorum,
3393 628 3520 680 mut

1950 723 2037 770 tos
2063 715 2254 771 dentes
2286 716 2518 771 habente
2544 716 2710 786 pedes
2732 724 3046 772 secarentur
3064 716 3210 772 ferro
3230 735 3243 773 ;
3269 716 3348 773 Ne
3362 718 3528 772 etiam

1950 808 2004 861 in
2037 822 2201 863 cruce
2229 806 2334 861 ﬁxa
2367 822 2602 877 corpora
2643 815 2946 873 manerent,
2972 807 3275 880 Septimum
3310 811 3531 880 quando

1951 900 2132 954 lumen
2162 900 2402 965 veniret;
2435 907 2553 954 erat
2580 900 2725 953 enim
2765 901 2854 954 illa
2894 898 3161 959 Omnibus
3194 900 3397 957 Judaeis
3425 904 3523 956 im-

1951 1006 2137 1048 mensa
2174 991 2409 1062 legitima
2449 1006 2649 1046 aurora
2693 989 2855 1047 Lucis
2887 993 3130 1062 septima:
3163 1009 3326 1063 quam
3368 1010 3528 1051 nove-

1950 1094 2079 1139 runt
2109 1085 2398 1139 honorare.
2434 1084 2504 1139 52
2534 1085 2600 1138 Ει
2632 1085 2905 1141 exercitus
2949 1101 3114 1161 prope
3147 1088 3380 1145 accessit
3405 1104 3524 1143 san-

1949 1178 2262 1249 guinarius;
2292 1179 2401 1231 alte
2430 1184 2716 1232 extensum
2750 1192 2882 1232 vero
2918 1175 3084 1233 Primi
3102 1180 3321 1249 quidem
3353 1180 3522 1237 disse-

1949 1269 2061 1323 cuit
2077 1268 2402 1338 penetrabili
2421 1266 2564 1324 ferro
2578 1267 2785 1323 Placidi
2805 1268 2994 1338 pedem
3011 1268 3304 1338 duplicem;
3317 1272 3384 1328 ad
3405 1287 3527 1326 cru-

1950 1375 2067 1415 cem
2088 1368 2269 1415 autem
2289 1360 2493 1431 alligati
2508 1359 2747 1417 Alterius
2766 1361 3016 1416 nocturni
3042 1362 3269 1419 latronis
3288 1364 3541 1434 geminos

1950 1453 2116 1524 pedes
2146 1452 2326 1525 gladio
2367 1453 2640 1519 tundens,
2663 1454 2911 1509 Alterum
2945 1455 3301 1525 praecipitavit
3342 1461 3525 1513 convi-

1949 1546 2210 1601 ciatorem
2235 1546 2398 1601 celeri
2429 1553 2627 1602 morte.
2658 1546 2727 1601 33
2755 1544 2943 1601 Jesum
2976 1562 3105 1603 vero
3131 1550 3350 1618 quando
3384 1564 3535 1603 mor-

1950 1649 2103 1692 tuum
2138 1638 2411 1702 viderunt,
2443 1647 2701 1708 tanquam
2734 1640 2937 1694 mortui
2971 1638 3089 1695 Non
3114 1640 3281 1710 pedes
3309 1656 3531 1710 percus-

1952 1738 2142 1785 serunt
2174 1729 2494 1800 conjugatos
2526 1736 2791 1783 consueto
2831 1727 2976 1785 ferro
3006 1750 3020 1784 :
3059 1730 3128 1783 54
3160 1729 3267 1785 Sed
3304 1746 3537 1785 currens

1953 1820 2522 1891 incomprehensibilis
2544 1820 2743 1876 virlevi
2766 1822 2955 1876 lancea
2982 1820 3153 1878 Latus
3176 1822 3401 1877 charum
3428 1839 3534 1879 non

1952 1914 2197 1985 parcenti
2241 1913 2548 1968 vulneravit
2587 1912 2802 1982 gladio;
2860 1911 2926 1966 Et
2964 1913 3196 1983 geminis
3230 1914 3537 1984 liquoribus

1952 2023 2018 2061 ex
2050 2006 2219 2062 latere
2250 2020 2534 2077 percusso,
2559 2004 2804 2060 Primum
2834 2005 3056 2077 quidem
3090 2007 3312 2077 sanguis
3328 2007 3538 2063 cﬂusus

1951 2107 2057 2163 est,
2091 2099 2287 2154 deinde
2315 2113 2445 2154 vero
2490 2098 2675 2153 divina
2714 2112 2877 2168 aqua.
2910 2098 2979 2152 55
3003 2096 3099 2152 Vir
3125 2110 3307 2154 autem
3338 2100 3428 2169 qui
3462 2100 3539 2153 vi-

1952 2191 2051 2257 dit,
2080 2206 2182 2247 suo
2210 2190 2555 2246 conﬁrmavit
2605 2205 2859 2247 sermone
2908 2189 3306 2246 Testimonium
3336 2191 3537 2247 immo-

1953 2295 2119 2341 tum:
2171 2292 2353 2339 mente
2406 2290 2591 2338 autem
2641 2283 2847 2353 optima
2877 2282 3085 2353 praediti
3139 2284 3286 2340 illius
3320 2283 3539 2340 Scimus

1951 2377 2098 2449 quod
2129 2376 2317 2432 divina
2346 2383 2401 2431 et
2439 2391 2566 2431 vera
2598 2382 2683 2432 est
2710 2392 2836 2432 vox.
2870 2377 2939 2432 '56
2969 2376 3094 2435 Haec
3116 2386 3296 2433 autem
3354 2381 3539 2434 omnia

1953 2469 2176 2537 ﬁebant,
2197 2476 2258 2524 ut
2282 2468 2489 2524 dictum
2518 2468 2731 2523 ﬁrmum
2754 2479 2901 2525 esset
2928 2468 3086 2536 Quod
3109 2471 3294 2526 divina
3323 2471 3538 2526 cithara

1955 2564 2196 2633 suaviter
2228 2562 2448 2633 spirans
2480 2561 2620 2617 dixit
2647 2570 2865 2627 cantus,
2888 2562 3151 2633 Corporis
3188 2563 3539 2634 irreprehen-

1954 2656 2131 2713 sibilis
2177 2653 2519 2728 pramantius
2562 2671 2576 2707 :
2624 2651 2845 2707 Nullum
2891 2668 2957 2708 ex
2998 2653 3118 2723 ipso
3164 2652 3539 2711 Discretorum

1953 2748 2324 2805 membrorum
2356 2744 2652 2801 contritum
2694 2760 2759 2800 os
2793 2744 2917 2800 erit.
2963 2744 3033 2798 57
3062 2744 3129 2798 Et
3161 2744 3331 2800 fertur
3356 2761 3540 2801 sermo

1953 2844 2094 2899 alius
2120 2856 2281 2913 quem
2311 2839 2452 2895 dixit
2494 2836 2711 2893 divinus
2741 2837 2826 2892 vir
2854 2856 2867 2892 :
2905 2836 3180 2893 Videbunt
3220 2853 3343 2893 eum
3376 2854 3540 2909 quem

1952 2936 2330 2997 vulnerarunt,
2355 2932 2449 3002 qui
2496 2928 2761 3000 praebebit
2807 2928 3033 2983 Pmnam
3083 2944 3207 2985 sero
3238 2916 3539 2999 perfectam

1952 3025 2451 3098 compensationem
2500 3020 2804 3076 stimulanti
2841 3021 3063 3075 lanceae.

258 3115 425 3187 206
457 3114 671 3187 Τάρϐος
715 3112 984 3169 Ἰουδαίων
1027 3113 1483 3187 πεφυλαγμένος⁸
1544 3116 1603 3180 ὅς
1641 3119 1711 3187 ῥα
1756 3118 1846 3171 καὶ

2033 3120 2104 3175 58
2134 3118 2201 3173 Ει
2228 3117 2461 3172 Pilatum
2499 3114 2760 3182 deinceps
2790 3112 2930 3166 clam
2960 3110 3286 3181 precabatur
3312 3109 3537 3180 Ioseph,

1585 3206 1774 3281 [αὐτὸς

271 3299 563 3371 Ἀπροϊδὴς
585 3301 843 3369 Χριστοῖο
876 3298 1136 3371 φιλήκοος
1161 3297 1287 3351 ἔσκε
1322 3297 1594 3370 μαθητὴς,

271 3392 370 3445 Ἐκ
399 3392 669 3463 στόματος
695 3389 910 3455 ζαθέοιο
947 3389 1110 3459 σοφὸν
1149 3390 1291 3459 γάλα
1338 3390 1529 3443 πιστὸν
1567 3390 1844 3462 ἀμέλγων.

258 3479 431 3547 Οὗτος
464 3482 558 3537 ίὼν
588 3484 851 3549 ἱκέτευεν,
884 3484 1199 3555 ὑπωρόφιον
1226 3482 1355 3552 γόνυ
1388 3484 1679 3553 κάμπτων,

263 3578 550 3648 Ὂρχαμον
584 3577 805 3642 αἰτίζων
831 3577 994 3631 νέκυν
1027 3576 1207 3630 ἔνθεον
1233 3592 1244 3606 ·
1287 3575 1465 3648 αὐτὰρ
1491 3577 1519 3630 6
1550 3576 1757 3648 χαίρων

259 3669 476 3741 Νεκρὺν
513 3668 809 3733 ἀειζὼοντα
843 3669 1048 3723 θεουδέῖ
1067 3669 1205 3723 δῶκε
1239 3670 1424 3740 φορῆἲ.

260 3762 375 3814 Καὶ
404 3762 525 3815 ποδὶ
565 3762 803 3832 σιγαλέῳ
835 3760 1184 3825 νεκυοστόλος
1214 3756 1378 3832 ἦλθεν
1423 3760 1642 3832 Ἰωσήφ.

272 3852 500 3922 Ἔγγύθι
529 3853 587 3905 δὲ
616 3855 869 3923 σταυροῖο
901 3853 1255 3922 πεπηγμένον
1287 3852 1455 3923 ἄκρον
1483 3853 1724 3923 ἐρείσας,

259 3943 472 4011 Δὶςυγα
509 3942 707 4012 χαλκὸν
738 3942 925 3995 ἔλυσεν
952 3944 1260 4013 ἀκαχμένον
1287 3942 1398 4007 ὀξέϊ
1432 3943 1638 4015 δεσμῷ,

257 4037 377 4089 Καὶ
409 4036 570 4088 νέκυν
593 4034 839 4105 ὲστηῶτα
864 4036 1145 4105 κατήγαγε
1168 4032 1371 4096 δείελος
1410 4033 1571 4104 ἀνὴρ,

259 4127 466 4196 Φόρτον
488 4125 797 4197 ὲλαφρίζων
825 4124 1138 4196 θεοδέγμονι
1167 4125 1421 4195 κείμενον
1449 4122 1605 4195 ὤμῳ.

261 4220 335 4275 '59
363 4216 537 4272 Ἶὶλθε
560 4218 617 4270 δὲ
647 4219 744 4271 καὶ
780 4217 1111 4289 Νικόδημος,
1142 4217 1202 4281 ὃς
1240 4215 1406 4287 ἤλυθε
1438 4216 1633 4281 νυκτὸς
1673 4216 1855 4288 ὁδίτης

277 4310 368 4373 Ἐς
401 4309 641 4381 μέγαρον
667 4311 944 4380 Χριστοῖο,
974 4307 1367 4378 φυλασσομένῳ
1388 4306 1510 4359 ποδὶ
1534 4306 1756 4378 βαίνων,

264 4402 523 4471 Σμύρναν
552 4400 703 4469 ᾄγων
734 4398 1021 4462 θυόεσσαν,
1054 4397 1366 4470 ἐρυθραίοιο
1388 4397 1442 4451 δὲ
1477 4397 1656 4469 κήπου

279 4492 495 4563 Ἰνδῴης
530 4492 694 4563 ἀλόης
733 4490 1128 4561 δονακοτρεφὲς
1160 4489 1315 4561 ἔρνος
1340 4489 1602 4561 ἀρούρης,

264 4584 474 4657 Λίτρας
504 4585 602 4649 τὰς
624 4584 883 4639 καλέουσι
919 4583 1263 4655 φατιζομένῳ
1289 4582 1393 4635 τινὶ
1423 4584 1607 4653 μέτρῳ

270 4676 436 4748 Ἀχρι
475 4679 603 4749 μιῆς
629 4676 831 4747 ζαθέης
874 4675 1242 4738 ὲκατοντάδος.
1279 4673 1346 4730 40
1375 4668 1473 4726 Ὧν
1500 4672 1615 4743 ἃμα
1655 4674 1854 4746 καρπῷ

1946 3213 2228 3291 207Pra3
2244 3211 2439 3266 timore
2450 3207 2478 3263 J
2486 3207 2762 3262 udaeorum
2776 3203 3087 3273 cautus;qui
3106 3218 3237 3258 sane
3248 3212 3301 3257 et
3313 3203 3429 3272 ipse
3446 3203 3542 3256 Im.

1948 3308 2204 3383 provisus
2217 3302 2428 3358 Christi
2448 3299 2706 3355 audiendi
2728 3295 2963 3367 cupidus
2975 3303 3095 3351 erat
3119 3295 3444 3365 discipulus,
3462 3295 3541 3349 Ex

1947 3416 2043 3457 ore
2055 3397 2241 3453 divino
2268 3392 2489 3464 sapiens
2511 3392 2596 3445 lac
2618 3388 2772 3444 ﬁdele
2791 3388 3058 3458 mulgens.
3081 3386 3178 3442 Hic
3200 3387 3389 3442 abiens
3412 3402 3544 3457 Sup-

1949 3490 2208 3565 plicabat,
2227 3484 2584 3542 domesticum
2596 3497 2736 3553 genu
2755 3480 3003 3545 flectens,
3026 3481 3070 3534 A
3087 3480 3333 3550 principe
3351 3489 3543 3551 petens

1952 3590 2234 3638 mortuum
2277 3578 2545 3639 divinum;
2569 3574 2662 3631 sed
2693 3574 2783 3628 ille
2806 3573 3072 3644 gaudens,
3098 3571 3369 3627 Mortuum
3407 3588 3545 3627 sem-

1951 3690 2050 3746 per
2079 3674 2345 3727 viventem
2368 3667 2623 3739 religioso
2648 3666 2798 3721 dedit
2826 3665 3106 3736 gestatori.
3134 3663 3197 3719 Et
3220 3664 3355 3735 pede
3376 3666 3544 3719 tacito

1955 3774 2202 3821 mortuos
2240 3763 2623 3817 transmittens
2676 3759 2826 3813 venit
2870 3757 3092 3829 Ioseph.
3139 3758 3305 3813 Juxta
3361 3770 3540 3813 autem

1956 3872 2176 3913 crucem
2233 3856 2397 3910 ﬁxum
2433 3853 2720 3923 vestigium
2783 3852 3035 3911 fulciens,
3082 3850 3289 3920 Duplex
3338 3850 3544 3905 ferrum

1956 3943 2498 4014 solvitperferratum
2540 3950 2702 3995 acuto
2723 3940 2963 4002 vinculo,
2992 3939 3056 3993 Et
3088 3948 3363 3994 mortuum
3401 3941 3544 3994 inni-

1959 4050 2087 4089 xum
2116 4034 2339 4088 deduxit
2368 4030 2718 4100 vespertinus
2754 4030 2857 4092 vir,
2886 4029 3039 4084 Onus
3062 4030 3249 4085 levans
3270 4030 3436 4085 Deum
3458 4046 3545 4085 rc-

1959 4126 2182 4196 cipienti
2210 4126 2403 4195 jaccns
2435 4124 2488 4177 in
2532 4123 2777 4176 humero.
2806 4120 2876 4176 39
2901 4119 3064 4175 Venit
3097 4128 3278 4175 autem
3313 4121 3547 4177 etNico-

1960 4217 2174 4281 demus,
2210 4216 2303 4287 qui
2334 4222 2559 4270 venerat
2582 4220 2746 4267 noctu
2771 4212 2950 4267 viator
2978 4212 3038 4267 In
3063 4213 3285 4268 domum
3316 4212 3544 4276 Christi,

1961 4316 2127 4363 cauto
2152 4308 2286 4378 pede
2313 4304 2595 4368 incedens,
2620 4302 2898 4374 Myrrham
2952 4304 3135 4361 ferens
3184 4303 3544 4375 fragrantem,

1962 4400 2258 4455 rubicundi
2298 4400 2460 4454 etiam
2503 4398 2647 4453 horti
2688 4395 2884 4450 Indica:
2923 4396 3071 4452 aloes
3099 4396 3155 4451 in
3182 4395 3547 4450 arundinibus

1888 4485 1934 4541 D
1962 4508 2219 4550 crescens
2246 4505 2467 4563 germen
2508 4498 2691 4554 teme,
2732 4487 2926 4543 Libras
2958 4503 3095 4558 quas
3134 4495 3334 4543 vocant
3370 4486 3547 4541 nomi-

1962 4595 2091 4640 nata
2130 4586 2369 4656 quadam
2404 4597 2659 4638 mensura
2697 4580 2885 4651 Usque
2924 4580 2991 4635 ad
3022 4582 3400 4637 centenarium
3438 4599 3544 4637 nu-

1963 4694 2197 4733 merum.
2233 4678 2302 4731 40
2352 4675 2598 4742 Quorum
2645 4674 2809 4729 simul
2855 4688 2980 4727 cum
3034 4672 3215 4727 fructu
3264 4672 3547 4729 Tenuibns

1485 4785 1718 4842 TEXTU
1732 4785 1770 4840 S
1805 4786 2034 4844 EVANG
2047 4790 2108 4840 El
2122 4786 2339 4845 .ISTIE.

338 4890 411 4947 52
445 4887 651 4944 Ἦλθον
685 4883 778 4942 οὖν
803 4889 850 4942 οἱ
883 4887 1235 4959 στρατιῶται.
1264 4885 1359 4937 καὶ
1384 4881 1479 4936 τοῦ
1512 4882 1611 4954 μὲν
1636 4883 1854 4954 πρώτου

268 4974 545 5042 κατέαξαν
571 4973 640 5027 τὰ
664 4972 852 5042 σκέλη,
886 4972 980 5025 καὶ
1004 4971 1097 5025 τοῦ
1124 4970 1286 5024 ἄλλου
1315 4966 1411 5020 τοῦ
1442 4966 1856 5037 συσταυρωθέν-

268 5077 362 5123 τος
400 5058 549 5128 αὐτῷ
564 5075 579 5090 ο

343 5122 414 5198 35
464 5122 587 5195 Ἐπὶ
630 5142 687 5194 δὲ
726 5141 818 5193 τὸν
861 5122 1073 5207 Ἰησοῦν.
1098 5135 1369 5198 ἐλθόντες,
1416 5134 1490 5197 ὼς
1528 5129 1666 5187 εἶδον
1695 5134 1858 5187 αὑτὸν

269 5228 374 5298 ἤδη
401 5222 723 5295 τεθνηκότα,
753 5224 812 5276 οὐ
840 5219 1114 5284 κατέαξαν
1143 5217 1310 5272 αὐτοῦ
1344 5218 1414 5269 τὰ
1443 5217 1609 5286 σκέλη
1628 5236 1640 5248 ·

345 5311 416 5364 54
467 5310 605 5362 Ἀλλ’
639 5304 722 5372 εἷς
766 5306 874 5360 τῶν
922 5301 1271 5375 στρατιωτῶν
1319 5300 1487 5370 λόγχῃ
1538 5301 1704 5353 αὑτοῦ
1760 5302 1862 5372 τὴν

271 5393 518 5458 πλευρὰν
553 5392 729 5456 ἔνυξε,
768 5390 864 5443 καὶ
893 5387 1054 5449 εὐθὺς
1088 5384 1312 5453 ἐξῆλθεν
1339 5379 1477 5453 αἷμα
1499 5384 1594 5436 καὶ
1622 5384 1787 5458 ὕδωρ.

345 5478 415 5531 55
448 5476 557 5529 Καὶ
587 5478 615 5529 6
644 5472 908 5546 ἑωρακὼς
933 5468 1349 5542 μεμαρτύρηκε,
1381 5466 1475 5519 καὶ
1500 5466 1726 5540 ἀληθινὴ
1762 5470 1861 5522 αὖ-

269 5559 369 5615 τοῦ
394 5560 542 5613 ἐστιν
565 5561 598 5629 ἡ
627 5556 931 5629 μαρτυρία·
956 5555 1206 5613 κάκεῖνος
1229 5546 1368 5603 οἶδεν
1394 5550 1475 5602 ὅτι
1496 5548 1667 5621 ἀληθῆ
1691 5551 1859 5621 λέγει,

274 5646 365 5699 ἵνα
404 5645 564 5715 ὑμεῖς
590 5640 920 5709 πιστεύσητε
936 5654 948 5667 ⁸

349 5729 419 5784 ’56
467 5725 716 5794 Ἐγένετο
769 5723 879 5794 γάρ
906 5719 1079 5775 ταῦτα
1110 5719 1197 5771 ἵνα
1239 5719 1273 5787 ἡ
1320 5717 1513 5789 Γραφὴ
1561 5716 1856 5792 πληρωθῇ.

286 5812 513 5869 Ὀστοῦν
544 5811 605 5867 ού
634 5809 1047 5880 συντριϐήσεται
1078 5802 1265 5857 αὐτοῦ.

647 5905 918 5968 Ριιτιιοι..
950 5901 1068 5962 Gn.
1116 5896 1337 5960 XLIII.

2033 4887 2100 4940 57
2130 4887 2240 4938 Καὶ
2268 4884 2431 4938 πάλιν
2465 4883 2631 4953 ἑτέρα
2668 4881 2859 4954 Γραφὴ
2888 4880 3067 4949 λέγει·
3095 4879 3353 4949 Ὄψονται
3381 4883 3461 4947 εἰς
3490 4881 3548 4936 ὃν

1962 4982 2342 5052 ἐξεκέντησαν.

2031 5081 2100 5135 '58
2141 5079 2295 5133 Μετὰ
2324 5079 2379 5132 δὲ
2406 5077 2582 5132 ταῦτα
2609 5076 2862 5149 ἠρώτησε
2899 5076 2988 5129 τὸν
3017 5076 3247 5130 Πιλάτον
3281 5079 3309 5131 ὁ
3352 5078 3549 5151 Ἰωσὴφ

1959 5169 1987 5219 6
2016 5165 2124 5218 ἀπὸ
2159 5162 2518 5235 Ἁριμαθαίας
2554 5161 2649 5231 (ὢν
2676 5160 2923 5231 μαθητὴς
2958 5161 3053 5214 τοῦ
3089 5162 3286 5233 Ἰησοῦ,
3314 5181 3555 5234 κεκρυμκ

1965 5249 2123 5321 μένος
2161 5248 2218 5301 δὲ
2256 5248 2345 5301 διά
2386 5247 2478 5299 τὸν
2506 5245 2670 5315 φόϐον
2713 5245 2823 5298 τῶν
2871 5246 3180 5316 Ἰουδαίων),
3210 5248 3295 5300 ἵνα
3342 5248 3449 5318 ἄρῃ
3490 5248 3551 5300 τὸ

1967 5334 2127 5405 σῶμα
2156 5333 2250 5386 τοῦ
2301 5330 2508 5402 Ἰησοῦ·
2543 5331 2637 5384 καὶ
2678 5330 2978 5400 ἐπέτρεψεν
3009 5334 3037 5384 6
3063 5331 3313 5394 Πιλᾶτος.
3344 5325 3550 5383 Ἦλθεν

1965 5415 2057 5472 οὖν
2091 5420 2184 5472 καὶ
2211 5413 2313 5489 ἦρε
2352 5417 2413 5469 τὸ
2450 5417 2611 5486 σῶμα
2644 5417 2736 5468 τοῦ
2785 5415 2981 5486 Ἰησοῦ.

2040 5516 2107 5570 59
2145 5511 2317 5567 Ἦλθε
2340 5514 2397 5567 δὲ
2431 5513 2526 5567 καὶ
2558 5511 2866 5582 Νικόδημος
2893 5510 2941 5579 (6
2963 5508 3132 5561 ἐλθὼν
3162 5507 3299 5577 πρὸς
3322 5506 3416 5560 τὸν
3453 5507 3554 5581 Ἰη-

1972 5612 2098 5665 σοῦν
2136 5611 2329 5675 νυκτὸς
2365 5608 2667 5683 τοπρῶτον)
2720 5608 2901 5678 φέρων
2960 5604 3139 5674 μίγμα
3182 5604 3430 5676 σμύρνης
3457 5605 3551 5659 καὶ

1969 5709 2134 5779 ἀλόης
2161 5709 2291 5761 ὡσεὶ
2319 5708 2507 5777 λίτρας
2541 5705 2754 5760 ἑκατόν.

2041 5807 2109 5863 ιο
2138 5806 2369 5861 ’Έλαΰον
2402 5803 2490 5859 οὖν
2526 5805 2584 5857 τὸ
2638 5801 2797 5872 σῶμα
2829 5799 2922 5852 τοῦ
2983 5798 3179 5871 Ἰησοῦ,
3218 5799 3312 5851 καὶ
3357 5799 3550 5868 ἔδησαν

3237 5892 3315 5957 '29
