  <div class='ocr_page' id='page_1' title='image "/cluster/home/n/w/nwhite01/storage/ocr_20150623/43/mdp.39015013284818/501.png"; bbox 0 0 3900 6216; ppageno 0'>
   <div class='ocr_carea' id='block_1_1' title="bbox 443 313 543 369">
    <p class='ocr_par' dir='ltr' id='par_1_1' title="bbox 443 313 543 369">
     <span class='ocr_line' id='line_1_1' title="bbox 443 313 543 369; baseline 0 -2"><span class='ocrx_word' id='word_1_1' title='bbox 443 313 543 369; x_wconf 70' lang='lat'>907</span> 
     </span>
    </p>
   </div>
   <div class='ocr_carea' id='block_1_2' title="bbox 1659 307 3675 372">
    <p class='ocr_par' dir='ltr' id='par_1_2' title="bbox 1659 307 3675 372">
     <span class='ocr_line' id='line_1_2' title="bbox 1659 307 3675 372; baseline -0.001 -8"><span class='ocrx_word' id='word_1_2' title='bbox 1659 307 1872 365; x_wconf 72' lang='lat' dir='ltr'>NONNI</span> <span class='ocrx_word' id='word_1_3' title='bbox 1921 307 2422 366; x_wconf 75' lang='lat' dir='ltr'>PANOPOLITANI</span> <span class='ocrx_word' id='word_1_4' title='bbox 3583 315 3675 372; x_wconf 59' lang='lat'>903</span> 
     </span>
    </p>
   </div>
   <div class='ocr_carea' id='block_1_3' title="bbox 446 424 2014 497">
    <p class='ocr_par' dir='ltr' id='par_1_3' title="bbox 446 425 2014 497">
     <span class='ocr_line' id='line_1_3' title="bbox 446 425 2014 497; baseline -0.004 -11"><span class='ocrx_word' id='word_1_5' title='bbox 446 430 628 488; x_wconf 71' lang='lat' dir='ltr'><strong>linteis</strong></span> <span class='ocrx_word' id='word_1_6' title='bbox 661 429 951 485; x_wconf 79' lang='lat' dir='ltr'><strong>cinxerunt</strong></span> <span class='ocrx_word' id='word_1_7' title='bbox 981 426 1180 481; x_wconf 89' lang='lat' dir='ltr'><strong>mortui</strong></span> <span class='ocrx_word' id='word_1_8' title='bbox 1205 425 1442 496; x_wconf 85' lang='lat' dir='ltr'><strong>Corpus,</strong></span> <span class='ocrx_word' id='word_1_9' title='bbox 1471 425 1762 497; x_wconf 87' lang='lat' dir='ltr'><strong>multiplici</strong></span> <span class='ocrx_word' id='word_1_10' title='bbox 1793 427 2014 482; x_wconf 36' lang='lat' dir='ltr'><strong>cireum‘</strong></span> 
     </span>
    </p>
   </div>
   <div class='ocr_carea' id='block_1_4' title="bbox 2133 424 3433 497">
    <p class='ocr_par' dir='ltr' id='par_1_4' title="bbox 2133 424 3433 496">
     <span class='ocr_line' id='line_1_4' title="bbox 2133 424 3433 496; baseline 0.002 -17"><span class='ocrx_word' id='word_1_11' title='bbox 2133 427 2464 490; x_wconf 77' lang='grc' dir='ltr'>Λεπταλέαις</span> <span class='ocrx_word' id='word_1_12' title='bbox 2495 424 2742 496; x_wconf 79' lang='grc' dir='ltr'>ὀθόνῃσιν</span> <span class='ocrx_word' id='word_1_13' title='bbox 2777 426 3152 496; x_wconf 84' lang='grc' dir='ltr'>ἐμιτρώσαντο</span> <span class='ocrx_word' id='word_1_14' title='bbox 3183 427 3433 492; x_wconf 72' lang='grc' dir='ltr'>θανόντος</span> 
     </span>
    </p>
   </div>
   <div class='ocr_carea' id='block_1_5' title="bbox 447 513 2023 588">
    <p class='ocr_par' dir='ltr' id='par_1_5' title="bbox 447 513 2023 588">
     <span class='ocr_line' id='line_1_5' title="bbox 447 513 2023 588; baseline -0.004 -13"><span class='ocrx_word' id='word_1_15' title='bbox 447 519 784 575; x_wconf 81' lang='lat' dir='ltr'><strong>volutionum</strong></span> <span class='ocrx_word' id='word_1_16' title='bbox 807 515 1071 588; x_wconf 72' lang='lat' dir='ltr'><strong>fragranti</strong></span> <span class='ocrx_word' id='word_1_17' title='bbox 1101 516 1341 577; x_wconf 88' lang='lat' dir='ltr'><strong>vinculo,</strong></span> <span class='ocrx_word' id='word_1_18' title='bbox 1368 513 1437 568; x_wconf 88' lang='lat' dir='ltr'><strong>Ut</strong></span> <span class='ocrx_word' id='word_1_19' title='bbox 1465 530 1584 570; x_wconf 81' lang='lat' dir='ltr'>mos</span> <span class='ocrx_word' id='word_1_20' title='bbox 1609 513 1914 569; x_wconf 66' lang='lat' dir='ltr'><strong>estludazis</strong></span> <span class='ocrx_word' id='word_1_21' title='bbox 1944 529 2023 568; x_wconf 86' lang='lat' dir='ltr'><strong>se-</strong></span> 
     </span>
    </p>
   </div>
   <div class='ocr_carea' id='block_1_6' title="bbox 445 605 2019 680">
    <p class='ocr_par' dir='ltr' id='par_1_6' title="bbox 445 605 2019 680">
     <span class='ocr_line' id='line_1_6' title="bbox 445 605 2019 680; baseline -0.003 -18"><span class='ocrx_word' id='word_1_22' title='bbox 445 608 715 680; x_wconf 86' lang='lat' dir='ltr'><strong>pulcrales</strong></span> <span class='ocrx_word' id='word_1_23' title='bbox 739 609 877 663; x_wconf 86' lang='lat' dir='ltr'><strong>ritus</strong></span> <span class='ocrx_word' id='word_1_24' title='bbox 903 620 1140 662; x_wconf 89' lang='lat' dir='ltr'><strong>servare.</strong></span> <span class='ocrx_word' id='word_1_25' title='bbox 1171 605 1232 658; x_wconf 77' lang='lat' dir='ltr'><strong><em>M</em></strong></span> <span class='ocrx_word' id='word_1_26' title='bbox 1269 605 1397 660; x_wconf 89' lang='lat' dir='ltr'><strong>Erat</strong></span> <span class='ocrx_word' id='word_1_27' title='bbox 1424 615 1604 660; x_wconf 88' lang='lat' dir='ltr'><strong>autem</strong></span> <span class='ocrx_word' id='word_1_28' title='bbox 1644 606 1917 676; x_wconf 79' lang='lat' dir='ltr'><strong>quoddam</strong></span> <span class='ocrx_word' id='word_1_29' title='bbox 1948 605 2019 659; x_wconf 84' lang='lat' dir='ltr'>ibi</span> 
     </span>
    </p>
   </div>
   <div class='ocr_carea' id='block_1_7' title="bbox 443 695 2019 768">
    <p class='ocr_par' dir='ltr' id='par_1_7' title="bbox 443 695 2019 768">
     <span class='ocr_line' id='line_1_7' title="bbox 443 695 2019 768; baseline -0.002 -13"><span class='ocrx_word' id='word_1_30' title='bbox 443 699 754 768; x_wconf 80' lang='lat' dir='ltr'>sepulcrum</span> <span class='ocrx_word' id='word_1_31' title='bbox 801 697 1053 753; x_wconf 88' lang='lat' dir='ltr'><strong>sublimis</strong></span> <span class='ocrx_word' id='word_1_32' title='bbox 1087 696 1242 751; x_wconf 88' lang='lat' dir='ltr'><strong>collis</strong></span> <span class='ocrx_word' id='word_1_33' title='bbox 1271 695 1428 766; x_wconf 75' lang='lat' dir='ltr'><strong>juxta</strong></span> <span class='ocrx_word' id='word_1_34' title='bbox 1486 697 1685 762; x_wconf 90' lang='lat' dir='ltr'><strong>locum,</strong></span> <span class='ocrx_word' id='word_1_35' title='bbox 1731 696 2019 754; x_wconf 83' lang='lat' dir='ltr'><strong>.Christum</strong></span> 
     </span>
    </p>
   </div>
   <div class='ocr_carea' id='block_1_8' title="bbox 445 787 2016 858">
    <p class='ocr_par' dir='ltr' id='par_1_8' title="bbox 445 787 2016 858">
     <span class='ocr_line' id='line_1_8' title="bbox 445 787 2016 858; baseline -0.003 -14"><span class='ocrx_word' id='word_1_36' title='bbox 445 790 536 844; x_wconf 91' lang='lat' dir='ltr'>ubi</span> <span class='ocrx_word' id='word_1_37' title='bbox 557 789 739 844; x_wconf 90' lang='lat' dir='ltr'><strong>crucis</strong></span> <span class='ocrx_word' id='word_1_38' title='bbox 755 787 1023 844; x_wconf 76' lang='lat' dir='ltr'><strong>conclusit</strong></span> <span class='ocrx_word' id='word_1_39' title='bbox 1042 789 1300 858; x_wconf 77' lang='lat' dir='ltr'><strong>repagulo</strong></span> <span class='ocrx_word' id='word_1_40' title='bbox 1326 788 1555 844; x_wconf 86' lang='lat' dir='ltr'><strong>Immitis</strong></span> <span class='ocrx_word' id='word_1_41' title='bbox 1579 788 1793 843; x_wconf 82' lang='lat' dir='ltr'><strong>hostilis</strong></span> <span class='ocrx_word' id='word_1_42' title='bbox 1821 797 2016 843; x_wconf 87' lang='lat' dir='ltr'><strong>coetus.</strong></span> 
     </span>
    </p>
   </div>
   <div class='ocr_carea' id='block_1_9' title="bbox 449 877 2020 948">
    <p class='ocr_par' dir='ltr' id='par_1_9' title="bbox 449 877 2020 948">
     <span class='ocr_line' id='line_1_9' title="bbox 449 877 2020 948; baseline 0.001 -17"><span class='ocrx_word' id='word_1_43' title='bbox 449 878 581 934; x_wconf 85' lang='lat' dir='ltr'><strong>Erat</strong></span> <span class='ocrx_word' id='word_1_44' title='bbox 615 880 777 934; x_wconf 88' lang='lat' dir='ltr'><strong>etiam</strong></span> <span class='ocrx_word' id='word_1_45' title='bbox 808 879 864 932; x_wconf 86' lang='lat' dir='ltr'>in</span> <span class='ocrx_word' id='word_1_46' title='bbox 897 878 1079 934; x_wconf 88' lang='lat' dir='ltr'><strong>vicino</strong></span> <span class='ocrx_word' id='word_1_47' title='bbox 1125 879 1286 935; x_wconf 90' lang='lat' dir='ltr'><strong>horto</strong></span> <span class='ocrx_word' id='word_1_48' title='bbox 1319 877 1641 948; x_wconf 83' lang='lat' dir='ltr'><strong>Sepulcrum</strong></span> <span class='ocrx_word' id='word_1_49' title='bbox 1674 879 1796 933; x_wconf 90' lang='lat' dir='ltr'><strong>rudi</strong></span> <span class='ocrx_word' id='word_1_50' title='bbox 1828 887 2020 934; x_wconf 87' lang='lat' dir='ltr'><strong>cava-to</strong></span> 
     </span>
    </p>
   </div>
   <div class='ocr_carea' id='block_1_10' title="bbox 438 970 2023 1040">
    <p class='ocr_par' dir='ltr' id='par_1_10' title="bbox 438 970 2023 1040">
     <span class='ocr_line' id='line_1_10' title="bbox 438 970 2023 1040; baseline -0.001 -13"><span class='ocrx_word' id='word_1_51' title='bbox 438 987 472 1027; x_wconf 77' lang='grc' dir='ltr'>θ</span> <span class='ocrx_word' id='word_1_52' title='bbox 500 986 655 1038; x_wconf 80' lang='lat' dir='ltr'><strong>sam,</strong></span> <span class='ocrx_word' id='word_1_53' title='bbox 687 970 970 1040; x_wconf 88' lang='lat' dir='ltr'><strong>Sculptum</strong></span> <span class='ocrx_word' id='word_1_54' title='bbox 1004 979 1200 1036; x_wconf 86' lang='lat' dir='ltr'><strong>totum,</strong></span> <span class='ocrx_word' id='word_1_55' title='bbox 1228 971 1440 1026; x_wconf 88' lang='lat' dir='ltr'><strong>noviter</strong></span> <span class='ocrx_word' id='word_1_56' title='bbox 1470 979 1832 1026; x_wconf 75' lang='lat' dir='ltr'><strong>exstructum.</strong></span> <span class='ocrx_word' id='word_1_57' title='bbox 1861 970 1918 1024; x_wconf 86' lang='lat' dir='ltr'><strong>In</strong></span> <span class='ocrx_word' id='word_1_58' title='bbox 1950 972 2023 1026; x_wconf 80' lang='lat' dir='ltr'><strong>la-</strong></span> 
     </span>
    </p>
   </div>
   <div class='ocr_carea' id='block_1_11' title="bbox 445 1059 2020 1131">
    <p class='ocr_par' dir='ltr' id='par_1_11' title="bbox 445 1059 2020 1131">
     <span class='ocr_line' id='line_1_11' title="bbox 445 1059 2020 1131; baseline 0 -17"><span class='ocrx_word' id='word_1_59' title='bbox 445 1060 636 1128; x_wconf 85' lang='lat' dir='ltr'><strong>pidoso</strong></span> <span class='ocrx_word' id='word_1_60' title='bbox 669 1069 850 1114; x_wconf 89' lang='lat' dir='ltr'><strong>autem</strong></span> <span class='ocrx_word' id='word_1_61' title='bbox 885 1060 1142 1130; x_wconf 82' lang='lat' dir='ltr'><strong>sepulcro</strong></span> <span class='ocrx_word' id='word_1_62' title='bbox 1175 1059 1430 1115; x_wconf 84' lang='lat' dir='ltr'><strong>Nondum</strong></span> <span class='ocrx_word' id='word_1_63' title='bbox 1479 1072 1735 1116; x_wconf 86' lang='lat' dir='ltr'><strong>mortuus</strong></span> <span class='ocrx_word' id='word_1_64' title='bbox 1773 1061 2020 1131; x_wconf 84' lang='lat' dir='ltr'><strong>jacucrat</strong></span> 
     </span>
    </p>
   </div>
   <div class='ocr_carea' id='block_1_12' title="bbox 443 1150 2016 1222">
    <p class='ocr_par' dir='ltr' id='par_1_12' title="bbox 443 1150 2016 1222">
     <span class='ocr_line' id='line_1_12' title="bbox 443 1150 2016 1222; baseline 0 -16"><span class='ocrx_word' id='word_1_65' title='bbox 443 1151 803 1221; x_wconf 87' lang='lat' dir='ltr'><strong>sepulcralem</strong></span> <span class='ocrx_word' id='word_1_66' title='bbox 839 1158 1040 1205; x_wconf 87' lang='lat' dir='ltr'><strong>terram</strong></span> <span class='ocrx_word' id='word_1_67' title='bbox 1097 1161 1422 1206; x_wconf 86' lang='lat' dir='ltr'><strong>assecutus:</strong></span> <span class='ocrx_word' id='word_1_68' title='bbox 1466 1150 1574 1206; x_wconf 87' lang='lat' dir='ltr'>Sed</span> <span class='ocrx_word' id='word_1_69' title='bbox 1624 1153 1860 1222; x_wconf 85' lang='lat' dir='ltr'><strong>sepulcri</strong></span> <span class='ocrx_word' id='word_1_70' title='bbox 1897 1155 2016 1222; x_wconf 89' lang='lat' dir='ltr'><strong>puri</strong></span> 
     </span>
    </p>
   </div>
   <div class='ocr_carea' id='block_1_13' title="bbox 443 1241 2019 1313">
    <p class='ocr_par' dir='ltr' id='par_1_13' title="bbox 443 1241 2019 1313">
     <span class='ocr_line' id='line_1_13' title="bbox 443 1241 2019 1313; baseline -0.001 -15"><span class='ocrx_word' id='word_1_71' title='bbox 443 1242 746 1313; x_wconf 86' lang='lat' dir='ltr'><strong>pervadens</strong></span> <span class='ocrx_word' id='word_1_72' title='bbox 777 1242 1058 1298; x_wconf 88' lang='lat' dir='ltr'><strong>hortensis</strong></span> <span class='ocrx_word' id='word_1_73' title='bbox 1079 1257 1212 1297; x_wconf 87' lang='lat' dir='ltr'><strong>aura</strong></span> <span class='ocrx_word' id='word_1_74' title='bbox 1238 1241 1445 1297; x_wconf 87' lang='lat' dir='ltr'><strong>Lucum</strong></span> <span class='ocrx_word' id='word_1_75' title='bbox 1479 1242 1777 1312; x_wconf 83' lang='lat' dir='ltr'><strong>perﬂabat:</strong></span> <span class='ocrx_word' id='word_1_76' title='bbox 1807 1258 1914 1312; x_wconf 87' lang='lat' dir='ltr'>quo</span> <span class='ocrx_word' id='word_1_77' title='bbox 1944 1245 2019 1297; x_wconf 86' lang='lat' dir='ltr'><strong>la-</strong></span> 
     </span>
    </p>
   </div>
   <div class='ocr_carea' id='block_1_14' title="bbox 443 1333 2020 1404">
    <p class='ocr_par' dir='ltr' id='par_1_14' title="bbox 443 1333 2020 1404">
     <span class='ocr_line' id='line_1_14' title="bbox 443 1333 2020 1404; baseline -0.001 -14"><span class='ocrx_word' id='word_1_78' title='bbox 443 1335 700 1390; x_wconf 85' lang='lat' dir='ltr'><strong>boriosus</strong></span> <span class='ocrx_word' id='word_1_79' title='bbox 723 1333 924 1403; x_wconf 80' lang='lat' dir='ltr'><strong>Joseph</strong></span> <span class='ocrx_word' id='word_1_80' title='bbox 957 1333 1147 1388; x_wconf 77' lang='lat' dir='ltr'><strong>Jesum</strong></span> <span class='ocrx_word' id='word_1_81' title='bbox 1177 1334 1373 1390; x_wconf 86' lang='lat' dir='ltr'><strong>detulit</strong></span> <span class='ocrx_word' id='word_1_82' title='bbox 1401 1349 1503 1389; x_wconf 90' lang='lat' dir='ltr'>suo</span> <span class='ocrx_word' id='word_1_83' title='bbox 1536 1343 1806 1404; x_wconf 81' lang='lat' dir='ltr'><strong>gestatum</strong></span> <span class='ocrx_word' id='word_1_84' title='bbox 1835 1335 2020 1388; x_wconf 82' lang='lat' dir='ltr'><strong>Imme-</strong></span> 
     </span>
    </p>
   </div>
   <div class='ocr_carea' id='block_1_15' title="bbox 442 1428 2018 1498">
    <p class='ocr_par' dir='ltr' id='par_1_15' title="bbox 442 1428 2018 1498">
     <span class='ocr_line' id='line_1_15' title="bbox 442 1428 2018 1498; baseline -0.001 -15"><span class='ocrx_word' id='word_1_85' title='bbox 442 1444 524 1483; x_wconf 90' lang='lat' dir='ltr'>ro.</span> <span class='ocrx_word' id='word_1_86' title='bbox 561 1429 631 1483; x_wconf 70' lang='grc'>42</span> <span class='ocrx_word' id='word_1_87' title='bbox 672 1428 738 1484; x_wconf 86' lang='grc' dir='ltr'>Ει</span> <span class='ocrx_word' id='word_1_88' title='bbox 788 1437 1062 1483; x_wconf 90' lang='lat' dir='ltr'><strong>mortuum</strong></span> <span class='ocrx_word' id='word_1_89' title='bbox 1097 1444 1206 1483; x_wconf 92' lang='lat' dir='ltr'>non</span> <span class='ocrx_word' id='word_1_90' title='bbox 1259 1435 1566 1483; x_wconf 86' lang='lat' dir='ltr'><strong>manentem</strong></span> <span class='ocrx_word' id='word_1_91' title='bbox 1618 1429 1672 1481; x_wconf 93' lang='lat' dir='ltr'>in</span> <span class='ocrx_word' id='word_1_92' title='bbox 1714 1428 2018 1498; x_wconf 74' lang='lat' dir='ltr'><strong>lapidosum</strong></span> 
     </span>
    </p>
   </div>
   <div class='ocr_carea' id='block_1_16' title="bbox 444 1519 2016 1588">
    <p class='ocr_par' dir='ltr' id='par_1_16' title="bbox 444 1519 2016 1588">
     <span class='ocr_line' id='line_1_16' title="bbox 444 1519 2016 1588; baseline -0.003 -13"><span class='ocrx_word' id='word_1_93' title='bbox 444 1520 626 1588; x_wconf 82' lang='lat' dir='ltr'><strong>posuit</strong></span> <span class='ocrx_word' id='word_1_94' title='bbox 661 1519 916 1573; x_wconf 88' lang='lat' dir='ltr'><strong>humilem</strong></span> <span class='ocrx_word' id='word_1_95' title='bbox 956 1521 1176 1584; x_wconf 90' lang='lat' dir='ltr'><strong>lectum,</strong></span> <span class='ocrx_word' id='word_1_96' title='bbox 1229 1519 1503 1573; x_wconf 72' lang='lat' dir='ltr'><strong>Morinum</strong></span> <span class='ocrx_word' id='word_1_97' title='bbox 1560 1534 1780 1587; x_wconf 85' lang='lat' dir='ltr'><strong>semper</strong></span> <span class='ocrx_word' id='word_1_98' title='bbox 1810 1520 2016 1583; x_wconf 89' lang='lat' dir='ltr'><strong>vivum,</strong></span> 
     </span>
    </p>
   </div>
   <div class='ocr_carea' id='block_1_17' title="bbox 443 1608 2017 1679">
    <p class='ocr_par' dir='ltr' id='par_1_17' title="bbox 443 1608 2017 1679">
     <span class='ocr_line' id='line_1_17' title="bbox 443 1608 2017 1679; baseline 0.003 -18"><span class='ocrx_word' id='word_1_99' title='bbox 443 1609 755 1664; x_wconf 85' lang='lat' dir='ltr'><strong>triduanum</strong></span> <span class='ocrx_word' id='word_1_100' title='bbox 795 1610 848 1662; x_wconf 89' lang='lat' dir='ltr'>iu</span> <span class='ocrx_word' id='word_1_101' title='bbox 884 1609 1114 1672; x_wconf 88' lang='lat' dir='ltr'><strong>tumulo,</strong></span> <span class='ocrx_word' id='word_1_102' title='bbox 1151 1608 1233 1663; x_wconf 85' lang='lat' dir='ltr'><strong>Ad</strong></span> <span class='ocrx_word' id='word_1_103' title='bbox 1255 1610 1567 1679; x_wconf 81' lang='lat' dir='ltr'><strong>sepulcrum</strong></span> <span class='ocrx_word' id='word_1_104' title='bbox 1602 1609 1716 1663; x_wconf 90' lang='lat' dir='ltr'><strong>suis</strong></span> <span class='ocrx_word' id='word_1_105' title='bbox 1743 1609 2017 1665; x_wconf 80' lang='lat' dir='ltr'><strong>radicibus</strong></span> 
     </span>
    </p>
   </div>
   <div class='ocr_carea' id='block_1_18' title="bbox 443 1697 2014 1770">
    <p class='ocr_par' dir='ltr' id='par_1_18' title="bbox 443 1697 2014 1770">
     <span class='ocr_line' id='line_1_18' title="bbox 443 1697 2014 1770; baseline 0.001 -17"><span class='ocrx_word' id='word_1_106' title='bbox 443 1699 706 1763; x_wconf 85' lang='lat' dir='ltr'><strong>innitens,</strong></span> <span class='ocrx_word' id='word_1_107' title='bbox 741 1714 848 1753; x_wconf 91' lang='lat' dir='ltr'>non</span> <span class='ocrx_word' id='word_1_108' title='bbox 882 1697 1228 1753; x_wconf 85' lang='lat' dir='ltr'><strong>testiﬁcatum</strong></span> <span class='ocrx_word' id='word_1_109' title='bbox 1257 1714 1395 1768; x_wconf 90' lang='lat' dir='ltr'><strong>opus</strong></span> <span class='ocrx_word' id='word_1_110' title='bbox 1423 1707 1612 1753; x_wconf 80' lang='lat' dir='ltr'><strong>texens</strong></span> <span class='ocrx_word' id='word_1_111' title='bbox 1654 1717 1668 1752; x_wconf 87' lang='lat'><strong>:</strong></span> <span class='ocrx_word' id='word_1_112' title='bbox 1701 1698 1840 1764; x_wconf 86' lang='lat' dir='ltr'><strong>Quia</strong></span> <span class='ocrx_word' id='word_1_113' title='bbox 1873 1700 2014 1770; x_wconf 88' lang='lat' dir='ltr'><strong>apud</strong></span> 
     </span>
    </p>
   </div>
   <div class='ocr_carea' id='block_1_19' title="bbox 2127 516 3363 590">
    <p class='ocr_par' dir='ltr' id='par_1_19' title="bbox 2127 516 3363 590">
     <span class='ocr_line' id='line_1_19' title="bbox 2127 516 3363 590; baseline 0 -20"><span class='ocrx_word' id='word_1_114' title='bbox 2127 519 2311 588; x_wconf 78' lang='grc' dir='ltr'>Σῶμα,</span> <span class='ocrx_word' id='word_1_115' title='bbox 2345 517 2702 587; x_wconf 83' lang='grc' dir='ltr'>πολυπλέκτῳ</span> <span class='ocrx_word' id='word_1_116' title='bbox 2730 516 3142 571; x_wconf 75' lang='grc' dir='ltr'>ἑλίκωνιεὺὡδεϊ</span> <span class='ocrx_word' id='word_1_117' title='bbox 3162 519 3363 590; x_wconf 80' lang='grc' dir='ltr'>δεσμῷ,</span> 
     </span>
    </p>
   </div>
   <div class='ocr_carea' id='block_1_20' title="bbox 2134 609 3560 681">
    <p class='ocr_par' dir='ltr' id='par_1_20' title="bbox 2134 609 3560 681">
     <span class='ocr_line' id='line_1_20' title="bbox 2134 609 3560 681; baseline 0.004 -20"><span class='ocrx_word' id='word_1_118' title='bbox 2134 609 2222 672; x_wconf 83' lang='grc' dir='ltr'>Ὠς</span> <span class='ocrx_word' id='word_1_119' title='bbox 2249 609 2370 672; x_wconf 84' lang='grc' dir='ltr'>ἔθος</span> <span class='ocrx_word' id='word_1_120' title='bbox 2408 609 2678 680; x_wconf 83' lang='grc' dir='ltr'>Ἑϐραίοις</span> <span class='ocrx_word' id='word_1_121' title='bbox 2699 609 3000 680; x_wconf 82' lang='grc' dir='ltr'>ἐπιτύμϐια</span> <span class='ocrx_word' id='word_1_122' title='bbox 3029 610 3206 681; x_wconf 73' lang='grc' dir='ltr'>θεσμὰ</span> <span class='ocrx_word' id='word_1_123' title='bbox 3249 612 3560 680; x_wconf 76' lang='grc' dir='ltr'>φυλάσσειν.</span> 
     </span>
    </p>
   </div>
   <div class='ocr_carea' id='block_1_21' title="bbox 2121 695 3674 777">
    <p class='ocr_par' dir='ltr' id='par_1_21' title="bbox 2121 695 3674 777">
     <span class='ocr_line' id='line_1_21' title="bbox 2121 695 3674 777; baseline 0.004 -25"><span class='ocrx_word' id='word_1_124' title='bbox 2121 699 2182 752; x_wconf 75' lang='grc'>41</span> <span class='ocrx_word' id='word_1_125' title='bbox 2217 695 2324 752; x_wconf 66' lang='grc' dir='ltr'>τΗν</span> <span class='ocrx_word' id='word_1_126' title='bbox 2345 701 2401 753; x_wconf 93' lang='grc' dir='ltr'>δέ</span> <span class='ocrx_word' id='word_1_127' title='bbox 2435 719 2518 764; x_wconf 88' lang='grc' dir='ltr'>τις</span> <span class='ocrx_word' id='word_1_128' title='bbox 2543 700 2731 754; x_wconf 80' lang='grc' dir='ltr'>αὐτόθι</span> <span class='ocrx_word' id='word_1_129' title='bbox 2762 701 2966 772; x_wconf 75' lang='grc' dir='ltr'>τύμϐος</span> <span class='ocrx_word' id='word_1_130' title='bbox 3001 703 3308 774; x_wconf 81' lang='grc' dir='ltr'>ἀερσιλόφῳ</span> <span class='ocrx_word' id='word_1_131' title='bbox 3333 705 3482 774; x_wconf 83' lang='grc' dir='ltr'>παρὰ</span> <span class='ocrx_word' id='word_1_132' title='bbox 3514 706 3674 777; x_wconf 77' lang='grc' dir='ltr'>χώρῳ,</span> 
     </span>
    </p>
   </div>
   <div class='ocr_carea' id='block_1_22' title="bbox 2123 788 3365 863">
    <p class='ocr_par' dir='ltr' id='par_1_22' title="bbox 2123 788 3365 863">
     <span class='ocr_line' id='line_1_22' title="bbox 2123 788 3365 863; baseline 0.005 -22"><span class='ocrx_word' id='word_1_133' title='bbox 2123 788 2356 861; x_wconf 76' lang='grc' dir='ltr'>Χριστὺν</span> <span class='ocrx_word' id='word_1_134' title='bbox 2390 791 2495 862; x_wconf 84' lang='grc' dir='ltr'>ὅπη</span> <span class='ocrx_word' id='word_1_135' title='bbox 2534 796 2785 862; x_wconf 89' lang='grc' dir='ltr'>σταυροῖο</span> <span class='ocrx_word' id='word_1_136' title='bbox 2819 793 3214 862; x_wconf 81' lang='grc' dir='ltr'>συνεκλήῖσσαν</span> <span class='ocrx_word' id='word_1_137' title='bbox 3241 796 3365 863; x_wconf 76' lang='grc' dir='ltr'>ὸχῆῐ</span> 
     </span>
    </p>
   </div>
   <div class='ocr_carea' id='block_1_23' title="bbox 2121 880 3532 956">
    <p class='ocr_par' dir='ltr' id='par_1_23' title="bbox 2121 880 3532 956">
     <span class='ocr_line' id='line_1_23' title="bbox 2121 880 3532 956; baseline 0.004 -24"><span class='ocrx_word' id='word_1_138' title='bbox 2121 880 2306 952; x_wconf 85' lang='grc' dir='ltr'>Νηλὴς</span> <span class='ocrx_word' id='word_1_139' title='bbox 2340 881 2530 952; x_wconf 75' lang='grc' dir='ltr'>ἐχθρὸς</span> <span class='ocrx_word' id='word_1_140' title='bbox 2561 883 2749 953; x_wconf 80' lang='grc' dir='ltr'>ὅμιλος</span> <span class='ocrx_word' id='word_1_141' title='bbox 2769 899 2782 916; x_wconf 93' lang='grc'>·</span> <span class='ocrx_word' id='word_1_142' title='bbox 2825 883 2919 954; x_wconf 80' lang='grc' dir='ltr'>ἔην</span> <span class='ocrx_word' id='word_1_143' title='bbox 2948 883 2991 936; x_wconf 78' lang='grc' dir='ltr'>δ’</span> <span class='ocrx_word' id='word_1_144' title='bbox 3021 884 3100 937; x_wconf 73' lang='grc' dir='ltr'>ἐνὶ</span> <span class='ocrx_word' id='word_1_145' title='bbox 3135 885 3335 952; x_wconf 87' lang='grc' dir='ltr'>γείτονι</span> <span class='ocrx_word' id='word_1_146' title='bbox 3370 886 3532 956; x_wconf 80' lang='grc' dir='ltr'>κήπῳ</span> 
     </span>
    </p>
   </div>
   <div class='ocr_carea' id='block_1_24' title="bbox 2121 970 3467 1045">
    <p class='ocr_par' dir='ltr' id='par_1_24' title="bbox 2121 970 3467 1045">
     <span class='ocr_line' id='line_1_24' title="bbox 2121 970 3467 1045; baseline 0.004 -23"><span class='ocrx_word' id='word_1_147' title='bbox 2121 970 2338 1041; x_wconf 71' lang='grc' dir='ltr'>ἰ’ύμϐος</span> <span class='ocrx_word' id='word_1_148' title='bbox 2365 971 2676 1044; x_wconf 79' lang='grc' dir='ltr'>άδωμήτοιο</span> <span class='ocrx_word' id='word_1_149' title='bbox 2696 971 3066 1044; x_wconf 86' lang='grc' dir='ltr'>βαθυνομένης</span> <span class='ocrx_word' id='word_1_150' title='bbox 3100 975 3208 1028; x_wconf 74' lang='grc' dir='ltr'>ἀπὸ</span> <span class='ocrx_word' id='word_1_151' title='bbox 3237 976 3467 1045; x_wconf 78' lang='grc' dir='ltr'>πέτρης,</span> 
     </span>
    </p>
   </div>
   <div class='ocr_carea' id='block_1_25' title="bbox 2121 1062 3560 1136">
    <p class='ocr_par' dir='ltr' id='par_1_25' title="bbox 2121 1062 3560 1136">
     <span class='ocr_line' id='line_1_25' title="bbox 2121 1062 3560 1136; baseline 0.003 -23"><span class='ocrx_word' id='word_1_152' title='bbox 2121 1062 2361 1126; x_wconf 82' lang='grc' dir='ltr'>Γλυπτὸς</span> <span class='ocrx_word' id='word_1_153' title='bbox 2387 1063 2507 1126; x_wconf 85' lang='grc' dir='ltr'>ὅλος</span> <span class='ocrx_word' id='word_1_154' title='bbox 2540 1064 2853 1128; x_wconf 80' lang='grc' dir='ltr'>νεότευκτος</span> <span class='ocrx_word' id='word_1_155' title='bbox 2875 1082 2889 1094; x_wconf 93' lang='grc'><strong>·</strong></span> <span class='ocrx_word' id='word_1_156' title='bbox 2925 1066 2982 1118; x_wconf 90' lang='grc' dir='ltr'>ἐν</span> <span class='ocrx_word' id='word_1_157' title='bbox 3017 1065 3263 1134; x_wconf 83' lang='grc' dir='ltr'>εὐλάῖγγι</span> <span class='ocrx_word' id='word_1_158' title='bbox 3287 1066 3342 1119; x_wconf 73' lang='grc' dir='ltr'>δὲ</span> <span class='ocrx_word' id='word_1_159' title='bbox 3372 1065 3560 1136; x_wconf 80' lang='grc' dir='ltr'>τύμϐῳ</span> 
     </span>
    </p>
   </div>
   <div class='ocr_carea' id='block_1_26' title="bbox 2120 1154 3518 1228">
    <p class='ocr_par' dir='ltr' id='par_1_26' title="bbox 2120 1154 3518 1228">
     <span class='ocr_line' id='line_1_26' title="bbox 2120 1154 3518 1228; baseline 0.003 -20"><span class='ocrx_word' id='word_1_160' title='bbox 2120 1154 2286 1208; x_wconf 80' lang='grc' dir='ltr'>Ούπω</span> <span class='ocrx_word' id='word_1_161' title='bbox 2318 1155 2509 1227; x_wconf 84' lang='grc' dir='ltr'>νεκρὸς</span> <span class='ocrx_word' id='word_1_162' title='bbox 2537 1156 2713 1210; x_wconf 79' lang='grc' dir='ltr'>ἔκειτο</span> <span class='ocrx_word' id='word_1_163' title='bbox 2739 1158 2908 1228; x_wconf 77' lang='grc' dir='ltr'>χυτῆς</span> <span class='ocrx_word' id='word_1_164' title='bbox 2940 1157 3214 1228; x_wconf 85' lang='grc' dir='ltr'>ψαμάθοιο</span> <span class='ocrx_word' id='word_1_165' title='bbox 3246 1161 3487 1228; x_wconf 79' lang='grc' dir='ltr'>τυχήσας</span> <span class='ocrx_word' id='word_1_166' title='bbox 3507 1175 3518 1187; x_wconf 89' lang='grc'><strong>·</strong></span> 
     </span>
    </p>
   </div>
   <div class='ocr_carea' id='block_1_27' title="bbox 2132 1246 3490 1320">
    <p class='ocr_par' dir='ltr' id='par_1_27' title="bbox 2132 1246 3490 1320">
     <span class='ocr_line' id='line_1_27' title="bbox 2132 1246 3490 1320; baseline 0.002 -22"><span class='ocrx_word' id='word_1_167' title='bbox 2132 1246 2292 1298; x_wconf 77' lang='grc' dir='ltr'>Ἀλλὰ</span> <span class='ocrx_word' id='word_1_168' title='bbox 2321 1247 2492 1316; x_wconf 81' lang='grc' dir='ltr'>τάφου</span> <span class='ocrx_word' id='word_1_169' title='bbox 2525 1248 2785 1320; x_wconf 84' lang='grc' dir='ltr'>καθαροῖο</span> <span class='ocrx_word' id='word_1_170' title='bbox 2816 1249 3000 1316; x_wconf 84' lang='grc' dir='ltr'>φυτῶν</span> <span class='ocrx_word' id='word_1_171' title='bbox 3028 1249 3320 1319; x_wconf 79' lang='grc' dir='ltr'>ἐπικήπιος</span> <span class='ocrx_word' id='word_1_172' title='bbox 3346 1249 3490 1320; x_wconf 79' lang='grc' dir='ltr'>αῦρη</span> 
     </span>
    </p>
   </div>
   <div class='ocr_carea' id='block_1_28' title="bbox 2119 1341 3426 1415">
    <p class='ocr_par' dir='ltr' id='par_1_28' title="bbox 2119 1341 3426 1415">
     <span class='ocr_line' id='line_1_28' title="bbox 2119 1341 3426 1415; baseline 0.014 -23"><span class='ocrx_word' id='word_1_173' title='bbox 2119 1341 2310 1412; x_wconf 87' lang='grc' dir='ltr'>Χῶρον</span> <span class='ocrx_word' id='word_1_174' title='bbox 2337 1341 2709 1414; x_wconf 78' lang='grc' dir='ltr'>ἀνερρίπιζεν,</span> <span class='ocrx_word' id='word_1_175' title='bbox 2744 1343 2851 1414; x_wconf 84' lang='grc' dir='ltr'>ὅπη</span> <span class='ocrx_word' id='word_1_176' title='bbox 2877 1343 3180 1415; x_wconf 72' lang='grc' dir='ltr'>ταλαεργὸς</span> <span class='ocrx_word' id='word_1_177' title='bbox 3227 1343 3426 1415; x_wconf 70' lang='grc' dir='ltr'>Ἰωσὴφ</span> 
     </span>
    </p>
   </div>
   <div class='ocr_carea' id='block_1_29' title="bbox 2131 1433 3353 1506">
    <p class='ocr_par' dir='ltr' id='par_1_29' title="bbox 2131 1433 3353 1506">
     <span class='ocr_line' id='line_1_29' title="bbox 2131 1433 3353 1506; baseline 0.002 -21"><span class='ocrx_word' id='word_1_178' title='bbox 2131 1433 2338 1503; x_wconf 82' lang='grc' dir='ltr'>Ἰησοῦν</span> <span class='ocrx_word' id='word_1_179' title='bbox 2362 1434 2649 1504; x_wconf 80' lang='grc' dir='ltr'>ἐκόμισσεν</span> <span class='ocrx_word' id='word_1_180' title='bbox 2677 1434 2751 1505; x_wconf 81' lang='grc' dir='ltr'>ἐῷ</span> <span class='ocrx_word' id='word_1_181' title='bbox 2785 1435 3168 1506; x_wconf 78' lang='grc' dir='ltr'>πεφορημένον</span> <span class='ocrx_word' id='word_1_182' title='bbox 3197 1435 3353 1506; x_wconf 78' lang='grc' dir='ltr'>ὤμῳ.</span> 
     </span>
    </p>
   </div>
   <div class='ocr_carea' id='block_1_30' title="bbox 2118 1517 3615 1595">
    <p class='ocr_par' dir='ltr' id='par_1_30' title="bbox 2118 1517 3615 1595">
     <span class='ocr_line' id='line_1_30' title="bbox 2118 1517 3615 1595; baseline 0.008 -24"><span class='ocrx_word' id='word_1_183' title='bbox 2118 1517 2188 1571; x_wconf 71' lang='grc'>42</span> <span class='ocrx_word' id='word_1_184' title='bbox 2215 1519 2326 1572; x_wconf 74' lang='grc' dir='ltr'>Καὶ</span> <span class='ocrx_word' id='word_1_185' title='bbox 2353 1519 2515 1572; x_wconf 82' lang='grc' dir='ltr'>νέκυν</span> <span class='ocrx_word' id='word_1_186' title='bbox 2548 1522 2609 1574; x_wconf 87' lang='grc' dir='ltr'>ού</span> <span class='ocrx_word' id='word_1_187' title='bbox 2645 1523 2911 1592; x_wconf 85' lang='grc' dir='ltr'>μίμνοντα</span> <span class='ocrx_word' id='word_1_188' title='bbox 2948 1521 3161 1575; x_wconf 83' lang='grc' dir='ltr'>λιθώδεῖ</span> <span class='ocrx_word' id='word_1_189' title='bbox 3193 1523 3326 1593; x_wconf 81' lang='grc' dir='ltr'>θῆκε</span> <span class='ocrx_word' id='word_1_190' title='bbox 3355 1525 3615 1595; x_wconf 73' lang='grc' dir='ltr'>χαμεύνῃ,</span> 
     </span>
    </p>
   </div>
   <div class='ocr_carea' id='block_1_31' title="bbox 2118 1611 3485 1686">
    <p class='ocr_par' dir='ltr' id='par_1_31' title="bbox 2118 1611 3485 1686">
     <span class='ocr_line' id='line_1_31' title="bbox 2118 1611 3485 1686; baseline 0.004 -24"><span class='ocrx_word' id='word_1_191' title='bbox 2118 1611 2328 1682; x_wconf 74' lang='grc' dir='ltr'>Νεκρον</span> <span class='ocrx_word' id='word_1_192' title='bbox 2359 1611 2674 1677; x_wconf 77' lang='grc' dir='ltr'>ἀειζώοντα,</span> <span class='ocrx_word' id='word_1_193' title='bbox 2705 1616 3002 1686; x_wconf 80' lang='grc' dir='ltr'>τριήμερον</span> <span class='ocrx_word' id='word_1_194' title='bbox 3049 1615 3220 1668; x_wconf 78' lang='grc' dir='ltr'>ἔνδοθι</span> <span class='ocrx_word' id='word_1_195' title='bbox 3250 1615 3485 1685; x_wconf 76' lang='grc' dir='ltr'>τύμϐου,</span> 
     </span>
    </p>
   </div>
   <div class='ocr_carea' id='block_1_32' title="bbox 2119 1702 3618 1777">
    <p class='ocr_par' dir='ltr' id='par_1_32' title="bbox 2119 1702 3618 1777">
     <span class='ocr_line' id='line_1_32' title="bbox 2119 1702 3618 1777; baseline -0.011 -5"><span class='ocrx_word' id='word_1_196' title='bbox 2119 1702 2274 1771; x_wconf 74' lang='grc' dir='ltr'>Σῆμα</span> <span class='ocrx_word' id='word_1_197' title='bbox 2298 1702 2428 1774; x_wconf 83' lang='grc' dir='ltr'>παρ’</span> <span class='ocrx_word' id='word_1_198' title='bbox 2455 1703 2795 1775; x_wconf 70' lang='grc' dir='ltr'>αὖτόρῤιξον,</span> <span class='ocrx_word' id='word_1_199' title='bbox 2825 1704 3139 1777; x_wconf 78' lang='grc' dir='ltr'>ἀμάρτυρον</span> <span class='ocrx_word' id='word_1_200' title='bbox 3170 1705 3327 1775; x_wconf 80' lang='grc' dir='ltr'>ἔργον</span> <span class='ocrx_word' id='word_1_201' title='bbox 3355 1705 3586 1774; x_wconf 75' lang='grc' dir='ltr'>ὑφαίνων</span> <span class='ocrx_word' id='word_1_202' title='bbox 3607 1723 3618 1734; x_wconf 88' lang='grc'>·</span> 
     </span>
    </p>
   </div>
   <div class='ocr_carea' id='block_1_33' title="bbox 441 1784 2014 1870">
    <p class='ocr_par' dir='ltr' id='par_1_33' title="bbox 441 1790 2011 1855">
     <span class='ocr_line' id='line_1_33' title="bbox 441 1790 2011 1855; baseline 0.001 -12"><span class='ocrx_word' id='word_1_203' title='bbox 441 1790 661 1846; x_wconf 71' lang='lat' dir='ltr'><strong>.Iudzeos</strong></span> <span class='ocrx_word' id='word_1_204' title='bbox 690 1791 993 1845; x_wconf 74' lang='lat' dir='ltr'><strong>observata:</strong></span> <span class='ocrx_word' id='word_1_205' title='bbox 1033 1806 1257 1846; x_wconf 69' lang='lat' dir='ltr'><strong>cursum</strong></span> <span class='ocrx_word' id='word_1_206' title='bbox 1315 1791 1484 1855; x_wconf 72' lang='lat' dir='ltr'><strong>bone,</strong></span> <span class='ocrx_word' id='word_1_207' title='bbox 1519 1790 1767 1845; x_wconf 77' lang='lat' dir='ltr'><strong>Vicinam</strong></span> <span class='ocrx_word' id='word_1_208' title='bbox 1797 1800 2011 1846; x_wconf 88' lang='lat' dir='ltr'><strong>noctem</strong></span> 
     </span>
    </p>
   </div>
   <div class='ocr_carea' id='block_1_34' title="bbox 2133 1784 3614 1870">
    <p class='ocr_par' dir='ltr' id='par_1_34' title="bbox 2133 1794 3614 1870">
     <span class='ocr_line' id='line_1_34' title="bbox 2133 1794 3614 1870; baseline 0.003 -24"><span class='ocrx_word' id='word_1_209' title='bbox 2133 1794 2270 1847; x_wconf 84' lang='grc' dir='ltr'>Ὀττι</span> <span class='ocrx_word' id='word_1_210' title='bbox 2294 1797 2423 1866; x_wconf 88' lang='grc' dir='ltr'>παρ’</span> <span class='ocrx_word' id='word_1_211' title='bbox 2467 1795 2764 1866; x_wconf 85' lang='grc' dir='ltr'>Ἑϐραίοισι</span> <span class='ocrx_word' id='word_1_212' title='bbox 2795 1797 3208 1870; x_wconf 82' lang='grc' dir='ltr'>φυλασσομένης</span> <span class='ocrx_word' id='word_1_213' title='bbox 3237 1796 3442 1869; x_wconf 87' lang='grc' dir='ltr'>δρόμον</span> <span class='ocrx_word' id='word_1_214' title='bbox 3459 1796 3614 1868; x_wconf 84' lang='grc' dir='ltr'>ὦρης,</span> 
     </span>
    </p>
   </div>
   <div class='ocr_carea' id='block_1_35' title="bbox 445 1881 2015 1953">
    <p class='ocr_par' dir='ltr' id='par_1_35' title="bbox 445 1881 2015 1953">
     <span class='ocr_line' id='line_1_35' title="bbox 445 1881 2015 1953; baseline 0.001 -18"><span class='ocrx_word' id='word_1_215' title='bbox 445 1881 626 1936; x_wconf 80' lang='lat' dir='ltr'><strong>ferens</strong></span> <span class='ocrx_word' id='word_1_216' title='bbox 652 1882 864 1936; x_wconf 89' lang='lat' dir='ltr'><strong>initium</strong></span> <span class='ocrx_word' id='word_1_217' title='bbox 915 1883 1127 1937; x_wconf 83' lang='lat' dir='ltr'><strong>sabbati</strong></span> <span class='ocrx_word' id='word_1_218' title='bbox 1178 1883 1421 1938; x_wconf 90' lang='lat' dir='ltr'><strong>cucurrit</strong></span> <span class='ocrx_word' id='word_1_219' title='bbox 1465 1898 1662 1937; x_wconf 87' lang='lat' dir='ltr'><strong>aurora</strong></span> <span class='ocrx_word' id='word_1_220' title='bbox 1698 1902 1710 1936; x_wconf 93' lang='lat'><strong>:</strong></span> <span class='ocrx_word' id='word_1_221' title='bbox 1754 1883 1918 1953; x_wconf 70' lang='lat'>208</span> <span class='ocrx_word' id='word_1_222' title='bbox 1951 1883 2015 1938; x_wconf 87' lang='lat' dir='ltr'>Et</span> 
     </span>
    </p>
   </div>
   <div class='ocr_carea' id='block_1_36' title="bbox 443 1971 2010 2045">
    <p class='ocr_par' dir='ltr' id='par_1_36' title="bbox 443 1971 2010 2045">
     <span class='ocr_line' id='line_1_36' title="bbox 443 1971 2010 2045; baseline 0.001 -19"><span class='ocrx_word' id='word_1_223' title='bbox 443 1987 636 2028; x_wconf 88' lang='lat' dir='ltr'><strong>rursus</strong></span> <span class='ocrx_word' id='word_1_224' title='bbox 653 1972 872 2027; x_wconf 89' lang='lat' dir='ltr'><strong>domum</strong></span> <span class='ocrx_word' id='word_1_225' title='bbox 893 1972 1181 2029; x_wconf 88' lang='lat' dir='ltr'><strong>ivitlatens</strong></span> <span class='ocrx_word' id='word_1_226' title='bbox 1205 1973 1770 2045; x_wconf 86' lang='lat' dir='ltr'><strong>incomprehensibilis</strong></span> <span class='ocrx_word' id='word_1_227' title='bbox 1791 1971 2010 2044; x_wconf 84' lang='lat' dir='ltr'><strong>Joscph.</strong></span> 
     </span>
    </p>
   </div>
   <div class='ocr_carea' id='block_1_37' title="bbox 1080 2085 1380 2142">
    <p class='ocr_par' dir='ltr' id='par_1_37' title="bbox 1080 2085 1380 2142">
     <span class='ocr_line' id='line_1_37' title="bbox 1080 2085 1380 2142; baseline 0 0"><span class='ocrx_word' id='word_1_228' title='bbox 1080 2085 1233 2142; x_wconf 82' lang='lat' dir='ltr'>CAP.</span> <span class='ocrx_word' id='word_1_229' title='bbox 1261 2085 1380 2142; x_wconf 83' lang='grc' dir='ltr'>ΧΧ.</span> 
     </span>
    </p>
   </div>
   <div class='ocr_carea' id='block_1_38' title="bbox 515 2174 2014 2247">
    <p class='ocr_par' dir='ltr' id='par_1_38' title="bbox 515 2174 2014 2247">
     <span class='ocr_line' id='line_1_38' title="bbox 515 2174 2014 2247; baseline 0.002 -18"><span class='ocrx_word' id='word_1_230' title='bbox 515 2177 541 2229; x_wconf 87' lang='grc'><strong>1</strong></span> <span class='ocrx_word' id='word_1_231' title='bbox 576 2174 694 2230; x_wconf 90' lang='lat' dir='ltr'>Una</span> <span class='ocrx_word' id='word_1_232' title='bbox 729 2185 912 2231; x_wconf 83' lang='lat' dir='ltr'><strong>autem</strong></span> <span class='ocrx_word' id='word_1_233' title='bbox 949 2188 1306 2247; x_wconf 70' lang='lat' dir='ltr'><strong>praevertente</strong></span> <span class='ocrx_word' id='word_1_234' title='bbox 1339 2185 1460 2247; x_wconf 90' lang='lat' dir='ltr'><strong>post</strong></span> <span class='ocrx_word' id='word_1_235' title='bbox 1491 2176 1788 2233; x_wconf 78' lang='lat' dir='ltr'><strong>Sablratum</strong></span> <span class='ocrx_word' id='word_1_236' title='bbox 1817 2193 2014 2232; x_wconf 85' lang='lat' dir='ltr'><strong>aurora</strong></span> 
     </span>
    </p>
   </div>
   <div class='ocr_carea' id='block_1_39' title="bbox 443 2265 2013 2339">
    <p class='ocr_par' dir='ltr' id='par_1_39' title="bbox 443 2265 2013 2339">
     <span class='ocr_line' id='line_1_39' title="bbox 443 2265 2013 2339; baseline 0.001 -19"><span class='ocrx_word' id='word_1_237' title='bbox 443 2265 756 2337; x_wconf 79' lang='lat' dir='ltr'><strong>Magdalena</strong></span> <span class='ocrx_word' id='word_1_238' title='bbox 778 2267 945 2322; x_wconf 83' lang='lat' dir='ltr'><strong>Maria</strong></span> <span class='ocrx_word' id='word_1_239' title='bbox 965 2269 1189 2338; x_wconf 82' lang='lat' dir='ltr'><strong>lugubre</strong></span> <span class='ocrx_word' id='word_1_240' title='bbox 1216 2285 1380 2339; x_wconf 86' lang='lat' dir='ltr'><strong>prope</strong></span> <span class='ocrx_word' id='word_1_241' title='bbox 1399 2270 1665 2323; x_wconf 90' lang='lat' dir='ltr'><strong>tumulum</strong></span> <span class='ocrx_word' id='word_1_242' title='bbox 1692 2269 2013 2324; x_wconf 81' lang='lat' dir='ltr'><strong>Matutinum</strong></span> 
     </span>
    </p>
   </div>
   <div class='ocr_carea' id='block_1_40' title="bbox 442 2358 2018 2430">
    <p class='ocr_par' dir='ltr' id='par_1_40' title="bbox 442 2358 2018 2430">
     <span class='ocr_line' id='line_1_40' title="bbox 442 2358 2018 2430; baseline 0.003 -19"><span class='ocrx_word' id='word_1_243' title='bbox 442 2360 732 2428; x_wconf 78' lang='lat' dir='ltr'><strong>vestigium</strong></span> <span class='ocrx_word' id='word_1_244' title='bbox 767 2358 934 2425; x_wconf 80' lang='lat' dir='ltr'><strong>ﬂexit,</strong></span> <span class='ocrx_word' id='word_1_245' title='bbox 971 2360 1192 2430; x_wconf 88' lang='lat' dir='ltr'><strong>quando</strong></span> <span class='ocrx_word' id='word_1_246' title='bbox 1217 2360 1528 2414; x_wconf 87' lang='lat' dir='ltr'><strong>umbrosam</strong></span> <span class='ocrx_word' id='word_1_247' title='bbox 1551 2376 1645 2429; x_wconf 85' lang='lat' dir='ltr'>per</span> <span class='ocrx_word' id='word_1_248' title='bbox 1683 2369 1884 2415; x_wconf 87' lang='lat' dir='ltr'><strong>terram</strong></span> <span class='ocrx_word' id='word_1_249' title='bbox 1917 2360 2018 2415; x_wconf 88' lang='lat' dir='ltr'><strong>No-</strong></span> 
     </span>
    </p>
   </div>
   <div class='ocr_carea' id='block_1_41' title="bbox 441 2451 2016 2521">
    <p class='ocr_par' dir='ltr' id='par_1_41' title="bbox 441 2451 2016 2521">
     <span class='ocr_line' id='line_1_41' title="bbox 441 2451 2016 2521; baseline 0.003 -19"><span class='ocrx_word' id='word_1_250' title='bbox 441 2459 534 2504; x_wconf 81' lang='lat' dir='ltr'>ctu</span> <span class='ocrx_word' id='word_1_251' title='bbox 572 2465 842 2520; x_wconf 80' lang='lat' dir='ltr'><strong>apparens</strong></span> <span class='ocrx_word' id='word_1_252' title='bbox 874 2467 982 2506; x_wconf 88' lang='lat' dir='ltr'>non</span> <span class='ocrx_word' id='word_1_253' title='bbox 1019 2452 1230 2521; x_wconf 81' lang='lat' dir='ltr'><strong>signata</strong></span> <span class='ocrx_word' id='word_1_254' title='bbox 1255 2451 1522 2506; x_wconf 83' lang='lat' dir='ltr'><strong>matutina</strong></span> <span class='ocrx_word' id='word_1_255' title='bbox 1545 2453 1716 2507; x_wconf 83' lang='lat' dir='ltr'><strong>iverat</strong></span> <span class='ocrx_word' id='word_1_256' title='bbox 1741 2452 2016 2520; x_wconf 88' lang='lat' dir='ltr'><strong>stella;Et</strong></span> 
     </span>
    </p>
   </div>
   <div class='ocr_carea' id='block_1_42' title="bbox 444 2541 2013 2614">
    <p class='ocr_par' dir='ltr' id='par_1_42' title="bbox 444 2541 2013 2614">
     <span class='ocr_line' id='line_1_42' title="bbox 444 2541 2013 2614; baseline 0.004 -21"><span class='ocrx_word' id='word_1_257' title='bbox 444 2541 678 2610; x_wconf 88' lang='lat' dir='ltr'><strong>lapidem</strong></span> <span class='ocrx_word' id='word_1_258' title='bbox 717 2542 954 2596; x_wconf 86' lang='lat' dir='ltr'><strong>li-minari</strong></span> <span class='ocrx_word' id='word_1_259' title='bbox 981 2549 1345 2598; x_wconf 87' lang='lat' dir='ltr'><strong>transmotum</strong></span> <span class='ocrx_word' id='word_1_260' title='bbox 1386 2544 1453 2598; x_wconf 82' lang='lat' dir='ltr'>ab</span> <span class='ocrx_word' id='word_1_261' title='bbox 1479 2545 1622 2598; x_wconf 86' lang='lat' dir='ltr'><strong>ostio</strong></span> <span class='ocrx_word' id='word_1_262' title='bbox 1658 2543 1932 2614; x_wconf 80' lang='lat' dir='ltr'><strong>Ingentem</strong></span> <span class='ocrx_word' id='word_1_263' title='bbox 1959 2545 2013 2600; x_wconf 93' lang='lat' dir='ltr'>in</span> 
     </span>
    </p>
   </div>
   <div class='ocr_carea' id='block_1_43' title="bbox 444 2632 2014 2704">
    <p class='ocr_par' dir='ltr' id='par_1_43' title="bbox 444 2632 2014 2704">
     <span class='ocr_line' id='line_1_43' title="bbox 444 2632 2014 2704; baseline 0.003 -20"><span class='ocrx_word' id='word_1_264' title='bbox 444 2633 757 2703; x_wconf 83' lang='lat' dir='ltr'><strong>pavimento</strong></span> <span class='ocrx_word' id='word_1_265' title='bbox 803 2632 1128 2696; x_wconf 81' lang='lat' dir='ltr'><strong>revolutum,</strong></span> <span class='ocrx_word' id='word_1_266' title='bbox 1156 2633 1367 2702; x_wconf 88' lang='lat' dir='ltr'><strong>pondus</strong></span> <span class='ocrx_word' id='word_1_267' title='bbox 1395 2641 1577 2696; x_wconf 62' lang='lat' dir='ltr'><strong>tet-rat,</strong></span> <span class='ocrx_word' id='word_1_268' title='bbox 1607 2633 1672 2687; x_wconf 85' lang='lat' dir='ltr'><strong>Et</strong></span> <span class='ocrx_word' id='word_1_269' title='bbox 1701 2635 2014 2704; x_wconf 79' lang='lat' dir='ltr'><strong>sepulcrum</strong></span> 
     </span>
    </p>
   </div>
   <div class='ocr_carea' id='block_1_44' title="bbox 441 2721 2012 2795">
    <p class='ocr_par' dir='ltr' id='par_1_44' title="bbox 441 2721 2012 2795">
     <span class='ocr_line' id='line_1_44' title="bbox 441 2721 2012 2795; baseline 0.001 -19"><span class='ocrx_word' id='word_1_270' title='bbox 441 2723 590 2778; x_wconf 84' lang='lat' dir='ltr'><strong>videt</strong></span> <span class='ocrx_word' id='word_1_271' title='bbox 618 2723 840 2790; x_wconf 83' lang='lat' dir='ltr'><strong>nudum,</strong></span> <span class='ocrx_word' id='word_1_272' title='bbox 873 2737 979 2791; x_wconf 89' lang='lat' dir='ltr'>quo</span> <span class='ocrx_word' id='word_1_273' title='bbox 1010 2730 1242 2777; x_wconf 89' lang='lat' dir='ltr'><strong>onustus</strong></span> <span class='ocrx_word' id='word_1_274' title='bbox 1269 2721 1471 2793; x_wconf 79' lang='lat' dir='ltr'><strong>Joseph</strong></span> <span class='ocrx_word' id='word_1_275' title='bbox 1495 2723 1678 2778; x_wconf 82' lang='lat' dir='ltr'><strong>Jcsum</strong></span> <span class='ocrx_word' id='word_1_276' title='bbox 1711 2726 1764 2778; x_wconf 89' lang='lat' dir='ltr'>in</span> <span class='ocrx_word' id='word_1_277' title='bbox 1789 2741 2012 2795; x_wconf 86' lang='lat' dir='ltr'><strong>parvum</strong></span> 
     </span>
    </p>
   </div>
   <div class='ocr_carea' id='block_1_45' title="bbox 443 2815 2015 2884">
    <p class='ocr_par' dir='ltr' id='par_1_45' title="bbox 443 2815 2015 2884">
     <span class='ocr_line' id='line_1_45' title="bbox 443 2815 2015 2884; baseline 0.001 -15"><span class='ocrx_word' id='word_1_278' title='bbox 443 2831 732 2870; x_wconf 82' lang='lat' dir='ltr'><strong>arenosum</strong></span> <span class='ocrx_word' id='word_1_279' title='bbox 763 2815 946 2884; x_wconf 90' lang='lat' dir='ltr'><strong>posuit</strong></span> <span class='ocrx_word' id='word_1_280' title='bbox 995 2815 1251 2870; x_wconf 86' lang='lat' dir='ltr'><strong>humilem</strong></span> <span class='ocrx_word' id='word_1_281' title='bbox 1303 2815 1526 2872; x_wconf 87' lang='lat' dir='ltr'><strong>lectum.</strong></span> <span class='ocrx_word' id='word_1_282' title='bbox 1569 2816 1646 2871; x_wconf 88' lang='lat' dir='ltr'>lbi</span> <span class='ocrx_word' id='word_1_283' title='bbox 1682 2817 1878 2872; x_wconf 91' lang='lat' dir='ltr'><strong>mulier</strong></span> <span class='ocrx_word' id='word_1_284' title='bbox 1919 2831 2015 2871; x_wconf 90' lang='lat' dir='ltr'><strong>no-</strong></span> 
     </span>
    </p>
   </div>
   <div class='ocr_carea' id='block_1_46' title="bbox 440 2907 2012 2976">
    <p class='ocr_par' dir='ltr' id='par_1_46' title="bbox 440 2907 2012 2976">
     <span class='ocr_line' id='line_1_46' title="bbox 440 2907 2012 2976; baseline 0 -15"><span class='ocrx_word' id='word_1_285' title='bbox 440 2915 633 2961; x_wconf 85' lang='lat' dir='ltr'><strong>cturna</strong></span> <span class='ocrx_word' id='word_1_286' title='bbox 669 2907 831 2975; x_wconf 77' lang='lat' dir='ltr'><strong>pedes</strong></span> <span class='ocrx_word' id='word_1_287' title='bbox 858 2907 924 2960; x_wconf 91' lang='lat' dir='ltr'>ad</span> <span class='ocrx_word' id='word_1_288' title='bbox 953 2907 1190 2976; x_wconf 89' lang='lat' dir='ltr'><strong>quietem</strong></span> <span class='ocrx_word' id='word_1_289' title='bbox 1222 2907 1546 2973; x_wconf 86' lang='lat' dir='ltr'><strong>collocavit;</strong></span> <span class='ocrx_word' id='word_1_290' title='bbox 1577 2908 1632 2962; x_wconf 89' lang='lat' dir='ltr'>in</span> <span class='ocrx_word' id='word_1_291' title='bbox 1676 2909 1798 2964; x_wconf 90' lang='lat' dir='ltr'><strong>sinu</strong></span> <span class='ocrx_word' id='word_1_292' title='bbox 1833 2916 2012 2965; x_wconf 88' lang='lat' dir='ltr'><strong>autem</strong></span> 
     </span>
    </p>
   </div>
   <div class='ocr_carea' id='block_1_47' title="bbox 440 2997 2013 3069">
    <p class='ocr_par' dir='ltr' id='par_1_47' title="bbox 440 2997 2013 3069">
     <span class='ocr_line' id='line_1_47' title="bbox 440 2997 2013 3069; baseline 0.003 -19"><span class='ocrx_word' id='word_1_293' title='bbox 440 2997 772 3052; x_wconf 86' lang='lat' dir='ltr'><strong>antnosum</strong></span> <span class='ocrx_word' id='word_1_294' title='bbox 799 3005 1131 3068; x_wconf 82' lang='lat' dir='ltr'><strong>unguentum</strong></span> <span class='ocrx_word' id='word_1_295' title='bbox 1151 2997 1797 3069; x_wconf 83' lang='lat' dir='ltr'><strong>habebat,dcsertumque</strong></span> <span class='ocrx_word' id='word_1_296' title='bbox 1819 3001 2013 3054; x_wconf 87' lang='lat' dir='ltr'><strong>lectum</strong></span> 
     </span>
    </p>
   </div>
   <div class='ocr_carea' id='block_1_48' title="bbox 2117 1885 3613 1960">
    <p class='ocr_par' dir='ltr' id='par_1_48' title="bbox 2117 1885 3613 1960">
     <span class='ocr_line' id='line_1_48' title="bbox 2117 1885 3613 1960; baseline 0.003 -25"><span class='ocrx_word' id='word_1_297' title='bbox 2117 1885 2156 1935; x_wconf 89' lang='grc' dir='ltr'>Γ</span> <span class='ocrx_word' id='word_1_298' title='bbox 2159 1885 2336 1938; x_wconf 89' lang='grc' dir='ltr'>είτονα</span> <span class='ocrx_word' id='word_1_299' title='bbox 2362 1886 2534 1940; x_wconf 84' lang='grc' dir='ltr'>νύκτα</span> <span class='ocrx_word' id='word_1_300' title='bbox 2565 1887 2806 1959; x_wconf 86' lang='grc' dir='ltr'>φέρουσα</span> <span class='ocrx_word' id='word_1_301' title='bbox 2832 1888 3208 1960; x_wconf 79' lang='grc' dir='ltr'>προσάϐϐατος</span> <span class='ocrx_word' id='word_1_302' title='bbox 3229 1887 3455 1958; x_wconf 82' lang='grc' dir='ltr'>ἔτρεχεν</span> <span class='ocrx_word' id='word_1_303' title='bbox 3481 1887 3583 1958; x_wconf 73' lang='grc' dir='ltr'>ἠώς</span> <span class='ocrx_word' id='word_1_304' title='bbox 3602 1906 3613 1919; x_wconf 87' lang='grc'><strong>·</strong></span> 
     </span>
    </p>
   </div>
   <div class='ocr_carea' id='block_1_49' title="bbox 2116 1976 3668 2052">
    <p class='ocr_par' dir='ltr' id='par_1_49' title="bbox 2116 1976 3668 2052">
     <span class='ocr_line' id='line_1_49' title="bbox 2116 1976 3668 2052; baseline 0.002 -20"><span class='ocrx_word' id='word_1_305' title='bbox 2116 1976 2282 2048; x_wconf 79' lang='lat'>209</span> <span class='ocrx_word' id='word_1_306' title='bbox 2299 1979 2408 2032; x_wconf 76' lang='grc' dir='ltr'>Καὶ</span> <span class='ocrx_word' id='word_1_307' title='bbox 2425 1979 2585 2034; x_wconf 86' lang='grc' dir='ltr'>πάλιν</span> <span class='ocrx_word' id='word_1_308' title='bbox 2603 1981 2661 2043; x_wconf 83' lang='grc' dir='ltr'>ἐς</span> <span class='ocrx_word' id='word_1_309' title='bbox 2683 1979 2847 2051; x_wconf 82' lang='grc' dir='ltr'>δόμον</span> <span class='ocrx_word' id='word_1_310' title='bbox 2861 1976 2994 2052; x_wconf 80' lang='grc' dir='ltr'>ἦλθε</span> <span class='ocrx_word' id='word_1_311' title='bbox 3011 1979 3188 2035; x_wconf 87' lang='grc' dir='ltr'>λαθὼν</span> <span class='ocrx_word' id='word_1_312' title='bbox 3201 1981 3465 2052; x_wconf 85' lang='grc' dir='ltr'>ἀκίχητος</span> <span class='ocrx_word' id='word_1_313' title='bbox 3480 1981 3668 2050; x_wconf 71' lang='grc' dir='ltr'>Ἰωσήφ.</span> 
     </span>
    </p>
   </div>
   <div class='ocr_carea' id='block_1_50' title="bbox 2759 2073 3581 2126">
    <p class='ocr_par' dir='ltr' id='par_1_50' title="bbox 2759 2073 3581 2126">
     <span class='ocr_line' id='line_1_50' title="bbox 2759 2073 3581 2126; baseline 0.001 -1"><span class='ocrx_word' id='word_1_314' title='bbox 2759 2073 2917 2125; x_wconf 82' lang='grc' dir='ltr'>ΚΕΦ.</span> <span class='ocrx_word' id='word_1_315' title='bbox 2959 2073 3046 2126; x_wconf 85' lang='grc' dir='ltr'>Κ’.</span> <span class='ocrx_word' id='word_1_316' title='bbox 3579 2102 3581 2104; x_wconf 87' lang='grc'><strong>-</strong></span> 
     </span>
    </p>
   </div>
   <div class='ocr_carea' id='block_1_51' title="bbox 2188 2159 3614 2234">
    <p class='ocr_par' dir='ltr' id='par_1_51' title="bbox 2188 2159 3614 2234">
     <span class='ocr_line' id='line_1_51' title="bbox 2188 2159 3614 2234; baseline -0.004 -20"><span class='ocrx_word' id='word_1_317' title='bbox 2188 2162 2214 2214; x_wconf 82' lang='grc'><strong>1</strong></span> <span class='ocrx_word' id='word_1_318' title='bbox 2249 2161 2326 2233; x_wconf 81' lang='grc' dir='ltr'>Τῇ</span> <span class='ocrx_word' id='word_1_319' title='bbox 2359 2163 2414 2216; x_wconf 80' lang='grc' dir='ltr'>δὲ</span> <span class='ocrx_word' id='word_1_320' title='bbox 2447 2164 2542 2234; x_wconf 84' lang='grc' dir='ltr'>μιῇ</span> <span class='ocrx_word' id='word_1_321' title='bbox 2575 2161 2828 2234; x_wconf 78' lang='grc' dir='ltr'>φθαμένῃ</span> <span class='ocrx_word' id='word_1_322' title='bbox 2857 2161 2994 2233; x_wconf 84' lang='grc' dir='ltr'>μετὰ</span> <span class='ocrx_word' id='word_1_323' title='bbox 3020 2159 3290 2214; x_wconf 83' lang='grc' dir='ltr'>σάϐϐατον</span> <span class='ocrx_word' id='word_1_324' title='bbox 3321 2159 3614 2230; x_wconf 70' lang='grc' dir='ltr'>ἠριγενείῃ,</span> 
     </span>
    </p>
   </div>
   <div class='ocr_carea' id='block_1_52' title="bbox 2116 2251 3506 2329">
    <p class='ocr_par' dir='ltr' id='par_1_52' title="bbox 2116 2251 3506 2329">
     <span class='ocr_line' id='line_1_52' title="bbox 2116 2251 3506 2329; baseline -0.005 -19"><span class='ocrx_word' id='word_1_325' title='bbox 2116 2257 2432 2329; x_wconf 82' lang='grc' dir='ltr'>Μαγδαλινὴ</span> <span class='ocrx_word' id='word_1_326' title='bbox 2469 2257 2656 2328; x_wconf 88' lang='grc' dir='ltr'>Μαρίη</span> <span class='ocrx_word' id='word_1_327' title='bbox 2691 2255 3046 2326; x_wconf 81' lang='grc' dir='ltr'>φιλοδάκρυος</span> <span class='ocrx_word' id='word_1_328' title='bbox 3075 2252 3266 2322; x_wconf 83' lang='grc' dir='ltr'>ἐγγύθι</span> <span class='ocrx_word' id='word_1_329' title='bbox 3295 2251 3506 2321; x_wconf 83' lang='grc' dir='ltr'>τύμϐου</span> 
     </span>
    </p>
   </div>
   <div class='ocr_carea' id='block_1_53' title="bbox 2118 2345 3377 2420">
    <p class='ocr_par' dir='ltr' id='par_1_53' title="bbox 2118 2345 3377 2420">
     <span class='ocr_line' id='line_1_53' title="bbox 2118 2345 3377 2420; baseline -0.002 -20"><span class='ocrx_word' id='word_1_330' title='bbox 2118 2347 2326 2420; x_wconf 86' lang='grc' dir='ltr'>Πρώῖον</span> <span class='ocrx_word' id='word_1_331' title='bbox 2355 2350 2498 2418; x_wconf 85' lang='grc' dir='ltr'>ῐχνος</span> <span class='ocrx_word' id='word_1_332' title='bbox 2522 2348 2820 2419; x_wconf 81' lang='grc' dir='ltr'>ἔκαμπτεν,</span> <span class='ocrx_word' id='word_1_333' title='bbox 2847 2348 2936 2400; x_wconf 83' lang='grc' dir='ltr'>ὅτε</span> <span class='ocrx_word' id='word_1_334' title='bbox 2964 2345 3220 2400; x_wconf 85' lang='grc' dir='ltr'>σκιοειδέῖ</span> <span class='ocrx_word' id='word_1_335' title='bbox 3243 2345 3377 2414; x_wconf 81' lang='grc' dir='ltr'>γαίῃ</span> 
     </span>
    </p>
   </div>
   <div class='ocr_carea' id='block_1_54' title="bbox 2115 2439 3377 2514">
    <p class='ocr_par' dir='ltr' id='par_1_54' title="bbox 2115 2439 3377 2514">
     <span class='ocr_line' id='line_1_54' title="bbox 2115 2439 3377 2514; baseline -0.005 -18"><span class='ocrx_word' id='word_1_336' title='bbox 2115 2441 2464 2514; x_wconf 82' lang='grc' dir='ltr'>Νυκτιφανὴς</span> <span class='ocrx_word' id='word_1_337' title='bbox 2493 2442 2804 2513; x_wconf 84' lang='grc' dir='ltr'>άχάρακτος</span> <span class='ocrx_word' id='word_1_338' title='bbox 2833 2439 2986 2503; x_wconf 86' lang='grc' dir='ltr'>ἐώῖος</span> <span class='ocrx_word' id='word_1_339' title='bbox 3016 2441 3133 2512; x_wconf 79' lang='grc' dir='ltr'>ἦῐεν</span> <span class='ocrx_word' id='word_1_340' title='bbox 3163 2439 3338 2509; x_wconf 77' lang='grc' dir='ltr'>ἀστήρ</span> <span class='ocrx_word' id='word_1_341' title='bbox 3364 2455 3377 2466; x_wconf 89' lang='grc'><strong>·</strong></span> 
     </span>
    </p>
   </div>
   <div class='ocr_carea' id='block_1_55' title="bbox 2115 2529 3396 2604">
    <p class='ocr_par' dir='ltr' id='par_1_55' title="bbox 2115 2529 3396 2604">
     <span class='ocr_line' id='line_1_55' title="bbox 2115 2529 3396 2604; baseline -0.005 -18"><span class='ocrx_word' id='word_1_342' title='bbox 2115 2533 2225 2587; x_wconf 75' lang='grc' dir='ltr'>Καὶ</span> <span class='ocrx_word' id='word_1_343' title='bbox 2252 2532 2397 2586; x_wconf 90' lang='grc' dir='ltr'>λίθον</span> <span class='ocrx_word' id='word_1_344' title='bbox 2424 2533 2658 2587; x_wconf 87' lang='grc' dir='ltr'>οὑδαίοιο</span> <span class='ocrx_word' id='word_1_345' title='bbox 2685 2530 3101 2604; x_wconf 83' lang='grc' dir='ltr'>μετοχλισθέντα</span> <span class='ocrx_word' id='word_1_346' title='bbox 3132 2529 3396 2601; x_wconf 88' lang='grc' dir='ltr'>θυρέτρου</span> 
     </span>
    </p>
   </div>
   <div class='ocr_carea' id='block_1_56' title="bbox 2119 2619 3610 2694">
    <p class='ocr_par' dir='ltr' id='par_1_56' title="bbox 2119 2619 3610 2694">
     <span class='ocr_line' id='line_1_56' title="bbox 2119 2619 3610 2694; baseline -0.004 -16"><span class='ocrx_word' id='word_1_347' title='bbox 2119 2625 2385 2678; x_wconf 81' lang='grc' dir='ltr'>Ἀπλετον</span> <span class='ocrx_word' id='word_1_348' title='bbox 2408 2625 2465 2678; x_wconf 87' lang='grc' dir='ltr'>ἐν</span> <span class='ocrx_word' id='word_1_349' title='bbox 2496 2624 2713 2694; x_wconf 82' lang='grc' dir='ltr'>δαπέδῳ</span> <span class='ocrx_word' id='word_1_350' title='bbox 2735 2621 3142 2692; x_wconf 85' lang='grc' dir='ltr'>κεκυλισμένον,</span> <span class='ocrx_word' id='word_1_351' title='bbox 3174 2619 3339 2690; x_wconf 83' lang='grc' dir='ltr'>ἄχθος</span> <span class='ocrx_word' id='word_1_352' title='bbox 3364 2619 3610 2691; x_wconf 79' lang='grc' dir='ltr'>ἀρούρης,</span> 
     </span>
    </p>
   </div>
   <div class='ocr_carea' id='block_1_57' title="bbox 2117 2710 3632 2786">
    <p class='ocr_par' dir='ltr' id='par_1_57' title="bbox 2117 2710 3632 2786">
     <span class='ocr_line' id='line_1_57' title="bbox 2117 2710 3632 2786; baseline -0.005 -16"><span class='ocrx_word' id='word_1_353' title='bbox 2117 2716 2226 2770; x_wconf 79' lang='lat' dir='ltr'><strong>Ka‘t</strong></span> <span class='ocrx_word' id='word_1_354' title='bbox 2258 2717 2426 2785; x_wconf 88' lang='grc' dir='ltr'>τάφον</span> <span class='ocrx_word' id='word_1_355' title='bbox 2452 2715 2647 2786; x_wconf 80' lang='grc' dir='ltr'>ἔδρακε</span> <span class='ocrx_word' id='word_1_356' title='bbox 2680 2713 2906 2783; x_wconf 83' lang='grc' dir='ltr'>γυμνὸν,</span> <span class='ocrx_word' id='word_1_357' title='bbox 2942 2713 3050 2782; x_wconf 83' lang='grc' dir='ltr'>ὅπη</span> <span class='ocrx_word' id='word_1_358' title='bbox 3075 2711 3420 2782; x_wconf 80' lang='grc' dir='ltr'>βαρύφορτος</span> <span class='ocrx_word' id='word_1_359' title='bbox 3455 2710 3632 2779; x_wconf 70' lang='grc' dir='ltr'>Ἰωσὴφ</span> 
     </span>
    </p>
   </div>
   <div class='ocr_carea' id='block_1_58' title="bbox 2129 2804 3315 2882">
    <p class='ocr_par' dir='ltr' id='par_1_58' title="bbox 2129 2804 3315 2882">
     <span class='ocr_line' id='line_1_58' title="bbox 2129 2804 3315 2882; baseline -0.006 -17"><span class='ocrx_word' id='word_1_360' title='bbox 2129 2809 2334 2882; x_wconf 80' lang='grc' dir='ltr'>Ἰησοῦν</span> <span class='ocrx_word' id='word_1_361' title='bbox 2357 2810 2511 2880; x_wconf 84' lang='grc' dir='ltr'>ὀλίγῃ</span> <span class='ocrx_word' id='word_1_362' title='bbox 2535 2807 2856 2878; x_wconf 83' lang='grc' dir='ltr'>ψαμαθώδεῖ</span> <span class='ocrx_word' id='word_1_363' title='bbox 2885 2807 3019 2878; x_wconf 82' lang='grc' dir='ltr'>θῆκε</span> <span class='ocrx_word' id='word_1_364' title='bbox 3048 2804 3315 2879; x_wconf 77' lang='grc' dir='ltr'>χαμεύνῃ.</span> 
     </span>
    </p>
   </div>
   <div class='ocr_carea' id='block_1_59' title="bbox 2116 2897 3584 2975">
    <p class='ocr_par' dir='ltr' id='par_1_59' title="bbox 2116 2897 3584 2975">
     <span class='ocr_line' id='line_1_59' title="bbox 2116 2897 3584 2975; baseline -0.005 -18"><span class='ocrx_word' id='word_1_365' title='bbox 2116 2904 2272 2957; x_wconf 87' lang='grc' dir='ltr'>Κείθι</span> <span class='ocrx_word' id='word_1_366' title='bbox 2305 2905 2443 2975; x_wconf 82' lang='grc' dir='ltr'>γυνὴ</span> <span class='ocrx_word' id='word_1_367' title='bbox 2472 2902 2632 2974; x_wconf 89' lang='grc' dir='ltr'>νυχίη</span> <span class='ocrx_word' id='word_1_368' title='bbox 2661 2901 2830 2964; x_wconf 83' lang='grc' dir='ltr'>πόδας</span> <span class='ocrx_word' id='word_1_369' title='bbox 2854 2899 3080 2953; x_wconf 73' lang='grc' dir='ltr'>εὔνασεν</span> <span class='ocrx_word' id='word_1_370' title='bbox 3101 2914 3113 2926; x_wconf 88' lang='grc'><strong>·</strong></span> <span class='ocrx_word' id='word_1_371' title='bbox 3145 2899 3288 2968; x_wconf 75' lang='grc' dir='ltr'>ἀμφὶ</span> <span class='ocrx_word' id='word_1_372' title='bbox 3321 2899 3379 2951; x_wconf 78' lang='grc' dir='ltr'>δὲ</span> <span class='ocrx_word' id='word_1_373' title='bbox 3410 2897 3584 2967; x_wconf 83' lang='grc' dir='ltr'>κόλπῳ</span> 
     </span>
    </p>
   </div>
   <div class='ocr_carea' id='block_1_60' title="bbox 2117 2989 3516 3066">
    <p class='ocr_par' dir='ltr' id='par_1_60' title="bbox 2117 2989 3516 3066">
     <span class='ocr_line' id='line_1_60' title="bbox 2117 2989 3516 3066; baseline -0.006 -16"><span class='ocrx_word' id='word_1_374' title='bbox 2117 2995 2412 3050; x_wconf 87' lang='grc' dir='ltr'>Πενθαλέον</span> <span class='ocrx_word' id='word_1_375' title='bbox 2449 2995 2619 3066; x_wconf 90' lang='grc' dir='ltr'>μύρον</span> <span class='ocrx_word' id='word_1_376' title='bbox 2652 2989 2797 3064; x_wconf 73' lang='grc' dir='ltr'>εἶχεν</span> <span class='ocrx_word' id='word_1_377' title='bbox 2819 3009 2831 3023; x_wconf 89' lang='grc'><strong>·</strong></span> <span class='ocrx_word' id='word_1_378' title='bbox 2863 2991 3137 3065; x_wconf 79' lang='grc' dir='ltr'>ἐρημαίης</span> <span class='ocrx_word' id='word_1_379' title='bbox 3158 2991 3215 3044; x_wconf 84' lang='grc' dir='ltr'>δὲ</span> <span class='ocrx_word' id='word_1_380' title='bbox 3239 2991 3516 3061; x_wconf 79' lang='grc' dir='ltr'>χαμεύνης</span> 
     </span>
    </p>
   </div>
   <div class='ocr_carea' id='block_1_61' title="bbox 441 3083 2014 3171">
    <p class='ocr_par' dir='ltr' id='par_1_61' title="bbox 441 3088 2008 3160">
     <span class='ocr_line' id='line_1_61' title="bbox 441 3088 2008 3160; baseline 0.001 -17"><span class='ocrx_word' id='word_1_381' title='bbox 441 3089 653 3160; x_wconf 79' lang='lat' dir='ltr'><strong>Attigit,</strong></span> <span class='ocrx_word' id='word_1_382' title='bbox 685 3088 966 3158; x_wconf 80' lang='lat' dir='ltr'><strong>inquirens</strong></span> <span class='ocrx_word' id='word_1_383' title='bbox 991 3099 1264 3144; x_wconf 87' lang='lat' dir='ltr'><strong>mortuum</strong></span> <span class='ocrx_word' id='word_1_384' title='bbox 1285 3088 1573 3159; x_wconf 78' lang='lat' dir='ltr'><strong>fugitivum</strong></span> <span class='ocrx_word' id='word_1_385' title='bbox 1595 3091 1876 3160; x_wconf 81' lang='lat' dir='ltr'><strong>inungere.</strong></span> <span class='ocrx_word' id='word_1_386' title='bbox 1903 3089 2008 3145; x_wconf 86' lang='lat' dir='ltr'><strong>Sed</strong></span> 
     </span>
    </p>
   </div>
   <div class='ocr_carea' id='block_1_62' title="bbox 2133 3083 3458 3171">
    <p class='ocr_par' dir='ltr' id='par_1_62' title="bbox 2133 3083 3458 3159">
     <span class='ocr_line' id='line_1_62' title="bbox 2133 3083 3458 3159; baseline -0.005 -17"><span class='ocrx_word' id='word_1_387' title='bbox 2133 3088 2350 3158; x_wconf 79' lang='grc' dir='ltr'>ἩψατὈ,</span> <span class='ocrx_word' id='word_1_388' title='bbox 2393 3085 2739 3159; x_wconf 85' lang='grc' dir='ltr'>μαστεύουσα</span> <span class='ocrx_word' id='word_1_389' title='bbox 2767 3084 2927 3138; x_wconf 89' lang='grc' dir='ltr'>νέκυν</span> <span class='ocrx_word' id='word_1_390' title='bbox 2958 3084 3184 3154; x_wconf 79' lang='grc' dir='ltr'>φύξηλιν</span> <span class='ocrx_word' id='word_1_391' title='bbox 3218 3083 3458 3152; x_wconf 83' lang='grc' dir='ltr'>ἀλεῖψαι.</span> 
     </span>
    </p>
   </div>
   <div class='ocr_carea' id='block_1_63' title="bbox 441 3183 2014 3254">
    <p class='ocr_par' dir='ltr' id='par_1_63' title="bbox 441 3183 2014 3254">
     <span class='ocr_line' id='line_1_63' title="bbox 441 3183 2014 3254; baseline 0.002 -18"><span class='ocrx_word' id='word_1_392' title='bbox 441 3185 618 3254; x_wconf 86' lang='lat' dir='ltr'><strong>ipsum</strong></span> <span class='ocrx_word' id='word_1_393' title='bbox 656 3199 765 3237; x_wconf 85' lang='lat' dir='ltr'>non</span> <span class='ocrx_word' id='word_1_394' title='bbox 798 3183 1177 3253; x_wconf 83' lang='lat' dir='ltr'><strong>deprehendit.</strong></span> <span class='ocrx_word' id='word_1_395' title='bbox 1231 3184 1266 3237; x_wconf 73' lang='grc'>2</span> <span class='ocrx_word' id='word_1_396' title='bbox 1315 3183 1630 3239; x_wconf 87' lang='lat' dir='ltr'><strong>Festinante</strong></span> <span class='ocrx_word' id='word_1_397' title='bbox 1663 3183 1842 3238; x_wconf 75' lang='lat' dir='ltr'><strong>autem</strong></span> <span class='ocrx_word' id='word_1_398' title='bbox 1879 3185 2014 3253; x_wconf 88' lang='lat' dir='ltr'><strong>pede</strong></span> 
     </span>
    </p>
   </div>
   <div class='ocr_carea' id='block_1_64' title="bbox 439 3273 2012 3344">
    <p class='ocr_par' dir='ltr' id='par_1_64' title="bbox 439 3273 2012 3344">
     <span class='ocr_line' id='line_1_64' title="bbox 439 3273 2012 3344; baseline 0.002 -18"><span class='ocrx_word' id='word_1_399' title='bbox 439 3273 677 3328; x_wconf 77' lang='lat' dir='ltr'><strong>Reversa</strong></span> <span class='ocrx_word' id='word_1_400' title='bbox 699 3276 752 3329; x_wconf 94' lang='lat' dir='ltr'>in</span> <span class='ocrx_word' id='word_1_401' title='bbox 789 3275 1008 3329; x_wconf 86' lang='lat' dir='ltr'><strong>domum</strong></span> <span class='ocrx_word' id='word_1_402' title='bbox 1033 3275 1198 3338; x_wconf 78' lang='lat' dir='ltr'><strong>venit,</strong></span> <span class='ocrx_word' id='word_1_403' title='bbox 1221 3274 1540 3344; x_wconf 84' lang='lat' dir='ltr'><strong>placidoque</strong></span> <span class='ocrx_word' id='word_1_404' title='bbox 1568 3273 1732 3330; x_wconf 84' lang='lat' dir='ltr'><strong>Petro</strong></span> <span class='ocrx_word' id='word_1_405' title='bbox 1748 3273 2012 3329; x_wconf 88' lang='lat' dir='ltr'><strong>Nuntium</strong></span> 
     </span>
    </p>
   </div>
   <div class='ocr_carea' id='block_1_65' title="bbox 439 3363 2016 3435">
    <p class='ocr_par' dir='ltr' id='par_1_65' title="bbox 439 3363 2016 3435">
     <span class='ocr_line' id='line_1_65' title="bbox 439 3363 2016 3435; baseline 0 -17"><span class='ocrx_word' id='word_1_406' title='bbox 439 3372 492 3418; x_wconf 88' lang='lat' dir='ltr'>et</span> <span class='ocrx_word' id='word_1_407' title='bbox 525 3363 679 3416; x_wconf 85' lang='lat' dir='ltr'><strong>alteri</strong></span> <span class='ocrx_word' id='word_1_408' title='bbox 713 3364 1050 3419; x_wconf 86' lang='lat' dir='ltr'><strong>cohabitanti</strong></span> <span class='ocrx_word' id='word_1_409' title='bbox 1079 3363 1371 3435; x_wconf 86' lang='lat' dir='ltr'><strong>discipulo,</strong></span> <span class='ocrx_word' id='word_1_410' title='bbox 1405 3363 1664 3420; x_wconf 86' lang='lat' dir='ltr'><strong>Dominus</strong></span> <span class='ocrx_word' id='word_1_411' title='bbox 1689 3379 1846 3434; x_wconf 89' lang='lat' dir='ltr'><strong>quem</strong></span> <span class='ocrx_word' id='word_1_412' title='bbox 1879 3364 2016 3418; x_wconf 92' lang='lat' dir='ltr'><strong>dile-</strong></span> 
     </span>
    </p>
   </div>
   <div class='ocr_carea' id='block_1_66' title="bbox 441 3452 2015 3524">
    <p class='ocr_par' dir='ltr' id='par_1_66' title="bbox 441 3452 2015 3524">
     <span class='ocr_line' id='line_1_66' title="bbox 441 3452 2015 3524; baseline 0 -19"><span class='ocrx_word' id='word_1_413' title='bbox 441 3453 537 3515; x_wconf 66' lang='lat' dir='ltr'><strong>xit,</strong></span> <span class='ocrx_word' id='word_1_414' title='bbox 576 3467 680 3505; x_wconf 88' lang='lat' dir='ltr'>una</span> <span class='ocrx_word' id='word_1_415' title='bbox 703 3454 1127 3507; x_wconf 82' lang='lat' dir='ltr'><strong>connuunicavit</strong></span> <span class='ocrx_word' id='word_1_416' title='bbox 1149 3468 1280 3508; x_wconf 84' lang='lat' dir='ltr'><strong>voce</strong></span> <span class='ocrx_word' id='word_1_417' title='bbox 1307 3452 1380 3507; x_wconf 89' lang='lat' dir='ltr'><strong>De</strong></span> <span class='ocrx_word' id='word_1_418' title='bbox 1397 3455 1649 3524; x_wconf 80' lang='lat' dir='ltr'><strong>sepulcro</strong></span> <span class='ocrx_word' id='word_1_419' title='bbox 1680 3469 1870 3508; x_wconf 69' lang='lat' dir='ltr'><strong>vacuo.</strong></span> <span class='ocrx_word' id='word_1_420' title='bbox 1903 3452 2015 3508; x_wconf 77' lang='lat' dir='ltr'><strong>5Et</strong></span> 
     </span>
    </p>
   </div>
   <div class='ocr_carea' id='block_1_67' title="bbox 439 3543 2012 3614">
    <p class='ocr_par' dir='ltr' id='par_1_67' title="bbox 439 3543 2012 3614">
     <span class='ocr_line' id='line_1_67' title="bbox 439 3543 2012 3614; baseline 0.001 -16"><span class='ocrx_word' id='word_1_421' title='bbox 439 3560 564 3598; x_wconf 86' lang='lat' dir='ltr'>cum</span> <span class='ocrx_word' id='word_1_422' title='bbox 593 3543 785 3598; x_wconf 84' lang='lat' dir='ltr'><strong>Petrus</strong></span> <span class='ocrx_word' id='word_1_423' title='bbox 815 3544 1077 3609; x_wconf 88' lang='lat' dir='ltr'><strong>audisset,</strong></span> <span class='ocrx_word' id='word_1_424' title='bbox 1116 3544 1411 3613; x_wconf 81' lang='lat' dir='ltr'><strong>Bespirans</strong></span> <span class='ocrx_word' id='word_1_425' title='bbox 1438 3545 1664 3599; x_wconf 86' lang='lat' dir='ltr'><strong>incitato</strong></span> <span class='ocrx_word' id='word_1_426' title='bbox 1695 3545 1890 3614; x_wconf 84' lang='lat' dir='ltr'><strong>pedum</strong></span> <span class='ocrx_word' id='word_1_427' title='bbox 1926 3545 2012 3599; x_wconf 92' lang='lat' dir='ltr'><strong>in-</strong></span> 
     </span>
    </p>
   </div>
   <div class='ocr_carea' id='block_1_68' title="bbox 439 3635 2010 3705">
    <p class='ocr_par' dir='ltr' id='par_1_68' title="bbox 439 3635 2010 3705">
     <span class='ocr_line' id='line_1_68' title="bbox 439 3635 2010 3705; baseline 0.001 -16"><span class='ocrx_word' id='word_1_428' title='bbox 439 3637 698 3705; x_wconf 80' lang='lat' dir='ltr'><strong>dagatore</strong></span> <span class='ocrx_word' id='word_1_429' title='bbox 713 3635 892 3704; x_wconf 83' lang='lat' dir='ltr'><strong>planta</strong></span> <span class='ocrx_word' id='word_1_430' title='bbox 923 3635 1137 3689; x_wconf 87' lang='lat' dir='ltr'><strong>Proruil</strong></span> <span class='ocrx_word' id='word_1_431' title='bbox 1161 3652 1189 3691; x_wconf 92' lang='lat' dir='ltr'>e</span> <span class='ocrx_word' id='word_1_432' title='bbox 1213 3636 1375 3689; x_wconf 85' lang='lat' dir='ltr'><strong>domo</strong></span> <span class='ocrx_word' id='word_1_433' title='bbox 1395 3653 1409 3701; x_wconf 87' lang='lat'><strong>;</strong></span> <span class='ocrx_word' id='word_1_434' title='bbox 1430 3646 1481 3690; x_wconf 91' lang='lat' dir='ltr'>et</span> <span class='ocrx_word' id='word_1_435' title='bbox 1508 3636 2010 3705; x_wconf 74' lang='lat' dir='ltr'><strong>sequebatur-disci-</strong></span> 
     </span>
    </p>
   </div>
   <div class='ocr_carea' id='block_1_69' title="bbox 442 3725 2015 3796">
    <p class='ocr_par' dir='ltr' id='par_1_69' title="bbox 442 3725 2015 3796">
     <span class='ocr_line' id='line_1_69' title="bbox 442 3725 2015 3796; baseline 0.003 -18"><span class='ocrx_word' id='word_1_436' title='bbox 442 3726 603 3796; x_wconf 87' lang='lat' dir='ltr'><strong>pulus</strong></span> <span class='ocrx_word' id='word_1_437' title='bbox 633 3725 979 3781; x_wconf 84' lang='lat' dir='ltr'><strong>Aliussimul</strong></span> <span class='ocrx_word' id='word_1_438' title='bbox 1015 3728 1081 3781; x_wconf 91' lang='lat' dir='ltr'>ad</span> <span class='ocrx_word' id='word_1_439' title='bbox 1125 3728 1434 3796; x_wconf 89' lang='lat' dir='ltr'><strong>sepulcrum</strong></span> <span class='ocrx_word' id='word_1_440' title='bbox 1474 3746 1488 3782; x_wconf 91' lang='lat'><strong>:</strong></span> <span class='ocrx_word' id='word_1_441' title='bbox 1522 3727 1554 3781; x_wconf 79' lang='grc'>4</span> <span class='ocrx_word' id='word_1_442' title='bbox 1584 3734 1637 3781; x_wconf 90' lang='lat' dir='ltr'>et</span> <span class='ocrx_word' id='word_1_443' title='bbox 1675 3728 1741 3781; x_wconf 90' lang='lat' dir='ltr'>ad</span> <span class='ocrx_word' id='word_1_444' title='bbox 1771 3729 2015 3783; x_wconf 85' lang='lat' dir='ltr'><strong>curricu-</strong></span> 
     </span>
    </p>
   </div>
   <div class='ocr_carea' id='block_1_70' title="bbox 442 3819 2011 3890">
    <p class='ocr_par' dir='ltr' id='par_1_70' title="bbox 442 3819 2011 3890">
     <span class='ocr_line' id='line_1_70' title="bbox 442 3819 2011 3890; baseline 0.002 -19"><span class='ocrx_word' id='word_1_445' title='bbox 442 3819 554 3872; x_wconf 88' lang='lat' dir='ltr'>lum</span> <span class='ocrx_word' id='word_1_446' title='bbox 587 3827 954 3873; x_wconf 83' lang='lat' dir='ltr'><strong>cucurrerunt</strong></span> <span class='ocrx_word' id='word_1_447' title='bbox 1004 3819 1184 3874; x_wconf 90' lang='lat' dir='ltr'><strong>ambo.</strong></span> <span class='ocrx_word' id='word_1_448' title='bbox 1233 3819 1296 3874; x_wconf 88' lang='lat' dir='ltr'><strong>Et</strong></span> <span class='ocrx_word' id='word_1_449' title='bbox 1349 3819 1686 3890; x_wconf 63' lang='lat' dir='ltr'><strong>praevenit-ns</strong></span> <span class='ocrx_word' id='word_1_450' title='bbox 1738 3819 2011 3875; x_wconf 83' lang='lat' dir='ltr'><strong>Simonem</strong></span> 
     </span>
    </p>
   </div>
   <div class='ocr_carea' id='block_1_71' title="bbox 440 3907 2014 3979">
    <p class='ocr_par' dir='ltr' id='par_1_71' title="bbox 440 3907 2014 3979">
     <span class='ocr_line' id='line_1_71' title="bbox 440 3907 2014 3979; baseline 0.002 -19"><span class='ocrx_word' id='word_1_451' title='bbox 440 3907 574 3962; x_wconf 82' lang='lat' dir='ltr'><strong>levis</strong></span> <span class='ocrx_word' id='word_1_452' title='bbox 623 3907 770 3960; x_wconf 84' lang='lat' dir='ltr'><strong>venit</strong></span> <span class='ocrx_word' id='word_1_453' title='bbox 825 3907 1130 3979; x_wconf 85' lang='lat' dir='ltr'><strong>discipulus</strong></span> <span class='ocrx_word' id='word_1_454' title='bbox 1197 3907 1358 3964; x_wconf 89' lang='lat' dir='ltr'><strong>Petro</strong></span> <span class='ocrx_word' id='word_1_455' title='bbox 1424 3908 1717 3965; x_wconf 83' lang='lat' dir='ltr'><strong>festinante</strong></span> <span class='ocrx_word' id='word_1_456' title='bbox 1763 3910 2014 3964; x_wconf 84' lang='lat' dir='ltr'><strong>celerior.</strong></span> 
     </span>
    </p>
   </div>
   <div class='ocr_carea' id='block_1_72' title="bbox 438 3998 2015 4071">
    <p class='ocr_par' dir='ltr' id='par_1_72' title="bbox 438 3998 2015 4071">
     <span class='ocr_line' id='line_1_72' title="bbox 438 3998 2015 4071; baseline 0.003 -19"><span class='ocrx_word' id='word_1_457' title='bbox 438 4000 471 4053; x_wconf 87' lang='grc'>5</span> <span class='ocrx_word' id='word_1_458' title='bbox 497 3998 722 4054; x_wconf 91' lang='lat' dir='ltr'><strong>Vicinus</strong></span> <span class='ocrx_word' id='word_1_459' title='bbox 745 4005 925 4054; x_wconf 88' lang='lat' dir='ltr'><strong>autem</strong></span> <span class='ocrx_word' id='word_1_460' title='bbox 947 3999 1109 4055; x_wconf 86' lang='lat' dir='ltr'><strong>Stans</strong></span> <span class='ocrx_word' id='word_1_461' title='bbox 1129 4000 1424 4057; x_wconf 86' lang='lat' dir='ltr'><strong>inclinatus</strong></span> <span class='ocrx_word' id='word_1_462' title='bbox 1442 4001 1786 4071; x_wconf 80' lang='lat' dir='ltr'><strong>introspexit,</strong></span> <span class='ocrx_word' id='word_1_463' title='bbox 1814 4010 1866 4054; x_wconf 88' lang='lat' dir='ltr'>et</span> <span class='ocrx_word' id='word_1_464' title='bbox 1894 4017 2015 4071; x_wconf 87' lang='lat' dir='ltr'><strong>spe-</strong></span> 
     </span>
    </p>
   </div>
   <div class='ocr_carea' id='block_1_73' title="bbox 439 4093 2015 4158">
    <p class='ocr_par' dir='ltr' id='par_1_73' title="bbox 439 4093 2015 4158">
     <span class='ocr_line' id='line_1_73' title="bbox 439 4093 2015 4158; baseline 0.001 -12"><span class='ocrx_word' id='word_1_465' title='bbox 439 4093 605 4147; x_wconf 88' lang='lat' dir='ltr'><strong>ctavit</strong></span> <span class='ocrx_word' id='word_1_466' title='bbox 638 4093 780 4146; x_wconf 88' lang='lat' dir='ltr'><strong>intra</strong></span> <span class='ocrx_word' id='word_1_467' title='bbox 801 4093 1092 4158; x_wconf 86' lang='lat' dir='ltr'><strong>tmnulum,</strong></span> <span class='ocrx_word' id='word_1_468' title='bbox 1120 4094 1323 4148; x_wconf 87' lang='lat' dir='ltr'><strong>Contra</strong></span> <span class='ocrx_word' id='word_1_469' title='bbox 1353 4093 1693 4148; x_wconf 88' lang='lat' dir='ltr'><strong>intuentibus</strong></span> <span class='ocrx_word' id='word_1_470' title='bbox 1717 4093 1892 4148; x_wconf 90' lang='lat' dir='ltr'><strong>oculis</strong></span> <span class='ocrx_word' id='word_1_471' title='bbox 1920 4108 2015 4148; x_wconf 88' lang='lat' dir='ltr'><strong>va-</strong></span> 
     </span>
    </p>
   </div>
   <div class='ocr_carea' id='block_1_74' title="bbox 437 4185 2014 4249">
    <p class='ocr_par' dir='ltr' id='par_1_74' title="bbox 437 4185 2014 4249">
     <span class='ocr_line' id='line_1_74' title="bbox 437 4185 2014 4249; baseline 0.001 -10"><span class='ocrx_word' id='word_1_472' title='bbox 437 4200 601 4239; x_wconf 89' lang='lat' dir='ltr'><strong>cuum</strong></span> <span class='ocrx_word' id='word_1_473' title='bbox 659 4193 1072 4240; x_wconf 90' lang='lat' dir='ltr'><strong>monumentum</strong></span> <span class='ocrx_word' id='word_1_474' title='bbox 1119 4185 1373 4240; x_wconf 84' lang='lat' dir='ltr'><strong>celeriter</strong></span> <span class='ocrx_word' id='word_1_475' title='bbox 1413 4185 1626 4249; x_wconf 87' lang='lat' dir='ltr'><strong>videns,</strong></span> <span class='ocrx_word' id='word_1_476' title='bbox 1677 4185 1924 4240; x_wconf 83' lang='lat' dir='ltr'><strong>Jacentia</strong></span> <span class='ocrx_word' id='word_1_477' title='bbox 1960 4193 2014 4240; x_wconf 86' lang='lat' dir='ltr'>et</span> 
     </span>
    </p>
   </div>
   <div class='ocr_carea' id='block_1_75' title="bbox 437 4275 2015 4347">
    <p class='ocr_par' dir='ltr' id='par_1_75' title="bbox 437 4275 2015 4347">
     <span class='ocr_line' id='line_1_75' title="bbox 437 4275 2015 4347; baseline 0.001 -17"><span class='ocrx_word' id='word_1_478' title='bbox 437 4277 605 4330; x_wconf 88' lang='lat' dir='ltr'><strong>lintea</strong></span> <span class='ocrx_word' id='word_1_479' title='bbox 640 4277 763 4332; x_wconf 87' lang='lat' dir='ltr'><strong>alba</strong></span> <span class='ocrx_word' id='word_1_480' title='bbox 797 4292 965 4347; x_wconf 89' lang='lat' dir='ltr'><strong>supra</strong></span> <span class='ocrx_word' id='word_1_481' title='bbox 995 4275 1356 4332; x_wconf 87' lang='lat' dir='ltr'><strong>terram.Non</strong></span> <span class='ocrx_word' id='word_1_482' title='bbox 1382 4277 1602 4346; x_wconf 90' lang='lat' dir='ltr'><strong>quidem</strong></span> <span class='ocrx_word' id='word_1_483' title='bbox 1635 4278 1866 4332; x_wconf 85' lang='lat' dir='ltr'><strong>interius</strong></span> <span class='ocrx_word' id='word_1_484' title='bbox 1899 4293 2015 4347; x_wconf 89' lang='lat' dir='ltr'><strong>per-</strong></span> 
     </span>
    </p>
   </div>
   <div class='ocr_carea' id='block_1_76' title="bbox 437 4363 2013 4436">
    <p class='ocr_par' dir='ltr' id='par_1_76' title="bbox 437 4363 2013 4436">
     <span class='ocr_line' id='line_1_76' title="bbox 437 4363 2013 4436; baseline 0.001 -16"><span class='ocrx_word' id='word_1_485' title='bbox 437 4365 606 4428; x_wconf 87' lang='lat' dir='ltr'><strong>venit,</strong></span> <span class='ocrx_word' id='word_1_486' title='bbox 637 4366 738 4419; x_wconf 90' lang='lat' dir='ltr'><strong>etsi</strong></span> <span class='ocrx_word' id='word_1_487' title='bbox 793 4366 936 4420; x_wconf 90' lang='lat' dir='ltr'><strong>celer</strong></span> <span class='ocrx_word' id='word_1_488' title='bbox 985 4364 1132 4419; x_wconf 89' lang='lat' dir='ltr'><strong>venit</strong></span> <span class='ocrx_word' id='word_1_489' title='bbox 1183 4364 1492 4419; x_wconf 87' lang='lat' dir='ltr'><strong>ambulans.</strong></span> <span class='ocrx_word' id='word_1_490' title='bbox 1522 4363 1556 4420; x_wconf 84' lang='lat'><strong>6</strong></span> <span class='ocrx_word' id='word_1_491' title='bbox 1602 4365 1848 4436; x_wconf 85' lang='lat' dir='ltr'><strong>Sequens</strong></span> <span class='ocrx_word' id='word_1_492' title='bbox 1882 4382 2013 4422; x_wconf 86' lang='lat' dir='ltr'><strong>vero</strong></span> 
     </span>
    </p>
   </div>
   <div class='ocr_carea' id='block_1_77' title="bbox 2127 3174 3579 3250">
    <p class='ocr_par' dir='ltr' id='par_1_77' title="bbox 2127 3174 3579 3250">
     <span class='ocr_line' id='line_1_77' title="bbox 2127 3174 3579 3250; baseline -0.006 -16"><span class='ocrx_word' id='word_1_493' title='bbox 2127 3179 2288 3234; x_wconf 85' lang='grc' dir='ltr'>Ἀλλά</span> <span class='ocrx_word' id='word_1_494' title='bbox 2317 3197 2410 3250; x_wconf 89' lang='grc' dir='ltr'>μιν</span> <span class='ocrx_word' id='word_1_495' title='bbox 2441 3179 2542 3232; x_wconf 82' lang='grc' dir='ltr'>οὐκ</span> <span class='ocrx_word' id='word_1_496' title='bbox 2569 3179 2848 3248; x_wconf 84' lang='grc' dir='ltr'>έκίχησεν·</span> <span class='ocrx_word' id='word_1_497' title='bbox 2881 3176 2917 3229; x_wconf 71' lang='lat'><strong>2</strong></span> <span class='ocrx_word' id='word_1_498' title='bbox 2948 3176 3285 3246; x_wconf 80' lang='grc' dir='ltr'>ἐπειγομένῳ</span> <span class='ocrx_word' id='word_1_499' title='bbox 3305 3175 3361 3228; x_wconf 84' lang='grc' dir='ltr'>δὲ</span> <span class='ocrx_word' id='word_1_500' title='bbox 3390 3174 3579 3243; x_wconf 76' lang='grc' dir='ltr'>πεδΰ.ῳ</span> 
     </span>
    </p>
   </div>
   <div class='ocr_carea' id='block_1_78' title="bbox 2115 3265 3561 3342">
    <p class='ocr_par' dir='ltr' id='par_1_78' title="bbox 2115 3265 3561 3342">
     <span class='ocr_line' id='line_1_78' title="bbox 2115 3265 3561 3342; baseline -0.003 -18"><span class='ocrx_word' id='word_1_501' title='bbox 2115 3271 2385 3342; x_wconf 78' lang='grc' dir='ltr'>Νόστιμος</span> <span class='ocrx_word' id='word_1_502' title='bbox 2407 3271 2485 3333; x_wconf 82' lang='grc' dir='ltr'>είς</span> <span class='ocrx_word' id='word_1_503' title='bbox 2514 3270 2675 3340; x_wconf 87' lang='grc' dir='ltr'>δόμον</span> <span class='ocrx_word' id='word_1_504' title='bbox 2706 3265 2837 3339; x_wconf 79' lang='grc' dir='ltr'>ἦλθε</span> <span class='ocrx_word' id='word_1_505' title='bbox 2857 3285 2869 3297; x_wconf 86' lang='grc'><strong>·</strong></span> <span class='ocrx_word' id='word_1_506' title='bbox 2902 3266 3268 3339; x_wconf 85' lang='grc' dir='ltr'>κατηπιόωντι</span> <span class='ocrx_word' id='word_1_507' title='bbox 3287 3266 3340 3319; x_wconf 81' lang='grc' dir='ltr'>δὲ</span> <span class='ocrx_word' id='word_1_508' title='bbox 3372 3267 3561 3337; x_wconf 82' lang='grc' dir='ltr'>Πέτρῳ</span> 
     </span>
    </p>
   </div>
   <div class='ocr_carea' id='block_1_79' title="bbox 2127 3356 3377 3432">
    <p class='ocr_par' dir='ltr' id='par_1_79' title="bbox 2127 3356 3377 3432">
     <span class='ocr_line' id='line_1_79' title="bbox 2127 3356 3377 3432; baseline 0.012 -30"><span class='ocrx_word' id='word_1_509' title='bbox 2127 3359 2412 3432; x_wconf 80' lang='grc' dir='ltr'>Ἀγγελίην</span> <span class='ocrx_word' id='word_1_510' title='bbox 2445 3360 2616 3431; x_wconf 78' lang='grc' dir='ltr'>ἑτέρῳ</span> <span class='ocrx_word' id='word_1_511' title='bbox 2637 3375 2698 3411; x_wconf 90' lang='grc' dir='ltr'>τε</span> <span class='ocrx_word' id='word_1_512' title='bbox 2733 3357 3094 3412; x_wconf 86' lang='grc' dir='ltr'>συνενδιάοντι</span> <span class='ocrx_word' id='word_1_513' title='bbox 3137 3356 3377 3428; x_wconf 78' lang='grc' dir='ltr'>μαθητῇ.</span> 
     </span>
    </p>
   </div>
   <div class='ocr_carea' id='block_1_80' title="bbox 2115 3446 3386 3520">
    <p class='ocr_par' dir='ltr' id='par_1_80' title="bbox 2115 3446 3386 3520">
     <span class='ocr_line' id='line_1_80' title="bbox 2115 3446 3386 3520; baseline -0.003 -18"><span class='ocrx_word' id='word_1_514' title='bbox 2115 3449 2381 3520; x_wconf 85' lang='grc' dir='ltr'>Κοίρανος</span> <span class='ocrx_word' id='word_1_515' title='bbox 2409 3450 2465 3503; x_wconf 84' lang='grc' dir='ltr'>ὃν</span> <span class='ocrx_word' id='word_1_516' title='bbox 2489 3449 2762 3520; x_wconf 78' lang='grc' dir='ltr'>φιλέεσκε,</span> <span class='ocrx_word' id='word_1_517' title='bbox 2802 3451 2898 3518; x_wconf 88' lang='grc' dir='ltr'>μιῇ</span> <span class='ocrx_word' id='word_1_518' title='bbox 2930 3446 3202 3513; x_wconf 83' lang='grc' dir='ltr'>ξυνώσατο</span> <span class='ocrx_word' id='word_1_519' title='bbox 3236 3448 3386 3516; x_wconf 75' lang='grc' dir='ltr'>φωνῇ</span> 
     </span>
    </p>
   </div>
   <div class='ocr_carea' id='block_1_81' title="bbox 2126 3525 3663 3611">
    <p class='ocr_par' dir='ltr' id='par_1_81' title="bbox 2126 3525 3663 3611">
     <span class='ocr_line' id='line_1_81' title="bbox 2126 3525 3663 3611; baseline -0.004 -18"><span class='ocrx_word' id='word_1_520' title='bbox 2126 3542 2293 3611; x_wconf 79' lang='grc' dir='ltr'>Ἀμφὶ</span> <span class='ocrx_word' id='word_1_521' title='bbox 2324 3553 2517 3611; x_wconf 72' lang='grc' dir='ltr'>τάφοιο</span> <span class='ocrx_word' id='word_1_522' title='bbox 2542 3543 2737 3594; x_wconf 85' lang='grc' dir='ltr'>κενοῖο.</span> <span class='ocrx_word' id='word_1_523' title='bbox 2770 3539 2802 3593; x_wconf 83' lang='grc'><strong>5</strong></span> <span class='ocrx_word' id='word_1_524' title='bbox 2831 3539 2938 3591; x_wconf 81' lang='lat' dir='ltr'><strong>Kal.</strong></span> <span class='ocrx_word' id='word_1_525' title='bbox 2970 3538 3044 3601; x_wconf 86' lang='grc' dir='ltr'>ὡς</span> <span class='ocrx_word' id='word_1_526' title='bbox 3078 3525 3408 3608; x_wconf 13' lang='grc' dir='ltr'>ἔχεξΠέτρος</span> <span class='ocrx_word' id='word_1_527' title='bbox 3433 3536 3663 3598; x_wconf 83' lang='grc' dir='ltr'>ἀκούσας,</span> 
     </span>
    </p>
   </div>
   <div class='ocr_carea' id='block_1_82' title="bbox 2117 3633 3456 3708">
    <p class='ocr_par' dir='ltr' id='par_1_82' title="bbox 2117 3633 3456 3708">
     <span class='ocr_line' id='line_1_82' title="bbox 2117 3633 3456 3708; baseline 0.003 -23"><span class='ocrx_word' id='word_1_528' title='bbox 2117 3633 2392 3702; x_wconf 84' lang='grc' dir='ltr'>Ἔμπνοος</span> <span class='ocrx_word' id='word_1_529' title='bbox 2415 3635 2751 3706; x_wconf 89' lang='grc' dir='ltr'>οίστρηθέντι</span> <span class='ocrx_word' id='word_1_530' title='bbox 2783 3637 2958 3691; x_wconf 85' lang='grc' dir='ltr'>ποδῶν</span> <span class='ocrx_word' id='word_1_531' title='bbox 2989 3638 3236 3708; x_wconf 76' lang='grc' dir='ltr'>διφήτορι</span> <span class='ocrx_word' id='word_1_532' title='bbox 3268 3636 3456 3708; x_wconf 83' lang='grc' dir='ltr'>ταρσῷ</span> 
     </span>
    </p>
   </div>
   <div class='ocr_carea' id='block_1_83' title="bbox 2118 3723 3522 3800">
    <p class='ocr_par' dir='ltr' id='par_1_83' title="bbox 2118 3723 3522 3800">
     <span class='ocr_line' id='line_1_83' title="bbox 2118 3723 3522 3800; baseline 0.008 -26"><span class='ocrx_word' id='word_1_533' title='bbox 2118 3723 2377 3795; x_wconf 78' lang='grc' dir='ltr'>¹Ἀνθορεν</span> <span class='ocrx_word' id='word_1_534' title='bbox 2403 3727 2467 3779; x_wconf 85' lang='grc' dir='ltr'>ἐκ</span> <span class='ocrx_word' id='word_1_535' title='bbox 2502 3727 2762 3798; x_wconf 85' lang='grc' dir='ltr'>μεγάροιο</span> <span class='ocrx_word' id='word_1_536' title='bbox 2788 3744 2799 3757; x_wconf 81' lang='grc'><em>’</em></span> <span class='ocrx_word' id='word_1_537' title='bbox 2833 3729 2926 3782; x_wconf 66' lang='grc' dir='ltr'>καὶ</span> <span class='ocrx_word' id='word_1_538' title='bbox 2952 3729 3247 3800; x_wconf 82' lang='grc' dir='ltr'>ὡμάρτησε</span> <span class='ocrx_word' id='word_1_539' title='bbox 3278 3729 3522 3799; x_wconf 76' lang='grc' dir='ltr'>μαθητὴς</span> 
     </span>
    </p>
   </div>
   <div class='ocr_carea' id='block_1_84' title="bbox 2117 3813 3661 3892">
    <p class='ocr_par' dir='ltr' id='par_1_84' title="bbox 2117 3813 3661 3892">
     <span class='ocr_line' id='line_1_84' title="bbox 2117 3813 3661 3892; baseline -0.001 -24"><span class='ocrx_word' id='word_1_540' title='bbox 2117 3813 2306 3878; x_wconf 76' lang='grc' dir='ltr'>Ἄλλος</span> <span class='ocrx_word' id='word_1_541' title='bbox 2320 3815 2470 3886; x_wconf 82' lang='grc' dir='ltr'>ὁμῶς</span> <span class='ocrx_word' id='word_1_542' title='bbox 2490 3818 2582 3871; x_wconf 74' lang='grc' dir='ltr'>ἐπὶ</span> <span class='ocrx_word' id='word_1_543' title='bbox 2600 3820 2748 3890; x_wconf 84' lang='grc' dir='ltr'>σῆμα</span> <span class='ocrx_word' id='word_1_544' title='bbox 2770 3833 2784 3848; x_wconf 86' lang='grc'><em>”</em></span> <span class='ocrx_word' id='word_1_545' title='bbox 2803 3821 2838 3873; x_wconf 74' lang='grc'>4</span> <span class='ocrx_word' id='word_1_546' title='bbox 2853 3821 2944 3873; x_wconf 79' lang='grc' dir='ltr'>καὶ</span> <span class='ocrx_word' id='word_1_547' title='bbox 2960 3822 3038 3884; x_wconf 86' lang='grc' dir='ltr'>είς</span> <span class='ocrx_word' id='word_1_548' title='bbox 3057 3820 3250 3892; x_wconf 88' lang='grc' dir='ltr'>δρόμον</span> <span class='ocrx_word' id='word_1_549' title='bbox 3272 3820 3488 3891; x_wconf 79' lang='grc' dir='ltr'>ἔτρεχον</span> <span class='ocrx_word' id='word_1_550' title='bbox 3505 3818 3661 3888; x_wconf 72' lang='grc' dir='ltr'>ἄμφω.</span> 
     </span>
    </p>
   </div>
   <div class='ocr_carea' id='block_1_85' title="bbox 2114 3905 3554 3982">
    <p class='ocr_par' dir='ltr' id='par_1_85' title="bbox 2114 3905 3554 3982">
     <span class='ocr_line' id='line_1_85' title="bbox 2114 3905 3554 3982; baseline 0.01 -26"><span class='ocrx_word' id='word_1_551' title='bbox 2114 3905 2223 3957; x_wconf 74' lang='grc' dir='ltr'>Καὶ</span> <span class='ocrx_word' id='word_1_552' title='bbox 2251 3905 2526 3977; x_wconf 87' lang='grc' dir='ltr'>φθάμενος</span> <span class='ocrx_word' id='word_1_553' title='bbox 2557 3908 2777 3980; x_wconf 70' lang='grc' dir='ltr'>Σίμωνι’⁸</span> <span class='ocrx_word' id='word_1_554' title='bbox 2809 3910 3109 3982; x_wconf 86' lang='grc' dir='ltr'>ποδήνεμος</span> <span class='ocrx_word' id='word_1_555' title='bbox 3133 3907 3264 3982; x_wconf 75' lang='grc' dir='ltr'>ἦλθε</span> <span class='ocrx_word' id='word_1_556' title='bbox 3292 3909 3554 3980; x_wconf 76' lang='grc' dir='ltr'>μαθητὴς.</span> 
     </span>
    </p>
   </div>
   <div class='ocr_carea' id='block_1_86' title="bbox 2114 3996 3558 4073">
    <p class='ocr_par' dir='ltr' id='par_1_86' title="bbox 2114 3996 3558 4073">
     <span class='ocr_line' id='line_1_86' title="bbox 2114 3996 3558 4073; baseline 0.001 -24"><span class='ocrx_word' id='word_1_557' title='bbox 2114 3996 2319 4068; x_wconf 84' lang='grc' dir='ltr'>Πέτρου</span> <span class='ocrx_word' id='word_1_558' title='bbox 2348 3997 2738 4070; x_wconf 86' lang='grc' dir='ltr'>σπερχομένοιο</span> <span class='ocrx_word' id='word_1_559' title='bbox 2767 3999 3052 4073; x_wconf 80' lang='grc' dir='ltr'>θοώτερος.</span> <span class='ocrx_word' id='word_1_560' title='bbox 3083 4001 3118 4056; x_wconf 84' lang='grc'><strong>5</strong></span> <span class='ocrx_word' id='word_1_561' title='bbox 3156 4000 3487 4072; x_wconf 78' lang='grc' dir='ltr'>Ἀγχιφανὴς</span> <span class='ocrx_word' id='word_1_562' title='bbox 3507 4000 3558 4052; x_wconf 73' lang='grc' dir='ltr'>δὲ</span> 
     </span>
    </p>
   </div>
   <div class='ocr_carea' id='block_1_87' title="bbox 2125 4089 3586 4165">
    <p class='ocr_par' dir='ltr' id='par_1_87' title="bbox 2125 4089 3586 4165">
     <span class='ocr_line' id='line_1_87' title="bbox 2125 4089 3586 4165; baseline 0.002 -23"><span class='ocrx_word' id='word_1_563' title='bbox 2125 4089 2433 4160; x_wconf 89' lang='grc' dir='ltr'>Ἰστάμενος</span> <span class='ocrx_word' id='word_1_564' title='bbox 2451 4091 2756 4162; x_wconf 77' lang='grc' dir='ltr'>παρέκυψε,</span> <span class='ocrx_word' id='word_1_565' title='bbox 2785 4093 2880 4146; x_wconf 70' lang='grc' dir='ltr'>καὶ</span> <span class='ocrx_word' id='word_1_566' title='bbox 2906 4093 3131 4165; x_wconf 78' lang='grc' dir='ltr'>ἔδρακεν</span> <span class='ocrx_word' id='word_1_567' title='bbox 3163 4093 3334 4147; x_wconf 89' lang='grc' dir='ltr'>ἔνδοθι</span> <span class='ocrx_word' id='word_1_568' title='bbox 3366 4093 3586 4164; x_wconf 81' lang='grc' dir='ltr'>τύμϐου,</span> 
     </span>
    </p>
   </div>
   <div class='ocr_carea' id='block_1_88' title="bbox 2127 4181 3429 4256">
    <p class='ocr_par' dir='ltr' id='par_1_88' title="bbox 2127 4181 3429 4256">
     <span class='ocr_line' id='line_1_88' title="bbox 2127 4181 3429 4256; baseline 0.005 -23"><span class='ocrx_word' id='word_1_569' title='bbox 2127 4181 2420 4245; x_wconf 82' lang='grc' dir='ltr'>Ἀντωποίς</span> <span class='ocrx_word' id='word_1_570' title='bbox 2446 4181 2764 4254; x_wconf 81' lang='grc' dir='ltr'>βλεφάροισι</span> <span class='ocrx_word' id='word_1_571' title='bbox 2792 4185 3044 4256; x_wconf 84' lang='grc' dir='ltr'>κενήριον</span> <span class='ocrx_word' id='word_1_572' title='bbox 3071 4185 3165 4250; x_wconf 78' lang='grc' dir='ltr'>ὀξὺ</span> <span class='ocrx_word' id='word_1_573' title='bbox 3192 4186 3429 4239; x_wconf 84' lang='grc' dir='ltr'>δοκεύων</span> 
     </span>
    </p>
   </div>
   <div class='ocr_carea' id='block_1_89' title="bbox 2115 4272 3395 4347">
    <p class='ocr_par' dir='ltr' id='par_1_89' title="bbox 2115 4272 3395 4347">
     <span class='ocr_line' id='line_1_89' title="bbox 2115 4272 3395 4347; baseline 0.004 -23"><span class='ocrx_word' id='word_1_574' title='bbox 2115 4272 2459 4344; x_wconf 86' lang='grc' dir='ltr'>Κεκλιμένας</span> <span class='ocrx_word' id='word_1_575' title='bbox 2490 4274 2680 4339; x_wconf 86' lang='grc' dir='ltr'>ὀθόνας</span> <span class='ocrx_word' id='word_1_576' title='bbox 2704 4274 2993 4345; x_wconf 84' lang='grc' dir='ltr'>χιονώδεας</span> <span class='ocrx_word' id='word_1_577' title='bbox 3023 4276 3179 4346; x_wconf 81' lang='grc' dir='ltr'>ὑψόθι</span> <span class='ocrx_word' id='word_1_578' title='bbox 3213 4277 3395 4347; x_wconf 87' lang='grc' dir='ltr'>γαίης.</span> 
     </span>
    </p>
   </div>
   <div class='ocr_carea' id='block_1_90' title="bbox 2116 4364 3574 4440">
    <p class='ocr_par' dir='ltr' id='par_1_90' title="bbox 2116 4364 3574 4440">
     <span class='ocr_line' id='line_1_90' title="bbox 2116 4364 3574 4440; baseline 0.001 -23"><span class='ocrx_word' id='word_1_579' title='bbox 2116 4365 2190 4417; x_wconf 85' lang='grc' dir='ltr'><strong>Οὐ</strong></span> <span class='ocrx_word' id='word_1_580' title='bbox 2226 4366 2325 4434; x_wconf 86' lang='grc' dir='ltr'>μὲν</span> <span class='ocrx_word' id='word_1_581' title='bbox 2351 4364 2462 4419; x_wconf 86' lang='grc' dir='ltr'>ἔσω</span> <span class='ocrx_word' id='word_1_582' title='bbox 2496 4365 2749 4428; x_wconf 83' lang='grc' dir='ltr'>διέϐαινε,</span> <span class='ocrx_word' id='word_1_583' title='bbox 2774 4367 2871 4421; x_wconf 79' lang='grc' dir='ltr'>καὶ</span> <span class='ocrx_word' id='word_1_584' title='bbox 2903 4369 2952 4421; x_wconf 86' lang='grc' dir='ltr'>εί</span> <span class='ocrx_word' id='word_1_585' title='bbox 2976 4368 3146 4438; x_wconf 79' lang='grc' dir='ltr'>ταχὺς</span> <span class='ocrx_word' id='word_1_586' title='bbox 3172 4364 3334 4440; x_wconf 81' lang='grc' dir='ltr'>ἦλθεν</span> <span class='ocrx_word' id='word_1_587' title='bbox 3365 4368 3574 4428; x_wconf 82' lang='grc' dir='ltr'>ὁδεύων,</span> 
     </span>
    </p>
   </div>
   <div class='ocr_carea' id='block_1_91' title="bbox 441 4455 2014 4533">
    <p class='ocr_par' dir='ltr' id='par_1_91' title="bbox 441 4455 2007 4528">
     <span class='ocr_line' id='line_1_91' title="bbox 441 4455 2007 4528; baseline 0.001 -16"><span class='ocrx_word' id='word_1_588' title='bbox 441 4457 673 4528; x_wconf 83' lang='lat' dir='ltr'><strong>pedibus</strong></span> <span class='ocrx_word' id='word_1_589' title='bbox 701 4457 972 4526; x_wconf 89' lang='lat' dir='ltr'><strong>posterior</strong></span> <span class='ocrx_word' id='word_1_590' title='bbox 992 4456 1142 4510; x_wconf 89' lang='lat' dir='ltr'><strong>venit</strong></span> <span class='ocrx_word' id='word_1_591' title='bbox 1172 4455 1385 4524; x_wconf 88' lang='lat' dir='ltr'><strong>Simon,</strong></span> <span class='ocrx_word' id='word_1_592' title='bbox 1403 4456 1471 4512; x_wconf 85' lang='lat' dir='ltr'><strong>Et</strong></span> <span class='ocrx_word' id='word_1_593' title='bbox 1498 4458 1807 4514; x_wconf 89' lang='lat' dir='ltr'><strong>celerintus</strong></span> <span class='ocrx_word' id='word_1_594' title='bbox 1831 4459 2007 4525; x_wconf 89' lang='lat' dir='ltr'><strong>venit;</strong></span> 
     </span>
    </p>
   </div>
   <div class='ocr_carea' id='block_1_92' title="bbox 2133 4455 3590 4533">
    <p class='ocr_par' dir='ltr' id='par_1_92' title="bbox 2133 4455 3590 4533">
     <span class='ocr_line' id='line_1_92' title="bbox 2133 4455 3590 4533; baseline 0.002 -25"><span class='ocrx_word' id='word_1_595' title='bbox 2133 4455 2150 4509; x_wconf 70' lang='grc' dir='ltr'><strong>ἶ</strong></span> <span class='ocrx_word' id='word_1_596' title='bbox 2195 4457 2524 4527; x_wconf 81' lang='grc' dir='ltr'>Ἐσπόμενος</span> <span class='ocrx_word' id='word_1_597' title='bbox 2555 4457 2612 4510; x_wconf 82' lang='grc' dir='ltr'>δὲ</span> <span class='ocrx_word' id='word_1_598' title='bbox 2637 4457 2890 4513; x_wconf 86' lang='grc' dir='ltr'>πόδεσσιν</span> <span class='ocrx_word' id='word_1_599' title='bbox 2915 4459 3202 4533; x_wconf 83' lang='grc' dir='ltr'>ὀπίστερος</span> <span class='ocrx_word' id='word_1_600' title='bbox 3227 4460 3376 4514; x_wconf 80' lang='grc' dir='ltr'>ἵκετο</span> <span class='ocrx_word' id='word_1_601' title='bbox 3397 4462 3590 4531; x_wconf 85' lang='grc' dir='ltr'>Σίμων,</span> 
     </span>
    </p>
   </div>
   <div class='ocr_carea' id='block_1_93' title="bbox 1644 4662 2493 4729">
    <p class='ocr_par' dir='ltr' id='par_1_93' title="bbox 1644 4662 2493 4729">
     <span class='ocr_line' id='line_1_93' title="bbox 1644 4662 2493 4729; baseline 0.001 -2"><span class='ocrx_word' id='word_1_602' title='bbox 1644 4672 1926 4729; x_wconf 74' lang='grc' dir='ltr'>ΤΕΧΤΗΒ</span> <span class='ocrx_word' id='word_1_603' title='bbox 1964 4662 2493 4728; x_wconf 64' lang='grc' dir='ltr'>ΕῩΑΝΟΕΙᾸΒΤΔΕ.</span> 
     </span>
    </p>
   </div>
   <div class='ocr_carea' id='block_1_94' title="bbox 440 4824 2012 4899">
    <p class='ocr_par' dir='ltr' id='par_1_94' title="bbox 440 4824 2012 4899">
     <span class='ocr_line' id='line_1_94' title="bbox 440 4824 2012 4899; baseline 0.001 -21"><span class='ocrx_word' id='word_1_604' title='bbox 440 4826 570 4879; x_wconf 71' lang='grc' dir='ltr'>αὐτὸ</span> <span class='ocrx_word' id='word_1_605' title='bbox 597 4825 822 4891; x_wconf 74' lang='grc' dir='ltr'>ὀθονίοις</span> <span class='ocrx_word' id='word_1_606' title='bbox 863 4827 1001 4898; x_wconf 87' lang='grc' dir='ltr'>μετά</span> <span class='ocrx_word' id='word_1_607' title='bbox 1030 4826 1138 4882; x_wconf 83' lang='grc' dir='ltr'>τῶν</span> <span class='ocrx_word' id='word_1_608' title='bbox 1171 4826 1498 4899; x_wconf 82' lang='grc' dir='ltr'>ἀρωμάτων,</span> <span class='ocrx_word' id='word_1_609' title='bbox 1533 4824 1710 4890; x_wconf 82' lang='grc' dir='ltr'>καθὼς</span> <span class='ocrx_word' id='word_1_610' title='bbox 1741 4825 1860 4890; x_wconf 75' lang='grc' dir='ltr'>ἔθος</span> <span class='ocrx_word' id='word_1_611' title='bbox 1895 4827 2012 4880; x_wconf 77' lang='grc' dir='ltr'>ἐστὶ</span> 
     </span>
    </p>
   </div>
   <div class='ocr_carea' id='block_1_95' title="bbox 440 4910 1251 4982">
    <p class='ocr_par' dir='ltr' id='par_1_95' title="bbox 440 4910 1251 4982">
     <span class='ocr_line' id='line_1_95' title="bbox 440 4910 1251 4982; baseline 0.005 -20"><span class='ocrx_word' id='word_1_612' title='bbox 440 4913 550 4972; x_wconf 76' lang='grc' dir='ltr'>τοῖς</span> <span class='ocrx_word' id='word_1_613' title='bbox 587 4910 858 4974; x_wconf 79' lang='grc' dir='ltr'>Ἰουδαίοις</span> <span class='ocrx_word' id='word_1_614' title='bbox 887 4911 1251 4982; x_wconf 81' lang='grc' dir='ltr'>ἐνταφιάζειν.</span> 
     </span>
    </p>
   </div>
   <div class='ocr_carea' id='block_1_96' title="bbox 506 4987 2012 5067">
    <p class='ocr_par' dir='ltr' id='par_1_96' title="bbox 506 4987 2012 5067">
     <span class='ocr_line' id='line_1_96' title="bbox 506 4987 2012 5067; baseline 0.006 -23"><span class='ocrx_word' id='word_1_615' title='bbox 506 4994 564 5045; x_wconf 71' lang='grc'>41</span> <span class='ocrx_word' id='word_1_616' title='bbox 607 4987 715 5044; x_wconf 87' lang='grc' dir='ltr'>Ἦν</span> <span class='ocrx_word' id='word_1_617' title='bbox 747 4995 804 5046; x_wconf 85' lang='grc' dir='ltr'>δέ</span> <span class='ocrx_word' id='word_1_618' title='bbox 833 4996 890 5048; x_wconf 89' lang='grc' dir='ltr'>ἐν</span> <span class='ocrx_word' id='word_1_619' title='bbox 909 4995 985 5066; x_wconf 83' lang='grc' dir='ltr'>τῷ</span> <span class='ocrx_word' id='word_1_620' title='bbox 1007 4997 1156 5067; x_wconf 85' lang='grc' dir='ltr'>τόπῳ</span> <span class='ocrx_word' id='word_1_621' title='bbox 1187 4998 1318 5050; x_wconf 87' lang='grc' dir='ltr'>ὅπου</span> <span class='ocrx_word' id='word_1_622' title='bbox 1354 4995 1668 5066; x_wconf 83' lang='grc' dir='ltr'>ἐσταυρώθη</span> <span class='ocrx_word' id='word_1_623' title='bbox 1700 4997 1892 5067; x_wconf 83' lang='grc' dir='ltr'>κῆπος,</span> <span class='ocrx_word' id='word_1_624' title='bbox 1917 5001 2012 5053; x_wconf 75' lang='grc' dir='ltr'>καὶ</span> 
     </span>
    </p>
   </div>
   <div class='ocr_carea' id='block_1_97' title="bbox 439 5073 2010 5150">
    <p class='ocr_par' dir='ltr' id='par_1_97' title="bbox 439 5073 2010 5150">
     <span class='ocr_line' id='line_1_97' title="bbox 439 5073 2010 5150; baseline 0.006 -22"><span class='ocrx_word' id='word_1_625' title='bbox 439 5077 497 5128; x_wconf 87' lang='grc' dir='ltr'>ἐν</span> <span class='ocrx_word' id='word_1_626' title='bbox 544 5073 622 5145; x_wconf 82' lang='grc' dir='ltr'>τῷ</span> <span class='ocrx_word' id='word_1_627' title='bbox 651 5078 812 5146; x_wconf 83' lang='grc' dir='ltr'>κήπῳ</span> <span class='ocrx_word' id='word_1_628' title='bbox 861 5082 1120 5148; x_wconf 83' lang='grc' dir='ltr'>μνημεῖον</span> <span class='ocrx_word' id='word_1_629' title='bbox 1168 5081 1370 5146; x_wconf 82' lang='grc' dir='ltr'>καινὸν,</span> <span class='ocrx_word' id='word_1_630' title='bbox 1406 5082 1462 5134; x_wconf 92' lang='grc' dir='ltr'>ἐν</span> <span class='ocrx_word' id='word_1_631' title='bbox 1505 5076 1550 5150; x_wconf 80' lang='grc' dir='ltr'>ᾧ</span> <span class='ocrx_word' id='word_1_632' title='bbox 1592 5083 1804 5136; x_wconf 79' lang='grc' dir='ltr'>οὐδέπω</span> <span class='ocrx_word' id='word_1_633' title='bbox 1836 5083 2010 5148; x_wconf 71' lang='grc' dir='ltr'>οὐδεὶς</span> 
     </span>
    </p>
   </div>
   <div class='ocr_carea' id='block_1_98' title="bbox 509 5236 2004 5342">
    <p class='ocr_par' dir='ltr' id='par_1_98' title="bbox 509 5236 2004 5342">
     <span class='ocr_line' id='line_1_98' title="bbox 509 5236 2004 5342; baseline 0.007 -47"><span class='ocrx_word' id='word_1_634' title='bbox 509 5241 578 5295; x_wconf 72' lang='grc'>42</span> <span class='ocrx_word' id='word_1_635' title='bbox 619 5242 770 5342; x_wconf 66' lang='grc' dir='ltr'>ἘκεΞ</span> <span class='ocrx_word' id='word_1_636' title='bbox 789 5236 880 5294; x_wconf 76' lang='grc' dir='ltr'>οὖν</span> <span class='ocrx_word' id='word_1_637' title='bbox 907 5241 994 5293; x_wconf 79' lang='grc' dir='ltr'>διὰ</span> <span class='ocrx_word' id='word_1_638' title='bbox 1034 5242 1526 5318; x_wconf 71' lang='grc' dir='ltr'>τὴνᾙαρασκευὴν</span> <span class='ocrx_word' id='word_1_639' title='bbox 1557 5250 1664 5303; x_wconf 80' lang='grc' dir='ltr'>τῶν</span> <span class='ocrx_word' id='word_1_640' title='bbox 1717 5250 2004 5342; x_wconf 61' lang='grc' dir='ltr'>Ἰουδαίωγ,</span> 
     </span>
     <span class='ocr_line' id='line_1_99' title="bbox 550 5323 1777 5342; baseline 0 0"><span class='ocrx_word' id='word_1_641' title='bbox 550 5326 562 5342; x_wconf 85' lang='lat'><strong>.</strong></span> <span class='ocrx_word' id='word_1_642' title='bbox 640 5325 664 5342; x_wconf 32' lang='grc' dir='ltr'>ν.</span> <span class='ocrx_word' id='word_1_643' title='bbox 865 5323 883 5342; x_wconf 71' lang='grc' dir='ltr'>ι</span> <span class='ocrx_word' id='word_1_644' title='bbox 927 5341 930 5342; x_wconf 65' lang='lat'>,</span> <span class='ocrx_word' id='word_1_645' title='bbox 1103 5327 1124 5342; x_wconf 87' lang='lat'><strong>..</strong></span> <span class='ocrx_word' id='word_1_646' title='bbox 1233 5327 1287 5342; x_wconf 65' lang='grc' dir='ltr'>,ιη</span> <span class='ocrx_word' id='word_1_647' title='bbox 1498 5330 1511 5342; x_wconf 90' lang='grc'>.</span> <span class='ocrx_word' id='word_1_648' title='bbox 1605 5333 1641 5342; x_wconf 91' lang='grc'>.-</span> <span class='ocrx_word' id='word_1_649' title='bbox 1753 5333 1777 5342; x_wconf 90' lang='grc'>-</span> 
     </span>
    </p>
   </div>
   <div class='ocr_carea' id='block_1_99' title="bbox 439 5321 1831 5402">
    <p class='ocr_par' dir='ltr' id='par_1_99' title="bbox 439 5321 1831 5402">
     <span class='ocr_line' id='line_1_100' title="bbox 439 5321 1831 5402; baseline 0.005 -22"><span class='ocrx_word' id='word_1_650' title='bbox 439 5325 517 5380; x_wconf 64' lang='grc' dir='ltr'>ὅτι</span> <span class='ocrx_word' id='word_1_651' title='bbox 547 5325 713 5395; x_wconf 79' lang='grc' dir='ltr'>ἐγγὺς</span> <span class='ocrx_word' id='word_1_652' title='bbox 741 5321 810 5396; x_wconf 73' lang='grc' dir='ltr'>ἦν</span> <span class='ocrx_word' id='word_1_653' title='bbox 832 5323 892 5377; x_wconf 79' lang='grc' dir='ltr'>τὸ</span> <span class='ocrx_word' id='word_1_654' title='bbox 921 5327 1202 5395; x_wconf 86' lang='grc' dir='ltr'>μνημεῖον,</span> <span class='ocrx_word' id='word_1_655' title='bbox 1231 5327 1435 5399; x_wconf 77' lang='grc' dir='ltr'>ἔθηκαν</span> <span class='ocrx_word' id='word_1_656' title='bbox 1463 5330 1554 5384; x_wconf 85' lang='grc' dir='ltr'>τὸν</span> <span class='ocrx_word' id='word_1_657' title='bbox 1605 5333 1831 5402; x_wconf 83' lang='grc' dir='ltr'>Ἰησοῦν.</span> 
     </span>
    </p>
   </div>
   <div class='ocr_carea' id='block_1_100' title="bbox 1081 5448 1362 5504">
    <p class='ocr_par' dir='ltr' id='par_1_100' title="bbox 1081 5448 1362 5504">
     <span class='ocr_line' id='line_1_101' title="bbox 1081 5448 1362 5504; baseline 0.018 -4"><span class='ocrx_word' id='word_1_658' title='bbox 1081 5448 1237 5502; x_wconf 82' lang='grc' dir='ltr'>ΚΕΦ.</span> <span class='ocrx_word' id='word_1_659' title='bbox 1278 5452 1362 5504; x_wconf 84' lang='grc' dir='ltr'>Κ’.</span> 
     </span>
    </p>
   </div>
   <div class='ocr_carea' id='block_1_101' title="bbox 513 5553 2014 5636">
    <p class='ocr_par' dir='ltr' id='par_1_101' title="bbox 513 5553 2014 5636">
     <span class='ocr_line' id='line_1_102' title="bbox 513 5553 2014 5636; baseline 0.005 -29"><span class='ocrx_word' id='word_1_660' title='bbox 513 5555 532 5607; x_wconf 81' lang='grc' dir='ltr'>ι</span> <span class='ocrx_word' id='word_1_661' title='bbox 570 5555 648 5626; x_wconf 82' lang='grc' dir='ltr'>Τῇ</span> <span class='ocrx_word' id='word_1_662' title='bbox 681 5554 737 5608; x_wconf 75' lang='grc' dir='ltr'>δὲ</span> <span class='ocrx_word' id='word_1_663' title='bbox 771 5556 872 5625; x_wconf 82' lang='grc' dir='ltr'>μιᾷ</span> <span class='ocrx_word' id='word_1_664' title='bbox 916 5553 1022 5606; x_wconf 81' lang='grc' dir='ltr'>τῶν</span> <span class='ocrx_word' id='word_1_665' title='bbox 1053 5553 1339 5608; x_wconf 86' lang='grc' dir='ltr'>σαϐϐάτων</span> <span class='ocrx_word' id='word_1_666' title='bbox 1382 5557 1568 5626; x_wconf 83' lang='grc' dir='ltr'>Μαρία</span> <span class='ocrx_word' id='word_1_667' title='bbox 1610 5561 1641 5630; x_wconf 78' lang='grc' dir='ltr'>ἡ</span> <span class='ocrx_word' id='word_1_668' title='bbox 1680 5561 2014 5636; x_wconf 75' lang='grc' dir='ltr'>Μαγδαληνὴ</span> 
     </span>
    </p>
   </div>
   <div class='ocr_carea' id='block_1_102' title="bbox 440 5635 2013 5714">
    <p class='ocr_par' dir='ltr' id='par_1_102' title="bbox 440 5635 2013 5714">
     <span class='ocr_line' id='line_1_103' title="bbox 440 5635 2013 5714; baseline 0.009 -25"><span class='ocrx_word' id='word_1_669' title='bbox 440 5635 654 5704; x_wconf 71' lang='grc' dir='ltr'>ἔρχεται</span> <span class='ocrx_word' id='word_1_670' title='bbox 684 5636 824 5708; x_wconf 82' lang='grc' dir='ltr'>πρωῒ</span> <span class='ocrx_word' id='word_1_671' title='bbox 851 5637 1069 5701; x_wconf 77' lang='grc' dir='ltr'>σκοτίας</span> <span class='ocrx_word' id='word_1_672' title='bbox 1092 5636 1172 5691; x_wconf 85' lang='grc' dir='ltr'>ἔτι</span> <span class='ocrx_word' id='word_1_673' title='bbox 1191 5637 1377 5709; x_wconf 79' lang='grc' dir='ltr'>οὔσης,</span> <span class='ocrx_word' id='word_1_674' title='bbox 1406 5641 1485 5702; x_wconf 89' lang='grc' dir='ltr'>είς</span> <span class='ocrx_word' id='word_1_675' title='bbox 1510 5641 1569 5692; x_wconf 76' lang='grc' dir='ltr'>τὸ</span> <span class='ocrx_word' id='word_1_676' title='bbox 1597 5649 1857 5714; x_wconf 83' lang='grc' dir='ltr'>μνημεῖον</span> <span class='ocrx_word' id='word_1_677' title='bbox 1877 5665 1889 5680; x_wconf 80' lang='grc'><em>’</em></span> <span class='ocrx_word' id='word_1_678' title='bbox 1920 5649 2013 5702; x_wconf 71' lang='grc' dir='ltr'>καὶ</span> 
     </span>
    </p>
   </div>
   <div class='ocr_carea' id='block_1_103' title="bbox 442 5719 1728 5796">
    <p class='ocr_par' dir='ltr' id='par_1_103' title="bbox 442 5719 1728 5796">
     <span class='ocr_line' id='line_1_104' title="bbox 442 5719 1728 5796; baseline 0.011 -31"><span class='ocrx_word' id='word_1_679' title='bbox 442 5719 624 5784; x_wconf 66' lang='grc' dir='ltr'>βλέπει</span> <span class='ocrx_word' id='word_1_680' title='bbox 648 5721 738 5774; x_wconf 70' lang='grc' dir='ltr'>τὸν</span> <span class='ocrx_word' id='word_1_681' title='bbox 768 5721 912 5776; x_wconf 86' lang='grc' dir='ltr'>λίθον</span> <span class='ocrx_word' id='word_1_682' title='bbox 933 5722 1171 5794; x_wconf 67' lang='grc' dir='ltr'>ἠρμένον</span> <span class='ocrx_word' id='word_1_683' title='bbox 1197 5725 1259 5777; x_wconf 85' lang='grc' dir='ltr'>ἐκ</span> <span class='ocrx_word' id='word_1_684' title='bbox 1297 5722 1391 5778; x_wconf 85' lang='grc' dir='ltr'>τοῦ</span> <span class='ocrx_word' id='word_1_685' title='bbox 1428 5726 1693 5796; x_wconf 74' lang='grc' dir='ltr'>μνημείου</span> <span class='ocrx_word' id='word_1_686' title='bbox 1717 5745 1728 5758; x_wconf 89' lang='grc'><strong>·</strong></span> 
     </span>
    </p>
   </div>
   <div class='ocr_carea' id='block_1_104' title="bbox 2187 4821 3664 4898">
    <p class='ocr_par' dir='ltr' id='par_1_104' title="bbox 2187 4821 3664 4898">
     <span class='ocr_line' id='line_1_105' title="bbox 2187 4821 3664 4898; baseline -0.002 -20"><span class='ocrx_word' id='word_1_687' title='bbox 2187 4825 2222 4878; x_wconf 75' lang='lat'>2</span> <span class='ocrx_word' id='word_1_688' title='bbox 2249 4823 2442 4895; x_wconf 82' lang='grc' dir='ltr'>Τρέχει</span> <span class='ocrx_word' id='word_1_689' title='bbox 2469 4821 2561 4878; x_wconf 78' lang='grc' dir='ltr'>οὖν</span> <span class='ocrx_word' id='word_1_690' title='bbox 2585 4825 2679 4877; x_wconf 74' lang='grc' dir='ltr'>καὶ</span> <span class='ocrx_word' id='word_1_691' title='bbox 2705 4825 2922 4896; x_wconf 85' lang='grc' dir='ltr'>ἔρχεται</span> <span class='ocrx_word' id='word_1_692' title='bbox 2949 4829 3084 4898; x_wconf 73' lang='grc' dir='ltr'>πρὸς</span> <span class='ocrx_word' id='word_1_693' title='bbox 3104 4828 3322 4897; x_wconf 79' lang='grc' dir='ltr'>Σίμωνα</span> <span class='ocrx_word' id='word_1_694' title='bbox 3347 4827 3562 4898; x_wconf 86' lang='grc' dir='ltr'>Πέτρον,</span> <span class='ocrx_word' id='word_1_695' title='bbox 3588 4825 3664 4876; x_wconf 68' lang='grc' dir='ltr'>καὶ</span> 
     </span>
    </p>
   </div>
   <div class='ocr_carea' id='block_1_105' title="bbox 2112 4907 3663 4981">
    <p class='ocr_par' dir='ltr' id='par_1_105' title="bbox 2112 4907 3663 4981">
     <span class='ocr_line' id='line_1_106' title="bbox 2112 4907 3663 4981; baseline -0.002 -21"><span class='ocrx_word' id='word_1_696' title='bbox 2112 4908 2254 4978; x_wconf 78' lang='grc' dir='ltr'>πρὸς</span> <span class='ocrx_word' id='word_1_697' title='bbox 2282 4907 2372 4959; x_wconf 81' lang='grc' dir='ltr'>τὸν</span> <span class='ocrx_word' id='word_1_698' title='bbox 2396 4907 2552 4961; x_wconf 74' lang='grc' dir='ltr'>ἄλλον</span> <span class='ocrx_word' id='word_1_699' title='bbox 2590 4908 2837 4980; x_wconf 80' lang='grc' dir='ltr'>μαθητὴν</span> <span class='ocrx_word' id='word_1_700' title='bbox 2870 4910 2926 4963; x_wconf 80' lang='grc' dir='ltr'>ὃν</span> <span class='ocrx_word' id='word_1_701' title='bbox 2953 4911 3123 4980; x_wconf 85' lang='grc' dir='ltr'>ἐφίλει</span> <span class='ocrx_word' id='word_1_702' title='bbox 3153 4913 3180 4964; x_wconf 90' lang='grc' dir='ltr'>ὁ</span> <span class='ocrx_word' id='word_1_703' title='bbox 3218 4910 3445 4981; x_wconf 86' lang='grc' dir='ltr'>Ἰησοῦς,</span> <span class='ocrx_word' id='word_1_704' title='bbox 3473 4910 3561 4962; x_wconf 73' lang='grc' dir='ltr'>καὶ</span> <span class='ocrx_word' id='word_1_705' title='bbox 3591 4909 3663 4958; x_wconf 82' lang='grc' dir='ltr'>λέ-</span> 
     </span>
    </p>
   </div>
   <div class='ocr_carea' id='block_1_106' title="bbox 2116 4986 3663 5064">
    <p class='ocr_par' dir='ltr' id='par_1_106' title="bbox 2116 4986 3663 5064">
     <span class='ocr_line' id='line_1_107' title="bbox 2116 4986 3663 5064; baseline 0.001 -24"><span class='ocrx_word' id='word_1_706' title='bbox 2116 5006 2202 5056; x_wconf 89' lang='grc' dir='ltr'>γει</span> <span class='ocrx_word' id='word_1_707' title='bbox 2227 4989 2408 5052; x_wconf 81' lang='grc' dir='ltr'>αὺτοῖς</span> <span class='ocrx_word' id='word_1_708' title='bbox 2429 5006 2441 5018; x_wconf 87' lang='grc'><strong>·</strong></span> <span class='ocrx_word' id='word_1_709' title='bbox 2472 4986 2653 5061; x_wconf 85' lang='grc' dir='ltr'>Ἦραν</span> <span class='ocrx_word' id='word_1_710' title='bbox 2682 4991 2772 5047; x_wconf 77' lang='grc' dir='ltr'>τὸν</span> <span class='ocrx_word' id='word_1_711' title='bbox 2803 4993 3005 5063; x_wconf 83' lang='grc' dir='ltr'>Κύριον</span> <span class='ocrx_word' id='word_1_712' title='bbox 3035 4993 3099 5047; x_wconf 86' lang='grc' dir='ltr'>ἐκ</span> <span class='ocrx_word' id='word_1_713' title='bbox 3134 4992 3229 5046; x_wconf 89' lang='grc' dir='ltr'>τοῦ</span> <span class='ocrx_word' id='word_1_714' title='bbox 3265 4994 3542 5064; x_wconf 82' lang='grc' dir='ltr'>μνημείου,</span> <span class='ocrx_word' id='word_1_715' title='bbox 3585 4991 3663 5043; x_wconf 68' lang='grc' dir='ltr'>καὶ</span> 
     </span>
    </p>
   </div>
   <div class='ocr_carea' id='block_1_107' title="bbox 2115 5071 3052 5145">
    <p class='ocr_par' dir='ltr' id='par_1_107' title="bbox 2115 5071 3052 5145">
     <span class='ocr_line' id='line_1_108' title="bbox 2115 5071 3052 5145; baseline 0.006 -20"><span class='ocrx_word' id='word_1_716' title='bbox 2115 5073 2214 5126; x_wconf 81' lang='grc' dir='ltr'>οὐκ</span> <span class='ocrx_word' id='word_1_717' title='bbox 2245 5071 2462 5141; x_wconf 73' lang='grc' dir='ltr'>οἴδαμεν</span> <span class='ocrx_word' id='word_1_718' title='bbox 2497 5074 2599 5126; x_wconf 85' lang='grc' dir='ltr'>ποῦ</span> <span class='ocrx_word' id='word_1_719' title='bbox 2635 5075 2836 5145; x_wconf 83' lang='grc' dir='ltr'>ἔθηκαν</span> <span class='ocrx_word' id='word_1_720' title='bbox 2871 5077 3052 5131; x_wconf 81' lang='grc' dir='ltr'>αὐτόν.</span> 
     </span>
    </p>
   </div>
   <div class='ocr_carea' id='block_1_108' title="bbox 2186 5153 3662 5231">
    <p class='ocr_par' dir='ltr' id='par_1_108' title="bbox 2186 5153 3662 5231">
     <span class='ocr_line' id='line_1_109' title="bbox 2186 5153 3662 5231; baseline 0 -23"><span class='ocrx_word' id='word_1_721' title='bbox 2186 5155 2220 5208; x_wconf 77' lang='grc'><strong>5</strong></span> <span class='ocrx_word' id='word_1_722' title='bbox 2270 5153 2521 5224; x_wconf 82' lang='grc' dir='ltr'>Ἐξῆλθεν</span> <span class='ocrx_word' id='word_1_723' title='bbox 2543 5153 2634 5211; x_wconf 82' lang='grc' dir='ltr'>οῦν</span> <span class='ocrx_word' id='word_1_724' title='bbox 2657 5159 2684 5210; x_wconf 87' lang='grc' dir='ltr'>ὁ</span> <span class='ocrx_word' id='word_1_725' title='bbox 2709 5157 2914 5229; x_wconf 86' lang='grc' dir='ltr'>Πέτρος</span> <span class='ocrx_word' id='word_1_726' title='bbox 2937 5161 3032 5213; x_wconf 72' lang='grc' dir='ltr'>καὶ</span> <span class='ocrx_word' id='word_1_727' title='bbox 3056 5160 3084 5212; x_wconf 88' lang='grc' dir='ltr'>ὁ</span> <span class='ocrx_word' id='word_1_728' title='bbox 3113 5159 3270 5223; x_wconf 79' lang='grc' dir='ltr'>ἄλλος</span> <span class='ocrx_word' id='word_1_729' title='bbox 3299 5159 3559 5231; x_wconf 75' lang='grc' dir='ltr'>μαθητὴς.</span> <span class='ocrx_word' id='word_1_730' title='bbox 3587 5155 3662 5209; x_wconf 68' lang='grc' dir='ltr'>καὶ</span> 
     </span>
    </p>
   </div>
   <div class='ocr_carea' id='block_1_109' title="bbox 2116 5237 2870 5312">
    <p class='ocr_par' dir='ltr' id='par_1_109' title="bbox 2116 5237 2870 5312">
     <span class='ocr_line' id='line_1_110' title="bbox 2116 5237 2870 5312; baseline 0.009 -23"><span class='ocrx_word' id='word_1_731' title='bbox 2116 5237 2346 5308; x_wconf 75' lang='grc' dir='ltr'>ἤρχοντο</span> <span class='ocrx_word' id='word_1_732' title='bbox 2378 5240 2457 5302; x_wconf 85' lang='grc' dir='ltr'>εἰς</span> <span class='ocrx_word' id='word_1_733' title='bbox 2495 5241 2555 5294; x_wconf 82' lang='grc' dir='ltr'>τὸ</span> <span class='ocrx_word' id='word_1_734' title='bbox 2585 5245 2870 5312; x_wconf 85' lang='grc' dir='ltr'>μνημεῖον.</span> 
     </span>
    </p>
   </div>
   <div class='ocr_carea' id='block_1_110' title="bbox 2175 5321 3660 5396">
    <p class='ocr_par' dir='ltr' id='par_1_110' title="bbox 2175 5321 3660 5396">
     <span class='ocr_line' id='line_1_111' title="bbox 2175 5321 3660 5396; baseline 0.007 -24"><span class='ocrx_word' id='word_1_735' title='bbox 2175 5321 2220 5373; x_wconf 67' lang='grc'><strong>4</strong></span> <span class='ocrx_word' id='word_1_736' title='bbox 2253 5322 2512 5392; x_wconf 87' lang='grc' dir='ltr'>’Έτρεχον</span> <span class='ocrx_word' id='word_1_737' title='bbox 2551 5325 2608 5377; x_wconf 88' lang='grc' dir='ltr'>δὲ</span> <span class='ocrx_word' id='word_1_738' title='bbox 2641 5327 2690 5378; x_wconf 87' lang='grc' dir='ltr'>οἱ</span> <span class='ocrx_word' id='word_1_739' title='bbox 2723 5325 2816 5378; x_wconf 91' lang='grc' dir='ltr'>δύο</span> <span class='ocrx_word' id='word_1_740' title='bbox 2859 5323 3016 5396; x_wconf 82' lang='grc' dir='ltr'>ὁμοῦ,</span> <span class='ocrx_word' id='word_1_741' title='bbox 3067 5327 3160 5379; x_wconf 75' lang='grc' dir='ltr'>καὶ</span> <span class='ocrx_word' id='word_1_742' title='bbox 3189 5327 3216 5378; x_wconf 84' lang='grc' dir='ltr'>ὁ</span> <span class='ocrx_word' id='word_1_743' title='bbox 3243 5327 3401 5388; x_wconf 83' lang='grc' dir='ltr'>ἄλλος</span> <span class='ocrx_word' id='word_1_744' title='bbox 3445 5323 3660 5396; x_wconf 68' lang='grc' dir='ltr'>μαθητὴς</span> 
     </span>
    </p>
   </div>
   <div class='ocr_carea' id='block_1_111' title="bbox 2118 5406 3660 5483">
    <p class='ocr_par' dir='ltr' id='par_1_111' title="bbox 2118 5406 3660 5483">
     <span class='ocr_line' id='line_1_112' title="bbox 2118 5406 3660 5483; baseline 0.006 -25"><span class='ocrx_word' id='word_1_745' title='bbox 2118 5406 2425 5477; x_wconf 85' lang='grc' dir='ltr'>προέδραμε</span> <span class='ocrx_word' id='word_1_746' title='bbox 2457 5409 2642 5479; x_wconf 88' lang='grc' dir='ltr'>τάχιον</span> <span class='ocrx_word' id='word_1_747' title='bbox 2680 5409 2772 5464; x_wconf 89' lang='grc' dir='ltr'>τοῦ</span> <span class='ocrx_word' id='word_1_748' title='bbox 2812 5411 3042 5483; x_wconf 87' lang='grc' dir='ltr'>Πέτρου,</span> <span class='ocrx_word' id='word_1_749' title='bbox 3073 5411 3168 5464; x_wconf 69' lang='grc' dir='ltr'>καὶ</span> <span class='ocrx_word' id='word_1_750' title='bbox 3203 5406 3333 5482; x_wconf 83' lang='grc' dir='ltr'>ἦλθε</span> <span class='ocrx_word' id='word_1_751' title='bbox 3369 5410 3570 5483; x_wconf 83' lang='grc' dir='ltr'>πρῶτος</span> <span class='ocrx_word' id='word_1_752' title='bbox 3597 5407 3660 5467; x_wconf 81' lang='grc' dir='ltr'>εἰς</span> 
     </span>
    </p>
   </div>
   <div class='ocr_carea' id='block_1_112' title="bbox 2101 5488 2490 5559">
    <p class='ocr_par' dir='ltr' id='par_1_112' title="bbox 2101 5488 2490 5559">
     <span class='ocr_line' id='line_1_113' title="bbox 2101 5488 2490 5559; baseline 0.005 -19"><span class='ocrx_word' id='word_1_753' title='bbox 2101 5488 2178 5540; x_wconf 83' lang='grc' dir='ltr'>’τὸ</span> <span class='ocrx_word' id='word_1_754' title='bbox 2207 5492 2490 5559; x_wconf 78' lang='grc' dir='ltr'>μνημεῖον.</span> 
     </span>
    </p>
   </div>
   <div class='ocr_carea' id='block_1_113' title="bbox 2183 5569 3657 5648">
    <p class='ocr_par' dir='ltr' id='par_1_113' title="bbox 2183 5569 3657 5648">
     <span class='ocr_line' id='line_1_114' title="bbox 2183 5569 3657 5648; baseline 0.002 -24"><span class='ocrx_word' id='word_1_755' title='bbox 2183 5571 2216 5624; x_wconf 83' lang='grc'>5</span> <span class='ocrx_word' id='word_1_756' title='bbox 2257 5570 2361 5626; x_wconf 70' lang='grc' dir='ltr'>Καὶ</span> <span class='ocrx_word' id='word_1_757' title='bbox 2393 5573 2723 5644; x_wconf 74' lang='grc' dir='ltr'>παρακύψας</span> <span class='ocrx_word' id='word_1_758' title='bbox 2767 5575 2952 5646; x_wconf 84' lang='grc' dir='ltr'>βλέπει</span> <span class='ocrx_word' id='word_1_759' title='bbox 2990 5577 3222 5648; x_wconf 86' lang='grc' dir='ltr'>κείμενα</span> <span class='ocrx_word' id='word_1_760' title='bbox 3267 5581 3338 5631; x_wconf 83' lang='grc' dir='ltr'>τά</span> <span class='ocrx_word' id='word_1_761' title='bbox 3383 5576 3580 5631; x_wconf 84' lang='grc' dir='ltr'>ὀθόνια·</span> <span class='ocrx_word' id='word_1_762' title='bbox 3608 5569 3657 5620; x_wconf 68' lang='grc' dir='ltr'>οὗ</span> 
     </span>
    </p>
   </div>
   <div class='ocr_carea' id='block_1_114' title="bbox 2117 5654 2602 5726">
    <p class='ocr_par' dir='ltr' id='par_1_114' title="bbox 2117 5654 2602 5726">
     <span class='ocr_line' id='line_1_115' title="bbox 2117 5654 2602 5726; baseline 0.012 -20"><span class='ocrx_word' id='word_1_763' title='bbox 2117 5654 2300 5724; x_wconf 89' lang='grc' dir='ltr'>μέντοι</span> <span class='ocrx_word' id='word_1_764' title='bbox 2332 5657 2602 5726; x_wconf 78' lang='grc' dir='ltr'>εἰσῆλθεν.</span> 
     </span>
    </p>
   </div>
   <div class='ocr_carea' id='block_1_115' title="bbox 2202 5730 3653 5816">
    <p class='ocr_par' dir='ltr' id='par_1_115' title="bbox 2202 5730 3653 5816">
     <span class='ocr_line' id='line_1_116' title="bbox 2202 5730 3653 5816; baseline 0.008 -25"><span class='ocrx_word' id='word_1_765' title='bbox 2202 5739 2234 5792; x_wconf 86' lang='grc'>6</span> <span class='ocrx_word' id='word_1_766' title='bbox 2265 5739 2522 5811; x_wconf 82' lang='grc' dir='ltr'>Ἔρχεται</span> <span class='ocrx_word' id='word_1_767' title='bbox 2572 5736 2666 5797; x_wconf 77' lang='grc' dir='ltr'>οὖν</span> <span class='ocrx_word' id='word_1_768' title='bbox 2714 5743 2897 5814; x_wconf 87' lang='grc' dir='ltr'>Σίμων</span> <span class='ocrx_word' id='word_1_769' title='bbox 2925 5745 3132 5816; x_wconf 85' lang='grc' dir='ltr'>Πέτρος</span> <span class='ocrx_word' id='word_1_770' title='bbox 3181 5744 3484 5802; x_wconf 78' lang='grc' dir='ltr'>ἀκολουθῶν</span> <span class='ocrx_word' id='word_1_771' title='bbox 3531 5730 3653 5803; x_wconf 64' lang='grc' dir='ltr'>ειὖή</span> 
     </span>
    </p>
   </div>
  </div>
