3900 6216
246 343 358 406 9ῦ9

1137 336 1626 394 PARAPHRASIS
1666 335 1729 389 IN
1770 333 2105 391 JOANNEM.
2141 369 2204 379 υ-
2243 334 2394 392 CAP.
2439 337 2556 391 XX.

3405 332 3512 390 ΜΟ

248 459 367 514 Καὶ
397 458 567 529 ταχὺς
613 455 762 512 ένδον
801 458 1002 512 ἵκανεν.
1043 457 1215 529 ’Υπὲρ
1253 457 1505 512 δαπέδοιο
1529 456 1585 510 δὲ
1627 453 1824 525 γυμνοῦ

1962 469 2108 525 super
2135 455 2507 526 pavimentum
2546 463 2727 512 autem
2758 453 2961 510 nudum
2997 453 3334 525 Coniunctas
3372 452 3512 507 invi—

252 548 506 618 Σύζυγας
530 548 781 620 ἀλλήλοις
814 549 1021 612 λινέους
1051 548 1241 621 ἐνόησε
1275 548 1507 620 χιτῶνας
1526 565 1538 578 ·

252 639 286 692 7
317 640 426 693 Καὶ
453 640 694 711 κεφαλῆς
733 639 987 711 ζωστῆρα
1026 638 1346 693 παλίλλυτον
1379 639 1592 711 ἆμματι
1621 638 1831 711 χαίτης,

254 731 544 803 Σουδὰριον
582 732 750 801 τόπερ
788 728 908 784 εἷπε
937 731 1124 804 Σύρων
1149 732 1433 804 ἐπιδήμιος
1461 732 1618 803 αὐδὴ,

256 823 332 876 Οὐ
364 823 585 892 ταφίαις
606 823 822 886 ὀθόναις
849 824 1271 896 παρακείμενον,
1305 825 1595 895 ἀμφιλαφῆ
1621 823 1679 876 δέ

253 915 535 968 Μουναδὸν
566 915 928 981 αύτοέλικτον,
961 916 1264 987 ὀμόπλοκον
1296 918 1375 970 είν
1397 919 1479 971 ’ἐνὶ
1503 917 1692 988 χώρῳ.

254 1004 289 1058 8
316 1001 488 1059 Ἦλθε
516 1004 612 1058 καὶ
635 1005 664 1058 6
697 1005 1000 1076 πρώτιστος
1034 1005 1126 1060 ἰὼν
1159 1007 1252 1060 ἐπὶ
1283 1007 1434 1078 σῆμα
1461 1006 1728 1078 μαθητὴς,

253 1097 422 1167 210
443 1097 551 1150 Kal.
574 1097 772 1169 βραδὺς
799 1097 946 1152 ἔνδον
976 1099 1130 1154 ἵκανε
1154 1099 1506 1170 λιθογλυφέος
1537 1098 1799 1162 κενεῶνος
1822 1115 1835 1129 ·

256 1189 368 1242 Καὶ
392 1187 539 1242 λίθον
568 1188 843 1259 εύδίνητον
872 1191 1085 1244 ἐοικότα
1119 1191 1360 1263 χάσματι
1385 1191 1616 1263 τύμϐου,

268 1281 588 1335 Ἀντίτυπον
618 1282 898 1354 στήριγμα
931 1283 1266 1356 χαραδραίου
1296 1283 1588 1347 πυλεῶνος,

253 1373 370 1426 Καὶ
397 1373 694 1445 πλοκάμων
729 1374 1035 1446 τελαμῶνα,
1069 1376 1163 1430 καὶ
1188 1377 1401 1448 ιεῖματα
1442 1376 1669 1448 κείμενα
1710 1376 1842 1450 γαίῃ

258 1459 528 1531 Ἔδρακε·
562 1464 654 1517 καὶ
691 1465 944 1519 πίστευεν
977 1467 1059 1520 ὅτι
1090 1467 1315 1538 χθονίων
1349 1466 1456 1522 ἀπὸ
1488 1467 1700 1521 κόλπων

251 1554 532 1625 Οὐρανίην
562 1557 654 1608 ἐπὶ
693 1557 865 1620 πέζαν
899 1558 1199 1630 ὑπηνέμιος
1225 1560 1388 1623 νέκυς
1419 1559 1579 1630 ἔπτη.

252 1646 291 1701 9
319 1645 396 1700 Οὐ
429 1647 538 1718 γάρ
572 1663 657 1700 πω
688 1647 905 1702 δεδάασι
930 1649 1039 1703 δύω
1067 1653 1321 1722 Χριστοῖο
1353 1651 1595 1724 μαθηταὶ

253 1739 415 1792 Ὀττι
436 1739 606 1810 ταχὺς
638 1741 776 1810 μετὰ
805 1741 1009 1812 πότμον
1044 1732 1519 1816 ἀνόστιμονόὖδας
1546 1746 1734 1812 ἐάσας,

254 1831 355 1894 Εἰς
377 1831 506 1902 τρία
534 1830 678 1900 φάεα
709 1831 904 1903 μοῦνον
936 1835 1226 1907 ἐγέρσιμον
1253 1836 1418 1890 ὕπνον
1445 1837 1631 1902 ίαύων,

254 1922 533 1994 Νόστιμος
556 1926 619 1978 ἐκ
654 1924 860 1980 νεκύων
887 1926 1219 1999 ἀναϐήσεται
1242 1931 1322 1993 εἰς
1354 1930 1514 1983 πόλον
1537 1931 1771 2003 ἄστρων,

270 2014 544 2079 Ἀκλινέος
571 2015 820 2070 Θανάτοιο
856 2017 1153 2072 παλίλλυτα
1180 2019 1356 2091 δεσμὰ
1384 2023 1653 2093 πατήσας.

260 2104 333 2158 10
362 2105 552 2159 Πυκνὰ
577 2106 634 2159 δὲ
665 2106 1050 2178 θαμϐήσαντες
1072 2109 1338 2182 ὀπιπευτῆ
1350 2127 1439 2181 ρες
1462 2112 1688 2182 ἑταῖροι,

274 2198 566 2264 Ἀσταθέες
598 2201 935 2272 σφετέροισιν
964 2200 1304 2268 ἐναυλίζοντο
1335 2203 1649 2276 μελάθροις,

264 2292 486 2362 Ἀψοφα
519 2293 908 2364 καλλείψαντες
938 2294 1199 2358 ἁπενθέος
1231 2295 1436 2364 ἄντυγα
1465 2297 1694 2368 τύμϐου.

261 2385 326 2438 11
361 2383 678 2454 Μαγδαλινὴ
701 2383 744 2437 δ’
781 2385 1057 2439 ἐλέλειπτο
1083 2385 1219 2457 γυνὴ
1248 2385 1398 2456 παρὰ
1417 2388 1624 2458 σήματι
1649 2392 1846 2459 μούνη,

260 2476 478 2548 Θερμδν
500 2475 881 2541 ἀναϐλύζουσα
898 2478 1168 2548 γοήμονος
1199 2477 1406 2548 δμϐρον
1437 2477 1690 2549 ὀπωπῆς,

261 2567 561 2638 Μυρομένη
595 2566 820 2632 ζώοντα.
854 2567 931 2619 Δι’
959 2566 1189 2634 εὐφαέος
1209 2567 1273 2620 δέ
1302 2566 1564 2640 θυρέτρου

274 2661 365 2724 Ὠς
399 2658 477 2713 ἔτι
499 2659 867 2730 δακρυχέεσκε
898 2658 1058 2715 λάλον
1084 2659 1246 2713 νέκυν
1274 2661 1442 2731 ἐγγὺς
1467 2661 1644 2728 ἐόντα,

277 2751 603 2822 Ἀγγελικὴν
630 2750 821 2824 ἐνόησε
850 2750 1118 2823 συνωρίδα
1138 2769 1152 2781 ·
1181 2751 1250 2804 12
1288 2751 1378 2805 τὸν
1410 2753 1529 2824 μὲν,
1571 2755 1657 2807 ἐπ’
1680 2754 1850 2826 ἄκρου

263 2844 451 2910 Δεξιὸν
477 2842 853 2898 ἀντικέλευθον
878 2844 1017 2914 ὑπὲρ
1047 2843 1303 2915 Χριστοῖο
1328 2847 1594 2916 καρήνου,

264 2935 654 3009 Μαρμαρυγὴν
689 2935 977 3006 πέμποντα
1005 2935 1318 3007 θεογλήνοιο
1347 2937 1639 3008 προσώπου
1658 2956 1671 2968 ·

264 3029 373 3085 Τὸν
413 3031 490 3094 δέ,
521 3028 697 3083 ποδῶν
728 3029 881 3099 παρὰ
907 3028 1101 3094 πέζαν,
1126 3029 1232 3100 ὅπη
1260 3029 1428 3092 νέκυς
1453 3026 1552 3100 ἦεν
1582 3031 1850 3102 ἐχέφρων,

264 3121 526 3184 Χιονέους
551 3119 854 3192 σπινθῆρας
886 3120 1237 3183 ἀκοντίζοντα
1275 3119 1519 3192 χιτῶνος.

269 3213 340 3267 15
385 3212 707 3283 Ἀμφότεροι
734 3211 778 3265 δ’
805 3210 1042 3282 ἐρέεινον
1069 3209 1177 3263 ἔσω
1199 3209 1428 3282 τύμϐοιο
1449 3202 1680 3279 γυναῖκα
1699 3228 1713 3241 '

266 3303 462 3372 Τίπτε,
487 3303 667 3374 γύναι,
719 3303 1036 3374 στενάχεις;
1069 3302 1256 3373 Μαρίη
1283 3303 1328 3356 δ’
1358 3301 1616 3373 ἠμείϐετο
1667 3301 1851 3374 μύθῳ’

279 3397 372 3460 Ὧς
403 3396 546 3459 τινὲς
579 3395 828 3468 ἅρπαγες
858 3395 1051 3467 ἄνδρες
1077 3393 1207 3466 ἐμὸν
1231 3394 1472 3465 Βασιλῆα
1496 3393 1750 3458 λαθόντες

281 3490 547 3562 Ἐννύχιοι
583 3491 818 3561 σύλησαν
839 3507 852 3522 ο
893 3487 1005 3558 ἐγὼ
1032 3489 1078 3542 δ’
1105 3488 1204 3541 οὐκ
1224 3483 1341 3542 οῖδα
1371 3488 1561 3557 νοῆσαι

280 3583 512 3638 Ὀππόθι
541 3600 631 3654 μιν
658 3582 984 3654 μετέθηκαν.
1016 3581 1083 3636 14
1109 3579 1578 3652 ’Υποστρεφθεῖσα
1598 3578 1641 3632 δ’
1669 3579 1852 3651 ἐκείνη

283 3673 491 3740 Ἰησοῦν
525 3673 744 3743 ἐνόησεν
772 3670 831 3727 δν
865 3669 1081 3723 ἔστενεν
1106 3686 1120 3702 ο
1148 3670 1434 3741 ἱστάμενον
1459 3669 1517 3723 δέ

270 3760 416 3826 Εἷδε,
450 3763 545 3817 καὶ
571 3764 630 3816 οὐ
661 3761 948 3830 γίνωσκεν,
972 3762 1054 3813 ὅτι
1090 3759 1268 3832 ζαθέω
1294 3760 1448 3832 παρὰ
1467 3759 1657 3832 τύμϐῳ

268 3855 508 3926 Χριστδς
535 3853 650 3924 ἔην.
681 3853 748 3907 15
786 3854 896 3905 Καὶ
923 3852 1095 3917 ξεῖνος
1123 3853 1262 3922 ἀνὴρ
1290 3854 1385 3906 ἆτε
1425 3855 1598 3922 κῆπον
1631 3851 1854 3914 ὁδεύων,

267 3947 467 4010 Τίπτε,
497 3943 678 4012 γύναι,
725 3943 1036 4012 στενάχειςς
1068 3942 1294 4011 κινυρὴν
1334 3942 1542 4012 ἐρέεινε
1585 3944 1818 4010 γυναῖκα
1843 3957 1854 3969 '

267 4036 433 4102 Εἰπὲ,
463 4035 514 4087 τί
551 4032 872 4106 μαστεύεις;
905 4033 1096 4102 Μαρίη
1125 4033 1169 4085 δ’
1199 4032 1500 4101 ἐφθέγξατο
1526 4033 1730 4103 φωνὴν,

284 4125 592 4196 Ἐλπομένη
624 4124 820 4194 κήποιο
855 4121 1170 4193 φυτηκόμον
1197 4121 1367 4194 ἄνδρα
1395 4123 1606 4192 νοῆσαι·

272 4219 437 4290 212
454 4219 516 4271 Et
546 4218 610 4270 σὺ
625 4216 786 4269 νέκυν
813 4214 1097 4284 ζοφόεντος
1119 4213 1414 4284 ἐκούφισας
1435 4213 1603 4266 ἔνδοθι
1627 4213 1854 4283 τύμϐου,

278 4313 509 4364 Ἔννεπε
543 4307 646 4361 ποῦ
680 4306 1018 4378 μετέθηκας·
1053 4305 1164 4374 ἐγὼ
1200 4307 1256 4360 δέ
1291 4323 1382 4376 μιν
1413 4305 1566 4359 ἐνθεν
1592 4305 1782 4377 ἀείρω.

277 4403 345 4459 16
383 4401 589 4474 Ἰησοῦς
619 4400 664 4454 δ’
694 4400 1032 4472 ἀπάμειπτο,
1059 4398 1198 4470 χέων
1230 4398 1480 4472 ἀρίδηλον
1503 4397 1653 4470 ίωὴν,

1937 561 2054 602 cem
2085 547 2257 603 lineas
2282 547 2666 616 animadvertit
2713 549 2969 614 tunicas;
2997 550 3028 603 7
3054 547 3119 602 Ει
3159 547 3358 619 capitis
3391 547 3512 601 cin-

1938 638 2123 708 gulum
2158 654 2353 694 rursus
2405 641 2641 696 solutum
2670 657 2814 698 nexu
2845 642 3188 713 capillorum,
3220 640 3513 695 Sudarium

1939 730 2083 799 quod
2115 728 2255 784 dixit
2285 723 2550 802 Syrorum
2595 735 2874 804 p0pularis
2915 750 3040 800 vox,
3070 732 3188 788 Non
3233 731 3516 803 sepulcra—

1939 824 2083 878 lihus
2104 823 2287 879 linteis
2315 824 2598 893 adiacens,
2617 827 2710 881 sed
2735 827 3068 898 duplicatum
3092 825 3395 896 Separatim
3422 837 3519 892 per

1878 921 1891 931 '
1939 929 2000 968 se
2030 913 2356 977 involutum,
2385 913 2770 983 complicatum
2803 917 2858 970 in
2886 931 2995 970 uno
3035 917 3178 970 loco.
3207 915 3240 969 8
3277 912 3440 966 Venit
3465 921 3519 966 ct

1941 1003 2092 1074 prior
2124 1004 2324 1059 radens
2349 1003 2415 1058 ad
2444 1004 2752 1074 sepulcrum
2784 1005 3106 1077 discipulus,
3138 1005 3295 1074 211
3324 1001 3390 1056 Et
3413 1011 3520 1055 tar-

1941 1094 2045 1150 dus
2074 1096 2222 1150 venit
2269 1095 2542 1166 lapidibus
2598 1097 2865 1168 sculptam
2911 1097 3053 1154 intra
3088 1097 3374 1151 cavitatem
3404 1112 3418 1148 :
3454 1093 3521 1146 Et

1943 1188 2180 1258 lapidem
2212 1188 2472 1244 mobilem
2532 1192 2944 1245 convenientem
2998 1190 3246 1262 voragini
3301 1188 3518 1252 tumuli,

1946 1279 2280 1351 Evpressum
2319 1280 2697 1338 Iulcimentum
2746 1281 2978 1353 lapidosi
3009 1283 3159 1348 ostii,
3188 1281 3253 1335 Et
3295 1280 3524 1350 capillo-

1947 1387 2069 1426 rum
2103 1372 2481 1443 ligamentum,
2532 1381 2586 1429 et
2643 1374 2960 1438 indumenta
2994 1371 3232 1444 iacentia
3280 1373 3335 1426 in
3374 1381 3522 1425 terra

1949 1460 2128 1530 Vidit;
2161 1472 2214 1518 et
2238 1463 2468 1520 credidit
2496 1464 2639 1536 quod
2670 1466 3020 1522 terrestribus
3042 1480 3072 1519 c
3101 1463 3312 1519 sinibus
3349 1463 3526 1517 Coele-

1947 1565 2084 1611 stem
2117 1555 2172 1609 in
2207 1557 2482 1628 regionem
2517 1557 2651 1613 levis
2683 1564 2934 1612 mortuus
2967 1555 3188 1613 volavit.
3213 1553 3246 1610 9
3273 1553 3526 1608 Nondum

1952 1649 2101 1704 enim
2149 1648 2454 1705 didicerant
2503 1651 2612 1707 duo
2647 1651 2854 1708 Christi
2896 1649 3151 1722 discipuli
3181 1647 3337 1714 Quod
3382 1648 3529 1701 celer

1953 1751 2078 1811 post
2124 1750 2355 1799 mortem
2387 1743 2718 1798 irremeabili
2763 1743 2880 1799 solo
2912 1743 3126 1806 relicto,
3153 1741 3232 1796 Ad
3263 1750 3376 1796 tres
3411 1739 3534 1794 dics

1875 1808 1920 1862 Β
1953 1832 2130 1888 solum
2187 1832 2532 1888 excitahilem
2583 1843 2836 1889 somnt‘Im
2895 1833 3196 1894 dormiens,
3228 1829 3416 1886 Redux
3462 1845 3532 1884 ex

1949 1922 2184 1978 mortuis
2209 1923 2471 1978 ascendet
2512 1923 2570 1977 in
2609 1923 2808 1978 malum
2858 1930 3156 1988 astrorum,
3191 1917 3532 1975 lnevitabilis

1949 2013 2142 2070 mortis
2168 2029 2364 2069 rursus
2399 2015 2577 2071 soluta
2602 2015 2818 2070 vincula
2847 2014 3199 2071 conculcans.
3232 2012 3298 2066 10
3326 2010 3533 2067 Crebro

1952 2089 2134 2164 autem
2172 2105 2510 2162 admirantes
2565 2116 2903 2178 spectatores
2952 2105 3112 2169 socii,
3157 2104 3448 2160 Instabiles
3477 2104 3534 2158 in

1950 2197 2069 2253 suis
2123 2197 2483 2253 morabantur
2532 2196 2807 2264 domibus,
2860 2198 3111 2253 Tacitum
3159 2197 3536 2268 relinquentes

1955 2305 2063 2347 non
2094 2291 2331 2345 luctuosi
2383 2290 2646 2344 ambitum
2693 2290 2914 2345 tumuli.
2948 2289 3010 2344 11
3047 2287 3362 2358 Magdalena
3405 2302 3538 2341 vero

1953 2383 2366 2454 relinquebatur
2389 2383 2585 2441 mulier
2613 2382 2758 2454 apud
2773 2384 3084 2454 sepulcrum
3117 2383 3256 2450 sola,
3286 2381 3534 2436 Calidum

1953 2475 2191 2532 fundens
2244 2475 2438 2532 ﬂebilis
2490 2477 2720 2532 imbrem
2773 2475 2952 2543 faciei,
2989 2476 3206 2548 Lugens
3239 2476 3535 2531 viventem.

1953 2566 2060 2624 Per
2087 2568 2422 2640 pellucidum
2454 2576 2634 2624 autem
2661 2569 2888 2634 ostium,
2917 2567 3052 2626 Cum
3086 2568 3264 2623 adhuc
3288 2566 3540 2637 deplora-

1954 2670 2039 2718 ret
2065 2661 2381 2732 loquentem
2417 2669 2694 2716 mortuum
2727 2676 2896 2732 prope
2949 2661 3326 2725 exsistentem,
3357 2661 3541 2730 Ange-

1953 2751 2115 2805 licam
2149 2749 2537 2805 animadvertit
2561 2750 3003 2820 coniugationem
3044 2769 3056 2804 :
3094 2749 3161 2804 12
3198 2749 3366 2803 alium
3413 2749 3540 2818 qui-

1954 2843 2101 2908 dem,
2134 2843 2189 2896 in
2215 2857 2430 2898 summo
2464 2841 2752 2898 Dexterum
2783 2842 3094 2912 oppositum
3125 2857 3291 2911 super
3317 2840 3526 2896 Christi

1956 2943 2143 3004 caput,
2177 2931 2532 3004 Splendorem
2555 2934 2892 2989 emittentem
2917 2948 2947 2987 a
2979 2933 3179 2987 divinis
3203 2932 3379 2987 oculis
3401 2946 3542 3002 prac-

1960 3027 2072 3081 dita
2104 3025 2244 3080 facie
2283 3045 2294 3078 :
2326 3025 2510 3080 Alium
2539 3040 2691 3089 vero,
2742 3025 2940 3096 pedum
2987 3024 3055 3079 ad
3086 3024 3389 3096 regionem,
3446 3023 3542 3078 ubi

1883 3147 1927 3206 ρ
1965 3127 2216 3174 mortuus
2266 3125 2384 3174 erat
2417 3117 2643 3184 tacitus,
2673 3115 2875 3174 Niveas
2911 3117 3184 3172 scintillas
3207 3115 3543 3185 iaculantem

1962 3227 1992 3266 a
2029 3211 2235 3266 tunica.
2276 3211 2344 3266 15
2372 3209 2603 3281 Utrique
2645 3210 3053 3281 interrogarunt
3099 3209 3241 3264 intra
3275 3209 3544 3264 tumulum

1963 3304 2280 3359 mulierem:
2301 3304 2433 3370 Cur,
2460 3303 2676 3369 mulier,
2692 3303 2866 3376 gemis
2883 3303 2906 3356 ?
2922 3301 3089 3357 Maria
3112 3315 3241 3356 vero
3265 3301 3548 3371 respondit

1963 3410 2217 3451 sermone
2247 3412 2258 3446 :
2288 3393 2445 3462 Quod
2479 3395 2701 3466 quidam
2724 3403 2973 3465 raptores
3006 3393 3109 3449 viri
3135 3408 3316 3448 meum
3345 3391 3546 3463 Regem

1961 3487 2102 3541 clam
2137 3487 2401 3542 Nocturni
2457 3487 2795 3558 spoliarunt;
2841 3502 2942 3558 ego
2975 3502 3103 3541 vero
3156 3500 3266 3540 non
3316 3499 3545 3556 possum

1961 3578 2266 3648 intelligere
2293 3577 2414 3644 Quo
2440 3579 2618 3648 ipsum
2663 3583 3147 3648 transposuerunt.
3181 3575 3249 3630 14
3271 3574 3547 3630 Conversa

1964 3685 2090 3725 vero
2130 3671 2220 3724 illa
2243 3667 2430 3726 Jesum
2478 3671 2868 3726 animadvertit
2896 3685 3057 3741 quem
3090 3669 3312 3740 lugebat
3348 3689 3361 3724 :
3395 3676 3550 3723 stan-

1964 3771 2181 3831 temqu
2213 3759 2386 3829 Vidit,
2407 3772 2460 3816 et
2491 3778 2600 3817 non
2629 3762 2886 3832 cognovit
2913 3761 3059 3832 quod
3106 3761 3351 3815 divinum
3403 3758 3546 3829 apud

1965 3851 2236 3904 tumulum
2265 3849 2520 3907 Christus
2553 3861 2721 3906 esset.
2756 3849 2822 3904 15
2851 3849 2916 3904 Ει
2941 3850 3260 3920 peregrinus
3287 3849 3442 3918 quasi
3466 3851 3548 3902 vir

1967 3939 2186 3994 hortum
2207 3939 2534 4010 pervadens,
2556 3940 2722 4006 Quid,
2756 3939 2972 4006 mulier,
2996 3940 3214 4008 ploras?
3239 3939 3547 3992 luctuosam

1979 4031 2335 4100 interrogavit
2380 4033 2667 4086 mulierem
2701 4049 2714 4084 :
2762 4031 2880 4095 Dic,
2922 4030 3055 4099 quid
3096 4029 3337 4099 qmeris?
3377 4028 3548 4083 Maria

1969 4131 2148 4178 autem
2177 4125 2362 4178 sonuit
2393 4138 2606 4185 vocem,
2639 4123 2848 4178 Putatis
2878 4138 2938 4178 se
2983 4123 3128 4178 horti
3173 4129 3411 4178 sutorem
3465 4122 3550 4176 vi-

1967 4230 2086 4268 rum
2117 4215 2334 4270 videre:
2373 4215 2533 4286 213
2585 4214 2640 4270 Si
2669 4222 2726 4268 tu
2781 4221 3058 4270 mortuum
3095 4213 3397 4283 caliginoso
3439 4213 3542 4268 elc-

1965 4306 2107 4362 vasti
2150 4323 2214 4362 ex
2249 4308 2522 4377 sepulcro,
2565 4305 2658 4362 Dic
2689 4322 2799 4377 quo
2847 4305 3268 4376 transposuisti;
3296 4320 3394 4373 ego
3420 4320 3551 4358 vero

1966 4398 2146 4467 ipsum
2167 4397 2295 4454 inde
2311 4398 2517 4454 tollam.
2547 4396 2616 4453 16
2639 4397 2800 4454 Jcsus
2833 4413 2964 4454 vero
2988 4397 3290 4470 respondit,
3313 4396 3550 4451 fundens

1477 4553 1758 4612 raxrus
1790 4554 2319 4612 EVANGELISTIE.
2383 4615 2398 4636 1

277 4707 374 4763 καὶ
407 4704 654 4776 εἰσῆλθεν
681 4703 760 4768 είς
796 4702 858 4756 τὸ
890 4703 1174 4773 μνημεῖον,
1203 4699 1298 4754 καὶ
1341 4699 1538 4772 θεωρεῖ
1574 4699 1643 4753 τὰ
1675 4700 1857 4754 ὀθόνια
1893 4705 1933 4759 D
1968 4701 2072 4765 σιν,
2103 4701 2236 4755 ὅπου
2273 4701 2452 4754 ἔκειτο
2475 4700 2536 4753 τὸ
2562 4701 2720 4770 σῶμα
2759 4700 2853 4754 τοῦ
2888 4701 3087 4772 Ἰησοῦ.

277 4791 528 4846 κείμενα.

348 4809 528 4927 {filii
549 4871 610 4924 τὸ
645 4868 923 4939 σουδάριον
959 4867 986 4920 ὀ
1016 4863 1083 4938 ἦν
1113 4868 1204 4921 ἐπὶ
1241 4867 1342 4938 τῆς
1391 4866 1634 4937 κεφαλῆς
1670 4865 1860 4934 αὑτοῦ,

277 4957 338 5011 οὐ
366 4955 506 5028 μετὰ
540 4953 645 5006 τῶν
691 4951 912 5006 ὀθονίων
943 4952 1214 5021 κείμενον,
1256 4951 1393 5005 ἀλλὰ
1431 4951 1601 5022 χωρίς
1643 4951 1859 5002 ἐντετυ-

275 5039 534 5110 λιγμένον
569 5040 648 5101 είς
685 5037 782 5090 ἕνα
807 5037 988 5090 τόπον.

349 5127 382 5180 8
412 5125 543 5177 Τότε
572 5118 664 5176 οὖν
708 5119 923 5191 εἰσῆλθε
963 5119 1058 5172 καὶ
1097 5121 1124 5171 6
1154 5119 1308 5183 ἄλλος
1339 5118 1586 5190 μαθητὴς
1619 5122 1646 5173 6
1691 5117 1860 5171 ἐλθὼν

276 5210 496 5280 πρῶτος
523 5209 601 5268 εἰς
625 5206 686 5257 τὸ
724 5205 1010 5274 μνημεῖον,
1041 5203 1134 5255 καὶ
1173 5200 1302 5268 εἶδε,
1329 5204 1423 5256 καὶ
1447 5203 1789 5256 ἐπίστευσεν·

347 5291 380 5346 9
409 5291 637 5344 Οὐδέπω
670 5287 778 5358 γὰρ
805 5287 1024 5357 ᾔδεισαν
1052 5287 1148 5356 τὴν
1187 5288 1432 5358 Γραφὴν,
1482 5288 1563 5340 ὅτι
1598 5287 1678 5339 δεῖ
1702 5285 1864 5340 αὑτὸν

275 5378 343 5430 ἐκ
367 5373 577 5445 νεκρῶν
608 5376 706 5426 ἀνα
721 5373 928 5441 ςτῆναι.

350 5460 418 5514 10
461 5457 730 5527 Ἀπῆλθυν
770 5452 863 5508 οὖν
893 5454 1054 5508 πάλιν
1091 5453 1226 5524 πρὸς
1265 5453 1489 5516 ἑαυτοὺς
1522 5454 1570 5505 οἱ
1600 5453 1860 5524 μαθηταί.

352 5544 411 5597 11
452 5542 640 5612 Μαρία
670 5541 726 5595 δὲ
755 5541 994 5610 εἱστήκει
1023 5537 1158 5608 πρὸς
1195 5538 1256 5590 τὸ
1293 5540 1552 5607 μνημεῖον
1605 5537 1864 5590 κλαίουσα

278 5626 402 5689 ἔξω.
450 5626 537 5687 Ὠς
569 5619 660 5678 οὖν
689 5623 893 5686 ἔκλαιε,
925 5621 1240 5692 παρέκυψεν
1269 5622 1348 5682 είς
1378 5621 1437 5672 τὸ
1473 5622 1735 5689 μνημεῖον
1759 5637 1770 5647 ·

352 5709 421 5762 12
445 5707 557 5760 Καὶ
596 5707 792 5775 θεωρεῖ
831 5705 924 5757 δύο
970 5704 1235 5772 ἀγγέλους
1265 5705 1324 5755 ἐν
1367 5702 1598 5765 λευκοῖς,
1633 5702 1861 5765 καθεζο-

284 5793 501 5865 μένους,
532 5790 627 5844 Eva
672 5788 808 5858 πρὸς
836 5791 902 5859 τῇ
936 5787 1166 5860 κεφαλῇ,
1197 5789 1289 5850 καὶ
1319 5787 1414 5841 ’ένα
1441 5786 1579 5859 πρὸς
1619 5787 1732 5849 τοῖς
1763 5802 1860 5838 πο-

2038 4798 2107 4852 15
2139 4797 2249 4852 Καὶ
2277 4797 2529 4866 λέγουσιν
2563 4797 2698 4869 αὐτῇ
2741 4799 2971 4854 ἐκεῖνοι·
3008 4797 3194 4860 Γύναι,
3225 4797 3278 4850 τί
3309 4797 3550 4862 κλαίεις;

1964 4881 2129 4950 Λέγει
2181 4883 2394 4946 αὐτοῖς’
2432 4883 2552 4936 Ὅτι
2584 4878 2723 4952 ἦραν
2774 4881 2866 4936 τὸν
2897 4881 3101 4953 Κύριόν
3149 4898 3271 4952 μου,
3308 4881 3404 4935 καὶ
3452 4882 3552 4935 οὐκ

1965 4961 2084 5019 οἶδα
2119 4966 2220 5019 ποῦ
2247 4966 2448 5038 ἔθηκαν
2471 4967 2653 5021 αὐτόν.

2041 5072 2107 5125 14
2141 5072 2250 5125 Καὶ
2277 5071 2449 5126 ταῦτα
2471 5072 2720 5132 εἰποῦσα,
2750 5073 2996 5146 ἐστράφη
3030 5077 3108 5138 εἰς
3147 5075 3215 5129 τὰ
3236 5077 3429 5140 ὀπίσω,
3461 5078 3552 5129 καὶ

1968 5155 2165 5225 θεωρεῖ
2191 5155 2282 5209 τὸν
2317 5154 2524 5227 Ἰησοῦν
2569 5156 2810 5209 ἑστῶταο
2844 5159 2938 5211 καὶ
2968 5161 3068 5212 οὐκ
3111 5160 3227 5231 ᾔδει
3272 5162 3352 5214 ὅτι
3380 5162 3407 5213 6
3446 5162 3553 5230 Ἰη-

1969 5240 2095 5302 σοῦς
2127 5243 2262 5294 ἐστι.

2041 5345 2108 5398 15
2137 5345 2298 5413 Λέγει
2335 5347 2471 5417 αὐτῇ
2501 5349 2530 5399 ὀ
2567 5348 2806 5418 Ἰησοῦς’
2834 5349 3016 5414 Γύναι,
3059 5349 3112 5400 τί
3158 5349 3400 5409 κλαίεις;
3433 5345 3553 5398 τίνα

1971 5429 2186 5500 ζητεῖς;
2220 5429 2456 5500 Ἐκείνη,
2488 5431 2723 5484 δοκοῦσα
2761 5432 2842 5485 ὅτι
2867 5435 2895 5486 ὀ
2917 5431 3191 5501 κηπουρός
3227 5432 3362 5490 ἐστι,
3405 5427 3554 5493 λέγει

1971 5512 2148 5582 αὐτῷ·
2183 5512 2377 5584 Κύριε,
2414 5516 2462 5567 εἰ
2501 5515 2565 5568 σὺ
2605 5515 2912 5578 ἐϐάστασας
2945 5513 3128 5574 αὐτὸν,
3167 5512 3285 5563 εἰπέ
3313 5528 3402 5579 μοι
3451 5509 3551 5562 ποῦ

1971 5597 2131 5651 αὐτὸν
2156 5597 2359 5668 ἔθηκας
2379 5615 2392 5627 ·
2431 5597 2587 5666 κάγὼ
2613 5599 2774 5651 αὑτὸν
2799 5598 2935 5668 ἀρῶ.

2042 5703 2108 5758 16
2147 5703 2308 5772 Λέγει
2341 5705 2477 5774 αὐτῇ
2507 5706 2535 5757 ὁ
2574 5703 2806 5770 Ἰησοῦς·
2840 5700 3047 5770 Μαρία.
3073 5699 3380 5768 Στραφείσα
3405 5699 3550 5754 ἐκεί⁴

1970 5803 2036 5858 νη
2063 5786 2210 5859 λέγει
2240 5787 2386 5858 αὐτῷ
2408 5803 2420 5815 ·
2461 5785 2764 5851 Ῥαϐϐουνὶ,
2800 5783 2828 5835 ὃ
2862 5783 3076 5851 λέγεται
3115 5782 3422 5838 διδάσκαλε.
