3900 6216
412 294 509 352 ιιι-ι

1646 283 1857 340 NONNI
1883 282 2395 353 PANOPOLITANI
2499 261 2507 277 ‘

3576 279 3672 338 912

417 408 571 465 valde
608 404 953 462 manifestam
983 416 1192 467 vocem,
1218 400 1284 456 Et
1317 400 1608 456 clamavit:
1643 400 1830 457 Maria.
1850 401 1995 460 Cou-

2127 400 2474 472 ἱαὶ,Μαριάμ
2506 399 2719 472 ἰάχησε.
2749 397 3237 470 Μεταστρεφοεῖσα
3272 393 3322 450 δ’
3358 392 3580 466 ἐκείνη,

417 515 574 558 versa
598 499 709 562 illa,
743 497 1020 569 Magister,
1059 495 1216 551 dixit.
1247 494 1311 548 l7
1355 492 1497 550 Deus
1525 502 1704 563 autem
1732 495 1993 565 repressit

414 592 700 647 mulierem
738 588 1027 644 Dexteram
1083 587 1356 642 volentem
1392 585 1690 642 immortali
1725 587 1863 642 vesti
1891 587 1991 641 ad—

409 683 641 753 juugere
676 702 687 737 :
716 682 781 736 Et
805 682 854 736 ei
879 681 1103 735 verbum
1132 679 1273 734 dixit
1302 698 1315 733 :
1362 677 1534 734 Meam
1570 694 1681 734 non
1719 686 1879 748 tange
1902 684 1991 731 tu-

415 776 617 830 nicam.
657 772 909 829 Nondum
937 772 1081 827 enim
1113 777 1236 841 post
1264 780 1495 826 mortem
1532 770 1600 825 ad
1638 785 1819 824 meum
1856 768 1993 824 redii

413 863 668 919 Patrem:
708 862 813 918 Sed
850 860 1112 917 fratribus
1146 860 1281 915 meis
1318 857 1409 913 dic
1437 858 1746 928 discipulis,
1771 858 1852 911 Ad
1889 855 1995 909 Pa-

416 965 552 1010 trem
586 969 766 1009 meum
808 952 970 1016 vado,
1005 960 1058 1006 et
1084 957 1324 1005 vestrum
1347 945 1601 1016 Patrem;
1635 947 1699 1002 Et
1727 947 1795 1002 ad
1826 946 1992 1001 Deum

412 1049 678 1107 vestrum,
714 1051 768 1097 et
798 1055 979 1096 meum
1009 1038 1202 1106 Deum,
1241 1052 1435 1093 rursus
1465 1039 1643 1093 venio.
1682 1036 1748 1092 18
1782 1035 1850 1090 Et
1884 1035 1995 1089 Ma-

412 1134 763 1198 ria'volabat,
800 1142 855 1188 et
884 1130 1136 1186 undecim
1193 1127 1520 1184 testiﬁcante
1551 1143 1684 1183 voce
1728 1126 1995 1183 Omnibus

412 1225 908 1282 contubernalibus
950 1223 1175 1278 verbum
1213 1221 1642 1276 communicavit
1681 1218 1993 1288 discipulis,

413 1318 571 1386 Quod
602 1317 846 1372 terrestri
871 1315 1135 1370 nudatum
1160 1313 1419 1368 membris
1437 1327 1467 1367 a
1495 1313 1681 1368 tunica
1715 1310 1995 1366 Christum

412 1411 645 1466 vidisset
674 1408 1045 1480 splendentem
1065 1423 1095 1461 a
1130 1406 1239 1463 Deo
1261 1406 1508 1462 laborato
1545 1404 1783 1475 quodam
1810 1403 1995 1474 pallio,

416 1496 482 1551 Et
510 1499 558 1554 ei
593 1498 732 1553 dixit
757 1498 870 1551 haec
894 1497 1100 1561 omnia,
1133 1494 1365 1551 frundens
1394 1495 1705 1564 oppositum
1740 1493 1997 1563 splendo-

423 1607 564 1646 rem.
608 1591 675 1645 19
709 1590 781 1644 Et
804 1590 1119 1645 umbrosam
1153 1588 1374 1658 quando
1391 1596 1590 1641 terram
1624 1594 1789 1641 totam
1822 1585 1999 1657 nigre-

416 1681 621 1737 l‘ecerat
649 1682 844 1751 caligo,
873 1679 1082 1734 lmmoti
1106 1687 1160 1734 et
1195 1680 1341 1734 fores
1370 1677 1757 1733 coucluserant
1791 1682 1995 1741 vectes,

2104 493 2414 561 'Pa66ouvl,
2449 493 2722 559 κατέλεξε.
2756 494 2820 547 17
2851 492 2984 556 Θεὸς
3010 492 3053 545 δ’
3084 488 3323 559 ἀνέκοψε
3348 489 3583 558 γυναῖκα

2092 586 2382 659 Δεξιτερὴν
2415 586 2716 658 μέλλουσαν
2735 586 2795 648 ὲς
2830 583 3106 656 ἄμϐροτον
3138 577 3277 652 εἷμα
3302 579 3607 634 πελάσσαι·

2094 677 2200 730 Καί
2227 679 2276 731 οἱ
2306 677 2475 749 μῦθον
2503 676 2684 743 ἔλεξεν
2701 695 2715 712 ο
2763 676 2941 747 Ἐμῶν
2969 675 3045 746 μὴ
3067 675 3208 744 ψαῦε
3228 671 3492 745 χιτώνων
3515 687 3526 697 ·

2093 769 2259 823 Οῦπω
2280 770 2388 840 γὰρ
2417 769 2556 841 μετά
2580 771 2787 841 πότμον
2817 767 2935 838 ὲμῷ
2962 768 3199 837 νόστησα
3224 764 3413 835 Τοκῆῖ
3429 779 3442 792 ·

2107 858 2268 912 Ἀλλά
2297 861 2704 931 κασιγνήτοισιν
2738 859 2891 929 ἐμοῖς
2922 858 3151 928 ἀγόρευε
3175 854 3481 926 μαθηταῖς,

2096 951 2241 1022 Πρὸς
2269 952 2309 1004 Γ
2311 951 2500 1022 ενέτην
2527 949 2663 1021 ἐμὸν
2697 946 2835 1021 εἶμι,
2868 950 2963 1003 καὶ
2996 948 3259 1020 ὑμέτερον
3282 943 3588 1014 Γενετῆρω

2095 1044 2205 1097 Kal
2231 1044 2364 1096 Θεὸν
2396 1042 2624 1113 ὑμείων,
2666 1042 2762 1095 καὶ
2789 1041 2920 1113 ὲμδν
2944 1040 3097 1102 Θεὸν,
3126 1033 3283 1098 αὖτις
3311 1035 3514 1089 ἱκάνω.

2098 1134 2164 1188 18
2189 1134 2300 1186 Kal
2325 1132 2559 1203 Μαριάμ
2587 1131 2884 1203 πεπότητο,
2915 1131 3010 1184 καὶ
3035 1129 3227 1182 ἕνδεκα
3265 1125 3521 1196 μάρτυρι
3543 1124 3674 1192 φωνῇ

2096 1226 2269 1278 Πᾶσιν
2296 1223 2687 1295 ύπωροφίοισιν
2723 1222 2855 1287 ἔπος
2889 1222 3094 1288 ξύνωσε
3127 1218 3431 1292 μαθηταῖς,

2101 1318 2256 1370 Ὂττι
2290 1315 2645 1387 μεταχθονίου
2670 1313 3020 1385 γυμνούμενα
3051 1314 3177 1382 γυῖα
3197 1308 3461 1381 χιτῶνος,

2095 1407 2331 1479 Χριστὸν
2362 1407 2439 1460 ἴδε
2474 1406 2759 1461 στίλϐοντα
2782 1405 3071 1476 θεοκμήτῳ
3091 1404 3197 1456 τινὶ
3228 1397 3455 1469 πέπλῳ.

2097 1499 2207 1552 Καί
2238 1500 2286 1551 οἱ
2320 1497 2423 1569 ἔφη
2450 1497 2575 1554 τάδε
2610 1497 2811 1564 πάντα,
2841 1497 2982 1568 χέων
3019 1494 3295 1551 ἀντώπιον
3326 1490 3551 1560 αἴγλην.

2099 1589 2165 1644 l9
2197 1588 2308 1643 Kal
2335 1568 2557 1662 σκιερὴν
2605 1590 2693 1644 ὅτε
2722 1593 2882 1659 γαῖαν
2916 1589 3045 1661 ὃλην
3078 1568 3369 1659 ἐμέλαινεν
3401 1580 3613 1654 ὁμίχλην

2110 1678 2382 1744 Ἀκλινέες
2406 1680 2462 1733 δὲ
2493 1678 2730 1751 θύρετρα
2763 1678 3158 1751 συνεκλήῖσσαν
3185 1677 3378 1748 ὀχῆες,

417 1771 524 1827 Ubi
578 1772 960 1826 delitescentes
1007 1767 1493 1824 commorabantur
1519 1765 1796 1835 discipuli,
1842 1764 1998 1819 Sicut

2127 1770 2336 1825 Οππόθι
2364 1770 2700 1840 φωλεύοντες
2732 1771 3076 1835 ὲναυλίζοντο
3100 1771 3374 1841 μαθηταὶ,

417 1863 502 1916 ala
532 1862 612 1916 vel
642 1860 922 1932 cogitatio,
950 1859 1200 1915 sublimis
1234 1859 1289 1913 in
1325 1855 1503 1912 medio
1557 1856 1732 1921 stetit,
1771 1855 1997 1912 Ginctus

416 1952 603 2015 sociis,
623 1960 678 2007 et
707 1951 846 2005 dixit
878 1970 889 2005 :
916 1949 1238 2005 Communis
1267 1946 1418 2003 vobis
1456 1945 1590 2001 Pax.
1624 1946 1695 1999 20
1726 1944 1790 1999 Et
1815 1946 2000 2016 inspe-

417 2053 596 2100 ratum
630 2044 856 2099 verbum
889 2042 1055 2098 breve
1082 2042 1184 2095 hoc
1200 2039 1467 2106 clamans,
1494 2037 1816 2094 Monstravit
1832 2037 2001 2108 pedes

416 2145 471 2192 ct
503 2152 697 2191 manus
733 2134 897 2191 simul
930 2132 1280 2204 congregatis
1311 2129 1598 2201 discipulis
1635 2128 1801 2186 Clavo
1830 2128 1998 2200 traje-

417 2236 556 2286 ctas.
588 2237 641 2282 et
668 2226 820 2281 latus
861 2239 1055 2280 recens
1080 2223 1461 2287 vulneratum;
1493 2235 1620 2275 sero
1648 2231 1998 2291 apparentem

420 2325 599 2372 autem
635 2317 924 2371 Dominum
954 2312 1205 2369 videntes
1247 2311 1414 2366 laetati
1446 2321 1576 2367 sunt
1616 2326 1810 2366 rursus
1840 2309 1996 2365 socii.
2042 2308 2045 2313 ’

418 2409 482 2463 2i
525 2408 589 2462 Et
624 2407 760 2478 ipsis
793 2406 905 2461 Rex
941 2405 1080 2461 dixit
1108 2404 1310 2459 iterum
1345 2402 1508 2458 celeri
1539 2416 1831 2457 sermone:
1888 2397 2001 2454 Pax

429 2513 631 2552 rursus
691 2496 891 2550 vobis:
943 2502 996 2550 et
1035 2496 1179 2549 sicut
1239 2491 1567 2562 quadriiugo
1620 2490 1825 2546 mundo
1857 2488 2004 2544 Misit

425 2605 585 2644 meus
614 2587 780 2642 l’atcr
817 2601 924 2652 me,
945 2594 999 2641 et
1027 2599 1124 2640 vos
1144 2584 1262 2655 ipsc
1297 2583 1472 2637 mitto.
1503 2582 1574 2635 2'2.
1595 2581 1741 2637 Dixit
1776 2599 1792 2635 :
1823 2591 1878 2636 et
1902 2582 2005 2636 im-

423 2682 677 2737 mortalis
707 2680 819 2736 oris
845 2678 1031 2733 [latum
1062 2677 1315 2743 tendens,
1356 2673 1526 2730 Labia
1573 2674 1829 2746 aperiens
1861 2674 2004 2728 vita-

422 2775 516 2840 lia,
577 2773 715 2830 dixit
747 2771 1069 2842 discipulis:
1120 2762 1383 2841 Spiritum
1426 2777 1680 2822 sanctum
1735 2765 2002 2836 accipite:

423 2866 495 2922 25
530 2874 583 2923 et
612 2878 844 2936 quorum
880 2863 1161 2918 hominum
1206 2861 1261 2915 in
1303 2868 1447 2916 terra
1480 2857 1816 2929 Impietatcm
1847 2856 2007 2911 dimi-

423 2959 627 3024 seritis,
660 2958 715 3013 in
772 2958 884 3014 vita
936 2970 1132 3013 errans
1192 2969 1334 3011 onus
1378 2951 1746 3013 necessitatis,
1791 2949 2007 3006 Peccati

423 3052 701 3109 oblivione
739 3050 937 3116 deleta,
985 3049 1229 3105 cmlestis
1297 3045 1500 3103 solutio
1565 3046 1705 3109 erit;
1759 3044 2003 3110 Quorum

2112 1865 2201 1928 Ὦς
2237 1864 2439 1937 πτερὸν
2467 1865 2533 1936 ὴὲ
2562 1866 2740 1937 νόημα
2784 1865 3082 1937 μετάρσιος
3109 1865 3188 1927 εἰς
3214 1863 3394 1935 μέσον
3424 1863 3550 1931 ἔστη

2099 1955 2409 2027 Μιτρωθεὶς
2437 1956 2700 2029 ἑτάροισι,
2735 1957 2830 2011 καὶ
2858 1956 3078 2011 ἔννεπε·
3108 1956 3388 2026 Σύννομος
3419 1955 3545 2025 ὑμῖν

2100 2046 2329 2119 Εἰρήνη.
2359 2047 2429 2100 20
2454 2046 2564 2100 Kal
2594 2045 2826 2101 ἄελπτον
2848 2044 2976 2108 ἔπος
3005 2044 3179 2116 βραχὺ
3206 2042 3376 2097 τοῦτο
3398 2041 3615 2113 βοήσαςς

2099 2136 2254 2201 Δείξε
2286 2135 2458 2199 πόδας
2484 2135 2578 2189 καὶ
2610 2138 2801 2207 χεῖρας
2832 2134 3204 2207 όμηγυρέεσσι
3238 2135 3520 2204 μαθηταῖς

2113 2226 2470 2293 Ἦλοτύπους,
2501 2212 2741 2299 πλευρὴν
2774 2243 2836 2280 τε
2874 2225 3189 2279 νεούτατον·
3223 2224 3472 2295 ὀψιφανῆ
3501 2223 3556 2276 δὲ

2103 2320 2371 2392 Κοίρανον
2398 2318 2740 2391 ἀθρήσαντες
2769 2318 2993 2388 ἐγήθεον
3025 2312 3180 2380 αὖθις
3210 2318 3448 2387 ἑταῖροι.

2101 2411 2165 2466 2|
2202 2411 2311 2466 Kal
2343 2428 2468 2480 σφιν
2500 2409 2671 2476 Ἀναξ
2691 2410 2922 2480 ἀγόρευε
2950 2408 3263 2480 τοδεύτερον
3284 2408 3408 2475 ὀξέϊ
3436 2406 3611 2478 μύθῳν

2103 2504 2308 2577 Εἰρήνη
2338 2502 2502 2557 πάλιν
2535 2501 2679 2574 ῦμμι
2699 2519 2712 2533 ’
2740 2502 2836 2556 καὶ
2860 2501 2936 2565 ὡς
2965 2500 3263 2574 τετράζυγι
3286 2501 3485 2570 κόσμῳ

2106 2595 2332 2668 Πέμψεν
2361 2596 2491 2667 ὲμδς
2524 2595 2758 2667 Γενέτης
2790 2611 2879 2666 με,
2910 2594 3006 2648 καὶ⁸
3031 2593 3203 2665 ὑμέας
3225 2594 3395 2658 αὐτὸς
3422 2591 3595 2645 ἱάλλω.

2104 2685 2176 2740 22
2197 2683 2363 2751 Εἴπε,
2383 2685 2478 2739 καὶ
2506 2684 2823 2757 ἀμϐροσίων
2853 2683 3139 2755 στομάτων
3162 2682 3397 2754 φύσημα
3421 2679 3671 2743 τιταίνων,

2106 2778 2294 2843 Χεῖλος
2329 2776 2645 2842 ἀναπτύξας
2681 2776 2983 2849 βιοτησιον,
3014 2766 3136 2828 εἷπε
3172 2773 3483 2845 μαθηταῖς’

2118 2870 2308 2941 ’Δγνὸν
2334 2868 2561 2941 Πνεῦμα
2582 2866 2804 2940 δέχεσθε
2825 2885 2839 2899 ο
2864 2867 2937 2922 25
2961 2868 3056 2922 καὶ
3074 2861 3151 2921 ὧν
3176 2866 3435 2938 μερόπων
3458 2863 3537 2918 ἑνὶ
3562 2862 3672 2932 γαίῃ

2109 2960 2408 3032 Δυσσεϐίην
2431 2960 2657 3031 ἀφέητε,
2693 2959 2982 3031 βιοπλανὲς
3014 2958 3179 3030 ἄχθος
3210 2958 3481 3029 ἀνάγκης,

2121 3048 2465 3120 Ἀμπλακίης
2493 3048 2771 3121 ἀμνηστος
2804 3050 3104 3119 ὲπουρανίη
3136 3047 3290 3111 λύσις
3309 3048 3496 3102 ἔσται’

423 3160 554 3202 vero
577 3159 771 3200 rursus
793 3142 1080 3198 tenueritis
1096 3140 1377 3196 hominum
1408 3138 1764 3209 peccatricem
1783 3148 2003 3201 noxam,

2127 3134 2211 3193 Ὧν
2242 3140 2299 3194 δὲ
2322 3140 2486 3196 πάλιν
2515 3140 2803 3213 κρατέοιτε
2835 3138 3043 3213 βροτῶν
3071 3138 3351 3211 ἀλιτήριον
3381 3138 3532 3209 ἄτην,

424 3236 590 3309 214.
612 3235 789 3307 Opera
822 3235 948 3290 vita:
986 3233 1223 3289 errantis
1276 3238 1498 3286 manent
1536 3229 1702 3300 ligata
1762 3226 2003 3282 vinculo.

417 3325 487 3381 24
505 3327 744 3382 Thomas
760 3333 940 3382 autem
958 3325 1106 3379 intus
1123 3323 1418 3379 latentibus
1432 3322 1619 3377 deerat
1634 3322 1786 3376 solus
1813 3320 2004 3386 sociis,

424 3415 655 3472 Vicinus
690 3416 909 3486 quando
948 3415 1016 3468 ad
1048 3428 1238 3468 omnes
1274 3427 1371 3484 per
1417 3425 1600 3467 aerem
1634 3411 1784 3466 venit
1816 3408 2003 3475 Jesus,

424 3510 694 3566 Dominus
725 3522 823 3578 per
853 3521 1015 3562 auras
1049 3505 1358 3564 ambulans.
1401 3518 1512 3558 non
1542 3502 1886 3559 testlﬁcatam
1920 3519 2007 3559 se-

427 3601 615 3656 mitam
634 3600 911 3654 alternans
946 3616 960 3652 :
996 3596 1066 3652 25
1097 3595 1161 3651 Et
1192 3596 1241 3652 ei
1269 3601 1608 3665 spectatores
1636 3593 1897 3648 dixerunt
1930 3594 2010 3648 di-

428 3692 627 3763 scipuli
666 3690 956 3744 Dominum
1001 3687 1147 3758 quod
1192 3687 1495 3753 vidissent;
1537 3685 1627 3741 ille
1659 3700 1790 3740 vero
1827 3685 2006 3741 audax

428 3784 630 3839 labiqu
659 3780 931 3853 aperiens,
970 3778 1113 3833 Dixit
1143 3792 1451 3834 sermonem
1486 3776 1852 3842 incredulum,
1877 3779 2009 3849 quia

429 3877 586 3932 tardo
617 3875 680 3931 ad
715 3880 921 3930 motum
954 3872 1122 3929 verbo
1147 3869 1471 3928 TeStimonii
1512 3870 1806 3926 inllexilem
1855 3886 2006 3941 quae-

427 3967 583 4024 rebat
608 3966 869 4036 majorem
910 3963 1358 4036 persuasionem:
1388 3960 1503 4017 Nisi
1530 3975 1725 4019 manus
1770 3958 2006 4026 videam,

428 4058 761 4132 profundum
795 4066 976 4113 autem
1033 4055 1179 4113 ferro
1213 4052 1408 4110 Fixero
1453 4053 1685 4124 digitum
1731 4068 2007 4109 summum

428 4159 591 4210 acute
619 4153 846 4208 ﬁxorum
888 4150 943 4204 in
974 4157 1160 4222 typum
1211 4148 1491 4203 clavorum
1512 4186 1526 4211 ,
1558 4144 1620 4199 Et
1655 4161 1874 4200 manum
1913 4161 2010 4200 ca-

2115 3232 2281 3304 215
2320 3234 2497 3303 Ἔργα
2514 3233 2629 3305 βίου
2648 3233 2936 3306 σφαλεροῖο
2952 3233 3103 3304 μένει
3123 3232 3332 3304 πεπεδη
3340 3232 3477 3302 μένα
3491 3226 3668 3298 δεσμῷ.

2113 3323 2186 3378 24
2221 3326 2423 3396 Θωμᾶς
2443 3326 2489 3380 δ’
2512 3324 2823 3397 ὲνδομύχων
2852 3323 3177 3379 ἀπελείπετο
3207 3324 3408 3395 μοῦνος
3444 3321 3666 3392 ἑταίρων,

2127 3416 2455 3489 Ἀγχιφανὴς
2476 3418 2567 3482 ὅτε
2593 3419 2727 3472 πᾶσι
2763 3418 2830 3471 δι’
2857 3418 3018 3490 ἠέρος
3042 3415 3207 3491 ἦλθεν
3254 3415 3486 3488 Ἰησοῦς,

2114 3508 2382 3581 Κοίρανος
2409 3510 2786 3580 ἡνεμόιροιτος,
2820 3510 3136 3584 ἀμάρτυρον
3160 3506 3316 3582 οἷμον
3345 3506 3580 3580 ἀμείϐων
3596 3521 3609 3534 ’

2113 3599 2187 3655 25
2223 3601 2333 3654 Kal
2358 3601 2408 3655 οἱ
2440 3601 2808 3675 όπιπευτῆρες
2830 3601 3236 3672 ὲπεφθέγξαντο
3266 3600 3525 3673 μαθηταὶ,

2115 3692 2381 3765 Κοίρανον
2406 3694 2482 3757 ὡς
2512 3694 2744 3764 ἐνόησαν
2762 3710 2777 3726 ο
2815 3695 2844 3747 6
2869 3693 2926 3746 δὲ
2953 3692 3126 3765 θρασὺ
3150 3691 3329 3765 χεῖλος
3354 3690 3579 3755 ἀνοίξας,

2119 3784 2351 3840 Ἔννεπε
2386 3783 2555 3856 μῦθον
2583 3786 2831 3852 ἄπιστον,
2865 3787 2987 3840 ἐπεὶ
3014 3786 3316 3859 βραδυδινέϊ
3349 3786 3502 3856 μύθῳ

2116 3876 2444 3949 Μαρτυρίης
2474 3877 2794 3950 ἄγναμπτον
2826 3879 3029 3943 ὲδίςετο
3061 3878 3284 3949 μείζονα
3309 3875 3501 3938 πειθὼ,

2117 3967 2183 4021 El
2217 3966 2293 4038 μὴ
2317 3968 2506 4038 χεῖρας
2535 3967 2720 4040 ἴδοιμι,
2753 3968 3114 4040 βαθυνόμενόν
3139 3985 3198 4022 τε
3236 3967 3440 4040 σιδήρῳ

2118 4057 2285 4126 Πήξω
2311 4058 2573 4119 δάκτυλον
2601 4060 2769 4133 ἀκρον
2803 4063 2860 4123 ές
2886 4061 3154 4132 όξυτόρων
3178 4059 3348 4123 τύπον
3376 4061 3533 4132 ἥλων.

2120 4147 2232 4200 Καὶ
2257 4147 2516 4222 παλάμην
2542 4149 2844 4224 γλαφυροῖο
2877 4151 3020 4207 κατά
3043 4151 3297 4222 πλευροῖο
3321 4152 3580 4215 πελάσσω,

1646 4258 1928 4318 ΤΕΧΤΠΞ
1968 4259 2493 4320 EVANGELISTIE.

502 4380 569 4435 17
607 4378 768 4447 Λέγει
798 4377 933 4446 αὐτῇ
955 4374 1203 4445 ὁἸησοῦς
1221 4390 1236 4405 ο
1266 4375 1356 4443 Μή
1381 4390 1483 4445 μου
1506 4375 1678 4430 ἅπτου
1702 4373 1884 4427 ·οῦπω
1906 4373 2015 4444 γὰρ
2048 4379 2091 4432 D
2120 4375 2303 4441 καθὼς
2329 4376 2639 4432 ἀπέσταλκέ
2674 4396 2742 4450 με
2767 4382 2795 4434 6
2820 4380 3032 4453 Πατὴρ,
3062 4381 3217 4453 κάγὼ
3250 4384 3453 4454 πέμπω
3475 4379 3615 4451 ὑμᾶς.

429 4460 746 4530 ἀναϐέϐηκα
782 4457 921 4529 πρὸς
958 4456 1051 4509 τὸν
1085 4455 1306 4528 Πατέρα
1359 4473 1458 4527 μου
1478 4473 1493 4488 ⁸
1530 4454 1762 4527 πορεύου
1790 4455 1847 4508 δὲ
1879 4455 2017 4527 πρὸς

429 4545 556 4607 τοὺς
582 4540 842 4610 ἀδελφούς
868 4557 990 4611 μου,
1028 4538 1122 4593 καὶ
1152 4538 1273 4592 εἰπὲ
1305 4539 1520 4603 αὐτοῖς’
1558 4536 1857 4592 Ἀναϐαίνω
1879 4537 2016 4609 πρὸς

430 4627 522 4680 τὸν
554 4624 775 4719 Πατέρα
811 4638 913 4693 μου
938 4622 1033 4676 καὶ
1062 4621 1278 4693 Πατέρα
1314 4621 1490 4691 ὑμῶν,
1513 4621 1605 4673 καὶ
1632 4619 1765 4673 Θεόν
1798 4637 1899 4691 μου
1924 4621 2018 4673 καὶ

430 4708 572 4846 Θ,ῗέ
592 4724 870 4863 {legam
903 4788 1096 4860 Μαρία
1146 4790 1180 4859 ἡ
1218 4786 1551 4859 Μαγδαληνὴ
1599 4785 2018 4855 ἀπαγγέλλουσα

345 4884 373 4892 "
431 4876 546 4937 τοῖς
573 4873 842 4944 μαθηταῖς
866 4873 949 4927 ὅτι
977 4870 1191 4943 ἑώρακε
1218 4869 1309 4923 τὸν
1346 4869 1573 4938 Κύριον,
1603 4870 1698 4923 καὶ
1728 4868 1905 4922 ταῦτα
1943 4864 2020 4922 εἷ-

433 4971 536 5008 πεν
561 4956 720 5025 αὐτῇ.

382 5050 426 5109 tr.
509 5037 576 5091 l9
613 5036 793 5107 Οὔσης
837 5032 928 5091 οῦν
956 5037 1115 5106 ὀψίας
1143 5038 1208 5107 τῇ
1239 5036 1426 5109 ἡμέρα
1453 5036 1636 5109 ἐκείνῃ
1667 5038 1733 5108 τῇ
1776 5037 1876 5107 μιᾷ
1912 5037 2020 5089 τῶν

374 5115 409 5189 ξ
438 5118 744 5183 σαϐϐάτων,
779 5121 873 5172 καὶ
919 5119 1027 5173 τῶν
1055 5119 1233 5190 θυρῶν
1262 5119 1682 5191 κεκλεισμένων,
1713 5121 1846 5173 ὅπου
1881 5115 2021 5192 ἦσαν

434 5203 483 5255 οἱ
520 5199 761 5274 μαθηταὶ
786 5201 1114 5271 συνηγμένοι
1148 5200 1234 5253 διὰ
1258 5201 1349 5253 τὸν
1376 5201 1538 5270 φόϐον
1578 5203 1689 5257 τῶν
1728 5202 2020 5264 Ἰουδαίων,

435 5281 599 5359 ἦλθεν
625 5285 654 5338 6
691 5283 919 5357 Ἰησοῦς,
953 5283 1045 5335 καὶ
1077 5282 1206 5353 έστη
1234 5283 1313 5347 εἰς
1334 5283 1395 5335 τὸ
1429 5285 1609 5354 μέσον,
1637 5286 1732 5339 καὶ
1760 5285 1906 5354 λέγει
1929 5285 2024 5338 αύ-

437 5371 582 5433 τοῖς’
612 5370 818 5441 Εἰρήνη
857 5369 1005 5439 ύμῖν.

507 5453 578 5508 20
616 5453 726 5507 Kal
758 5452 915 5507 τοῦτο
948 5448 1137 5512 εἰπὼν,
1165 5448 1363 5515 ἔδειξεν
1391 5450 1573 5514 αὐτοῖς
1594 5453 1705 5537 τὰς
1718 5456 1906 5525 χεῖρας
1932 5453 2026 5507 καὶ

2189 4460 2261 4514 22
2298 4460 2407 4514 Kal
2438 4459 2597 4515 τοῦτο
2635 4462 2824 4530 είπιῖδν,
2846 4465 3168 4538 ἐνεφύσησε,
3196 4468 3291 4521 καὶ
3317 4467 3466 4536 λέγει
3492 4462 3664 4521 αὐτοῖς·

2118 4544 2324 4599 Λάϐετε
2360 4543 2585 4616 Πνεῦμα
2617 4546 2792 4615 ἅγιον.

2188 4628 2261 4682 25
2300 4629 2400 4701 ᾊν
2446 4645 2605 4683 τινων
2649 4631 2822 4702 ἀφῆτε
2864 4633 2966 4698 τάς
2993 4635 3287 4707 ἁμαρτίας,
3314 4635 3553 4707 ἀφίενται
3590 4625 3668 4682 αὑ-

2120 4712 2232 4779 τοῖς
2252 4729 2264 4743 ·
2298 4709 2363 4764 ἄν
2390 4729 2550 4766 τινων
2583 4713 2844 4785 κρατῆτε,
2875 4717 3262 4788 κεκράτηνται.

2190 4795 2261 4849 24
2297 4796 2499 4866 Θωμᾶς
2530 4795 2608 4860 δὲ,
2641 4794 2723 4858 εἷς
2750 4799 2816 4851 ὲκ
2846 4799 2957 4853 τῶν
2982 4799 3213 4865 δώδεκα,
3244 4803 3273 4855 6
3304 4800 3578 4870 λεγόμενος
3594 4791 3667 4845 Δί’

2121 4878 2309 4948 δυμος,
2344 4879 2444 4931 οὐκ
2469 4874 2536 4949 ἦν
2573 4881 2689 4950 μετ’
2725 4881 2903 4936 αὐτῶν
2937 4882 3026 4936 ὅτε
3058 4879 3221 4954 ἦλθεν
3251 4884 3281 4937 6
3316 4882 3535 4955 Ἰησοῦς.

2191 4960 2264 5014 25
2305 4961 2529 5028 Ἔλεγον
2559 4958 2651 5016 οὖν
2684 4963 2833 5035 αύτῷ
2863 4965 2913 5018 οἱ
2938 4964 3086 5021 ἄλλοι
3124 4966 3399 5037 μαθηταί·
3435 4960 3669 5033 Ἑωράκα-

2126 5059 2226 5111 μεν
2257 5041 2349 5096 τὸν
2389 5042 2608 5116 Κύριον.
2627 5047 2684 5098 '0
2712 5046 2768 5099 δὲ
2797 5042 2950 5100 εἶπεν
2983 5049 3167 5109 αὐτοῖς
3187 5067 3201 5080 ο
3243 5048 3368 5102 Ἐὰν
3404 5048 3477 5120 μὴ
3519 5045 3598 5097 law
3624 5040 3669 5090 ἐν

2123 5125 2243 5186 ταῖς
2269 5126 2455 5196 χερσὶν
2481 5127 2645 5182 αὐτοῦ
2678 5129 2769 5183 τὸν
2794 5129 2966 5183 τύπον
3001 5129 3110 5184 τῶν
3136 5131 3302 5202 ἥλων,
3324 5133 3420 5185 καὶ
3448 5128 3577 5201 βάλω
3596 5123 3667 5175 τὸν

2124 5205 2387 5261 δάκτυλόν
2424 5225 2526 5279 μου
2563 5211 2644 5274 είς
2675 5211 2766 5265 τὸν
2819 5212 2991 5266 τύπον
3045 5212 3153 5265 τῶν
3205 5214 3349 5285 ἥλων
3371 5253 3386 5280 ,
3421 5213 3511 5266 καὶ
3551 5205 3669 5278 βάλω

2124 5289 2425 5388 τὴναεῖρά
2460 5309 2561 5363 μου
2592 5294 2671 5357 εἰς
2700 5293 2799 5365 τὴν
2837 5295 3078 5365 πλευράν
3127 5295 3323 5364 αὐτοῦ,
3363 5295 3425 5349 ού
3483 5292 3548 5366 μὴ
3593 5302 3666 5339 πι-

2128 5391 2358 5431 στευσω.

2196 5454 2269 5513 26
2306 5457 2417 5512 Kal
2449 5458 2569 5530 μεθ’
2593 5458 2807 5532 ἡμέρας
2839 5461 2985 5516 ὀκτὼ
3019 5461 3180 5516 πάλιν
3204 5458 3341 5534 ἦσαν
3380 5460 3485 5515 ἔσω
3522 5459 3562 5512 οἶ
3590 5470 3665 5525 μα-

438 5535 537 5608 τὴν
568 5536 807 5610 πλευρὰν
837 5535 1021 5590 αὑτοῦ·
1060 5534 1336 5606 ἐχάρησαν
1366 5528 1458 5585 οὖν
1490 5535 1536 5586 οἱ
1565 5528 1803 5606 μαθῆταὶ
1827 5536 2025 5601 ἰδόντες
2131 5537 2295 5609 θηταὶ
2325 5528 2508 5606 αὐτοῦ,
2548 5528 2647 5595 καῖ
2674 5528 2879 5614 Θωμᾶς
2910 5547 3029 5615 μετ’
3058 5528 3265 5601 αὐτῶν·
3300 5542 3555 5618 ἐρχεταιό
3585 5538 3667 5603 Ἰη-

442 5619 533 5672 τδν
567 5620 790 5696 Κύριον.

516 5702 579 5755 ει
622 5701 786 5759 Εἶπεν
809 5699 899 5759 οὖν
925 5704 1104 5766 αὐτοῖς
1126 5704 1152 5756 ὁ
1184 5702 1387 5775 Ἰησοῦς
1412 5700 1601 5757 πάλιψ
1634 5703 1838 5775 Εἰρήνη
1862 5704 1989 5774 ὑμῖν
2010 5722 2022 5735 ⁸

2132 5622 2256 5685 σοῦς
2283 5622 2391 5676 τῶν
2419 5623 2598 5695 θυρῶν
2620 5625 3042 5697 κεκλεισμένων,
3068 5629 3165 5682 val
3185 5628 3311 5700 ἔστη
3341 5630 3419 5695 εἰς
3442 5625 3499 5679 τὸ
3520 5620 3666 5695 μέπῠνν

2132 5704 2407 5763 καὶεῖπεν
2426 5725 2439 5740 ’
2468 5709 2677 5782 Εἰρήνη
2707 5710 2854 5782 ὑμῖν.
