3900 6216
308 315 425 373 ’961

1427 317 1587 372 DAN.
1624 316 1782 371 HEIN
1800 316 1884 372 Sll
1925 313 2544 375 EXERCITATIONES.

3482 326 3597 388 96:2

317 430 472 498 quod
509 428 691 508 in_s_uo
735 426 961 508 damnat
996 429 1342 508 Aristoteles,
1381 445 1450 485 ex
1492 430 1748 508 instituto
1780 428 1906 508 atie-

2017 427 2425 508 διθυραιιβικῷς
2473 429 2838 508 ccxxiiii).ng
2867 425 3011 498 οἷον,
3053 433 3408 508 θεοτερῷτους
3445 439 3587 494 πλά-

319 497 510 570 ctasse
542 499 756 553 videtur
785 498 814 570 ?i
834 497 968 552 Nam
1005 501 1150 568 quod
1194 502 1448 570 maxime,
1471 511 1528 554 ιιι
1561 500 1816 570 frigidum
1853 499 1907 552 in

323 569 423 640 illo
453 577 640 640 _notat,
675 569 818 638 quod
854 570 1156 640 idvviptuov
1188 568 1288 636 τῆς
1329 568 1508 640 ψυχῆς
1541 568 1745 625 diceret
1789 571 1909 620 'srw

326 638 560 706 θυμίαν,
595 655 716 693 cum
751 638 1069 709 éntOuplav,
1097 656 1192 694 seu
1231 638 1508 694 libidinem
1551 640 1905 706 signiﬁcaret,

326 709 460 777 quid
505 716 597 780 est
632 709 812 780 aliud,
849 726 1007 780 quam
1042 709 1172 763 illud
1196 709 1371 780 _quod
1409 719 1518 764 tam
1560 726 1703 780 saepe
1732 711 1908 780 placet

327 787 542 840 nostro,
575 778 866 831 ἀντίτυπον
893 779 1161 850 μίμημαῖ
1195 778 1264 834 Ut
1296 780 1350 833 in
1383 796 1447 835 eo
1481 799 1494 834 :

414 871 760 925 Ἀντίτυπον
794 870 1028 938 μίμημα
1059 870 1464 939 δρακοντείοιο
1493 872 1835 939 προσώπου·

318 977 455 1014 cum
495 960 789 1031 draconem
843 962 1054 1014 scilicet
1110 961 1418 1031 signiﬁcare
1458 964 1640 1021 vellet.
1674 963 1828 1026 Quod
1858 970 1912 1016 et

275 1091 282 1096 ι
319 1031 659 1101 attributum
703 1029 866 1101 simul
903 1039 956 1084 et
1009 1029 1394 1099 compositum,
1424 1032 1647 1087 διπλοῦν
1675 1033 1790 1101 ἅμα
1815 1035 1910 1088 καὶ

329 1099 605 1162 ἐπίθετον,
641 1110 718 1170 ut
745 1099 1069 1154 Aristoteles
1121 1102 1172 1154 id
1223 1112 1400 1156 vocat.
1443 1103 1561 1156 Jam
1603 1099 1910 1170 frequentia

329 1184 398 1224 ac
427 1170 595 1223 nimia
633 1169 836 1238 ubique
869 1178 982 1224 toto
1025 1185 1191 1239 opere
1225 1173 1508 1227 observes.
1548 1169 1908 1228 Luculentum

313 1240 610 1308 "specimen
666 1239 820 1292 initio
876 1241 1138 1294 occurrit.
1193 1239 1294 1294 Ubi
1349 1256 1473 1294 eum
1526 1245 1910 1299 sanctissimus

331 1309 686 1390 evangelista,
723 1310 977 1390 omnibus
1013 1325 1121 1364 non
1165 1311 1284 1366 sine
1325 1326 1493 1390 causa
1525 1313 1908 1390 abstinendum

322 1377 804 1459 sibijudicasset,
856 1381 1121 1451 integram
1170 1396 1238 1435 ex
1297 1382 1577 1437 attributis
1634 1385 1912 1438 contexuit

323 1457 639 1503 orationem
667 1465 680 1501 τ

336 1542 621 1614 ἷᾼχρονρς
647 1535 744 1614 τὶν»
777 1540 1094 1614 ἀκίχητος,
1127 1543 1186 1596 ἐν
1231 1542 1464 1612 dmum
1507 1543 1698 1614 Λόγος
1731 1545 1907 1614 ἀρχῆς

337 1609 626 1684 ίἸσοςευῂς
653 1609 985 1684 Feret-13ch
1024 1609 1332 1684 ὀμήλιιιὸςῖ,
1377 1614 1509 1680 Υἱὸς
1540 1609 1799 1684 ἀμιξὲωῤ,

333 1681 447 1733 Kal
483 1681 670 1748 Λόγος
698 1681 1064 1750 αὐτοφύτοιοί
1091 1683 1259 1737 Θεοῦ.

326 1771 638 1843 Frigidum,
669 1779 728 1824 ut
759 1771 891 1826 illud
932 1773 1000 1828 de
1030 1775 1382 1844 generatione
1410 1795 1423 1830 :

423 1863 605 1917 Ἀλλὰ
631 1862 780 1917 Θεοῦ
807 1863 1095 1933 γεγάασιν
1123 1864 1387 1934 ἀνήροτα
1415 1866 1596 1920 τέκνα
1633 1867 1871 1937 Τοκῆος.

329 1954 427 2028 Et,
450 1967 590 2028 cum_
621 1953 798 2028 ἄκυρα
845 1955 1066 2028 ubique,
1111 1971 1205 2028 seu
1244 1957 1562 2028 impropria,
1593 1970 1907 2027 occurrant,

333 2025 468 2078 illud
521 2023 682 2079 etiam
718 2023 1106 2079 obscenitatem
1139 2027 1190 2079 in
1234 2043 1292 2080 re
1322 2023 1636 2093 sancta,‘ex
1682 2023 1911 2085 transla-

331 2096 502 2166 tionis
517 2093 717 2166 Διιιοᾶο,
743 2094 922 2166 habet.
955 2095 1097 2162 Quid
1130 2097 1275 2166 quod
1305 2100 1564 2153 attributa
1633 2101 1910 2158 attributis

333 2164 483 2219 dedit
513 2163 535 2216 ?
565 2162 634 2217 Ut
660 2165 712 2217 in
745 2165 839 2218 illo
869 2183 884 2216 :

451 2256 668 2328 Ἀϐρὰμ
698 2257 1065 2327 ἀρχιγνόνοιο,
1091 2259 1432 2328 ρυηερενέος
1469 2259 1802 2332 γενετῆρος.

327 2347 469 2404 Nam
500 2357 558 2404 ut
581 2359 751 2419 pater,
784 2351 1110 2404 attributum
1143 2361 1229 2406 est
1265 2353 1320 2406 in
1366 2368 1432 2408 eo
1459 2372 1472 2406 :

441 2439 510 2494 Et
534 2451 686 2510 pater
718 2439 920 2496 IEneas
957 2440 1208 2496 Romana:
1241 2444 1420 2510 stirpis
1447 2444 1588 2514 origo
1611 2460 1630 2497 :

333 2533 408 2586 ita
443 2534 680 2603 γενετήρ
721 2533 774 2586 in
811 2533 936 2603 isto:
980 2532 1119 2598 Quid
1170 2535 1317 2603 quod
1367 2535 1527 2590 alieni
1571 2535 1910 2593 charactcris

331 2605 596 2658 attributa
627 2600 850 2657 miscet.
890 2600 961 2656 Ut
997 2604 1050 2656 in
1085 2600 1203 2668 illo,
1227 2605 1399 2672 primo
1438 2606 1614 2673 capite
1648 2621 1661 2657 :

617 2690 729 2762 46
761 2691 870 2744 Kal
916 2692 1197 2763 Ἐϐραίων
1227 2695 1405 2761 χορὸς
1446 2695 1682 2763 ἀνδρῶν·

333 2761 662 2830 Πόμπιμοςζ
689 2761 899 2814 ἔνθεον
925 2761 1114 2829 ἄνδρα
1141 2763 1208 2816 τὸ
1235 2763 1512 2831 δεύτερον
1538 2761 1711 2833 ἤρετο
1725 2767 1911 2833 μύθῳ.

328 2854 665 2924 Πομπίμους
695 2853 836 2907 enim
864 2852 1021 2924 dixit,
1089 2854 1178 2922 qui
1212 2871 1240 2909 a
1271 2854 1560 2910 Pharisaais
1609 2872 1671 2910 ac
1712 2857 1913 2912 Levitis

335 2924 403 2996 ad
425 2923 734 2996 Baptistam
783 2923 1160 2977 mittebantur.
1194 2925 1333 2991 Quia
1378 2926 1582 2996 legerat
1613 2927 1668 2980 in
1698 2927 1914 2996 Sopho-

333 2995 419 3049 cle
463 2993 711 3047 Tracliini
719 2995 762 3048 is
797 3008 814 3047 :

439 3081 509 3157 :9
541 3084 770 3157 παῖδες,
803 3085 884 3157 ᾡς
915 3085 1169 3155 ἄρ’ήμὶν
1198 3089 1269 3141 οὐ
1307 3086 1574 3157 σμικρῶν
1608 3085 1810 3141 κακῶν

442 3150 660 3224 ’Ἠρξεν
692 3156 755 3208 τὸ
794 3150 986 3224 δῶροῶ
1025 3150 1310 3225 Ἠρακλεῖ
1345 3150 1417 3211 'w
1448 3150 1792 3227 πόμπιμον.

330 3243 495 3309 Quod
528 3243 735 3312 antiqui
772 3245 964 3315 tragici
995 3245 1240 3300 dicerent
1277 3265 1291 3302 :

409 3334 601 3400 Porro,
635 3335 842 3388 sodales
860 3376 873 3400 ,
901 3337 1130 3402 pessimo
1169 3337 1316 3390 nobis
1338 3339 1482 3393 malo

409 3405 618 3457 bonum
655 3406 970 3473 auspicavit,
1000 3405 1250 3461 Herculei
1282 3411 1502 3462 missum
1538 3418 1593 3462 ut
1623 3410 1746 3478 fuit.

332 3497 494 3568 Quod
542 3498 594 3568 in
635 3497 952 3553 charactere
1003 3501 1195 3568 epico,
1238 3508 1292 3555 et
1345 3500 1439 3555 illo
1481 3502 1621 3565 loco,
1676 3518 1782 3556 non
1831 3511 1912 3556 est

335 3567 523 3640 nauci.
572 3567 647 3621 De
707 3583 834 3636 quo,
872 3577 931 3621 ut
983 3567 1217 3639 oportet,
1267 3570 1534 3640 judicare,
1568 3573 1826 3635 ultimus,
1857 3581 1914 3626 nt

333 3637 428 3690 ille
462 3639 559 3697 ait.
598 3652 805 3705 magna:
836 3637 1035 3694 mentis
1061 3655 1123 3693 ac
1158 3637 1367 3694 naturae
1400 3641 1524 3695 linis
1557 3651 1661 3699 est.
1693 3642 1910 3696 Etcum

332 3705 693 3793 illustraudze
709 3708 785 3793 rei
821 3708 1084 3793 attributa
1116 3709 1686 3793 sintiuventanetiam
1719 3712 1914 3793 ἀδηλο-

335 3775 524 3851 λογίας
554 3785 606 3851 et
635 3776 1022 3851 obscuritatem
1056 3781 1272 3844 miscet,
1295 3787 1355 3834 ut
1383 3781 1514 3851 quid
1531 3783 1656 3836 velit
1679 3775 1909 3838 ncSLias.

337 3846 809 3911 Quemadmodum
836 3847 894 3901 in
923 3848 1018 3902 illo
1046 3865 1060 3902 :

443 3938 830 4007 Νυκτιφανὴς
870 3939 1209 4009 ἀχάρακτος
1251 3940 1419 4007 ἐώτος
1448 3941 1583 4009 ἤϊεν
1625 3941 1842 4009 ἀστήρ.

336 4028 472 4082 Nam
503 4029 634 4102 quid
659 4039 743 4086 est
770 4031 1081 4102 ἀχάρακτον
1113 4033 1168 4086 in
1202 4033 1356 4088 stella
1382 4034 1758 4088 lucidissima?
1787 4048 1910 4086 cum

337 4101 640 4169 praesertim
691 4102 832 4172 caeci
868 4101 1060 4156 Oculos
1086 4142 1100 4165 ,
1133 4104 1224 4172 qui
1277 4118 1401 4156 cum
1439 4103 1541 4157 hoc
1579 4103 1730 4157 malo.
1754 4112 1913 4158 natus

335 4177 507 4234 esset,
534 4184 679 4223 nono
719 4171 897 4239 capite
933 4173 1012 4226 sic
1043 4171 1241 4226 dixerit
1274 4191 1287 4227 :

336 4262 385 4314 Σ
391 4259 713 4329 υμφερτὴν,
741 4261 1064 4332 ἀμέριστον
1080 4263 1256 4332 ἔχων,
1280 4262 1619 4332 ἀχὰρακτον
1640 4264 1910 4331 ὀπωπήν.

337 4347 514 4422 Etvis
553 4349 659 4422 alia
693 4350 916 4422 admisit
941 4367 1108 4422 quam
1141 4352 1442 4422 composita
1479 4368 1642 4421 :quze
1683 4354 1750 4407 ab
1788 4354 1914 4407 Ari-

337 4419 535 4490 stotele
579 4419 839 4474 dicuntur
862 4421 1046 4475 διπλᾶ.
1080 4421 1212 4488 Quae
1245 4419 1351 4476 non
1384 4419 1564 4477 minus
1608 4437 1732 4475 cum
1765 4422 1913 4490 judi-

337 4487 424 4542 cio
453 4499 622 4560 poeta:
657 4491 848 4559 reliqui
880 4507 1042 4560 quam
1081 4481 1328 4548 (iratores
1357 4492 1711 4548 admiserunt.
1747 4481 1912 4546 Com-
1943 4481 1986 4535 Ι)

338 4559 578 4631 ponendi
619 4561 761 4612 enim
815 4559 956 4624 linis,
999 4562 1218 4628 partim,
1255 4571 1334 4627 ut,
1379 4562 1837 4631 quemadmodum
1877 4577 1908 4616 a

337 4627 820 4700 criticisnotatur,
844 4646 948 4684 non
974 4627 1301 4700 promiscue,
1336 4627 1432 4687 sed
1467 4648 1588 4686 cum
1613 4633 1910 4687 necessitas

339 4698 393 4771 id
418 4699 622 4771 exigit,
648 4699 825 4771 oratio
851 4698 1105 4771 assurgat
1136 4720 1150 4756 :
1186 4703 1378 4770 partim
1409 4708 1465 4756 ut
1499 4717 1653 4754 mens
1700 4714 1907 4765 nostra,

339 4768 430 4820 ubi
485 4783 647 4836 opus,
701 4769 821 4824 loco
871 4768 1096 4840 integrae
1130 4768 1394 4826 orationis
1418 4812 1433 4834 ,
1461 4771 1608 4824 verbi
1646 4771 1910 4826 beneticio

339 4844 545 4901 utatur,
582 4846 774 4910 utnon
812 4856 976 4893 unum
1003 4880 1017 4902 ,
1053 4842 1148 4895 Sed
1197 4849 1256 4894 ut
1291 4843 1458 4895 multa
1480 4881 1494 4904 ,
1529 4857 1640 4894 uno
1671 4842 1912 4910 comple-

336 4913 572 4979 ctamur.
618 4908 736 4972 Quo
793 4919 845 4962 et
909 4911 1125 4964 interim
1185 4913 1360 4965 oratio
1405 4912 1690 4966 accrescit.
1740 4908 1910 4979 Ctijus

336 4977 633 5050 granditati
669 4980 947 5046 proximus
973 4989 1055 5034 est
1085 4990 1283 5036 tumor.
1309 4983 1365 5036 In
1403 4981 1548 5050 quod
1577 4983 1766 5036 vitium
1817 4977 1912 5035 ab-

337 5048 470 5108 itur,
504 5063 628 5100 cum
654 5057 746 5100 aut
775 5051 940 5102 multa
971 5051 1318 5120 adhibentur,
1353 5048 1445 5104 aut
1481 5067 1587 5105 non
1627 5053 1759 5106 satis
1788 5061 1913 5119 apte

336 5130 502 5189 voces
526 5129 952 5189 componuntur,
977 5129 1034 5174 ut
1060 5121 1114 5173 in
1147 5120 1506 5189 dithyrambis
1529 5123 1643 5176 ﬁeri
1680 5121 1910 5176 solt-bat.

338 5187 520 5260 Quare
541 5185 720 5260 41m
751 5186 1183 5259 dithyrambicas
1224 5185 1613 5245 vocabulorum
1647 5191 1915 5260 composi-

339 5259 541 5330 tiones,
571 5265 624 5330 et
646 5257 938 5314 inusitatas
971 5261 1202 5330 ideoque
1229 5261 1420 5321 duras,
1459 5270 1511 5314 et
1551 5257 1910 5330 periculosas,

339 5327 535 5400 quales
570 5326 683 5381 fere
735 5329 944 5391 nostri,
1001 5326 1252 5400 rhetores
1301 5326 1564 5400 relegant:
1597 5331 1669 5385 De
1714 5332 1913 5399 quibus

337 5397 617 5467 eleganter
646 5409 835 5467 auctor
870 5399 1307 5467 praestantissimi
1338 5397 1741 5461 De'elocutione'
1766 5401 1911 5463 libri,

339 5465 434 5536 qui
461 5481 612 5519 nunc
647 5465 973 5531 Phalereus;
1015 5469 1084 5520 ab
1115 5469 1405 5522 Ammonio
1444 5469 1511 5522 ad
1547 5470 1744 5523 librum
1775 5471 1915 5536 Περὶ

337 5533 663 5608 apparetur;
701 5537 1022 5608 simpliciter
1057 5536 1362 5608 Demetrius
1391 5546 1620 5608 vocaiur
1664 5559 1677 5593 :
1711 5540 1806 5608 qui
1851 5533 1916 5592 li-

339 5604 542 5676 bellum
577 5605 768 5676 ipsum
789 5604 825 5672 ,“
861 5606 922 5659 τὸ
969 5607 1110 5674 Περὶ
1147 5605 1586 5676 λογογραφικῆς
1629 5604 1789 5673 ιδέὰς
1832 5608 1914 5676 βι-

339 5671 512 5748 ϐλίον..
544 5671 672 5748 sive
694 5675 770 5728 De
792 5671 795 5672 ⁷
818 5671 1075 5748 sermonis
1107 5671 1589 5748 iforma’,'di'xit.rls
1619 5671 1784 5748 igitur
1812 5671 1914 5733 De-

339 5744 574 5804 metrius
607 5744 892 5818 ςΛηπτέον
937 5747 994 5803 δὲ
1020 5744 1136 5823 ,καῖ
1179 5746 1408 5814 σύνθετᾳ.
1445 5744 1724 5822 ὀνόματόπ,
1756 5748 1816 5803 οὐ
1847 5749 1917 5806 τὰ

2014 515 2130 581 ναξ,
2167 499 2320 581 pods,
2337 501 2572 581 ﬁerpr
2603 499 2903 581 ρορύπορον
2947 505 3175 581 στρατὸν
3190 499 3590 581 ,ξριλλξ-ἑοικότα

2013 569 2126 652 τοῖς
2159 569 2264 622 ὑπὸ
2302 570 2401 654 τῆς
2441 569 2699 638 ἀληθείας
2748 569 3451 654 σιξγκειιιένοιςηΚαθόλοιι
3474 581 3588 654 γὰρ

2014 637 2216 713 τᾳύτην
2239 637 2438 713 κανόνι-ιι
2461 637 2720 713 ῖτοὶουμαι
2746 637 2926 712 πάσης
2943 637 3240 712 ὀνομασίας
3263 662 3278 676 ·
3295 637 3590 713 νομοθέταξ

2016 697 2299 788 λέγουξσίιν,
2331 709 2424 760 καὶ
2453 697 2858 788 όιρχιτὲκτονας,
2882 697 2982 764 ’έαὶ
3009 697 3192 788 τοιάδε

2016 779 2277 850 ἀσφαλῶς
2317 779 2652 831 συντιθείσαν
2679 797 2692 810 ο
2733 781 2835 834 hoc
2861 791 2963 843 est,
2997 782 3310 850 Compositis
3339 779 3587 840 utendum

2016 849 2336 909 nominibus,
2357 865 2600 922 namque;
2625 851 2822 922 tumide
2841 861 2888 904 et
2911 849 3420 922 dithyrambicorum
3448 874 3591 911 more

2016 929 2439 991 componuntur;
2453 917 2518 969 Ut
2539 920 2586 991 si
2608 922 2722 991 quis
2748 917 3101 991 θεοτεράτούς
3127 925 3336 987 πλάνας
3355 967 3369 986 ,
3399 927 3450 979 id
3483 939 3587 991 est,

2015 992 2309 1060 prodigiOse
2342 1006 2373 1041 a
2405 987 2509 1067 Deo
2531 988 2793 1042 immissos
2823 987 3046 1067 errores,
3067 1005 3156 1067 aut
3180 994 3396 1066 ἄστρων
3429 987 3589 1067 δορύὲ

2019 1059 2186 1132 πορον
2228 1059 2478 1132 στρατόν,
2512 1067 2778 1132 astrorum
2812 1064 3095 1114 exercitum
3125 1059 3300 1132 igneis
3328 1059 3590 1120 munitum

2016 1127 2204 1190 hastis,
2237 1127 2420 1190 dicat;
2448 1127 2558 1200 sed,
2587 1144 2703 1196 qua:
2731 1130 2807 1180 ita
2847 1127 3253 1200 componunlur,
3293 1144 3349 1187 ut
3380 1135 3443 1187 ab
3474 1139 3588 1190 usi-

2019 1202 2146 1253 tatis
2175 1217 2236 1253 ac
2275 1199 2516 1266 receptis,
2547 1215 2724 1270 quam
2753 1200 2968 1270 minime
3019 1203 3279 1256 recedant.
3330 1205 3503 1270 Quam
3533 1209 3590 1260 in

2017 1272 2314 1341 universum
2348 1285 2588 1341 normam
2617 1269 2674 1341 in
2697 1268 2784 1341 liis
2815 1269 3010 1323 talibus
3040 1287 3102 1323 ac
3133 1273 3295 1341 legem
3315 1268 3426 1328 esse
3453 1277 3586 1331 volo.

2023 1337 2090 1391 Ut
2113 1357 2231 1411 cum
2266 1339 2580 1411 νομοθέτας,
2607 1338 2958 1411 legislaiores,
2982 1337 3388 1411 ὰρχιτὲἱιτονας,
3405 1345 3591 1411 fabro-

2018 1425 2136 1462 rum
2181 1407 2404 1462 dicimus
2435 1410 2733 1482 praefectos.
2762 1407 2828 1482 Et
2862 1409 2916 1460 id
2950 1407 3118 1482 genus
3151 1413 3282 1474 alia,
3316 1407 3432 1482 qua:
3475 1424 3596 1468 tuto

2017 1488 2416 1546 componuntur.
2440 1479 2633 1532 Noster
2657 1493 2782 1531 vero
2809 1480 2881 1532 ita
2905 1494 2934 1531 a
2958 1481 3164 1549 vulgari
3194 1479 3593 1539 consuetudine

2016 1551 2406 1622 vocabulorum
2462 1557 2516 1601 et
2561 1549 2900 1622 simplicibus
2945 1549 3234 1622 abhorret,
3278 1561 3338 1622 ut
3380 1569 3479 1622 pro
3523 1554 3592 1608 iis

2018 1634 2142 1672 cum
2178 1618 2415 1689 periculo
2437 1619 2737 1689 comp_osita
2771 1619 2972 1687 ubique
2995 1619 3208 1674 alfectet
3227 1660 3242 1685 ,
3273 1618 3439 1676 etiam
3467 1638 3589 1677 cum

2019 1689 2122 1741 alia
2149 1687 2207 1743 se
2234 1688 2551 1742 oﬂerebant.
2582 1687 2712 1741 Tale
2744 1696 2829 1742 est
2855 1703 2975 1756 cap.
3013 1704 3049 1742 ιι
3083 1708 3095 1743 :

1944 1788 1987 1848 Β
2019 1771 2425 1848 apmtqyai‘é§_
2439 1772 2573 1824 τόδε
2601 1769 2795 1840 θαῦμα
2818 1773 3166 1840 primaprimo
3191 1774 3349 1844 παρὰ
3381 1775 3594 1843 παστῷ

2032 1843 2267 1910 Ἰησοῦς
2295 1841 2637 1895 ἐτέλεσσεν.

2019 1925 2171 1992 Quod
2206 1926 2346 1997 alius
2379 1923 2630 1997 dixisset,
2667 1922 2891 1997 Πρῶτον
2925 1923 3023 1993 μὲν
3057 1925 3172 1978 τόδε
3218 1924 3422 1997 θαῦμα.
3456 1927 3592 1982 Nam

2018 1996 2376 2067 compositum
2413 2009 2520 2067 non
2547 1994 2742 2067 minus
2781 1994 3059 2067 veritatem
3082 2011 3273 2067 _quam
3326 1994 3591 2067 Simplici-

2019 2062 2182 2120 tatem
2204 2064 2520 2138 reiiuinuit.
2547 2062 2673 2138 l’lu_s
2705 2069 2787 2117 est
2820 2064 2963 2138 enim
2993 2063 3210 2133 πρῶτον
3245 2081 3406 2138 quam
3435 2062 3594 2138 ῖπρῳ-

2016 2133 2377 2204 τοφανέςᾉυο
2406 2148 2533 2188 vero
2560 2133 2702 2204 enim
2752 2133 2932 2204 agitur
2961 2141 3110 2187 certo
3135 2133 3457 2204 acisimplici
3488 2133 3594 2190 mi-

2017 2206 2222 2259 raculo.
2253 2203 2383 2257 Tale
2423 2212 2509 2258 est
2554 2202 2940 2272 πολυσπερεῖς,
2979 2219 3078 2271 pro
3109 2202 3475 2271 πολλοί.’ριιω
3504 2206 3592 2259 in-

2020 2277 2219 2329 usitata
2261 2280 2423 2344 sunt,
2458 2281 2618 2342 atque
2669 2273 2745 2344 illi
2797 2274 2899 2344 hac
2931 2272 2996 2326 de
3029 2288 3196 2328 causa
3236 2275 3480 2344 placent.
3529 2276 3595 2329 Et

2018 2359 2232 2416 omnem
2256 2342 2368 2414 48
2393 2351 2615 2416 superat
2655 2343 3073 2406 absurditatem,
3103 2342 3258 2416 quod
3289 2345 3594 2416 incogitan-

2021 2423 2100 2468 tcr
2139 2412 2322 2467 clavds
2357 2412 2448 2482 qui
2476 2428 2538 2484 ex
2591 2413 2734 2484 ferro
2769 2412 3134 2484 essentgnon’
3165 2412 3452 2484 araqpoﬁg',
3489 2415 3594 2471 hoc

2019 2494 2121 2549 est,
2154 2484 2372 2550 ferreos,
2408 2483 2502 2536 sed
2539 2481 2929 2551 σιδηροφόρους
2958 2482 3114 2536 dixit.

2023 2569 2248 2634 Ὄροιος
2281 2561 2459 2630 οὗτος
2502 2564 2698 2619 ὄλοιτο
2737 2565 3151 2634 σιδηροφόρων
3174 2565 3292 2620 ἀπὸ
3330 2567 3591 2636 γόμφων.

2019 2656 2185 2724 Quasi
2234 2671 2426 2710 navem
2467 2654 2714 2725 ligneam,
2749 2656 3047 2724 liqniferam
3093 2655 3284 2711 Latine
3324 2657 3495 2712 dicas.
3525 2658 3595 2713 Ut

2019 2729 2290 2790 omittam,
2316 2741 2436 2780 esse
2465 2726 2873 2796 quaedam,quae
2894 2734 3157 2796 perpetuo
3185 2736 3503 2792 occurrunt,
3535 2737 3594 2783 ut

2020 2797 2309 2850 ἀντίτυπον
2329 2833 2344 2858 ,
2370 2795 2732 2867 raw/clusum»),
2771 2795 3142 2867 πᾳλξννοοτον,
3177 2797 3592 2867 παλινάγρετον,

2021 2867 2246 2937 ἀθηήτῳ
2286 2866 2393 2937 τινὶ
2427 2865 2662 2934 παλμῷ.
2703 2864 3033 2936 γαμψώνυχι
3090 2865 3309 2937 παλμῷ.
3347 2864 3592 2932 Quorum

2021 2911 2312 3006 ἆῖιόὶὶιῶεί
2324 2911 2673 3007 ἔῑίιιρῖιὲῖὗῖιὲ
2707 2911 3065 3007 iiii-"abidum
3091 2911 3596 3007 ἐιίἷίὲᾝιύἶῖιῖιέὖόὶ

2022 3004 2162 3060 terat
2200 3006 2399 3059 etlerri.
2433 3004 2564 3070 Qua:
2600 3005 2932 3074 paucissima
2959 3007 3026 3060 de
3067 3008 3251 3061 multis
3291 3007 3468 3061 obiter
3494 3004 3594 3062 no-

2022 3086 2238 3130 tamus:
2267 3084 2326 3128 ut
2361 3076 2684 3129 sententiam
2725 3076 3067 3145 antiquitatis
3088 3114 3104 3139 ,
3135 3077 3190 3131 in
3219 3091 3383 3145 quam
3431 3079 3594 3134 toties

1944 3140 1988 3200 C
2024 3146 2284 3210 peccavit,
2323 3146 2678 3200 illustremus.
2727 3143 2788 3198 Et
2829 3140 2956 3202 huic
3004 3140 3316 3214 proprie-ad
3361 3146 3591 3200 formam

2014 3215 2260 3270 attributi
2299 3215 2544 3283 :quippe
2585 3221 2780 3268 caetera
2830 3230 2950 3284 quae
2989 3228 3080 3269 aut
3113 3218 3293 3284 inepta
3323 3225 3472 3280 sunt,
3497 3225 3593 3272 aut

2015 3287 2178 3340 rebus
2204 3301 2394 3353 parum
2427 3293 2756 3354 congruunt.
2780 3293 2873 3338 aut
2895 3285 3091 3340 vitiose
3120 3286 3443 3350 eth-runtur,
3477 3302 3593 3339 ma-

2013 3356 2159 3409 xima
2203 3371 2267 3410 ex
2311 3364 2461 3425 parte
2513 3355 2988 3425 inl'raisigillatim
3046 3355 3593 3425 annotamussQuod

2015 3424 2332 3494 priusquam
2382 3424 2491 3489 ﬁat,
2525 3424 2771 3478 deﬁnitio
2809 3425 3212 3480 consideranda
3246 3424 3589 3490 erit.Quam,

2016 3503 2073 3548 ut
2094 3497 2292 3557 solent,
2321 3495 2540 3565 dignam
2569 3509 2628 3548 se
2651 3496 2992 3563 grammatici
3033 3497 3433 3565 excogitarunt.
3464 3495 3594 3563 Epi-

2015 3565 2190 3618 tlieton
2231 3566 2338 3618 sive
2372 3563 2708 3624 attributum,
2730 3581 2840 3618 esse
2880 3581 3064 3618 nomen
3090 3563 3300 3618 laudem
3337 3563 3593 3620 denotatis

2015 3646 2106 3688 aut
2149 3634 2459 3702 vituperium
2493 3651 2511 3688 .'
2538 3634 2676 3704 quod
2709 3635 2960 3702 propriis,
2998 3637 3078 3688 vel
3130 3651 3246 3704 qua:
3275 3636 3594 3702 appellativa

2013 3707 2114 3774 ipsi
2151 3705 2354 3770 dicunt,
2389 3706 2659 3759 commode
2687 3707 2999 3772 apponitur;
3031 3707 3269 3775 quodque
3301 3723 3330 3758 a
3354 3720 3590 3774 corpore,

2015 3777 2080 3827 ab
2110 3776 2415 3840 auimo,aut
2444 3775 2511 3828 iis
2539 3791 2655 3843 qute
2686 3784 2808 3828 sunt
2829 3786 3001 3836 extra,
3020 3777 3269 3830 sumitur.
3293 3779 3347 3829 In
3371 3790 3477 3844 qua
3493 3776 3593 3830 de-

2015 3844 2280 3914 ﬁnitione,
2314 3852 2447 3912 quot
2470 3855 2598 3898 sunt
2620 3860 2755 3914 pene
2782 3846 2981 3914 verba,
3004 3852 3084 3898 tot
3123 3845 3440 3914 supinitatis
3461 3853 3593 3898 sunt

2015 3913 2214 3968 indicia
2245 3923 2340 3966 aut
2388 3915 2748 3982 negligentiae.
2780 3913 2965 3968 Primo
3009 3913 3337 3982 enim,’quis
3365 3915 3593 3968 divisio-

2014 3999 2135 4051 nem
2173 3984 2318 4035 illam
2350 3983 2519 4045 ferat,
2544 3981 2760 4036 laudem
2799 3982 3074 4051 designare
3110 3992 3203 4035 aut
3230 3981 3543 4048 uituperium
3566 3986 3593 4038 l'

2012 4050 2148 4104 Nam
2182 4066 2305 4122 quas
2337 4054 2457 4122 laus
2482 4059 2576 4104 aut
2626 4050 2976 4119 vituperium,
3016 4051 3085 4116 si,
3129 4052 3365 4122 exempli
3397 4066 3591 4121 causa,

2013 4122 2212 4183 dicam,
2244 4121 2463 4174 herilem
2489 4137 2728 4189 gressum
2759 4123 2784 4174 ?

2191 4201 2537 4272 Gressumque
2569 4219 2722 4256 canes
2756 4202 3081 4257 comitantur
3109 4201 3348 4258 herilem.

2014 4283 2224 4338 Etcum
2260 4284 2402 4340 idem
2434 4286 2687 4357 princeps
2739 4296 3043 4356 poetarum,
3078 4286 3145 4340 de
3176 4296 3371 4340 natura
3403 4287 3591 4357 singu-

2016 4357 2215 4418 lorum,
2245 4371 2458 4423 campos
2492 4355 2766 4425 liquentes,
2806 4372 2953 4409 mare
2979 4357 3283 4417 cwruleum,
3315 4365 3370 4411 et
3403 4355 3514 4410 alia
3536 4358 3591 4412 id

2014 4441 2205 4497 genus,
2243 4426 2379 4480 dixit
2415 4426 2439 4478 Ἰ
2469 4428 2600 4491 Quae
2647 4427 2921 4497 profecto_
2948 4442 3121 4497 neque
3157 4427 3368 4481 laudem
3413 4443 3592 4496 neque

2015 4494 2346 4566 vituperium
2378 4504 2568 4551 notare
2603 4494 2856 4566 possunt.
2892 4494 3358 4562 Quemadmodum
3385 4499 3439 4551 in
3470 4494 3594 4564 qui-

2014 4565 2116 4620 bus
2153 4567 2285 4637 nihil
2321 4573 2533 4637 notant,
2558 4565 2661 4620 nisi
2692 4568 2837 4637 quod
2863 4566 3152 4628 redundat,
3176 4575 3256 4628 ut,
3283 4567 3591 4637 creduntque

2013 4635 2282 4690 securibus
2313 4636 2532 4688 humida
2578 4635 2738 4701 vina’;
2768 4644 2863 4689 aut.
2905 4637 3095 4688 humor
3134 4635 3386 4705 liquidus,
3428 4635 3592 4705 atque

2012 4707 2115 4758 alia
2147 4706 2196 4759 id
2231 4721 2419 4769 genus.
2445 4705 2598 4772 Quod
2619 4706 2904 4761 Charisius
2935 4722 3059 4759 cum
3088 4705 3431 4772 intelligeret,
3465 4706 3593 4773 Epi-

2015 4777 2191 4828 theton
2220 4775 2331 4846 49
2347 4788 2444 4841 est,
2467 4777 2663 4846 inquit,
2689 4778 2872 4837 dictio,
2906 4777 3158 4830 vocabulo
3187 4775 3465 4846 adjuncta,
3497 4792 3590 4828 or-

2013 4845 2198 4915 nandi,
2217 4845 2307 4898 ant
2323 4845 2625 4899 destruendi
2639 4847 3022 4915 autjudicandi
3037 4862 3221 4899 causa.
3241 4845 3304 4897 Et
3326 4845 3588 4911 Donatus,

2011 4914 2343 4969 discretionis
2365 4956 2379 4978 ,
2409 4914 2749 4984 proprietatis
2773 4927 2864 4969 aut
2895 4926 3114 4969 ornatus
3141 4932 3326 4969 causa.

2083 4984 2280 5038 Mirum
2337 4996 2665 5052 autemest,
2731 4987 2862 5055 quid
2903 5001 3026 5039 cum
3089 4985 3358 5040 divisione
3397 5000 3462 5040 ea
3520 4986 3592 5041 iis

2012 5056 2225 5109 venerit
2272 5055 2324 5108 in
2364 5069 2639 5110 mentem:
2682 5072 2804 5110 cum
2847 5071 2877 5108 a
2915 5069 3166 5124 corpore,
3213 5068 3306 5108 aut
3349 5057 3418 5108 ab
3466 5059 3591 5108 ani-

2012 5138 2124 5194 mo,
2180 5126 2482 5194 aut_foris,
2526 5128 2640 5180 sive
2683 5127 3051 5189 extrinsecus,
3093 5125 3339 5194 apposita
3377 5125 3590 5180 desumi

2014 5193 2222 5264 dicunt.
2273 5192 2430 5260 Quod
2465 5196 2750 5251 Charisius
2793 5204 2847 5249 et
2875 5196 3056 5250 caeteri
3107 5192 3434 5264 sequuntur.
3477 5195 3589 5249 Nec

2015 5262 2284 5334 Donatus,
2333 5267 2478 5334 quod
2515 5266 2735 5326 mirere,
2779 5266 2909 5320 hinc
2944 5266 3132 5318 abivit.
3176 5262 3242 5317 Et
3286 5265 3389 5318 hoc
3426 5265 3592 5332 vulgo

2009 5333 2121 5406 jaiu
2179 5335 2247 5406 ab
2294 5333 2551 5390 omnibus
2603 5344 2900 5406 receptum.
2962 5334 3115 5400 Quod
3167 5335 3212 5389 si
3247 5349 3434 5387 verum
3481 5343 3588 5399 est,

2015 5403 2080 5477 :_i_d
2130 5405 2358 5477 primaint
2415 5422 2477 5460 ea
2513 5403 2745 5477 astringi
2792 5406 3157 5461 substantiam
3203 5417 3426 5477 necesse
3475 5413 3584 5477 est.

2016 5471 2149 5545 i‘iani
2203 5476 2256 5527 in
2293 5471 2521 5529 Socrate
2566 5471 2884 5545 speciantur
2917 5477 3045 5535 ista,
3095 5471 3584 5545 non_in__homine.

2014 5541 2184 5596 Nemo
2228 5545 2371 5597 enim
2424 5554 2520 5598 aut
2571 5538 2614 5598 δ’
2636 5546 2830 5609 forma,
2887 5550 2981 5596 aut
3022 5557 3052 5594 a
3108 5538 3428 5609 fortitudine
3467 5543 3592 5593 ani-

2017 5613 2111 5683 mi,
2172 5624 2266 5683 ant
2312 5615 2528 5683 opibus,
2568 5607 2958 5683 commendatt
2981 5610 3086 5664 nisi
3136 5610 3337 5683 tale-iii:
3371 5607 3591 5683 Hercu-

2017 5682 2143 5747 lem,
2186 5678 2455 5753 Ulyssem,
2501 5686 2732 5745 scilicet,
2779 5680 3194 5753 aut_(_3_rt_csum.
3233 5678 3421 5753 _Et__sic
3462 5693 3588 5733 ora-

2017 5760 2187 5820 tores,
2237 5747 2383 5813 hunc
2434 5747 2528 5820 aut
2572 5755 2749 5824 illum,
2801 5766 2832 5810 a
2877 5749 3138 5810 felicitate
3177 5747 3385 5822 triplici
3441 5763 3592 5829 coni:
