3900 6216
252 321 363 378 985

1363 311 1519 369 DAN.
1561 309 1808 367 llEiNSll
1849 305 2468 368 EXERCITATIONES.

251 439 502 510 ωνύμως
523 435 798 510 Miscent,
821 443 876 510 et
895 435 1241 510 πᾳριονύμως
1259 436 1368 489 ἀπό
1399 453 1546 510 τινος
1569 435 1846 510 λέγεσθαι,

1959 431 2165 510 volunt.
2201 431 2392 510 itaque
2415 432 2558 510 Deus
2588 431 2751 510 bonus
2782 447 2904 486 cum
2936 431 3160 510 dicunt,
3207 431 3525 510 imperfecte

259 505 560 566 dicuntur.
594 505 687 561 Sic
709 507 954 575 magistri
979 505 1332 562 Hebraeorum
1357 514 1411 561 et
1441 507 1584 560 inter
1607 523 1704 563 eos
1725 509 1853 562 rab-

257 582 316 636 bi
349 580 547 634 Elius:
578 577 784 630 Nomen
813 577 1002 645 forma!
1040 586 1118 631 est
1147 577 1286 647 quod
1318 587 1394 630 est
1429 592 1517 644 per
1545 595 1617 632 se.
1656 578 1852 631 Errem-

260 650 352 717 plo
381 651 454 705 sit
506 647 706 709 Ruben,
743 647 882 716 quod
918 657 995 701 est
1035 665 1220 701 nomen
1269 663 1362 714 per
1394 664 1450 700 se
1479 658 1527 700 et
1557 651 1848 716 proprium.

261 720 406 776 Cum
424 720 611 786 incipit
640 720 692 770 in
721 733 780 771 eo
807 719 1082 786 sapientiw
1110 734 1221 771 esse
1243 717 1508 780 accidens,
1541 729 1665 772 tunc
1695 737 1851 774 voca-

264 802 357 845 tur
383 791 619 852 sapiens.
651 787 737 841 Sic
758 804 876 840 cum
904 789 956 840 in
979 787 1086 858 54
1112 787 1284 856 lapide
1303 788 1544 854 inceperit
1567 807 1679 842 esse
1711 793 1852 843 acci—

261 862 400 915 dens
436 858 697 930 albedinis
726 857 804 912 vel
836 857 1147 930 nigredinis,
1172 867 1392 930 vocatur
1421 858 1560 925 lapis
1589 860 1678 913 ille
1708 863 1853 930 niger

262 941 315 985 et
347 931 530 984 albus.
555 929 688 999 Qua}
717 929 965 997 apposite
995 937 1090 981 aut
1119 928 1302 982 minus
1330 943 1567 999 congrue
1590 928 1852 999 subjectis

265 1001 643 1070 applicantur.
667 995 966 1070 Itaquequi
999 999 1190 1070 fortem
1225 999 1358 1070 dicit
1386 995 1656 1070 Palidem.
1689 995 1839 1056 virtu

267 1067 380 1126 tem
425 1069 615 1123 tribuit
658 1067 1381 1138 imbelli,qucmadmodmn
1417 1069 1508 1139 qui
1552 1071 1850 1139 sapientem

265 1151 562 1208 mtncupat
600 1140 926 1201 dementem,
956 1141 1082 1209 quia
1111 1139 1434 1209 sapientiam
1467 1141 1533 1192 de
1555 1157 1620 1193 eo
1657 1143 1851 1209 praedi-

269 1218 383 1275 cat,
417 1209 512 1279 qui
545 1211 674 1263 talis
705 1225 814 1262 non
845 1219 930 1264 est
960 1208 1136 1278 qualis
1172 1208 1517 1277 praedicatur.
1551 1208 1732 1276 Quare
1759 1214 1851 1280 qui

271 1281 380 1334 hac
407 1281 621 1334 ratione
653 1281 900 1349 apponit,
941 1295 1049 1334 non
1077 1280 1375 1349 incongrue
1417 1281 1531 1333 haec
1563 1283 1724 1336 modo
1753 1285 1854 1336 tri-

273 1351 394 1403 buit
427 1351 666 1419 utrique,
694 1348 791 1403 sed
831 1361 884 1403 et
925 1351 1060 1403 falsa
1104 1349 1160 1401 in
1187 1348 1564 1404 enuntiatione
1593 1351 1660 1405 de
1701 1361 1853 1408 utro-

271 1437 382 1488 que
404 1422 582 1488 ponit.
615 1419 744 1485 Quae
771 1435 878 1473 non
909 1420 1072 1473 modo
1097 1420 1166 1472 de
1196 1419 1531 1481 nominibus,
1557 1423 1650 1475 sed
1681 1432 1735 1476 et
1760 1439 1854 1476 vo-

267 1492 515 1553 eabulis,
543 1491 750 1552 relatis,
774 1492 995 1557 quantis
1028 1505 1243 1558 quoque
1270 1505 1336 1544 ac
1355 1491 1632 1559 qualibus.
1657 1494 1852 1548 dicun-

270 1568 385 1614 tur.
415 1561 596 1630 Atque
621 1561 689 1614 de
722 1561 1025 1630 incongrue
1051 1561 1328 1630 praeclare,
1346 1562 1510 1614 tertio
1553 1559 1856 1619 Rhetorica-

271 1646 417 1703 rum‘,
456 1629 710 1700 princeps
749 1629 1084 1703 sapientiae:
1131 1629 1369 1703 "(lanosi
1398 1631 1498 1703 uati
1543 1631 1642 1694 τὰς
1689 1651 1854 1703 μετα.-

271 1698 469 1771 φορὰς⁷
497 1698 876 1771 ἁρμοὲτούσας
920 1702 1124 1771 λέγειν.
1175 1698 1346 1752 Τοῦτο
1390 1700 1435 1753 δ’
1463 1701 1615 1754 ἔσται
1652 1698 1716 1755 sic
1762 1705 1855 1757 τοῦ

271 1770 547 1854 ςνμλργον
564 1787 584 1854 ο.
614 1773 670 1854 εἰ.
694 1771 751 1824 δὲ
788 1773 883 1854 pi},
915 1770 1162 1854 ἀπρεπὲς
1196 1773 1478 1854 φανεῖ-σπι·
1521 1771 1855 1854 διὰ-ςτριποιρξ
1888 1801 1928 1854 Β

271 1839 482 1910 ἄλληλα
528 1840 598 1911 τὰ
655 1839 873 1911 ἐνανέία
925 1839 1160 1911 μάλιστα.
1209 1839 1492 1911 φαίνεσθαι
1528 1857 1541 1871 °
1596 1842 1730 1896 ἀλλὰ
1773 1839 1855 1898 δεῖ

273 1909 503 1986 ᾳκοπε-ἶν
531 1909 605 1986 ὡς
637 1910 740 1986 νέῳ
779 1909 1032 1986 cfea/156:5,
1072 1909 1213 1986 οξῦτω
1263 1909 1478 1979 γέροντε
1510 1928 1592 1964 τι’
1638 1914 1698 1965 οὐ
1744 1916 1850 1986 γὰρ

271 1981 308 2050 ἡ
329 1980 472 2049 αὐτὴ
501 1980 696 2050 πρέπει
726 1980 888 2051 ἐσθής
912 1999 925 2013 ·
962 1981 1208 2034 Dandum
1233 1996 1465 2048 cperant,
1492 1992 1545 2032 ut
1571 1998 1635 2034 ea:
1665 1980 1852 2041 decoro

273 2065 335 2102 ac
375 2053 760 2122 convenienter,
795 2061 902 2103 tum
943 2051 1318 2122 translationes
1349 2062 1457 2101 tum
1488 2053 1729 2119 apposita
1757 2071 1853 2122 po-

273 2131 476 2174 nantur
503 2121 688 2191 .°_quod
719 2122 952 2189 profecto
989 2123 1045 2174 in
1083 2121 1418 2191 proportione
1459 2137 1694 2190 congrua
1727 2141 1855 2178 con-

274 2191 439 2244 sistit.
490 2189 671 2260 Neque
708 2201 875 2259 potest
921 2192 1058 2259 ﬁeri,
1104 2192 1228 2260 quin
1268 2189 1570 2242 indecorum
1611 2197 1852 2260 protinus

275 2261 330 2314 in
357 2260 541 2314 oculos
571 2264 828 2322 incurrat,
855 2261 1111 2328 siquidem
1127 2262 1417 2318 contraria,
1446 2277 1561 2313 cum
1589 2263 1722 2316 inter
1745 2281 1854 2318 sese

277 2341 688 2398 componuntur,
731 2331 960 2384 maxime
992 2333 1217 2384 elucent.
1251 2329 1436 2397 Itaque
1466 2331 1763 2396 videndum,
1798 2345 1852 2387 ut

272 2401 360 2454 hic
384 2404 754 2472 congruentia,
779 2401 1218 2470 quemadmodum
1240 2401 1292 2451 in
1315 2401 1560 2463 vestibus,
1580 2416 1812 2456 servetur
1833 2422 1853 2458 :

279 2486 404 2524 nam
437 2471 500 2524 ut
524 2471 700 2537 iuveni
739 2473 1044 2525 conveniens
1081 2480 1156 2525 est
1196 2485 1431 2537 purpura
1478 2487 1539 2523 ac
1571 2485 1730 2528 vestes
1775 2485 1855 2528 ta-

279 2541 353 2594 les
380 2558 399 2595 :
429 2544 509 2595 sic
553 2541 960 2609 dispiciendum,
1011 2557 1126 2609 qua:
1167 2539 1358 2593 decora
1394 2542 1524 2594 seni.
1562 2539 1685 2596 Non
1715 2546 1852 2597 enim

275 2612 468 2666 eadem
506 2613 757 2680 utrique:
802 2613 946 2679 quod
995 2613 1048 2664 in
1090 2619 1278 2663 nostro
1326 2610 1528 2678 passim
1574 2611 1660 2665 hic
1697 2623 1855 2668 nota-

280 2697 426 2736 mus.
477 2681 650 2743 Adde,
692 2682 838 2750 quod
884 2682 936 2735 in
973 2681 1206 2750 singulis
1257 2681 1856 2752 scientiisplerumque

277 2752 530 2821 quaedam
556 2754 867 2806 necessario
892 2762 1188 2821 ponuntur,
1223 2759 1280 2804 ut
1313 2751 1363 2802 iu
1391 2751 1564 2805 sacris
1597 2751 1854 2807 attributa

280 2838 401 2890 qua:
435 2821 669 2893 abipsis
686 2821 1021 2893 ἀκοινώνητα
1049 2822 1326 2880 dicuntur,
1355 2828 1410 2873 ut
1445 2831 1692 2885 aeternus,
1729 2825 1854 2893 inﬁ-

281 2893 450 2945 nitus.
495 2891 629 2945 Nam
678 2907 798 2960 qua:
845 2908 965 2944 cum
1009 2892 1321 2945 hominibus
1356 2891 1856 2958 communicantur,

282 2963 566 3032 primitive
589 2963 807 3032 melius,
845 2977 1008 3030 quam
1048 2961 1191 3030 quod
1220 2970 1302 3016 est
1332 2963 1608 3029 proprimn
1638 2966 1858 3032 apposi-

283 3031 486 3094 torum,
515 3031 862 3102 παρωνύμως
900 3033 1303 3102 exprimuntur.
1339 3032 1574 3102 Ideoque
1604 3031 1722 3087 non
1747 3043 1854 3086 tam

282 3113 434 3157 recte
466 3098 685 3171 sapiens
708 3098 870 3171 quam
905 3098 1192 3169 sapientia.
1223 3101 1375 3168 Quod
1404 3103 1470 3156 de
1493 3098 1630 3156 Filio
1653 3111 1856 3159 :etcrno

284 3172 352 3244 ab
397 3172 626 3244 Hebraeo
659 3173 904 3240 sapiente
959 3183 1275 3244 usurpatur.
1325 3172 1417 3226 Sic
1454 3189 1796 3244 qutecunque
1827 3189 1857 3228 a

284 3242 736 3315 philosophorum
785 3257 910 3312 rege
952 3243 1018 3296 de
1054 3243 1346 3315 virtutibus
1382 3244 1436 3294 in
1483 3243 1682 3297 Ethicis
1716 3242 1859 3315 pne-

283 3313 434 3366 clare
458 3312 564 3381 55
589 3313 955 3379 disputantur,
988 3315 1219 3382 singulis
1255 3314 1356 3366 hac
1394 3315 1607 3368 ratione
1640 3312 1858 3369 accom-

285 3383 601 3436 modantur.
651 3382 783 3436 Nam
822 3382 1149 3454 παρώνυμα,
1195 3394 1266 3448 et,
1303 3391 1359 3436 ut
1400 3382 1640 3438 Joannes
1671 3385 1858 3440 Dama-

285 3467 489 3526 scenus
525 3454 1141 3526 ιυιιιιὶιιιιλεπαράγωγα,
1162 3455 1502 3526 plerumque
1520 3465 1666 3526 sunt
1695 3473 1859 3526 appo-

286 3524 416 3584 sita,
471 3519 706 3596 ideoque
749 3519 905 3577 ’l‘itio'
941 3519 1303 3596 conveniunt:
1359 3519 1452 3577 aut
1514 3524 1639 3578 Seio
1683 3545 1696 3579 :
1733 3519 1854 3596 ’ἱμιί

285 3600 580 3666 ’Μελ-ξιτψ
616 3593 1173 3666 liebraeorumlogicis
1193 3595 1516 3664 plerumque
1545 3593 1858 3666 nuncupan-

287 3670 396 3732 tur.
437 3662 611 3716 Etiam
640 3665 692 3715 in
725 3664 1013 3732 eloquendi
1042 3662 1178 3719 arte.

355 3731 752 3803 Antonomasia
782 3731 923 3787 enim
957 3734 1204 3803 proxime
1250 3733 1316 3787 ad
1356 3742 1661 3802 apposrtum
1697 3751 1857 3791 accc-

287 3802 386 3857 dit.
424 3802 528 3856 Sed
559 3812 612 3856 et
641 3803 827 3856 eadem
867 3802 1097 3857 subinde
1127 3813 1228 3857 est.
1261 3805 1376 3868 Qua
1407 3806 1472 3858 de
1503 3822 1560 3858 re
1592 3805 1855 3862 videndus

288 3883 371 3927 est
414 3873 626 3926 dill'usaa
667 3875 988 3927 eruditionis
1030 3873 1112 3926 vir
1157 3874 1429 3928 Cerardus
1482 3874 1727 3930 Vossius.
1793 3876 1856 3929 Et

289 3958 679 4012 nonnunquam
712 3944 792 3996 vel
824 3943 1087 3998 deliniant
1118 3945 1200 3997 vel
1223 3946 1410 4000 saltem
1441 3955 1852 4000 convertuntur.

291 4011 362 4085 Ut
395 4013 440 4067 si
475 4011 692 4085 λοῖικᾴν
722 4023 876 4082 poeta
911 4014 1056 4068 dicat
1087 4016 1320 4075 animal,
1356 4015 1726 4085 intelligatque
1759 4017 1856 4067 ho-

291 4082 517 4154 minem.
553 4083 839 4154 Delinitum
871 4085 1014 4137 enim
1061 4086 1376 4154 intelligitur
1445 4082 1854 4153 καῖἁνῖειστρέ-

293 4167 401 4220 est.
441 4151 597 4216 Quod
626 4154 691 4206 ad
720 4157 912 4207 falsum
950 4163 1150 4218 autem,
1189 4151 1299 4208 ficri
1337 4170 1444 4208 non
1493 4163 1689 4222 potest,
1721 4151 1851 4224 quin

295 4231 472 4295 poeta,
499 4237 622 4276 cum
657 4224 897 4295 apponit,
917 4226 1120 4294 pariter
1150 4225 1416 4284 enuntiet.
1449 4235 1542 4278 aut
1569 4226 1849 4294 prtedicet:

293 4292 385 4366 qui
417 4292 498 4346 sic
526 4294 872 4366 praedicatum
902 4292 1079 4366 jungit
1109 4311 1232 4349 cum
1275 4297 1541 4363 subjecto,
1569 4292 1654 4350 _ut
1689 4297 1739 4348 in
1789 4311 1853 4349 eo

295 4363 368 4414 nil
406 4373 603 4436 praeter
627 4363 1262 4436 copulamdesideretur.
1304 4366 1441 4434 Ergo
1468 4366 1512 4420 si
1546 4370 1851 4436 appositmn

294 4433 622 4506 confundas,
659 4441 752 4486 aut
782 4433 1027 4500 subjecto
1055 4435 1253 4506 jungas
1284 4433 1494 4506 alieno.
1520 4433 1630 4490 non
1659 4439 1850 4490 incon-

293 4517 490 4584 gruum
517 4491 747 4590 infertur
777 4491 956 4568 modo,
988 4491 1090 4590 sed
1113 4491 1416 4590 etffalsum.
1449 4505 1512 4590 fit
1551 4507 1603 4561 id
1637 4507 1854 4590 quidem
1889 4491 1932 4545 Β

297 4573 352 4645 in
387 4573 617 4627 scientia
650 4588 996 4644 quacunque,
1039 4585 1097 4630 ut
1126 4577 1171 4631 si
1207 4587 1407 4630 terram
1456 4573 1859 4645 levemfignem

296 4642 451 4716 dicas
484 4642 732 4716 gravem,
761 4642 903 4716 nihil
925 4647 991 4699 ab
1016 4648 1392 4701 enuntiatione
1425 4642 1642 4700 dilfert.‘
1677 4642 1863 4716 Neque

297 4715 506 4778 refert;
536 4711 738 4767 Poenus
767 4715 918 4770 dicas
957 4717 1207 4780 Annibal,
1261 4733 1328 4771 an
1364 4717 1596 4770 Annibal
1627 4727 1710 4772 est
1740 4711 1863 4772 Poe-

299 4798 444 4857 nus:
481 4784 624 4857 quod
651 4793 707 4857 _et
736 4786 1201 4857 axiomaidicitur.
1240 4786 1302 4840 Et
1329 4788 1456 4857 quia
1495 4802 1682 4857 verum
1729 4803 1862 4842 cou-

298 4853 434 4905 tiuet
468 4861 561 4905 aut
593 4853 809 4924 falsum,
840 4854 1248 4911 fundamentum
1284 4853 1578 4912 dialectica:
1606 4873 1632 4910 a
1664 4856 1863 4912 Stoicis

299 4931 546 4975 vocatur.
595 4922 657 4974 Et
686 4924 776 4992 qui
831 4925 1005 4979 dicit:
1045 4927 1205 4982 Miser
1257 4928 1491 4983 Crassus
1525 4945 1537 4980 :
1573 4927 1860 4990 Crassum,

301 4997 442 5046 teste
473 4993 760 5053 Cicerone,
798 4996 874 5048 ait
905 5011 1025 5050 esse
1059 4999 1350 5056 miserum.
1400 5006 1492 5050 aut
1539 4999 1669 5050 nihil
1707 4999 1860 5060 dicit,

303 5071 360 5114 ut
391 5063 462 5115 sit
491 5063 631 5116 idem
659 5082 671 5116 :
708 5063 871 5119 Miser
897 5065 1152 5127 Crassus,
1185 5074 1256 5130 et,
1279 5067 1372 5121 Est
1399 5067 1565 5122 miser
1587 5068 1818 5122 Crassus
1847 5084 1860 5120 :

302 5130 368 5208 de
405 5148 514 5202 quo
542 5133 632 5208 ille
664 5135 717 5186 in
743 5137 1071 5208 Tusculanis.
1097 5136 1405 5208 Atquerbuc
1434 5147 1660 5206 spectat,
1696 5138 1860 5208 quod,

303 5207 414 5253 tum
450 5204 668 5274 nomina
707 5207 976 5274 apposita,
1014 5221 1120 5259 non
1153 5207 1391 5269 noniina,
1435 5204 1529 5262 scd
1564 5204 1726 5262 verba
1757 5205 1863 5261 dici

301 5279 510 5346 potant.
545 5272 841 5346 Quiasunt
868 5277 1178 5338 verborum,
1215 5291 1334 5345 qua:
1363 5277 1442 5346 sic
1478 5278 1862 5346 praedicantur,

302 5340 442 5404 loco,
475 5351 535 5417 ut
567 5344 611 5398 si
648 5344 801 5417 dicas
839 5340 1257 5417 ἐστὶν-ἄριστφξ,
1286 5340 1534 5417 eamdem
1563 5347 1721 5402 habet
1757 5340 1864 5402 vini

302 5426 462 5485 quam
478 5413 791 5485 apto-1565:.
839 5413 1127 5485 Eatmlem_,_
1146 5415 1290 5480 dico,
1319 5416 1428 5485 vim
1454 5425 1744 5485 utrumque
1772 5417 1868 5471 ha-

305 5481 410 5545 bet,
444 5483 490 5536 si
525 5481 718 5536 Achilli
759 5485 1048 5538 tribuatur.
1087 5482 1285 5538 Verum
1315 5484 1459 5539 enim
1505 5481 1727 5540 denotat
1775 5495 1868 5541 aut

304 5549 523 5626 falsum.
570 5553 639 5608 Ut
672 5568 773 5609 nec
802 5555 1032 5626 multum
1086 5554 1298 5626 referti
1319 5562 1516 5626 utrum
1543 5624 1553 5626 _
1588 5555 1870 5626 Ἀχιλλεὺς

302 5619 563 5696 apto-10;,
614 5637 850 5696 ειηυνθτο
877 5623 1128 5696 ﬁgurae
1169 5623 1478 5696 ᾏχιλλεύς,
1540 5624 1595 5678 in
1629 5619 1870 5682 carmine

307 5693 629 5759 pnesertim,
672 5693 847 5747 dicas.
876 5693 1012 5748 Nam
1042 5693 1149 5821 ᾗς
1176 5693 1385 5749 1Ιὼτωί
1431 5697 1739 5763 appositum
1781 5711 1868 5750 se-

307 5761 488 5818 cundo
513 5762 636 5820 loco
669 5773 896 5821 ponunt.
927 5765 1046 5821 Quo
1117 5765 1171 5821 ui
1204 5766 1318 5821 liat.
1355 5766 1707 5821 praedicatum
1747 5781 1868 5821 esse

306 5761 488 5818 eundo
513 5762 636 5820 loco
669 5773 896 5834 ponunt.
927 5761 1084 5832 Quod
1107 5761 1171 5822 iii
1204 5766 1318 5831 fiat,
1355 5761 1707 5836 praedicatum
1747 5781 1870 5826 esse

1956 501 2073 554 sive
2101 502 2310 565 ἀτελῶς
2342 503 2393 556 id
2443 503 2549 557 dici
2599 504 2809 565 volunt,
2847 517 2911 555 ac
2951 503 2997 557 si
3036 503 3208 566 dicas,
3245 501 3325 556 est
3371 505 3522 561 talis.

1953 569 2106 634 Quod
2130 581 2182 624 et
2213 571 2313 639 ipsi
2356 573 2643 640 aliquoties
2671 589 2780 626 non
2814 581 3055 626 servant.
3086 573 3173 633 At,
3222 574 3366 641 quod
3404 591 3524 627 ma-

1951 641 2036 709 gis
2069 641 2376 703 admireris,
2417 644 2581 695 etiam
2634 659 2754 711 qua:
2789 643 3020 696 maxime
3058 644 3124 696 ad
3185 652 3418 698 mentem
3458 659 3524 700 ac

1952 711 2279 764 sententiam
2339 722 2466 764 sum
2522 713 2868 775 necessaria,
2923 712 3313 776 dissimulant,
3377 715 3523 769 utin

1952 779 2047 832 illo
2085 798 2096 832 :
2130 780 2233 844 Qui
2280 782 2470 833 invenit
2514 782 2819 844 mulierem,
2858 783 3046 835 bonum
3100 783 3310 848 inuenit.
3366 781 3518 848 Quod

1952 849 2158 922 idcirco
2199 848 2507 922 llellenistre
2535 854 2920 920 suppleverunt
2946 894 2961 916 ,
3010 854 3104 914 Ὃς
3126 845 3253 922 εὗρε
3287 845 3522 920 γυνόιῖκα

1953 919 2188 986 ἀγαθήν,
2221 919 2331 984 Qui
2357 922 2545 972 invenit
2581 919 2847 975 mulierem
2869 925 3100 986 bonam;
3139 919 3260 975 nam
3291 919 3358 977 de
3381 925 3522 976 mala

1952 1004 2085 1043 sane
2126 990 2343 1043 falsum.
2401 989 2800 1061 Thargumisue
2831 1000 3034 1054 tamen,
3078 1007 3390 1061 qttanquam
3428 994 3515 1047 in-

1953 1067 2247 1128 terpretes,
2293 1061 2425 1112 nihil
2481 1060 2824 1114 addiderunt.
2864 1061 3028 1114 Nobis
3078 1060 3264 1129 parum
3307 1061 3519 1127 refert,

1955 1133 2070 1200 sive
2101 1139 2299 1182 terram
2331 1130 2562 1183 Atticam
2588 1139 2768 1200 poeta,
2801 1132 3029 1183 sterilem
3054 1132 3296 1198 apposite
3321 1141 3374 1186 et
3395 1134 3519 1184 ἐπι-

1955 1197 2123 1261 θέτως
2157 1200 2322 1262 dicat,
2355 1201 2470 1254 sive
2513 1197 2688 1264 dicat,
2747 1201 2959 1254 Sterilis
2997 1197 3323 1255 est’dtticu.
3383 1200 3520 1256 Nam

1956 1277 2248 1343 utrumque
2275 1285 2460 1343 verum
2492 1288 2505 1323 :
2540 1271 2740 1340 quippe
2792 1285 2911 1339 qua;
2961 1268 3262 1343 λεπῖόγεως
3304 1269 3522 1343 Τιιιιίεγι

1954 1337 2064 1390 didi
2103 1339 2170 1391 ob
2197 1342 2317 1392 cani
2351 1337 2572 1392 causam
2609 1337 2977 1409 ntthcupatttr,
3012 1341 3094 1391 cui
3116 1349 3190 1409 Aet
3224 1337 3521 1409 antiquita-

1954 1414 2062 1480 tem
2093 1409 2274 1476 populi
2326 1410 2543 1478 politice
2569 1407 2814 1463 ascribit;
2852 1410 2927 1461 Ita
2963 1407 3268 1480 siveiiesus
3297 1407 3521 1480 πόιητός

1955 1476 2190 1541 dicatur,
2221 1476 2354 1532 voce
2381 1479 2603 1545 Ariana,
2636 1481 2753 1534 sive
2783 1480 2883 1532 hoc
2913 1479 3248 1540 enuntietur,
3282 1476 3426 1532 nihil
3452 1479 3521 1533 ad

1958 1547 2348 1615 blasphemiam
2409 1549 2612 1603 referre
2671 1550 3073 1603 existimamus.
3132 1546 3242 1602 Nec
3275 1547 3522 1615 referre,

1957 1626 2139 1670 utrum
2173 1617 2514 1688 μετανάστης
2552 1634 2674 1671 cum
2712 1619 2961 1688 apposito
2999 1618 3214 1672 dicatur
3249 1617 3308 1672 S.
3343 1618 3523 1688 Spiri-

1959 1696 2067 1746 tus,
2133 1688 2246 1740 sive
2310 1687 2411 1741 hoc
2470 1690 2535 1742 de
2596 1704 2661 1742 eo
2716 1687 2944 1752 ἐντελῶς
2993 1689 3346 1751 enuntietur;
3387 1687 3526 1740 nam

1959 1763 2251 1825 utrumque
2281 1755 2474 1812 falsum
2502 1775 2516 1823 ;
2551 1758 2688 1812 duos
2713 1758 2843 1811 deos
2869 1757 3148 1812 Manichaei
3171 1757 3481 1811 statuebant
3508 1775 3522 1810 :

1956 1827 2162 1895 bonum
2207 1826 2370 1889 hunc,
2404 1828 2603 1879 malum
2631 1827 2804 1880 illum.
2838 1825 2994 1890 Huic,
3029 1840 3152 1882 eum
3187 1826 3386 1895 librum
3432 1826 3525 1895 qui

1958 1911 2100 1948 mmc
2153 1894 2366 1948 Exodus
2427 1896 2763 1960 inscribitur,
2832 1896 3046 1964 profani
3106 1911 3170 1949 ac
3221 1894 3522 1964 blasphemi

1957 1965 2320 2017 ascribebant.
2374 1965 2526 2030 Quod
2569 1972 2853 2035 negarent,
2910 1965 3035 2018 boui
3091 1966 3184 2018 Dei
3246 1980 3390 2028 esse,
3453 1965 3522 2018 iis

1956 2049 2094 2102 quos
2118 2049 2147 2086 e
2189 2042 2331 2086 terra
2362 2034 2656 2089 servitutis
2687 2034 2985 2096 eduxisset,
3020 2042 3224 2087 tantam
3278 2035 3406 2086 mali
3441 2049 3525 2102 ac

1956 2101 2323 2184 calamitatum
2346 2111 2551 2184 postea
2578 2106 2694 2184 viui
2737 2105 3014 2184 irrogare._
3224 2102 3338 2184 ἐςτι
3366 2101 3522 2184 *γὰρ’ε

1956 2172 2228 2232 dicebant,
2281 2172 2373 2224 τοῦ
2416 2173 2619 2240 ἀγαθοῦ
2656 2173 2790 2225 Θεοῦ
2830 2175 2888 2227 τὸ
2935 2173 3181 2226 ἐκλαϐεῖν
3231 2173 3426 2235 αὐτοὺς
3463 2172 3524 2237 ἐξ

1955 2240 2250 2313 Αἰγύπτῳ,
2279 2243 2371 2294 καὶ
2402 2244 2546 2313 κακὰ
2592 2241 2761 2295 πολλὰ
2790 2244 2970 2306 αὐτοῖς
3004 2243 3228 2313 ὕστερον
3267 2243 3522 2313 ποιῆσαι,

1959 2311 2134 2382 inquit
2170 2311 2426 2382 Leontius
2459 2312 2531 2365 De
2577 2315 2753 2366 sectis.
2809 2313 2876 2366 At
2908 2311 3182 2382 profecto,
3235 2311 3349 2366 sive
3398 2311 3524 2380 quis

1957 2381 2122 2441 dicat,
2159 2380 2335 2432 Malus
2369 2381 2526 2444 Deus,
2565 2397 2683 2434 cum
2715 2399 2742 2435 e
2789 2380 2928 2436 terra
2965 2382 3229 2438 servitutis
3273 2381 3521 2448 populum

1955 2450 2156 2521 eduxit,
2190 2453 2322 2521 sive,
2353 2450 2529 2521 Malus
2565 2451 2700 2503 Deus
2728 2451 2850 2520 fuit,
2892 2453 2980 2521 qui
3017 2469 3043 2505 e
3071 2463 3211 2504 terra
3258 2451 3525 2521 servitutis

1955 2520 2202 2586 papulum
2239 2519 2441 2582 eduxit,
2470 2520 2626 2588 juxta
2670 2519 3057 2575 falsum.'Nam
3093 2536 3190 2574 nec
3224 2520 3347 2572 talis
3381 2519 3524 2573 Deus

1959 2605 2082 2642 esse
2115 2597 2311 2657 potest,
2351 2597 2405 2644 et
2438 2593 2577 2642 hanc
2613 2591 2814 2657 passim
2879 2591 3134 2643 bonitatis
3193 2604 3305 2644 sua:
3340 2598 3520 2642 notam

1959 2661 2111 2728 ponit
2142 2659 2232 2728 qui
2265 2668 2348 2712 est
2382 2661 2495 2728 ipsa
2535 2660 2766 2713 bonitas.
2805 2658 2942 2725 Quid
2977 2659 3120 2728 quod
3161 2663 3522 2728 quantitatem

1959 2744 2197 2798 quoque,
2262 2730 2420 2782 simul
2457 2728 2561 2798 57
2608 2731 2796 2797 juncta
2847 2731 3131 2783 continent
3187 2729 3521 2797 plerumque.

1963 2797 2216 2852 Universi
2247 2800 2413 2860 enim,
2445 2797 2757 2868 quanquam
2790 2799 2907 2853 sine
2938 2800 3113 2868 signo,
3143 2798 3249 2850 vim
3278 2814 3528 2851 nonnuna

1959 2884 2122 2940 quam
2149 2869 2379 2940 habent;
2408 2885 2532 2922 nam
2553 2871 2869 2938 plerumque
2890 2868 3369 2940 auposatopictwg,
3387 2868 3523 2940 sive,

1959 2935 2249 3006 indeﬁnite,
2287 2955 2385 2993 sua
2430 2935 2662 2993 eﬂertmt
2709 2935 2906 3006 poetic,
2966 2935 3020 2992 ut
3048 2939 3092 2993 si
3142 2935 3314 2997 dicas,
3350 2935 3524 2990 Δειλυὶ

1964 3007 2162 3078 βροτοί,
2182 3005 2368 3062 Miseri
2390 3009 2658 3062 mortales.
2692 3005 2807 3061 Hoc
2837 3009 2980 3063 enim
3014 3008 3155 3062 idem
3190 3023 3253 3062 ac
3277 3008 3319 3060 si
3346 3007 3523 3068 dicas,

1965 3077 2148 3131 Omnis
2183 3078 2336 3131 homo
2365 3089 2442 3131 est
2474 3083 2650 3132 miser.
2688 3081 2864 3147 Atque
2912 3079 2964 3132 in
3007 3079 3073 3132 iis
3109 3093 3228 3146 quae
3267 3086 3524 3146 perpetua

1884 3151 1926 3209 C
1961 3147 2239 3218 dicuntur.
2275 3158 2354 3205 est
2385 3157 2725 3218 perpetuum,
2763 3148 2904 3218 quod
2939 3149 3080 3201 dico.
3109 3149 3433 3218 Singularis,
3469 3155 3526 3199 ut

1961 3218 2013 3288 si
2030 3217 2209 3288 dicas,
2262 3217 2373 3271 δύω
2393 3217 2561 3282 κύνες
2589 3219 2766 3288 ἀργοί,
2786 3217 2940 3288 cum
2961 3218 3212 3281 Homero,
3237 3217 3352 3288 duo
3370 3230 3524 3268 canes

1961 3286 2090 3338 albi.
2127 3288 2283 3353 Quod
2313 3295 2398 3343 est
2428 3303 2490 3341 ac
2518 3290 2562 3342 si
2594 3286 2764 3351 dicas,
2802 3287 3033 3352 Quidam
3065 3303 3223 3340 canes
3249 3287 3355 3340 albi
3377 3297 3517 3339 sunt.

1961 3355 2253 3419 Indelittiti,
2293 3367 2372 3422 ut,
2407 3359 2523 3426 pius
2563 3357 2784 3412 xEneas.
2829 3358 2982 3422 Quod
3037 3366 3151 3426 est,
3200 3356 3392 3412 dfueris
3445 3363 3526 3408 est

1956 3427 2097 3493 pius.
2135 3426 2242 3482 Sed
2271 3435 2324 3482 et
2354 3425 2620 3496 triplicem
2672 3428 2915 3481 invenies
2965 3425 3246 3480 materiem
3283 3444 3297 3479 :
3335 3440 3528 3479 ncces-

1960 3496 2184 3560 sariam,
2218 3506 2292 3558 ut,
2326 3497 2496 3551 Homo
2530 3507 2606 3550 est
2647 3498 2931 3558 mortalis;
2969 3496 3359 3564 impossibilem
3382 3535 3396 3559 ,
3429 3503 3526 3564 fut,

1959 3565 2192 3620 Mundus
2254 3577 2331 3620 est
2396 3577 2663 3631 veternus;
2725 3563 3169 3636 contingentem,
3244 3580 3347 3629 ut,
3407 3563 3526 3636 μοι

1959 3653 2042 3707 mo
2089 3637 2398 3707 estjustus.
2455 3637 2585 3703 Quae
2621 3638 2672 3690 in
2718 3639 2895 3692 tribus
2916 3633 3052 3704 'his,
3079 3633 3361 3707 dereptum;
3400 3633 3526 3707 βρο-

1955 3706 2066 3777 ῖὸς,
2129 3703 2327 3777 κόάμος
2354 3707 2542 3770 ἀΐδιος,
2569 3716 2623 3760 et
2657 3707 2802 3777 quod
2840 3707 2970 3762 alibi
3003 3703 3054 3759 in
3086 3703 3288 3777 inostro
3331 3703 3520 3777 habes,

1957 3775 2240 3846 ᾇνορωποζ
2291 3778 2517 3840 δίκαιος,
2560 3775 2826 3841 invenies,
2866 3787 2924 3832 ut
2969 3783 3022 3830 et
3067 3776 3134 3830 de
3187 3775 3413 3846 materie
3444 3775 3525 3846 sic

1953 3844 2201 3913 judicare
2237 3849 2435 3915 possis.
2469 3847 2710 3912 Quorum
2746 3849 2961 3916 quidem
2999 3846 3212 3914 singula
3255 3844 3328 3907 id,
3379 3844 3524 3916 quod

1956 3915 2175 3982 e/I’atum
2238 3914 2513 3984 ’Apuleius
2546 3957 2559 3978 ,
2626 3914 2816 3969 Cicero
2876 3916 3241 3976 enuntiatum,
3311 3914 3528 3984 axioma

1960 3984 2152 4044 Stoici,
2182 3982 2664 4052 interpretationem
2703 3985 2793 4037 alii
2833 3985 3039 4043 dixere,
3079 3985 3125 4038 si
3170 3982 3390 4035 accedet
3433 3996 3525 4034 co-

1958 4054 2105 4123 pula,
2135 4055 2441 4123 absolvunt.
2493 4053 2645 4123 Plato
2676 4053 3170 4123 eleganterrbvopa
3225 4052 3319 4103 καὶ
3375 4053 3526 4121 ῥῆμα

1957 4121 2110 4175 dixit.
2155 4121 2621 4192 Quemadmodum
2659 4130 2713 4178 et
2760 4121 3056 4192 (planilibet
3089 4123 3389 4192 ogntionem
3437 4123 3524 4175 in-

1956 4193 2114 4245 terim
2153 4194 2232 4246 sic
2263 4202 2436 4246 vocat.
2463 4191 2531 4246 Et
2557 4207 2620 4246 ex
2657 4189 3107 4261 ejus'imitationc
3137 4189 3362 4244 Flaccus
3390 4207 3404 4244 :

2034 4279 2169 4352 _Sunt
2201 4281 2353 4334 verba
2379 4293 2429 4336 ct
2461 4299 2628 4346 vaces,
2667 4281 2852 4352 quibus
2883 4282 3019 4334 hunc
3047 4281 3208 4334 lenire
3239 4281 3473 4336 dolorem

2027 4349 2235 4416 Possis,
2275 4362 2324 4406 et
2347 4370 2592 4423 magnam
2621 4349 2788 4406 morbi
2823 4353 3076 4419 deponere
3107 4361 3332 4420 partem.

1961 4442 2076 4510 Qua
2133 4442 2202 4515 de
2258 4460 2317 4498 re
2369 4446 2435 4500 ad
2481 4443 2711 4515 “Tyrium
2752 4443 3137 4514 philosophum
3187 4459 3295 4496 non
3353 4457 3525 4511 pauca

1961 4515 2090 4569 olim
2114 4513 2448 4569 dicebamus.
2479 4513 2826 4568 [lubricorum
2858 4516 3010 4582 logici
3038 4515 3295 4584 praeclare
3312 4522 3526 4584 Dm.

1963 4586 2088 4653 quia
2118 4585 2349 4653 primum
2382 4586 2580 4639 mentis
2609 4592 2693 4638 est
2727 4585 3015 4653 judicium,
3039 4582 3051 4584 ⁷
3073 4584 3348 4638 dixerunt.
3403 4582 3523 4636 Jam

1962 4655 2171 4724 cumid
2201 4655 2343 4720 quod
2379 4656 2460 4710 sic
2521 4654 2762 4720 elfertur,
2806 4656 3042 4724 proprie,
3103 4664 3196 4707 aut
3263 4653 3524 4724 ﬁgurate,

1964 4732 2058 4776 aut
2099 4723 2359 4779 inusitate
2403 4725 2681 4786 elIeratur,
2737 4726 2878 4777 etin
2913 4723 2999 4778 his
3051 4738 3156 4776 non
3205 4738 3331 4776 raro
3364 4723 3525 4776 etiam

1964 4802 2218 4847 auctores
2245 4795 2462 4848 maximi
2503 4795 2855 4863 delinquant,
2907 4795 3111 4861 optime
3140 4793 3208 4846 de
3241 4793 3324 4846 his
3353 4791 3527 4863 artilio

1964 4878 2056 4917 ccs
2117 4863 2354 4917 dicendi.
2413 4865 2587 4929 Quam
2655 4862 2709 4918 in
2765 4870 2970 4932 partem
3030 4864 3229 4931 sarpius
3285 4862 3529 4931 peccavit

1966 4941 2151 4986 noster
2180 4949 2194 4997 ;
2227 4949 2348 4985 nam
2390 4942 2443 4987 et
2477 4949 2618 5001 saepe
2653 4933 2860 4988 ferreas
2911 4932 3158 4986 adhibuit
3207 4932 3528 4986 translatio-

1965 5018 2082 5067 nes,
2125 5013 2178 5056 et
2213 5003 2473 5056 inusitata
2502 5004 2696 5057 extulit
2743 5020 2850 5056 non
2889 5005 3022 5057 satis
3058 5010 3236 5067 caute,
3267 5011 3322 5056 et
3348 5017 3522 5071 appo-

1967 5076 2070 5126 sita
2105 5088 2212 5125 non
2259 5088 2472 5141 semper
2502 5073 2816 5128 felicissime
2847 5074 3146 5142 componit,
3175 5081 3230 5128 et
3274 5071 3530 5132 subinde,

1967 5143 2146 5211 aliqua
2179 5157 2302 5195 cum
2337 5159 2534 5198 sensus
2553 5159 2725 5212 quem
2759 5144 2984 5196 involvit
3014 5143 3124 5212 58
3153 5144 3533 5197 immutatione

1967 5227 2031 5266 ac
2077 5212 2206 5266 vitio
2235 5214 2474 5281 apponit.
2535 5211 2776 5278 Quot-mn
2832 5211 3313 5282 omnia’exempla
3369 5215 3533 5281 paulo

1966 5290 2090 5351 post
2119 5284 2488 5351 suppeditabit
2520 5283 2654 5350 ipse.
2696 5283 2865 5338 Porro
2904 5298 3026 5338 cum
3062 5282 3532 5352 interpretationis

1969 5352 2177 5422 primm,
2212 5354 2326 5407 sive
2350 5355 2762 5419 enuntiationis,
2797 5355 2939 5423 quod
2969 5353 3082 5422 jam
3123 5352 3271 5423 dixi,
3307 5364 3530 5423 scopas,

1969 5418 2158 5475 verum
2193 5423 2264 5496 sit
2301 5431 2394 5496 aut
2425 5424 2653 5496 falsum,
2685 5432 2739 5480 et
2774 5418 2890 5496 huic
2926 5418 3051 5496 eam
3095 5421 3312 5496 proprie
3351 5418 3533 5496 absol-

1968 5498 2118 5558 vant,
2154 5492 2316 5546 etiam
2358 5492 2424 5547 de
2468 5508 2534 5548 eo
2569 5486 2656 5548 hic
2686 5509 2716 5547 a
2768 5494 2925 5547 nobis
2967 5491 3073 5558 agi,
3095 5486 3246 5543 ’ρυιιι
3278 5486 3345 5540 de
3373 5487 3533 5539 altri-

1970 5557 2117 5616 hutis
2175 5569 2336 5637 atque
2371 5564 2752 5637 appositis_iu
2805 5557 3358 5637 N_ounojudicamus,
3409 5570 3532 5637 quas

1970 5641 2098 5684 sunt
2131 5625 2422 5708 priet-licata
2445 5625 2511 5687 'et
2544 5631 2797 5708 subjecto
2842 5631 3070 5708 haerent,
3101 5625 3418 5708 meminisse
3453 5625 3534 5708 ιςτ

1970 5708 2089 5754 ctor
2115 5694 2295 5756 debet.
2315 5694 2806 5768 Quemadmodum,
2840 5697 3074 5768 exetnpli
3105 5710 3292 5768 causa,
3325 5694 3534 5767 θρασύς

1973 5770 2041 5830 ab
2070 5770 2172 5832 hoc
2200 5767 2391 5831 nostro
2412 5781 2760 5842 nuncupatur
2789 5769 2958 5828 ludas
2976 5767 3163 5841 {quod
3194 5769 3528 5838 appositum,
