3902 6214
220 389 331 445 993

227 507 422 566 refert,
447 517 514 556 ne
545 503 792 570 apposita
816 502 1162 557 incommode
1197 504 1577 558 adhibeantur.
1612 503 1808 558 lterum
1840 510 1886 566 Α

225 591 330 628 Ilus
363 573 524 636 ludit,
580 588 759 642 neque
805 575 936 630 satis
975 575 1259 635 intellexit,
1296 574 1427 642 quid
1477 575 1548 628 sit
1573 577 1811 628 circum-

225 651 420 714 spccte
451 642 620 713 loqui,
666 657 792 696 cum
833 657 972 696 com.
1013 643 1100 703 12,
1134 645 1363 714 easdem
1385 645 1605 714 nuptias
1642 644 1809 714 μεθυ-

227 711 626 782 σὲραλεῖς.ιὶἱηο
684 723 921 766 errantes
971 715 1202 767 vocavit.
1254 711 1367 768 Nisi
1407 711 1545 769 forte
1580 711 1812 769 credidit

229 783 396 854 115
431 782 647 837 Judteos
675 792 798 854 tum
845 783 1176 854 interfuisse,
1207 783 1299 852 qui
1340 782 1406 837 de
1434 799 1602 854 more.
1651 785 1811 837 hodie

227 852 460 921 νεορριο
509 852 714 906 madidi
755 866 819 905 ac
867 853 1168 918 temulenti,
1202 868 1360 906 suum
1393 853 1586 906 chaiim
1621 855 1807 918 tobim,

226 924 297 978 ad
347 923 602 993 singulas
633 922 953 992 φιλοτησίας
988 923 1376 993 acclamarent.

300 995 372 1046 At
419 992 676 1063 praeclare
707 993 998 1045 observant
1028 992 1250 1053 Patres,
1296 994 1453 1062 plane
1503 992 1814 1050 interfuisse

228 1063 299 1119 ad
335 1063 502 1118 ﬁdem
547 1063 757 1132 pariter
794 1063 1039 1115 miraculi
1088 1077 1150 1115 ac
1192 1063 1506 1132 dignitatem
1530 1103 1544 1126 ,
1582 1080 1648 1118 ne
1690 1066 1812 1131 quis

227 1131 590 1189 convivarum
649 1131 832 1187 ebrius
885 1146 947 1184 ac
998 1131 1326 1186 temulentus
1365 1139 1546 1195 esset,
1603 1149 1673 1187 ne
1719 1135 1813 1188 de-

229 1212 428 1274 ceptos
453 1205 594 1274 _vino
625 1203 748 1274 quis
777 1201 1137 1274 existimaret,
1169 1217 1292 1254 cum
1332 1203 1414 1274 ede
1445 1210 1571 1274 potu
1613 1204 1718 1257 isto
1749 1220 1813 1259 ac

231 1270 504 1328 miraculo
531 1270 656 1325 tam,
679 1270 996 1324 admirando
1021 1313 1035 1333 ,
1077 1279 1244 1326 testes
1273 1272 1408 1326 tales
1446 1270 1716 1339 judicare,
1755 1282 1813 1327 ut

215 1342 454 1429 leporte't
479 1382 515 1429 κ
539 1357 646 1395 non
681 1340 1127 1429 po't‘u‘erintR'Tvat
1161 1342 1404 1429 ttﬁfgvsn;
1435 1342 1813 1429 bnatrsddiatv

231 1405 315 1468 δὲι
347 1411 657 1483 μεθυόντων
682 1405 1040 1483 ’σρλλογος-ἦν
1061 1449 1075 1470 ,
1108 1405 1528 1483 Δκαὶδιέειςθᾳρτο
1561 1415 1749 1483 αὐτοῖς
1779 1414 1812 1481 ἡ

234 1479 524 1562 αςσθησες,
575 1481 689 1562 καὶ,
716 1481 791 1542 ὡς
821 1479 1204 1562 διεφθαρμένοι
1232 1479 1494 1562 εῇιμέθῃ
1550 1480 1717 1551 ᾤοντο
1755 1479 1814 1534 τδ

237 1547 592 1622 ὖδωρόἷνονβ
643 1547 722 1603 Ne
767 1547 1242 1622 quis_exi£tiumret
1275 1547 1537 1604 ebriorum
1567 1547 1684 1604 esse
1717 1569 1815 1604 ra:-

237 1619 374 1682 tum,
409 1621 496 1675 cui
527 1621 642 1674 vino
673 1619 904 1688 corrupti
950 1630 1118 1672 essent
1148 1635 1367 1681 sensus;
1408 1637 1566 1690 eoque
1591 1622 1812 1687 factum,

235 1703 295 1747 ut
335 1707 533 1759 aquam
565 1691 751 1760 riuum
780 1704 894 1760 esse
927 1691 1310 1749 existimarent,
1345 1691 1519 1760 inquit
1555 1693 1637 1744 vir
1687 1709 1814 1744 sau-

237 1758 546 1817 etissimus.
564 1758 679 1813 Non
704 1759 848 1813 enim
867 1759 1118 1830 assentiri
1153 1761 1258 1813 illis
1274 1758 1516 1830 possum,
1541 1761 1630 1828 qui
1655 1761 1816 1830 μεθυ-

1240 356 1254 367 ’
1328 386 1484 444 DAN.
1531 385 1780 442 umusu
1817 389 2437 448 EXERCITATIONES.

3383 397 3486 453 094

2560 507 2900 577 drztsv'arhc
2925 508 2993 577 δὲ

1996 577 2232 641 Ἰησοῦν
2256 579 2534 644 ἐρέεινεν,
2565 574 2724 644 astas
2751 580 2854 631 ἐὸν
2890 574 2990 634 υἷα
3033 578 3264 644 σαώσῃ.

1985 647 2226 712 Ἄστεος
2257 650 2606 716 ἁγχιπόροιο
2639 649 2951 715 κατήλυδα
2996 648 3178 708 πέζαν
3209 647 3456 701 ὁδεύων.

1982 728 2116 788 Vide
2163 751 2325 856 quam
2358 739 2584 790 moleste
2609 776 2624 800 ,
2653 753 2779 792 cum
2809 737 3088 792 κατελθεῖν
3113 779 3126 798 .
3163 737 3295 792 nihil
3342 736 3490 790 aliud

1989 818 2073 856 am
2109 804 2166 856 ὲλ
2206 808 2284 856 εἶν
2317 814 2409 856 aut
2436 806 2694 856 εἰσελθεῖν
2740 809 2810 856 sit
2843 807 3175 856 Hellenislis.
3208 807 3361 856 Ouod
3395 805 3490 856 aui

1912 818 2073 872 quam
2109 804 2284 857 ἐλθεῖν
2317 814 2409 858 aut
2436 806 2694 861 εἰσελθεῖν
2740 809 2810 862 sit
2843 807 3175 862 Hellenistis.
3208 807 3362 872 Quod
3395 805 3491 875 qui

1912 875 2123 938 nescit,
2159 890 2281 929 eum
2345 875 2396 927 iu
2450 890 2508 929 re
2563 877 2717 930 nihili
2770 888 3015 946 satagere
3061 885 3294 947 oportet.
3338 877 3489 947 Adeo

1913 959 2034 1010 qua:
2065 960 2227 1012 parva
2264 951 2392 997 sunt
2443 959 2832 1015 nonnunquam
2877 954 2932 1000 et
2961 946 3162 1002 nullius
3195 949 3272 1000 rei
3294 987 3308 1006 ,
3341 946 3488 998 aliud

1914 1023 2139 1086 agentes
2169 1015 2250 1068 vel
2279 1022 2555 1086 exercent,
2591 1016 2673 1068 vel
2704 1016 2923 1083 ignaros
2954 1017 3157 1086 linguae
3179 1032 3340 1086 quam
3377 1030 3486 1068 non

1914 1082 2267 1147 didicerunt,
2321 1085 2523 1136 sistunt
2575 1100 2638 1138 ac
2693 1082 2997 1139 morantur.
3038 1082 3103 1138 Et
3149 1082 3245 1138 has
3282 1086 3488 1139 nmnias

1913 1163 2177 1220 perpetuo
2203 1157 2526 1220 interpretes
2556 1165 2881 1224 sequuntur,
2906 1155 3361 1223 quemadmodum
3394 1154 3488 1222 qui

1917 1223 2086 1294 leviea
2121 1232 2453 1294 contexunt;
2491 1239 2616 1278 nam
2636 1222 2728 1277 lle
2757 1222 3130 1294 Hierosmyma
3159 1239 3282 1278 eum
3317 1225 3492 1293 loqui-

1915 1301 2002 1344 tur
2038 1290 2343 1362 Scriptura,
2386 1293 2489 1346 alia
2524 1301 2607 1347 est
2641 1294 2808 1346 ratio.
2847 1292 2983 1347 Cum
3010 1290 3142 1346 'non
3204 1295 3275 1346 ita
3319 1290 3492 1347 multo

1915 1369 2035 1430 post
2069 1371 2336 1415 commate
2364 1363 2552 1416 eodem
2585 1363 2756 1416 dixit:

1987 1447 2118 1520 Οἵσι
2150 1450 2625 1520 δυωδεκάριθμος
2660 1452 2993 1520 ὁμόστολος
3023 1447 3187 1519 εἶχεν
3211 1451 3455 1512 ὁδεύων,

1997 1519 2053 1574 Ἀ
2067 1521 2314 1589 γχιοέων
2326 1519 2475 1589 μίαν
2495 1519 2666 1591 cum
2688 1519 3006 1588 όπίστερος
3025 1521 3209 1589 ἐσμὸς
3225 1522 3492 1587 ἑταίρων,

1915 1611 2118 1666 oblitus
2159 1612 2290 1674 fuit,
2329 1623 2388 1666 ut
2418 1613 2632 1667 videtur
2657 1655 2672 1678 ,
2705 1614 2947 1682 quinque
3003 1612 3298 1682 discipulos
3336 1612 3496 1678 paulo

1915 1690 2037 1749 post
2071 1682 2394 1736 miraculum
2447 1699 2476 1735 a
2525 1681 2755 1736 Domino
2805 1684 2858 1736 in
2917 1683 3120 1750 nuptiis
3169 1681 3492 1740 exhibitum,

1919 1760 2174 1811 vocatos;
2209 1768 2384 1820 neque
2416 1753 2586 1815 alios,
2615 1769 2680 1807 ex
2722 1755 2788 1806 iis
2834 1751 2925 1821 qui
2977 1750 3262 1803 duodecim
3299 1751 3495 1821 dicun-

241 1833 472 1900 σφαλεῖς
501 1829 816 1902 existimant
858 1827 937 1881 sic
975 1829 1104 1891 dici,
1141 1818 1290 1902 quod
1327 1831 1379 1883 in
1411 1830 1478 1902 iis
1507 1818 1815 1902 defecisset

1930 1830 2008 1873 tur
2032 1859 2046 1881 ,
2077 1818 2307 1897 praeter
2349 1838 2443 1875 eos
2471 1861 2487 1884 ,
2524 1837 2754 1890 quorum
2791 1818 2968 1902 capite
3011 1821 3321 1902 superiori.
3351 1818 3490 1902 faeta

236 1898 467 1956 vinum:
509 1899 651 1970 quod
690 1898 968 1970 indignum
1003 1914 1123 1970 esse
1172 1899 1252 1970 iis
1285 1901 1491 1968 nuptiis
1520 1900 1621 1953 hoc
1660 1903 1817 1954 attri-

239 1973 434 2026 butum
487 1968 817 2038 iudicarent.
861 1968 1028 2033 Quasi
1069 1983 1176 2022 non
1211 1968 1290 2039 sic
1348 1985 1488 2037 saepe
1545 1970 1646 2022 hoc
1701 1971 1820 2039 ipso

239 2043 421 2112 capite
455 2042 670 2094 loeutus
699 2045 876 2100 esset,
913 2046 1120 2112 ut_cum
1153 2038 1514 2112 φιλακρήτους
1543 2038 1746 2112 «ΙίιιίιίΔ
1767 2049 1819 2094 et

240 2107 446 2165 similia
470 2149 486 2170 ,
521 2123 642 2173 quae
673 2115 800 2161 ante
852 2109 1195 2162 notabanms.
1226 2107 1396 2172 Quale
1425 2120 1508 2163 est
1557 2110 1701 2178 quod
1737 2109 1817 2161 hi-

241 2183 390 2235 bisse
415 2195 513 2234 eos
541 2178 694 2237 dixit,
724 2178 1143 2248 ἐπασσυτὲροισι
1165 2177 1472 2248 κυπέλλοις,
1506 2179 1682 2232 densis
1712 2179 1820 2246 [re-

239 2251 619 2320 qucntibusque
647 2248 890 2320 poculis.
912 2247 1313 2320 l_lle;_vero_siue
1352 2247 1519 2302 dubio
1551 2251 1604 2320 in
1638 2249 1820 2320 animo

242 2317 640 2388 habebatilluil
666 2359 681 2388 ,
706 2332 844 2370 com.
877 2318 940 2370 lO
966 2359 980 2388 ,
1008 2317 1122 2388 ua;
1153 2317 1436 2388 ἄνθρωπος
1467 2319 1682 2388 πρῶτον
1729 2318 1820 2371 τὸν

242 2335 482 2375 habebat
514 2335 640 2371 llllltl
666 2359 680 2380 ,
706 2335 844 2370 com.
877 2335 940 2370 tu
966 2359 980 2379 ,
1010 2335 1122 2378 ua;
1153 2335 1248 2370 ανυ
1291 2335 1436 2378 ωπος
1467 2335 1682 2388 πρωτον
1729 2335 1820 2371 τον

240 2391 408 2446 καλὸν
447 2385 587 2441 οἶνον
633 2387 846 2456 τίθησι,
897 2387 990 2439 καλ⁵
1016 2387 1149 2456 ὅταν
1187 2335 1522 2455 μεευσθῶσι,
1557 2389 1679 2440 τότε
1730 2389 1820 2440 τὸν

243 2462 460 2514 ἐλάσσω
482 2477 494 2489 ·
531 2459 617 2528 σὺγ
644 2458 947 2526 τετήρηκας
979 2455 1073 2528 τον
1101 2457 1263 2528 καλὸν
1292 2456 1396 2519 ἓως
1440 2457 1600 2528 ἄρτι,
1633 2457 1816 2523 tttjam

243 2540 371 2585 ante
406 2529 538 2581 dixi.
586 2527 685 2591 Qui
719 2525 871 2581 locus
899 2541 984 2579 me
1013 2525 1079 2579 de
1115 2525 1491 2579 HelleniSticae'
1530 2528 1819 2580 locutionis

242 2599 564 2670 ignorantia
591 2596 890 2670 admenuit.
919 2595 1076 2670 Quod
1108 2595 1308 2670 ἀγαθόν
1336 2598 1631 2670 scriptores
1659 2599 1819 2670 vulgo

245 2664 440 2724 dicunt
466 2708 481 2732 ,
515 2667 567 2720 id
621 2666 689 2719 ab
727 2664 1038 2735 ll'ellenistis
1069 2665 1233 2718 καλόν
1284 2664 1460 2735 ναιεοί
1491 2667 1710 2718 dicitur.
1755 2665 1820 2720 Ut

241 2740 410 2794 καλὸν
439 2738 499 2790 τὸ
526 2736 670 2797 ἔλεος
697 2735 934 2805 κυρίου.
973 2733 1100 2798 Item
1134 2736 1215 2788 ὅτι
1258 2733 1418 2798 καλὺξ
1447 2776 1460 2800 ,
1497 2736 1577 2788 ὃτι
1619 2739 1697 2798 εἰς
1729 2737 1819 2805 τὴν

243 2809 419 2862 αἰῶνα
445 2808 505 2859 τὸ
524 2805 669 2868 ἔλεος
697 2803 883 2859 αὐτοῦ.
905 2803 1022 2870 Quo
1044 2805 1301 2858 alluditur
1324 2805 1749 2858 Maehabzeorum
1776 2804 1815 2867 Ι,

246 2893 320 2942 tv,
362 2879 472 2940 24;
506 2883 562 2930 et
617 2875 840 2944 passim.
876 2872 1060 2944 Neque
1116 2890 1278 2929 sensu
1331 2876 1436 2928 alio
1478 2876 1817 2944 evangelista

246 2949 417 3002 dixit:
451 2947 566 3012 ua;
587 2941 874 3015 ᾷνθρῳπος
905 2941 1239 3015 πρίᾶντονλτὸν
1259 2945 1420 3015 καλὸν
1448 2941 1587 3015 οἶνον
1615 2941 1816 3015 τίθησι,

247 3018 340 3070 καὶ
391 3017 480 3070 ὅτε
525 3013 862 3086 μεθυσθῷσι,
903 3013 1031 3086 εὖτε
1086 3013 1175 3066 τὸν
1227 3014 1460 3086 ξλασσω.
1507 3014 1662 3086 Quod
1717 3013 1819 3069 nos

246 3087 491 3158 xpstsqm
525 3082 640 3158 ’καὶ
668 3083 836 3154 χείρω
863 3083 1206 3158 diceremus.
1235 3082 1439 3158 Noster
1477 3085 1544 3137 ad
1579 3085 1815 3158 colorem

247 3152 354 3210 vini
386 3156 450 3234 id
475 3152 1052 3234 retulit','_quasinnilril
1077 3161 1275 3234 przeter
1310 3152 1440 3234 illud
1465 3155 1817 3234 commenda-
1846 3177 1888 3234 ο

249 3237 349 3280 rel.
379 3224 558 3278 Credo
584 3224 724 3292 quod
747 3223 958 3292 rubello
988 3224 1052 3277 iis
1077 3224 1128 3276 in
1159 3223 1292 3292 locis
1313 3231 1614 3278 uterentur.
1650 3223 1820 3289 Quale

250 3297 416 3366 116
444 3289 628 3371 vinum
663 3291 1111 3371 édvdptxdnarev
1139 3289 1300 3371 εἶναι,
1326 3293 1425 3371 ,καὶ
1453 3296 1572 3356 ταῖς
1598 3311 1706 3346 των
1731 3311 1822 3371 τεε-

249 3362 452 3418 varam
501 3362 648 3433 ’ἐξεσι
675 3362 935 3415 τιτλεῖστον
973 3362 1164 3433 χρόνον
1197 3364 1454 3433 ἐμμένειν
1488 3373 1696 3418 veteres
1729 3365 1826 3419 ob-

250 3442 494 3490 servant.
545 3432 729 3502 Neque
779 3445 972 3501 magno
1000 3432 1161 3502 apere
1189 3432 1282 3486 ant
1307 3434 1540 3488 sollicite
1580 3449 1826 3502 quaeren-

250 3506 379 3559 dum
413 3518 568 3566 reor,
608 3517 776 3572 quare
808 3503 971 3572 viam.
1004 3516 1122 3572 qua:
1147 3503 1486 3572 Capernaum
1511 3503 1821 3570 deduceret,

249 3573 573 3628 καταιϐάτιν
601 3571 717 3624 ὁδόν
745 3572 908 3625 dicat.
943 3571 1031 3625 Ita
1056 3573 1203 3626 enim
1229 3571 1508 3626 commate
1539 3573 1754 3638 eodem,

286 3667 590 3734 Νόστιμον
603 3665 772 3735 ἴχνος
785 3664 1384 3735 ἐκαμψε,καταιϐἁτιν
1400 3662 1570 3736 οἷμον
1578 3665 1822 3722 ὁδεύων.

251 3755 408 3823 Quod
445 3757 1184 3829 sanctissimusevangelista
1214 3797 1228 3820 ,
1263 3757 1398 3827 μετὰ
1424 3757 1604 3829 τοῦτο*
1621 3757 1823 3829 καςτέϐη

255 3831 335 3890 εἰς
378 3827 750 3899 Καπερναοὺμ
792 3825 953 3899 αὐτὸς
1001 3825 1100 3899 και
1136 3829 1168 3898 ἡ
1216 3825 1398 3899 μῆτηρ
1443 3827 1628 3883 αὐτοῦ.
1657 3825 1826 3899 Nemo

253 3905 436 3949 autem
469 3895 534 3947 de
565 3897 1008 3964 interpretatione
1032 3895 1324 3952 minusest
1349 3895 1606 3960 securus,
1652 3897 1826 3966 magis

253 3973 447 4020 aestuat
479 3966 812 4036 plerumque,
843 3981 1004 4034 quam
1038 3968 1146 4036 qui
1174 4006 1188 4028 ,
1225 3968 1351 4036 quia
1386 3967 1581 4036 lingua:
1608 3967 1824 4036 genium

253 4051 364 4090 non
401 4035 565 4102 capit,
599 4051 665 4105 ne
694 4051 723 4088 a
752 4037 935 4091 verbis
957 4035 1176 4105 quidem
1209 4035 1485 4091 declinare
1503 4037 1684 4090 audet.
1723 4035 1824 4100 Qui

255 4105 345 4159 hic
371 4105 589 4173 duplex,
622 4104 1263 4161 llellenisticaiuimirnm
1295 4121 1357 4159 ac
1380 4105 1638 4166 Hebraeae,
1663 4121 1828 4175 quau-

254 4191 420 4245 quam
479 4175 566 4226 illa
621 4175 784 4244 hujus
830 4186 929 4246 est
965 4175 1270 4244 interpres:
1309 4177 1466 4244 cujus
1519 4175 1824 4246 ignorantia

256 4244 650 4312 nonnunquam
706 4261 868 4299 versu
918 4244 1129 4314 integro
1175 4245 1385 4300 auctori
1426 4244 1612 4300 nostro
1660 4246 1823 4298 stetit.

257 4314 454 4368 Notum
486 4316 550 4368 iis
573 4330 694 4369 esse
721 4315 898 4377 debet,
935 4315 1026 4385 qui
1061 4315 1112 4368 in
1139 4317 1423 4384 utriusque
1455 4316 1647 4384 lingua:
1675 4323 1824 4368 testu

256 4391 388 4440 sunt
411 4385 630 4455 versati,
657 4387 841 4455 verba,
866 4400 985 4454 qua:
1005 4401 1114 4438 non
1151 4387 1311 4438 aliam
1345 4400 1506 4455 quam
1541 4385 1824 4455 incedendi

255 4461 354 4524 aut
372 4453 535 4524 eundi
565 4453 1256 4524 vim_vel_signiﬁcationem
1280 4453 1500 4517 habent,
1526 4470 1620 4524 per
1645 4453 1706 4506 τὸ
1730 4472 1826 4508 κα-

254 4522 530 4577 ταϐαίνειν
569 4522 743 4577 reddi.
778 4522 910 4578 Tale
934 4532 1017 4579 est
1045 4524 1275 4578 (Iantico
1307 4525 1454 4593 quod
1483 4522 1822 4578 canticorum
1857 4530 1900 4586 Ι)

253 4593 448 4664 dicunt
475 4631 490 4654 ,
517 4593 828 4664 Καταϐήτω
873 4593 1151 4662 ὰδελφιδός
1189 4612 1288 4664 μου
1339 4596 1396 4658 ἐς
1447 4595 1644 4664 κῆπονἱ
1681 4603 1733 4647 et
1772 4595 1826 4664 in

255 4661 464 4732 Regum
515 4663 699 4727 libris,
729 4661 838 4715 Καὶ
882 4661 1081 4732 ἀνέστη
1126 4661 1295 4717 Σαοὺλ
1355 4661 1686 4731 uotiua-:51}
1731 4663 1829 4734 τὴν

253 4753 374 4806 ὁδὸν
398 4752 584 4808 αὐτοῦ.
624 4753 684 4808 In
716 4755 885 4808 altero
913 4763 996 4810 est
1023 4766 1148 4817 mn,
1179 4758 1233 4810 in
1267 4756 1433 4810 altero
1463 4763 1546 4810 est
1573 4734 1700 4839 15.1.
1739 4754 1827 4821 Ut,

256 4861 380 4914 qua:
405 4845 623 4898 curiose
653 4845 719 4899 de
742 4843 926 4900 .ludzea
955 4849 1164 4902 scilicet
1203 4864 1264 4902 ac
1291 4847 1576 4902 Palaestina
1597 4886 1614 4909 ,
1643 4857 1828 4900 austro

256 4915 387 4988 item
424 4930 486 4969 ac
519 4918 892 4988 septentrione
916 4919 1169 4988 ,7aliquot
1209 4920 1262 4972 in
1307 4919 1440 4971 locis
1480 4918 1581 4988 viri
1631 4917 1826 4972 eruditi

257 4985 624 5058 observarunt
654 5023 668 5046 .
726 4987 1022 5058 loeum_hic
1054 4985 1162 5042 non
1200 4988 1452 5044 habeant.
1505 4986 1824 5058 Hesychius,

258 5069 368 5107 non
400 5055 532 5108 levis
564 5064 790 5118 auctor,
832 5056 990 5124 cujus
1037 5068 1184 5112 certe
1235 5060 1427 5125 glossa:
1481 5055 1715 5111 maxima
1761 5073 1827 5112 ex

259 5131 412 5192 parte
437 5165 452 5189 ,
493 5125 636 5193 quod
673 5125 726 5178 in
758 5142 822 5180 eo
854 5126 988 5180 locis
1019 5127 1246 5182 inliuitis
1273 5127 1682 5182 observavimus
1703 5166 1717 5185 .
1759 5126 1824 5180 ad

259 5194 613 5266 explicandos
648 5193 974 5266 llellenistas
999 5238 1013 5260 ,
1051 5212 1114 5251 ac
1169 5199 1438 5266 praecipue
1472 5197 1600 5260 τοὺς
1645 5196 1827 5249 Ἑϐδο-

263 5263 507 5382 animata
527 5304 542 5327 ,
574 5265 824 5318 videntur
852 5263 1206 5334 comparatte':
1240 5263 1608 5331 κατεϐήσατο,
1643 5267 1827 5337 εἰσῆλο

294 5349 373 5382 εν.
407 5333 582 5382 Atnue
617 5334 690 5382 ita
737 5344 789 5382 el
823 5335 1063 5382 Joannes
1093 5347 1277 5382 noster
1301 5336 1588 5382 aliquoties
1616 5336 1827 5382 locutus

294 5349 373 5384 εν.
396 5333 582 5404 Atque
617 5334 690 5387 ita
737 5344 789 5389 et
823 5333 1063 5404 Joannes
1093 5347 1277 5391 noster
1301 5336 1588 5404 aliquoties
1616 5333 1830 5390 locutus

262 5409 365 5455 est.
385 5401 526 5474 :I‘ale
554 5413 658 5465 est,
694 5406 836 5474 quod
869 5403 956 5456 hic
985 5403 1269 5459 habemus.
1303 5404 1359 5457 In
1386 5401 1494 5474 quo
1534 5406 1828 5460 vehemen-

262 5476 342 5543 ter
379 5470 658 5526 ﬂuctuavit
693 5470 900 5534 noster,
938 5487 1061 5526 cum
1093 5490 1180 5528 res
1211 5474 1359 5543 nihili
1403 5470 1490 5543 ac,
1510 5474 1666 5543 plane
1693 5475 1828 5530 levis

261 5541 351 5612 sit.
389 5543 574 5612 Itaque
620 5551 673 5596 et
721 5546 928 5596 νοστεῖν
955 5581 968 5604 ,
1000 5550 1053 5595 et
1087 5542 1403 5597 καταιϐάτιν
1442 5539 1595 5612 οῖιὶον
1626 5545 1828 5598 ὁδεύειν

261 5608 416 5682 dixit.
450 5608 578 5665 Tale
601 5621 684 5668 est
717 5629 836 5682 cap.
877 5629 929 5666 Iv
950 5646 966 5675 ,
996 5627 1193 5666 comm.
1232 5613 1334 5682 4?:
1380 5608 1704 5682 Kai'quna
1733 5614 1830 5667 αὐ-

261 5615 416 5665 dixit.
450 5615 578 5665 Tale
601 5621 684 5668 est
717 5629 836 5682 cap.
877 5629 929 5666 Iv
950 5646 966 5675 ,
996 5627 1193 5666 comm.
1232 5615 1334 5667 47:
1380 5615 1488 5666 Καὶ
1562 5615 1704 5666 acim
1733 5615 1830 5667 αὐ-

257 5677 350 5752 τρν
376 5681 472 5752 ἵνα
494 5683 722 5752 καταϐῇ,
751 5683 851 5735 huc
880 5693 983 5745 est,
1015 5683 1110 5752 τὴν
1135 5679 1298 5752 agitor}
1328 5615 1693 5752 οἰκίανἮῙῚ
1720 5685 1830 5735 εἰσ-

263 5747 411 5823 ἔλθῃ.
452 5751 588 5823 item
622 5739 722 5806 49*.
763 5739 981 5823 Κύριε(
1019 5739 1317 5821 κάτάδηθι,
1365 5739 1828 5823 «agamnam

263 5818 319 5872 τὸ
342 5818 555 5874 τξαιδεον
591 5839 715 5892 μου.
748 5818 990 5886 Quorum
1021 5818 1250 5876 alterum
1282 5823 1360 5877 sic
1393 5818 1587 5887 reddit,

1923 1891 2155 1961 mentio,
2179 1899 2398 1945 secutos
2429 1908 2490 1945 ea
2517 1888 2872 1961 tenipestale.‘
2903 1888 3056 1961 Unde
3097 1890 3262 1961 igitur
3292 1888 3496 1940 duode-

1922 1960 2064 2012 cim?
2115 1959 2248 2012 Nam
2283 1961 2593 2014 Matthzeum
2634 1959 2885 2028 aliosque
2938 1959 3252 2026 aliquandiu
3307 1965 3494 2028 postea

1923 2037 2148 2100 vocatos
2172 2039 2409 2084 constat.
2442 2030 2578 2096 Quid
2625 2031 2769 2100 quod
2803 2027 3007 2100 Petrus
3038 2043 3254 2097 quoque
3289 2037 3348 2100 et
3383 2027 3496 2100 An-

1921 2097 2118 2170 dreas,
2154 2102 2392 2152 nondum
2453 2102 2610 2168 plane
2646 2097 2908 2170 ’μαθηται
2950 2099 3131 2170 fuere,
3168 2113 3290 2170 eum
3340 2097 3496 2170 initio

1923 2169 2091 2220 secuti
2129 2177 2336 2220 tantum
2368 2209 2382 2229 ,
2425 2167 2491 2222 de
2529 2187 2636 2238 quo
2673 2167 2862 2238 rapite
2920 2167 3227 2236 superiori,
3262 2167 3494 2238 tandem

1921 2253 2051 2290 vero
2078 2239 2332 2292 outnibus
2378 2237 2612 2300 relictis,
2667 2237 2892 2291 Domino
2933 2238 3155 2291 haesisse
3188 2237 3493 2289 videantur.

1924 2305 1997 2361 De
2043 2322 2153 2376 quo
2201 2317 2396 2376 quarto
2447 2310 2622 2376 capite
2662 2308 2963 2362 Matthzeus.
3009 2306 3112 2360 Sed
3163 2314 3215 2359 et
3261 2305 3495 2376 maxima

1923 2374 2468 2446 securitateinl'eros,
2500 2374 2638 2429 enin.
2666 2378 2756 2441 29,
2791 2378 2854 2428 ad
2886 2391 3024 2446 quos
3049 2375 3393 2446 descendisse
3420 2374 3498 2426 ait

1923 2444 2549 2518 υοιιιίηιιιηκὰνόστητον
2575 2447 2854 2518 βέρεθρον.
2887 2444 3196 2498 barathrum
3221 2459 3378 2518 aqua
3411 2458 3498 2495 re-

1921 2514 2063 2567 ditus
2094 2533 2195 2568 non
2225 2516 2406 2576 datur,
2441 2514 2588 2570 more
2609 2514 2941 2586 paganorum
2975 2514 3341 2586 nuncupavit.
3370 2526 3496 2564 cum

1922 2587 2167 2652 sequenti
2199 2588 2442 2638 carmine
2471 2602 2534 2639 ex
2569 2581 2632 2639 eo
2664 2581 2889 2640 rediisse
2923 2581 3209 2638 Dominum
3245 2581 3495 2635 allirmet.

1923 2652 2210 2723 Postquam
2235 2655 2382 2708 enim
2416 2655 2683 2709 dixisset:

1995 2745 2156 2814 118
2212 2746 2363 2798 Ἀλλ’
2410 2747 2499 2799 ὄτι
2557 2744 2633 2813 δὴ
2687 2746 2840 2814 μετὰ
2868 2745 3101 2814 κόλποις
3143 2739 3500 2814 ἀνοστήτοιο

3071 2812 3090 2884 [
3105 2811 3396 2880 βερέθρου
3408 2826 3425 2842 ⁸

1920 2903 2105 2957 subdit
2133 2923 2146 2959 :

1989 2995 2281 3062 Νόστιμος
2313 2994 2382 3058 ἐξ
2422 2994 2593 3049 ἀΐδαο
2621 2994 2927 3062 παλινζὶῦῳ
2956 2994 3071 3048 τινὶ
3105 2995 3325 3063 πότμῳ.

1922 3087 2064 3142 Sane
2097 3087 2141 3140 si
2175 3087 2466 3156 ὰνόστητον
2520 3085 2711 3140 fuisset
2746 3084 3018 3140 Servatori
3059 3094 3248 3139 nostro
3272 3125 3286 3147 ,
3322 3100 3404 3156 ne
3427 3084 3500 3140 de

1924 3167 2105 3212 nostra
2134 3154 2369 3223 quidem
2408 3157 2802 3211 resurrectione
2857 3157 2965 3209 ulla
3019 3171 3142 3225 Spt‘s
3194 3164 3356 3210 esset.
3388 3154 3495 3209 Sed

1926 3230 2028 3282 hoc
2058 3227 2274 3292 quidem
2303 3227 2590 3279 cacoethes
2636 3227 2870 3280 videtur.
2903 3225 3052 3278 Adeo
3081 3241 3292 3295 semper
3323 3233 3494 3295 amat,

1925 3313 2045 3366 qua:
2077 3296 2243 3350 semel
2276 3312 2382 3350 non
2419 3297 2554 3350 bene
2601 3296 2757 3348 dixit.
2795 3297 2867 3347 Ita
2902 3297 3076 3366 capite
3111 3311 3141 3344 v
3165 3334 3180 3356 ,
3209 3294 3369 3348 'eom.
3401 3294 3495 3360 25,

1927 3365 2017 3421 tibi
2053 3366 2120 3420 de
2152 3375 2491 3418 mortuorum
2533 3366 2935 3419 resurrectione
2985 3365 3163 3433 agitur
3189 3405 3204 3424 ,
3259 3374 3310 3418 et
3357 3367 3496 3417 hanc

1926 3437 2143 3508 probat,
2177 3437 2450 3508 sepulcra,
2473 3435 2994 3508 e__quibus_re_dituri
3022 3443 3149 3490 sunt
3176 3438 3264 3504 qui
3309 3450 3496 3489 resur-

1926 3505 2072 3578 'gent,
2103 3506 2429 3576 ἀνοπήτους
2459 3505 2691 3566 κόλπους
2724 3505 2858 3558 dixit
2887 3522 2900 3557 :

2629 3596 2917 3661 (ξναυδέες
2945 3595 3169 3648 ὁππότε
3190 3597 3391 3663 νεκροὶ

1994 3663 2176 3732 Αὖθις
2207 3666 2589 3738 ἁναζιξσωσιν
2619 3665 2971 3732 ἀνοστήτων
2997 3665 3116 3718 ἀπὸ
3147 3667 3410 3719 κόλπων.

1926 3761 1992 3814 Ει
2017 3774 2157 3814 com.
2180 3755 2288 3814 28:

2701 3853 2954 3919 ἀολλέες
2980 3852 3203 3906 ὁππότε
3230 3849 3431 3916 νεκροὶ

1996 3921 2315 3974 Ζωοτόκων
2346 3921 2578 3986 ἀΐοντες
2603 3921 2954 3988 ἀνοστήτων
2977 3923 3096 3976 ἀπὸ
3122 3922 3376 3989 τύμϐων.

1928 4013 1994 4065 Et
2019 4011 2292 4080 quomodo
2335 4012 2646 4082 ὰνρςτητοι,
2677 4013 2720 4066 si
2751 4013 3051 4076 ζωογόνοιῖ
3095 4011 3228 4065 Nam
3265 4011 3383 4082 luce
3411 4009 3498 4063 di-

1928 4093 2068 4135 serte
2100 4091 2358 4150 pugnant.
2401 4081 2768 4135 lloc'aenmen
2802 4084 3041 4149 putavit;
3079 4097 3199 4135 eum
3229 4081 3299 4134 sit
3326 4081 3498 4150 ἀκρι-

1929 4152 2018 4204 σία
2043 4191 2056 4211 ,
2091 4149 2195 4202 non
2231 4151 2516 4230 γοργότης.
2551 4151 2658 4230 Est.
2693 4153 2836 4204 enim
2865 4152 3117 4230 profano.
3144 4149 3493 4230 Inoredothi,

1927 4236 2050 4275 cum
2076 4219 2405 4273 contrariam
2431 4221 2752 4274 sententiam
2777 4237 2839 4274 ex
2865 4221 2978 4289 ipsa
3013 4222 3234 4274 veritate
3262 4219 3491 4287 ejusque

1927 4290 2109 4345 verbis
2158 4290 2646 4360 αὑτεξηγουμένοις
2697 4291 2920 4359 probet,
2976 4291 3101 4360 quia
3159 4291 3300 4360 apud
3364 4303 3494 4343 suos

1928 4362 2129 4429 legerat
2158 4359 2484 4430 ἀνοστὴτονς
2533 4360 2750 4429 ἐνέρους
2800 4359 3062 4429 perpetuo
3096 4359 3345 4428 apposito
3400 4373 3494 4430 vo-

1928 4430 2040 4484 cari
2069 4449 2082 4484 :
2115 4443 2240 4483 nam
2271 4429 2390 4498 qua:
2416 4430 2556 4500 apud
2597 4444 2691 4483 eos
2725 4433 2849 4500 legit
2875 4470 2890 4491 ,
2921 4438 2973 4483 et
3006 4444 3126 4499 quae
3156 4443 3371 4500 versum
3402 4429 3495 4494 ju-

1929 4507 2095 4563 rant,
2153 4496 2463 4553 lecto—ribus
2503 4499 2730 4553 libenter
2777 4496 3050 4568 imputare
3097 4499 3256 4553 solet.
3309 4496 3496 4568 Neque

1930 4585 2144 4638 semper
2177 4569 2229 4621 in
2259 4569 2430 4638 pocsi,
2463 4583 2528 4622 ac
2549 4567 2988 4638 interpretatione
3016 4568 3302 4638 imprimis,
3339 4567 3495 4638 decet

1929 4637 2240 4692 curiOsitas.
2267 4641 2332 4691 Et
2355 4648 2565 4707 poetam
2598 4637 2767 4706 magis
2792 4638 3059 4693 eruditum
3088 4637 3248 4706 quam
3273 4637 3495 4707 περίερ-

1927 4725 2023 4777 γον
2045 4717 2256 4777 oportet
2281 4724 2424 4762 esse.
2457 4707 2598 4761 Sane
2641 4709 2731 4776 qui
2771 4717 3018 4761 naturam
3053 4709 3358 4760 universam
3381 4744 3396 4766 ,
3441 4713 3496 4758 ct

1927 4794 2048 4847 qua:
2082 4793 2142 4831 ea
2175 4779 2554 4836 continentur,
2611 4777 2886 4832 attributis
2923 4779 3368 4847 illustrareﬂsese
3396 4789 3495 4847 p07

1929 4845 2111 4908 stulet,
2141 4849 2222 4901 vel
2259 4848 2653 4917 imprudentem
2685 4849 2762 4900 vel
2795 4847 3060 4917 prmelare
3078 4845 3370 4917 eruditum,
3397 4845 3493 4898 sed

1929 4918 2195 4986 praecipue
2223 4914 2429 4984 judicio
2485 4919 2697 4977 valere,
2749 4914 2980 4986 oportet.
3029 4914 3181 4981 Quod
3217 4922 3498 4986 tan_topere

1930 4983 1982 5040 in
2026 4983 2283 5041 Romanis
2343 4987 2693 5039 admiramur.
2744 4983 2846 5051 Qui
2903 4987 3219 5054 plerumque
3278 4983 3496 5037 Graecos

1928 5056 2124 5110 imitati
2161 5065 2288 5126 sunt
2324 5065 2381 5110 ut
2414 5055 2786 5126 emendarem.
2817 5055 2969 5121 Quod
3005 5063 3266 5126 perpetuo
3297 5054 3406 5126 fere
3435 5054 3490 5107 in

1931 5127 2152 5180 Marone
2177 5125 2378 5179 videas.
2409 5125 2606 5179 Nostro
2635 5127 2849 5180 animus
2881 5140 2988 5180 non
3015 5125 3213 5188 defuit,
3241 5125 3331 5178 sed
3365 5138 3497 5178 cura

1927 5211 2050 5250 eum
2095 5206 2148 5250 et
2197 5195 2464 5261 judicium
2497 5195 2712 5250 defecit.
2757 5194 2884 5258 Sic,
2925 5211 3048 5249 cum
3073 5235 3088 5258 ,
3126 5195 3408 5249 Dominum
3441 5195 3496 5246 in

1930 5267 2128 5335 templo
2180 5266 2340 5334 119
2367 5266 2639 5337 invenisse
2665 5307 2680 5329 ,
2730 5267 2820 5334 qui
2874 5265 3240 5337 περιστεράς;
3282 5265 3383 5337 hoe
3412 5270 3498 5315 est

1929 5332 2615 5396 columbas,Venderent,
2665 5332 2914 5403 legisset,
2951 5332 3198 5398 ”στικὲὰς
3249 5332 3496 5403 μελέεσσι

1929 5405 2217 5468 πελειάδας
2242 5419 2334 5460 cas
2361 5415 2536 5458 vocat.
2556 5401 2834 5462 Conttnate
2863 5406 3006 5460 enim
3032 5406 3115 5468 Η,
3142 5401 3259 5456 Καὶ.
3279 5401 3498 5462 στικτὰς

1933 5475 2179 5546 μελέεσσι
2212 5474 2491 5538 πελειάδας
2511 5475 2664 5528 dixit.

2000 5546 2054 5598 In
2087 5559 2194 5612 quo
2225 5547 2454 5614 primum
2477 5585 2491 5606 ,
2531 5560 2636 5598 non
2674 5545 3007 5612 intelligehat
3035 5541 3232 5614 ,equod
3268 5538 3498 5614 notissi-

1931 5629 2076 5667 mum
2133 5612 2301 5684 poeta:
2366 5630 2487 5668 esse
2545 5615 2748 5676 debet,
2809 5615 2968 5665 aliam
3027 5612 3499 5684 philosophorum,

1929 5684 2113 5746 aliam,
2135 5680 2200 5737 in
2233 5699 2335 5738 usu
2369 5699 2584 5744 vocum,
2621 5691 2899 5749 poetarum
2931 5696 3050 5734 esse
3082 5682 3379 5742 rationem,
3405 5680 3502 5748 qui

1931 5769 2039 5806 non
2085 5768 2210 5806 raro
2243 5755 2422 5822 specie
2469 5768 2566 5821 pro
2598 5766 2795 5819 genere
2823 5759 3091 5822 coguntur
3125 5749 3224 5822 uti.
3266 5752 3319 5822 In
3368 5762 3497 5818 quo.

1931 5832 1990 5876 ut
2020 5825 2075 5877 in
2127 5819 2349 5893 reliquis
2375 5862 2388 5887 ,
2424 5819 2630 5892 judicio
2660 5829 2744 5875 est
2777 5835 2934 5888 Opus.
2973 5819 3061 5872 Sic
3085 5859 3098 5881 ,
3135 5819 3189 5871 in
3222 5820 3500 5873 columin-
