3902 6214
203 376 354 432 {Oili

1277 381 1432 436 DAN.
1467 382 1716 438 liElNSII
1749 381 2365 440 EXERCITATIONES.

3361 383 3499 438 10ιὸ-

205 503 322 558 cat,
357 503 415 547 et
469 492 677 568 judicio
707 495 852 553 illius
885 496 1079 562 utitur,
1137 514 1298 568 quem
1355 499 1598 553 sobrium
1639 501 1808 555 fuisse
1840 504 1882 558 A
1911 499 2025 553 alas
2053 514 2270 568 quoque
2295 514 2358 552 cx
2393 497 2552 568 nigro
2580 498 2786 553 ducere
2811 514 2956 561 eum,
2995 513 3057 553 ac
3088 508 3362 568 postremo
3395 515 3495 554 cx-

204 563 567 618 constat..’Ve
589 567 707 634 quis
759 568 857 635 (ait
888 563 1283 636 circumspecte
1311 570 1602 624 admodum
1635 568 1806 622 ῚῚιιιιιο

206 636 526 704 p‘:_vlactus)
557 637 730 690 ebrios
777 637 941 702 {uisse
964 640 1240 706 quosdam,
1276 656 1338 692 ac
1377 657 1479 695 non
1506 648 1638 692 recte
1659 640 1806 704 iudi-

205 721 383 790 casse:
421 706 703 791 existimet,
751 707 1424 791 158,τῴρρχιτρικλίνῳ
1451 709 1806 779 ἐπιτρέπεται

204 777 238 842 ἡ
281 777 508 849 γεῦσις..
532 777 608 849 τῷ
630 779 851 849 νῂφοντι
872 816 886 838 ,
920 777 1285 849 architriclino
1315 777 1497 849 gustus
1518 777 1806 832 committi—

209 857 320 919 tur,
341 854 403 896 ut
430 847 626 898 sobrio.
664 846 736 902 De
759 863 875 919 quo
899 848 1144 919 pluribus
1173 846 1618 919 Chrysostomus.
1641 849 1804 912 Sane,

208 916 318 968 nisi
354 924 571 968 certum
599 927 703 978 est,
735 918 880 984 quod
930 927 1074 989 recte
1103 916 1462 989 Augustinus,
1503 935 1690 972 verum
1725 921 1805 971 vi-

209 1001 344 1038 nmn
390 1001 685 1053 vet-aliique
707 1002 904 1056 aquam
942 987 993 1040 in
1028 988 1132 1042 hoc
1173 987 1440 1042 miraculo
1475 989 1722 1055 intelligi,
1753 991 1805 1041 in

209 1071 323 1108 uno
352 1066 553 1108 (uetera
603 1057 882 1120 laborant,
923 1074 1045 1112 cum
1080 1059 1204 1120 hoc,
1267 1059 1368 1115 nisi
1405 1075 1589 1112 verum
1623 1059 1805 1123 (inerit,

209 1141 320 1178 non
363 1132 532 1184 recte,
569 1133 625 1178 ut
674 1129 933 1196 primum,
976 1129 1408 1182 commendetur.
1456 1128 1518 1181 Et
1568 1127 1806 1182 llilarius

207 1196 501 1268 praeclare,
537 1196 654 1268 qui,
711 1197 965 1268 abolitum
994 1197 1156 1266 fuisse
1184 1200 1279 1262 ait,
1315 1198 1452 1268 quod
1514 1198 1709 1268 fuerat,
1746 1215 1807 1250 ac

206 1267 434 1338 erupisse
465 1266 605 1338 quod
637 1284 738 1320 non
777 1276 911 1338 erat.
951 1267 1079 1338 item
1110 1266 1468 1338 Augustinus,
1512 1270 1625 1338 qui,
1664 1266 1806 1336 Ipse,

209 1336 417 1409 inquit,
451 1337 571 1409 fecit
599 1339 773 1409 riuum
800 1337 890 1409 illo
916 1337 1008 1409 die
1041 1338 1092 1409 iu
1118 1337 1340 1409 Itydriis,
1375 1340 1464 1408 qui
1495 1336 1636 1392 omni
1668 1355 1805 1391 anno

209 1405 341 1474 facit
367 1406 470 1458 hoc
493 1408 545 1458 iu
578 1407 786 1460 vitibus.
808 1406 960 1462 Unde
985 1415 1037 1461 et
1069 1405 1192 1471 hoc,
1230 1405 1414 1476 utpote
1442 1424 1505 1463 ex
1539 1410 1806 1462 miraculo

206 1488 262 1529 et
293 1476 486 1530 subito
512 1485 870 1548 prognatum,
898 1476 1247 1548 ἀγεώργητον
1289 1477 1664 1532 'l‘heodoretus
1695 1479 1807 1532 ele-

207 1551 413 1618 g'anter
443 1548 599 1602 dixit.
634 1546 737 1618 Sed
764 1547 866 1600 hoc
901 1563 931 1602 a
993 1546 1208 1601 luxurie
1258 1548 1646 1618 epithetorum,
1698 1548 1805 1600 nisi

211 1617 400 1677 fallor,
438 1632 559 1684 qua:
605 1617 909 1670 orationem
939 1617 1388 1687 Asimplieem’ac
1439 1633 1651 1687 puram,
1684 1633 1805 1685 quae

209 1687 319 1740 illis
347 1687 534 1759 verbis
558 1688 888 1759 eoptinetur,
921 1685 995 1749 ὡς
1023 1685 1090 1759 se
1114 1688 1376 1756 ἐγεύσατο
1404 1685 1450 1741 ob
1470 1688 1807 1759 ἀρχιτρίκλι-

208 1773 300 1818 νος
325 1756 394 1808 τὸ
417 1755 562 1827 ὕδωρ
589 1752 728 1811 οἶνον
761 1752 1165 1828 γεγενημένον,⁷
1200 1759 1254 1811 in
1305 1752 1799 1828 apposita'itiordi-

211 1833 370 1899 nata,
413 1835 466 1881 et
487 1843 608 1894 qua:
638 1827 987 1899 nihilminus
1020 1842 1182 1898 quam
1216 1827 1485 1899 appOsita,
1510 1830 1800 1882 convertit.

207 1895 348 1950 Nam
399 1899 511 1950 haec
546 1898 620 1950 ita
654 1897 915 1950 reddidit:

256 1988 373 2058 Kal
415 1987 632 2055 ταμίης
667 1986 998 2058 ὄτείδαιτὸς
1035 1987 1583 2057 ἑῖυεύσατομιὶρτυρι
1609 1987 1802 2058 λαιμῷ

261 2057 549 2126 Νάματος
577 2057 924 2122 οἱνωθέντος
952 2059 1312 2126 ἐρευθιόοντι
1335 2059 1492 2126 ﬁsa);
1511 2079 1574 2125 (ιι.

212 2143 313 2197 υιή
367 2151 624 2217 neutrum
652 2159 1017 2217 eorumquze
1085 2162 1182 2214 pro
1223 2147 1350 2202 vino
1403 2149 1553 2216 ponit
1631 2149 1803 2217 (νᾶμα

210 2230 411 2280 nempe
437 2213 688 2286 οἰννωοέν,
721 2222 774 2266 ct
812 2213 1031 2285 ῥέεθρον
1085 2213 1416 2286 ὲρευθιόον),“
1443 2219 1563 2283 ejus
1598 2213 1802 2271 iudicat

207 2285 606 2356 substantiam.
643 2283 716 2336 Ita
753 2283 876 2356 cum
915 2283 1010 2356 hic
1050 2283 1368 2347 invenisset,
1416 2288 1548 2340 ὅπου
1579 2288 1800 2356 ἐποίησε

206 2356 269 2406 τὸ
299 2352 449 2423 ὕδωρ
468 2351 630 2418 οἶνον,
666 2355 809 2426 quod
835 2354 1158 2426 simpliciter
1189 2357 1459 2426 imprimis
1494 2359 1561 2410 ah
1577 2351 1802 2426 auctore

209 2427 568 2498 tlictttttrcst,
609 2440 717 2498 nou
747 2423 911 2494 ὕδωρ,
954 2425 1046 2479 sed
1089 2423 1282 2498 ξανθὸν
1329 2427 1492 2498 ὕδωρ,
1523 2443 1697 2498 neque
1723 2424 1800 2480 οἷ-

207 2511 325 2554 νον,
361 2493 452 2568 sed
479 2494 635 2568 χρσιν
668 2496 831 2568 οἶνον,
862 2493 1062 2568 neque
1080 2497 1299 2568 ποιῆοᾳι
1325 2493 1486 2568 ὖδωῤ,
1523 2493 1624 2552 sed
1647 2497 1802 2568 ποιῆέ

211 2581 298 2616 σαι
361 2564 638 2637 εἰς-ὓδωρ,
675 2565 867 2637 _si_ve._
900 2564 956 2628 ὲς
1002 2565 1159 2637 χύσιν
1200 2566 1410 2630 ὓδατος,
1438 2564 1625 2624 ’άικὶι.
1655 2564 1797 2637 quod

209 2639 392 2686 ποιεῖν
417 2629 686 2697 οἶνον,’νε1
711 2635 790 2696 εἰς
816 2629 958 2686 οἶνον
990 2629 1366 2705 μεταϐάλλειν,
1389 2629 1578 2691 dicunt
1605 2629 1796 2692 Glauci.

209 2705 359 2756 Nihil
388 2715 565 2756 autem
599 2706 780 2757 minus
811 2720 974 2772 quam
1009 2706 1116 2758 vini
1149 2708 1512 2761 substantiam
1544 2707 1800 2777 designat

211 2777 391 2844 χύσις,
422 2783 473 2827 et
505 2790 628 2827 cuni
655 2789 802 2844 aqua
837 2777 962 2827 vino
983 2783 1068 2828 est
1091 2777 1418 2830 communis.
1441 2777 1532 2832 Est
1554 2779 1699 2830 enim
1727 2778 1801 2830 κί-

209 2843 410 2928 νησιῇ
438 2845 553 2928 ipse
591 2843 900 2928 cll‘nudendi
937 2854 1139 2910 motus,
1171 2849 1287 2901 sive
1312 2849 1466 2916 copia
1501 2847 1800 2928 καιᾶοροι-

212 2932 320 2977 σις.
370 2914 524 2968 Umte
562 2914 719 2985 etrad
776 2923 1010 2978 rzetera,
1058 2933 1179 2984 quae
1231 2933 1336 2970 non
1383 2914 1520 2970 sunt
1573 2914 1797 2985 liquida,

211 2985 568 3038 transfertur.
603 2984 670 3038 Ut
721 2998 843 3056 cum
878 2985 1036 3055 χύσιν
1067 2986 1282 3054 φύλλων
1317 2987 1566 3056 Odyssea:
1611 2984 1800 3056 quinto

212 3056 490 3108 tuaximus
539 3062 694 3124 poeta
725 3053 909 3118 dixit:
948 3063 1004 3109 et
1031 3053 1166 3126 cum
1187 3057 1343 3126 χύσιν
1374 3053 1545 3126 stellis
1585 3053 1802 3126 ιιιιυιιιιο

211 3126 478 3196 astrologi
522 3123 827 3196 assignant.
861 3126 928 3178 At
962 3142 1060 3181 nos
1100 3123 1260 3196 159
1291 3126 1376 3180 hic
1407 3127 1468 3180 τὸ
1494 3123 1653 3191 erm,
1688 3123 1802 3181 sive

211 3196 311 3265 τὴν
336 3195 526 3248 οὐσίαν
559 3195 691 3259 vini,
742 3196 1138 3262 qmrrehamus,
1167 3195 1291 3266 quae
1331 3197 1652 3266 miraculum
1701 3198 1799 3251 ab-

214 3269 428 3346 solvat:
455 3282 616 3337 quam
650 3266 903 3334 originem
935 3266 988 3319 in
1020 3265 1382 3322 Acrostichide
1417 3265 1674 3323 Sedulius
1704 3283 1800 3321 vo-

213 3347 358 3390 ctht
389 3355 404 3391 :

505 3425 712 3482 Novum
743 3446 901 3498 genus
925 3430 1190 3499 potentire,

500 3501 664 3570 Aqua:
686 3501 966 3554 rubescunt
997 3500 1216 3570 bydriw,

512 3567 798 3639 [’inumque
820 3572 979 3638 jussu
1013 3567 1250 3639 laudere,

502 3636 727 3692 Mutavit
759 3636 902 3694 unda
930 3636 1203 3707 originem.

213 3730 319 3787 Uhi
352 3738 407 3782 ιιι
442 3737 649 3785 natura:
677 3741 729 3785 et
759 3732 960 3788 coloris
989 3731 1420 3785 immutationem
1463 3729 1646 3784 habes.
1680 3727 1796 3782 Non

211 3812 298 3855 est
330 3809 513 3872 autem
549 3801 932 3862 dubitandum,
973 3804 1103 3872 quin
1140 3802 1390 3871 originem
1423 3815 1546 3872 cum
1595 3800 1796 3872 posuit,

213 3886 471 3942 saporem
497 3871 856 3926 intellexerit:
900 3870 1022 3942 qua:
1068 3870 1230 3942 origo
1270 3887 1334 3942 ac
1378 3870 1796 3942 principiumgex

212 3958 328 4008 quo
352 3941 600 4008 dignosci
648 3945 833 3996 vinum
869 3939 1030 4010 solet,
1087 3939 1544 4010 quemadmodum
1577 3954 1606 3992 a
1646 3940 1798 4010 prin-

212 4016 340 4080 cipe
406 4012 852 4080 philosophorum
948 4009 1244 4080 Metapltys.
1278 4020 1473 4080 quarto
1515 4011 1661 4080 inter
1691 4009 1796 4080 alia

215 4077 443 4135 notatur
467 4100 480 4152 :
515 4077 678 4136 ’Ὀοέν
691 4081 927 4152 γνωστὸν
949 4083 1010 4134 τὸ
1030 4077 1261 4152 πρᾶᾗμα
1277 4077 1512 4152 τξρῶτον,
1538 4077 1679 4149 ἀρχὴ
1709 4078 1795 4129 λέ·-

213 4169 377 4220 γεται
401 4151 490 4224 τοῦ
522 4149 866 4224 πράγματος,
902 4151 1047 4205 Illud
1077 4149 1216 4224 unde
1239 4149 1424 4224 primo,
1469 4149 1673 4224 inquit,
1713 4164 1794 4202 res

215 4219 580 4293 cognoscitur,
632 4219 795 4293 origo,
847 4239 938 4277 seu
983 4222 1294 4291 principium
1343 4220 1521 4293 illius,
1571 4219 1790 4293 dicitur.

217 4290 439 4357 Noster,
478 4309 600 4346 cum
629 4290 864 4347 colorem
903 4290 1016 4348 fere
1053 4293 1252 4360 ubique
1295 4290 1563 4360 posuisset
1593 4291 1791 4360 solum,

218 4362 460 4432 pessime
489 4363 558 4417 de
595 4379 660 4418 eo
692 4380 908 4434 quoque
942 4359 1228 4433 judicavit.
1260 4359 1394 4434 Nam
1425 4360 1569 4434 quid
1599 4359 1790 4434 voluit,

216 4429 344 4504 cum
373 4449 598 4504 aquam,
650 4429 1097 4504 qtiattrxtovw'cﬁv
1133 4441 1184 4486 ct
1211 4429 1436 4502 χιονώδη
1463 4430 1599 4504 dixit
1619 4430 1790 4504 alibi,

216 4502 420 4572 ξανθήν
477 4504 564 4556 hic
617 4501 870 4557 vocavit“?
913 4501 1237 4571 Quanquam
1279 4516 1482 4571 operte,
1522 4501 1788 4572 ni\fallor,

215 4562 356 4635 erit,
377 4562 387 4572 ’
411 4582 468 4626 ιιι
499 4589 658 4642 quem
693 4562 954 4629 fracti-nus
983 4562 1416 4638 consueram-us,
1468 4562 1666 4626 iterum
1705 4571 1795 4625 hic
1829 4562 1876 4621 Ι)

216 4660 563 4714 apponamus
599 4645 772 4698 locum
798 4662 812 4698 :

260 4752 404 4834 Ϊῌχι
433 4757 620 4834 xedor
633 4757 1112 4834 Kararai’or,_61zn
1129 4757 1316 4826 πάρος
1344 4757 1409 4834 ές
1430 4756 1615 4834 χύσιν(
1634 4755 1805 4810 οἴνου

214 4827 453 4882 Ξαὶοθύν
482 4829 637 4896 ὕδωρ
661 4833 901 4897 ποίησε,
919 4831 1110 4898 φύσιν
1135 4829 1422 4898 χιονωτόν
1441 4827 1722 4896 ἀμείψας.

216 4921 354 4976 Nam
383 4920 538 4989 quid,
580 4921 825 4990 inquam,
850 4921 1041 4982 voluit,
1072 4935 1198 4974 cum
1231 4919 1418 4990 ξανθὸν
1466 4913 1609 4990 ὕδωρ
1640 4919 1798 4986 dixit,

214 5001 270 5046 et
301 4988 491 5045 eodem
523 4988 765 5045 carmine
797 4991 1053 5061 χιονωτόν
1082 4992 1336 5045 vocavit?
1368 4988 1486 5044 Non
1521 4988 1665 5061 enim
1691 4993 1800 5045 vim

217 5063 456 5131 appositi
486 5060 840 5130 iutelligebnt.
880 5060 1016 5115 Nam
1071 5063 1124 5115 in
1183 5062 1490 5126 elementis,
1527 5060 1619 5114 ubi
1665 5061 1798 5115 sim-

217 5079 246 5114 a
293 5079 456 5131 pOSlll
486 5079 840 5130 mtemgeuat.
880 5079 1016 5115 nam
1071 5079 1124 5115 tn
1183 5079 1490 5126 elementis,
1527 5079 1619 5114 um
1665 5079 1798 5115 suu-

217 5079 339 5202 piex
379 5133 614 5202 maxime
645 5140 726 5185 est
761 5133 935 5197 color,
977 5147 1132 5202 aqua
1163 5131 1350 5202 λευκή,
1390 5131 1534 5202 ignis
1589 5131 1799 5199 ξανθὸς,

217 5201 246 5253 a
280 5201 726 5273 philosophorum
779 5217 905 5273 rege
955 5201 1176 5256 dicitur.
1222 5201 1505 5273 Ἀ-ὴρλμὲν
1545 5203 1803 5273 γὰρειιι-

215 5276 377 5344 quit,
399 5270 683 5342 καϊῦδωρ,
717 5275 782 5344 τῇ
821 5270 979 5341 ερύσει
1010 5273 1212 5344 λευκάῂ
1240 5271 1300 5323 τὸ
1327 5270 1440 5340 πῦρ
1471 5272 1623 5344 stato
1652 5272 1802 5341 ἥλιος

219 5341 408 5407 ξανθά.
436 5345 596 5411 Atqui
628 5341 780 5396 color
808 5344 897 5396 ille
925 5352 1133 5395 tantum
1168 5343 1322 5395 abest
1345 5347 1402 5393 ut
1438 5341 1508 5392 sit
1539 5342 1712 5402 albus.
1743 5352 1800 5396 ut

219 5416 273 5466 in
311 5413 433 5478 igne
486 5413 716 5476 rutilus,
786 5413 839 5466 in
877 5413 999 5466 aliis
1051 5411 1356 5482 subfuscus
1392 5411 1461 5482 si_t
1487 5447 1504 5473 ,
1558 5419 1611 5464 et
1648 5414 1800 5482 nigro

218 5485 470 5552 proxime
518 5486 762 5538 accedat.
817 5482 996 5548 Quare
1038 5491 1091 5536 et
1131 5481 1280 5542 αῐοός
1311 5478 1801 5552 abhEustathio'ac

215 5550 340 5606 aiiis
371 5562 618 5607 vocatur.
649 5552 869 5622 Itaque,
902 5568 968 5606 cx
1003 5553 1143 5622 nigri
1195 5550 1573 5622 imbecillitate
1599 5565 1689 5606 aut
1714 5553 1801 5607 dc-

217 5625 386 5684 fectu,
425 5625 516 5678 ubi
552 5621 948 5678 nutrimentum
995 5621 1163 5680 deest.
1203 5630 1261 5672 nt
1305 5622 1357 5674 in
1414 5621 1686 5690 frugibus,
1744 5625 1796 5676 in

217 5695 351 5747 setis
386 5695 728 5754 animalium,
797 5705 959 5762 atque
991 5694 1111 5746 aliis
1146 5691 1304 5760 160
1338 5691 1387 5745 id
1425 5705 1615 5762 genus,
1648 5695 1796 5747 nasci

219 5765 365 5818 hunc
389 5803 406 5827 ,
443 5765 758 5818 inductione
790 5759 923 5820 satis
971 5765 1127 5832 longa
1146 5759 1186 5825 ,7"
1209 5759 1388 5816 libello
1421 5759 1493 5814 De
1534 5763 1796 5816 coloribus

217 5835 579 5907 philosophus
657 5835 906 5905 probavit
935 5874 950 5902 ,
1005 5834 1463 5905 quemadmodum
1497 5843 1794 5890 corvorum

1913 569 2120 630 hibcre,
2175 570 2371 622 ibidem
2411 576 2581 622 notat.
2608 571 2780 632 Adde,
2847 571 2989 638 quod
3021 585 3085 623 cx
3139 569 3383 622 siccitate
3431 585 3494 622 ac

1910 639 2267 709 concoctioni:
2301 638 2592 691 humorum
2636 645 2716 709 (ut
2746 642 2798 692 in
2830 640 3076 707 frugibus
3119 650 3370 706 augusto,
3405 656 3494 690 ar—

1911 707 2136 761 boribus
2176 715 2456 778 antumno,
2489 724 2611 778 qua:
2647 707 2784 763 Vsivc
2812 716 3141 762 exarescent
3173 711 3285 763 sive
3313 717 3493 761 matu-

1911 784 2130 830 rescunt
2195 776 2392 829 flavum
2459 776 2692 832 induunt
2745 779 3018 846 colorem)
3079 779 3180 832 iste
3225 778 3487 831 nascitur.

1910 846 2155 911 Quanam
2179 862 2320 918 ergo
2352 847 2562 902 ratione
2611 848 2658 903 is
2703 850 2854 901 color
2902 848 3012 918 erit
3039 863 3211 918 aquae,
3237 848 3326 918 qui
3361 848 3490 901 abs~

1909 925 2033 969 ente
2067 931 2130 968 ac
2159 917 2445 987 deficiente
2495 932 2557 971 ea
2603 918 2886 971 nascitur?
2939 917 3098 972 Adde
3155 917 3322 987 quod,
3383 933 3491 986 quo

1911 987 2150 1057 quidque
2184 986 2248 1038 ad
2285 989 2459 1055 ignem
2494 987 2716 1056 propius
2760 987 3000 1053 accedit,
3047 986 3229 1042 minus
3251 988 3490 1042 tenebris

1911 1057 2152 1109 inficitur
2176 1065 2268 1109 aut
2293 1057 2481 1109 umbra
2507 1067 2646 1126 (quae
2675 1057 2740 1108 ad
2757 1058 2978 1127 nigrum
3008 1074 3223 1126 semper
3257 1059 3490 1127 abit),ita

1912 1127 2162 1178 hetiorin
2207 1141 2271 1179 eo
2304 1128 2458 1181 color
2509 1128 2612 1180 iste
2648 1141 2711 1180 ac
2737 1126 2908 1179 dilute
2957 1130 3136 1180 minus
3182 1126 3486 1182 exhibetur.

1911 1196 2068 1252 Unde
2105 1205 2158 1249 et
2193 1196 2378 1261 αἴθων,
2416 1198 2508 1265 qui
2541 1205 2622 1267 est
2672 1197 2811 1265 ignis
2841 1196 3016 1258 color,
3041 1265 3047 1267 _
3070 1198 3235 1267 ruber
3275 1212 3492 1267 quoque

1914 1267 2236 1336 acirubeus‘
2261 1264 2502 1336 voeatur.
2536 1264 2745 1321 Glossie
2774 1275 3008 1320 veteres:
3039 1264 3260 1331 Ξανοός,
3295 1264 3488 1336 ﬂavus,

1910 1335 2118 1406 rubrus,
2154 1334 2364 1406 rubens.
2392 1335 2458 1390 Ut
2488 1338 2541 1389 in
2576 1338 2721 1395 vino,
2761 1344 3000 1406 nontam
3034 1336 3170 1390 flavo
3213 1334 3372 1406 quam
3397 1354 3491 1391 ru—

1910 1405 2072 1470 bello,
2104 1407 2246 1474 quod
2287 1404 2489 1459 αἴθοπα
2532 1406 2800 1460 llomcrus
2841 1405 3004 1459 dixit:
3044 1415 3097 1459 et
3133 1404 3274 1474 quod
3305 1420 3491 1461 noster

1888 1485 2022 1547 ‘toto
2051 1477 2231 1547 capite
2251 1477 2503 1547 secundo
2535 1485 2589 1530 ct
2620 1477 2709 1530 hic
2753 1476 3062 1547 intellexit;
3097 1477 3148 1528 id
3179 1477 3324 1547 quod
3360 1489 3492 1536 112:1

1909 1546 2009 1602 illi.
2051 1545 2363 1600 llcllenistte
2409 1546 2647 1616 ἄκρατον
2682 1546 2914 1600 subinde
2946 1546 3157 1611 dicunt,
3200 1545 3352 1614 quod
3381 1564 3491 1616 quo

1911 1617 2095 1686 minus
2149 1631 2289 1685 aqua
2324 1624 2676 1686 temperatur,
2729 1632 2792 1672 eo
2831 1616 3165 1684 exquisitius
3189 1619 3268 1670 vel
3315 1617 3488 1678 ardet,

1910 1686 1992 1740 vel
2017 1685 2200 1740 colore
2229 1687 2414 1742 minus
2441 1685 2537 1740 est
2572 1687 2765 1740 diluto.
2812 1687 2955 1740 Sane
3007 1686 3067 1738 τὸ
3114 1686 3328 1751 ξανθόν,
3381 1688 3489 1739 vini

1909 1755 2190 1824 proprium
2224 1757 2462 1810 colorem
2496 1771 2641 1817 esse,
2674 1768 2728 1810 et
2754 1757 3026 1810 interdum
3056 1756 3124 1810 de
3149 1758 3378 1819 rnbello,
3409 1760 3491 1810 vel

1887 1826 2000 1895 ,qui
2034 1826 2279 1895 proxime
2326 1826 2432 1880 huc
2484 1826 2717 1890 accedit,
2764 1826 3040 1894 usurpari,
3101 1841 3261 1879 nemo
3315 1843 3491 1895 magis

1905 1894 2069 1964 quam
2106 1894 2313 1949 llebrtei
2352 1911 2415 1950 ac
2439 1895 2679 1951 Chaldaei
2719 1895 2916 1950 docent
2947 1913 2959 1948 :
3016 1910 3141 1964 nam
3182 1911 3306 1950 cum
3337 1894 3491 1950 color

1903 1963 2094 2027 ﬂavus,
2133 1965 2225 2021 sed
2279 1965 2394 2034 qui,
2419 1976 2478 2020 ut
2510 1967 2565 2020 in
2593 1967 2721 2020 vino
2751 1965 2944 2036 Graeco
2983 1980 3046 2036 ac
3082 1963 3346 2036 Hispano,
3391 1983 3486 2020 ru-

1902 2037 2041 2099 tilat,
2059 2043 2198 2093 31m:
2226 2050 2254 2087 ιι
2283 2033 2562 2100 colore,ut
2590 2037 2798 2102 volunt,
2829 2035 2968 2100 auri,
2988 2035 3058 2088 ab
3087 2033 3325 2102 Helh'zeis
3349 2053 3492 2089 mm-

1903 2114 2158 2175 cupetur,
2182 2106 2273 2174 qui
2301 2105 2782 2175 (quemadmodum
2815 2122 2881 2160 ex
2896 2106 3030 2175 loco
3054 2105 3222 2159 nobili
3245 2106 3312 2160 de
3339 2108 3489 2174 lepra

1901 2173 2115 2230 deeimo
2143 2173 2372 2230 Levitici
2395 2184 2450 2232 et
2479 2177 2640 2231 tertio
2669 2173 2916 2246 apparet)
2937 2185 3087 2261 ΡΜ
3119 2176 3173 2229 in
3223 2173 3425 2245 capillo
3457 2192 3487 2229 a

1901 2265 2409 2335 Chaldzisdicitur,
2443 2267 2686 2321 eumdem
2747 2266 2812 2320 ad
2838 2266 3106 2320 rubelhuu
3131 2282 3310 2330 suum,
3342 2269 3489 2335 quod

1899 2345 2050 2422 PD‘lD
2072 2346 2203 2396 1m
2234 2346 2452 2399 vocant,
2505 2338 2574 2391 ab
2622 2351 2689 2391 eo
2722 2335 3011 2390 manifeste
3061 2337 3484 2391 transtulerunt.

1901 2428 2074 2483 Omne
2104 2437 2282 2482 autem
2325 2429 2549 2484 rutilum
2593 2430 2662 2484 ab
2708 2428 2834 2482 albo
2863 2429 3172 2497 plusculum
3197 2445 3358 2498 quam
3392 2431 3490 2483 lla-

1903 2513 2029 2568 vum
2062 2498 2261 2562 trahit,
2321 2513 2635 2568 quanquam
2673 2515 2816 2568 smpc
2873 2498 3013 2552 duos
3062 2499 3225 2552 hosce
3274 2507 3490 2554 veteres

1900 2567 2266 2639 confundunt.
2294 2567 2603 2639 Atquehuc
2636 2567 2812 2629 Plato,
2845 2583 2968 2621 cum
2999 2583 3063 2621 ex
3096 2569 3281 2630 rubro,
3305 2571 3489 2638 splen-

1900 2638 2051 2694 dido.
2089 2647 2256 2708 atque
2293 2637 2438 2701 albo,
2469 2637 2666 2692 ﬂavum
2720 2639 2832 2691 vult
2860 2649 3136 2698 constare,
3167 2640 3289 2693 sine
3319 2639 3488 2693 dubio

1908 2708 2061 2779 161
2092 2709 2348 2778 respexit.
2383 2709 2655 2779 Quidquid
2686 2709 2832 2762 enim
2871 2709 2958 2761 lux
2993 2708 3248 2772 illustrat,
3281 2709 3486 2778 aliquid

1900 2795 1967 2832 ex
1999 2780 2122 2832 albo
2152 2779 2345 2833 habeat
2376 2795 2598 2834 necesse
2629 2789 2747 2832 est:
2786 2779 2904 2831 luce
2937 2779 3079 2832 enim
3112 2780 3350 2831 tenebras
3400 2787 3485 2832 at-

1901 2864 2006 2915 que
2039 2847 2244 2902 utnbra:
2266 2857 2473 2902 carent.
2509 2849 2662 2902 Unde
2687 2855 2740 2902 et
2771 2847 2965 2916 ἄχροος
2993 2847 3172 2916 caligo
3199 2849 3268 2900 ab
3301 2848 3497 2903 Ocello

1901 2917 2156 2983 Lucano;
2185 2919 2642 2986 quemadmodum
2684 2919 2865 2980 albus,
2905 2918 3070 2970 mtdta
3107 2919 3226 2969 Inee
3253 2918 3486 2971 circum.

1901 2988 2081 3058 fusus,
2116 3003 2222 3058 qua
2248 3003 2384 3056 pene
2405 3003 2565 3043 omne
2599 2987 2813 3057 nigrum
2863 2995 3048 3051 caret,
3089 3000 3118 3040 a
3154 2986 3381 3042 Platone
3405 2989 3487 3041 di-

1901 3057 2060 3112 citur.

1973 3127 2126 3199 Quod
2162 3126 2405 3192 sidit-as,
2443 3141 2543 3199 pro
2573 3127 2876 3196 capacitate
2934 3125 3118 3199 vasis,
3167 3135 3265 3199 _a_ut
3312 3126 3486 3196 ipsius

1829 3223 1870 3280 ο
1902 3198 2204 3278 quantitate
2242 3215 2397 3280 aqua:
2421 3196 2655 3280 [etiam
2711 3199 2949 3280 colorem
2982 3197 3105 3276 ejus
3148 3196 3254 3250 diei
3303 3200 3487 3280 (prout

1905 3266 2051 3321 enim
2083 3284 2255 3338 pauca
2280 3266 2363 3324 est
2389 3275 2482 3322 aut
2528 3269 2716 3338 multa,
2748 3267 2818 3319 ita
2848 3268 3028 3322 minus
3054 3266 3207 3335 nigra
3244 3266 3329 3324 est
3367 3284 3474 3319 ma-

1905 3339 2055 3407 gisve
2085 3337 2098 3400 ξ
2129 3355 2252 3392 nam
2285 3349 2378 3392 aut
2413 3337 2641 3392 fundum
2678 3338 2825 3392 visus
2851 3347 3103 3407 penetrat
3129 3346 3222 3390 aut
3259 3338 3487 3405 impedi-

1907 3406 2026 3460 tur:
2061 3408 2204 3477 quod
2225 3409 2292 3463 de
2327 3409 2460 3462 mari
2490 3423 2708 3477 quoque
2743 3423 2805 3460 ac
2840 3406 3018 3460 fluviis
3071 3407 3138 3458 ab
3195 3407 3486 3461 Aristotele

1905 3480 2170 3545 notatur),
2192 3481 2378 3548 plenas
2409 3479 2507 3532 has
2533 3478 2702 3531 fuisse
2729 3477 2971 3547 hydrias,
2993 3490 3353 3548 magnamque
3374 3482 3488 3530 sin-

1905 3549 2058 3613 gulas
2090 3546 2430 3604 continuisse
2450 3563 2604 3618 aqua:
2627 3548 2732 3600 vim
2766 3546 2830 3599 ac
2884 3546 3120 3618 copiam,
3154 3547 3270 3614 ipse
3297 3559 3486 3600 auctor

1905 3619 2104 3688 innuit.
2168 3619 2272 3672 Sed
2313 3617 2608 3688 ponamus,
2675 3628 2908 3680 veteres,
2937 3617 3096 3688 quod
3140 3631 3268 3688 sane
3300 3634 3484 3671 verum

1903 3697 2008 3753 est,
2039 3687 2262 3743 miriﬁce
2294 3687 2346 3742 in
2393 3689 2691 3749 coloribus,
2736 3695 2900 3756 atque
2933 3687 3038 3740 isto
3072 3687 3154 3740 vel
3192 3687 3486 3756 imprimis,

1902 3758 2122 3883 Lusisse.
2159 3757 2226 3812 Ut
2257 3773 2378 3814 cum
2404 3757 2674 3813 Pacuvius
2714 3764 2769 3813 et
2797 3773 2989 3827 aquam
3038 3765 3088 3809 et
3117 3756 3379 3826 pulverem
3407 3759 3488 3815 sic

1942 3831 2072 3883 txit:

1942 3845 2072 3883 111ιέ

1969 3919 2108 3975 Cedo
2141 3929 2313 3974 tamen
2337 3921 2516 3990 pedem
2529 3920 2754 3991 lymphis
2789 3920 2964 3988 ﬂavis,
2986 3919 3183 3986 [larum
3213 3930 3268 3972 ut
3287 3922 3486 3991 pulse--

3311 4007 3417 4043 rem

1958 4057 2208 4112 Manibus
2238 4059 2456 4124 iisdem,
2494 4059 2682 4128 quibus
2727 4059 2904 4130 Ulyssi
2927 4076 3062 4129 sa’pe
3090 3990 3488 4183 pernpltllgiinab-

3221 4166 3230 4183 ι
3269 4148 3412 4183 uam.

3269 4149 3296 4182 ιι
3305 4148 3390 4183 am

1954 4198 2448 4269 Lassitudinemque
2474 4199 2707 4253 minuant
2737 4215 2992 4253 manuum
3025 4166 3378 4255 tttolliluldiue.
3397 4171 3412 4196 ’

1900 4288 2054 4361 (Nam
2085 4291 2153 4347 de
2179 4289 2375 4358 Ennio,
2407 4306 2532 4345 cum
2563 4305 2713 4346 mare
2767 4299 2821 4345 et
2876 4292 3166 4347 caeruleum
3195 4301 3250 4348 et
3287 4292 3486 4346 flavum

1896 4361 2032 4414 dixit
2061 4379 2075 4415 :

1977 4453 2200 4507 Verrunt
2233 4452 2488 4522 extemplo
2513 4452 2719 4520 placide
2763 4470 2906 4507 mare
2943 4471 3204 4508 marmore
3229 4453 3387 4522 ﬂavo,

1971 4525 2270 4579 eruleum
2308 4537 2517 4592 spumat
2554 4524 2666 4578 sale
2684 4526 2925 4593 conferta
2955 4535 3068 4580 rate
3100 4527 3335 4594 pulsum,

1909 4641 2092 4695 minus
2121 4639 2294 4693 critici
2330 4639 2619 4703 mirantur,
2656 4639 2802 4707 quia,
2832 4639 3043 4703 dicunt,
3069 4656 3184 4693 cum
3219 4640 3287 4691 sit
3315 4639 3493 4704 ﬂavus

1905 4712 2053 4765 color
2079 4711 2233 4763 uiridi
2257 4719 2307 4764 et
2339 4709 2458 4764 albo
2489 4711 2696 4773 mistus,
2720 4710 3066 4778 pulcherrime
3091 4726 3304 4779 spumas
3331 4709 3488 4779 viren-

1906 4783 1974 4836 tis
2004 4781 2190 4845 maris,
2211 4781 2348 4849 ﬂavo
2376 4796 2637 4834 marmore
2667 4777 2971 4849 appellarit,
2999 4789 3058 4834 ut
3091 4777 3176 4833 est
3197 4781 3336 4848 apud
3360 4777 3492 4832 Gel»

1906 4853 2036 4906 lium
2070 4852 2159 4905 lib.
2198 4867 2258 4916 ιι,
2281 4865 2400 4920 cap.
2428 4850 2543 4918 26.)
2573 4851 2846 4920 Quidquid
2878 4852 3041 4920 hujus
3062 4853 3152 4920 sit,
3184 4867 3288 4903 non
3309 4850 3486 4920 solum

1906 4922 2194 4990 tna‘iifeste
2257 4919 2364 4974 duo
2412 4921 2524 4974 lure
2579 4919 2844 4990 apposita,
2878 4922 2938 4973 τὸ
2978 4919 3166 4986 ξανθόν
3209 4921 3262 4972 in
3298 4919 3494 4973 eadem.

1905 4990 2046 5062 aql'a
2075 4999 2128 5044 et
2154 4991 2212 5043 τὸ
2241 4990 2496 5062 χιονῶδεςν
2534 5002 2758 5060 pugnat,
2790 4992 2882 5046 sed
2918 5001 2969 5046 et
3007 4992 3147 5044 idem
3184 4992 3288 5045 erit
3335 4990 3488 5042 color

1905 5061 2059 5131 aqua:
2087 5077 2208 5130 qua:
2240 5061 2446 5114 mutata
2475 5061 2729 5127 fuit,cum
2752 5063 2933 5116 colore
2959 5062 3065 5115 vini
3095 5077 3253 5131 quem
3274 5075 3488 5131 assum-

1907 5130 2031 5201 psit.
2064 5135 2178 5198 Qua
2210 5131 2416 5184 ratione
2447 5141 2654 5195 notam,
2678 5147 2838 5200 quam
2866 5132 3065 5202 ubique
3096 5130 3247 5202 ponit
3275 5130 3490 5201 διακρι-

1903 5204 2083 5274 τικήν,
2112 5203 2348 5274 colorem
2383 5203 2610 5274 scilicet,
2642 5210 2868 5256 evertet.
2919 5205 3096 5274 Atque
3137 5203 3249 5256 haec
3281 5202 3363 5274 _de
3393 5217 3488 5274 co-

1905 5270 2112 5327 loribus
2146 5273 2228 5326 his
2252 5271 2369 5324 fuse
2389 5273 2568 5342 satis:
2604 5287 2741 5342 quos
2769 5282 2884 5326 tum
2925 5270 3096 5326 Graeci
3126 5282 3240 5326 tum
3281 5270 3492 5331 Latini,

1905 5353 1961 5397 ut
1988 5344 2100 5413 jam
2130 5343 2240 5396 dixi
2272 5341 2492 5412 swpius,
2537 5341 2901 5398 confutnlunt.
2950 5344 3116 5398 Multo
3156 5351 3336 5413 autem
3371 5354 3484 5392 nia--

1904 5410 2046 5488 xime
2078 5413 2287 5488 Hebrtei
2349 5410 2654 5488 sequiores,
2711 5413 2866 5484 162
2897 5415 2990 5482 qui
3025 5429 3090 5466 ex
3134 5410 3334 5488 nescio
3373 5423 3485 5488 quo

1904 5485 2080 5538 Arabe
2108 5479 2442 5539 Aristotelis
2469 5479 3054 5554 interpreﬁeficolores
3101 5479 3379 5554 simplices
3427 5479 3484 5529 in

1901 5555 2186 5609 elementis
2217 5569 2279 5608 ac
2305 5555 2582 5608 coloribus
2607 5552 2795 5608 eorum
2825 5555 3028 5621 optime
3055 5552 3311 5621 spectari,
3356 5562 3482 5621 cum

1903 5624 2234 5688 hausissent,
2272 5625 2500 5694 ideoque
2531 5617 2962 5686 tabernaculum,
2990 5617 3132 5689 quod
3159 5617 3482 5694 Testimonii

1903 5696 2174 5758 dixerunt,
2209 5687 2454 5765 singulos
2486 5701 2905 5765 reprafscntasse
2932 5687 3292 5765 scripserunt,
3320 5687 3486 5765 dcits

1904 5768 1976 5818 ita
2009 5757 2366 5821 nihilominus
2420 5757 2779 5819 contendunt.
2836 5770 2894 5815 ut
2929 5763 3014 5814 vix
3045 5757 3223 5812 unum
3255 5757 3486 5813 delinire

1901 5837 2131 5907 possint.
2166 5835 2633 5904 Quemadmodum
2658 5837 2722 5888 de
2747 5832 2910 5889 'l‘hasi
2948 5829 3189 5896 animali,
3223 5839 3277 5885 ct
3303 5830 3492 5886 colore
