3902 6214
213 360 364 417 {013

1286 365 1440 420 DAN.
1475 365 1724 422 llEiNSll
1758 365 2374 423 EXEIKCITATIONES.

3369 367 3508 422 1014

215 487 334 541 eat,
368 486 424 532 et
477 476 687 552 judicio
715 479 860 537 illius
894 480 1087 546 utitur,
1145 497 1306 552 quem
1364 483 1606 537 sobrium
1647 484 1817 552 fuisse
1848 488 1889 542 Α
1919 482 2033 537 alas
2061 499 2278 552 qttoque
2305 498 2367 536 ex
2402 481 2560 552 nigro
2589 481 2796 538 ducere
2820 497 2964 545 ettm,
3003 497 3065 537 ac
3096 493 3369 552 postremo
3403 500 3504 538 cx-

214 557 462 601 constat.
495 547 575 602 Ne
598 551 715 618 quis
768 552 866 619 (ait
897 547 1291 620 circumsp‘ecte
1320 554 1611 608 admodum
1644 551 1814 605 'l'ln-o-

216 620 533 700 p'tylaetus)
566 621 738 699 ebrias
760 621 950 702 _fttiise
972 624 1249 702 quosdam,
1285 640 1353 702 ac
1385 641 1487 702 non
1514 632 1646 702 recte
1668 623 1814 689 iudi-

215 706 394 774 casse:
430 689 712 774 existimet,
760 689 1432 774 ι58τῷ1διρχιτρικλίνῳ
1459 693 1814 762 ἐπιτρέπεται

214 761 248 827 ἡ
291 759 516 832 γεῦσις,
539 760 616 832 τῷ
638 759 900 832 νῂφονιξεξ
928 759 1294 832 at'eltitriclirto
1323 759 1506 832 gustus
1526 759 1814 816 committi-

218 840 330 903 ίαν,
352 838 412 880 ut
439 831 635 882 sobrio.
672 830 744 885 De
767 847 885 903 quo
908 831 1152 903 pluribus
1181 830 1626 903 Chrysostomus.
1650 832 1812 896 Sane,

218 899 328 952 nisi
365 908 580 952 certum
607 911 711 961 est,
744 899 1082 972 quod’recte
1112 899 1470 972 Augustinus,
1513 919 1699 956 verum
1733 906 1814 954 vi-

219 985 355 1022 num
401 985 693 1037 veramque
716 986 912 1040 aquam
949 971 1002 1024 in
1037 972 1140 1025 hoc
1181 971 1449 1026 miraculo
1483 973 1730 1039 intelligi,
1762 974 1813 1025 in

219 1055 334 1092 uno
363 1050 562 1092 ezetcra
611 1041 891 1103 laborant,
931 1057 1054 1096 cum
1089 1042 1214 1103 hoc.
1277 1043 1377 1098 nisi
1413 1059 1598 1096 verum
1631 1042 1813 1107 fuerit,

220 1125 331 1162 non
375 1116 540 1168 recte.
577 1117 634 1162 ιιι
683 1112 942 1180 prinunu,
984 1112 1416 1166 eounttendetur.
1465 1111 1526 1164 Et
1576 1111 1814 1166 llilarius

219 1181 510 1251 praeclare,
546 1180 662 1251 qui,
719 1181 973 1251 abolitum
1003 1181 1166 1250 fuisse
1193 1185 1288 1246 ait,
1323 1182 1460 1251 quod
1522 1182 1717 1251 fuerat,
1754 1199 1816 1234 ac

218 1250 442 1322 coepisse
473 1249 614 1322 quod
645 1267 746 1303 non
785 1259 919 1322 erat.
959 1249 1088 1322 _Item
1119 1249 1476 1322 Augustinus,
1521 1249 1633 1322 qui.
1673 1250 1814 1320 Ipse,

218 1319 425 1393 inquit,
459 1319 579 1393 facit
607 1322 781 1393 uinum
808 1321 900 1393 illo
933 1320 1016 1374 die
1049 1321 1101 1393 in
1127 1321 1349 1393 Itydriis,
1384 1324 1472 1392 qui
1503 1319 1645 1375 omni
1677 1319 1814 1374 anno

219 1388 353 1458 facit
381 1390 477 1442 hoc
502 1391 553 1442 in
586 1390 794 1444 vitibus.
816 1389 968 1445 Unde
993 1399 1045 1444 et
1078 1388 1200 1455 hoc,
1238 1388 1423 1460 utpote
1450 1408 1513 1447 ex
1547 1393 1815 1446 miraculo

217 1471 272 1512 ct
303 1460 494 1532 subito
520 1469 878 1532 prognatum,
906 1459 1256 1532 ἀγεώργητον
1297 1459 1673 1516 'l'heodoretus
1703 1463 1816 1515 cle-

218 1535 421 1602 g’anter
452 1531 608 1586 dixit.
642 1530 746 1602 Sed
772 1531 874 1584 hoc
909 1547 939 1585 a
1003 1530 1216 1585 luxurie
1267 1533 1655 1602 epithetorum,
1707 1532 1814 1584 nisi

221 1601 408 1661 fallor,
447 1615 568 1668 qua:
613 1601 918 1654 orationem
948 1602 1279 1671 Asimplicem
1305 1601 1311 1602 ⁷
1333 1617 1396 1656 ac
1447 1617 1660 1671 puram,
1693 1617 1814 1669 qua:

218 1672 329 1724 illis
360 1671 543 1744 verbis
566 1672 897 1744 eoptinetnr,
929 1669 1004 1732 ὼς
1031 1669 1097 1744 δὲ
1123 1672 1384 1744 tradeat-:0
1412 1669 1458 1725 oi
1479 1672 1816 1744 ἀρχιτρίκλι-

217 1756 310 1802 νος
337 1740 402 1792 τὸ
426 1739 571 1812 ὕδωρ
599 1736 1173 1812 οἶνονγεγενημένον,⁷
1209 1743 1262 1794 ἰιι
1315 1736 1808 1812 ορμοείίίῖἰιῐοιηιὶ-

220 1817 380 1882 nata,
421 1819 474 1864 et
495 1811 617 1878 qute
647 1811 996 1882 nihilininus
1029 1826 1191 1881 quam
1225 1811 1494 1882 appOsita,
1519 1813 1810 1866 convertit.

216 1879 361 1934 Nam
407 1883 520 1933 haec
554 1882 628 1933 ita
663 1880 924 1934 reddidit:

266 1972 382 2042 Kal
424 1970 640 2039 ταμίης
675 1969 1007 2042 ὄτεᾼδαιτὸς
1043 1972 1332 2040 ἑῖοεύσατο
1339 1971 1592 2041 μάρτυρι
1617 1971 1811 2042 λαιμῷ

271 2041 558 2110 Νάματος
586 2040 932 2106 οἱνωθέντος
960 2041 1322 2110 ἐρευθιόοντι
1343 2040 1583 2110 ﬁet-501(3).

221 2126 325 2181 libi
376 2135 632 2201 neutrum
661 2143 1026 2201 eorumqtne
1093 2147 1190 2197 pro
1233 2131 1358 2201 vino
1412 2133 1562 2200 ponit
1639 2133 1811 2201 (νᾶμα

219 2214 420 2270 nempe
446 2197 697 2270 οἰνωοέν,
730 2206 782 2250 et
821 2197 1040 2268 ῥέεθρον
1093 2197 1424 2270 ὲρευοιόον),’
1452 2203 1572 2267 ejus
1607 2197 1810 2255 iudicat

215 2269 615 2340 substantiam.
652 2267 724 2320 Ita
761 2267 886 2340 cum
923 2267 1019 2340 hic
1059 2267 1377 2331 invenisset,
1425 2273 1557 2323 ὅπου
1589 2272 1809 2340 ἐποίησε

215 2340 278 2390 τὸ
311 2336 458 2407 ὕδωρ
476 2334 639 2402 οἶνον,
675 2339 818 2410 quod
843 2337 1166 2410 simpliciter
1198 2341 1468 2410 imprimis
1503 2334 1810 2410 abauctore

217 2411 577 2482 dictum_es_t,
617 2424 726 2482 non
755 2407 920 2478 ὕδωρ,
963 2409 1056 2463 sed
1097 2407 1291 2482 ξανθὸν
1337 2410 1500 2482 ζιδωρ,
1533 2427 1706 2482 neque
1732 2409 1808 2464 οἷ-

216 2496 336 2538 νον,
369 2477 461 2553 setl
487 2477 644 2553 χρσιν
676 2479 840 2553 οἶνον,
870 2477 1308 2553 ίιιᾳοιιιιο-ποιῆοαι
1334 2477 1632 2553 ὕδωρηδριῑ
1656 2482 1811 2553 ποιῆτ

220 2565 310 2600 σαι
370 2548 647 2621 εἱς-ὕδωρ.
684 2549 818 2621 _sive
839 2586 876 2621 ._
909 2548 976 2612 ἐς
1011 2549 1168 2621 χύσιν
1208 2551 1418 2614 ὕδατος,
1447 2548 1634 2608 ”ιΙίιίι,
1664 2548 1806 2621 quod

218 2623 402 2670 ποιεῖν
427 2612 695 2681 οἶνονξνθΙ
720 2619 798 2680 εἰς
825 2612 966 2670 οἶνον
999 2612 1375 2689 ιῖεταϐάλλειν,
1399 2612 1588 2675 dicunt
1613 2612 1804 2676 Gticci.

217 2689 367 2740 Nihil
397 2698 574 2740 autem
607 2690 788 2741 minus
820 2703 982 2756 quam
1017 2690 1125 2741 vini
1157 2692 1521 2745 substantiam
1553 2691 1808 2761 designat

219 2761 400 2828 χύσις,
431 2766 482 2811 et
514 2773 811 2828 cntnwaqua
845 2761 970 2811 vino
992 2767 1077 2813 est
1100 2761 1427 2814 communis.
1449 2761 1541 2815 Est
1563 2762 1708 2814 enim
1736 2762 1810 2813 κί·

218 2827 419 2912 νησιςεε
447 2829 563 2912 ipse
601 2827 909 2912 eﬂ‘updendi
946 2838 1148 2893 motus,
1179 2833 1296 2885 sive
1321 2833 1475 2900 copia
1511 2832 1809 2912 natio“):-

220 2916 330 2961 σις.
380 2898 533 2951 Umle
570 2899 728 2969 etatl
784 2907 1018 2962 caetera,
1067 2917 1188 2968 qua:
1239 2916 1344 2954 non
1390 2898 1529 2955 sunt
1582 2898 1806 2969 liquida,

218 2969 577 3022 transfertur.
612 2968 678 3022 [It
729 2983 852 3040 cum
887 2969 1044 3039 χύσιν
1075 2970 1290 3038 φύλλων
1325 2970 1575 3040 Odyssea:
1620 2968 1808 3040 quinto

221 3040 500 3112 maximus
548 3047 703 3112 poeta
734 3038 916 3112 dixit:
957 3047 1012 3092 et
1039 3040 1352 3112 cauixdum
1383 3038 1554 3112 stellis
1593 3038 1811 3112 quoque

221 3059 500 3092 maxmtus
548 3059 703 3108 poeta
734 3059 899 3100 utan;
957 3059 1012 3092 et.
1039 3059 1164 3094 cum
1233 3059 1352 3092 υσιν
1383 3059 1554 3096 διοιιις
1593 3059 1810 3112 quoque

219 3110 488 3190 astrologi
531 3111 836 3190 assignant.
870 3110 946 3190 At.
971 3126 1069 3164 nos
1109 3059 1269 3180 1&9
1299 3111 1476 3190 hiepb
1503 3107 1662 3190 εἶναι,
1697 3113 1810 3190 sive

219 3179 321 3264 τὴν
345 3179 534 3232 οὐσίαν
568 3181 700 3243 vini,
727 3180 1147 3264 .qtta-reltam‘us,
1176 3179 1661 3264 quer-uirgeuhnu
1710 3182 1808 3235 ab-
1838 3207 1879 3264 ο

223 3253 437 3330 solvat:
464 3266 624 3320 quam
658 3250 912 3318 originem
943 3250 996 3303 itt
1029 3250 1390 3306 Acrostichide
1426 3250 1682 3308 Sedulius
1713 3267 1808 3306 vo-

221 3331 367 3374 ωνιι
398 3339 413 3375 3

514 3409 722 3466 Novum
751 3431 910 3482 genus
934 3413 1200 3483 potentite,

508 3484 674 3554 Aqua:
695 3485 974 3538 rubescunt
1006 3484 1224 3554 ltydria',

520 3551 806 3622 Yinumqne
829 3555 987 3622 jussa
1022 3551 1259 3622 (undere,

511 3619 563 3674 Μ
574 3619 736 3676 utuvit
768 3619 910 3678 unda
939 3619 1212 3691 originem.

222 3714 329 3770 Uhi
361 3722 415 3766 et
451 3721 657 3768 naturae
685 3725 737 3769 et
769 3716 969 3772 coloris
998 3714 1428 3769 immutationem
1472 3712 1654 3768 habes.
1689 3711 1804 3766 Non

222 3796 308 3838 est
339 3793 522 3856 autem
558 3785 941 3846 dubitandmn,
981 3788 1112 3856 quin
1148 3785 1400 3854 originem
1432 3799 1554 3856 cum
1603 3784 1804 3856 posuit,

224 3870 479 3926 saporem
504 3855 865 3910 intellexerit:
909 3854 1031 3926 quae
1077 3857 1231 3926 origo
1279 3871 1343 3926 ac
1387 3854 1804 3926 principiutncx

223 3942 337 3993 quo
360 3925 608 3992 dignosci
657 3929 842 3980 vinum
879 3923 1038 3988 solet,
1095 3923 1552 3994 quemadmodum
1587 3938 1615 3976 a
1655 3924 1808 3994 prin-

223 4000 349 4063 cipe
415 3996 861 4065 pbilosophorunt
957 3993 1252 4064 Melaphys.
1287 4004 1482 4065 quarto
1524 3995 1670 4065 inter
1700 3993 1804 4065 alia

226 4061 451 4119 notatur
476 4085 496 4136 ξ
523 4061 687 4119 ’Ὀθέν
699 4065 935 4136 γνωστὸν
958 4067 1018 4118 τὸ
1039 4061 1270 4136 πρᾶᾗμα
1287 4061 1522 4136 τέρῶτον,
1547 4061 1688 4133 ἀρχὴ
1718 4062 1804 4113 λέ-

224 4153 385 4203 γεται
409 4135 498 4187 τοῦ
530 4137 874 4207 πράγματος,
911 4135 1056 4189 Illud
1087 4135 1225 4207 unde
1247 4137 1433 4207 primo,
1478 4135 1682 4207 inquit,
1722 4148 1803 4186 res

225 4204 588 4277 cognoscitur,
641 4204 804 4277 origo,
857 4223 948 4261 seu
992 4206 1304 4275 principium
1352 4204 1530 4277 illius,
1579 4204 1799 4277 dicitur.

227 4275 447 4342 Noster,
487 4293 609 4330 cum
637 4275 872 4331 colorem
911 4277 1024 4332 fere
1061 4277 1260 4344 ubique
1304 4275 1572 4344 posuisset
1602 4275 1799 4344 solum,

229 4346 468 4415 pessime
498 4347 566 4401 de
603 4363 669 4402 eo
701 4363 917 4418 quoque
951 4343 1235 4417 judicavit.
1268 4343 1402 4418 Nam
1434 4344 1578 4418 quid
1608 4343 1798 4418 voluit,

226 4412 352 4488 cum
390 4433 607 4488 aquam,
659 4412 1106 4488 ιιιῖιιιιίχιώωτήν
1141 4425 1193 4470 et
1220 4412 1444 4486 χιονώδη
1472 4413 1799 4488 dixitﬂalibi,

226 4486 428 4556 ξανθήν
486 4487 573 4540 hic
626 4485 879 4541 vecavit?
922 4485 1249 4554 Quanquam
1288 4500 1490 4554 operte,
1530 4485 1796 4556 ni\fallor,

225 4546 364 4619 erit,
385 4546 396 4556 ’
419 4566 477 4609 ιιι
508 4574 666 4625 quem
700 4546 963 4613 [tacti-nus
991 4546 1425 4621 con-sideram'us,
1477 4559 1674 4610 iterum
1714 4555 1804 4608 hic
1838 4546 1885 4604 Ι)

226 4643 572 4697 apponamus
608 4629 780 4682 locum
807 4646 820 4682 :

269 4736 412 4810 Ἶιχι
443 4741 629 4796 πέδον
641 4741 1120 4810 Καναναῖον,ὄπη
1137 4740 1324 4810 πάρος
1352 4740 1417 4806 ἐς
1438 4739 1622 4810 χύσιν
1643 4739 1812 4794 οἴνου

223 4807 462 4865 Ξαῶούὸν
491 4813 646 4880 ὕδωρ
670 4817 909 4881 ποίησε,
928 4807 1119 4882 φύσιῦ
1144 4807 1730 4882 χιόνωτὸνᾶμείψας.

224 4904 363 4959 Nam
392 4903 546 4973 quid,
588 4905 834 4974 inquam,
858 4905 1050 4966 voluit,
1081 4919 1206 4959 cum
1239 4903 1426 4974 ξανθὸν
1475 4897 1618 4974 ὕδωρ
1649 4903 1807 4970 dixit,

223 4985 279 5030 et
309 4972 499 5029 eodem
532 4972 774 5028 carmine
805 4975 1061 5045 χιονωτόν
1090 4975 1344 5030 vocavit?
1377 4972 1495 5028 Non
1529 4972 1674 5045 enim
1701 4976 1809 5029 vim

225 5047 465 5114 appositi
495 5044 848 5114 intelligebat.
889 5044 1025 5100 Nam
1079 5047 1133 5099 in
1191 5046 1498 5110 elementis,
1535 5044 1628 5098 tibi
1674 5045 1807 5099 sint-

225 5062 254 5097 a
301 5062 465 5114 posui
495 5062 848 5114 uuemgeuat.
889 5062 1025 5100 nam
1079 5062 1133 5099 in
1191 5062 1498 5110 elementis,
1535 5062 1628 5098 unt
1674 5062 1807 5099 stm-

225 5062 348 5184 piJCX
387 5115 622 5168 maxime
653 5124 735 5169 est
769 5117 943 5181 color,
1001 5131 1140 5182 aqua
1171 5115 1358 5184 λευκή,
1398 5115 1542 5184 ignis
1597 5115 1808 5183 ξανθὸς,

225 5202 254 5236 a
288 5185 734 5257 philosophorum
787 5201 914 5257 rege
963 5185 1184 5240 dicitur.
1229 5185 1514 5257 ’A_i;p_pév
1553 5187 1811 5257 γάρνίιι-

223 5259 387 5328 quil.
408 5257 500 5308 καὶ
527 5255 692 5328 ὕδωρ,
726 5259 790 5328 τῇ
829 5255 988 5324 φύσει
1018 5257 1221 5328 λευκάσ-
1248 5255 1308 5307 τὸ
1340 5255 1448 5323 πῦρ
1479 5256 1632 5328 natio
1660 5256 1810 5325 ἥλιος

226 5325 416 5390 ξανθά.
443 5327 606 5394 Atqui
636 5325 788 5380 color
817 5328 905 5380 ille
933 5336 1142 5379 tantum
1175 5326 1330 5379 abest
1353 5333 1410 5378 ut
1446 5325 1516 5376 sit
1547 5326 1721 5386 albus.
1751 5336 1810 5381 ut

227 5399 282 5449 in
319 5397 441 5461 igne
495 5397 725 5460 rutilus,
794 5397 848 5450 in
885 5397 1007 5450 aliis
1059 5395 1350 5466 subfuseus
1401 5394 1512 5466 si_t,
1567 5404 1619 5449 et
1657 5397 1808 5466 nigro

225 5468 478 5535 proxime
526 5469 770 5522 accedat.
825 5467 1004 5532 Quare
1047 5476 1098 5520 et
1139 5465 1289 5527 atOé;
1320 5466 1392 5535 ab,
1429 5462 1809 5522 Eustatltio'ac

223 5534 348 5590 aliis
379 5545 627 5590 vocatur.
657 5536 876 5606 Itaque,
910 5551 975 5590 ex
1011 5537 1151 5606 nigri
1203 5534 1581 5606 imbecillitate
1607 5549 1698 5590 aut
1723 5537 1810 5592 de-

224 5608 394 5668 fectu,
433 5608 524 5661 ubi
561 5605 955 5662 nutrimentum
1004 5605 1172 5664 deest.
1211 5614 1269 5656 ιιι
1313 5606 1365 5658 itt
1421 5605 1694 5674 frugibus,
1752 5609 1804 5660 in

223 5679 359 5731 setis
394 5678 736 5738 animalium,
806 5689 968 5746 atque
999 5678 1119 5730 aliis
1154 5675 1312 5745 160
1347 5675 1395 5729 id
1433 5690 1624 5746 genus,
1656 5679 1804 5731 nasci

225 5749 373 5802 hunc
398 5785 414 5810 ,
452 5748 766 5802 inductione
798 5743 932 5802 satis
979 5748 1134 5816 longa
1154 5743 1194 5809 ξ
1217 5743 1396 5800 libello
1429 5743 1501 5799 De
1542 5747 1804 5800 coloribus

224 5819 588 5890 philosophus
664 5819 958 5889 probavit,
1013 5818 1471 5889 quemadmodum
1506 5827 1801 5874 terrorum

1921 552 2128 614 hibere,
2183 553 2379 605 ibidem
2419 560 2590 605 notat.
2617 554 2788 616 Adde,
2855 555 3094 622 quodex
3148 554 3391 607 siccitate
3440 569 3502 606 ac

1918 622 2276 693 concoctioni:
2310 622 2602 675 humerum
2645 629 2725 693 (ut
2755 626 2807 676 in
2839 624 3085 690 frugibus
3128 633 3378 691 augusto,
3413 639 3502 674 ar—

1919 690 2145 744 boribus
2185 699 2465 755 aulumuo,
2498 707 2620 760 qua:
2655 690 2792 747 Vsivc
2821 701 3150 747 exarescent
3182 690 3294 747 sive
3322 701 3501 745 matu-

1918 767 2138 813 rescunt
2204 760 2401 813 llavum
2468 764 2701 816 induunt
2754 763 3027 829 colorem)
3087 764 3188 816 iste
3234 763 3496 815 nascitur.

1919 829 2163 894 Quanam
2188 845 2329 902 ergo
2361 831 2571 886 ratione
2620 832 2668 886 is
2713 833 3023 902 colorer-it
3048 847 3220 902 aqum,
3245 833 3335 902 qui
3371 832 3498 886 absv

1917 908 2041 953 ente
2075 915 2138 952 ac
2168 901 2454 971 deficiente
2504 916 2565 954 ea
2612 901 2895 955 nascitur?
2948 901 3104 956 Adde
3163 901 3331 971 quod,
3391 918 3500 970 quo

1919 971 2159 1041 quidque
2193 969 2256 1021 ad
2294 973 2468 1039 ignem
2503 971 2744 1041 propius
2769 971 3008 1036 accedit,
3056 969 3238 1026 minus
3261 969 3500 1025 tenebris

1919 1040 2161 1093 inficitur
2185 1048 2276 1093 aut
2302 1041 2489 1093 umbra
2515 1053 2654 1109 (quae
2684 1040 2749 1092 ad
2767 1042 2986 1111 nigrum
3017 1059 3232 1111 semper
3266 1043 3498 1111 abit),ita

1920 1111 2094 1163 ltetior
2119 1111 2171 1162 in
2216 1126 2280 1162 eo
2313 1111 2466 1165 color
2518 1111 2622 1164 iste
2657 1125 2719 1164 ac
2746 1109 2916 1162 dilute
2967 1109 3149 1164 minus
3191 1109 3495 1166 exhibetur.

1919 1181 2076 1236 Unde
2115 1189 2166 1234 et
2201 1180 2386 1245 αἴθων,
2425 1182 2516 1249 qui
2549 1189 2630 1251 est
2681 1181 2820 1249 ignis
2850 1180 3244 1251 color,__rubcr
3284 1196 3501 1251 quoque

1923 1251 2245 1320 acrrubeus
2269 1248 2511 1320 vocatur.
2545 1248 2755 1304 Glossm
2783 1259 3018 1303 veteres:
3048 1248 3269 1315 Ξανοός,
3304 1248 3497 1320 ﬂavus,

1918 1319 2127 1390 rubras,
2162 1318 2374 1390 rubens.
2399 1319 2467 1374 Ut
2497 1321 2552 1390 in
2584 1321 2730 1380 vino,
2769 1327 3008 1390 nontam
3042 1320 3179 1374 [lavo
3222 1318 3381 1390 quam
3407 1337 3500 1374 ru-

1918 1389 2081 1454 bello,
2113 1390 2255 1458 quod
2296 1388 2498 1442 αἴθοπα
2541 1389 2809 1444 llomerus
2850 1389 3013 1442 dixit:
3053 1399 3106 1443 et
3141 1388 3283 1457 quod
3313 1403 3500 1445 noster

1897 1468 2030 1530 ἰοιο
2060 1460 2239 1530 capite
2270 1461 2511 1513 secundo
2543 1469 2598 1514 et
2629 1461 2718 1514 hie
2773 1460 3070 1523 intellexit;
3106 1461 3156 1512 id
3188 1461 3333 1530 quod
3369 1473 3501 1520 '17::‘1

1919 1529 2018 1587 illi.
2060 1529 2371 1584 llellenista:
2418 1530 2655 1600 ἄκρατον
2691 1530 2924 1584 subinde
2954 1530 3166 1595 dicunt,
3209 1529 3361 1598 quod
3390 1548 3500 1600 quo

1921 1600 2104 1654 minus
2157 1615 2297 1669 aqua
2333 1607 2685 1670 temperatur,
2737 1616 2802 1655 eo
2840 1600 3173 1668 exquisitius
3198 1603 3276 1653 vel
3324 1601 3497 1662 ardet,

1918 1670 2001 1724 vcl
2025 1670 2209 1724 colore
2239 1671 2424 1724 minus
2461 1679 2546 1724 est
2581 1671 2774 1724 diluto.
2821 1671 2964 1723 Sane
3016 1670 3076 1722 τὸ
3123 1670 3336 1735 ξανθόν,
3391 1672 3498 1722 vini

1916 1739 2198 1808 proprium
2233 1741 2470 1794 colorem
2505 1755 2650 1801 esse,
2683 1752 2736 1794 et
2763 1740 3034 1794 interdum
3065 1739 3132 1794 de
3157 1742 3387 1802 rubello,
3418 1744 3499 1794 vel

1896 1811 2009 1878 ,qui
2043 1810 2288 1880 prt_)_xi_me
2335 1810 2441 1864 huc
2493 1809 3050 1880 acceditLttsurpari,
3109 1825 3269 1863 nemo
3325 1827 3500 1880 magis

1914 1895 2076 1948 quam
2114 1878 2322 1933 Hebraei
2361 1895 2424 1934 ac
2448 1879 2688 1934 Chaldaei
2727 1878 2968 1934 docent:
3024 1893 3150 1948 nam
3191 1895 3315 1934 cum
3347 1878 3499 1934 color

1911 1947 2103 2012 ﬂavus,
2142 1949 2234 2004 sed
2287 1950 2403 2018 qui,
2429 1959 2486 2004 ut
2519 1951 2573 2004 in
2602 1951 2730 2004 vino
2760 1949 2952 2004 Graeco
2993 1963 3055 2019 ac
3090 1947 3356 2019 llispano,
3400 1967 3496 2004 ru-

1912 2021 2050 2084 tilat,
2068 2027 2207 2077 31.11:
2234 2033 2263 2071 a
2291 2017 2570 2084 colore,ut
2599 2021 2806 2086 volunt,
2837 2019 2977 2084 auri,
2997 2018 3066 2072 ab
3095 2017 3334 2086 Hebraeis
3358 2037 3500 2073 nun-

1911 2098 2164 2159 cupetur,
2191 2090 2282 2157 qui
2309 2089 2791 2159 (quemadmodum
2824 2089 3039 2159 exloco
3062 2089 3230 2142 nobili
3254 2090 3321 2144 de
3348 2093 3498 2158 lepra

1910 2159 2124 2214 decimo
2150 2157 2380 2214 Levitiei
2403 2168 2459 2215 et
2488 2161 2648 2214 tertio
2677 2157 2925 2231 apparet)
2945 2169 3096 2246 pm:
3127 2159 3182 2213 in
3232 2157 3434 2229 capillo
3466 2176 3495 2214 a

1909 2249 2418 2318 Chaldzisdicitur,
2451 2251 2694 2305 eumdem
2755 2250 2820 2304 ad
2847 2251 3116 2303 rubellum
3140 2266 3318 2314 suum,
3351 2253 3496 2320 quod

1908 2329 2212 2405 prmo-1m
2243 2330 2461 2382 vocant,
2514 2322 2582 2375 ab
2631 2335 2698 2374 eo
2731 2320 3020 2374 manifeste
3071 2321 3492 2376 transtulerunt.

1909 2412 2082 2466 Omne
2113 2421 2291 2482 autem
2334 2413 2557 2468 rutilum
2601 2413 2670 2468 ab
2717 2413 2842 2466 albo
2872 2413 3180 2482 plusculum
3206 2429 3367 2482 quam
3401 2415 3498 2468 lla-

1911 2497 2037 2552 vum
2070 2481 2270 2548 trahit,
2330 2497 2643 2552 quanquam
2681 2498 2825 2552 szrpe
2882 2482 3022 2536 duos
3070 2481 3234 2537 hosce
3283 2491 3498 2540 veteres

1909 2551 2274 2623 confundunt.
2303 2551 2611 2623 Atquehuc
2644 2551 2820 2613 Plato,
2854 2567 2977 2605 cum
3007 2568 3072 2606 ex
3104 2553 3289 2615 rubro,
3313 2555 3498 2621 splen-

1909 2622 2060 2680 dido.
2099 2631 2264 2691 atque
2302 2621 2446 2686 albo,
2478 2621 2675 2676 flavum
2729 2623 2842 2675 vult
2868 2633 3145 2683 constare,
3175 2624 3297 2677 sine
3328 2624 3497 2678 dubio

1917 2693 2069 2763 161
2101 2693 2356 2762 respexit.
2392 2694 2664 2763 Quidquid
2695 2693 2840 2746 enitn
2879 2693 2967 2744 lux
3002 2692 3257 2757 illustrat,
3289 2693 3494 2763 aliquid

1909 2778 1975 2816 ex
2007 2764 2130 2816 albo
2160 2763 2353 2817 habeat
2385 2779 2606 2818 necesse
2637 2772 2718 2816 est
2744 2779 2756 2812 :
2795 2763 2912 2816 lucc
2946 2763 3088 2816 enim
3121 2764 3358 2815 tenebrat
3409 2772 3495 2817 at-

1909 2848 2015 2901 que
2047 2832 2253 2885 umbrze
2275 2840 2482 2887 carent.
2519 2833 2672 2886 Unde
2696 2839 2749 2885 et
2780 2831 2974 2901 ἄχροος
3002 2831 3181 2900 caligo
3208 2833 3276 2884 ab
3309 2833 3505 2887 Ocello

1910 2900 2165 2968 Lucano;
2193 2903 2650 2970 quemadmodum
2693 2900 2873 2964 albus,
2913 2903 3079 2954 umlta
3116 2903 3234 2953 lucc
3262 2903 3494 2955 circum-

1910 2972 2089 3042 fusus,
2125 2987 2230 3042 qua
2256 2987 2393 3041 pene
2414 2987 2574 3028 omne
2607 2971 2822 3042 nigrutn
2871 2979 3057 3036 caret,
3098 2984 3127 3024 a
3163 2970 3389 3027 Platone
3415 2973 3496 3026 di-

1909 3041 2070 3096 citur.

1981 3111 2135 3184 Quod
2171 3110 2414 3177 sidit-as,
2453 3125 2555 3184 pro
2581 3111 2885 3180 capacitate
2943 3110 3127 3184 vasis,
3176 3119 3274 3184 aut
3321 3111 3494 3180 ipsius

1911 3183 2213 3250 quantitate
2251 3198 2406 3253 aqua:
2430 3180 2470 3247 ,⁷
2490 3183 2654 3236 etiam
2721 3183 2958 3253 colorem
2991 3181 3112 3253 ejus
3157 3180 3262 3234 diei
3311 3185 3496 3251 (prout

1914 3253 2059 3305 enim
2093 3268 2264 3322 pauca
2289 3251 2372 3308 est
2397 3259 2491 3306 aut
2537 3253 2724 3322 multa,
2757 3251 2826 3304 ita
2857 3253 3037 3306 minus
3062 3251 3216 3319 nigra
3253 3260 3337 3308 est
3376 3269 3482 3304 ma.

1915 3323 2064 3390 gisve
2093 3321 2107 3385 ζ
2139 3338 2260 3376 nam
2293 3333 2387 3376 aut
2422 3321 2650 3376 fundum
2687 3322 2834 3376 visus
2870 3331 3112 3387 penetrat
3138 3331 3231 3374 aut
3267 3323 3495 3390 impedi-

1917 3403 2035 3444 tur:
2069 3392 2213 3462 quod
2234 3393 2301 3447 de
2336 3394 2470 3446 mari
2498 3408 2717 3461 quoque
2739 3407 2814 3462 ac
2849 3390 3026 3444 ﬂuviis
3079 3391 3147 3443 ab
3205 3392 3494 3446 Aristotele

1914 3465 2179 3530 notatur),
2201 3465 2387 3532 plenas
2419 3463 2515 3517 has
2542 3462 2710 3515 fuisse
2737 3461 2979 3530 ltydrias,
3001 3475 3361 3532 magnamque
3383 3466 3496 3515 sin-

1914 3533 2067 3599 gulas
2099 3531 2438 3587 continuisse
2459 3547 2612 3602 aqua:
2635 3533 2741 3584 vim
2775 3546 2839 3583 ac
2893 3531 3129 3602 copiam,
3163 3531 3279 3599 ipse
3306 3544 3495 3585 auctor

1914 3603 2113 3672 innuit.
2177 3603 2281 3656 Sed
2323 3601 2616 3672 ponamus,
2684 3612 2916 3664 veteres,
2945 3601 3104 3672 quod
3149 3616 3277 3672 sane
3308 3618 3492 3655 verum

1912 3680 2017 3738 est,
2047 3671 2272 3727 mirifice
2303 3671 2354 3726 in
2401 3673 2699 3733 coloribus,
2745 3679 2909 3740 atque
2942 3671 3046 3724 isto
3081 3671 3164 3724 vel
3200 3671 3494 3740 imprimis,

1912 3742 2131 3796 lusisse.
2169 3741 2235 3796 Ut
2266 3757 2387 3798 cum
2412 3741 2682 3797 Pacuvius
2722 3749 2778 3796 et
2805 3757 2997 3811 aquam
3047 3749 3097 3794 ct
3125 3740 3387 3809 pulverem
3415 3743 3497 3799 sic

1911 3813 2081 3867 dixit:

1978 3903 2117 3959 Cedo
2150 3913 2322 3958 tamen
2345 3905 2525 3974 pedem
2539 3903 2763 3975 lymphis
2798 3905 2972 3972 ﬂavis,
2995 3903 3192 3970 ﬂavum
3222 3914 3276 3956 ut
3313 3907 3495 3973 pulue-

3319 3993 3372 4028 re
3377 3992 3425 4028 ηε

1967 4041 2216 4097 Manibus
2247 4043 2465 4109 iisdem,
2503 4043 2691 4112 quibus
2735 4043 2912 4114 Ulyssi
2935 4061 3070 4114 stupe
3099 3975 3496 4168 peruulilltiiinab-

3229 4116 3238 4168 ξ
3277 4133 3420 4168 nam.

3277 4133 3398 4168 uam

1963 4182 2456 4254 Lassitudinemque
2483 4183 2715 4236 minuam
2745 4199 3001 4238 manuum
3034 4150 3386 4240 mollituldine.
3405 4155 3420 4180 ’

1909 4273 2063 4345 (Nam
2094 4275 2162 4331 de
2189 4274 2384 4342 Ennio,
2416 4290 2541 4329 cum
2572 4289 2721 4330 mare
2775 4283 2830 4329 et
2885 4276 3174 4332 caeruleum
3203 4285 3258 4332 et
3297 4276 3494 4331 llavmu

1905 4345 2042 4399 dixit
2071 4363 2084 4399 :

1986 4436 2208 4490 Verrunt
2241 4436 2497 4506 extemplo
2522 4435 2728 4503 placide
2771 4454 2914 4491 mare
2952 4455 3212 4492 marmore
3237 4438 3395 4506 ﬂavo,

1979 4509 2280 4563 eruleum
2317 4521 2525 4576 spumat
2562 4508 2674 4561 sale
2693 4510 2933 4577 conferta
2963 4519 3076 4563 rate
3108 4511 3344 4578 pulsum,

1917 4625 2100 4678 minus
2130 4623 2302 4677 critici
2339 4623 2628 4687 mirantur,
2665 4623 2810 4690 quia,
2841 4623 3052 4687 dicunt,
3076 4640 3193 4677 cum
3227 4624 3295 4676 sit
3324 4622 3500 4689 ﬂavus

1914 4696 2061 4748 color
2088 4695 2242 4747 viridi
2267 4703 2315 4748 et
2347 4693 2467 4748 albo
2498 4695 2704 4757 mistus,
2729 4695 3074 4762 pulcherrime
3099 4711 3313 4762 spumas
3339 4693 3496 4746 circu-

1915 4767 1983 4819 tis
2013 4765 2199 4829 maris,
2221 4765 2357 4833 ﬂavo
2385 4781 2646 4818 marmore
2676 4761 2980 4832 appellarit,
3007 4773 3066 4818 ιιι
3099 4761 3184 4817 est
3205 4765 3344 4832 apud
3368 4761 3500 4815 Gel--

1914 4836 2044 4889 littm
2079 4836 2168 4889 lib.
2207 4851 2266 4900 ιι,
2289 4849 2409 4904 cap.
2437 4833 2551 4904 26.)
2581 4835 2854 4904 Quidquid
2886 4836 3050 4904 hujus
3070 4836 3160 4900 sit,
3192 4851 3297 4887 non
3318 4834 3494 4904 solum

1915 4905 2203 4974 mapifestc
2265 4903 2373 4958 duo
2421 4905 2533 4959 lucc
2587 4903 2852 4974 apposita,
2886 4905 2947 4958 τὸ
2986 4903 3174 4969 ξανθόν
3218 4905 3270 4957 in
3306 4903 3504 4957 eadem.

1915 4973 2055 5046 aqd'a
2084 4983 2137 5029 ct
2162 4974 2221 5027 τὸ
2249 4973 2500 5046 χιονῶδες
2543 4973 2766 5044 pugnat,
2799 4976 2891 5030 sed
2926 4985 2978 5029 et
3015 4976 3156 5029 idem
3192 4975 3298 5029 erit
3343 4974 3496 5026 color

1913 5045 2068 5116 aqua:
2096 5060 2216 5114 quae
2249 5045 2454 5098 mutata
2484 5045 2738 5110 fuit,eum
2760 5047 2941 5100 colore
2969 5047 3073 5099 viui
3103 5061 3261 5115 quem
3282 5060 3496 5116 assum-

1915 5114 2040 5185 psit.
2072 5119 2187 5182 Qua
2219 5116 2425 5169 ratione
2455 5125 2662 5179 notam,
2686 5131 2846 5184 quam
2874 5116 3073 5186 ubique
3104 5114 3255 5186 ponit
3284 5114 3498 5185 διακρι-

1911 5188 2092 5258 τικήν,
2121 5187 2356 5258 colorem
2391 5187 2618 5248 scilicet,
2650 5194 2876 5240 evertet.
2928 5189 3104 5256 Atque
3144 5187 3258 5240 haec
3289 5187 3371 5258 _de
3401 5200 3497 5258 eo-

1913 5255 2121 5311 l0ribus
2155 5257 2236 5310 his
2261 5256 2576 5326 fusesatis:
2612 5272 2750 5326 quos
2777 5267 2892 5310 tum
2933 5255 3105 5310 Graeci
3134 5267 3248 5310 tum
3289 5255 3500 5316 Latini,

1913 5336 1970 5381 ut
1997 5328 2108 5397 jam
2139 5327 2248 5380 dixi
2280 5325 2500 5396 saepius,
2545 5325 2910 5382 confundunt.
2958 5329 3126 5382 lllulto
3165 5336 3344 5397 autem
3379 5338 3492 5376 uta--

1911 5393 2054 5451 xime
2087 5397 2295 5468 Hebraei
2357 5393 2662 5466 sequiores,
2719 5398 2875 5468 162
2905 5399 2998 5466 qui
3033 5413 3099 5450 ex
3156 5393 3343 5468 nescio
3381 5408 3494 5468 quo

1913 5469 2088 5522 Arabe
2118 5464 2449 5523 Aristotelis
2477 5464 3062 5538 ittlerprctefieolores
3110 5464 3388 5538 simplices
3437 5464 3492 5514 in

1910 5539 2194 5593 elementis
2224 5553 2287 5593 ac
2314 5539 2591 5592 coloribus
2616 5536 2802 5592 eorum
2833 5539 3036 5606 optime
3063 5536 3319 5606 spectari,
3365 5547 3490 5606 cum

1911 5608 2242 5672 hausissent,
2280 5609 2508 5677 ideoque
2540 5602 2970 5670 tabernaculum,
2998 5602 3141 5674 quod
3167 5602 3490 5677 Testimonii

1912 5679 2182 5742 dixerunt,
2217 5673 2462 5749 singulos
2495 5686 2913 5745 repra'sentasse
2941 5673 3301 5749 scripserunt,
3329 5673 3494 5749 t_l_c_its

1913 5752 1984 5802 ita
2018 5742 2374 5805 ttiltilotttittus
2428 5742 2787 5804 contendunt.
2844 5755 2903 5799 ut
2938 5747 3023 5799 vix
3053 5742 3231 5797 unum
3263 5742 3495 5798 delinire

1910 5821 2139 5890 possint.
2174 5819 2641 5888 Quemadmodum
2666 5821 2730 5873 de
2755 5817 2918 5874 'l‘hasi
2956 5815 3198 5881 animali,
3232 5824 3286 5870 ct
3312 5815 3498 5871 colore
