3950 6460
1352 343 1943 436 TBADITIO
2030 346 2739 439 CATHOLICA.

1530 592 1954 656 SECULUM
1997 592 2067 656 V.
2106 593 2391 656 ANNUS
2427 562 2566 655 tos.

1669 825 2415 943 ELENCHUS

593 1093 1108 1160 AUCTOBUM
1137 1093 1259 1153 ET
1288 1091 1679 1153 OPERUM
1715 1092 1872 1167 QUI
1908 1092 2008 1151 IN
2041 1090 2153 1151 HC

1954 1092 2008 1151 η
2041 1090 2226 1151 Hoc
2261 1088 2521 1149 τοΜο
2553 1088 2793 1149 xun
2832 1090 3514 1165 mmmam.

951 1305 1069 1363 Qua:
1096 1300 1285 1354 steltula
1304 1306 1651 1363 pra’notanmr,
1675 1312 1733 1351 ea
1762 1312 1886 1348 nunc
1903 1298 2117 1360 primum
2149 1296 2271 1348 inter
2297 1300 2350 1349 S.
2384 1265 2643 1367 Epiphanii
2664 1299 2845 1363 scripta
2869 1307 3166 1363 comparent.

1705 1514 2438 1549 ψ

943 1697 1003 1755 S.
1054 1693 1535 1756 EPIPHANIUS
1576 1688 2247 1754 CONSTANTIENSIS
2287 1690 2369 1751 IN
2413 1690 2678 1753 ΕΥΡΙὶο
2726 1688 3203 1757 ΕΡΙΒΟΟΡΠΞ.¹

432 1860 772 1939 Dionysius
804 1860 1099 1921 Petavius
1129 1860 1397 1921 Lectori.
2712 1868 2713 1881 ‘
3659 1860 3698 1919 9

591 1994 857 2053 Scnmu
896 2007 1205 2054 GENUINA.

435 2118 805 2192 Ancoratus,
839 2134 918 2180 ex
950 2119 1230 2180 editione
1262 2115 1434 2180 card.
1465 2112 1788 2177 Thomasii
1824 2112 1891 2176 in
1922 2111 2198 2175 Institut.
2229 2111 2429 2175 theol.
3632 2111 3700 2175 ll

435 2219 526 2281 De
564 2222 873 2284 Mensuris
909 2229 971 2284 et
1002 2222 1426 2285 Ponderibus.
3589 2217 3702 2278 237

436 2319 523 2380 De
560 2322 899 2401 duodecim
932 2323 1195 2400 gemmis
1226 2340 1371 2402 quae
1404 2328 1581 2383 erant
1614 2321 1680 2382 in
1711 2328 1882 2383 veste
1919 2320 2205 2382 Aaronis.
2634 2380 2637 2385 ,
3592 2320 3709 2381 293

432 2420 468 2453 ⁸
494 2419 677 2484 Libri
708 2424 780 2485 de
812 2443 901 2485 ΧΠ
931 2427 1184 2503 gemmis
1210 2425 1415 2485 versio
1454 2425 1738 2503 antiqua,
1776 2441 1855 2482 ex
1885 2422 2157 2483 editione
2190 2422 2420 2481 Franc.
2454 2421 2745 2499 Foggini.
3594 2420 3710 2482 305

434 2526 469 2559 *ί
494 2532 940 2607 Fragmentum
979 2528 1058 2591 dc
1088 2529 1420 2590 adamante
1451 2545 1701 2605 gemma
1735 2526 1966 2590 summi
1998 2526 2413 2588 Hebraeorum
2447 2526 2806 2600 Pontiﬁcis,
2843 2542 2920 2587 ex
2950 2505 3411 2588 Tischendorﬁi

516 2634 881 2695 Anecdotis.

3222 2652 3231 2661 λ
3592 2628 3704 2689 371

438 2735 471 2769 ⁸
502 2739 594 2799 De
630 2740 787 2799 LXX
817 2736 1297 2816 Interprctibus,
1333 2753 1407 2797 ex
1439 2734 1899 2798 Montfauconii
1929 2734 2177 2812 Proleg.
2222 2736 2297 2796 ad
2330 2734 2615 2813 Hexapla
2642 2735 2946 2812 Origenis.
3592 2732 3711 2794 373

436 2840 716 2917 Epistola
745 2839 822 2900 ad
856 2842 1165 2901 Joannem
1199 2838 1855 2918 Hierosolymitanum
1886 2838 1955 2897 D.
1989 2837 2380 2916 Hieronymo
2414 2837 2783 2916 interprete.
3596 2834 3714 2896 379

439 2940 721 3020 Epistola
754 2940 832 3003 ad
868 2939 1356 3018 Hieronymum.
3598 2934 3709 2997 391

596 3071 797 3131 DUBIA
838 3088 964 3151 έλυτ
1000 3072 1260 3134 Spuma.

440 3199 527 3259 De
559 3195 714 3258 Vitis
741 3198 1203 3278 PrOphetarum
1238 3214 1592 3277 eorumque
1630 3197 1804 3259 obitu
1838 3214 1910 3261 ac
1947 3198 2296 3277 sepultura.
3460 3254 3461 3257 η
3600 3198 3721 3261 393

442 3303 474 3336 ⁸
505 3303 798 3382 Ejusdem
834 3304 978 3366 libri
1010 3310 1221 3366 textus
1254 3303 1409 3365 alter
1440 3320 1515 3365 ex
1547 3302 1892 3365 Anecdolis
1926 3303 2411 3367 Tischendortii.
3598 3304 3721 3366 415

442 3410 732 3471 Homilies
774 3416 1048 3488 septem.

2748 3464 2769 3485 .,
3592 3410 3710 3483 427

447 3514 770 3573 'l‘raclatus
797 3511 877 3572 de
911 3526 1324 3573 numerorum
1364 3509 1707 3588 mysteriis.
2536 3520 2539 3523 ‘
3603 3512 3715 3573 507

447 3616 892 3695 Physiologus.
3607 3618 3717 3680 517

448 3720 485 3753 "
509 3722 597 3781 De
625 3721 695 3782 S.
729 3720 1084 3801 Epiphanii
1123 3722 1412 3802 Liturgia
1455 3722 2129 3800 Prxsanctiﬁcatorum
2177 3721 2499 3803 (Liturgia
2540 3726 2701 3803 ipsa,
2737 3724 2837 3787 hic
2862 3724 3131 3803 fortuito
3171 3723 3422 3799 omissa,

526 3827 847 3887 invenitur
874 3827 956 3888 ad
990 3826 1217 3889 calcem
1246 3827 1630 3911 voluminis).
2172 3813 2177 3818 ’
3598 3826 3712 3888 533

450 3930 481 3958 ⁸
508 3930 791 3993 Precatio
823 3937 885 3993 et
932 3933 1335 3997 Exorcismus
1370 3934 1448 3996 ad
1486 3933 1887 3997 immundum
1933 3933 2225 4014 spiritum
2268 3932 2672 4015 ejiciendum,
2706 3949 2783 3995 ex
2812 3933 3048 3995 Yriartc
3087 3931 3273 3995 Catal.
3313 3932 3417 3993 Gr.

529 4036 754 4096 Malrit.
3603 4034 3713 4094 537

451 4141 789 4219 Appendix
820 4142 1367 4203 Dissertationum.
3605 4139 3721 4201 639

450 4243 657 4305 Index
692 4244 757 4304 in
787 4244 1136 4325 Epiphanii
1164 4248 1401 4325 scripta
1432 4249 1732 4326 genuina.
3608 4240 3717 4303 657

1556 4409 1880 4471 NONNUS
1928 4411 2613 4474 PANOPOLITANUS.

451 4570 701 4637 Notitia
730 4589 807 4631 ex
838 4569 1159 4631 Fabricio.
2130 4564 2135 4565 ί
3604 4579 3719 4641 665

455 4681 562 4740 Ex
597 4678 977 4755 Prw/atione
1010 4679 1256 4738 comitis
1288 4698 1326 4737 a
1353 4675 1656 4739 Marcello
1691 4676 1928 4739 Gallice
1963 4678 2299 4740 adornata.
3607 4683 3721 4745 679

455 4782 858 4861 Paraphrasis
880 4782 945 4844 in
964 4782 1371 4858 Evangelium
1403 4782 1755 4844 secundum
1789 4785 2119 4856 Joannem,
2156 4801 2231 4845 cx
2274 4784 2545 4847 Danielis
2577 4785 2819 4847 Heinsii
2852 4785 3207 4848 Aristarcho
3235 4800 3439 4847 sacro.
3606 4787 3722 4849 749

454 4890 740 4950 Danielis
766 4890 1019 4950 Heinsii
1050 4890 1132 4949 ad
1158 4889 1375 4950 Nonni
1403 4888 1842 4967 Paraphrasin
1870 4890 2409 4951 Exercitationes.
3606 4892 3717 4955 941

455 4993 975 5070 Dionysiacorum
1003 4997 1387 5071 Argumenta
1419 5012 1561 5056 cum
1593 4993 1965 5074 fragmentis
2000 4995 2349 5057 nonnullis.
3299 5022 3327 5053 κ
3571 4995 3717 5058 1227

460 5097 765 5161 Collectio
797 5104 859 5160 et
897 5099 1341 5179 interpretatio
1382 5100 1787 5166 historiarum
1819 5120 2086 5183 quarum
2117 5102 2410 5164 meminit
2440 5104 2503 5165 S.
2539 5103 2881 5179 Gregorius
2910 5102 3361 5166 Nazianzenus.
3569 5101 3721 5164 1283

2203 5660 2441 5674 ~—

2425 5704 2663 5760 Parisiis.
2700 5734 2765 5743 —-
2791 5705 2866 5758 Ex
2894 5704 3059 5774 'l‘ypis
3090 5704 3229 5759 J.—P.
3264 5704 3497 5761 MIGNE.
