3950 6414
472 404 542 461 ,ε
806 436 809 443 ,
1892 392 1951 450 s.
1983 390 2325 448 EPIPHANll
2922 396 2925 399 ‘
3674 404 3739 458 ns

474 522 722 594 quandiu
766 520 1007 576 secundo
1054 529 1218 574 vento
1272 518 1545 581 feruntur,
1599 516 1811 570 vicinos
1846 514 2051 569 littoris

2159 532 2282 579 σαν,
2314 514 2420 580 ἓως
2451 512 2550 585 μὲν
2570 515 2803 588 γαληνὸν
2826 517 3045 589 πνεῦμα
3065 517 3165 591 τὴν
3185 517 3315 573 ναῦν
3345 518 3532 581 ἰθύνει,
3564 530 3741 590 μικρά

474 624 665 685 [uirtus
698 628 890 682 parum
934 609 1226 664 admodum
1263 623 1463 663 curare
1495 606 1717 670 solent,
1742 603 1888 675 quod
1931 602 2051 658 sine

474 720 674 775 magno
698 705 883 758 labore
914 702 1189 773 navigium
1215 716 1377 755 suum
1400 698 1823 755 transmissuros
1845 712 1904 752 se
1930 708 2053 751 esse

476 796 773 851 confidant.
814 793 934 848 Mox
982 799 1163 847 autem
1208 800 1266 846 ut
1297 790 1612 845 contrarius
1671 803 1736 842 ac
1762 787 2054 843 vehemens

476 886 638 941 ﬂatus
689 888 942 957 ingruere
983 884 1245 955 cmperit,
1288 897 1400 953 quo
1430 882 1717 937 decumani
1764 874 1966 933 ﬂuctus
1997 879 2052 932 in

480 981 716 1036 sublime
761 978 1046 1042 tolluntur,
1092 984 1146 1031 et
1185 975 1342 1031 navis
1370 976 1487 1045 ipsa
1528 974 1902 1044 demergitur;
1939 979 2053 1024 tum

478 1074 698 1129 demum
729 1069 1008 1140 tranquilli
1037 1068 1343 1138 cuiuspiam
1385 1074 1576 1137 portus
1615 1064 1887 1121 desiderio
1921 1063 2051 1120 sub-

474 1165 676 1233 jeetam
734 1162 909 1217 oculis
962 1172 1163 1215 terram
1209 1160 1643 1229 circumquaque
1680 1155 2053 1227 prospiciunt;

478 1255 545 1308 ad
582 1269 745 1325 quam
775 1253 819 1309 si
845 1252 1115 1322 appellere
1152 1250 1537 1321 nequiverint,
1578 1249 1723 1320 quod
1758 1262 1926 1303 unum
1957 1260 2054 1300 su-

478 1353 682 1415 perest,
716 1344 781 1397 ad
808 1344 1044 1398 vicinam
1071 1342 1307 1411 aliquam
1334 1338 1648 1404 insulam,si
1685 1338 2056 1408 possint,sese

476 1438 813 1500 subducunt,
859 1442 914 1491 et
948 1435 1178 1490 salutem
1219 1447 1548 1504 quacunque
1578 1430 1792 1483 ratione
1821 1435 2054 1498 possunt

473 1528 789 1599 expediunt.
820 1526 901 1579 Ad
927 1526 1072 1581 illam
1110 1526 1277 1595 igitur
1306 1523 1646 1587 accedentes,
1676 1530 1729 1575 et
1753 1520 1820 1574 ad
1854 1519 2055 1589 promi-

474 1621 669 1668 nentes
707 1614 761 1666 in
794 1628 946 1667 mare
993 1613 1251 1681 scopulos
1281 1610 1579 1664 subeuntes
1606 1649 1619 1672 ,
1654 1623 1795 1677 mgre
1832 1607 2053 1661 tandem

474 1722 503 1759 a
553 1704 904 1760 circumfusis
962 1704 1221 1758 ﬂuctibus
1261 1710 1424 1773 atque
1482 1700 1844 1756 incommodis
1880 1715 2052 1755 emer-

474 1805 630 1866 gunt.
668 1795 808 1849 Idem
849 1803 902 1849 et
934 1795 1094 1850 nobis
1119 1836 1133 1860 ,
1183 1795 1435 1859 domine,
1471 1794 1631 1847 modo
1662 1792 1925 1863 contigit,
1961 1794 2053 1863 qui

2153 610 2263 663 τῶν
2286 610 2707 681 παρακειμένων
2732 612 2853 673 ταῖς
2875 609 3062 680 ὄχθαις
3077 610 3311 681 λιμένων
3334 612 3735 682 φροντίζουσιν,

2154 700 2389 772 οἰόμενοι
2439 702 2647 773 ἀκμητὶ
2702 701 3008 774 περαιῶσαι
3039 702 3103 755 τὸ
3134 702 3360 771 σκάφος.
3399 703 3649 756 Ἐπειδὰν
3678 702 3739 754 δὲ

2158 790 2398 846 ἐναντίον
2439 793 2534 846 καὶ
2568 791 2795 863 σφοδρὸν
2823 792 3106 865 ἐμπνεύσῃ
3141 791 3380 862 πνεῦμα,
3414 792 3514 855 τὰς
3543 809 3736 863 τρικυ-

2159 884 2289 955 μίας
2325 884 2403 955 (3)
2438 885 2516 945 εἰς
2546 882 2680 953 ὕψος
2708 883 2932 953 ἐπαῖρον
2963 881 3247 946 πάντοθεν,
3285 882 3382 936 καὶ⁵
3409 881 3737 953 περικλύζον

2156 977 2257 1048 τὴν
2283 974 2434 1040 ναῦν,
2460 976 2581 1029 τότε
2605 975 2669 1046 δὴ
2689 975 2779 1028 τὸν
2802 973 2975 1027 εὖδιον
2996 973 3383 1037 ἐπιποθοῦντες
3402 974 3617 1045 λιμένα,
3641 976 3738 1027 καὶ

2157 1070 2339 1121 πᾶσαν
2358 1068 2457 1138 τὴν
2486 1066 2853 1138 ὑποκειμένην
2873 1068 3098 1138 ἤπειρον
3121 1066 3604 1138 περισκοποῦντες,
3633 1085 3739 1137 μη-

2155 1155 2330 1227 δαμοῦ
2374 1156 2431 1209 δὲ
2462 1155 2852 1227 ἐνορμίσασθαι
2884 1155 3234 1226 δυνηθέντες,
3270 1155 3455 1210 λοιπὸν
3501 1158 3593 1210 ἐπὶ
3640 1157 3740 1227 τὴν

2159 1247 2384 1318 πλησίον
2424 1248 2705 1319 κειμένην,
2743 1248 2808 1302 ἂν
2850 1248 2991 1301 οὕτω
3021 1247 3179 1318 τύχῃ,
3214 1248 3376 1317 νῆσον
3414 1249 3735 1319 ἀπαίρουσι,

2158 1339 2322 1393 παντὶ
2347 1340 2533 1411 τρόπῳ
2554 1340 2653 1411 τὴν
2683 1339 2956 1410 σωτηρίαν
2986 1338 3169 1401 αὐτοῖς
3196 1328 3564 1410 ποριζόμενοι.
3592 1338 3737 1390 Tati.

2156 1448 2221 1501 τῃ
2267 1448 2327 1483 τε
2372 1430 2793 1500 πλησιάσαντες,
2830 1430 2924 1482 καὶ
2957 1429 3064 1482 ὑπὸ
3091 1430 3191 1500 τὴν
3218 1428 3425 1499 σκέπην
3452 1428 3562 1481 τῶν
3598 1446 3736 1498 προ-

2156 1522 2506 1593 ϐεϐλημένων
2536 1520 2945 1584 ὑπεισελθόντες
2976 1520 3367 1592 ἀκρωτηρίων,
3418 1519 3570 1590 μόλις
3606 1521 3737 1573 ποτὲ

2155 1614 2264 1668 τῶν
2292 1614 2755 1685 περιαντλούντων
2780 1612 2966 1667 κακῶν
2990 1611 3371 1681 ἀπαλλαγῆναι
3396 1611 3735 1683 δεδύνηνται.

2156 1708 2267 1761 Καὶ
2318 1708 2478 1779 ἡμεῖς
2518 1706 2672 1760 αὐτοὶ
2710 1705 2780 1758 τὰ
2824 1704 2940 1769 νῦν,
2975 1698 3020 1757 ὦ
3051 1704 3305 1767 δέσποτα,
3341 1705 3432 1758 τὸν
3466 1706 3739 1774 σωτήριον

2156 1798 2250 1853 τοῦ
2280 1798 2414 1852 Θεοῦ
2442 1798 2596 1867 λόγον
2624 1801 3042 1871 κατηχούμενοι,
3066 1797 3158 1854 τοῦ
3190 1817 3248 1851 τε
3278 1797 3542 1866 κοσμικοῦ
3570 1798 3738 1852 σάλου

476 1887 703 1941 salutari
736 1885 828 1940 Dei
860 1886 1029 1941 verbo
1062 1884 1322 1947 instituti,
1352 1892 1405 1939 et
1447 1900 1477 1939 a
1510 1884 1697 1939 mundi
1732 1892 2052 1954 tempestate

2159 1892 2384 1954 ἑαυτοὺς
2405 1890 2709 1957 ἀπαλλάξαι
2732 1891 3068 1961 βουλόμενοι,
3096 1890 3189 1942 καί
3211 1891 3289 1951 εἰς
3312 1890 3404 1941 τὸν
3435 1890 3738 1943 ἀσάλευτον

475 1994 539 2033 ac
562 1979 858 2049 jactatione
893 1978 1140 2040 liberari,
1174 1984 1338 2046 atque
1376 1976 1442 2030 ad
1489 1976 1844 2046 tranquillum
1888 1976 2046 2046 quie-

472 2078 703 2139 tumque
734 2070 937 2125 Christi
968 2077 1181 2139 portum
1215 2068 1473 2138 scapham
1511 2078 1754 2121 nostram
1782 2067 2056 2136 applicare

471 2163 775 2231 cupientes,
842 2161 1029 2217 nescio
1061 2176 1199 2230 quas
1251 2161 1442 2215 inanes
1497 2167 1551 2213 et
1599 2158 1889 2225 absurdas,
1935 2174 2056 2213 meo

472 2254 691 2322 quidem
716 2252 927 2319 judicio
948 2293 962 2317 ,
990 2252 1321 2321 quaestiones
1358 2266 1387 2303 a
1431 2251 1710 2304 nonnullis
1750 2250 1817 2304 de
1845 2249 2054 2319 Spiritu

470 2351 664 2399 sancto
681 2342 1012 2396 commoveri
1045 2342 1457 2412 perspeximus:
1495 2355 1655 2409 quem
1680 2340 1753 2393 illi
1793 2348 2056 2410 negarent

470 2450 595 2488 eum
630 2433 915 2487 divinitate
958 2430 1353 2500 dominatuque
1408 2431 1578 2500 gloria
1630 2429 1793 2485 simul
1821 2427 1958 2483 allici
1990 2443 2055 2482 ac

473 2523 759 2594 praedicari
785 2529 1058 2593 oportere,
1083 2521 1176 2577 sed
1215 2522 1271 2574 in
1298 2521 1535 2576 ministri
1580 2522 1829 2576 nuntiive
1866 2521 2053 2575 haberi

471 2617 617 2681 loco,
664 2616 772 2669 imo
808 2629 938 2669 vero
972 2613 1234 2669 humilius
1266 2612 1471 2682 aliquid
1505 2612 1572 2667 de
1607 2614 1725 2683 ipso
1752 2613 2053 2682 abiectius-

473 2724 580 2778 qne
630 2708 917 2762 sentirent.
952 2706 1166 2771 Quibus
1200 2706 1267 2761 de
1301 2706 1487 2761 causis
1540 2705 1618 2759 sic
1666 2712 1924 2773 tanquam
1972 2704 2057 2756 in-

473 2794 746 2849 constanti
776 2794 1075 2863 jactatione
1102 2809 1165 2848 ac
1191 2793 1395 2847 difficili
1433 2800 1756 2865 tempestate
1788 2793 2058 2848 ﬂuctuan-

474 2896 579 2952 tcs,
600 2901 724 2941 cum
758 2887 1031 2941 neminem
1062 2885 1152 2940 hic
1182 2886 1248 2940 ad
1276 2901 1370 2940 eas
1397 2885 1775 2941 dissolvendas
1797 2887 2054 2956 quaestio-

473 2994 572 3033 nes
616 2993 679 3031 ac
707 2993 893 3033 sanam
927 2977 1096 3032 fidem
1122 2977 1501 3047 exponendam
1532 2978 1785 3032 idoneum
1818 2980 2059 3049 reperire

471 3070 772 3140 possimus,
806 3069 872 3123 ad
924 3069 1180 3139 pietatem
1214 3075 1361 3121 tuam
1392 3069 1459 3123 de
1504 3068 1608 3122 hoc
1640 3069 1857 3139 negotio
1890 3068 1947 3140 4
1976 3084 2059 3124 re-

467 3164 616 3217 ferre
643 3162 820 3216 coacti
860 3161 1086 3227 fuimus,
1118 3161 1313 3216 merito
1339 3167 1397 3213 ut
1427 3168 1480 3215 et
1509 3161 1655 3215 illam
1683 3176 1871 3216 vocem
1898 3176 2058 3215 usur-

468 3269 600 3324 pare
617 3254 893 3323 possimus
921 3272 936 3308 :
970 3250 1294 3322 Prwceptor,
1328 3269 1477 3306 serva
1501 3268 1593 3305 nos
1616 3252 1659 3305 ¹.
1681 3249 2048 3317 Quamobrem
2079 3240 2122 3298 C

470 3343 526 3398 id
559 3359 659 3413 pro
683 3345 897 3398 sincera
930 3351 1023 3395 tua
1051 3357 1114 3396 ac
1143 3350 1292 3396 recta
1322 3342 1425 3396 fide
1457 3358 1485 3395 a
1516 3350 1571 3396 te
1602 3342 1859 3410 petimus,
1887 3354 2051 3409 quam

470 3432 713 3487 secunda
759 3432 871 3500 jam
916 3430 1122 3484 dudum
1159 3430 1303 3484 fama
1348 3438 1401 3484 et
1450 3431 1774 3485 idoneorum
1806 3429 2051 3483 virorum

452 3523 785 3578 ~testimonia
838 3521 1045 3591 passim
1103 3522 1418 3585 celebrant,
1461 3530 1519 3575 ut
1567 3521 1633 3574 ad
1669 3521 1817 3591 quod
1851 3535 2053 3575 munus

471 3613 784 3669 obeundum
817 3628 846 3667 a
872 3611 1157 3667 Salvatore
1175 3613 1508 3668 constitutus
1531 3628 1611 3677 es,
1632 3612 1774 3666 hanc
1807 3620 2052 3667 nostram

452 3706 838 3760 iiortationem
882 3704 1197 3759 humaniter
1235 3704 1556 3769 admittere,
1596 3712 1651 3759 et
1682 3704 1813 3774 quid
1840 3704 1908 3758 de
1929 3704 2055 3757 Tri-

472 3797 644 3851 nitate
683 3797 756 3852 sit
784 3795 1119 3852 credendum
1141 3835 1155 3861 ,
1211 3797 1385 3852 sacris
1413 3796 1525 3851 tuis
1580 3795 2057 3851 lucubrationibus

469 3887 699 3943 uberius
742 3888 877 3944 velis
915 3888 1269 3958 apertiusque
1313 3888 1622 3954 disserere,
1651 3901 1883 3957 eamque
1930 3888 2055 3943 fidei

479 3979 766 4036 formulam
802 3982 869 4036 ad
896 3996 998 4036 nos
1026 3980 1273 4046 mittere,
1302 3988 1362 4034 ut
1389 3978 1509 4049 ejus
1540 3978 1804 4035 beneﬁcio
1852 3979 2057 4034 confir-

473 4072 625 4135 mati,
668 4073 779 4127 voti
830 4073 934 4143 ipsi
968 4082 1251 4143 compotes
1283 4070 1593 4127 efficiamur
1615 4112 1631 4137 ,
1676 4085 1738 4125 ac
1770 4086 1896 4125 cum
1931 4071 2050 4137 illi,

464 4163 695 4234 qui'jam
738 4164 943 4221 dudum
986 4165 1040 4218 in
1072 4180 1134 4221 ea
1166 4166 1362 4235 pietate
1390 4173 1765 4234 perseverant,
1795 4163 2049 4235 volupta-

2157 1983 2252 2036 τοῦ
2286 1983 2523 2055 Χριστοῦ
2562 1983 2757 2055 λιμένα
2793 1983 2854 2036 τὸ
2884 1982 3091 2053 σκάφος
3118 1981 3276 2051 ἡμῶν
3302 1981 3581 2035 εἰσελάσαι
3611 1982 3739 2051 βου-

2156 2075 2393 2145 λόμενοι,
2434 2075 2621 2147 ἐπειδὴ
2652 2075 2814 2137 κενάς
2846 2090 2997 2136 τινας
3033 2074 3127 2126 καὶ
3158 2072 3403 2140 ἀλόγους,
3430 2071 3505 2135 ὣς
3534 2074 3601 2141 γέ
3644 2090 3740 2142 μοι

2155 2165 2321 2228 δοκεῖ,
2358 2165 2485 2236 περὶ
2520 2164 2613 2218 τοῦ
2659 2165 2814 2235 ἀγίου
2854 2163 3173 2233 Πνεύματος
3206 2163 3531 2233 κινουμένας
3572 2161 3741 2234 ζητή-

2158 2275 2271 2322 σεις
2300 2259 2449 2328 παρά
2478 2275 2639 2311 τινων
2667 2258 2913 2329 ἔγνωμεν
2934 2297 2949 2320 ,
2985 2256 3299 2326 φασκόντων
3332 2255 3407 2326 μὴ
3437 2256 3547 2307 δεῖν
3579 2255 3743 2308 τοῦτο

2155 2351 2221 2419 τῇ
2255 2348 2467 2418 θεότητι
2525 2349 2620 2401 καὶ
2647 2351 2713 2419 τῇ
2753 2349 3036 2420 κυριότητι
3070 2337 3509 2410 συνδοξάζεσθαι,
3542 2346 3657 2400 ἀλλ’
3680 2347 3742 2400 ἐν

2156 2439 2430 2511 ὑπηρέτου
2471 2440 2564 2493 καὶ
2583 2439 2878 2492 ἀποστόλου
2904 2437 3159 2509 τετάχθαι
3190 2440 3447 2509 σχήματι,
3478 2438 3573 2490 καὶ
3599 2454 3742 2506 φαυ-

2154 2530 2272 2584 λοτέ
2280 2547 2379 2603 ρας
2399 2530 2493 2584 καὶ
2508 2530 2891 2601 ταπεινοτέρας
2910 2529 3007 2594 τὰς
3026 2530 3152 2600 περὶ
3167 2528 3331 2581 αὐτοῦ
3350 2526 3505 2593 δόξας
3520 2529 3744 2599 διαλαμ-

2156 2623 2398 2677 ϐάνουσι·
2414 2623 2500 2676 διὰ
2514 2622 2673 2676 τοῦτο
2686 2622 2873 2694 ὥσπερ
2889 2622 2946 2674 ἐν
2965 2621 3183 2692 ἀστάτῳ
3227 2622 3373 2691 σάλῳ
3402 2621 3495 2673 καὶ
3516 2621 3745 2691 χαλεπῷ

2156 2710 2384 2763 κλύδωνι
2403 2711 2772 2782 συσχεθέντες,
2796 2712 3000 2782 μηδένα
3024 2712 3131 2765 τῶν
3153 2711 3281 2783 παρ’
3302 2712 3434 2781 ⁴ἡμῖν
3456 2712 3639 2765 ἰκανὸν
3658 2713 3746 2765 εὑ-

2158 2802 2272 2871 ρεῖν
2286 2800 2603 2870 δυνηθέντες
2618 2800 2934 2854 διαλύσοντα
2955 2802 3023 2854 τὰ
3042 2800 3366 2871 ζητούμενα,
3386 2802 3479 2855 καί
3496 2800 3593 2872 τὴν
3612 2802 3744 2874 ὑγιῆ

2159 2889 2344 2942 πίστιν
2369 2891 2501 2960 ἡμῖν
2540 2889 2795 2942 ἐκθέσθαι
2830 2890 3146 2960 δυνάμενον,
3190 2891 3282 2941 ἐπὶ
3309 2889 3406 2960 τὴν
3434 2887 3531 2958 σὴν
3556 2886 3743 2940 θεοσέ-

2158 2981 2308 3034 ϐειαν
2340 2980 2628 3050 ἀνενέγκαι
2656 2980 2716 3033 τὸ
2746 2982 2977 3051 πρᾶγμα
3005 2978 3241 3051 ἠπείχθη
3252 2996 3371 3049 μεν,
3412 2980 3511 3049 τὴν
3554 2979 3745 3051 φωνὴν

2156 3070 2359 3141 ταύτην
2385 3071 2611 3134 εἰκότως
2643 3072 2737 3124 καὶ
2769 3072 2921 3123 αὐτοὶ
2949 3070 3196 3139 ἀφέντες·
3242 3070 3587 3133 Ἐπιστάτα,
3622 3072 3747 3125 σῶ-

2157 3173 2293 3215 σον.
2328 3161 2572 3231 Δεόμεθα
2618 3156 2715 3214 οῦν
2759 3162 2857 3231 τῆς
2900 3161 3267 3232 ἀνυποκρίτου
3314 3178 3407 3213 σου
3450 3162 3545 3215 καὶ
3573 3161 3745 3232 ὀρθῆς

2156 3260 2409 3326 πίστεως,
2437 3260 2503 3330 ἢν
2537 3256 2887 3331 προλαϐοῦσα
2918 3257 3096 3329 ἀγαθὴ
3128 3259 3281 3330 φήμη
3311 3259 3405 3311 καὶ
3462 3258 3745 3329 μάρτυρες

2157 3352 2461 3416 ἀξιόπιστοι
2528 3348 2864 3422 μαρτυροῦσι
2931 3350 3024 3403 καὶ
3067 3348 3542 3420 ἀνακηρύττουσι,
3600 3366 3739 3403 κατ-

2155 3444 2386 3508 αξιῶσαι
2417 3444 2495 3504 εἰς
2523 3441 2681 3494 τοῦτο
2712 3440 2864 3511 παρά
2881 3440 2973 3493 τοῦ
2996 3440 3245 3511 Σωτῆρος
3266 3439 3615 3509 τεταγμένος,
3642 3438 3746 3492 ἀν-

2156 3533 2425 3599 εξικάκως
2452 3533 2552 3602 τὴν
2584 3532 2929 3604 παράκλησιν
2957 3531 3115 3602 ἡμῶν
3139 3531 3414 3596 δέξασθαι,
3455 3533 3548 3585 καὶ
3583 3531 3748 3603 Θελῆο

2159 3642 2247 3678 σαι
2278 3626 2442 3696 ἱεροῖς
2474 3625 2870 3694 συγγράμμασι
2893 3623 2980 3677 διὰ.
3006 3622 3338 3694 πλατυτέρου
3361 3624 3454 3676 καὶ
3478 3623 3746 3691 σαφεστέ-

2162 3731 2255 3784 ρου
2289 3712 2625 3784 διηγήματος
2651 3712 2748 3784 τὴν
2779 3712 2879 3783 τῆς
2913 3713 3074 3781 ἁγίας
3109 3712 3338 3784 Τριάδος
3361 3710 3613 3765 ἐκθέσθαι
3643 3711 3745 3763 πί-

2160 3820 2297 3867 στιν,
2324 3804 2415 3855 καὶ
2436 3802 2641 3873 ταύτην
2671 3804 2802 3873 ἡμῖν
2831 3801 3169 3863 ἀποστεῖλαι,
3207 3801 3344 3872 πρὸς
3370 3800 3431 3853 τὸ
3471 3801 3564 3852 καὶ
3585 3800 3743 3869 ἡμᾶς

2157 3893 2214 3945 ἐν
2251 3889 2425 3962 ταύτῃ
2474 3890 2870 3961 βεϐαιωθέντας
2904 3891 3087 3960 τυχεῖν
3122 3888 3230 3941 τῶν
3264 3887 3740 3957 σπουδαζομένων,

2159 3987 2253 4038 καὶ
2280 3986 2405 4047 τοὺς
2430 3984 2531 4055 ἤδη
2558 3985 2616 4037 ἐν
2642 3984 2777 4054 αὐτῇ
2806 3982 3174 4052 εὐσεὸηκότας
3202 3980 3614 4051 ἀγαλλιαθῆναι,
3640 3980 3744 4031 καὶ

2158 4080 2283 4141 τοὺς
2314 4076 2735 4147 σφαλλομένους,
2756 4077 2806 4129 εἰ
2833 4074 3078 4140 δυνατὸν,
3103 4072 3340 4143 ἰαθῆναι,
3366 4073 3460 4126 καὶ
3489 4070 3579 4123 τὸν
3601 4067 3743 4123 Θεὸν

2158 4170 2215 4222 ἐν
2248 4170 2382 4222 πᾶσι
2404 4165 2747 4238 δοξασθεῖψαι.
3642 4168 3646 4173 ’

470 4264 580 4313 tem
616 4271 831 4327 capere,
860 4265 987 4311 tum
1020 4257 1112 4327 qui
1153 4257 1448 4325 aberrant,
1476 4258 1757 4314 meliorem
1792 4254 1860 4312 ad
1888 4266 2124 4317 mentem
2162 4261 2428 4326 revocari,
2466 4274 2531 4315 ac
2582 4258 2727 4316 Deus
2784 4258 3022 4329 denique
3087 4254 3375 4328 praedicari
3432 4253 3487 4308 in
3555 4251 3744 4308 omni-

464 4350 576 4407 bus
608 4358 664 4406 et
702 4351 967 4406 celebrari
1004 4351 1199 4420 possit.

546 4526 719 4581 "Luc.
752 4540 875 4581 vm.
897 4525 1007 4594 9.4;
1043 4525 1238 4581 Matth.
1277 4543 1394 4593 vm,
1425 4526 1516 4582 25.

474 4680 737 4750 inscripta
764 4689 849 4735 est
872 4680 1365 4749 Πολιτευομένοις
1399 4683 1755 4748 Κολωνείας,
1784 4684 2048 4737 senatori-

2159 4683 2296 4737 lasse
2320 4680 2555 4735 videtur.
2586 4676 2884 4750 PETMIIUS.

475 4753 570 4821 bus
600 4768 676 4821 ac_
692 4751 1007 4821 duumviris.
1041 4751 1117 4804 lta
1150 4753 1202 4821 in
1234 4751 1491 4807 Chalced.
1528 4761 1795 4821 syn.,act.
1824 4754 1942 4821 5,in
1974 4755 2043 4808 li-

474 4820 617 4892 bello
646 4818 937 4890 Sophronii
966 4828 1158 4892 contra
1181 4819 1521 4876 Dioscorum.
1549 4818 1923 4892 Ubi’queritur
1951 4824 2046 4877 So-

468 4890 740 4964 phronias
774 4905 1000 4964 uxorem
1032 4891 1136 4945 sibi
1168 4899 1409 4964 ereptam
1431 4890 1913 4964 nepam—impleo
1946 4893 2043 4945 τοῦ

474 4957 889 5031 πολιτευομένου
929 4960 1029 5030 τῆς
1075 4957 1317 5031 μεγάλης
1370 4957 1809 5031 Ἀλεξανδρείαςξ
1846 4962 2042 5017 Verum

476 5027 582 5100 hoc
619 5027 744 5100 loco
781 5027 1113 5100 senatorem,
1157 5027 1561 5100 aut'ejusmodi
1597 5027 1803 5100 aliquid
1830 5039 2045 5086 vertere

477 5097 679 5169 religio
704 5098 903 5161 fuerat,
934 5099 1079 5166 quod
1120 5114 1187 5153 ex
1231 5097 1501 5169 rescripto
1530 5097 1815 5169 Epiplianii
1861 5114 2048 5153 mona-

2230 4751 2384 4805 Hanc
2414 4747 2729 4827 doctissimi.
2742 4744 2958 4800 Petavii
2987 4740 3737 4827 opinionem.approbavis‘se

2152 4817 2852 4944 constastB‘Tillemontium,
2904 4805 3066 4887 quem
3117 4813 3242 4870 vide
3273 4811 3346 4867 Η.
3372 4805 3446 4866 Ἑ.
3489 4820 3619 4866 tom.
3654 4805 3731 4871 Χ,

2154 4907 2279 4944 nae.
2423 4935 2433 4944 .

2154 4907 2279 4962 pag.
2312 4907 2433 4962 sua.

2225 4949 2301 5024 (5)
2347 4958 2458 5023 Τὰς
2490 4957 2823 5026 τρικυμίας.
2849 4952 3127 5026 Τρικυμία
3158 4952 3376 5026 proprie
3411 4949 3609 5020 triplex
3632 4964 3735 5026 tin-

2150 5020 2334 5085 da‘vel
2366 5020 2600 5091 ﬂuctus,
2634 5020 2727 5080 a'ut
2756 5020 2921 5079 trium
2958 5020 3230 5078 undarum
3264 5020 3324 5076 in
3360 5020 3733 5091 unamAcolle-

2147 5102 2279 5155 ctio.
2324 5102 2368 5151 A
2405 5088 2617 5152 Latinis
2652 5096 2993 5150 decumanus
3024 5094 3139 5150 sive
3169 5093 3494 5149 decimanus
3527 5088 3732 5144 ﬂuctus

473 5162 640 5239 chain
668 5167 816 5221 hunc
847 5162 971 5222 esse
997 5181 1312 5239 cognoram.
1350 5162 1511 5239 Nunc
1541 5162 1807 5233 o'cc'urrit,
1843 5184 1911 5224 ex
1950 5184 2050 5223 cu-
2150 5168 2474 5239 appellatus,
2509 5164 2657 5238 quod
2689 5166 2937 5220 omnium
2966 5164 3264 5220 maximum
3311 5162 3464 5218 illum
3506 5168 3733 5230 reputa-

475 5235 597 5308 rjali
627 5244 680 5308 et
713 5244 964 5308 senatore
998 5235 1118 5289 vitae
1147 5252 1320 5306 genus
1344 5238 1479 5295 illud
1512 5239 1765 5308 amplecti
1800 5240 2049 5306 potuisse
2148 5235 2349 5295 verint.

472 5303 802 5361 valladium.
850 5305 1030 5372 Quare
1067 5303 1377 5362 senatorem
1420 5317 1513 5364 aut
1560 5303 1825 5363 curialeui
1861 5311 2048 5379 appel-
