3950 6412
305 304 369 358 I7

1722 317 2165 379 ANCORATUS.

3510 313 3570 368 l8

886 687 1385 745 ΔΝἸἘΠΙΣΤΟΔΗ
1426 688 1824 744 ΠΕΜΦΘΕΙΣΑ
1865 687 2044 744 ΠΡΟΣ
2073 689 2354 745 ΑΥΤΟΥΣ
2389 690 2574 745 ΠΑΡΑ
2610 691 2750 747 ΤΟΥ
2783 691 2989 748 ΛΓΙΟΥ

707 863 746 880 ρ

1625 853 2255 943 ΕΠΙΦΑΝΙΟΥ

343 1036 504 1106 Ἦτις
533 1040 635 1096 καί
667 1039 890 1098 πᾶσαν
920 1041 1036 1112 τὴν
1066 1039 1198 1111 περι
1238 1039 1343 1110 τῆς
1375 1039 1538 1107 θείας
1575 1040 1838 1107 πίστεως
1883 1037 2310 1107 διδασκαλίαν,
2345 1039 2427 1110 ἢν
2455 1041 2787 1111 ᾐτήσαντο,
2819 1041 2890 1097 ἐν
2919 1040 3106 1112 ἑαυτῇ
3133 1039 3541 1114 διαλαμϐάνει.

1167 1290 1265 1382 S.
1342 1289 1990 1381 EPIPHANII
2070 1283 2670 1380 EPISTOLA

1399 1496 1504 1547 QUA
1539 1496 1922 1540 SUPERIORIBUS
1963 1495 2104 1538 ιιιιε
2145 1495 2480 1546 RESPONDE'I‘,

799 1642 960 1702 Tum
997 1640 1355 1704 universam
1394 1640 1541 1720 ﬁdei
1569 1639 1950 1714 doctrinam,
1983 1637 2151 1719 quod
2183 1637 2286 1700 illi
2312 1636 2745 1717 postularant,
2783 1634 3065 1716 exponit.

349 1913 474 1979 Τοῖς
517 1915 742 1987 κυρίοις
785 1917 883 1970 καὶ
919 1918 1267 1989 τιμιωτάτοις
1326 1935 1430 1990 μου
1487 1919 1738 1991 ἀδελφοῖς
1777 1919 1872 1974 καὶ

2049 1915 2101 1988 5
2125 1914 2371 1972 Dominis
2396 1927 2462 1969 ac
2485 1908 2806 1969 reverendis
2846 1907 3116 1966 fratribus
3151 1913 3208 1965 et
3243 1902 3581 1981 presbyteris

283 2007 705 2081 ⁴πρεσϐυτέροις,
735 2007 982 2080 Ματιδίῳ
1026 2009 1124 2064 καὶ
1166 2009 1420 2083 Ταρσίνῳ
1441 2011 1536 2065 καὶ
1555 2010 1870 2083 Νουμερίῳ,

286 2098 381 2152 καὶ
410 2096 620 2163 λοιποῖς
650 2099 790 2154 πᾶσι
825 2101 939 2164 τοῖς
974 2101 1071 2154 σὺν
1098 2101 1250 2172 ὑμῖν,
1289 2101 1383 2156 καὶ
1411 2105 1526 2167 τοῖς
1562 2102 1877 2158 ποθεινοτά-

283 2205 397 2252 τοις
424 2188 638 2256 τέκνοις
687 2192 722 2261 ή
732 2191 869 2262 μῶν,
892 2190 1174 2263 Παλλαδίῳ
1205 2192 1300 2246 καὶ
1326 2193 1627 2266 Σεὸηρίνῳ,
1652 2196 1766 2259 τοῖς
1785 2194 1878 2249 τὸν

283 2279 488 2349 ἀγαθὸν
533 2281 696 2353 ζῆλον
726 2281 1050 2351 ἐζηλωκόσι,
1089 2285 1183 2340 καὶ
1217 2285 1310 2339 τὸν
1349 2287 1619 2358 μακάριον
1661 2287 1755 2341 καὶ
1779 2304 1877 2341 πε-

291 2369 585 2442 ριπόθητον
619 2370 735 2442 βίον
788 2373 1003 2438 ἑαυτοῖς
1041 2373 1318 2446 ἑλομένοις
1357 2374 1640 2448 ὀρθοδόξου
1679 2394 1740 2430 τε
1787 2376 1878 2431 πί-

286 2475 460 2526 στεως
485 2463 581 2518 καὶ
627 2463 839 2529 τελείας
869 2465 1344 2535 συγκαταθέσεως,
1377 2469 1492 2530 τοῖς
1517 2467 1580 2520 τὸ
1603 2466 1757 2540 παρὰ
1779 2466 1875 2522 τοῦ

284 2553 544 2625 Σιιηῆρος
576 2555 866 2627 εἰρημένον
894 2555 1184 2628 πληροῦσι,
1217 2557 1302 2624 τὸ,
1333 2560 1404 2612 El
1426 2557 1622 2625 θέλεις
1646 2559 1876 2626 τέλειος

282 2639 462 2710 εῖναι,
497 2645 788 2717 πώλησόν
814 2662 932 2702 σου
962 2649 1034 2703 τὰ
1055 2647 1433 2720 ὑπάρχοντα,
1466 2649 1567 2703 καί
1591 2648 1698 2716 δὸς
1720 2666 1875 2704 πτω-

287 2735 440 2804 χοῖς·
472 2737 566 2790 καὶ
594 2737 676 2802 τὸ,
717 2737 1032 2794 Ἐπώλουν
1051 2740 1123 2796 τὰ
1144 2741 1499 2812 ὑπάρχοντα
1525 2741 1744 2809 αὐτῶν,
1773 2742 1874 2797 καί

285 2829 573 2884 ἐτίθεσαν
602 2829 763 2900 παρὰ
799 2831 941 2899 τοὺς
977 2831 1168 2900 πόδας
1210 2833 1330 2889 τῶν
1363 2835 1744 2890 ἀποστόλων
1780 2837 1876 2891 καὶ

285 2916 389 2971 ὅσα
421 2920 532 2972 εἰσὶ
559 2920 750 2991 καίρια
785 2923 878 2976 καὶ
915 2922 1246 2992 ἀγαθώτατα
1281 2929 1400 2991 ταῖς
1441 2926 1650 2982 ἑαυτῶν
1676 2927 1876 3000 ψυχαῖς

287 3009 757 3082 προστιθεμένοις·
801 3013 1118 3084 Ἐπιφάνιος
1141 3017 1169 3070 ὁ
1201 3015 1485 3089 ἐλάχιστος
1513 3018 1624 3074 τῶν
1652 3021 1877 3074 ἐπισκό-

287 3119 427 3168 πων,
459 3103 555 3157 καὶ
583 3105 631 3156 οί
664 3105 762 3158 σὺν
791 3106 915 3176 ἐμοὶ
949 3105 1188 3177 ἀδελφοὶ,
1215 3109 1273 3162 ὲν
1289 3110 1479 3182 Κυρίῳ
1495 3110 1614 3183 Θεῷ
1637 3112 1870 3184 χαίρειν.

356 3195 438 3252 Α’.
468 3195 605 3267 Ἤδη
637 3195 737 3266 μὲν
756 3193 852 3251 οὖν
887 3198 1257 3272 μακαρίσαιμι
1280 3201 1346 3256 ἂν
1375 3203 1587 3268 ἑαυτὸν,
1628 3203 1874 3260 ποθεινό-

1981 2008 2230 2076 Matidio,
2262 2006 2502 2063 Tarsino
2532 2013 2588 2061 et
2627 2001 2914 2071 Numerio,
2965 2015 3030 2057 ac
3063 2001 3278 2058 caeteris
3310 2001 3404 2073 qui
3435 2001 3581 2073 apud

1979 2115 2080 2158 vos
2108 2107 2240 2158 sunt
2275 2098 2558 2165 omnibus,
2609 2110 2827 2153 necnon
2859 2104 2914 2152 et
2940 2093 3290 2151 cbarissimis
3324 2093 3452 2150 filiis
3489 2108 3584 2149 no-

1982 2197 2113 2255 stris
2146 2194 2396 2252 Palladio
2421 2202 2476 2252 et
2507 2193 2790 2259 Severino,
2819 2191 2914 2263 qui
2943 2199 2999 2248 et
3052 2190 3312 2247 laudabili
3339 2189 3581 2262 quodam

1981 2288 2202 2359 pietatis
2230 2286 2429 2342 ardore
2457 2283 2712 2356 flagrant,
2747 2289 2804 2338 et
2828 2281 3048 2337 beatum
3086 2289 3250 2351 atque
3275 2279 3577 2350 optandum

1979 2380 2106 2436 vitae
2135 2394 2308 2451 genus
2339 2375 2578 2448 amplexi
2613 2383 2745 2431 sunt
2772 2388 2898 2429 cum
2921 2378 3073 2428 recta
3104 2370 3210 2428 ﬁde
3241 2385 3306 2426 ac
3336 2371 3579 2442 perfecta

1980 2485 2110 2526 cum
2139 2468 2388 2526 Ecclesia
2416 2466 2785 2523 consensione
2828 2462 3188 2534 coniunctum
3210 2479 3226 2531 ;
3250 2462 3455 2534 quique
3488 2463 3577 2518 in-

1980 2577 2150 2632 super
2201 2560 2331 2617 huic
2379 2554 2688 2613 Salvatoris
2742 2553 3033 2611 sententiae
3080 2566 3291 2608 morem
3327 2559 3572 2625 gerunt:

1981 2653 2043 2712 Si
2066 2656 2141 2710 vis
2166 2652 2428 2724 perfectus
2463 2667 2597 2715 esse,
2630 2647 2791 2704 aende
2819 2663 2936 2719 qua:
2963 2645 3142 2712 habes,
3161 2653 3211 2700 et
3239 2644 3310 2699 da
3328 2645 3579 2714 pauperi-

1981 2747 2076 2802 bus
2111 2747 2132 2779 ¹
2170 2765 2186 2815 ;
2223 2743 2634 2814 cujusmodiesl
2666 2749 2722 2798 et
2747 2739 2884 2796 illud
2919 2756 2935 2795 :
2975 2737 3434 2795 Vendebantbona
3453 2753 3578 2805 sua,

1980 2845 2032 2891 et
2069 2833 2400 2904 deponebant
2423 2833 2491 2887 ad
2521 2830 2676 2902 pedes
2723 2829 3090 2900 apostolorum
3116 2829 3180 2896 ’ς
3225 2835 3338 2883 tum
3355 2827 3448 2898 qui
3479 2842 3580 2897 op-

1979 2934 2215 2998 portuna
2239 2931 2294 2981 et
2329 2924 2536 2995 optima
2551 2935 2781 2994 qumque
2805 2918 3007 2975 animis
3033 2917 3091 2990 6
3121 2917 3235 2973 suis
3256 2915 3575 2982 conciliant,

1980 3016 2325 3089 Epiphanius
2378 3015 2642 3070 minimus
2695 3013 3104 3084 episcoporum,
3153 3017 3207 3067 et
3231 3009 3326 3082 qui
3361 3022 3574 3065 mecum

1979 3118 2111 3164 sunt
2149 3105 2370 3171 fratres,
2405 3107 2462 3160 in
2497 3103 2729 3160 Domino
2749 3103 3003 3159 salutem.

2053 3200 2093 3254 Ι.
2120 3199 2387 3270 Equidem
2435 3195 2522 3252 vel
2579 3196 2683 3250 hoc
2711 3193 2939 3249 nomine
2984 3191 3201 3248 felicem
3242 3205 3350 3254 me,
3381 3203 3414 3244 ο
3443 3188 3574 3243 cha-

281 3303 458 3352 τατοι,
509 3288 592 3340 ὅτι
632 3303 698 3357 γε
745 3288 819 3361 μὴ
857 3289 1010 3354 ὄντες
1038 3293 1203 3364 ἡμεῖς
1237 3294 1414 3348 ἱκανοὶ
1454 3294 1590 3367 πρὸς
1636 3295 1734 3367 τὴν
1761 3296 1870 3351 τῶν

1979 3290 2206 3356 rissimi,
2233 3289 2359 3360 jure
2405 3284 2776 3360 praedicarim,
2830 3283 3000 3356 quod,
3040 3297 3167 3338 cum
3229 3280 3366 3337 nihil
3399 3280 3454 3335 in
3487 3295 3575 3336 me

282 3376 458 3445 ἁγίων
498 3378 595 3431 καὶ
633 3379 937 3435 σπουδαίων
980 3383 1075 3434 καὶ
1136 3382 1298 3454 ζῆλον
1336 3383 1474 3438 Θεοῦ
1532 3384 1871 3458 ἀνειλημμέ-

280 3486 390 3520 νων
419 3469 672 3540 ἐνάρετον
702 3469 978 3526 πολιτείαν
997 3513 1011 3539 ,
1044 3472 1452 3546 καταξιούμεθα
1487 3475 1594 3529 ὑπὸ
1629 3475 1738 3530 τῶν
1768 3477 1869 3531 αύα

279 3559 390 3612 τῶν
425 3560 844 3628 ύπονύττεσθαι,
883 3563 976 3617 τὸν
1008 3564 1134 3618 νοῦν
1158 3565 1448 3638 διεγείρειν
1473 3585 1534 3621 τε
1591 3567 1687 3623 καὶ
1713 3585 1871 3639 περι-

282 3652 438 3722 ιστᾷν
460 3653 540 3715 είς
569 3651 631 3706 τὸ
667 3655 957 3726 χρήσιμον.
991 3655 1064 3709 Τὸ
1096 3657 1206 3728 γὰρ
1231 3658 1290 3713 ἐν
1320 3660 1456 3730 ἡμῖν
1487 3661 1575 3714 ἀεῖ
1605 3662 1868 3718 ταπεινὸν

281 3743 542 3814 φρόνημα
566 3746 745 3818 ἡσυχῆ
776 3750 1061 3820 καρτερεῖν
1086 3750 1409 3817 σπουδάζον,
1437 3753 1532 3806 καὶ
1569 3753 1644 3826 μὴ
1670 3772 1869 3828 περαι-

278 3835 430 3906 τέρω
464 3837 872 3893 ὲπεκτείνεσθαι
906 3840 1015 3894 τῶν
1058 3841 1200 3910 ἄγαν
1243 3843 1592 3900 σκοπούντων
1627 3848 1644 3879 ¹
1693 3849 1871 3903 έκεῖνο

279 3927 345 3982 τὸ
379 3930 531 4000 παρά
562 3930 642 4000 τῷ
666 3931 978 4004 Ἀποττόλῳ
1000 3935 1121 4006 είρη
1131 3935 1312 4007 μένον·
1333 3937 1468 3992 Ἵνα
1486 3939 1574 4009 μὴ
1603 3941 1872 3996 ἐπεκτεί-

278 4037 472 4090 ςοωμαι
501 4022 654 4092 ὑπὲρ
693 4023 761 4106 τό
793 4025 1016 4094 μέτρον
1045 4027 1150 4082 τοῦ
1181 4030 1459 4097 κανόνος,
1500 4027 1575 4089 οὗ
1609 4032 1870 4088 δέδωκεν

279 4112 429 4182 ἡμῖν
459 4117 494 4168 ό
547 4115 691 4182 Θεὸς
736 4115 978 4186 μέτρου,
1030 4119 1324 4188 ἀφικέσθαι
1378 4122 1516 4192 πρὸς
1571 4124 1728 4176 τοῦτο
1773 4124 1869 4180 νῦν

279 4207 667 4275 ἀναγκάζεται.
700 4211 1045 4281 Πανταχόθεν
1073 4212 1182 4284 γὰρ
1212 4214 1266 4266 al
1287 4213 1456 4285 ψῆφοι
1487 4216 1866 4286 πρυτανεύσα-

279 4317 373 4352 σαι
389 4299 485 4353 τοῦ
508 4303 565 4354 ὲν
594 4302 720 4372 ύμῖν
741 4301 924 4357 θεόθεν
954 4303 1138 4376 ζήλου,
1158 4305 1267 4359 τῶν
1286 4324 1344 4360 τε
1378 4306 1554 4363 ἄλλων
1573 4309 1864 4381 ὁμοδόξων,

277 4409 353 4462 φη
364 4393 425 4462 μὶ
443 4392 506 4464 δὴ
535 4392 643 4446 τῶν
663 4393 762 4465 τὴν
789 4393 1095 4465 όρθοδοξίαν
1122 4395 1450 4468 ζηλούντων,
1475 4399 1568 4452 καὶ
1600 4399 1864 4454 ’Υπατίου

273 4483 332 4537 δὲ
353 4483 450 4537 τοῦ
485 4484 675 4540 τέκνου
701 4487 878 4557 ἡμῶν,
912 4487 1021 4542 ἀπὸ
1048 4488 1148 4560 τῆς
1167 4489 1487 4558 Αἰγυπτίων
1511 4490 1698 4564 χώρας
1727 4493 1866 4564 πρὸς

1976 3385 2049 3441 sit
2073 3390 2391 3440 sanctorum
2429 3381 2898 3453 optimorumque,
2930 3392 2995 3432 ac
3025 3375 3198 3432 divini
3248 3375 3457 3430 amoris
3502 3373 3577 3429 fa-

1974 3476 2134 3533 cibus
2174 3474 2638 3531 inﬂammatorum
2671 3470 2958 3527 hominum
3008 3467 3274 3524 laudabili
3317 3467 3576 3524 instituto

1975 3569 2224 3641 dignum,
2261 3567 2448 3623 abhis
2492 3566 2632 3638 ipsis
2690 3574 2873 3620 tamen
2924 3561 3129 3619 stimuli
3176 3561 3310 3617 mihi
3341 3560 3574 3634 subjecti

1975 3663 2110 3730 sint,
2147 3669 2206 3716 ut
2225 3660 2291 3716 ad
2325 3660 2378 3716 id
2413 3660 2560 3731 quod
2606 3658 2742 3714 utile
2772 3673 2838 3713 ac
2885 3656 3230 3712 fructuosum
3265 3664 3351 3711 est
3373 3657 3577 3711 excita-

1976 3763 2092 3811 tum
2136 3754 2379 3810 animum
2435 3754 2825 3810 transferrem.
2854 3749 3068 3806 Etenim
3108 3748 3388 3820 ingenium
3438 3747 3574 3804 illud

1977 3855 2250 3913 nostrum,
2275 3843 2422 3917 quod
2439 3844 2713 3915 abjectutn
2729 3850 2784 3900 et
2811 3842 3018 3898 humile
3053 3842 3109 3896 in
3135 3841 3319 3912 quiete
3349 3840 3575 3912 otioque

1973 3939 2184 3995 versari
2220 3945 2485 4009 perpetuo
2517 3935 2722 4004 studet,
2753 3950 2932 4006 neque
2956 3951 3078 3991 sese
3109 3934 3252 3988 ultra
3275 3949 3440 4004 quam
3475 3949 3573 4006 par

1973 4039 2058 4086 est
2113 4029 2418 4096 intendere,
2477 4045 2603 4086 cum
2639 4028 2774 4084 illud
2826 4028 2929 4085 sibi
2967 4029 3035 4084 ab
3063 4027 3328 4099 Apostolo
3362 4026 3570 4082 dictum

1974 4121 2326 4192 proposuerit
2365 4136 2379 4173 :
2412 4119 2497 4174 Ne
2531 4119 2814 4175 extendam
2849 4137 2929 4175 me
2965 4121 3110 4174 ultra
3143 4136 3446 4174 mensuram
3497 4135 3571 4172 re-

1973 4215 2134 4282 gulos,
2169 4229 2328 4282 quam
2368 4211 2518 4266 nobis
2565 4210 2710 4265 Deus
2760 4212 2994 4281 prazﬁxit
3026 4213 3048 4244 ⁸
3081 4229 3096 4266 :
3130 4227 3196 4266 eo
3246 4209 3410 4264 modo
3445 4224 3569 4278 per-

1971 4306 2160 4362 venire
2191 4306 2430 4377 cogitur.
2485 4303 2624 4359 Nam
2676 4319 2802 4359 cum
2836 4313 3023 4359 vestra
3060 4300 3347 4358 hominum
3382 4299 3569 4356 divino

1973 4413 2160 4454 amore
2186 4395 2559 4468 flagrantium,
2593 4403 2708 4450 tum
2740 4394 2999 4463 aliorum,
3024 4395 3119 4466 qui
3143 4393 3199 4449 in
3229 4392 3419 4450 eadem
3443 4407 3570 4448 sen-

1971 4491 2141 4546 tentia
2195 4497 2346 4556 sunt,
2401 4488 2506 4544 hoc
2553 4495 2640 4544 est
2679 4495 2887 4544 rectam
2922 4485 3205 4544 vobiscum
3247 4484 3406 4541 ﬁdem
3453 4499 3569 4539 am-

277 4575 346 4645 μὲ
379 4576 469 4630 διὰ
500 4577 658 4632 τοῦτο
688 4579 934 4650 ἥκοντος,
969 4582 1150 4634 πᾶσαν
1184 4581 1283 4652 μὲν
1331 4582 1630 4655 ρᾳθυμίαν,
1677 4585 1864 4640 πάντα

1977 4581 2121 4654 plexi
2170 4589 2323 4647 sunt,
2381 4595 2598 4637 necnon
2654 4586 2710 4636 et
2749 4577 2969 4652 llypatii
3017 4577 3113 4634 ﬁlii
3143 4578 3346 4642 nostri,
3379 4578 3474 4649 qui
3503 4592 3572 4634 ex

272 4665 334 4718 δὲ
365 4665 523 4720 ὖκνον
556 4668 972 4737 παρεσκεύασαν
1016 4669 1343 4739 ἀποθέσθαι,
1397 4673 1595 4744 μηκέτι
1625 4674 1860 4744 στέγειν,
1887 4679 1893 4712 ⁴

1977 4671 2204 4747 Egypto
2227 4672 2295 4729 ad
2317 4689 2420 4731 nos
2447 4689 2512 4730 ea
2539 4672 2607 4731 de
2633 4687 2806 4730 causa
2835 4671 3120 4744 profectus
3165 4679 3273 4738 est,
3306 4669 3568 4748 suﬂragia

279 4756 419 4826 μήτε
455 4757 516 4808 ἒν
541 4756 780 4829 δευτέρῳ
808 4759 1071 4828 τίθεσθαι,
1096 4761 1167 4815 τὰ
1190 4763 1317 4834 περὶ
1337 4763 1578 4830 πίστεως
1602 4767 1860 4838 γράφειν.

288 4846 726 4918 Ἑπιζητούντων
751 4850 923 4922 ὑμῶν,
947 4853 1175 4907 καὶτῶν
1205 4855 1493 4928 ἡμετέρων
1521 4857 1769 4929 ἀδελφῶν
1795 4861 1865 4917 τά

273 4937 407 5005 περὶ
447 4937 550 5008 τῆς
585 4938 855 5012 ὑμετέρας
896 4944 1192 5015 σωτηρίας,
1216 4946 1281 4999 ὲκ
1295 4945 1395 5017 τῆς
1411 4946 1560 5013 θείας
1577 4949 1668 5003 καὶ
1701 4949 1865 5020 ἁγίας

275 5027 502 5098 ι’ραφῆς
519 5027 611 5080 τὸν
629 5031 844 5099 στερεὸν
859 5029 1104 5103 θεμέλιον
1120 5033 1222 5104 τῆς
1252 5033 1484 5100 πίστεως
1509 5038 1638 5110 περὶ
1650 5039 1866 5112 Πατρὸς

273 5117 372 5172 καὶ
386 5117 520 5172 Υἱοῦ
536 5119 628 5175 καὶ
642 5120 796 5190 ἀγίου
812 5123 949 5176 Πνεύ
959 5142 1144 5195 ματος,
1162 5126 1256 5181 καὶ
1275 5127 1375 5199 τῆς
1389 5128 1554 5201 ἄλλης
1570 5131 1788 5203 ἀπάσης
1807 5133 1864 5186 ὲν

1970 4780 2293 4837 precesque,
2329 4780 2452 4836 qum
2499 4780 2589 4822 me
2637 4764 3054 4838 quodammodo
3091 4763 3451 4820 moderantur
3504 4777 3570 4816 ac

1969 4867 2186 4928 regunt,
2214 4857 2504 4927 segnitiem
2528 4864 2588 4913 ut
2613 4871 2836 4913 omnem
2865 4871 2930 4913 ac
2943 4855 3455 4928 tergiversationem
3472 4853 3570 4908 de-

1970 4963 2252 5020 ponerem,
2278 4948 2439 5005 facile
2467 4949 2877 5019 compulerunt,
2929 4955 2990 5002 ut
3014 4946 3292 5003 sustinere
3324 4943 3567 5016 amplius

1971 5049 2065 5095 aut
2094 5041 2514 5111 praetermittere
2541 5054 2650 5096 non
2700 5053 2946 5110 possem,
2978 5052 3091 5108 quo
3119 5036 3308 5095 minus
3345 5036 3470 5092 fidei
3497 5036 3568 5092 ad

1968 5148 2068 5188 vos
2104 5132 2393 5188 formulam
2432 5131 2866 5189 conscriberem.
2903 5131 3363 5202 Quandoquidem
3396 5138 3508 5185 tam
3535 5145 3567 5183 a

270 5207 497 5279 Χριστῷ
524 5212 815 5282 σωτηρίας,
845 5214 1193 5282 ἀναστάσεως
1226 5235 1286 5272 τε
1316 5219 1525 5291 νεκρῶν
1562 5220 1727 5292 λέγω,
1765 5221 1861 5275 καὶ

1977 5226 2145 5291 vobis,
2170 5240 2334 5296 quam
2383 5239 2413 5278 a
2472 5225 2686 5280 caeteris
2738 5223 3005 5282 fratribus
3047 5224 3258 5281 nostris
3338 5231 3565 5294 rogatus

271 5299 542 5371 έδσάρκου
577 5303 880 5374 παρουσίας
917 5305 1012 5359 τοῦ
1063 5308 1424 5378 Μονογενοῦς·
1461 5312 1554 5365 καὶ
1591 5312 1722 5384 περὶ
1760 5312 1861 5384 τῆς

1977 5332 2108 5382 sum,
2146 5327 2202 5372 ut
2227 5331 2290 5370 ea
2313 5331 2436 5386 quae
2458 5330 2584 5370 cum
2629 5316 2809 5372 salute
2843 5325 3028 5372 vestra
3058 5314 3360 5386 conjuncta
3406 5320 3560 5379 sunt,

270 5389 436 5459 ἁγίας
473 5393 767 5467 Διαθήκης,
798 5397 1042 5464 Παλαιὰ
1069 5417 1130 5454 τε
1163 5403 1258 5456 καὶ
1284 5403 1516 5475 Καινῆς,
1547 5406 1644 5459 καὶ
1685 5405 1860 5462 ἄλλων

1977 5412 2070 5464 hoc
2092 5415 2178 5464 est
2205 5408 2442 5464 solidum
2467 5406 2593 5463 fidei
2615 5406 3077 5478 credulitatisque
3119 5405 3189 5462 de
3207 5405 3392 5472 Patre,
3421 5400 3564 5456 Filio

269 5482 608 5552 ἁπαξαπλῶς
641 5487 958 5542 συστάσεων
999 5491 1099 5561 τῆς
1145 5492 1360 5557 τελείας
1406 5496 1703 5567 σωτηρίας·
1748 5495 1860 5565 ἐγὼ

1977 5507 2018 5555 2t
2052 5499 2264 5570 Spiritu
2303 5508 2496 5556 sancto
2532 5506 2742 5556 nostrae
2789 5499 3234 5564 fundamentum,
3268 5510 3490 5566 unaque
3508 5502 3566 5551 et

270 5573 403 5643 γοῦν
439 5575 617 5631 λαϐὼν
647 5578 751 5650 τὴν
785 5578 1047 5648 τοιαύτην
1084 5582 1349 5654 πρότασιν
1396 5585 1504 5638 τῶν
1559 5587 1854 5658 αἰτήσεων,

342 5729 440 5792 'F.
470 5753 728 5794 σκοπουν.
809 5739 830 5769 ¹
857 5737 1048 5792 Matth.
1084 5753 1198 5808 sn,
1227 5741 1317 5794 ‘2l.

1962 5600 2287 5648 caeterorum
2321 5591 2762 5650 Christianorum
2797 5590 3139 5662 dogmatum,
3176 5587 3346 5645 veluti
3379 5598 3566 5644 resura

1401 5742 1554 5797 3Art.
1592 5761 1665 5811 tv,
1701 5745 1787 5800 57.
1874 5746 1893 5777 ’⁵
1939 5744 1982 5800 ΙΙ
2002 5746 2133 5802 Cor.
2161 5763 2216 5812 Χ,
2254 5748 2337 5804 15.
