3950 6420
495 275 559 325 t9
1885 288 1941 345 s.
1983 286 2325 345 EPIPIIANII
3696 281 3760 338 eo

498 402 759 463 rectionis
794 413 1158 467 mortuorum,
1183 403 1603 467 incarnationis,
1629 402 1755 458 item
1784 401 1851 458 de
1879 400 2077 457 Vetere

2191 401 2280 453 οὐκ
2305 398 2502 468 ὀλίγων
2536 398 2733 465 οὐσῶν,
2766 400 2917 471 παρὰ
2934 400 3040 454 τῶν
3059 400 3184 471 περὶ
3202 395 3299 453 τόν
3322 399 3545 471 ἀδελφὸν
3568 400 3761 455 Κὼνω-

500 508 564 553 ac
586 493 736 550 Novo
769 492 1144 556 Testamento,
1198 492 1431 562 aliisque
1470 492 1752 558 omnibus,
1801 493 1856 547 in
1881 492 2082 561 quibus

500 585 741 658 perfecta
803 584 956 641 salus
1007 582 1263 638 consistit
1317 598 1381 637 ac
1428 584 1642 645 nititur,
1672 598 1737 638 ex
1772 582 2081 637 divinarum

495 693 559 732 ac
606 683 923 731 sanctarum
975 671 1303 731 Litterarum
1357 674 1685 735 auctoritate
1748 674 2080 737 scriberem;

494 781 594 837 ego
620 781 754 820 vero
776 764 981 819 auditis
1012 762 1287 833 ejusmodi
1319 764 1593 833 precibus,
1626 778 1765 833 quas
1796 778 1904 818 non
1941 779 2079 833 pau-

495 873 590 914 cas
616 857 838 927 Conops
882 855 949 910 ad
992 871 1078 909 me
1100 854 1305 926 collega
1331 855 1635 927 presbyter,
1669 863 1723 909 et
1745 855 1835 925 qui
1868 869 2083 917 cumet)

494 958 674 1014 erant,
705 965 769 1004 ac
802 965 925 1003 cum
956 948 1071 1012 alii,
1094 957 1205 1001 tum
1225 964 1343 1011 vos,
1370 948 1685 1003 charissimi
1717 949 1834 1013 ﬁlii,
1868 964 2079 1002 necnon

495 1050 552 1094 et
583 1039 850 1111 Hypatius
890 1038 1034 1105 titius
1086 1046 1293 1101 noster,
1329 1039 1422 1109 qui
1464 1038 1530 1093 ad
1584 1054 1671 1093 me
1703 1049 1984 1109 propterea
2014 1054 2078 1092 es

496 1132 736 1204 Egypto
772 1130 937 1194 venit,
971 1131 1338 1202 pertulerant;
1374 1146 1495 1186 cum
1524 1138 1604 1185 tot
1635 1131 1688 1184 in
1714 1131 1855 1185 idem
1885 1130 2079 1186 ευστα-

495 1224 586 1296 gia
624 1224 975 1280 consensisse
1022 1238 1326 1287 cernerem,
1370 1231 1551 1277 mente
1600 1224 1892 1294 animoque
1930 1238 2082 1279 com-

2192 510 2267 546 πα
2308 491 2400 546 τὸν
2461 490 2945 562 συμπρεσὸύτερον
2990 490 3086 545 καὶ
3122 490 3233 545 τῶν
3270 490 3421 561 αὐτῷ
3464 492 3759 562 ἑπομένων,

2190 584 2364 639 ἄλλων
2396 584 2455 637 δὲ
2483 584 2576 636 καὶ
2604 583 2703 654 τῆς
2730 584 2884 653 ὑμῶν
2912 584 3247 654 τιμιότητος,
3277 584 3444 636 τέκνα
3463 584 3763 637 ποθεινότα-

2188 694 2280 743 τα,
2305 677 2369 731 οὐ
2395 677 2502 747 μὴν
2537 674 2673 731 ἀλλὰ
2703 675 2799 731 καὶ
2826 674 2920 729 τοῦ
2945 674 3137 732 τέκνου
3172 674 3327 745 ἡμῶν
3373 673 3631 727 ’Υπατίου
3660 673 3763 728 ἀπὸ

2188 768 2286 838 τῆς
2331 766 2607 835 Αἰγύπτου
2649 765 2786 836 πρὸς
2835 766 2901 835 μὲ
2946 763 3036 817 διὰ
3085 764 3245 817 τοῦτο
3274 766 3519 835 ἥκοντος,
3554 766 3764 833 όμοφώο

2188 875 2314 929 νους
2372 857 2585 930 ψήφους
2621 856 2820 920 πολλὰς
2849 856 2990 928 ὁρῶν
3018 856 3177 927 όμοῦ,
3218 856 3437 927 δηχθεὶς
3472 856 3569 929 τὴν
3599 857 3764 928 φρένα

2188 949 2283 1002 καὶ
2313 948 2405 1001 τὸν
2441 947 2722 1019 λογισμὸν,
2760 947 3101 1017 ἐσκεψάμην·
3140 948 3236 1000 καὶ
3264 946 3412 1013 ἔδοξὲ
3442 965 3531 1017 μοι
3564 947 3761 1018 προθύ-

2191 1057 2308 1110 μως
2328 1037 2746 1110 όρμῆσαι,κατὰ
2763 1038 2862 1108 τὴν
2885 1037 3037 1107 ὑμῶν
3053 1037 3141 1091 διὰ
3163 1039 3506 1109 γραμμάτων
3526 1036 3763 1103 ἀξίωσιν,

2189 1130 2581 1195 ἀνενδοιάστως
2617 1130 2713 1183 ἐπὶ
2745 1130 2805 1182 τὸ
2851 1128 3088 1200 γράφειν
3129 1130 3335 1199 ταύτην
3382 1146 3485 1200 μου
3524 1129 3621 1200 τὴν
3653 1130 3765 1182 ἑπι-

2190 1224 2383 1295 στολὴν
2410 1222 2511 1294 ἐμὲ
2543 1222 2634 1276 τὸν
2663 1222 2870 1295 βραχὺν
2898 1220 2976 1292 τῷ
3010 1221 3261 1292 ὑμετέρῳ
3291 1221 3463 1292 πόθῳ.

491 1313 678 1374 inotus
700 1326 951 1388 reputare
986 1333 1198 1372 mecum
1229 1318 1345 1387 ipse
1364 1319 1507 1388 ccepi
1542 1334 1556 1370 :
1585 1334 1649 1373 ac
1680 1320 1899 1374 tandem
1931 1318 2076 1375 istud
2119 1320 2251 1374 mihi
2295 1328 2549 1390 prompto
2600 1327 2655 1375 et
2685 1319 2951 1374 alacriter
3001 1316 3312 1373 iaciendum
3348 1332 3471 1373 esse
3529 1317 3762 1382 decrevi,

496 1422 555 1465 ut
595 1426 691 1480 pro
746 1425 833 1476 eo,
888 1426 952 1466 ac
993 1427 1088 1482 per
1142 1411 1350 1467 litteras
1402 1414 1744 1483 postulastis,
1785 1414 1853 1469 ad
1910 1415 2053 1471 hanc
2108 1416 2264 1471 vobis
2325 1430 2425 1487 pro
2482 1422 2669 1472 vestro
2723 1413 2999 1475 desiderio
3063 1412 3411 1471 scribendam
3457 1413 3763 1484 epistolam,

496 1506 677 1561 tenuis
702 1507 829 1562 licet
854 1507 1258 1573 etimbecillus,
1306 1509 1425 1563 sine
1462 1510 1573 1563 ulla
1626 1510 2083 1582 tergiversatione
2121 1526 2210 1567 me
2240 1510 2572 1567 conferrem.

566 1596 618 1665 7
649 1596 715 1651 11.
755 1599 834 1653 Ac
868 1598 999 1652 mihi
1027 1598 1245 1669 quidem
1271 1598 1487 1658 Domini
1520 1599 1723 1674 Deique
1750 1603 1920 1662 nostri
1951 1618 2082 1675 pro-

2264 1604 2338 1661 B'.
2374 1604 2486 1659 Καὶ
2521 1602 2727 1675 σφόδρα
2756 1600 2857 1672 μὲν
2898 1600 3273 1672 ὲκπλήττομαι
3308 1598 3638 1670 θαυμαστῶς
3673 1599 3769 1669 τὴν

493 1687 790 1743 videntiam
815 1688 1164 1745 vehementer
1182 1688 1444 1745 admirari
1469 1692 1618 1758 libet,
1636 1692 1729 1761 qui
1748 1708 1847 1762 pro
1873 1693 2082 1755 inﬁnita

2191 1691 2283 1746 τοῦ
2312 1694 2518 1764 Κυρίου
2556 1693 2650 1745 καὶ
2677 1691 2811 1744 Θεοῦ
2847 1690 3006 1761 ἡμῶν
3042 1689 3376 1760 οἰκονομίαν,
3411 1690 3471 1753 ὃς
3511 1690 3766 1760 εὐδόκησε

498 1792 601 1833 sua
635 1777 887 1834 bonitate
916 1779 1173 1835 omnibus
1196 1781 1251 1833 in
1286 1779 1451 1836 rebus
1481 1790 1733 1836 sanctum
1763 1796 1925 1837 suum
1961 1780 2086 1853 Spi-

496 1870 666 1933 ritum
700 1871 767 1931 iis
808 1872 899 1941 qui
942 1886 1001 1933 se
1047 1887 1115 1935 ex
1168 1871 1355 1939 animo
1406 1874 1775 1944 requirerent,
1818 1874 2087 1946 impertiri

493 1963 692 2027 voluit.
730 1962 920 2047 Neque
952 1964 1098 2021 enim
1134 1964 1254 2027 sine
1299 1964 1488 2025 divino
1525 1968 1764 2037 quodam
1818 1968 2085 2031 instinctu

495 2064 743 2123 vestrum
792 2057 1039 2123 omnium
1088 2060 1493 2130 postulationes
1546 2078 1644 2139 per
1694 2063 1908 2127 litteras
1950 2063 2085 2129 mihi

494 2164 619 2211 esse
645 2149 980 2222 signiﬁcans
1006 2151 1287 2217 existimo,
1320 2152 1415 2219 sed
1453 2154 1597 2218 ltunc
1625 2170 1726 2227 ego
1756 2156 1927 2217 animi
1962 2172 2085 2213 mo-

494 2253 611 2305 tum
643 2242 831 2307 divina
858 2243 1019 2307 vobis
1045 2244 1286 2309 amatum
1326 2260 1449 2305 esse
1480 2248 1655 2325 gratia
1681 2248 1947 2327 judicavi.
1981 2248 2088 2309 Ne-

493 2347 601 2401 que
633 2333 777 2397 enim
817 2332 1046 2397 dubium
1083 2342 1169 2401 eat
1204 2336 1339 2407 quin
1380 2338 1417 2394 ii
1451 2338 1546 2408 qui
1581 2338 1770 2399 eadem
1796 2355 1920 2399 cum
1961 2341 2088 2405 divo

492 2418 658 2477 Petro
710 2436 776 2481 ac
833 2426 1231 2487 consentientia
1279 2426 1464 2489 dicere
1513 2429 1842 2503 potuerint:
1909 2429 1989 2491 Tu
2033 2447 2086 2489 es

496 2508 740 2573 Christus
769 2507 946 2573 Filius
978 2510 1075 2577 Dei
1101 2513 1203 2577 vivi
1228 2513 1270 2581 ¹,
1305 2514 1373 2577 ab
1402 2516 1520 2586 ipso
1548 2515 1774 2575 Domino
1802 2518 2089 2585 manifeste

496 2599 643 2655 beati
690 2600 1028 2671 praedicandi
1067 2602 1201 2673 sint,
1233 2606 1694 2674 quemadmodum
1741 2617 1965 2663 sanctus
1996 2610 2086 2667 ille

494 2689 627 2745 felth
682 2698 768 2751 est
813 2690 966 2757 hisce
1006 2692 1191 2760 verbis
1230 2692 1490 2759 habitus:
1539 2693 1733 2749 Beatus
1790 2712 1865 2759 es,
1901 2696 2088 2757 Simon

498 2777 596 2831 bar
630 2775 773 2833 Jona
791 2781 837 2846 ‘,
876 2779 980 2848 hoc
1006 2788 1113 2847 est,
1146 2781 1228 2852 ﬁli
1259 2781 1454 2849 Jonas:
1488 2781 1658 2843 Jonas
1697 2784 1900 2855 quippe
1936 2792 2089 2854 pater

497 2867 650 2924 illius
670 2869 1068 2940 appellabatur.
1088 2868 1262 2926 Porro
1283 2871 1474 2936 dictio,
1490 2872 1607 2938 bar,
1626 2871 1888 2933 Hebraicc
1914 2875 2087 2945 ﬁlium

496 2968 676 3015 sonat.
729 2958 803 3014 Ea
834 2976 965 3027 vero
1012 2960 1231 3027 demum
1262 2968 1348 3019 est
1390 2963 1532 3027 vita,
1568 2979 1733 3034 quam
1772 2965 2087 3034 unig.-nittts

2187 1788 2253 1856 τῇ
2283 1784 2556 1856 ὑπερϐολῇ
2591 1783 2690 1854 τῆς
2729 1782 2895 1836 αὐτοῦ
2930 1781 3269 1853 ἁγαθότητος
3294 1784 3352 1836 tv
3386 1782 3560 1836 ἅπασι
3589 1781 3769 1835 δοῦναι

2186 1876 2249 1930 τὸ
2280 1875 2433 1943 ἆγιον
2463 1874 2628 1928 αὐτοῦ
2656 1873 2880 1945 Πνεῦμα
2904 1874 3016 1937 τοῖς
3046 1872 3207 1931 αὑτὸν
3228 1874 3286 1931 ὲν
3315 1872 3543 1950 ἀληθείᾳ
3576 1870 3768 1944 ζητοῦ-

2190 1983 2295 2020 σιν.
2332 1967 2445 2019 Οὐκ
2472 1965 2666 2033 ἀθέους
2695 1964 2802 2037 γὰρ
2834 1964 2988 2045 ὑμῶν
3014 1963 3109 2021 καὶ
3156 1962 3265 2021 τῶν
3294 1964 3414 2021 καθ’
3448 1965 3595 2036 ὑμᾶς
3617 1964 3771 2035 αἰτή-

2190 2075 2304 2123 σεις
2341 2056 2440 2121 τὰς
2470 2056 2557 2119 διὰ
2583 2056 2690 2113 τῶν
2733 2055 3079 2131 γραμμάτων
3113 2055 3430 2133 ἡγησάμην,
3461 2055 3768 2113 ποθεινότα-

2188 2166 2291 2214 τοι,
2335 2147 2473 2209 ἀλλὰ
2511 2147 2612 2220 τὴν
2648 2146 2860 2217 κίνησιν
2907 2146 3207 2218 ἐδοκίμασα
3249 2149 3313 2202 ὲκ
3355 2146 3458 2217 τῆς
3503 2147 3600 2203 τοῦ
3640 2146 3769 2202 Θεοῦ

2189 2240 2406 2317 χάριτος
2441 2241 2498 2293 tv
2530 2240 2656 2309 ὑμῖν
2686 2238 3031 2311 ὑπάρξασαν.
3072 2240 3188 2292 Ἐπ’
3223 2238 3481 2309 ἀληθείας
3522 2238 3651 2310 γὰρ,
3680 2240 3772 2295 καὶ

2188 2333 2387 2396 εἰδότες
2418 2330 2716 2397 συνοίδατε,
2746 2332 2842 2391 καὶ
2867 2330 3131 2403 σύμφωνα
3174 2329 3356 2399 λέγειν
3387 2329 3466 2403 τῷ
3488 2346 3766 2406 μακαριωο

2187 2424 2335 2497 ’πάτῳ
2373 2424 2585 2503 Πέτρῳ,
2624 2425 2707 2481 ὅτι
2756 2423 2840 2485 Σὺ
2870 2424 2928 2479 ετ
2949 2423 2981 2478 ὁ
3004 2423 3257 2499 Χριστὸς
3279 2426 3311 2478 ὁ
3334 2423 3467 2489 Υἱὸς
3489 2423 3598 2479 τοῦ
3628 2422 3773 2479 Θεοῦ

2188 2519 2297 2583 τοῦ
2336 2518 2572 2586 ζῶντος,
2623 2518 2811 2587 σαφῶς
2840 2517 2928 2573 ὑπ’
2969 2515 3136 2571 αὑτοῦ
3170 2514 3264 2571 τοῦ
3301 2514 3503 2590 Κυρίου
3541 2531 3773 2587 μακαρι-

2191 2612 2501 2684 σθήσονται,
2552 2610 2737 2679 καθὼς
2788 2610 2882 2665 καὶ
2929 2609 2957 2663 ό
2993 2608 3149 2679 ἅγιος
3182 2608 3388 2673 ἐκεῖνος
3420 2606 3769 2680 ὲμακαρίσοη

2189 2686 2404 2761 ἁκούων
2426 2718 2441 2734 ο
2469 2700 2772 2769 Μακάριος
2801 2695 2859 2754 εἴ
2886 2698 2990 2765 σὺ,
3021 2698 3217 2768 Σίμων
3248 2692 3371 2765 ,ϐὰρ
3404 2694 3599 2765 Ἰωνᾶ,
3624 2713 3774 2750 τουτ-

2190 2792 2360 2857 έστιν,
2413 2792 2506 2845 υἱὲ
2533 2789 2725 2858 Ἰωνᾶ,
2768 2793 2797 2844 ό
2832 2790 2941 2863 γὰρ
2982 2789 3162 2861 πατὴρ
3208 2788 3377 2844 αὑτοῦ
3416 2788 3607 2850 Ἰωνᾶς
3649 2790 3775 2842 ἐκα-

2189 2882 2365 2943 λεῖτο’
2420 2882 2482 2936 τὸ
2532 2881 2590 2936 δὲ
2630 2880 2755 2950 ,ϐὰρ
2801 2879 3160 2951 ἑρμηνεύεται
3202 2880 3267 2935 ἐκ
3315 2878 3414 2949 τῆς
3478 2877 3774 2952 Ἐὁραῖκῆς

2188 2974 2489 3039 διαλέκτου,
2531 2974 2682 3041 υἱός.
2711 2973 2821 3029 Καὶ
2864 2972 3021 3027 τοῦτο
3060 2968 3129 3047 ἦν
3160 2974 3194 3044 ἠ
3240 2971 3377 3049 ζωὴ,
3409 2973 3478 3044 ἢν
3515 2973 3716 3028 ἔδωκεν
3745 2973 3775 3026 ό

495 3050 669 3107 Filius
717 3051 1007 3124 discipulis
1049 3053 1166 3110 suis
1192 3054 1420 3126 largitus
1468 3065 1552 3111 cst
1583 3054 1814 3111 dicens:
1867 3054 1934 3109 Ut
1984 3058 2079 3110 ha-

2191 3063 2481 3134 μονογενὴς
2522 3063 2648 3127 Υἱὸς
2693 3066 2808 3127 τοῖς
2853 3062 3047 3121 ἑαυτοῦ
3081 3062 3350 3137 μαθηταῖς
3391 3062 3567 3135 λέγων
3592 3082 3613 3141 ’ν
3643 3062 3773 3118 Ἵνα

497 3142 650 3194 beant
684 3142 847 3196 vitam
884 3143 938 3197 in
973 3159 1028 3203 se
1055 3144 1184 3219 ipsis
1209 3144 1264 3212 ³;
1299 3154 1359 3199 ιιι
1399 3143 1609 3207 scilicet
1648 3158 1965 3216 cognoscant
1998 3165 2088 3205 so-

494 3234 607 3287 lum
644 3251 821 3289 verum
859 3234 1065 3301 Deum,
1106 3244 1157 3291 et
1190 3252 1344 3307 quem
1378 3238 1488 3308 ipse
1525 3236 1670 3291 misit
1698 3237 1885 3293 Iesum
1930 3236 2088 3293 Chri-

494 3338 637 3381 stum
657 3327 698 3379 ⁸.
724 3325 827 3381 Ubi
863 3342 987 3382 cum
1020 3328 1156 3382 dixit
1186 3330 1359 3383 solum
1386 3347 1564 3384 verum
1596 3329 1785 3396 Deum,
1816 3331 1881 3385 ad
1916 3347 2086 3386 unum

496 3416 945 3487 singularemque
970 3415 1139 3473 Deum
1164 3432 1264 3471 nos
1291 3419 1599 3482 transtulit,
1618 3435 1688 3475 ne
1708 3421 1898 3477 mundi
1919 3421 2087 3495 hujus

496 3505 788 3564 elementis
833 3505 1186 3567 serviendum
1239 3506 1475 3576 amplius
1544 3516 1896 3579 putaremus;
1949 3526 2088 3570 neve

495 3598 724 3653 deorum
750 3598 804 3651 in
844 3598 1004 3654 nobis
1035 3597 1216 3653 adhuc
1243 3597 1538 3655 multitudo
1571 3599 1859 3669 resideret,
1895 3610 1987 3656 aut
2017 3602 2087 3658 ad

496 3689 629 3747 illud
672 3688 846 3759 stupri
880 3705 1054 3761 genus
1091 3688 1378 3747 hominum
1410 3697 1628 3746 mentes
1656 3690 2082 3763 dissiparentur,

503 3781 601 3837 sed
625 3781 691 3835 ad
735 3781 902 3841 unius
930 3780 1157 3852 verique
1188 3780 1285 3836 Dei
1323 3781 1761 3853 singularitatem
1793 3799 1916 3841 sese
1947 3801 2085 3841 con-

496 3879 822 3928 verterent:
880 3870 1105 3933 Initium
1143 3873 1330 3944 quippe
1374 3872 1745 3942 fornicationis
1786 3884 1867 3929 est
1900 3876 2087 3946 estqui-

495 3964 619 4019 sitio
647 3965 931 4030 idolorum,
961 3972 1021 4019 ut
1064 3965 1142 4027 ait
1174 3962 1461 4039 Scriptura
1481 3966 1525 4021 ⁸.
1554 3965 1730 4022 Porro
1761 3982 1887 4024 cum
1926 3968 2082 4036 dicit,

2188 3156 2373 3229 ἔχωσι
2419 3155 2534 3224 τὴν
2581 3154 2738 3224 ζωὴν
2785 3155 2856 3215 ἐν
2892 3154 3149 3222 ἑαυτοῖς,
3202 3154 3270 3210 τό
3302 3153 3629 3225 γινώσκειν
3672 3156 3775 3211 τόν

2185 3250 2376 3317 μόνον
2403 3250 2691 3317 ἀληθινὸν
2715 3251 2885 3314 Θεὸν,
2906 3249 3005 3307 καὶ
3038 3248 3110 3304 ὃν
3128 3247 3491 3305 ἀπέστειλεν
3528 3247 3776 3319 Ἰησοῦν

2187 3340 2463 3409 Χριστόν.
2510 3340 2600 3393 Ἐν
2626 3338 2705 3409 τῷ
2748 3336 2841 3397 οὖν
2868 3341 3067 3405 εἰπεῖν,
3109 3339 3228 3395 Τόν
3258 3342 3455 3413 μόνον
3482 3342 3775 3406 ἀληθινόν

2190 3432 2360 3499 Θεὸν,
2393 3434 2473 3496 είς
2519 3433 2820 3506 μοναρχίαν
2860 3434 3009 3505 ἡμᾶς
3042 3432 3251 3509 ἦγαγεν
3272 3449 3289 3465 ⁸
3321 3434 3410 3489 ἵνα
3444 3433 3646 3505 μηκέτι
3674 3432 3777 3487 ὑπὸ

2186 3523 2256 3578 τὰ
2298 3524 2539 3594 στοιχεῖα
2567 3522 2663 3576 τοῦ
2706 3521 2909 3593 κόσμου
2938 3517 3091 3593 ὦμεν
3133 3523 3547 3595 δεδουλωμένοι,
3579 3525 3668 3579 ἵνα
3702 3523 3775 3595 μὴ

2189 3614 2447 3673 noinqu
2481 3616 2537 3667 tv
2576 3617 2709 3693 ἡμῖν
2738 3614 2817 3675 ἔτι
2856 3612 2914 3687 ᾖ,
2960 3615 3056 3673 καὶ
3097 3616 3192 3669 ἐπὶ
3227 3616 3488 3687 πορνείαν
3518 3616 3775 3686 τοιαύτην

2188 3705 2646 3785 ὲπισκορπίζηται
2673 3706 2744 3761 τὰ
2775 3707 2885 3761 τῶν
2916 3707 3220 3783 ἀνθρώπων
3245 3709 3513 3781 νοήματα,
3544 3708 3662 3762 ἀλλ’
3685 3708 3775 3761 ἐπὶ

2186 3797 2417 3870 ἑνότητα
2443 3797 2538 3851 τοῦ
2570 3798 2733 3870 μόνου
2768 3798 3023 3869 ἀληθινοῦ
3047 3798 3183 3854 Θεοῦ
3208 3816 3221 3828 ·
3254 3800 3462 3871 Πρώτη
3492 3800 3607 3871 γὰρ
3640 3816 3776 3868 πορ-

2185 3888 2338 3955 νεία,
2390 3889 2625 3949 ἐπίνοια
2679 3888 2961 3954 εἰδώλων,
3009 3889 3175 3961 φησὶν
3224 3891 3259 3963 ii
3297 3891 3510 3963 Γραφή.
3560 3887 3678 3945 Kal
3705 3889 3775 3942 ὃν

2186 3980 2552 4047 ἀπέστειλας
2625 3982 2863 4049 Ἰησοῦν
2922 3983 3204 4051 Χριστόν.
3278 3982 3485 4053 Ἰησοῦν
3540 3980 3773 4053 Χριστὸν

502 4056 568 4113 Et
595 4076 747 4128 quem
788 4058 986 4113 misisti
1033 4056 1220 4113 Iesum
1251 4057 1545 4125 Christum,
1590 4074 1821 4131 ecquem
1860 4062 2081 4117 tandem

2191 4071 2344 4139 τίνα;
2374 4073 2625 4143 ἀληθινὸν
2656 4073 2808 4127 Θεόν.
2845 4072 2908 4128 Εἰ
2938 4074 2995 4131 δὲ
3016 4073 3149 4128 Θεὸν
3173 4073 3407 4145 Χριστὸν
3451 4073 3680 4144 Ἰησοῦν,
3702 4071 3775 4134 ὡς

492 4147 681 4206 Jesutn
717 4150 998 4206 Christum
1049 4152 1345 4225 intelligit?
1384 4150 1588 4209 Verum
1625 4154 1815 4225 utique
1862 4153 2034 4212 Deum
2064 4176 2079 4213 :

2191 4164 2333 4233 λέγει
2367 4165 2496 4238 περὶ
2530 4164 2696 4218 αὐτοῦ
2729 4166 2758 4219 ό
2795 4166 3080 4236 Ἰωάννης·
3121 4165 3182 4219 '0
3212 4163 3584 4233 Μονογενὴς,
3616 4166 3649 4218 ὁ
3691 4160 3775 4215 ὢν

494 4241 687 4305 Deum,
722 4242 968 4314 inquam,
991 4242 1273 4309 Christum
1309 4243 1523 4311 Jesum,
1554 4256 1617 4305 ut
1654 4247 1723 4303 de
1752 4248 1869 4319 ipso
1911 4256 2082 4306 testa—

2191 4259 2271 4323 εὶς
2302 4255 2411 4311 τὸν
2446 4257 2679 4310 κόλπον
2721 4256 2827 4309 τοῦ
2868 4254 3121 4326 Πατρός,
3169 4254 3353 4321 αὐτὸς
3391 4254 3770 4323 ἐξηγήσατο’

492 4343 583 4389 tur
602 4333 843 4393 Joannes
870 4350 884 4386 :
923 4333 1256 4408 Unigenitus,
1279 4339 1371 4408 qui
1396 4349 1475 4394 est
1498 4342 1551 4393 in
1583 4340 1705 4395 sinu
1732 4340 1940 4407 Patris,
1974 4342 2082 4411 ipse

2191 4340 2268 4410 εἷς
2305 4345 2438 4410 Θεὸς
2478 4346 2659 4399 τοίνυν
2685 4347 2713 4397 ό
2751 4344 2962 4416 Πατὴρ,
3001 4344 3094 4399 καὶ
3125 4345 3283 4416 μόνος
3323 4343 3575 4415 ἀληθινὸς
3619 4342 3771 4405 Θεὸς,

492 4425 733 4478 narravit
757 4425 802 4479 ⁸.
835 4424 991 4479 Unus
1038 4426 1226 4505 itaque
1272 4426 1417 4483 Deus
1450 4436 1535 4484 est
1579 4428 1764 4493 Pater,
1811 4446 1875 4485 ac
1928 4433 2081 4487 solus

2191 4405 2283 4492 καὶ
2315 4436 2377 4490 οὺ
2418 4405 2569 4491 ’κατὰ
2598 4439 2725 4501 τοὺς
2772 4405 3138 4509 ἐψευσμένως
3168 4405 3342 4500 θεοῦς,
3388 4405 3483 4500 οῦς
3515 4432 3773 4504 ὲνόμισάν

492 4528 658 4569 verus
685 4512 853 4578 Deus,
901 4530 1009 4575 non
1042 4517 1353 4586 cujusmodi
1394 4527 1523 4574 sunt
1572 4520 1817 4576 ementiti
1854 4521 1932 4576 illi
1980 4523 2078 4589 dii,

493 4620 633 4673 quos
691 4605 922 4676 gentiles
970 4606 1191 4677 quidam
1236 4609 1370 4665 deos
1424 4610 1675 4673 arbitrati
1731 4622 1901 4680 sunt,
1954 4631 2079 4671 cum

493 4705 675 4750 tamen
704 4696 779 4751 dil
814 4697 967 4752 nullo
997 4698 1161 4761 modo
1202 4699 1416 4769 forent;
1445 4718 1634 4757 verum
1676 4705 1829 4759 solus
1864 4714 1947 4762 est
1981 4724 2079 4762 ve-

491 4802 699 4857 rusque
750 4787 917 4856 Deus,
946 4790 1389 4863 quandoquidem
1425 4795 1578 4851 solus
1623 4812 1654 4850 a
1703 4798 1823 4852 solo
1880 4798 2079 4870 Unige-

491 4879 663 4946 nitus,
694 4881 956 4952 solusque
1002 4881 1242 4953 Spiritus
1276 4892 1502 4947 sanctus
1537 4886 1606 4941 ab
1656 4889 1751 4943 illo
1786 4904 2079 4960 processe-

490 4981 640 5027 runt.
701 4974 842 5029 Nam
894 4976 1140 5034 Trinitas
1191 4978 1248 5032 in
1296 4978 1505 5033 unitate
1550 4980 1844 5047 consistit,
1886 4991 2079 5053 estque

491 5063 634 5121 Deus
652 5083 816 5135 unus,
842 5067 1023 5136 Pater,
1051 5069 1222 5133 Filius
1251 5079 1304 5126 et
1333 5070 1570 5142 Spiritus
1595 5081 1844 5127 sanctus.

560 5150 646 5205 lll.
692 5152 799 5209 Sed
849 5170 947 5221 eos
986 5157 1238 5213 videlicet
1285 5160 1379 5229 qui
1411 5158 1669 5229 Spiritus
1700 5160 1877 5215 sancti
1929 5176 2071 5214 non-

487 5246 618 5303 dum
655 5250 951 5322 participes
978 5267 1101 5308 esse
1145 5261 1485 5319 meruerunt,
1519 5256 1626 5309 ista
1670 5260 1980 5309 commovet
2009 5270 2072 5309 ac

491 5340 776 5406 perturbat
808 5341 1008 5403 oratio.
1060 5342 1228 5398 Nemo
1268 5345 1409 5407 enim
1458 5343 1631 5400 dicere
1657 5352 1847 5413 potest,
1884 5340 2071 5396 Domi-

564 5533 1041 5603 ‘Mattlt.nt,16.
1118 5537 1399 5597 ’ibid.i7.
1480 5538 1678 5592 3.ioan.
1718 5538 1885 5604 x,10.
1966 5538 2168 5595 ‘Joan.
2211 5555 2345 5605 xvu,
2375 5541 2428 5595 '5.

2187 4548 2332 4594 τινες
2375 4530 2483 4583 τῶν
2526 4531 2795 4602 Ἐλλήνων
2841 4530 3019 4593 θεοὺς,
3058 4530 3161 4584 οὐκ
3207 4529 3368 4591 ὄντας
3414 4526 3601 4588 θεούς·
3638 4524 3773 4580 ἀλλά

2191 4620 2353 4691 μόνος
2376 4621 2627 4691 ἀληθινὸς
2656 4621 2807 4686 Θεὸς,
2833 4620 3023 4691 ἐπειδὴ
3066 4620 3225 4689 μόνος
3264 4622 3327 4672 ὲκ
3359 4618 3521 4687 μόνον
3550 4618 3578 4669 ό
3600 4618 3773 4671 Μονο-

2188 4712 2374 4783 γενὴς,
2392 4715 2485 4773 καὶ
2514 4713 2673 4784 μόνον
2701 4711 2761 4769 τὸ
2790 4714 2950 4783 μόνον
2977 4713 3037 4765 τὸ
3061 4712 3137 4782 (4)
3156 4711 3310 4780 ἆγιον
3334 4710 3575 4781 Πνεῦμα.
3603 4706 3775 4779 Τριὰς

2190 4806 2300 4877 γὰρ
2330 4807 2388 4858 ὲν
2425 4804 2633 4876 μονάδι,
2660 4805 2754 4863 καὶ
2784 4801 2864 4869 εἷς
2890 4804 3045 4869 Θεὸς,
3083 4803 3297 4876 Πατὴρ,
3324 4802 3450 4867 Υίὸς
3477 4803 3571 4857 καὶ
3619 4802 3775 4875 ἅγιον

2187 4894 2433 4968 Πνεῦμα.

2257 5156 2329 5211 I".
2381 5159 2583 5227 Πτύρει
2633 5157 2689 5210 δὲ
2738 5160 2767 5211 ὁ
2821 5156 2977 5226 λόγος
3026 5159 3153 5220 τοὺς
3206 5156 3284 5228 μὴ
3330 5150 3770 5226 κατηξιωμένους

2181 5250 2501 5319 Πνεῦματος
2535 5250 2711 5319 ἁγίου.
2743 5248 2954 5313 Οὐδεὶς
2994 5248 3105 5319 γὰρ
3144 5248 3393 5302 δύναται
3425 5246 3637 5309 εἰπεῖν,
3656 5244 3776 5299 Κύ-

2173 5360 2311 5411 ριος
2359 5342 2614 5409 Ἰησοῦς,
2666 5345 2721 5394 εὶ
2765 5340 2853 5410 μὴ
2892 5341 2961 5393 ἐν
3013 5340 3312 5410 Πνεύματι
3344 5339 3519 5409 ἁγίῳ·
3553 5338 3615 5393 τὸ
3670 5336 3772 5412 μὲν

2509 5543 2529 5572 ⁵
2558 5540 2687 5609 Sap.
2719 5556 2831 5605 xiv,
2863 5540 2947 5593 12.
3018 5537 3218 5592 'Joan.
3242 5553 3284 5604 ι,
3319 5536 3407 5593 IS.

564 5710 643 5783 (4)
683 5718 785 5771 Καὶ
807 5716 993 5785 μόνον
1024 5718 1087 5772 τὸ
1104 5719 1305 5788 μόνον
1328 5720 1411 5771 τό.
1441 5718 1619 5774 Locus
1643 5728 1956 5791 corruptus.
1984 5721 2067 5777 An

2191 5716 2390 5776 cntlutn
2430 5722 2519 5775 καὶ
2548 5721 2704 5793 μόνον
2734 5721 2794 5774 ἐκ
2826 5720 3021 5789 μόνουῖ
3055 5717 3209 5775 Eutr.
