3950 6410
407 286 481 342 as
1823 281 1881 340 s.
1911 260 2256 337 EPiPIiANll
3616 286 3692 341 at

409 403 554 460 nime
583 398 846 470 scriptum
878 404 987 457 est.
1019 395 1379 467 intelligimus
1409 398 1588 455 lucem
1621 413 1745 455 esse
1778 411 1987 468 veram,

2107 398 2193 453 ιῦκ
2242 394 2678 469 ἀμφιϐάλλομεν,
2724 396 2815 451 ἵνα
2864 396 2939 468 μὴ
2978 395 3313 468 ἀπολώμεθα
3344 414 3359 430 ο
3394 396 3538 452 οὓτω
3595 400 3694 453 καὶ

411 492 616 548 accde
653 505 719 546 ea
756 505 815 545 re
851 489 1195 556 dubitamus,
1238 504 1309 545 ne
1338 490 1396 546 in
1441 490 1835 563 sempiternum
1866 502 1995 545 rua-

412 601 533 639 mus
579 583 807 639 esitium
840 581 955 647 ;ita
997 588 1051 637 et
1088 582 1159 637 de
1207 582 1349 638 Filio
1395 582 1667 653 scriptum
1714 588 1819 646 est,
1846 580 1996 653 quod

413 676 557 732 Deus
587 677 662 733 sit
701 674 899 732 Filius.
945 675 1025 730 Ac
1050 674 1182 731 licet
1227 688 1376 729 verus
1409 672 1548 728 Deus
1596 689 1708 730 non
1754 673 1993 740 dicatur,

411 767 755 824 iusanissiml
806 764 1165 822 nihilominus
1195 779 1322 820 esse
1361 765 1667 832 videamur,
1718 766 1765 822 si
1800 773 1999 821 contu-

415 859 647 915 meliose
694 856 903 929 aliquid
952 856 1164 913 idcirco
1183 855 1372 927 jacere
1412 855 1667 921 velimus,
1706 866 1760 912 et
1797 854 1994 911 Filium

414 966 607 1008 verum
635 966 759 1007 esse
794 951 962 1006 Deum
987 965 1273 1021 negemus.
1304 948 1453 1006 Satis
1479 959 1563 1004 est
1582 948 1729 1004 enim
1756 947 1853 1003 uni
1878 963 1999 1019 per-

416 1060 566 1100 sona:
607 1043 755 1114 quod
789 1058 913 1099 cum
942 1049 1057 1099 tota
1092 1043 1365 1098 Trinitate
1391 1040 1748 1112 coniunctum
1778 1049 1865 1096 est
1897 1040 1998 1094 tri-

416 1138 509 1192 bui
535 1147 813 1209 oportere,
857 1143 912 1194 et
938 1152 1006 1192 ex
1051 1134 1216 1191 Patre
1246 1134 1447 1190 Filium
1478 1148 1669 1189 verum
1700 1131 1871 1188 Deum
1906 1131 1995 1186 in-

414 1228 584 1300 telligi
633 1242 699 1282 ac
747 1241 937 1283 verum
979 1223 1271 1298 Spiritum,
1329 1240 1456 1282 cum
1517 1240 1585 1281 ex
1633 1224 1713 1280 rei
1763 1224 1997 1280 veritate

412 1317 558 1375 idem
622 1316 987 1389 signiﬁcantia
1048 1317 1315 1372 vocabula
1368 1316 1618 1385 utrisque
1681 1314 1998 1370 nominibus

417 1410 810 1483 respondeant;
874 1408 1126 1465 videlicet
1194 1406 1344 1462 Patri
1399 1424 1548 1465 uerus
1609 1407 1746 1465 Deus
1777 1446 1794 1473 ,
1856 1407 1998 1466 Filio

417 1502 579 1567 Deus,
625 1517 659 1559 ε
702 1500 984 1557 contrario
1018 1514 1149 1554 vero
1178 1495 1319 1553 Fdin
1358 1501 1452 1556 tua:
1476 1516 1599 1555 vera
1625 1538 1643 1565 ,
1677 1500 1825 1556 Patri
1865 1517 1997 1558 vero

406 1588 507 1639 tua:
533 1606 551 1642 :
589 1598 649 1643 ut
692 1592 907 1647 duabus
939 1590 1050 1644 illis
1100 1589 1170 1644 de
1207 1590 1492 1647 divinitate
1530 1593 1822 1649 sententiis
1865 1608 1997 1648 con-

404 1684 629 1751 junctis,
693 1681 842 1751 quod
896 1688 952 1734 ct
996 1679 1162 1737 Pater
1196 1699 1348 1738 uerus
1400 1681 1473 1734 sit
1523 1680 1696 1749 Deus,
1724 1691 1778 1739 et
1821 1684 1995 1742 Filius

412 1770 657 1823 titxrvera
694 1783 717 1826 :
749 1780 864 1825 tum
889 1771 1036 1842 quod
1068 1770 1229 1826 Pater
1259 1778 1352 1827 tua:
1394 1770 1487 1834 sit,
1517 1775 1571 1824 et
1606 1769 1779 1827 Filius
1810 1772 1989 1839 Deus;

403 1869 467 1907 ex
505 1854 643 1911 lucis
709 1857 917 1931 Deique
961 1864 1191 1917 vocibus
1219 1863 1555 1917 divinitatem
1603 1878 1766 1917 unam
1790 1904 1803 1927 ,
1838 1874 1892 1916 et
1928 1880 1994 1919 ex

419 1949 525 2014 his,
571 1951 711 2005 ηεαδ
741 1965 890 2005 verus
927 1959 979 2004 et
1002 1954 1096 2007 tua:
1151 1970 1268 2008 vera
1302 1994 1316 2019 ,
1344 1968 1508 2005 una-tn
1549 1952 1774 2008 virtutis
1797 1952 1982 2024 singu-

414 2039 685 2096 laritatem
717 2037 1006 2094 fateamur.

488 2128 551 2182 V.
596 2128 864 2185 Similiter
888 2140 942 2185 et
966 2132 1033 2187 de
1062 2130 1269 2201 Spiritu
1311 2141 1503 2188 sancto
1540 2152 1552 2187 :
1590 2133 1651 2189 Si
1670 2150 1763 2205 ego
1789 2134 1992 2200 abiero,

413 2224 596 2286 veniet,
648 2224 845 2294 inquit,
897 2226 987 2278 ille
1034 2224 1267 2294 Spiritus
1307 2227 1607 2280 vcritatis'.
1668 2227 1742 2283 De
1784 2245 1844 2283 se
1874 2228 1997 2299 ipso

415 2326 543 2364 vero
583 2312 812 2382 loquens
846 2332 858 2367 :
892 2311 1004 2384 Ego
1040 2331 1179 2379 sum,
1221 2315 1420 2385 inquit,
1466 2316 1658 2370 veritas
1681 2317 1702 2348 ¹
1738 2334 1751 2381 ;
1787 2317 1855 2372 de
1895 2318 1996 2371 Pa-

413 2411 495 2457 tre
526 2422 539 2454 :
572 2402 806 2471 Spiritus
836 2403 1019 2459 Patris
1061 2408 1160 2459 mei
1187 2408 1276 2475 qui
1300 2407 1532 2475 loquitur
1579 2409 1635 2461 in
1664 2409 1807 2463 vobis
1841 2410 1884 2463 ³.
1923 2409 1999 2465 Ac

412 2494 482 2546 de
518 2492 726 2562 Spiritu
756 2512 771 2548 :
804 2492 1065 2561 Spiritus,
1101 2496 1302 2565 inquit,
1339 2513 1485 2550 meus
1509 2508 1617 2550 stat
1640 2500 1695 2551 in
1726 2500 1897 2553 medio
1920 2518 1999 2555 ve-

415 2591 584 2635 strum
606 2584 646 2637 δ.
686 2582 768 2637 Ad
799 2582 916 2637 haec
950 2566 1209 2653 Spiritus,
1240 2585 1333 2653 qui
1363 2585 1732 2655 inexplicabili
1762 2589 1998 2657 quadam

415 2676 629 2731 ratione
670 2677 782 2748 agit
814 2691 939 2731 cum
982 2676 1142 2740 Filio,
1180 2676 1360 2748 ipsum
1402 2678 1458 2731 in
1511 2678 1865 2733 solitudinem
1914 2694 2004 2733 cs-

416 2768 589 2838 pellit,
622 2777 680 2821 ut
711 2783 741 2821 a
775 2768 997 2823 diabolo
1031 2778 1271 2823 tentetur
1292 2769 1336 2823 ⁵.
1378 2768 1524 2835 Quin
1555 2776 1611 2824 et
1644 2771 1762 2840 ipse
1810 2769 2001 2824 Domi-

415 2875 521 2914 nus
560 2880 572 2915 :
606 2860 861 2929 Spiritus,
906 2862 1104 2932 inquit,
1158 2860 1377 2914 Domini
1429 2876 1585 2929 super
1627 2878 1709 2916 me
1744 2878 1763 2916 :
1790 2873 2003 2931 propter

414 2952 553 3021 quod
592 2955 746 3007 unxit
776 2969 858 3008 me
878 2954 923 3008 ⁸.
958 2952 1131 3008 Porro
1171 2951 1414 3024 Spiritus
1462 2965 1688 3010 sanctus
1736 2970 1833 3023 per
1870 2970 1999 3025 pro-

415 3046 612 3114 phetas
642 3048 876 3117 loquens
907 3066 919 3101 :
950 3051 1078 3102 Herc
1113 3047 1265 3114 dicit,
1302 3048 1501 3118 inquit,
1539 3047 1798 3101 Dominus
1830 3048 2002 3101 omni—

2098 490 2191 545 ἐπὶ
2210 489 2304 543 τοῦ
2336 489 2466 544 Υίοῦ
2488 488 2816 561 γέγραπται,
2856 489 2939 543 ὅτι
2958 488 3091 553 Θεὸς
3134 490 3163 542 ὁ
3184 487 3329 553 Υἱὸς,
3361 490 3457 544 καὶ
3489 492 3593 547 κᾶν
3623 488 3690 543 οὐ

2098 582 2423 654 πρόσκειται
2450 581 2532 648 τὸ,
2558 580 2704 647 Θεὸς
2731 579 3043 648 ἀληθινὸς,
3082 578 3280 650 μανίαν
3312 580 3526 643 ἑαυτοῖς
3566 582 3692 635 ἑπι-

2098 667 2435 744 σωρεὺομεν,
2487 674 2537 725 ιι
2588 671 2954 744 τολμήσαιμεν
2992 669 3413 742 βλασφημῆσαι,
3462 672 3557 726 καὶ
3610 672 3691 744 μὴ

2098 764 2276 817 εἰπεῖν
2295 764 2387 817 τὸν
2415 762 2542 816 Υίὸν
2562 761 2696 817 Θεὸν
2718 761 2996 832 ἀληθινόν.
3037 762 3227 834 ’Δρκιτ
3245 760 3356 833 γὰρ
3382 762 3476 817 ἐπὶ
3504 763 3582 834 τῷ
3608 766 3693 819 ἑνὶ
3726 776 3753 783 '

2098 855 2189 909 τὸν
2221 855 2399 909 πάντα
2432 853 2729 924 σύνδεσμον
2765 853 2865 923 τῆς
2909 852 3141 924 Τριάδος
3180 854 3391 925 φέρειν,
3436 864 3533 909 καὶ
3579 855 3694 909 ἀπὸ

2096 946 2193 1002 τοῦ
2245 947 2460 1019 Πατρὸς
2511 947 2653 1001 νοεῖν
2693 944 2788 1000 τὸν
2825 945 2957 1000 Υίὸν
2996 946 3132 1000 Θεὸν
3181 946 3457 1017 ἀληθινὸν,
3490 948 3584 1000 καὶ
3628 948 3694 1002 τὸ

2099 1040 2325 1110 Πνεῦμα
2358 1037 2634 1110 ἀληθινὸν,
2673 1035 3225 1111 ἀντιπαρακιιμίνων
3256 1039 3372 1102 τοῖς
3408 1037 3695 1109 ἑκατέροις

2097 1134 2330 1204 ὀνόμασι
2350 1131 2459 1185 τῶν
2491 1129 2798 1203 ἰσορρόπων
2822 1128 2924 1201 τῆς
2949 1128 3208 1201 ἀληθείας
3223 1144 3237 1158 ·
3264 1128 3345 1199 τῷ
3369 1130 3469 1200 μὲν
3489 1130 3691 1202 [Im-pl,

2096 1224 2160 1278 τὸ
2191 1221 2336 1289 Θεὸς
2377 1220 2689 1290 ἀληθινὸς,
2719 1220 2800 1291 τῷ
2839 1220 2899 1274 δὲ
2947 1219 3081 1290 Υῐῷ,
3112 1220 3173 1274 τὸ
3208 1220 3380 1287 Θεόςο
3421 1221 3696 1275 ἀνάπαλιν

2098 1313 2155 1367 δὲ
2185 1314 2263 1384 τῷ
2292 1312 2425 1383 Υίῷ,
2467 1312 2529 1366 τὸ
2567 1310 2695 1381 φῶς
2726 1312 2795 1365 τὸ
2838 1312 3156 1381 ἀληθινὸν,
3187 1312 3266 1383 τῷ
3295 1313 3354 1367 δὲ
3395 1314 3593 1385 Πατρὶ,
3631 1315 3697 1366 τὸ

2098 1405 2226 1475 φῶς
2245 1420 2262 1436 ο
2289 1404 2377 1458 ἵνα
2403 1402 2504 1468 τὰς
2536 1404 2630 1457 δύο
2647 1402 2809 1468 δόξας
2831 1402 2931 1467 τὰς
2963 1404 3094 1475 περὶ
3119 1403 3372 1475 θεότητος
3403 1404 3695 1470 συζεύξαν-

2097 1512 2211 1559 τες,
2240 1493 2370 1566 περὶ
2400 1493 2612 1564 Πατρὸς
2649 1493 2748 1564 μὲν
2778 1492 2924 1561 Θεὸς
2949 1493 3264 1561 ἀληθινὸς,
3303 1496 3432 1565 περὶ
3468 1496 3526 1548 δὲ
3558 1494 3695 1548 Υἱοῦ

2099 1585 2225 1655 φῶς
2258 1585 2573 1652 ἀληθινὸν,
2614 1584 2710 1637 καὶ
2738 1584 2868 1655 περὶ
2906 1583 3127 1654 Πατρὸς
3157 1584 3219 1637 τὸ
3261 1584 3408 1653 φῶς,
3442 1585 3537 1637 καὶ
3565 1586 3697 1655 περὶ

2102 1676 2233 1731 Υἱοῦ
2259 1676 2319 1729 τὸ
2343 1674 2509 1742 Θεὸς,
2539 1674 2649 1728 ἀπὸ
2665 1673 2759 1727 τοῦ
2792 1674 2970 1743 φωτὸς
2999 1673 3099 1745 (5),
3134 1674 3228 1728 καὶ
3252 1673 3404 1741 Θεὸς,
3437 1676 3536 1746 τὴν
3564 1676 3695 1746 μίαν

2028 1743 2069 1798 Β
2100 1767 2351 1837 θεότητα,
2405 1767 2500 1820 καὶ
2545 1765 2654 1819 ἀπὸ
2697 1763 2793 1817 τοῦ
2836 1764 2983 1831 Θεὸς
3012 1743 3356 1833 ἀληθινὸς,
3410 1743 3506 1819 καί
3562 1743 3695 1835 god";

2098 1860 2409 1929 ἀληθινὸν,
2436 1860 2537 1929 τὴν
2563 1858 2693 1929 μίαν
2714 1856 2945 1929 ἑνότητα
2970 1858 3073 1929 τῆς
3103 1858 3388 1929 δυνάμεως
3415 1859 3690 1930 ὁμολογή-

2103 1970 2306 2023 σωμεν.

2177 2136 2251 2187 E'.
2296 2131 2571 2195 Ὡσαύτως
2590 2132 2683 2195 καὶ
2711 2132 2805 2184 ἐπὶ
2829 2130 2923 2185 τοῦ
2965 2130 3123 2200 ἁγίου
3158 2130 3502 2200 Πνεύματος·
3550 2126 3701 2182 Ἐὰν

2102 2226 2218 2297 ἐγὼ
2255 2224 2513 2287 ἀπέλθω,
2561 2224 2792 2289 ἐκεῖνος
2840 2222 3095 2292 ἔρχεται,
3129 2222 3282 2291 φησι,
3325 2223 3390 2273 τὸ
3450 2218 3701 2287 Πνεῦμα

2108 2316 2221 2385 τῆς
2250 2316 2556 2383 ἀληθείας.
2589 2314 2700 2367 Kal.
2726 2313 2804 2367 ἔτι
2837 2312 2967 2385 περὶ
2988 2311 3206 2377 ἑαυτοῦ,
3242 2313 3326 2365 ὅτι
3380 2310 3521 2380 Ἐγώ
3580 2312 3700 2379 εἰμι

2104 2408 2144 2475 ἡ
2170 2406 2419 2473 ἀλήθεια
2444 2422 2458 2437 ο
2487 2405 2580 2458 καὶ
2606 2404 2733 2474 περὶ
2766 2403 3002 2475 Πατρὸς,
3041 2403 3114 2458 Τὸ
3153 2401 3395 2471 Πνεῦμα
3426 2401 3535 2454 τοῦ
3574 2404 3701 2454 Πα-

2105 2499 2243 2568 τρός
2275 2515 2393 2567 μου
2430 2497 2497 2549 τὸ
2528 2496 2764 2550 λαλοῦν
2796 2496 2866 2549 ἐν
2893 2494 3037 2564 ὑμῖν
3057 2512 3071 2526 ⁸
3107 2496 3203 2547 xal.
3240 2492 3484 2563 περὶτοῦ
3525 2489 3700 2545 Ilvati-

2106 2608 2293 2661 ματος,
2339 2590 2446 2642 Καὶ
2470 2587 2714 2657 Πνεῦμα
2739 2605 2859 2657 μου
2891 2584 3489 2656 ἐφέστηκενὲνμέσῳ
3504 2581 3696 2652 ὑμῶν.

2104 2682 2179 2734 Τὸ
2208 2682 2266 2734 δὲ
2301 2680 2527 2751 Πνεῦμα
2573 2681 2829 2751 ἁρῤήτως
2863 2681 3217 2751 ωμπρᾶττον
3245 2678 3323 2749 τῷ
3357 2678 3469 2747 Υἱῷ
3499 2676 3701 2731 ἐκϐάλ-

2103 2772 2185 2825 λει
2210 2774 2374 2827 αὑτὸν
2401 2775 2480 2836 είς
2513 2773 2609 2843 τὴν
2638 2772 2735 2843 ἐρη
2746 2790 2844 2843 μον
2870 2772 3237 2842 πειρασθῆναι
3272 2772 3376 2824 ὑπὸ
3396 2770 3490 2824 τοῦ
3513 2769 3702 2823 διαδό-

2103 2865 2218 2918 λου.
2255 2865 2366 2918 Kal.
2411 2864 2572 2927 αὐτὸς
2598 2866 2625 2917 ὁ
2663 2865 2890 2935 Κύριος,
2931 2863 3175 2932 Πνεῦμα
3219 2864 3461 2930 Κυρίου,
3497 2857 3570 2918 οὗ
3617 2862 3702 2915 εἳ-

2108 2974 2284 3011 νεκεν
2308 2956 2516 3025 ἕχρισέ
2538 2972 2615 3025 με
2632 2972 2646 2982 ’
2683 2956 2743 3009 τὸ
2764 2956 2821 3009 δὲ
2845 2955 3069 3026 Πνεῦμα
3103 2955 3164 3008 τὸ
3188 2956 3341 3023 ἅγιον
3381 2954 3438 3006 ὲν
3479 2954 3699 3023 προφή-

2109 3070 2231 3115 ταις
2266 3051 2488 3105 λαλοῦν·
2536 3048 2679 3105 Τάὃε
2721 3049 2885 3119 λέγει
2932 3049 3146 3116 Κύριος
3190 3046 3632 3115 παντοκράτωρ,
3669 3048 3702 3099 ὀ

413 3147 620 3205 potens,
676 3139 770 3208 qui
830 3138 885 3191 in
940 3138 1227 3208 prophetis
1268 3138 1515 3207 loquitur
1564 3136 1856 3200 Dominus,
1913 3138 2000 3208 qui

2110 3144 2286 3198 λαλῶν
2320 3146 2376 3197 ὲν
2412 3145 2524 3207 τοῖς
2563 3144 2871 3213 προφήταις
2908 3141 3131 3211 Κύριος,
3164 3144 3196 3194 ὁ
3228 3140 3489 3208 στερεῶν
3509 3140 3702 3207 ,βρον-

416 3224 595 3291 ﬁrmat
626 3226 845 3288 tonitru,
873 3234 921 3279 et
952 3235 1092 3279 creat
1123 3225 1409 3294 spiritum’
1445 3244 1458 3280 :
1489 3226 1720 3292 tonitru,
1753 3228 1999 3296 inquam,

416 3312 574 3376 illud,
617 3315 778 3381 cujus
802 3315 871 3369 ab
894 3315 1211 3372 hominibus
1237 3314 1421 3386 fragor
1445 3316 1739 3371 exauditur
1767 3335 1778 3369 :
1815 3332 2001 3371 creans

415 3417 546 3455 vero
569 3402 836 3468 spiritum,
870 3416 981 3470 quo
1012 3403 1227 3472 pluvias
1255 3404 1480 3469 excitat,
1518 3420 1641 3474 qua:
1670 3407 1833 3461 terris
1864 3406 2003 3461 divi-

416 3493 567 3548 nitus
622 3492 1010 3548 immittuntur.
1066 3494 1212 3564 Ergo
1272 3494 1340 3550 de
1384 3497 1585 3551 creatis
1646 3497 1812 3551 rebus
1877 3512 2001 3551 cum

418 3582 684 3650 loquitur,
740 3583 827 3639 his
876 3584 1049 3637 utitur
1093 3584 1321 3639 verbis:
1360 3583 1614 3640 Firmans
1673 3587 1897 3651 tonitru,
1956 3596 2003 3640 et

417 3690 602 3727 crcans
650 3675 946 3742 spiritum:
981 3674 1097 3728 haec
1150 3674 1299 3728 enim
1339 3683 1525 3729 creata
1572 3686 1720 3731 sunt.
1768 3678 2005 3731 Annuu-

419 3766 564 3821 tians
604 3775 786 3820 autem
818 3766 1105 3822 Christum
1154 3783 1317 3822 suum
1364 3767 1701 3832 hominibus,
1744 3784 1853 3825 non
1890 3770 2003 3838 jam

418 3872 628 3921 creare,
683 3872 791 3912 non
828 3857 1070 3923 firmare,
1107 3858 1206 3915 sed
1256 3859 1513 3915 nuntiare
1551 3860 1872 3916 hominibus
1903 3861 2008 3930 ιο

422 3948 623 4002 dicitur
661 3964 789 4004 vere
841 3964 872 4001 a
923 3964 983 4006 se
1032 3951 1299 4021 genitum,
1332 3952 1638 4005 increatum
1672 3968 1684 4004 :
1717 3952 1812 4022 qui
1867 3969 2005 4007 con-

424 4037 564 4091 veni
610 4038 921 4107 mutarique
986 4055 1095 4095 non
1156 4047 1373 4111 potest,
1424 4041 1518 4110 qui
1582 4057 1613 4095 a
1669 4042 2007 4113 sempiterno

420 4128 791 4197 sempiternus
847 4138 958 4194 est,
1016 4133 1109 4200 qui
1163 4132 1231 4185 ab
1266 4132 1477 4187 Joanne
1525 4133 1855 4203 praedicatus
1899 4144 2002 4202 est,

417 4222 623 4291 quique
657 4237 875 4292 semper
904 4231 1012 4279 est.
1046 4222 1181 4278 Nam
1217 4224 1323 4291 Qui
1350 4236 1452 4293 est,
1482 4227 1560 4280 ait
1592 4226 1829 4298 Moyses,
1861 4230 2008 4284 misit

419 4329 500 4366 me
522 4314 565 4366 ⁸.
597 4314 665 4367 At
692 4312 934 4370 Joannes
965 4334 981 4369 :
1012 4314 1121 4380 Qui
1156 4326 1235 4370 est
1270 4318 1326 4370 in
1355 4319 1478 4371 sinu
1509 4318 1715 4383 Patris,
1758 4320 1848 4373 ille
1887 4337 2007 4373 nar-

420 4404 558 4456 ravit
585 4407 627 4458 ‘.
678 4406 866 4473 Itaque
892 4416 947 4459 et
981 4404 1156 4460 Filius
1193 4407 1471 4462 cxsistens
1498 4408 1722 4475 dicitur,
1761 4418 1815 4463 et
1846 4409 2009 4466 Pater

2102 3234 2239 3302 τὴν,
2274 3232 2371 3286 καὶ
2394 3231 2604 3293 κτίζων
2629 3230 2899 3300 πνεῦμ’
2938 3229 3168 3300 βροντὴν
3214 3228 3312 3298 μὲν
3346 3228 3442 3297 τὴν
3477 3229 3692 3296 ὲνηχου-

2108 3326 2276 3396 μένην
2319 3322 2627 3394 ἀνθρώποις
2647 3338 2660 3353 ·
2694 3319 2911 3382 κτίζων
2929 3320 2986 3373 δὲ
3007 3318 3261 3389 πνεῦμα,
3286 3321 3368 3382 εἱς
3410 3319 3702 3388 ἐνέργειαν

2107 3415 2278 3468 ὑετῶν
2301 3411 2782 3481 ἀποστελλομένων
2808 3410 2918 3465 ἀπὸ
2943 3409 3041 3462 τοῦ
3064 3408 3199 3462 Θεοῦ
3222 3412 3289 3479 τῇ
3317 3412 3409 3479 γῇ.
3437 3408 3547 3462 Kal.
3570 3408 3703 3479 περὶ

2112 3505 2212 3576 μὲν
2257 3503 2571 3574 κτισμάτων
2597 3501 2742 3555 οὕτω
2783 3501 2937 3571 φησι,
2986 3499 3249 3568 Στερεῶν
3271 3500 3566 3568 βροντὴν,
3599 3498 3701 3552 καί

2106 3595 2315 3655 κτίζων
2342 3594 2598 3663 πνεῦμα,
2632 3592 2806 3646 ταῦτα
2837 3590 2947 3660 γὰρ
2972 3590 3164 3645 κτιστὰ
3192 3590 3447 3662 ὑπάρχει.
3492 3592 3702 3657 Ἀπαγ-

2107 3687 2310 3756 γέλλων
2334 3686 2389 3739 δὲ
2418 3685 2507 3739 τὸν
2528 3684 2761 3756 Χριστὸν
2783 3682 2947 3735 αὑτοῦ
3090 3686 3201 3744 τοῖς
3217 3680 3543 3753 ἀνθρώποις,
3572 3682 3703 3735 οὒκ-

2114 3777 2194 3828 ἑτι
2257 3774 2480 3838 κτίζων.
2510 3774 2693 3829 οὐκέτι
2724 3773 2982 3844 στερεῶν,
3009 3772 3123 3826 αλλ’
3150 3773 3507 3841 ἀπαγγέλλων
3535 3774 3702 3826 αὑτὸν

2107 3870 2220 3931 τοῖς
2254 3867 2578 3937 ἀνθρώποις,
2620 3866 2712 3919 τὸν
2740 3865 2958 3937 ἀληθῶς
2990 3865 3248 3935 γεννητὸν
3280 3865 3339 3931 ἐξ
3387 3864 3573 3927 αὐτοῦ,
3604 3866 3702 3918 τὸν

2108 3959 2385 4023 ἄκτιστον,
2444 3958 2537 4011 τὸν
2578 3958 2866 4029 ἄτρεπτον,
2918 3957 3010 4010 τὸν
3060 3956 3439 4023 ἀναλλοίωτον,
3486 3958 3577 4011 τὸν
3610 3958 3702 4011 ἀεὶ

2108 4050 2237 4103 ὄντα
2267 4052 2331 4103 ὲκ
2364 4046 2455 4102 τοῦ
2505 4050 2592 4102 dsl.
2619 4048 2793 4113 ὄντος,
2822 4048 2913 4100 τὸν
2941 4048 3028 4101 διὰ
3064 4049 3312 4102 Ἰωάννου
3335 4050 3698 4119 κηρυχθέντα,

2109 4142 2195 4195 ἀεὶ
2223 4141 2371 4194 ὄντα.
2427 4140 2489 4193 '0
2519 4138 2606 4193 ὢν
2633 4139 2763 4209 γὰρ,
2808 4138 2964 4210 φησὶ,
3002 4137 3349 4193 ἀπέσταλκέ
3384 4156 3480 4206 με,
3529 4138 3698 4208 φησὶν

2111 4235 2139 4286 ὁ
2173 4231 2437 4300 Μωῦσῆς.
2470 4231 2581 4283 Kal.
2606 4232 2635 4283 ὁ
2680 4229 2957 4299 Ἰωάννης,
3002 4229 3056 4282 Ὀ
3089 4227 3174 4283 ὢν
3215 4231 3304 4296 εις
3332 4231 3438 4283 τὸν
3464 4232 3700 4285 κόλπον

2111 4320 2215 4374 τοῦ
2246 4320 2497 4387 Πατρὸς,
2525 4317 2756 4384 ἐκεῖνος
2789 4318 3151 4388 ἐξηγήσατο.
3184 4320 3281 4374 Ὧν
3307 4321 3453 4373 ἐστιν
3492 4322 3519 4373 ὁ
3548 4320 3697 4387 Υἱὸς,

2110 4408 2186 4461 ὥν
2209 4410 2355 4463 ἐστιν
2383 4412 2412 4463 ὁ
2438 4410 2647 4481 Πατὴρ,
2677 4412 2707 4461 ὁ
2736 4408 2811 4461 ὢν
2844 4410 2981 4481 πρὸς
3012 4410 3104 4464 τὸν
3128 4411 3257 4465 ὄντα
3301 4413 3360 4478 ἐξ
3388 4411 3553 4465 αὐτοῦ
3577 4428 3701 4480 γεν-

420 4495 697 4550 (assistens
727 4513 739 4548 :
774 4497 1054 4551 exsistens
1085 4496 1341 4552 videlicet
1373 4498 1439 4552 ad
1476 4500 1832 4555 exsistentem
1862 4516 2000 4555 com-

2110 4501 2317 4569 νηθεὶς,
2350 4503 2411 4555 οὐ
2452 4502 2749 4574 συναλοιφή
2787 4501 2863 4557 ὣν
2892 4503 2972 4575 τῷ
3015 4504 3214 4573 Πατρὶ,
3257 4504 3358 4557 οὐκ
3391 4504 3700 4575 ἀρξάμενος

421 4594 671 4654 paratus,
710 4594 874 4656 atque
903 4602 969 4643 ex
1015 4587 1135 4657 ipso
1169 4589 1389 4658 genitus
1420 4608 1433 4643 :
1467 4590 1561 4659 qui
1601 4606 1777 4661 neque
1808 4592 2009 4646 confu-

422 4690 518 4729 sus
567 4690 691 4729 cum
747 4676 931 4740 Patre,
986 4694 1089 4733 nec
1143 4693 1270 4734 esse
1317 4678 1617 4749 aliquando
1668 4682 1860 4751 coepit,
1910 4683 2005 4738 sed

420 4783 637 4837 semper
664 4784 789 4823 cum
822 4769 986 4825 Patre
1014 4784 1310 4841 germanus
1343 4780 1430 4828 est
1464 4792 1476 4827 :
1503 4771 1668 4828 Pater
1697 4790 1828 4830 vero
1861 4792 2007 4832 sem-

420 4874 515 4930 per
572 4860 765 4917 Filium
824 4863 1033 4933 genuit.
1108 4862 1296 4933 Neque
1354 4866 1501 4920 enim
1566 4874 1783 4938 tempus
1834 4869 2005 4923 ullum

419 4953 652 5019 exstitit,
684 4970 795 5022 quo
827 4954 991 5012 Pater
1020 4972 1131 5011 non
1165 4955 1331 5011 fuerit
1364 4956 1546 5023 Pater,
1574 4968 1670 5014 aut
1700 4975 1811 5030 quo
1835 4959 2005 5017 Filius

422 5042 569 5096 Patri
597 5045 699 5098 soli
732 5061 842 5099 non
875 5046 1059 5102 fuerit.
1091 5047 1227 5102 Nam
1260 5052 1303 5105 si
1336 5058 1554 5119 tempus
1586 5049 1781 5106 fuisset
1810 5052 2003 5116 ullum,

425 5148 538 5200 quo
584 5132 748 5187 Pater
805 5150 914 5188 non
974 5136 1191 5200 fuisset,
1239 5138 1330 5193 ille
1372 5147 1522 5195 esset
1564 5141 1791 5196 alterius
1828 5141 2007 5198 Patris

419 5224 613 5289 Filius,
666 5234 958 5296 antequam
1019 5227 1290 5299 Unigeniti
1350 5228 1512 5287 Pater
1566 5234 1878 5289 exsisteret.
1926 5236 2004 5289 lta

494 5343 507 5369 ‘
535 5340 688 5399 Joau.
731 5357 840 5403 xvn,
879 5341 928 5395 7.
1059 5344 1079 5374 ’
1109 5341 1269 5399 Joan.
1308 5362 1417 5409 xw,
1458 5347 1510 5402 6.

428 5409 527 5473 l8;
588 5410 695 5465 lsa.
755 5427 866 5477 ut,
909 5412 960 5466 1.
1041 5412 1254 5469 'Amos
1295 5417 1483 5479 13,13.
1561 5417 1778 5472 “Exod.
1815 5437 1897 5485 ιιι,
1934 5409 2019 5475 Η.

614 5502 836 5579 [lectius
864 5503 1138 5579 scriptum
1172 5504 1365 5579 fuisset
1394 5510 1506 5561 ἀπὸ
1544 5510 1638 5563 τοῦ
1671 5511 1815 5579 φῶς.
1845 5515 2002 5566 Enn.

494 5568 594 5651 (ξς.)
637 5568 1045 5651 Ἀπαγγέλλών
1074 5573 1142 5626 δὲ
1171 5576 1278 5651 ζρν
1303 5579 1564 5645 Χριστὸν
1592 5568 2008 5651 adicit-optimc

423 5633 830 5719 θέτ”υωτίείίί
860 5650 1052 5719 “ostro
1093 5633 1375 5719 reddituri.
1811 5633 2004 5705 “nisi

427 5704 701 5762 Christum
756 5727 909 5766 suum
961 5714 1301 5783 hominibus;
1355 5704 1454 5774 non
1494 5721 1601 5787 iam
1650 5704 1845 5789 creare,
1901 5704 2008 5778 etc.

1614 5348 1634 5379 ³
1679 5348 1868 5404 Matth.
1898 5367 1950 5413 χ,
1988 5351 2076 5406 ΞΘ.

2114 4593 2207 4645 τοῦ
2245 4589 2414 4647 εἶναι’
2449 4594 2537 4649 del.
2561 4594 2618 4647 δὲ
2649 4596 2873 4665 γνήσιος
2895 4596 2993 4649 σὺν
3016 4595 3213 4666 Πατρὶ,
3244 4596 3332 4649 del.
3360 4597 3549 4668 Πατὴρ
3576 4614 3701 4666 γεν-

2115 4685 2285 4755 νήσας
2314 4685 2404 4737 τὸν
2428 4686 2573 4739 Υίόν.
2598 4686 2714 4739 Οὐκ
2733 4682 2801 4756 ἦν
2821 4686 2929 4757 γάρ
2958 4702 3091 4739 ποτε
3115 4686 3324 4758 καιρὸς,
3348 4688 3435 4740 ὅτε
3460 4690 3488 4740 ὁ
3508 4689 3700 4760 Πατὴρ

2112 4777 2215 4829 οὐκ
2246 4772 2313 4846 ἦν
2348 4778 2565 4847 Πατήρ·
2598 4776 2699 4830 οὐκ
2743 4772 2811 4848 ἦν
2846 4794 2976 4831 ποτε
3009 4779 3224 4849 καιρὸς,
3255 4780 3345 4832 ὅτε
3377 4781 3405 4834 ὁ
3440 4780 3566 4843 Υἱὸς
3602 4780 3701 4850 οὐχ

2115 4867 2329 4939 ὑπῆρχε
2373 4869 2549 4939 Πατρὶ
2582 4868 2661 4938 τῷ
2700 4868 2863 4939 μόνῳ.
2901 4870 2965 4922 Ei
2992 4870 3101 4939 γὰρ
3133 4865 3203 4941 ἦν
3232 4871 3443 4940 καιρὸς,
3481 4872 3569 4923 ὅτε
3598 4871 3701 4924 οὐκ

2110 4955 2179 5030 ἦν
2218 4958 2430 5029 Πατὴρ,
2467 4958 2572 5030 ἄρα
2625 4961 2788 5024 αὐτὸς
2819 4956 2887 5031 ἦν
2919 4962 3049 5026 Υἱὸς
3090 4963 3278 5033 ἑτέρου
3309 4962 3543 5032 Πατρὸς,
3592 4962 3701 5034 πρὸ

2110 5051 2206 5105 τοῦ
2230 5047 2370 5106 εἶναι
2398 5052 2493 5104 τὸν
2519 5053 2739 5124 Πατέρα
2770 5052 2865 5105 τοῦ
2894 5055 3234 5123 Μονογενοῦς
3253 5072 3267 5085 ο
3298 5055 3392 5108 καὶ
3415 5053 3699 5117 δοκοῦντες

2110 5145 2191 5207 εἰς
2223 5143 2313 5197 τὸν
2348 5144 2566 5215 Πατέρα
2594 5145 2858 5211 εὐσεϐεῖν,
2883 5144 3100 5210 τελείως
3119 5144 3428 5200 ἀσεϐοῦσιν.
3468 5147 3555 5198 Ἐν
3576 5145 3700 5217 Θεῷ

2109 5236 2170 5290 οὐ
2208 5236 2419 5307 χρόνος,
2446 5237 2507 5289 οὐ
2547 5239 2757 5310 καιρὸς,
2785 5237 2846 5290 οὐ
2883 5238 3088 5310 στιγμὴ
3116 5238 3331 5309 χρόνου,
3371 5240 3473 5292 οὐκ
3494 5239 3696 5307 ἄτομον

2184 5352 2205 5383 ⁸
2247 5352 2381 5423 Agg.
2416 5368 2479 5425 ιι.
2511 5354 2565 5407 7.
2673 5353 2907 5412 'Matth.
2960 5370 3036 5419 ιν,
3070 5354 3094 5408 l
3131 5368 3251 5425 sqq.

2100 5422 2121 5450 ’
2143 5420 2369 5485 Joanff,
2408 5424 2491 5478 18.

2114 5512 2272 5583 Apud
2326 5513 2609 5569 Petavium
2650 5514 2915 5585 legimus,
2970 5518 3037 5568 At
3085 5531 3201 5570 vero
3242 5514 3513 5569 Christum
3541 5531 3699 5568 suum

2117 5601 2219 5654 non
2264 5584 2404 5654 jamr
2434 5601 2643 5647 creare,
2679 5583 2786 5638 etc.
2823 5583 3077 5638 Nostram
3115 5586 3409 5640 editionem
3453 5584 3695 5654 exigenti

2115 5653 2180 5726 ad
2215 5654 2361 5726 illam
2397 5653 2603 5726 Petavii
2638 5655 2911 5726 constabit
2938 5663 2991 5707 et
3020 5656 3124 5708 alia
3154 5656 3385 5726 hujusce
3424 5653 3621 5726 capitis
3664 5672 3699 5708 v-

2121 5723 2238 5778 loca
2270 5723 2623 5780 Thomasium
2654 5724 3015 5798 expolivisse,
3043 5725 3441 5783 emendavisse.

3360 5353 3380 5384 ⁸
3431 5351 3563 5408 Luc.
3620 5368 3695 5421 IV,
