3950 6442
286 345 355 402 93
1719 344 2169 408 ANCORATUS.
3512 349 3587 408 20

288 467 452 536 ὥρας,
483 464 548 518 οὗ
580 464 720 538 ῥιπὴ
747 463 1053 537 ὀφθαλμοῦ,
1084 463 1147 520 οὐ
1168 464 1410 530 διανοίας
1440 464 1717 537 μετέωρον
1749 465 1924 547 ἐνδέοη

2036 480 2124 521 um
2156 465 2212 521 in
2245 463 2464 520 Patrem
2508 463 2633 536 pios
2673 477 2735 521 se
2762 479 2888 523 esse
2926 465 3170 534 student,
3202 481 3431 539 prorsus
3473 465 3583 522 im-

286 567 472 625 χιταιο
502 554 622 609 ἀλλ’
643 556 773 611 ὅσον
801 555 849 609 δ’
870 554 1047 628 άναᾶῇ
1083 573 1177 610 σου
1205 557 1240 627 ἡ
1266 555 1477 611 διάνοια
1502 556 1635 611 Υίοῦ
1661 557 1679 588 ³
1712 574 1882 611 κατα-

2029 557 2075 611 ιίὶ
2121 563 2275 612 sunt.
2305 554 2443 610 Nam
2473 555 2530 610 in
2569 554 2683 611 Deo
2708 570 2888 627 neque
2924 564 3141 628 tempus
3171 558 3368 625 ullum,
3409 570 3589 628 neque

286 646 592 721 λαμϐάνειν
613 648 713 704 καὶ
750 648 1057 713 πιστεύειν,
1092 649 1204 703 νόει
1236 648 1355 721 ἅμα
1395 649 1491 703 καὶ
1536 648 1779 721 Πατέρα.
1806 647 1884 703 Τὸ

2029 663 2289 724 tmpestas
2320 658 2429 717 est,
2478 665 2590 708 non
2631 651 2898 724 temporis
2935 659 3224 723 punctum,
3276 668 3388 707 non
3433 651 3590 707 hora:

288 740 401 812 γὰρ
420 739 595 813 ινομά
625 741 745 795 ἔστι
770 740 1135 813 σημαντικόν
1162 741 1295 796 ὅταν
1317 741 1427 811 γὰρ
1463 740 1594 794 Υἱὸν
1615 740 1880 814 καλέσῃς,

2029 750 2348 805 nomentum,
2389 757 2500 799 non
2532 742 2678 798 oculi
2708 741 2916 808 uictus,
2934 757 3046 798 non
3075 741 3427 815 cogitationis
3470 756 3590 798 mo-

289 832 424 888 Υίὸν
445 833 644 903 λέγων.
678 832 792 889 νόει
822 833 1082 906 Πατέραο
1113 833 1222 888 ἀπὸ
1250 833 1362 906 γὰρ
1393 831 1490 888 τοῦ
1527 831 1662 889 Υιοῦ
1690 833 1883 906 Πατὴρ

2029 850 2079 890 ιε
2108 833 2254 890 ullus
2293 840 2413 902 est;
2450 834 2545 891 sed
2598 842 2863 906 quantum
2901 850 3057 890 mens
3087 841 3183 888 tua
3233 848 3359 891 sese
3388 833 3458 889 ad
3494 830 3591 889 Fi-

289 918 514 978 νοειταὶ.
548 922 659 977 Καὶ
684 923 817 978 ὅταν
844 923 1082 996 καλέσῃς
1103 923 1326 994 Πατέρα
1349 964 1364 991 ,
1396 923 1685 996 σημαίνεις
1717 923 1880 979 mv-

2034 942 2123 980 um
2157 924 2741 997 comprehendendum
2784 941 2851 983 ac
2889 926 3226 983 credendum
3259 925 3441 997 erigit,
3474 939 3584 981 una

291 1012 486 1086 Πατὴρ
511 1014 624 1085 γάρ
654 1014 875 1079 πάντως
896 1013 1030 1070 Υίοῦ
1060 1014 1327 1070 καλεῖται.
1543 1038 1547 1044 ·

2029 1024 2044 1071 t
2084 1014 2301 1073 Patrem
2343 1017 2531 1073 animo
2578 1016 2830 1089 concipe.
2876 1015 3090 1090 Quippe
3143 1031 3344 1072 nomen
3396 1014 3577 1087 ipsum

296 1102 640 1173 significandi
685 1105 793 1161 vim
832 1106 1034 1172 habet;
1083 1120 1148 1161 ae
1175 1104 1396 1176 quoties
1425 1103 1626 1161 Filium
1664 1105 1931 1177 appellas.
1960 1113 2075 1163 tum
2130 1123 2256 1164 cum
2287 1106 2488 1164 Filium
2533 1108 2697 1175 dicis,
2769 1107 2987 1164 Patrem
3032 1107 3273 1180 intellige
3319 1122 3485 1162 :uam
3527 1121 3597 1163 cx

293 1193 437 1251 Filio
467 1195 630 1253 Pater
653 1198 996 1271 intelligitur.
1033 1197 1100 1255 Et
1126 1215 1252 1257 eum
1271 1201 1492 1257 Patrem
1515 1201 1786 1267 nominas,
1806 1200 2002 1258 Filium
2034 1204 2315 1274 signiﬁcas
2343 1221 2360 1260 :
2388 1204 2591 1277 quippe
2616 1203 2782 1261 Pater
2806 1203 2928 1259 Filii
2963 1220 3192 1276 prorsus
3221 1219 3344 1260 esse
3373 1202 3596 1262 dicitur.

365 1291 460 1359 (τ’.
497 1292 637 1346 Πότε
673 1288 768 1347 οὖν
796 1292 1020 1349 δύνασαι
1059 1296 1287 1367 τολμᾷν,
1327 1296 1425 1350 καὶ
1466 1295 1645 1366 λέγειν
1670 1296 1753 1350 ὅτι
1793 1297 1894 1350 οὐκ

2083 1296 2174 1353 Vl.
2217 1296 2581 1364 Quandonam
2619 1297 2786 1370 igitur
2824 1296 3087 1352 audacter
3126 1296 3180 1351 id
3238 1293 3596 1365 pronuntiare

293 1378 362 1455 ἦν
390 1384 584 1456 Πατὴρ
608 1387 637 1438 ὁ
660 1386 873 1459 Πατὴρ,
903 1386 991 1441 ἵνα
1016 1389 1110 1441 καὶ
1133 1386 1264 1441 Υἱὸν
1288 1387 1567 1459 τολμήσῃς
1602 1388 1778 1441 εἰπεῖν
1807 1387 1885 1459 μὴ

2029 1400 2175 1457 otes,
2217 1390 2437 1446 Patrem
2471 1406 2582 1446 non
2611 1389 2782 1447 fuisse
2809 1389 3057 1456 Patrem,
3087 1397 3149 1443 ut
3179 1397 3233 1443 et
3260 1386 3455 1441 Filium
3486 1400 3596 1439 non

280 1470 470 1540 .εῐναι;
508 1475 573 1528 El
617 1475 672 1529 δὲ
708 1475 768 1528 οὐ
807 1476 1013 1548 τολμᾷς
1057 1475 1214 1542 ἀξίαν
1246 1477 1566 1549 προσθεῖναι
1594 1478 1771 1550 Πατρὶ
1812 1476 1894 1546 (τὸ

2029 1485 2177 1539 uisse
2226 1482 2424 1537 dicas?
2460 1481 2619 1548 Quod
2664 1481 2710 1537 si
2748 1480 2957 1535 nullam
3004 1477 3288 1548 dignitatis
3330 1476 3599 1532 accessio-

298 1564 411 1637 γὰρ
447 1567 538 1620 ἀεὶ
570 1566 632 1619 ὃν
665 1569 723 1620 ὲν
754 1569 1046 1638 ταυτότητι
1075 1569 1333 1640 ὑπάρχει,
1364 1569 1461 1622 καὶ
1498 1569 1599 1624 οὐκ
1622 1568 1895 1623 ἐπιδέεται

2029 1589 2125 1627 tem
2164 1570 2422 1642 atlingere
2460 1570 2667 1626 audeas
2698 1569 2849 1624 Patri
2882 1587 2897 1624 :
2926 1583 3051 1623 nam
3088 1582 3188 1623 ens
3228 1574 3494 1621 aeternum
3542 1565 3596 1619 in

299 1657 643 1763 προσθῃκης,
668 1660 729 1713 οὐ
751 1658 931 1730 δόξης,
954 1660 1013 1712 οὐ
1044 1658 1371 1732 προκοπῆς),
1404 1660 1540 1731 μάθε
1560 1658 1635 1731 μὴ
1653 1658 1898 1730 βλασφηο

2033 1664 2303 1718 dentitate
2342 1671 2654 1733 permanet,
2702 1676 2881 1731 neque
2927 1659 3303 1714 additamenta
3339 1658 3473 1722 ullo,
3516 1658 3601 1711 vel

303 1754 448 1820 μεῖν,
476 1745 522 1805 ὧ
566 1751 821 1822 πολεμῶν
856 1750 955 1821 τὴν
991 1750 1196 1817 πίστιν,
1234 1751 1435 1822 μᾶλλον
1460 1751 1517 1804 δὲ
1540 1751 1765 1805 σεαυτὸν
1791 1751 1901 1805 ἀπὸ

2029 1752 2199 1820 gloria,
2233 1761 2331 1807 aut
2365 1752 2712 1807 incremento
2749 1764 2890 1819 opus
2913 1750 3099 1812 habet,
3131 1749 3288 1803 disce
3314 1756 3441 1803 tuas
3480 1748 3604 1802 illas

303 1846 546 1906 πίστεως
595 1843 827 1908 διώκων,
883 1842 1000 1897 ἀλλ’
1034 1842 1123 1896 ἀεὶ
1177 1842 1403 1896 πίστευε
1461 1840 1684 1913 Πατέρα
1728 1842 1902 1896 ἀΐδιον

2029 1864 2062 1900 u
2098 1845 2267 1901 Deum
2310 1844 2677 1901 contumelias
2719 1843 3045 1912 reprimere,
3075 1843 3394 1912 quicunque
3437 1840 3598 1896 fidem

303 1933 524 2004 ἀληθῶς
561 1935 899 2005 γεννήσαντα
946 1933 1096 1996 Υἱὸν,
1127 1932 1219 1985 τὸν
1259 1932 1345 1985 ἀεὶ
1375 1931 1544 1995 ὅντως
1572 1931 1724 1997 ὄντα,
1766 1932 1905 2004 πρὸς

302 2024 396 2077 τὸν
426 2024 597 2086 ὅντως
632 2022 763 2076 ὄντα
796 2022 1038 2094 Πατέρα.
1074 2021 1201 2085 Υἱὸς
1235 2019 1345 2093 γὰρ
1377 2021 1466 2073 ἀεὶ
1504 2021 1565 2073 οὐ
1607 2019 1907 2091 συναλοιφή

306 2114 384 2168 ὣν
422 2115 501 2186 τῷ
532 2115 729 2186 Πατρὶ,
773 2115 834 2167 οὐ
873 2114 1222 2183 συνάδελφος,
1266 2112 1381 2175 ἀλλ’
1414 2111 1543 2175 Υἱὸς
1586 2113 1812 2183 γνήσιος
1843 2115 1907 2166 ἐκ

307 2207 527 2279 Πατρὸς
550 2204 975 2277 γεγεννημένος,
1015 2204 1245 2274 φυσικὸς
1284 2203 1431 2268 Υἱὸς,
1466 2203 1526 2256 οὐ
1566 2200 1718 2265 Οετός
1739 2220 1751 2231 ·
1777 2202 1907 2267 Υἱὸς

306 2298 595 2372 ὁμοούσιος
617 2297 694 2369 τῷ
726 2297 901 2370 Πατρί
921 2314 935 2328 ο
962 2297 1021 2350 οὐ
1061 2313 1092 2348 σ
1114 2314 1145 2348 υ
1167 2313 1196 2361 ν
1219 2312 1247 2348 ο
1270 2295 1299 2348 ύ
1332 2312 1362 2347 σ
1388 2312 1520 2359 ιος,
1546 2294 1661 2348 ἀλλ’
1693 2294 1907 2363 όμοού-

308 2409 470 2457 σιος,
503 2389 782 2444 τουτέστιν
814 2391 917 2443 οὐκ
967 2387 1169 2456 ἔξωθεν
1210 2386 1306 2441 τοῦ
1356 2387 1571 2459 Πατρὸς
1604 2385 1907 2458 γεννηθεὶς,

310 2484 388 2549 ὥς
416 2501 562 2548 τινες
594 2482 851 2564 εἰρωνείᾳ
888 2481 1165 2555 φέρονται,
1197 2480 1344 2533 θέσει
1373 2479 1623 2543 θέλοντες
1656 2475 1796 2534 εἶναι
1818 2478 1910 2532 τὸν

312 2576 464 2641 Υἱὸν,
513 2575 607 2629 καὶ
646 2575 749 2629 οὐκ
781 2573 1032 2645 ἀληθείᾳ.
1086 2572 1391 2643 Σύνδεσμος
1420 2572 1477 2626 δὲ
1526 2571 1628 2642 τῆς
1674 2571 1912 2633 πίστεως

309 2663 642 2732 ὀμοούσιον
688 2662 888 2730 λέγειν.
927 2659 1053 2714 Ἐὰν
1086 2661 1196 2732 γὰρ
1244 2661 1407 2732 εἴπῃς
1453 2657 1515 2713 τὸ
1561 2660 1910 2730 opaci-mor,

315 2754 515 2818 ἔλυσας
542 2752 835 2806 Σαδελλίου
863 2755 963 2825 τὴν
987 2752 1237 2825 δύναμιν.
1272 2753 1446 2806 Ὅπου
1471 2751 1547 2825 (6)
1571 2752 1681 2822 γὰρ
1703 2752 1915 2821 όμοού-

315 2862 480 2913 σιον,
519 2847 650 2918 μιᾶς
699 2844 1055 2910 ὑποστάσεώς
1108 2846 1225 2898 ἐστι
1267 2843 1563 2917 δηλωτικόν
1586 2861 1601 2874 '
1643 2843 1780 2898 ἀλλὰ
1820 2843 1916 2897 καὶ

316 2939 686 2993 ὲνυπόστατον
717 2937 976 3009 σημαίνει
1018 2936 1110 2991 τὸν
1139 2937 1383 3009 Πατέρα,
1423 2936 1518 2990 καὶ
1551 2936 1917 2991 ένυπόστατον

2006 1954 2318 2010 oppugnas,
2357 1938 2443 1993 vel
2481 1937 2552 1993 ab
2586 1951 2649 1991 ea
2692 1944 2745 1990 te
2779 1936 2963 2005 potius
3002 1950 3258 2006 segregas
3294 1953 3306 1987 :
3355 1933 3452 1988 sed
3483 1947 3607 2003 pcr-

2008 2040 2175 2102 petuo
2227 2031 2389 2087 crede
2438 2037 2706 2086 aeternum
2757 2043 2883 2084 esse
2935 2026 3178 2091 Patrem,
3219 2041 3250 2080 a
3283 2042 3392 2096 quo
3434 2024 3608 2080 Filius

2009 2124 2083 2179 sit
2117 2139 2307 2181 revera
2352 2123 2572 2194 genitds
2599 2141 2612 2176 :
2646 2122 2740 2192 qui
2772 2130 2829 2178 et
2862 2122 2980 2192 ipse
3008 2134 3202 2175 revera
3252 2134 3473 2190 semper
3502 2125 3608 2184 est,

2009 2226 2066 2273 et
2099 2217 2168 2271 ad
2203 2218 2566 2273 exsistentem
2602 2230 2795 2270 revera
2823 2213 3043 2269 Patrem
3086 2211 3325 2268 refertur
3361 2231 3373 2265 :
3401 2213 3610 2282 quippe

2009 2308 2187 2364 Filius
2222 2323 2440 2377 semper
2485 2314 2594 2372 est,
2644 2321 2756 2361 non
2785 2304 3053 2360 confusus
3104 2319 3231 2358 cum
3277 2301 3461 2365 Patre,
3505 2318 3611 2357 nec

2013 2400 2189 2471 ipsius
2219 2399 2412 2464 frater,
2442 2396 2539 2454 sed
2574 2412 2872 2469 germanus
2902 2395 3077 2451 Filius
3104 2411 3135 2448 a
3167 2394 3335 2450 Patre
3363 2385 3608 2465 genitus,

2013 2509 2078 2548 ac
2111 2503 2331 2557 natura,
2355 2508 2466 2548 non
2492 2490 2789 2562 adeptione
2814 2488 3008 2545 Filius.
3044 2483 3189 2543 Idem
3217 2499 3273 2543 et
3299 2487 3453 2543 Patri
3478 2502 3612 2542 con-

2016 2584 2432 2650 substantialis;
2481 2597 2589 2638 non
2619 2581 2936 2653 synousios,
2971 2579 3024 2633 id
3050 2586 3154 2643 est,
3176 2576 3338 2633 simul
3363 2575 3613 2631 substan-

2016 2678 2171 2745 tia';
2224 2676 2321 2733 sed
2375 2674 2737 2737 bomousios,
2804 2672 2860 2728 id
2916 2679 3035 2733 est,
3099 2669 3613 2735 consubstantialis,

2016 2782 2214 2837 nempe
2252 2781 2364 2822 non
2406 2773 2563 2822 extra
2594 2763 2815 2818 Patrem
2852 2763 3094 2834 genitus,
3141 2770 3202 2816 ut
3237 2760 3491 2816 nonnulli
3518 2776 3614 2815 ea-

2016 2860 2301 2926 villantur,
2349 2859 2445 2928 qui
2478 2857 2679 2914 Filium
2714 2872 2824 2912 non
2859 2872 2925 2912 ex
2971 2856 3053 2911 rei
3086 2855 3319 2912 veritate
3345 2869 3490 2920 esse,
3521 2853 3616 2910 sed

2022 2950 2318 3021 adoptione
2360 2958 2617 3006 censent.
2657 2948 2824 3019 Atqui
2873 2946 3000 3002 ﬁdei
3041 2948 3324 3002 vinculum
3375 2955 3461 3003 est
3501 2962 3618 3001 εοιι·

316 3031 409 3084 τὸν
434 3031 585 3093 Υἱὸν,
609 3030 706 3084 καὶ
726 3029 1092 3084 ἐνυπόστατον
1112 3029 1174 3083 τὸ
1207 3028 1344 3082 Πνεῦ
1354 3015 1436 3100 μα’
1452 3027 1513 3082 τὸ
1538 3027 1713 3097 ἅγιον.
1747 3029 1917 3082 Ὅταν

2029 3015 2434 3098 substantiola»:
2471 3040 2653 3097 fateri.
2684 3015 2807 3107 Quo
2843 3039 3169 3110 usurpando
3210 3038 3487 3094 vocabulo
3513 3036 3615 3092 Sa-

318 3121 377 3177 δὲ
404 3124 468 3176 τὸ
498 3124 824 3193 ὀμοούσιον
848 3120 982 3193 λέγῃ
1004 3118 1159 3194 [τις],
1187 3122 1288 3176 οὐκ
1314 3120 1594 3194 ἀλλότριον
1619 3120 1720 3191 τῆς
1746 3120 1920 3191 αὐτῆς

322 3215 580 3284 θεότητος
606 3213 883 3285 σημαίνει,
913 3211 1052 3267 ἀλλὰ
1077 3212 1210 3267 Θεὸν
1236 3217 1302 3270 ὲκ
1333 3211 1470 3266 Θεοῦ
1500 3212 1593 3266 τὸν
1641 3211 1794 3277 Υἰὸν,
1822 3211 1922 3265 καὶ

323 3305 461 3361 Θεὸν
480 3306 543 3360 τὸ
565 3305 790 3377 Πνεῦμα
806 3305 869 3359 τὸ
891 3304 1044 3374 ἆγιον
1069 3307 1172 3376 τῆς
1189 3305 1361 3376 αὐτῆς
1380 3303 1654 3376 θεότητος,
1684 3305 1746 3357 οὐ
1771 3304 1923 3374 τρεῖς

326 3398 504 3463 θεοὺς.
529 3398 665 3453 Οὐδὲ
686 3398 793 3469 γὰρ
819 3396 915 3451 ἐὰν
937 3399 1180 3469 εἴπωμεν
1200 3396 1293 3450 τὸν
1320 3397 1447 3451 Υἱὸν
1468 3398 1561 3451 καὶ
1583 3397 1674 3450 τὸν
1699 3394 1922 3467 Πατέρα

326 3492 483 3557 Θεὸν,
501 3490 594 3544 δύο
610 3490 764 3555 θεοὺς
776 3490 1035 3561 λέγομεν
1050 3485 1130 3555 εἷς
1152 3490 1258 3561 γάρ
1292 3493 1440 3545 ἐστιν
1469 3491 1501 3560 ἡ
1510 3489 1624 3560 μῶν
1640 3487 1832 3553 ὁΘεὸς,
1847 3487 1924 3551 ὦς

331 3605 499 3658 φησιν
527 3586 557 3638 ὁ
583 3585 848 3657 μακάριος
876 3585 1136 3656 Μωῦσῆς,
1165 3585 1384 3652 Κύριος
1414 3586 1447 3638 ό
1473 3583 1617 3649 Θεός
1638 3597 1778 3649 σου,
1808 3581 1925 3636 Κύ-

327 3699 459 3750 ριος
490 3674 579 3747 εἷς
605 3680 796 3732 ἐστιν.
830 3679 903 3731 Οὐ
933 3677 1090 3741 θεοὺς
1124 3677 1377 3748 λέγομεν,
1409 3674 1541 3729 Θεὸν
1564 3676 1659 3729 τὸν
1678 3674 1922 3746 Πατέρα,

331 3774 468 3827 Θεὸν
489 3772 583 3825 τὸν
611 3771 758 3834 Υἱὸν,
791 3770 923 3823 Θεὸν
947 3770 1009 3823 τὸ
1036 3770 1190 3839 ἆγιον
1223 3767 1472 3839 Πνεῦμα,
1499 3767 1593 3821 καὶ
1618 3767 1678 3821 οὐ
1728 3767 1885 3830 θεούς
1908 3782 1922 3796 ·

332 3863 456 3917 οὐδὲ
490 3861 599 3934 γὰρ
627 3860 885 3915 πολυοεΐα
920 3862 977 3913 ὲν
1002 3858 1140 3930 Θεῷ,
1175 3857 1276 3912 Διὰ
1308 3859 1365 3912 δὲ
1391 3857 1501 3911 τῶν
1532 3857 1701 3929 τριῶν
1725 3856 1927 3929 ὀνομάο

334 3973 446 4009 των
477 3956 510 4025 ἡ
552 3954 652 4025 μία
686 3953 878 4024 θεότης
918 3951 1131 4023 Πατρὸς
1161 3950 1257 4005 καὶ
1283 3948 1415 4004 Υίοῦ
1443 3950 1537 4003 καὶ
1564 3951 1723 4019 ἁγίου
1750 3948 1925 4004 Πνεύ-

340 4063 512 4117 ματος
534 4063 549 4077 ο
580 4046 673 4099 καὶ
696 4046 755 4098 οὐ
789 4045 882 4097 δύο
922 4045 1049 4111 υἱοὶ,
1094 4042 1406 4113 Μονογενὴς
1441 4042 1550 4115 γὰρ
1586 4038 1667 4107 εἷς
1693 4045 1722 4096 ὁ
1762 4043 1891 4106 Υἱός
1911 4057 1927 4073 ’

335 4140 399 4192 τὸ
446 4140 600 4206 ἆγιον
627 4135 874 4209 Πνεῦμα,
913 4135 1141 4208 Πνεῦμα
1182 4135 1358 4203 ἆγιον,
1391 4133 1616 4204 Πνεῦμα
1645 4132 1806 4201 Θεοῦ,
1838 4135 1926 4187 ἀεὶ

335 4230 397 4285 ὃν
434 4231 533 4284 σὺν
577 4230 747 4301 Πατρὶ
776 4230 868 4283 καὶ
900 4228 1037 4299 Υίῷ,
1076 4228 1179 4282 οὐκ
1216 4228 1493 4299 ἀλλότριον
1541 4226 1698 4294 Θεοῦ,
1731 4227 1840 4280 ἀπὸ
1871 4227 1930 4281 δὲ

337 4322 478 4375 Θεοῦ
511 4321 592 4383 ὃν,
628 4321 737 4375 ἀπὸ
778 4321 993 4392 Πατρὸς
1030 4320 1486 4391 ἐκπορευόμενον,
1522 4321 1617 4374 καὶ
1647 4318 1743 4373 τοῦ
1794 4318 1927 4374 Υίοῦ

339 4413 621 4487 λαμϐάνον
661 4412 761 4486 (7).
802 4411 943 4467 Ἀλλ’
992 4415 1021 4467 ὁ
1052 4411 1153 4484 μὲν
1186 4411 1317 4476 Υἱὸς
1369 4411 1665 4485 μονογενὴς
1708 4411 1921 4467 ἀκατά-

415 4574 433 4605 ¹
462 4570 526 4627 F.
554 4572 701 4626 Υἱόν.
775 4572 798 4604 ²
820 4569 919 4628 Vel
942 4571 1116 4626 socius
1138 4570 1474 4625 substantiae.
1553 4570 1574 4602 ³
1598 4567 1759 4626 Deut.
1794 4584 1869 4636 v1,
1901 4569 1957 4624 4.

2022 3134 2169 3189 bellii
2218 3134 2391 3189 robur
2433 3132 2713 3202 infringis.
2767 3129 2890 3185 Non
2943 3130 3092 3186 enim
3143 3129 3619 3185 consubstantialis

2021 3239 2127 3278 vox
2162 3223 2497 3292 singularem
2529 3222 2630 3290 ιι
2659 3218 2997 3292 bypostasim
3027 3218 3325 3289 significat,
3362 3220 3457 3273 sed
3487 3218 3621 3272 sub—

2023 3317 2311 3373 sistentem
2344 3329 2473 3370 esse
2514 3312 2759 3377 Patrem,
2790 3310 3182 3367 subsistentem
3216 3309 3437 3374 Filium,
3477 3309 3622 3365 sub—

2023 3409 2312 3463 sistentem
2363 3403 2629 3476 Spiritum
2671 3411 2927 3459 sanetum
2968 3418 3094 3458 esse
3144 3401 3412 3458 declarat.
3452 3400 3624 3457 Porro

2024 3499 2117 3569 qui
2152 3495 2670 3552 consubstantialem
2700 3494 2856 3562 dicit,
2882 3495 2952 3550 ab
2973 3494 3166 3549 eadem
3195 3493 3488 3549 divinitate
3514 3508 3622 3549 non

2026 3589 2264 3645 alienum
2302 3588 2456 3652 facit,
2487 3587 2586 3644 sed
2621 3586 2793 3642 Deum
2834 3601 2900 3642 ex
2972 3584 3081 3641 Deo
3110 3583 3336 3651 Filium,
3364 3599 3429 3639 ac
3455 3582 3624 3639 Deum

2026 3681 2295 3751 Spiritum
2354 3687 2612 3735 sanctum
2662 3679 2855 3736 eadem
2915 3678 3206 3735 divinitate
3256 3685 3623 3738 constantem,

2026 3789 2138 3829 non
2171 3782 2287 3829 tres
2321 3773 2454 3829 deos
2492 3772 2774 3844 exprimit.
2824 3769 3039 3826 Etenim
3092 3785 3221 3826 cum
3269 3768 3476 3824 Filium
3529 3765 3628 3820 Pa-

2027 3876 2281 3935 tremque
2330 3865 2686 3921 nominamus
2732 3862 2924 3931 Deum,
2984 3863 3126 3919 duos
3174 3863 3310 3918 deos
3351 3876 3463 3916 non
3495 3857 3628 3915 dici-

2028 3972 2200 4012 mus:
2233 3956 2506 4026 siquidem
2564 3970 2711 4010 unus
2757 3954 2922 4010 nobis
2962 3966 3048 4010 est
3102 3953 3268 4020 Deus,
3329 3961 3391 4007 ut
3431 3952 3625 4007 beatus

2031 4046 2210 4102 Moses
2245 4048 2442 4103 asserit
2472 4063 2489 4100 :
2520 4045 2786 4101 Dominus
2822 4044 2965 4100 Deus
2997 4054 3144 4114 tuus,
3193 4045 3458 4101 Dominus
3491 4060 3627 4099 unus

2030 4145 2111 4192 est
2135 4137 2179 4189 ⁸.
2216 4135 2402 4202 Quare
2441 4136 2611 4192 Deum
2662 4134 2908 4200 Patrem,
2953 4136 3125 4191 Deum
3177 4136 3400 4201 Filium,
3457 4135 3626 4191 Deum

2034 4227 2298 4299 Spiritum
2323 4237 2597 4292 sanctum,
2630 4242 2744 4282 non
2771 4227 2905 4284 deos
2931 4228 3293 4297 appellamus.
3318 4226 3456 4281 Nam
3479 4224 3630 4280 nulla

2032 4328 2118 4378 est
2158 4319 2455 4376 multitudo
2500 4319 2752 4377 deorum.
2788 4320 3062 4375 Caeterum
3098 4320 3277 4375 tribus
3312 4319 3420 4374 illis
3452 4318 3632 4373 nomi-

2029 4412 2196 4468 nibus
2234 4410 2495 4469 divinitas
2545 4425 2658 4467 una
2686 4409 2892 4477 Patris,
2925 4406 3048 4464 Filii
3083 4423 3148 4465 ac
3181 4409 3361 4466 sancti
3395 4408 3632 4481 Spirituo

418 4729 498 4801 (6)
515 4730 723 4801 Ὅπου.
741 4727 1099 4801 Negationem
1126 4727 1264 4801 legit
1281 4725 1576 4797 interpres,
1610 4740 1925 4797 sensusque
1954 4727 2001 4783 D
2029 4722 2475 4801 adhibeant_,_sed
2504 4721 2658 4801 illius
2684 4722 2809 4777 loco
2842 4720 2946 4777 has
2988 4720 3129 4779 alias
3157 4719 3457 4801 habeantur
3489 4718 3637 4777 Filio

345 4796 623 4874 postulat,
642 4800 764 4874 nisi
785 4796 967 4874 aliqua
989 4796 1203 4874 desint:
1224 4796 1391 4874 E011.

419 4870 497 4942 (7)
521 4871 631 4925 Kal
660 4864 940 4942 101311627
972 4867 1302 4942 λαμϐᾴνοῖ.
1320 4866 1389 4942 Et
1412 4883 1446 4920 a
1468 4864 1615 4942 Filio
1639 4866 1924 4935 accipiens.

346 4936 634 5011 Loquendi
673 4941 868 5011 mod‘us
906 4954 939 4992 a
978 4936 1178 5011 divinis
1236 4937 1537 5011 scripturis
1583 4936 1927 5005 desumptus,

348 5008 468 5082 quo
520 5019 731 5067 veteres
777 5008 1002 5065 Graeciae
1045 5008 1239 5065 Patres
1290 5009 1348 5062 in
1406 5020 1499 5071 re,
1539 5021 1662 5131 quae
1704 5015 1930 5089 captum

353 5084 518 5131 lanae
562 5089 783 5131 superat
829 5081 1145 5131 hominum.
1181 5078 1481 5131 utebantur
1514 5092 1545 5130 a
1618 5077 1752 5131 illud
1784 5078 1930 5131 Idem

353 5077 532 5153 longe
562 5089 783 5153 supcrat
829 5081 1110 5153 hominum
1130 5121 1145 5144 ,
1181 5078 1481 5153 utebantur
1514 5077 1583 5131 ad
1618 5077 1752 5153 illud
1784 5077 1930 5153 idem

353 5146 780 5225 significandum
802 5192 834 5225 ,Α
870 5150 1015 5225 quod
1084 5148 1269 5225 Latini
1325 5147 1585 5225 dicebant
1657 5146 1932 5225 Spiritum

355 5217 611 5279 sa'nctum
643 5222 695 5277 in
728 5217 929 5277 divinis
953 5228 1007 5276 et
1046 5235 1076 5275 a
1125 5217 1266 5276 Filio
1300 5217 1621 5290 procedere.
1652 5218 1933 5290 Quemadf

355 5292 582 5348 modum
631 5293 775 5347 enim
827 5299 1087 5347 aeternam
1131 5290 1280 5344 illam
1304 5286 1683 5354 ineffabilem,
1714 5302 1814 5347 ac.
1855 5287 1933 5342 uti

356 5364 563 5419 schola:
612 5364 798 5427 aiunt,
848 5362 1238 5417 immauentem
1292 5360 1562 5429 originem
1620 5366 1736 5429 tum
1783 5356 1932 5423 Filii,

356 5442 477 5488 tum
504 5433 739 5503 Spiritus
770 5431 968 5495 sancti,
1002 5447 1033 5486 a
1058 5430 1240 5494 Patre,
1269 5428 1583 5503 divinarum
1618 5428 1934 5498 Scriptura-

360 5519 484 5559 rum
522 5497 730 5568 verbis,
756 5503 960 5573 quibus
990 5509 1221 5573 uterque
1241 5500 1451 5573 Adicitur
1481 5514 1529 5573 a_
1551 5497 1712 5553 Patre
1741 5513 1937 5573 proceo'

359 5573 511 5640 dere,
539 5568 960 5645 exprimebant;
993 5572 1094 5637 sic,
1121 5568 1376 5645 utsimili
1408 5568 1572 5645 modo
1610 5570 1788 5625 sacris
1820 5578 1939 5645 ute-

363 5639 552 5703 rentur
587 5639 813 5702 vocibus
839 5644 906 5697 at!
935 5641 1305 5698 denotandum
1341 5651 1396 5695 et
1419 5639 1659 5709 Spiritus
1690 5639 1867 5693 sancti
1908 5653 1939 5692 a

362 5716 498 5771 Filio
525 5716 794 5788 originem
822 5733 836 5783 ;
864 5711 1205 5788 cu_m__d_i.vina
1235 5710 1452 5779 eloquia
1489 5710 1733 5788 Spiritus
1760 5710 1941 5765 sancti

359 5779 640 5863 respectu'
656 5779 832 5844 relate
878 5784 945 5839 ad
988 5782 1221 5848 Filium,
1267 5796 1455 5837 vocem
1494 5779 1789 5850 procedere
1830 5794 1943 5835 non

870 5150 1015 5220 quod
1084 5148 1269 5220 Latini
1325 5147 1585 5220 dicebant

2035 4795 2266 4862 accipit;
2319 4793 2474 4849 hisce
2514 4792 2591 4846 uti
2652 4802 3103 4856 consueverunt,
3153 4807 3277 4862 quae
3315 4792 3457 4847 idem
3510 4806 3636 4846 cum

2036 4866 2204 4920 verbo
2258 4862 2557 4933 procedere
2594 4863 2824 4919 omnino
2873 4862 3183 4933 denotant:
3221 4864 3369 4932 quod
3410 4862 3568 4933 enim
3604 4875 3637 4933 a

2044 4933 2187 4990 Filio
2223 4922 2468 5004 Spiritus
2512 4943 2742 4988 sanctus
2770 4933 2991 5002 accipit,
3026 4932 3161 4986 illud
3193 4922 3637 5004 ei'deanpiritui

2044 5020 2154 5061 non
2196 4999 2521 5066 externum,
2556 5017 2666 5057 non
2705 4999 3027 5056 extraneum
3065 5011 3181 5066 est,
3213 5000 3309 5058 sed
3343 4999 3636 5065 οὐσιῶδες,
3704 5040 3713 5047 .

2041 5075 2146 5130 hoc
2175 5082 2261 5130 est
2287 5074 2355 5128 ad
2385 5082 2640 5143 naturam
2692 5073 2920 5126 omnino
2950 5080 3230 5143 spectans.
3260 5072 3337 5126 Ex
3369 5088 3489 5143 quo
3505 5086 3642 5127 sane

2050 5152 2281 5217 apparet
2316 5144 2509 5199 Patres
2526 5141 2774 5217 _Graec_os_
2798 5142 2942 5217 inter
2988 5149 3154 5217 atque
3188 5141 3417 5217 La_t_ii_ios
3442 5142 3641 5217 discri-

2038 5211 2163 5271 m'e'n
2196 5215 2263 5270 de
2292 5215 2650 5285 processione
2683 5212 2924 5285 Spiritus
2964 5211 3144 5268 sancti
3178 5228 3210 5268 a
3241 5211 3380 5269 Filio
3427 5228 3537 5285 non
3578 5212 3640 5268 in

2038 5282 2558 5357 dogmate—versari,
2612 5283 2708 5338 sed
2756 5283 2813 5337 in
2856 5297 3004 5357 mera
3048 5298 3240 5357 vocum
3295 5282 3637 5357 diversitate,

2039 5353 2188 5481 Euod
2215 5371 2246 5409 a
2283 5354 2578 5425 nongentis
2601 5368 2722 5407 eam
2755 5355 2917 5409 annis
2955 5353 3122 5426 impie
3156 5354 3422 5425 ignorare
3450 5353 3642 5409 volunt

2092 5426 2215 5481 raeci
2266 5423 2629 5481 schismatici.
2673 5423 2831 5481 Quod
2894 5423 3036 5478 adeo
3083 5437 3270 5478 verum
3304 5434 3429 5481 est.
3480 5430 3541 5477 ut
3587 5432 3642 5479 et

2092 5426 2215 5481 raeci
2266 5423 2629 5481 scltismaticzi.
2673 5423 2831 5489 Quod
2894 5423 3053 5478 adeo?
3083 5423 3270 5478 verum
3304 5434 3429 5489 est,
3480 5430 3541 5477 ut
3587 5432 3645 5479 et

2042 5497 2148 5567 ipsi
2192 5494 2367 5550 Graeci
2389 5493 2626 5567 Patres,
2660 5502 2715 5548 et
2741 5495 3271 5567 noster‘praesertim
3312 5492 3373 5567 S.
3402 5492 3650 5565 Epipha-

2044 5564 2196 5633 nius,
2229 5574 2289 5620 ut
2318 5565 2553 5620 inferius
2581 5565 2895 5628 constabit,
2940 5565 2994 5618 in
3042 5565 3301 5634 hoe,ipso
3342 5564 3598 5634 Ancorati

2047 5638 2224 5700 libro,
2270 5636 2416 5691 haud
2463 5650 2591 5690 raro
2622 5634 3047 5704 coneeptissime
3084 5633 3326 5688 dixerint
3371 5633 3640 5704 Spiritum

2048 5717 2302 5764 sanctum
2350 5714 2407 5762 et
2455 5721 2485 5760 a
2523 5704 2662 5759 Filio
2724 5705 3041 5775 procedere,
3072 5704 3293 5772 quando
3322 5705 3508 5761 dicere
3544 5721 3646 5775 po-

2051 5780 2287 5836 tuissent
2333 5779 2492 5850 juxta
2548 5786 2826 5847 receptum
2878 5774 3253 5850 usitalutnque
3306 5775 3451 5849 apud
3493 5774 3653 5848 ipsos
