3950 6424
437 304 506 360 27
1862 305 1920 363 S.
1963 302 2307 363 EPIPHANII
3651 298 3734 358 28

438 425 766 499 exprimitur
798 445 811 481 :
846 438 957 481 non
996 424 1107 482 duo
1141 423 1274 492 ﬁlii;
1310 424 1639 497 Unigenitus
1699 427 1901 498 quippe
1946 426 2035 482 Fi-

2140 428 2367 498 ληπτος,
2402 423 2497 479 καὶ
2535 424 2598 478 τὺ
2636 422 2865 494 Πνεῦμα
2909 420 3316 492 ἀκατάληπτον,
3352 422 3417 476 ὲκ
3460 418 3597 473 Θεοῦ
3642 418 3727 484 δὶ,

440 519 551 575 lius
602 535 747 575 unus
780 529 886 575 est.
924 516 1004 574 ita
1039 518 1282 589 Spiritus
1325 528 1574 585 sanctus,
1613 518 1854 590 Spiritus
1896 535 2028 576 san-

2140 519 2239 571 οὑκ
2266 516 2547 588 ἀλλότριον
2573 514 2787 587 Πατρὸς
2814 514 2910 566 καὶ
2940 506 3101 566 Υίοῦο
3128 511 3253 565 οὐδὲ
3289 510 3582 580 συναλοιφή
3608 512 3733 563 ἔστι

440 619 563 666 ctus
594 616 701 676 est,
744 608 952 680 Deique
987 609 1253 679 Spiritus,
1286 608 1382 679 qui
1432 623 1557 663 cum
1597 608 1760 665 Putre
1807 617 1860 665 et
1891 609 2031 665 Filio

2140 611 2354 681 Πατρὸς
2385 610 2481 663 καὶ
2529 607 2684 673 Υίοῦ,
2731 606 2867 660 ἀλλά
2900 605 3071 677 Τριὶς
3110 606 3201 660 ἀεὶ
3240 599 3377 659 οῦσα
3414 604 3517 674 τῆς
3552 604 3733 674 αὐτῆς

440 718 661 773 semper
682 710 790 771 est,
824 717 927 756 nec
950 702 1163 756 alienus
1192 717 1223 756 a
1245 700 1377 767 Deo,
1416 702 1513 757 sed
1538 717 1570 756 a
1595 701 1704 756 Deo
1731 703 2029 767 exsisteus.

2140 702 2361 763 οὐσίας’
2406 701 2505 771 οὐχ
2539 700 2700 770 ἑτέρα
2726 702 2759 769 ἡ
2802 698 2962 751 οὐσία
3004 697 3157 769 παρά
3191 697 3293 768 τὴν
3322 697 3574 767 θεότητα,
3606 694 3732 749 οὐδὲ

438 799 494 847 et
524 806 553 844 a
589 790 753 848 Patre
782 792 1109 862 procedens,
1152 800 1207 850 et
1242 793 1521 863 accipiens
1548 809 1580 847 a
1611 793 1772 849 Filio.
1806 794 1887 849 Ad
1917 794 2033 850 haec

2140 793 2307 863 ἑτέρα
2335 794 2369 864 ἠ
2393 793 2583 863 θεότης
2612 792 2761 862 παρά
2777 790 2876 861 τὴν
2898 791 3115 844 οὐσίαν·
3146 790 3260 843 ἀλλ’
3291 791 3326 861 ἡ
3346 788 3486 859 αὑτὴ
3513 788 3731 857 θεότης,

441 882 759 951 unigenitus
814 881 987 939 Filius
1046 884 1437 954 comprehendi
1484 900 1596 941 non
1649 892 1878 955 potest:
1916 900 2027 940 non

2140 885 2232 938 καὶ
2246 885 2310 937 ὲκ
2333 884 2434 953 τῆς
2455 884 2625 954 αὐτῆς
2650 882 2900 953 θεότητος
2915 884 2945 934 ό
2962 881 3090 945 Tib;
3105 883 3201 934 καὶ
3223 882 3284 934 τὸ
3304 881 3457 950 ἅγιον
3479 878 3729 949 Πνεῦμα.

442 976 625 1038 potest
652 978 707 1026 et
738 970 977 1043 Spiritus
1010 982 1258 1040 sanctus,
1289 976 1384 1045 qui
1442 975 1525 1030 sic
1577 991 1607 1033 a
1653 975 1764 1033 Deo
1825 974 2101 1047 procedit.
2162 986 2282 1030 uta
2320 975 2481 1031 Patre
2519 986 2574 1031 et
2628 973 2765 1030 Filio
2810 990 2921 1030 non
2969 974 3041 1029 sit
3107 975 3351 1038 alienus;
3402 988 3579 1043 neque
3632 985 3735 1040 per

443 1062 623 1132 ipsum
657 1062 820 1121 Pater
847 1073 902 1120 et
929 1066 1103 1121 Filius
1129 1067 1185 1122 in
1213 1084 1384 1123 unum
1420 1068 1637 1127 confusi
1676 1070 2033 1126 coalescunt:
2065 1084 2260 1125 verum
2291 1069 2536 1124 Trinitas
2576 1068 2770 1124 eadem
2828 1067 3137 1123 substantia
3194 1075 3455 1122 constans
3510 1079 3735 1135 semper

441 1160 680 1228 exsistit,
734 1176 798 1215 ac
844 1177 1024 1234 neque
1075 1164 1243 1218 altera
1296 1172 1492 1234 praeter
1522 1165 1864 1223 divinitatem
1894 1173 1980 1221 est
2014 1166 2348 1229 substantia,
2378 1179 2480 1219 nec
2525 1165 2695 1219 altera
2734 1170 2934 1233 praeter
2995 1161 3362 1217 substantiam
3417 1160 3680 1215 divinitas
3708 1199 3727 1226 ,

444 1253 541 1307 sed
595 1255 786 1310 eadem
834 1262 920 1313 est
963 1255 1248 1324 divinitas,
1302 1265 1357 1313 et
1402 1272 1469 1312 ex
1509 1258 1703 1314 eadem
1754 1258 2041 1315 divinitate
2079 1258 2253 1315 Filius
2282 1266 2369 1315 est
2398 1267 2453 1313 et
2484 1256 2723 1328 Spiritus
2751 1263 2998 1312 sanctus.

514 1365 629 1421 VII.
685 1368 925 1438 Spiritus
983 1372 1251 1441 proinde,
1315 1382 1543 1429 sanctus
1605 1374 1848 1445 Spiritus
1902 1382 2028 1443 est;

444 1453 636 1521 Filius,
686 1457 859 1513 Filius
891 1477 905 1513 :
937 1458 1180 1530 Spiritus
1227 1475 1259 1515 a
1308 1460 1470 1519 Patre
1522 1465 1833 1535 procedit‘,
1895 1475 1949 1521 et
2002 1481 2034 1519 ε

2211 1378 2284 1430 Z'.
2319 1376 2430 1429 Kal.
2456 1375 2518 1429 τὸ
2548 1373 2649 1446 μὲν
2680 1372 2925 1443 Πνεῦμα,
2951 1370 3105 1440 ἀγιον
3138 1366 3393 1439 Πνεῦμαο
3426 1367 3454 1420 ό
3490 1365 3545 1419 δὲ
3577 1366 3730 1431 Υἱὸς,

2140 1466 2268 1531 Υίός
2293 1484 2307 1499 ο
2336 1466 2397 1520 τὸ
2434 1466 2491 1519 δὲ
2547 1464 2771 1535 Πνεῦμα
2805 1462 2957 1532 παρά
3005 1460 3221 1531 Πατρδς
3271 1457 3732 1528 ἐκπορευόμενον,

443 1546 582 1604 Filio
634 1550 900 1621 accipit”,
962 1550 1060 1608 Dei
1111 1553 1384 1623 profunda
1432 1558 1862 1626 perserutans';
1911 1573 2035 1628 qum

2140 1559 2234 1611 καὶ
2286 1561 2351 1611 ὲκ
2403 1557 2495 1610 τοῦ
2546 1556 2676 1609 Υίοῦ
2726 1555 3005 1625 λαμϐάνον
3034 1596 3048 1619 ,
3100 1551 3336 1624 ἐρευνῶν
3364 1552 3433 1605 τά
3466 1551 3603 1621 βάθη
3633 1549 3737 1646 τοῦ

442 1636 567 1694 Filii
611 1639 833 1710 propria
865 1650 996 1697 sunt
1027 1642 1083 1696 in
1128 1642 1394 1699 mundum
1440 1646 1770 1716 praedicans,
1812 1656 2035 1705 sanctos

444 1746 544 1801 per
585 1730 912 1787 Trinitatem
957 1734 1337 1801 sanctiﬁcans,
1394 1737 1759 1807 appellatione
1788 1740 2031 1796 tertius:

446 1821 607 1877 Pater
630 1829 685 1878 et
717 1822 891 1879 Filius
921 1832 975 1881 et
1007 1825 1249 1896 Spiritus
1282 1836 1534 1883 sanctus.
1574 1828 1801 1896 Euntes,
1835 1830 2033 1901 inquit,

446 1916 715 1985 baptizate
743 1918 797 1969 in
832 1920 1045 1973 nomine
1084 1918 1273 1973 Patris
1301 1928 1351 1974 et
1390 1918 1522 1973 Filii
1557 1931 1608 1975 et
1654 1920 1885 1990 Spiritus
1916 1940 2036 1977 san-

446 2010 579 2064 cti‘.
609 2008 706 2065 Est
753 2010 899 2065 enim
946 2009 1188 2081 Spiritus
1231 2012 1507 2083 quoddam
1535 2014 1726 2083 gratia:
1772 2015 2033 2085 sigillum,

447 2100 736 2156 Trinitatis
769 2102 1069 2167 vinculum,
1134 2118 1243 2158 non
1304 2104 1518 2159 alienus
1552 2120 1582 2158 a
1625 2121 1875 2171 numero,
1924 2121 2035 2161 non

448 2192 819 2261 appellatione
852 2192 1200 2263 discrepans,
1231 2209 1331 2248 nec
1364 2202 1626 2265 tanquam
1654 2198 1975 2267 peregrinus
2004 2211 2037 2250 a

446 2282 754 2352 largitionis
813 2285 1204 2340 communione
1263 2286 1603 2355 separandus
1660 2304 1676 2342 :
1727 2288 1820 2343 sed
1890 2305 2036 2345 unus

444 2371 614 2439 Deus,
658 2388 766 2427 una
801 2372 959 2437 ﬁdes,
1010 2390 1153 2430 unus
1186 2374 1473 2440 Dominus.
1528 2392 1635 2431 una
1672 2379 1875 2448 gratia,
1926 2394 2036 2434 una

443 2462 713 2531 Ecclesia,
758 2481 931 2521 unum
974 2466 1249 2537 baptisma
1272 2469 1315 2520 '.
1358 2467 1607 2525 Trinitas
1648 2486 1866 2542 semper
1906 2471 2033 2527 Tri-

446 2554 598 2611 nitas
636 2563 721 2611 cst
750 2574 766 2610 :
805 2557 892 2611 cui
922 2557 1059 2612 nihil
1099 2574 1342 2628 unquam
1371 2560 1537 2629 adjici
1576 2568 1776 2631 potest,
1797 2578 2031 2633 quaeque

448 2647 526 2702 ita
570 2655 913 2714 numeratur,
957 2647 1137 2715 Pater,
1168 2649 1343 2706 Filius
1388 2660 1443 2707 et
1504 2651 1747 2723 Spiritus
1780 2666 2035 2722 sanctus;

448 2756 551 2797 nec
594 2749 679 2796 est
738 2740 1030 2798 confusum
1081 2751 1176 2798 aut
1222 2744 1540 2800 coalescens
1586 2745 1898 2815 quidpiam;
1938 2762 2039 2803 nec

447 2831 653 2901 aliquid
692 2832 836 2887 inest
878 2832 981 2902 ipsi
1030 2832 1099 2887 ab
1158 2835 1371 2889 unitate
1408 2836 1630 2905 propria
1670 2836 1982 2903 sejunctum
2019 2856 2031 2891 :

2139 1647 2274 1701 Θεοῦ
2303 1688 2317 1710 ,
2348 1646 2681 1716 ἀναγγέλλον
2728 1646 2799 1700 τά
2835 1644 2929 1699 τοῦ
2982 1643 3113 1697 Υίοῦ
3140 1685 3156 1709 ,
3188 1646 3245 1697 ὲν
3276 1643 3466 1714 κόσμῳ
3504 1641 3737 1711 ἁγιάζον

2139 1737 2327 1806 ἁγίους
2354 1736 2445 1789 διὰ
2470 1736 2572 1807 τῆς
2602 1736 2645 1787 Τ
2650 1735 2865 1806 ριάδος,
2900 1732 3084 1805 τρίτον
3118 1735 3183 1803 τῇ
3206 1732 3471 1803 ὀνομασίᾳ
3489 1750 3503 1762 ·
3538 1732 3737 1802 Πατὴρ

2137 1832 2233 1884 καὶ
2274 1832 2304 1884 ὀ
2355 1830 2483 1893 Υἱὸς
2542 1829 2637 1882 καὶ
2688 1828 2749 1881 τὸ
2810 1828 2964 1896 ἅγιον
3014 1824 3262 1895 Πνεῦμα.
3321 1825 3731 1890 Ἀπελθόντες,

2138 1923 2273 1992 φησι
2297 1962 2312 1987 ,
2342 1920 2687 1985 ,ϐαπτίσατε
2716 1921 2804 1985 είς
2850 1918 3039 1987 ὄνομα
3067 1916 3296 1984 Πατρός
3329 1915 3429 1970 καὶ
3465 1915 3603 1970 Υίοῦ
3630 1915 3737 1969 καί

2137 2015 2309 2084 ἁγίου
2346 2014 2694 2082 Πνεύματος
2718 2028 2732 2043 ·
2765 2011 2888 2065 ἐπεὶ
2917 2010 3157 2083 σφραγὶς
3186 2010 3286 2080 τῆς
3313 2010 3537 2081 χάριτος
3555 2048 3570 2072 ,
3608 2007 3736 2063 σύν-

2136 2106 2335 2176 δεσμος
2366 2106 2465 2175 τῆς
2493 2104 2728 2176 Τριάδος
2750 2142 2765 2167 ,
2800 2103 2899 2156 οὐκ
2928 2102 3210 2172 ἀλλότριον
3244 2100 3338 2153 τοῦ
3370 2100 3633 2172 ἀριθμοῦ,
3666 2099 3734 2154 οὐ

2136 2197 2365 2261 διεστὼς
2404 2198 2503 2268 τῆς
2534 2197 2831 2269 ὀνομασίας
2852 2237 2868 2263 ,
2913 2198 2974 2249 οὐ
3027 2195 3176 2262 ξένον
3205 2194 3301 2264 τῆς
3329 2193 3538 2265 δωρεᾶς
3563 2211 3577 2223 ·
3613 2192 3736 2248 ἀλλ’

2137 2283 2216 2352 εἷς
2242 2288 2375 2351 Θεὸς
2399 2329 2413 2353 ,
2448 2288 2546 2358 μία
2581 2287 2765 2351 πίστις
2790 2327 2805 2353 ,
2840 2282 2922 2350 εἷς
2959 2286 3165 2357 Κύριος
3188 2325 3203 2350 ,
3230 2284 3289 2338 ἓν
3316 2286 3561 2356 χάρισμα
3582 2326 3597 2349 ,
3632 2286 3736 2356 μία

2150 2378 2445 2449 Ἐκκλησία
2468 2417 2482 2442 ,
2518 2378 2577 2431 ἒν
2615 2378 2918 2449 βάπτισμα.
2960 2377 3071 2429 ’Δεὶ
3099 2375 3209 2447 γὰρ
3258 2376 3291 2446 ή
3321 2374 3492 2448 Τριάς
3539 2376 3735 2447 Τριάς,

2136 2471 2391 2525 οὐδέποτε
2422 2469 2741 2541 προσθήκην
2770 2469 3039 2540 λαμϐάνει
3061 2506 3075 2532 ,
3126 2468 3301 2531 οὕτως
3328 2467 3736 2540 ἀριθμουμένη,

2138 2562 2365 2633 Πατὴρ,
2416 2560 2543 2624 Υίδς
2597 2560 2692 2613 καὶ
2742 2558 2897 2627 ἅγιον
2942 2557 3206 2628 Πνεῦμα·
3272 2558 3330 2610 οὐ
3369 2556 3664 2626 συναλοιφὴ
3701 2558 3737 2627 ἡ

2138 2653 2338 2724 Τριάςο
2369 2652 2431 2705 οὐ
2461 2650 2688 2713 διεστὼς
2712 2668 2763 2703 τι
2792 2650 2850 2703 ἐν
2892 2649 3030 2719 αὐτῇ
3064 2649 3161 2720 τῆς
3196 2648 3332 2711 ίδίας
3371 2647 3540 2717 αὐτῆς
3571 2648 3741 2719 μονά-

2137 2742 2256 2806 δος·
2283 2742 2341 2794 ὲν
2374 2741 2671 2796 ὑποστάσει
2700 2740 2757 2793 δὲ
2804 2740 3144 2811 τελειότητος
3170 2779 3187 2805 ,
3218 2738 3426 2802 τέλειος
3452 2740 3482 2792 ὁ
3520 2739 3737 2811 Πατὴρ,

2140 2833 2344 2897 τέλειος
2375 2836 2403 2887 ό
2428 2834 2555 2899 Tib;
2580 2873 2594 2897 ,
2624 2832 2828 2886 τέλειον
2858 2832 2920 2885 τὸ
2962 2830 3189 2903 Πνεῦμα
3218 2832 3279 2885 τὸ
3309 2831 3481 2901 ἅγιον·
3518 2831 3734 2905 Πατὴρ,

449 2923 586 2981 adeo
632 2932 691 2979 ut
728 2925 781 2979 in
814 2926 1056 2995 perfecta
1089 2926 1374 2998 hypostasi
1421 2927 1701 2998 perfectus
1748 2929 1821 2985 sit
1848 2930 2031 2999 Pater,

2140 2926 2232 2979 καὶ
2265 2926 2392 2989 Tib;
2420 2926 2515 2979 καὶ
2559 2926 2714 2994 ἆγιον
2747 2924 2993 2996 Πνεῦμα.
3027 2923 3101 2977 Tb
3134 2924 3192 2978 δὲ
3218 2914 3486 2978 ἀνάπαλιν
3507 2923 3737 2997 Πνεῦμα

448 3014 726 3086 perfectus
757 3014 950 3081 Filius,
984 3015 1260 3086 perfectus
1299 3016 1542 3087 Spiritus
1580 3026 1829 3087 sanctus,
1873 3021 2039 3077 Pater

447 3115 503 3160 et
537 3105 707 3161 Filius
736 3114 790 3161 et
824 3106 926 3175 12
963 3105 1205 3176 Spiritus
1238 3118 1486 3165 sanctus.
1522 3110 1594 3164 At
1622 3124 1754 3164 vero
1793 3109 2038 3181 Spiritus

446 3196 770 3252 cmlestibus
803 3197 964 3251 donis
1009 3198 1351 3254 attribuitur.
1405 3198 1540 3255 Nam
1584 3200 1866 3257 divisiones
1914 3219 2040 3274 gra-

449 3288 647 3343 tiarum
675 3299 820 3354 sunt,
850 3290 991 3344 idem
1029 3307 1148 3345 vero
1196 3290 1468 3361 Spiritus;
1495 3303 1543 3347 et
1568 3294 1854 3350 divisiones
1886 3296 2042 3350 mini-

447 3383 732 3435 steriorum
776 3390 930 3448 sunt,
977 3381 1114 3435 idem
1162 3399 1283 3437 vero
1310 3383 1618 3450 Dominus;
1662 3395 1712 3441 et
1754 3387 2038 3442 divisiones

450 3471 813 3538 operationum
854 3480 1012 3539 sunt,
1060 3473 1204 3528 idem
1240 3491 1358 3530 vero
1405 3475 1584 3541 Deus,
1637 3479 1729 3548 qui
1782 3490 2038 3547 operatur

450 3563 631 3616 omnia
665 3564 719 3617 in
757 3563 1002 3619 omnibus
1018 3564 1059 3620 ⁸.
1092 3564 1386 3637 Nunquam
1428 3569 1750 3626 excidamus
1779 3584 1809 3623 a
1838 3585 2041 3641 propo-

451 3654 580 3719 sito,
626 3671 904 3726 nunquam
942 3671 972 3710 a
1018 3658 1251 3714 veritate
1294 3659 1638 3716 deﬁciamus.
1686 3661 1875 3733 Neque
1908 3677 2039 3718 vero

451 3744 564 3801 Deo
603 3748 971 3816 patrocinium
1019 3751 1410 3821 impendimus,
1446 3753 1542 3808 sed
1577 3754 1833 3826 religiose
1876 3754 2040 3811 senti-

450 3850 599 3902 mus,
647 3853 715 3893 ne
747 3837 889 3895 forte
927 3856 1259 3910 pereamus:
1292 3858 1357 3898 ac
1389 3843 1689 3914 loquimur,
1727 3861 1836 3901 non
1878 3846 2039 3918 quasi

451 3930 1022 4000 comprehendamus;
1086 3941 1348 4003 tanquam
1406 3935 1555 3990 enim
1614 3937 1865 3995 homines
1917 3954 2040 4010 qua!

452 4019 641 4073 animo
695 4021 1045 4090 percepimus
1092 4021 1425 4091 eloquimur.
1480 4024 1551 4077 At
1600 4024 1820 4082 divinus
1862 4027 2039 4085 bonos

450 4110 755 4167 immensus
784 4119 892 4174 est,
926 4120 981 4167 et
1009 4128 1176 4183 supra
1214 4115 1415 4170 mentis
1458 4124 1662 4172 nostra:
1696 4127 1916 4189 captum
1952 4121 2040 4176 in-

449 4200 620 4258 tlnitis
666 4203 918 4273 partibus
950 4204 1265 4261 attollitur:
1305 4213 1472 4277 atque
1514 4207 1590 4262 ita
1627 4208 1886 4266 divinitas
1920 4212 2039 4282 ipsa

2139 3019 2473 3090 χαρίσμασιν
2530 3017 2916 3088 ὲνταττόμενον
2944 3034 2959 3048 ο
3015 3010 3348 3086 Διαιρέσεις
3401 3017 3510 3089 γὰρ
3564 3034 3735 3086 χαρι-

2139 3110 2387 3180 σμάτων
2445 3111 2565 3165 εἰσί
2592 3150 2607 3176 ,
2648 3112 2716 3164 τὸ
2766 3108 2835 3163 δὲ
2876 3108 3026 3164 αὐτὸ
3074 3108 3349 3179 Πνεῦμα·
3384 3108 3485 3165 καί
3515 3108 3737 3178 διαιρέ-

2139 3218 2269 3270 σεις
2300 3203 2622 3258 διακονιῶν
2667 3206 2864 3265 εἰσιν,
2925 3205 2958 3257 ό
3011 3201 3081 3255 δὲ
3126 3201 3308 3268 αὐτὸς
3340 3202 3593 3270 Κύριος·
3630 3201 3737 3256 καὶ

2138 3295 2456 3365 διαιρέσεις
2486 3293 2905 3366 ἐνεργημάτων
2932 3292 3096 3348 εισίν
3114 3332 3130 3358 ,
3164 3295 3197 3349 ό
3226 3291 3296 3346 δὲ
3327 3293 3512 3357 αὐτὸς
3559 3292 3733 3359 Θεὸς,

2140 3389 2173 3441 ό
2197 3387 2459 3456 ἐνεργῶν
2506 3387 2578 3441 τὰ
2607 3386 2806 3441 πάντα
2833 3387 2903 3439 ἐν
2948 3384 3119 3441 πᾶσι.
3158 3386 3250 3457 Μὴ
3281 3385 3602 3457 ἐκπέσωμεν
3635 3386 3734 3439 τοῦ

2140 3478 2508 3549 προκειμένου
2536 3518 2550 3544 ,
2609 3477 2684 3548 μὴ
2714 3477 3043 3547 ἀποστῶμεν
3072 3475 3173 3546 τῆς
3213 3476 3492 3546 ἀληθείας.
3539 3476 3735 3547 Ἡμεῖς

2141 3568 2201 3621 οὐ
2240 3565 2650 3640 συνηγοροῦμεν
2688 3567 2828 3638 ὑπὲρ
2858 3567 2993 3619 Θεοῦ
3020 3607 3036 3633 ,
3070 3568 3185 3621 ἀλλ’
3216 3566 3455 3630 εὐσεϐῶς
3478 3567 3731 3638 νοοῦμεν,

2142 3657 2229 3710 ἵνα
2260 3657 2335 3727 μὴ
2366 3654 2696 3726 ἀπολώμεθα
2719 3673 2733 3687 ο
2770 3656 2863 3709 καὶ
2892 3656 3265 3726 φθεγγόμεθα,
3297 3656 3397 3727 οὐχ
3448 3656 3525 3719 ὼς
3563 3674 3736 3709 κατα-

2140 3749 2508 3821 λαμϐάνοντες
2534 3764 2548 3777 ·
2579 3748 2655 3812 ὡς
2684 3748 2962 3821 ἀνθρωττοι
2992 3748 3101 3820 γὰρ
3129 3748 3504 3819 φθεγγόμεθα,
3541 3747 3576 3802 ἃ
3600 3766 3735 3803 κατ-

2140 3844 2463 3913 ειλήφαμεν.
2535 3842 2600 3895 Ἦ
2650 3841 2759 3913 γὰρ
2827 3842 2908 3905 είς
2953 3841 3087 3895 Θεὸν
3134 3842 3309 3914 τιμὴ,
3361 3843 3587 3913 ἄπειρος
3634 3842 3733 3897 καὶ

2144 3932 2653 4006 μυριονταπλασίως
2688 3933 2815 4002 περὶ
2840 3934 2860 3964 '
2906 3932 2997 3986 τὸν
3048 3933 3317 4006 ἡμέτερον
3356 3933 3480 3987 νοῦν
3512 3933 3733 3998 δεδόξα-

2142 4042 2287 4089 σται,
2320 4022 2411 4076 καὶ
2450 4022 2565 4077 ἐστι
2591 4021 2955 4095 δεδοξασμένη
2984 4063 2999 4088 ,
3035 4023 3201 4096 μηδὲν
3234 4024 3733 4095 προσλαμϐάνουσα

2139 4115 2325 4187 δόξης,
2369 4116 2507 4186 μήτε
2537 4115 2917 4186 ἀφαιρουμένη
2936 4131 2950 4147 ·
2981 4115 3132 4168 οὐδὲν
3168 4114 3276 4186 γὰρ
3309 4117 3366 4169 ὲν
3393 4116 3584 4186 ΐριάδι
3612 4133 3733 4168 κτι-

2143 4209 2267 4261 crva
2343 4208 2376 4277 ἢ
2437 4208 2759 4277 ὲπιγενητόν
2784 4223 2798 4237 ·
2862 4207 2979 4261 ἀλλ’
3011 4208 3040 4259 ό
3076 4207 3175 4279 μὲν
3229 4208 3420 4281 Πατὴρ
3466 4210 3558 4265 τὸν
3601 4208 3731 4265 Υἱδν

449 4291 799 4359 praedicatur,
834 4291 971 4347 nihil
1008 4300 1068 4347 ut
1107 4293 1159 4347 ei
1202 4294 1389 4364 gloriae
1417 4296 1680 4351 accedere
1716 4299 1911 4366 possit,
1942 4309 2035 4354 aut

2140 4301 2306 4368 γεννᾷ
2327 4314 2343 4330 ’
2386 4300 2485 4352 οὐκ
2508 4295 2576 4369 ἦν
2607 4299 2663 4351 δέ
2701 4315 2831 4352 ποτε
2862 4302 3054 4369 χρόνος
3074 4339 3089 4363 ,
3125 4301 3215 4354 ὅτε
3244 4301 3345 4353 οὑκ
3392 4296 3461 4371 ἦν
3493 4303 3522 4354 ό
3554 4300 3683 4364 Υίός
3707 4317 3726 4334 ο

449 4380 754 4435 decedere:
788 4383 927 4437 nihil
950 4390 1035 4437 est
1062 4384 1211 4439 enim
1242 4384 1297 4438 in
1330 4384 1604 4440 Trinitate
1639 4398 1906 4452 creatum,
1940 4398 2035 4445 aut

450 4470 508 4523 in
546 4484 609 4524 ea
645 4479 834 4538 postea
862 4470 1087 4525 factum.
1128 4471 1325 4527 Verum
1352 4472 1513 4527 Pater
1547 4473 1745 4528 Filium
1775 4486 2031 4547 generat;

451 4558 548 4615 sed
565 4560 774 4613 nullum
794 4574 1036 4630 unquam
1065 4569 1281 4631 tempus
1304 4562 1424 4627 fuit,
1451 4579 1561 4634 quo
1588 4574 1830 4635 tempore
1860 4567 2031 4626 Filius

449 4666 563 4708 non
598 4659 747 4706 esset
778 4670 791 4706 :
822 4668 932 4706 non
960 4653 1103 4707 enim
1130 4653 1293 4710 Pater
1320 4656 1504 4727 aliquo
1536 4664 1780 4728 tempore
1804 4675 1913 4715 non
1944 4670 2031 4719 est

450 4742 755 4813 appellatus
808 4741 990 4810 Pater,
1036 4745 1133 4801 sed
1178 4754 1234 4802 et
1286 4745 1448 4803 Pater
1488 4756 1754 4819 perpetuo
1801 4750 1925 4819 fuit,
1975 4762 2031 4809 et

449 4840 714 4905 perpetuo
741 4830 948 4901 Filius;
982 4850 1092 4890 non
1135 4835 1324 4902 frater,
1362 4837 1460 4892 sed
1481 4836 1677 4905 Filius,
1724 4855 1789 4895 ea
1814 4841 2028 4902 ratione

447 4928 686 4996 genitus,
721 4942 885 4998 quam
925 4927 1073 4983 nulla
1104 4929 1366 5000 consequi
1398 4938 1580 5005 potest
1625 4934 1840 5002 oratio;
1872 4944 1925 4990 et
1954 4935 2031 4993 in-

523 5122 542 5155 ⁸
569 5120 853 5213 Jooamgv,
881 5122 993 5213 261
1050 5122 1251 5180 IJoan.
1308 5142 1418 5194 xvr,
1446 5127 1534 5195 M,
1557 5127 1643 5184 15.
1718 5128 1782 5182 ³1
1815 5131 1941 5187 Cor.
1975 5147 2034 5202 ll,

2140 5145 2165 5187 ν.
2242 5136 2265 5166 δ
2300 5136 2492 5193 Matth.
2528 5155 2720 5202 xxvm,
2756 5139 2841 5196 i9.
2939 5140 2961 5172 '
3006 5140 3205 5211 Ephes.
3240 5158 3311 5213 Iv,
3345 5144 3397 5198 5.

451 5202 553 5261 xu,
581 5193 635 5248 6.
696 5192 716 5225 ⁷
746 5191 811 5248 F.
846 5195 1016 5264 παρά.

456 5375 713 5447 loquendi
748 5392 953 5432 morem
979 5415 995 5440 ,
1032 5376 1297 5447 Spiritum
1334 5390 1585 5436 sanctum
1619 5396 1651 5435 a
1698 5378 1840 5435 Filio
1886 5382 2034 5436 acci-

454 5460 601 5513 pere.
658 5445 902 5518 Utraque
956 5447 1046 5501 illa
1075 5445 1357 5518 doquendi
1406 5450 1757 5508 scribendive
1801 5449 2035 5505 formula

457 5529 630 5587 unum
677 5516 929 5587 idemque
965 5516 1237 5587 signiﬁcat
1265 5537 1277 5572 :
1312 5519 1459 5587 quod
1492 5528 1547 5574 et
1577 5536 1686 5575 non
1714 5535 1844 5575 raro
1871 5520 2034 5575 iidem

462 5579 634 5657 ﬁrmi
680 5579 1056 5657 exprijueban't
1107 5579 1344 5641 dicendo
1387 5588 1650 5657 Spiritqu
1699 5597 1950 5645 sanctum
2006 5604 2038 5645 a

464 5649 639 5727 Patre-
676 5649 773 5727 p_ei_'
818 5655 1037 5727 Filium,
1071 5658 1382 5726 procedere.
1428 5649 1514 5712 'De
1560 5660 1665 5714 hoc
1714 5668 2037 5727 argumento

468 5720 645 5777 evolvi
680 5720 884 5779 debent
915 5724 971 5781 S.
1000 5720 1237 5781 llilarius
1270 5728 1324 5781 in
1359 5729 1601 5784 secundo
1636 5720 1881 5785 libro'De
1914 5728 2033 5783 Tri-

2139 4388 2260 4441 οὐδὲ
2290 4388 2401 4459 γὰρ
2448 4392 2475 4443 ὁ
2504 4390 2695 4462 Πατὴρ
2743 4392 2801 4442 ὲν
2834 4389 3011 4461 χρόνῳ
3058 4391 3167 4443 τινὶ
3205 4392 3398 4463 Πατὴρ
3447 4393 3548 4445 οὐκ
3592 4394 3727 4448 ἐκα-

2138 4479 2280 4531 λεῖτο
2298 4497 2311 4511 ο
2340 4480 2473 4535 ἀλλά
2500 4478 2567 4552 ἦν
2594 4483 2679 4534 ἀεὶ
2712 4481 2899 4555 Πατὴρ
2922 4522 2937 4547 ,
2969 4483 3064 4537 καὶ
3092 4478 3160 4554 ἦν
3189 4484 3278 4537 ἀεὶ
3322 4484 3447 4547 Υἱὸς
3466 4523 3481 4549 ,
3511 4484 3574 4537 οὐ
3602 4500 3729 4539 συν-

2140 4570 2400 4640 άδελφος,
2462 4573 2598 4626 ἀλλά
2652 4573 2779 4636 Υίὸς
2817 4572 3100 4642 γεννηθεὶς
3154 4574 3594 4644 ἀνεκδιηγήτως,
3632 4575 3729 4628 καὶ

2137 4663 2534 4735 ὀνομαζόμενος
2574 4664 2980 4734 ἀκαταλήπτως
3004 4706 3018 4731 ,
3058 4666 3158 4719 σὺν
3188 4667 3365 4737 Πατρὶ
3393 4666 3451 4718 δὲ
3487 4666 3562 4719 ὣν
3614 4667 3723 4733 ἀεὶ,

2141 4756 2411 4827 μηδέποτε
2444 4756 2733 4811 διαλείπων
2766 4756 2859 4808 τοῦ
2901 4753 3061 4812 εἷναι.
3094 4758 3283 4829 Πατὴρ
3314 4753 3406 4811 οῦν
3432 4758 3728 4829 ἀγέννητος

2137 4847 2233 4902 καὶ
2259 4848 2512 4912 ἀκτιστος
2542 4852 2637 4903 καὶ
2677 4848 3079 4920 ἀκατάληπτος.
3110 4851 3237 4916 Tib;
3268 4851 3560 4922 γεννητὸς,
3588 4850 3731 4906 ἀλλά

2136 4939 2231 4994 καὶ
2262 4940 2514 5006 ἀκτιστος
2563 4942 2660 4999 καὶ
2706 4943 3110 5014 ἀκατάληπτος.
3142 4942 3370 5013 Πνεῦμα
3415 4942 3571 5011 ἆγιον
3614 4944 3725 5006 ἀεὶ,

3503 5144 3523 5175 ⁶
3548 5140 3565 5195 1
3597 5141 3725 5197 Cor.

2139 5384 2326 5462 nitate,
2360 5383 2452 5438 ubi
2476 5394 2661 5462 versat
2688 5385 2818 5462 quid
2842 5386 2947 5442 sibi
2969 5389 3097 5443 velit
3117 5388 3175 5462 in
3208 5389 3408 5462 divinis
3447 5391 3517 5444 ab
3541 5392 3726 5462 aliquo

2138 5452 2420 5522 accipere;
2468 5456 2646 5509 evolvi
2692 5452 2745 5511 et
2793 5457 2927 5511 Acta
2972 5460 3191 5512 concilii
3257 5459 3555 5515 Florentini
3617 5452 3722 5517 s'ub

2138 5522 2493 5598 Eugenio”,
2526 5525 2724 5598 Leonis
2748 5526 2929 5598 Allatii
2958 5527 3178 5583 Gra’cia’
3215 5530 3524 5585 orthodoxa:
3548 5532 3671 5585 libri
3706 5549 3723 5598 ς

2139 5600 2306 5669 atque
2353 5592 2560 5647 Petavii
2586 5595 3033 5669 _'I'he_ologicorum
3081 5600 3389 5669 dogmatum
3435 5602 3572 5657 liber
3607 5592 3720 5665 vlt,

2138 5668 2319 5732 capite
2356 5665 2658 5733 praesertim
2693 5666 2746 5721 5.
