3950 6424
401 321 465 375 3i

1810 319 1866 373 S.
1910 316 2254 376 EPlPllANll

3609 334 3681 390 52

404 445 543 490 trem
573 440 628 489 et
654 430 849 488 Filium
895 430 1131 499 medius,
1166 448 1233 491 ex
1274 432 1467 499 Patre,
1508 433 1757 507 Filioque
1800 451 1993 509 proce-

2108 442 2261 513 ρησὶ,
2287 443 2630 507 ,βαπτίσατε
2678 446 2765 510 εἰς
2817 444 2883 498 τὸ
2913 445 3100 515 ὄνομα
3128 448 3359 517 Πατρός
3408 451 3507 505 καί
3544 454 3681 509 Υιοῦ

405 526 563 585 dens.
596 532 651 580 et
680 525 1043 596 appellatione
1074 526 1291 581 tertius.
1342 525 1541 583 Euntes
1571 528 1741 594 enim,
1793 530 1994 600 inquit,

406 618 672 685 baptizata
689 617 745 671 in
760 618 969 673 nomine
998 618 1182 673 Patris
1205 628 1254 675 et
1278 620 1408 677 Filii
1427 632 1477 678 et
1505 624 1740 693 Spiritus
1764 627 1993 683 sancti‘.

406 708 484 762 Ac
525 709 573 765 si
619 708 783 765 Pater
834 711 887 765 in
935 713 1155 769 nomine
1199 730 1301 770 suo
1344 716 1618 787 baptizat,
1670 716 1724 773 in
1775 718 1998 775 nomine

407 796 540 867 Dei;
568 799 981 872 perfectumque
1005 803 1242 875 sigillum
1279 805 1409 861 illud
1439 814 1525 863 est
1554 806 1613 863 in
1646 806 1740 864 Dei
1773 809 1997 866 nomine

405 891 464 945 in
494 891 653 947 nobis
684 891 1071 964 obsignatum;
1102 904 1157 951 et
1184 897 1232 951 si
1264 895 1519 954 Christus
1557 899 1613 955 in
1646 900 1867 957 nomine
1894 915 1996 957 suo

410 979 672 1052 baptizat,
702 984 807 1041 hoc
840 993 926 1042 est
954 987 1011 1041 in
1041 986 1264 1044 nomine
1306 987 1437 1057 Dei;
1478 998 1533 1047 et
1574 990 1877 1062 perfectum
1920 992 1968 1048 si

410 1072 600 1143 gillum
635 1072 770 1127 illud
803 1082 918 1142 est,
960 1091 1071 1147 quo
1102 1078 1158 1132 in
1188 1079 1410 1135 nomine
1447 1078 1543 1135 Dei
1572 1091 1789 1137 nosmet
1846 1082 1997 1139 obsi-
2038 1082 2041 1085 ’

410 1177 644 1234 gnamur
674 1163 777 1233 ipsi
808 1183 823 1220 :
852 1166 978 1235 quis
1012 1174 1121 1222 tam
1153 1168 1459 1225 eritanimo
1490 1186 1590 1228 suo
1619 1171 1794 1228 hostis
1815 1182 1868 1229 et
1908 1174 1995 1228 in-

411 1253 623 1319 fensus,
646 1255 883 1310 alienum
908 1264 968 1310 ut
993 1256 1258 1328 Spiritum
1282 1274 1313 1314 a
1340 1261 1625 1317 divinitate
1652 1262 1997 1332 pronuntiet?

410 1344 548 1399 Cum
582 1347 727 1401 enim
769 1349 825 1402 in
857 1350 1079 1405 nomine
1111 1350 1204 1407 Dei
1229 1355 1272 1417 ',
1299 1361 1353 1408 et
1400 1354 1454 1407 in
1498 1354 1719 1409 nomine
1752 1353 1893 1418 Filii,
1942 1362 1996 1411 et

410 1439 467 1493 in
509 1441 729 1497 nomine
770 1444 945 1498 sancti
982 1444 1220 1515 Spiritus
1266 1462 1435 1501 unum
1473 1448 1546 1503 sit
1589 1448 1877 1504 Trinitatis
1920 1449 1997 1505 si-

410 1530 621 1599 gillum,
652 1545 999 1629 consequens
1022 1546 1107 1591 est
1132 1550 1298 1590 unam
1322 1551 1444 1593 esse
1472 1537 1776 1593 divinitatis
1799 1538 1854 1592 in
1877 1536 1999 1591 Tri-

411 1615 584 1670 nitate
626 1615 903 1673 virtutem.
939 1619 1097 1686 Quod
1138 1624 1185 1678 si
1230 1638 1400 1677 unum
1443 1624 1650 1695 aliquid
1694 1624 1837 1681 Deus
1875 1637 1993 1693 est;

2098 533 2197 587 καί
2228 532 2402 605 ἁγίου
2428 537 2793 605 Πνεύματος.
2833 535 2897 589 Ei
2924 535 2981 590 δὲ
3014 535 3267 607 βαπτίζει
3316 542 3346 594 6
3383 542 3572 616 Πατὴρ
3602 545 3685 610 είς

2098 625 2269 697 ὄνομα
2301 626 2497 681 ἑαυτοῦ
2518 669 2533 695 ,
2560 630 2640 691 είς
2666 626 2839 699 θνομα
2872 628 3009 683 Θεοῦ
3029 671 3045 697 ,
3090 631 3184 684 καὶ
3222 633 3403 687 τελεία
3437 637 3471 708 ἡ
3504 653 3684 709 σφρα-

2097 718 2186 785 γὶς
2223 718 2282 770 ὲν
2324 718 2550 789 ὀνόματι
2594 718 2729 772 Θεοῦ
2776 720 3192 795 ἑσφραγισμένη
3247 726 3307 779 ὲν
3362 728 3493 798 ἡμῖν
3520 742 3536 757 ·
3590 730 3688 785 καὶ⁵

2099 808 2350 880 βαπτίζει
2374 810 2610 881 Χριστὸς
2633 812 2713 876 είς
2740 811 2912 883 δνομα
2945 814 3140 868 ἑαυτοῦ
3165 857 3179 879 ,
3212 817 3292 881 είς
3320 817 3495 889 δνομα
3522 820 3685 887 Θεοῦ,

2098 901 2192 955 καὶ
2220 900 2457 974 τελείαή
2488 904 2722 975 σφραγὶς
2754 905 2812 958 ἑν
2840 904 3067 977 ὀνόματι
3099 906 3235 962 Θεοῦ
3269 910 3689 986 ἐσφραγισμένη

2098 993 2159 1046 ιν
2208 994 2340 1064 ἡμῖν
2364 1005 2381 1023 ⁸
2406 993 2491 1057 τίς
2522 993 2787 1067 τολμήσει
2830 998 3287 1070 καταπολεμῆσαι
3339 1002 3440 1071 τὴν
3491 1004 3688 1058 ἑαυτοῦ

2097 1082 2276 1156 ψυχὴν
2300 1125 2317 1151 ,
2344 1084 2407 1138 τὸ
2458 1084 2685 1155 Πνεῦμα
2731 1084 3009 1159 ἀλλότριον
3049 1089 3149 1157 τῆς
3182 1090 3438 1162 θεότητος
3466 1093 3687 1163 λέγων;

2100 1175 2163 1228 El
2201 1174 2311 1248 γάρ
2358 1178 2439 1240 είς
2484 1177 2655 1249 ὄνομα
2684 1176 2819 1231 Θεοῦ
2849 1178 2894 1244 ⁸,
2928 1180 3024 1233 καὶ
3054 1182 3133 1245 είς
3180 1181 3352 1253 ὄνομα
3382 1184 3514 1239 Υίοῦ
3541 1225 3557 1251 ,
3594 1188 3692 1240 καὶ

2100 1270 2181 1332 είς
2216 1268 2386 1340 ὄνομα
2426 1269 2582 1339 άγίου
2614 1271 2964 1342 Πνεύματος,
2999 1272 3097 1343 μία
3128 1276 3367 1347 σφραγὶς
3398 1277 3498 1347 τῆς
3519 1279 3691 1349 Τριά-

2098 1360 2223 1424 δος,
2263 1361 2360 1430 μία
2394 1361 2502 1434 ἄρα
2550 1362 2781 1434 δύναμις
2818 1365 2919 1435 τῆς
2956 1363 3210 1436 θεότητος
3261 1368 3320 1420 ὲν
3355 1368 3568 1440 Τριάδι.
3623 1368 3691 1424 Ei

2100 1453 2157 1507 δὲ
2189 1454 2249 1508 τὸ
2280 1455 2338 1507 ἓν
2370 1456 2485 1509 ἐστι
2522 1456 2655 1520 Θεὸς
2678 1498 2693 1523 ,
2728 1456 2797 1511 τὰ
2823 1457 2878 1511 δὲ
2908 1458 3043 1513 ἄλλα
3072 1460 3288 1525 κτιστὰ,
3316 1461 3409 1515 καὶ
3435 1462 3497 1516 ού
3532 1462 3691 1529 Θεὸς,

2098 1546 2207 1599 τίνι
2238 1546 2380 1617 λόγῳ
2416 1547 2720 1602 συνδεδεται
2750 1548 2820 1602 τὰ
2865 1549 2959 1604 δύο
3008 1553 3087 1615 είς
3116 1552 3177 1605 τὸ
3207 1553 3264 1607 ἓν
3308 1556 3374 1625 τῇ
3433 1556 3693 1625 σφραγῖδι

2102 1635 2200 1706 τῆς
2246 1636 2610 1708 τελειότητος;
2665 1639 2809 1711 ’Δρα
2858 1640 2989 1709 γοῦν
3044 1643 3126 1705 είς
3184 1642 3472 1713 βασιλικὸν
3514 1645 3693 1717 δνομα

413 1716 608 1763 caatera
644 1719 848 1774 creata,
888 1728 998 1767 non
1032 1714 1214 1771 Deus:
1246 1732 1355 1786 qua
1395 1717 1614 1772 tandem
1645 1719 1858 1773 ratione
1885 1718 1996 1773 duo

2108 1729 2550 1801 ὲσφραγίσθημεν
2578 1731 2639 1784 τὸ
2669 1730 2728 1785 ἓν
2772 1731 2866 1785 τοῦ
2898 1733 3143 1803 Πατρδς,
3192 1734 3288 1788 καὶ
3319 1734 3391 1788 τά
3443 1734 3580 1791 ἄλλα
3615 1714 3693 1790 τού

413 1800 469 1853 in
495 1815 663 1854 unum
707 1801 1059 1871 perfectionis
1102 1806 1284 1877 sigillo
1328 1807 1577 1879 colligata
1619 1820 1747 1864 sunt
1772 1810 2002 1880 i'lgitur

2108 1789 2365 1891 βαὲςὶλιᾷιά
2386 1862 2402 1886 ,
2432 1789 2550 1874 άλλ’
2580 1820 2661 1876 ἔτι
2690 1823 2977 1893 στοιχείοις
3008 1789 3106 1877 ὲαὶ
3128 1789 3398 1895 ατίσμασι
3429 1789 3695 1879 δεδοολὼὲ

416 1891 471 1944 in
508 1908 677 1947 unum
718 1893 982 1949 duntaxat
1023 1898 1232 1968 regium
1273 1914 1475 1953 nomen
1518 1899 1698 1957 Patris
1728 1902 2001 1973 obsignati

415 1999 631 2050 sumus,
656 1994 852 2042 caetera
887 2004 1018 2045 vero
1060 1992 1209 2062 regia
1236 2006 1344 2046 non
1375 2001 1527 2059 sunt,
1558 1993 1653 2049 sed
1676 1994 1857 2049 adhuc
1885 1996 1999 2052 ele-

416 2078 616 2131 mentis
646 2081 1025 2151 creaturisque
1055 2082 1327 2138 servimus
1356 2084 1397 2137 ³.
1427 2083 1639 2156 Quippe
1679 2086 1858 2141 solum
1901 2085 2003 2141 Pa-

415 2169 515 2225 tris
550 2186 747 2226 nomen
778 2173 1007 2228 salutem
1051 2175 1247 2230 aﬁ'erre
1276 2192 1387 2230 non
1422 2185 1608 2247 posset
1653 2178 2000 2247 hominibus,

415 2261 510 2315 sed
542 2262 645 2315 alia
686 2262 794 2317 duo
823 2267 915 2331 (ut
941 2264 1218 2319 maledicti
1244 2266 1334 2321 isti
1360 2268 1416 2321 in
1453 2267 1623 2322 Deum
1652 2270 2001 2340 existimant)

414 2353 519 2407 sibi
553 2352 895 2423 adiunxisset
922 2356 1214 2423 elementa,
1239 2372 1349 2427 quo
1378 2359 1551 2429 ipsius
1583 2360 1858 2416 divinitati
1883 2363 2003 2418 alia:

411 2445 643 2499 virtutes
678 2446 1022 2511 accederent,
1056 2456 1116 2502 ut
1149 2457 1203 2502 et
1238 2450 1585 2521 obsignatum
1613 2467 1643 2506 a
1673 2454 1853 2523 seipso
1883 2468 2003 2509 ser-

412 2550 543 2589 vare
574 2544 774 2605 posset,
807 2546 863 2591 et
894 2552 1058 2607 quem
1090 2540 1418 2607 procreavit,
1455 2540 1622 2595 homo
1647 2551 2000 2612 peccatorum

415 2626 871 2681 condonationem
906 2642 969 2682 ac
998 2627 1428 2698 redemptionem
1456 2629 1751 2686 obtineret.

487 2717 578 2771 IX.
620 2718 801 2773 Proh!
840 2735 1002 2789 quam
1048 2720 1287 2776 absurda
1335 2720 1439 2777 ista
1480 2730 1787 2778 commenta
1828 2732 2001 2780 sunt:

415 2828 578 2883 quam
606 2813 922 2868 detestanda
951 2812 1325 2882 blasphemia!
1362 2812 1643 2871 Undenam
1672 2832 1869 2871 novum
1901 2819 2007 2873 hoc

417 2906 471 2959 iu
503 2906 690 2959 orbem
719 2913 989 2960 terrarum
1025 2913 1110 2961 est
1144 2905 1485 2961 inﬁdelitatis
1526 2922 1718 2977 genus,
1762 2909 1845 2962 vel
1884 2924 2007 2978 per-

416 3014 589 3054 versa:
620 2997 743 3052 ﬁdei
770 2999 952 3068 potius
980 2996 1390 3051 introductum?
1422 2996 1555 3051 Nam
1585 3014 1840 3068 perversa
1872 3000 2006 3056 ﬁdes

417 3092 737 3147 inﬁdelitate
778 3091 895 3162 ipsa
944 3089 1186 3145 deterior
1223 3095 1346 3145 est:
1389 3089 1659 3159 siquidem
1712 3090 2006 3147 inﬁdelitas

417 3186 538 3242 ﬁdei
591 3187 907 3242 accessione
956 3186 1293 3256 corrigitur:
1336 3198 1521 3256 pravae
1560 3184 1683 3240 ﬁdei
1717 3185 2006 3257 desperata

416 3280 724 3336 emendatio
762 3290 876 3346 est;
912 3294 1033 3349 qua:
1072 3278 1139 3333 ad
1183 3278 1415 3333 salutem
1458 3278 1678 3335 dlllicile
1712 3278 2005 3335 admodum

417 3372 675 3441 emergit,
718 3372 823 3425 nisi
870 3372 1110 3426 caelestis
1153 3371 1329 3439 gratia
1376 3370 1641 3426 divinitus
1689 3375 2004 3428 accesserit.

419 3464 601 3530 Quare
641 3463 831 3518 beatus
860 3460 1058 3518 Petrus
1102 3462 1385 3532 apostolus
1431 3461 1702 3516 Ananiam
1750 3464 1831 3519 sic
1878 3464 2009 3518 allo-

419 3557 606 3627 quitur
652 3574 663 3609 :
701 3555 805 3627 14.
840 3554 950 3609 Cur
980 3558 1197 3610 tentavit
1237 3573 1323 3610 vos
1356 3555 1588 3610 Satanas
1635 3558 1845 3611 mentiri
1887 3557 2009 3626 Spi-

422 3649 550 3702 ritui
577 3657 759 3701 sancto
786 3648 840 3701 ‘?
874 3647 1011 3702 Tum
1054 3647 1206 3702 addit
1233 3667 1246 3702 :
1277 3646 1403 3701 Non
1427 3650 1676 3702 mentitus
1706 3666 1759 3703 es
1788 3650 2010 3703 homini-

422 3743 547 3805 bus,
596 3742 685 3794 sed
733 3740 838 3794 Deo
865 3741 907 3793 ⁵.
946 3739 1113 3811 Igitur
1158 3739 1301 3796 Deus
1346 3748 1430 3796 est
1471 3756 1501 3794 a
1553 3739 1712 3796 Patre
1760 3740 2009 3813 Filioque

421 3836 724 3907 procedens
756 3835 1014 3905 Spiritus,
1051 3835 1137 3890 cui
1178 3836 1387 3891 mentiti
1427 3843 1555 3890 sunt
1585 3835 1618 3889 ii
1650 3835 1744 3906 qui
1775 3834 1845 3891 de
1875 3851 2004 3906 pre-

423 3930 498 3985 tio
530 3930 932 3986 subtraxerant.
960 3928 1060 3983 Cui
1086 3928 1306 3999 quidem
1337 3928 1542 3984 Paulus
1564 3929 1892 3998 astipulatur
1919 3929 2007 3984 his

420 4022 606 4076 verbis
633 4038 646 4073 :
682 4019 781 4073 Vos
812 4032 985 4074 autem
1022 4021 1268 4086 templum
1298 4018 1393 4072 Dei
1418 4020 1562 4083 estis,
1581 4028 1629 4072 et
1652 4018 1885 4086 Spiritus
1907 4017 2008 4072 Dei

420 4113 628 4167 habitat
657 4114 709 4167 in
740 4113 881 4167 vobis
909 4114 949 4166 ⁸.
986 4110 1127 4167 Deus
1161 4111 1328 4182 igitur
1356 4118 1441 4167 est
1487 4110 1756 4182 Spiritus,
1793 4118 1850 4164 ut
1880 4121 2007 4165 ante

418 4210 554 4275 dixi,
580 4209 701 4265 ideo
723 4209 981 4279 templum
1004 4208 1099 4263 Dei
1124 4216 1389 4264 vocantur
1415 4206 1666 4263 homines
1687 4205 1883 4271 sancti,
1910 4203 2005 4274 qui

419 4314 612 4361 sancto
644 4303 740 4358 Dei
772 4301 1000 4374 Spiritui
1040 4302 1379 4357 domicilium
1420 4300 1478 4355 in
1509 4300 1707 4371 seipsis
1737 4298 2000 4368 praebent,

420 4396 500 4451 uti
546 4396 799 4465 princeps
835 4395 1206 4464 apostolorum
1251 4400 1506 4456 testatur,
1539 4393 1633 4462 qui
1678 4392 1804 4447 felix
1831 4406 1862 4445 a
1898 4390 2004 4445 Do-

2108 1912 2280 1983 μεθα,
2315 1913 2411 1967 καὶ
2440 1912 2540 1965 οὐκ
2573 1911 2803 1982 ἠδύνατο
2846 1914 3006 1985 μόνον
3035 1914 3096 1967 τὸ
3124 1915 3297 1986 ὕνομα
3345 1914 3444 1969 τοῦ
3476 1917 3695 1988 Πατρὸς

2106 2005 2300 2069 σώζειν
2328 2044 2343 2070 ,
2368 2003 2504 2058 ἀλλὰ
2536 2003 2715 2075 ἑαυτῷ
2741 2005 2931 2069 κτίσας
2963 2006 3101 2061 ἄλλα
3127 2006 3221 2059 δύο
3257 2010 3499 2077 στοιχεῖα
3552 2009 3696 2062 κατὰ

2103 2096 2204 2168 την
2232 2096 2340 2149 τῶν
2388 2096 2855 2169 βλασφημούντων
2890 2098 3144 2151 ὑπόνοιαν
3165 2138 3178 2163 ,
3208 2099 3297 2151 ἴνα
3332 2100 3621 2172 προσλάὸῃ
3658 2104 3694 2171 ἠ

2104 2187 2271 2242 αὐτοῦ
2303 2188 2494 2259 θεότης
2540 2189 2634 2242 καὶ
2687 2189 2854 2253 ἄλλας
2886 2189 3143 2261 δυνάμεις
3167 2230 3182 2255 ,
3220 2189 3315 2243 καὶ
3345 2189 3546 2261 δυνηθῇ
3590 2191 3696 2244 σῶ·

2108 2295 2197 2332 σαι
2241 2279 2333 2331 τὸν
2359 2281 2486 2350 παρ’
2517 2277 2682 2333 αὐτοῦ
2719 2279 3188 2352 σφραγιζόμενον,
3239 2278 3385 2335 κατὰ
3423 2280 3698 2353 λύτρωσιν

2104 2371 2520 2442 ἁμαρτημάτων
2551 2371 2693 2445 λάϐῃ
2725 2372 2973 2442 ἀφέσεως
3008 2376 3037 2428 6
3081 2372 3210 2447 παρ’
3246 2371 3412 2430 αὑτοῦ
3454 2372 3699 2438 κτισθεὶς

2104 2462 2202 2516 ἄνθ
2211 2479 2409 2534 ρωπος.

2178 2736 2255 2791 Θ⁹.
2284 2735 2389 2789 Φεῦ
2425 2736 2523 2805 τῆς
2570 2736 2825 2807 τοιαύτης
2876 2736 3177 2808 ληρῳδίαςι
3228 2737 3274 2791 ὣ
3302 2739 3403 2809 τῆς
3439 2739 3700 2811 τοιαύτης

2110 2825 2493 2897 βλασφημίαςί
2526 2826 2695 2879 Πόθεν
2743 2826 3037 2896 ὑπεισῆλθε
3069 2828 3162 2883 τὸν
3212 2828 3326 2899 βίον
3370 2830 3503 2901 άλλη
3533 2832 3700 2886 πάλιν

2108 2918 2267 2991 καινὴ
2302 2919 2547 2981 ἀπιστία,
2582 2920 2781 2990 μᾶλλον
2814 2920 2872 2973 δὲ
2904 2920 3118 2991 εἴποιμι
3164 2924 3533 2989 κακοπιστία;
3569 2924 3703 2977 Χεί-

2112 3029 2220 3082 ρων
2255 3012 2363 3082 γάρ
2412 3013 2444 3083 ή
2501 3011 2837 3065 κακοπιστία
2868 3012 2968 3084 τῆς
3020 3013 3297 3078 ἀπιστίας.
3335 3016 3400 3068 Ἦ
3442 3015 3541 3085 μὲν
3586 3015 3702 3088 γὰρ

2109 3101 2337 3156 ἀπιστία
2372 3102 2552 3155 πίστιν
2586 3102 2933 3172 λαμϐάνουσα
2963 3103 3316 3174 διορθώσεται
3344 3107 3363 3137 ⁸
3394 3121 3407 3135 ·
3438 3107 3472 3177 ἡ
3505 3106 3561 3159 δὲ
3600 3123 3703 3158 κα-

2110 3194 2364 3247 κοπιστία
2413 3192 2825 3265 ἀκατόρθωτος,
2860 3194 3140 3266 δυσχερῶς
3174 3194 3485 3267 σωζομένη,
3539 3199 3612 3268 μή
3642 3215 3703 3250 τι

2109 3287 2175 3340 ἂν
2205 3288 2312 3359 ἄρα
2358 3286 2420 3339 τὸ
2456 3288 2701 3358 χάρισμα
2729 3286 2937 3341 ἄνωθεν
2986 3290 3335 3360 ὲπιφοιτήσῃ.
3370 3289 3508 3360 Φησὶ
3534 3287 3625 3343 οὖν
3669 3291 3703 3343 6

2112 3378 2381 3447 μακάριος
2412 3376 2617 3445 Πέτρος
2646 3378 2759 3439 τοῖς
2805 3376 2935 3447 περὶ
2994 3377 3272 3431 ’Δνανίαψ
3310 3377 3375 3432 Τί
3414 3378 3503 3432 ὅτι
3539 3379 3704 3435 ἐπεί-

2101 3483 2295 3537 ρασεν
2327 3466 2483 3536 ὑμᾶς
2522 3468 2554 3520 6
2583 3464 2858 3533 Σατανᾶς
2888 3468 3238 3535 ψεύσασθαι
3268 3465 3350 3533 τῷ
3396 3471 3702 3539 Πνεύματι

2108 3556 2188 3622 τῷ
2210 3557 2391 3624 ἀγίῳ;
2416 3556 2509 3607 καί
2534 3571 2699 3625 φησι·
2723 3558 2845 3609 Οὐκ
2871 3555 3115 3624 ἐψεύσω
3148 3556 3501 3625 ἀνθρώποις,
3535 3560 3704 3614 ἀλλὰ

2111 3646 2252 3712 Θεῷ.
2290 3649 2434 3717 Ἀρα
2454 3646 2586 3709 Θεὸς
2606 3649 2669 3699 ὲκ
2698 3646 2916 3719 Πατρὸς
2940 3648 3037 3700 καὶ
3057 3646 3188 3701 Υίοῦ
3210 3648 3271 3701 τὸ
3303 3649 3527 3721 Πνεῦμα
3558 3650 3698 3720 (10),
3756 3646 3811 3661 ’λ
3830 3646 3853 3647 ί

2107 3732 2151 3807 ᾧ
2191 3739 2489 3810 ἐψεύσαντο
2543 3741 2591 3792 οἱ
2646 3739 2757 3792 άπὸ
2794 3738 2887 3793 τοῦ
2933 3742 3249 3813 τιμήματος
3282 3744 3697 3814 νοσφισάμενοι.

2120 3832 2208 3897 Ὠς
2248 3832 2342 3885 καὶ
2388 3834 2417 3885 6
2458 3830 2667 3895 Παῦλος
2692 3830 2905 3903 συνᾴδει
2950 3832 3028 3903 τῷ
3055 3832 3201 3903 λόγῳ
3226 3834 3429 3905 τούτῳ,
3484 3835 3695 3903 λέγων·

2120 3922 2306 3993 Ὑμεῖς
2338 3922 2406 3977 δὲ
2438 3922 2585 3988 ναὸς
2614 3923 2721 3977 τοῦ
2776 3922 2925 3978 Θεοῦ
2956 3924 3099 3979 ἐστε
3118 3965 3134 3988 ,
3187 3926 3285 3979 καί
3334 3926 3402 3979 τὸ
3449 3927 3697 3997 Πνεῦμα

2108 4018 2212 4071 τοῦ
2242 4015 2390 4069 Θεοῦ
2423 4014 2575 4069 οἰκεῖ
2597 4015 2666 4068 ἐν
2689 4013 2851 4084 ὑμῖν.
2892 4017 3034 4088 ’Ἄρα
3060 4011 3153 4072 οῦν
3189 4017 3323 4080 Θεὸς
3352 4018 3413 4070 τὸ
3447 4018 3694 4087 Πνεῦμα,

2106 4109 2181 4174 ὡς
2207 4112 2467 4181 προεῖπον
2491 4126 2505 4139 '
2537 4108 2615 4162 διὸ
2640 4110 2766 4175 ναὸς
2796 4110 2932 4164 Θεοῦ
2956 4110 3323 4181 κληθήσονται
3354 4113 3449 4165 καὶ
3469 4114 3516 4165 oi
3549 4111 3701 4178 ἅγιοι

2106 4202 2379 4273 ἄνθρωποι
2405 4203 2830 4271 κατοικήσαντες
2862 4204 3079 4266 ἑαυτοῖς
3100 4204 3145 4234 ¹⁶
3174 4203 3234 4255 τὸ
3255 4202 3412 4271 ἅγιον
3439 4202 3533 4255 τοῦ
3558 4200 3697 4254 Θεοῦ

2106 4293 2361 4365 Πνεῦμα’
2400 4292 2582 4356 καθὼς
2606 4297 2878 4365 μαρτυρεί
2898 4297 2926 4349 6
2957 4295 3383 4367 κορυφαιότατος
3413 4293 3523 4346 τῶν
3556 4294 3698 4347 ἀπο-

2108 4386 2338 4450 στόλων,
2390 4388 2419 4439 ό
2472 4385 2833 4450 καταξιωθεὶς
2870 4387 3279 4459 μακαρισθῆναι
3330 4387 3435 4441 ὑπὸ
3464 4385 3695 4457 Κυρίου,

421 4488 572 4542 mino
617 4486 899 4556 praedicari
940 4486 1160 4549 meruit,
1193 4500 1258 4539 eo
1303 4486 1449 4554 quod
1498 4484 1658 4539 Pater
1699 4484 1800 4554 ipsi
1848 4499 2002 4539 reve-

2111 4477 2190 4528 ὃτι
2212 4478 2240 4529 6
2269 4476 2457 4548 Πατὴρ
2483 4476 2631 4547 αύτῷ
2658 4479 2999 4546 ἀπεκάλυψε.
3030 4480 3222 4533 Τοίνυν
3265 4482 3295 4533 6
3340 4479 3529 4551 Πατὴρ
3560 4480 3701 4532 ἀπο-

423 4580 646 4635 lasset".
692 4577 829 4632 Huic
869 4577 1035 4648 igitur
1074 4591 1393 4648 germanum
1431 4591 1589 4633 suum
1620 4574 1815 4630 Filium
1849 4574 2006 4629 Pater

499 4734 516 4763 ¹
546 4731 736 4787 Matth.
774 4744 969 4790 xxviii.
1023 4729 1111 4784 19.

424 4819 536 4870 XVI,
574 4802 662 4859 17.
765 4801 786 4831 ⁸
813 4800 872 4855 F.
911 4800 1142 4870 Πατρός.

425 4914 632 4981 habet;
663 4912 809 4983 quod
848 4912 1112 4983 Spiritum
1174 4910 1231 4966 S.
1274 4912 1508 4983 emittat.
1570 4909 1998 4983 Subtilissimam

425 4988 567 5039 hanc
598 4981 1129 5038 animadversionem
1157 5023 1170 5045 ,
1202 4990 1256 5037 et
1304 4981 1398 5037 Dei
1446 4982 1625 5036 Patris
1667 4982 1849 5035 dotem
1878 5020 1892 5045 ,
1947 4990 2003 5035 et

426 5056 839 5125 praerogativam
910 5061 968 5105 nt
1002 5053 1393 5125 exprimerent,
1424 5052 1860 5125 secpgdiccbant
1898 5065 2000 5125 po:

426 5118 537 5180 iiiis
573 5118 835 5192 spiritum
875 5118 1128 5177 sanctuin
1164 5138 1192 5173 τι
1226 5122 1385 5176 Patre
1417 5118 1753 5192 per‘Filium,
1788 5118 2001 5192 (irasci

427 5195 579 5256 Υίοῦ,
609 5190 925 5263 procedere,
946 5207 1123 5263 quam
1160 5206 1189 5245 a
1222 5192 1381 5247 Patre
1410 5190 1463 5245 et
1498 5190 1681 5263 Filio;
1707 5191 1845 5256 Quia
1882 5190 2005 5245 licet

427 5260 678 5321 tenere—nt
721 5272 776 5319 et
828 5262 1213 5333 proﬁterentur
1254 5263 1427 5333 ipsum
1478 5272 1531 5316 et
1581 5277 1610 5315 a
1642 5260 1779 5316 Filio
1812 5275 2007 5333 procee

426 5336 580 5401 dere,
621 5330 875 5391 tenebant
900 5334 1058 5389 etiam
1092 5330 1287 5385 Filium
1317 5347 1347 5385 a
1389 5331 1548 5385 Patre
1576 5334 1827 5400 accipere
1859 5332 2005 5400 quod

431 5405 697 5475 Spiritum
722 5406 970 5475 emittat;
1000 5410 1055 5457 et
1084 5402 1216 5475 ideo
1235 5417 1354 5456 eam
1383 5401 2004 5475 adhibebant_locutio-

350 5524 353 5527 ,
434 5470 558 5545 nem
592 5492 698 5545 qua
725 5474 1053 5545 deuotaren_t_
1078 5471 1340 5545 Spiritum
1377 5480 1627 5545 sanctum
1663 5488 1692 5525 a
1720 5470 1881 5525 Patre
1910 5486 2004 5545 per

432 5541 629 5601 Filium
666 5544 978 5613 procedere.
1013 5542 1138 5598 llaic
1164 5552 1219 5597 et
1237 5542 1342 5613 alia
1375 5541 1695 5613 doctissime
1722 5556 1785 5594 ac
1814 5542 2003 5613 multis

434 5610 1118 5685 prosequiturlaudatoin
1145 5611 1346 5685 locos.
1377 5612 1631 5685 Basilius.
1657 5610 1731 5663 Ea
1756 5611 2003 5664 adhibita

433 5680 629 5750 inagni'
658 5680 840 5737 Basilii
892 5684 1141 5737 doctrina
1185 5682 1343 5737 facile
1396 5683 1466 5736 ab
1517 5696 1703 5736 errore
1742 5690 2006 5749 purgatur

432 5749 825 5817 Theodoritus,
853 5754 947 5822 qui
994 5753 1176 5809 studio
1211 5753 1445 5823 partium
1474 5759 1630 5807 actus
1657 5752 1777 5807 ideo
1808 5752 1865 5807 S.
1900 5752 2006 5821 Cy-

1190 4731 1209 4759 ²
1236 4726 1302 4781 F.
1356 4726 1555 4783 Patris.
1634 4728 1654 4759 ³
1678 4726 1795 4781 Gal.
1826 4742 1897 4789 tv,
1931 4727 1985 4781 3.
2065 4726 2086 4757 ⁸
2122 4726 2243 4781 Act.
2277 4743 2331 4793 v,
2369 4727 2424 4781 5.

1233 4801 1253 4831 ⁹
1279 4817 1368 4868 γρ.
1397 4796 1778 4869 διοροὼσηται,
1815 4796 1851 4851 f.
1884 4796 2335 4868 θιορθωθήσεται.
2416 4797 2460 4828 ¹⁰
2497 4796 2557 4851 F.
2595 4797 3006 4861 κατοικίσαντες
3038 4800 3095 4851 ὲν
3118 4798 3350 4862 ἑαυτοῖς.

2114 4567 2381 4622 καλύπτει
2408 4569 2501 4622 τὸν
2541 4568 2669 4622 Υἰὸν
2694 4570 2784 4623 τὸν
2812 4569 3064 4641 ἀληθινὸν
3092 4568 3242 4640 αὐτῷ
3266 4608 3281 4635 ,
3328 4570 3425 4623 καὶ
3458 4568 3698 4641 μακαρὶ.

2520 4726 2541 4758 ⁵
2581 4725 2716 4783 ibid.
2745 4728 2799 4781 4.
2878 4724 2943 4779 ⁸1
2972 4727 3099 4780 Cor.
3150 4742 3236 4792 tu,
3278 4726 3365 4781 16.
3445 4729 3465 4760 ⁷
3504 4727 3694 4785 Matth.

2105 4911 2289 4964 rillum
2327 4910 2652 4979 redarguit,
2690 4911 2847 4980 quasi
2882 4912 2976 4981 qui
3009 4911 3288 4981 negaverit
3338 4926 3461 4965 mox
3494 4911 3698 4968 indica—

2106 4989 2217 5053 tam
2247 4982 2660 5053 praerogativam
2689 4983 2858 5053 illam,
2902 4996 3024 5051 qua:
3052 4982 3107 5034 in
3130 4982 3333 5053 divi_nis
3368 4982 3696 5053 prolationi-

2108 5052 2213 5123 bus
2239 5049 2342 5105 Soli
2370 5049 2521 5123 Patri
2551 5052 2831 5116 convenit,
2866 5049 2975 5123 non
3008 5061 3189 5123 autem
3226 5049 3386 5123 Filio:
3414 5052 3691 5123 Purgatur

2106 5122 2417 5193 fortasseet
2441 5121 2833 5193 Damascenus,
2863 5122 2931 5193 de
2958 5137 3068 5192 quo
3093 5121 3364 5193 videndus
3396 5124 3489 5193 qui
3516 5121 3695 5192 ipsum

2107 5191 2392 5248 exornavit
2422 5191 2835 5260 praefationibus
2857 5233 2872 5260 ,
2905 5191 3391 5247 dissertationibus
3417 5191 3432 5259 ζ
3465 5191 3698 5247 adnota—

2108 5262 2353 5317 tionibus
2400 5262 2740 5319 doctissimis
2783 5260 3010 5319 Hichael
3042 5263 3282 5332 Lequien
3325 5262 3696 5318 Dominicanae

2114 5333 2334 5386 familia:
2379 5332 2634 5388 alumnus
2668 5334 2723 5387 in
2754 5334 3229 5388 animadversione
3259 5348 3358 5387 sua
3398 5332 3465 5387 ad
3500 5332 3694 5386 lauda-

2106 5410 2222 5473 tum
2285 5404 2355 5457 de
2424 5402 2529 5458 ﬁde
2583 5402 2889 5458 orthodoxa
2956 5404 3137 5458 locum
3214 5418 3337 5473 pag.
3396 5402 3491 5455 Hi
3559 5403 3692 5473 torni

2109 5472 2269 5542 primi
2306 5490 2348 5554 ;⁸
2381 5482 2494 5557 tum
2554 5475 2607 5528 in
2670 5474 2847 5544 prima
2903 5473 2971 5528 de
3038 5471 3530 5529 Dissertationibus
3586 5471 3696 5527 Da-

2109 5558 2460 5598 lliaSC-CIIICIS.

2180 5613 2293 5677 (l0)
2330 5613 2423 5685 El:
2434 5613 2602 5685 aliud
2657 5612 2726 5668 de
2777 5615 3130 5685 processione
3169 5613 3411 5685 Spiritus
3444 5613 3621 5671 sancti
3658 5628 3689 5667 a

2112 5682 2273 5739 Patre
2301 5694 2353 5739 et
2385 5682 2525 5739 Filio
2558 5684 2616 5740 S.
2645 5682 2935 5756 Epiphanii
2970 5682 3377 5742 documentum.
