3950 6442
309 414 376 473 33
1743 417 2185 479 ANCORATUS.
3521 431 3594 489 34

309 530 457 594 ζεται
481 545 496 562 ·
538 530 638 586 καὶ
677 532 708 587 6
735 530 903 596 αὐτὸς
942 531 1104 587 πάλιν
1135 529 1514 588 ἀποκαλύπτει
1540 530 1602 585 τὸ
1628 531 1782 602 ἀγιον
1808 534 1906 588 αύ-

2017 535 2241 602 lndicat;
2277 543 2331 591 et
2365 537 2561 595 beatus
2596 538 2803 596 idcirco
2823 539 3043 598 dicitur.
3083 542 3152 598 At
3191 543 3281 600 ille
3307 544 3424 616 ipse
3464 559 3595 600 rur-

307 621 402 676 τοῦ
432 621 698 694 Πνεῦμα·
739 623 850 678 ἔδει
887 623 990 684 ,τὸν
1037 624 1255 697 πρῶτον
1292 624 1401 679 τῶν
1445 624 1760 679 ἀποστόλων
1790 626 1902 697 (Η)

305 713 407 782 τὴν
459 711 674 783 πέτραν
723 711 824 784 τὴν
853 712 1080 785 στερεὰν
1102 753 1118 779 ,
1166 715 1254 784 ἐφ’
1287 715 1354 786 ἢν
1402 715 1436 786 ή
1483 715 1776 787 Ἐκκλησία
1805 713 1902 769 τοῦ

305 801 446 856 Θεοῦ
472 802 860 876 ᾠκοδόμηται,
893 807 986 860 καὶ
1026 805 1193 861 πύλαι
1219 806 1350 878 ᾅδου
1385 806 1447 861 ού
1485 807 1904 878 κατισχύσουσιν

305 891 482 962 αὐτῆς
509 911 522 926 ·
555 893 724 946 πύλαι
752 893 811 946 δὲ
840 894 968 966 ᾅδου
1014 895 1070 950 αἱ
1100 895 1376 968 αἱρέσεις,
1415 897 1511 951 καὶ
1550 898 1600 949 οἱ
1630 896 1905 969 αἱρεσιάρ-

308 1001 437 1054 χαι’
469 987 612 1041 κατὰ
645 986 826 1042 πάντα
867 988 976 1061 γάρ
1021 989 1226 1060 τρόπον
1251 990 1310 1042 ὲν
1339 989 1490 1060 αὐτῷ
1517 988 1822 1062 ἐστερεώοη
1868 991 1902 1060 ἡ

308 1079 498 1142 πίστις
519 1119 535 1143 ,
565 1080 624 1132 ὲν
655 1079 733 1151 τῷ
769 1080 985 1135 λαϐόντι
1034 1081 1135 1154 τὴν
1167 1082 1316 1136 κλεῖν
1349 1081 1460 1136 τῶν
1512 1082 1760 1153 οὐρανῶν
1785 1123 1800 1148 ,
1844 1083 1903 1137 ἐν

307 1171 392 1242 τῷ
442 1171 624 1225 λύοντι
691 1173 784 1226 ἐπὶ
817 1173 918 1244 τῆς
968 1173 1074 1244 γῆς
1123 1175 1218 1228 καὶ
1256 1173 1428 1229 δέοντι
1483 1176 1543 1229 ὲν
1599 1174 1678 1246 τῷ
1733 1176 1902 1245 ούρα-

312 1261 412 1332 νῷ.
455 1261 546 1316 'Ev
568 1263 744 1334 τούτῳ
763 1265 874 1336 γάρ
911 1265 1028 1318 ἐστι
1059 1265 1239 1320 πάντα
1270 1265 1340 1320 τὰ
1364 1265 1676 1338 ζητούμενα
1712 1267 1904 1321 λεπτο-

311 1352 602 1425 λογήματα
651 1355 754 1426 τῆς
787 1356 1025 1420 πίστεως
1055 1357 1443 1430 εὑρισκόμενα.
1487 1353 1655 1422 Οὗτός
1699 1361 1847 1412 ἔστιν
1873 1362 1903 1413 6

312 1444 499 1514 τρίτον
541 1447 950 1519 ἀρνησάμενος,
981 1449 1078 1502 καὶ
1119 1449 1304 1520 τρίτον
1333 1450 1738 1522 ἀναθεματίσας
1770 1452 1902 1522 πρὶν

309 1537 344 1607 ἢ
397 1538 490 1591 τὸν
523 1538 790 1612 ἀλέκτορα
824 1541 1096 1611 φωνῆσαι.
1133 1541 1246 1613 Τὴν
1298 1543 1606 1614 ὑπερϐολὴν
1653 1543 1763 1615 γὰρ
1803 1544 1902 1614 τῆς

309 1623 479 1677 αὐτοῦ
523 1626 658 1698 πρὸς
683 1627 778 1682 τὸν
807 1627 999 1681 ἑαυτοῦ
1027 1630 1305 1701 Δεσπότην
1338 1632 1668 1703 ἀγαπήσεως
1703 1633 1903 1703 σημαί-

311 1731 446 1782 νων,
478 1717 946 1792 διισχυριζόμενος
973 1720 1156 1791 ἔλεγεν
1176 1739 1190 1752 ·
1231 1724 1300 1776 Ei
1325 1722 1428 1777 καὶ
1455 1722 1682 1789 πάντες
1714 1723 1901 1794 ἀρνή-

311 1811 531 1865 σονται
575 1827 669 1876 σε,
697 1812 812 1883 ἐγὼ
849 1816 962 1867 οὐκ
1015 1814 1356 1885 ἀρνήσομαι
1383 1832 1395 1844 ·
1427 1816 1551 1870 ὅσον
1579 1817 1659 1887 τῷ
1691 1818 1776 1870 ἐπ’
1808 1819 1902 1872 άν-

313 1902 522 1974 θρώπῳ
551 1902 712 1972 λέγω.
761 1897 931 1968 Οὗτός
959 1905 1106 1958 ἐστιν
1135 1907 1164 1959 6
1198 1905 1438 1971 κλαύσας
1483 1907 1576 1960 ἐπὶ
1626 1885 1692 1978 τῇ
1746 1911 1898 1979 φωνῇ
1935 1885 1975 1940 Β

311 1996 408 2050 τοῦ
445 1999 836 2071 άλεκτρυόνος’
896 2000 982 2053 ἵνα
1034 1999 1253 2071 άληθῶς
1302 2000 1616 2074 ὁμολογήσῃ
1653 2002 1752 2074 τὴν
1809 2003 1901 2057 τοῦ

312 2088 447 2142 Υίοῦ
472 2089 568 2144 τοῦ
601 2090 737 2144 Θεοῦ
767 2091 1027 2162 σύλληψιν
1049 2093 1110 2144 ού
1144 2092 1366 2165 δοκήσει
1405 2090 1592 2162 οὖσαν,
1625 2094 1741 2148 ἀλλ’
1772 2095 1904 2166 άλη-

311 2181 469 2251 θινήν
495 2199 508 2212 ·
562 2181 648 2236 ἵνα
698 2182 828 2258 εἴπῃ
879 2184 1041 2238 αὑτὸν
1089 2184 1342 2257 ἀληθινὸν
1380 2186 1667 2258 ἄνθρωπον
1720 2189 1782 2242 ὲν
1824 2187 1904 2259 τῷ

310 2269 522 2325 κλαίειν
551 2273 644 2326 ἐπὶ
671 2276 737 2345 τῇ
773 2274 937 2328 αὑτοῦ
965 2275 1225 2346 συλλήψει
1259 2277 1661 2350 παραδοθέντος
1679 2295 1693 2310 ο
1724 2280 1753 2332 6
1777 2295 1906 2348 συγ-

317 2365 576 2431 κοινωνὸς
607 2366 703 2419 τοῦ
741 2368 835 2420 ἐπὶ
859 2367 952 2421 τοῦ
994 2367 1226 2437 στήθους
1259 2368 1665 2434 ἁνακλιθέντος.
1713 2371 1772 2424 '0
1805 2370 1904 2441 μὲν

313 2459 424 2529 γὰρ
453 2459 606 2531 παρὰ
655 2461 752 2514 τοῦ
780 2461 910 2514 Υἱοῦ
949 2461 1269 2532 μανθάνων,
1324 2464 1420 2517 καὶ
1469 2463 1578 2516 ἀπὸ
1627 2463 1723 2517 τοῦ
1773 2463 1904 2516 Υἱοῦ

313 2551 608 2621 λαμϐάνων
637 2554 739 2624 τῆς
776 2553 1030 2624 γνώσεως
1061 2555 1161 2628 τὴν
1193 2555 1447 2628 δύναμιν,
1483 2556 1866 2611 ἀπεκάλυπτεν
1886 2573 1900 2586 ·

311 2643 342 2694 6
377 2644 435 2696 δὲ
467 2646 618 2716 παρά
645 2645 742 2700 τοῦ
769 2646 986 2718 Πατρδς
1005 2646 1272 2717 ὠφελεῖτο
1297 2689 1312 2712 ,
1348 2648 1446 2718 τὴν
1475 2646 1776 2716 ἀσφάλειαν
1805 2647 1905 2718 τῆς

315 2736 554 2800 πίστεως
582 2737 876 2809 θεμελιῶν·
910 2737 969 2802 ὃς
1006 2740 1063 2791 ὲν
1104 2741 1172 2810 τῇ
1198 2737 1289 2810 νηῒ
1336 2738 1430 2791 ἐπὶ
1456 2740 1556 2810 τῆς
1591 2737 1904 2808 Τιϐεριάδος

314 2830 524 2900 γυμνὸς
553 2831 714 2884 πάλιν
739 2830 880 2902 μετὰ
905 2830 966 2884 τὸ
1003 2829 1269 2903 κληθῆναι
1293 2831 1511 2902 ήλίευεν
1530 2847 1545 2861 ο
1583 2831 1612 2883 6
1643 2831 1701 2883 δὲ
1733 2829 1908 2901 μαθη-

315 2922 417 2994 τὴς
444 2922 503 2977 ὃν
550 2922 739 2993 ἠγάπα
787 2925 817 2977 6
856 2922 1063 2994 Ἰησοῦς
1086 2964 1100 2989 ,
1154 2923 1249 2976 ἐπὶ
1280 2919 1358 2994 τῷ
1408 2923 1614 2994 ῥήματι
1643 2921 1672 2974 ὃ
1703 2916 1856 2973 εἶπεν
1880 2921 1908 2973 6

317 3015 546 3085 Σωτήρο
593 3014 850 3082 Παιδία,
893 3014 979 3085 μή
1030 3032 1087 3068 τι
1119 3013 1502 3084 προσφάγιον
1543 3012 1752 3083 ﬁxere;
1799 3011 1908 3064 Καί

317 3123 475 3178 φησι,
512 3107 734 3162 Βάλετε
757 3109 844 3174 εἰς
871 3107 945 3160 τὰ
982 3106 1152 3170 δεξιὰ
1186 3105 1292 3160 τοῦ
1331 3106 1574 3170 πλοίου,
1608 3103 1706 3157 καί
1735 3101 1912 3170 εὑρή-

2007 642 2130 682 sum
2177 627 2441 698 Spiritum
2471 639 2720 685 sanctum
2763 632 3058 702 patefecit:
3085 634 3167 690 sic
3204 636 3348 691 enim
3393 637 3465 702 ei,
3498 636 3593 707 qui

2005 719 2148 774 inter
2193 721 2472 790 apostolos
2510 722 2722 792 primus
2759 733 2926 791 esset,
2981 733 3408 782 consentaneum
3441 737 3592 796 erat,

2005 809 2216 875 solidae,
2261 811 2508 881 inquam,
2544 813 2623 867 illi
2653 821 2858 884 petrae;
2898 831 3064 888 supra
3096 832 3259 888 quam
3289 825 3375 874 est
3408 818 3594 874 Eccle-

2005 900 2087 955 sia
2123 901 2217 957 Dei
2267 901 2492 957 fundata
2517 943 2532 969 ,
2578 912 2633 959 et
2662 916 2833 975 portae
2877 905 3037 962 inferi
3070 923 3182 962 non
3223 907 3594 978 praevalebunt

2006 991 2083 1046 illi
2109 993 2148 1046 ¹.
2176 992 2418 1060 Quarum
2467 1003 2744 1067 portarum
2787 998 3011 1054 nomine
3045 999 3282 1055 haereses
3323 1006 3379 1054 et
3423 999 3596 1054 haere-

2005 1101 2137 1141 seon
2208 1087 2523 1142 conditores
2599 1088 3000 1160 intelliguntur.
3061 1087 3332 1145 Omnibus
3395 1089 3596 1160 quippe

2005 1174 2180 1229 modis
2206 1175 2258 1228 in
2280 1191 2346 1230 eo
2377 1177 2610 1231 stabilita
2643 1177 2777 1232 ﬁdes
2811 1187 2916 1244 est,
2943 1177 3038 1248 qui
3071 1178 3196 1232 cmli
3228 1178 3410 1232 claves
3439 1191 3597 1232 acce-

2005 1269 2107 1338 pit,
2141 1278 2195 1324 et
2226 1269 2279 1322 in
2303 1276 2444 1323 terra
2470 1269 2634 1324 solvit
2658 1278 2712 1323 et
2742 1271 2874 1339 ligat
2902 1271 2955 1324 in
2985 1271 3125 1325 caelo
3153 1273 3195 1323 ί.
3237 1269 3295 1324 In
3333 1285 3400 1325 eo
3431 1268 3597 1339 siqui-

2003 1361 2127 1416 dem
2161 1361 2474 1417 subtiliores
2500 1363 2754 1432 quielibet
2784 1363 2907 1418 ﬁdei
2938 1364 3270 1433 quaestiones
3322 1362 3599 1432 reperiun-

2004 1457 2112 1504 tur.
2159 1452 2261 1505 Hic
2307 1459 2391 1506 est
2420 1452 2511 1521 qui
2548 1454 2708 1507 tertio
2747 1455 2996 1522 negavit,
3039 1454 3310 1524 tertioque
3359 1470 3420 1508 se
3468 1467 3594 1507 cum

2003 1545 2384 1599 exsecratione
2419 1545 2675 1609 devovit,
2730 1552 3022 1615 antequam
3072 1546 3250 1615 gallus
3297 1553 3521 1600 caneret
3549 1545 3591 1596 ³.

2003 1632 2144 1687 Nam
2177 1640 2237 1686 ut
2261 1634 2634 1688 vehementem
2666 1649 2826 1689 suum
2875 1649 3004 1706 erga
3048 1633 3340 1688 Dominum
3393 1634 3598 1704 signiﬁ-

2004 1733 2155 1780 caret
2198 1724 2472 1790 allectum,
2517 1740 2641 1780 cum
2688 1726 3096 1781 asseveratione
3132 1725 3600 1786 dixeratzEtiam-

2004 1817 2053 1871 si
2095 1832 2272 1871 omnes
2317 1815 2589 1887 abnegent,
2621 1833 2716 1886 ego
2778 1833 2883 1870 non
2927 1814 3194 1886 abnegabo
3241 1832 3260 1869 :
3289 1822 3552 1886 quantum
3578 1854 3593 1877 ,

2005 1911 2251 1981 inquam,
2277 1910 2343 1963 ad
2368 1910 2661 1964 humanam
2688 1911 3056 1965 conditionem
3085 1909 3342 1980 pertinet.
3375 1907 3474 1963 llic
3513 1917 3597 1964 est

2004 2003 2100 2074 qui
2139 2003 2325 2057 audito
2367 2003 2494 2074 galli
2555 2009 2720 2057 cantu
2764 2001 2913 2058 ﬂevit
2938 2041 2952 2065 ,
2987 2009 3047 2055 ut;
3077 2016 3201 2056 vere
3237 2001 3601 2070 comprehen-

2007 2112 2126 2152 sum
2160 2097 2253 2151 Dei
2288 2095 2506 2159 Filium,
2536 2110 2644 2149 non
2671 2096 2857 2166 specie
2889 2101 3050 2150 tenus
3081 2094 3413 2161 ostenderet,
3455 2101 3510 2148 et
3541 2102 3599 2146 ut

2006 2185 2462 2254 comprehensum
2508 2184 2661 2237 illum
2705 2184 3076 2254 traditumque
3108 2184 3490 2255 prosequendo
3518 2185 3598 2238 la-

2005 2276 2229 2346 crymis,
2258 2291 2445 2329 verum
2477 2274 2752 2329 hominem
2780 2290 2904 2330 esse
2945 2282 3298 2330 monstraret.
3326 2273 3473 2330 Idem
3507 2275 3598 2330 ille

2007 2367 2210 2422 sodalis
2238 2367 2358 2436 ejus
2388 2366 2510 2431 fuit,
2539 2368 2633 2438 qui
2662 2367 2716 2420 in
2750 2366 2968 2422 Domini
3009 2376 3233 2437 pectore
3269 2367 3521 2422 recubuit
3549 2369 3592 2422 ⁸.

2008 2455 2106 2510 llic
2132 2457 2276 2511 enim
2304 2472 2466 2527 quam
2495 2473 2522 2510 a
2553 2457 2691 2513 Filio
2713 2459 2977 2512 hauserat
3009 2472 3071 2512 ac
3093 2457 3390 2522 didicerat,
3417 2459 3597 2514 scien-

2008 2549 2098 2603 tia:
2127 2550 2233 2602 vim
2261 2557 2446 2618 postea
2494 2548 2771 2619 patefecit.
2819 2549 2890 2601 At
2921 2549 3012 2604 ille
3041 2547 3188 2604 istud
3222 2549 3400 2620 ipsum
3436 2564 3464 2603 a
3495 2548 3598 2604 Pa-

2010 2649 2092 2694 tre
2131 2649 2461 2698 consecutus
2495 2650 2599 2706 est,
2634 2649 2695 2696 ut
2740 2640 2864 2696 ﬁdei
2895 2640 3205 2696 ﬁrmitatem
3239 2641 3494 2698 fundaret
3536 2659 3601 2700 ac

2013 2732 2249 2788 fulciret.
2312 2733 2416 2800 Qui
2457 2741 2814 2805 posteaquam
2856 2749 2885 2788 a
2934 2733 3165 2790 Domino
3212 2741 3440 2790 vocatus
3477 2743 3598 2801 est,

2008 2824 2191 2879 nudus
2240 2824 2434 2879 iterum
2466 2825 2521 2878 in
2549 2825 2675 2879 navi
2719 2825 2773 2879 in
2823 2823 3133 2881 Tiberiadis
3180 2826 3304 2880 lacu
3352 2826 3600 2896 piscatus

2009 2922 2095 2969 est
2122 2916 2164 2968 ⁵.
2197 2912 2334 2969 Tum
2365 2930 2496 2970 vero
2546 2915 2850 2986 discipulus
2881 2916 2971 2971 ille
3003 2932 3165 2986 quem
3215 2916 3478 2986 diligebat
3519 2915 3602 2972 Je-

2011 3019 2135 3066 sus,
2185 3018 2308 3058 cum
2373 3005 2449 3058 ita
2499 3005 2810 3075 loquentem
2867 3003 3207 3061 Salvatorem
3285 3006 3597 3061 audiisset:

2019 3093 2194 3159 Pueri,
2217 3095 2453 3166 nunquid
2495 3098 2756 3164 pulmenti
2793 3097 3039 3153 habetis?
3074 3099 3154 3152 Ac
3189 3097 3388 3154 deinde
3417 3118 3428 3153 :
3472 3098 3599 3151 Mit-

318 3211 488 3250 σετεο
526 3197 617 3250 ἐπὶ
646 3198 704 3251 δὲ
727 3197 806 3269 τῷ
838 3188 1117 3268 γενομένῳ
1151 3198 1358 3268 ῥήματι
1399 3195 1770 3265 ἐκπλαγέντες
1791 3235 1804 3259 ,
1832 3191 1910 3264 τῷ

2017 3185 2107 3238 tite
2140 3183 2209 3237 ad
2233 3185 2476 3238 dextrum
2508 3187 2705 3255 navigii
2737 3187 2899 3252 latus,
2926 3195 2975 3240 et
3005 3187 3273 3240 invenietis
3305 3187 3363 3240 °:
3401 3186 3601 3256 quibus

308 3285 517 3356 Πέτρῳ
545 3286 707 3356 φησὶν
735 3287 764 3339 6
809 3285 1082 3356 Ἰωάννης,
1125 3285 1198 3339 ὃν
1221 3285 1426 3356 ἠγάπα
1455 3288 1488 3339 ὁ
1533 3283 1764 3352 Ἰησοῦς
1787 3299 1802 3316 ο
1845 3284 1909 3334 '0

320 3377 540 3445 Κύριός
561 3375 754 3430 ἐστιν.
794 3377 1116 3449 Ἀνθρωπος
1147 3378 1244 3448 μὲν
1275 3376 1417 3430 κατὰ
1444 3376 1623 3446 σάρκα
1653 3373 1762 3427 ἀπὸ
1787 3374 1912 3426 Μα-

323 3468 449 3542 ρίας
476 3468 757 3539 γεννηθεὶς
787 3470 847 3523 ὲν
879 3469 1108 3542 ἀληθείᾳ
1129 3510 1144 3534 ,
1177 3470 1238 3522 οὐ
1279 3468 1386 3540 μὴν
1417 3468 1636 3539 δοκήσει
1658 3507 1672 3529 ,
1701 3465 1833 3528 Θεὸς
1856 3464 1912 3517 δὲ

323 3557 546 3628 πνεῦμα
576 3558 652 3612 ῶν
681 3559 790 3613 ἀπὸ
817 3559 926 3613 τῶν
973 3559 1312 3632 ἐπουρανίων
1364 3559 1430 3611 ἐκ
1463 3556 1680 3627 Πατρὸς
1710 3554 1907 3609 ἐλθών·

327 3643 357 3696 ὁ
399 3649 615 3705 ἀκούων
668 3650 820 3722 παρὰ
874 3649 969 3705 τοῦ
1023 3649 1189 3704 αὐτοῦ
1212 3667 1225 3682 ⁸
1263 3648 1449 3718 Πέτρε
1477 3689 1492 3715 ,
1524 3648 1804 3718 ποίμαινε
1841 3645 1915 3700 τὰ

322 3742 503 3811 ἀρνία
538 3759 678 3812 μου,
706 3742 737 3795 6
766 3743 1199 3814 πεπιστευμένος
1225 3741 1328 3812 τὴν
1363 3739 1602 3810 ποίμνην
1629 3755 1642 3768 ’
1680 3739 1708 3790 6
1735 3735 1916 3801 καλῶς

322 3832 537 3904 ὁδηγῶν
568 3835 627 3886 ἐν
655 3835 722 3904 τῇ
753 3833 979 3905 δυνάμει
1021 3831 1117 3887 τοῦ
1148 3832 1278 3886 ἰδίου
1307 3829 1583 3884 Δεσπότου
1604 3845 1618 3862 ·
1665 3829 1695 3882 6
1724 3827 1916 3899 ὁμολο-

325 3925 442 3994 γῶν
473 3925 602 3997 περὶ
640 3926 875 3998 σαρκὸςο
908 3927 937 3980 6
983 3926 1254 3998 ἀληθινῶς
1285 3924 1355 3980 τά
1382 3924 1600 3996 Πατρὸς
1631 3922 1916 3992 ἀπαγγέλ-

326 4015 437 4070 λων
463 4016 592 4087 περὶ
618 4016 751 4070 Υἱοῦ
767 4035 780 4049 ο
811 4019 841 4072 6
865 4019 926 4073 τὸ
952 4018 1179 4091 Πνεῦμα
1205 4018 1488 4090 σημαίνων
1510 4059 1525 4084 ,
1570 4018 1668 4072 καὶ
1693 4017 1792 4088 τὴν
1815 4017 1916 4072 αύ-

327 4107 424 4161 τοῦ
455 4107 609 4172 ἀξίαν
668 4110 727 4163 ὲν
779 4108 1027 4181 θεότητιο
1063 4111 1093 4163 6
1138 4109 1320 4175 δεξιὰν
1347 4109 1560 4174 διαδοὺς
1601 4107 1681 4180 τῷ
1717 4108 1919 4180 Παύλῳ

327 4202 426 4257 καὶ
452 4201 708 4275 Βαρνάϐᾳ
756 4203 1042 4268 κοινωνίας
1093 4203 1190 4257 σὺν
1246 4202 1490 4273 Ἰακώϐῳ
1535 4201 1631 4256 καὶ
1671 4201 1916 4273 Ἰωάννῃ,

330 4291 420 4349 ἵνα
447 4292 535 4348 διὰ
557 4292 724 4365 τριῶν
757 4292 1052 4366 μαρτύρων
1085 4292 1256 4365 σταθῇ
1285 4295 1395 4349 πᾶν
1425 4293 1602 4367 ῥῆμα.

2013 3294 2079 3333 ex
2126 3279 2307 3333 verbis
2360 3286 2584 3348 stupore
2637 3279 2878 3350 perculsi
2928 3286 3104 3334 sunt:
3142 3278 3383 3334 Joannes
3433 3294 3598 3344 vero,

2011 3384 2165 3440 quem
2203 3368 2461 3440 diligebat
2509 3369 2692 3436 Iesus,
2743 3368 2907 3425 Petro
2951 3371 3086 3426 dixit
3116 3389 3130 3426 :
3163 3371 3425 3425 Dominus
3457 3373 3598 3427 est".

2018 3459 2120 3529 15
2161 3459 2333 3515 Homo
2366 3461 2457 3516 iile
2493 3462 2712 3531 quidem
2760 3461 3063 3516 secundum
3092 3476 3312 3517 carnem
3351 3477 3541 3518 revera
3572 3477 3604 3518 e

2015 3552 2184 3607 Maria
2215 3553 2467 3624 genitus;
2498 3569 2607 3608 non
2638 3554 2822 3620 specie
2887 3569 2951 3609 ac
2985 3555 3332 3610 simulatione
3365 3561 3602 3619 tantum,

2015 3647 2108 3702 sed
2146 3645 2288 3701 idem
2321 3654 2500 3701 tamen
2535 3644 2677 3701 Deus
2721 3660 2784 3699 ac
2817 3644 3064 3715 spiritus,
3095 3661 3127 3701 e
3159 3647 3300 3700 caelo
3347 3656 3402 3701 et
3435 3661 3465 3700 a
3502 3645 3607 3701 Pa-

2015 3745 2099 3794 tre
2142 3737 2421 3808 delapsus.
2472 3736 2518 3789 A
2570 3753 2679 3808 quo
2725 3737 2920 3793 Petrus
2965 3736 3179 3792 audiit:
3210 3737 3399 3803 Petre,
3450 3753 3607 3807 pasce

2015 3846 2178 3902 agnos
2213 3845 2354 3883 meos
2383 3829 2426 3896 ³,
2496 3829 2582 3886 cui
2628 3829 2810 3900 gregis
2857 3839 2940 3885 est
2970 3829 3265 3886 commissa
3311 3829 3605 3899 custodia;

2016 3939 2177 3996 quem
2222 3921 2435 3978 Domini
2471 3922 2556 3978 sui
2588 3922 2792 3978 virtute
2834 3922 3008 3980 fretus
3049 3923 3309 3993 praclare
3337 3925 3610 3995 gubernat

2019 4031 2083 4071 ac
2112 4016 2280 4086 regit;
2313 4015 2405 4087 qui
2433 4029 2654 4070 carnem
2697 4014 2912 4070 Domini
2955 4015 3271 4081 conﬁtetur,
3295 4015 3390 4086 qui
3428 4031 3549 4087 quae
3576 4031 3608 4070 a

2017 4106 2182 4162 Patre
2228 4107 2618 4177 acceperal,de
2651 4106 2792 4162 Filio
2834 4107 3124 4164 verissime
3154 4107 3475 4178 proﬁtetur;
3515 4107 3609 4177 qui

2022 4195 2288 4267 Spiritum
2317 4195 2548 4266 ejusque
2571 4195 2626 4249 in
2650 4195 2936 4253 divinitate
2965 4197 3311 4267 splendorem
3337 4213 3401 4253 ac
3428 4198 3611 4269 digni-

2021 4295 2188 4343 tatem
2234 4285 2439 4342 indicat
2479 4303 2492 4340 :
2528 4286 2620 4356 qui
2655 4285 2827 4342 Paulo
2873 4301 2937 4342 ac
2982 4286 3246 4342 Barnabae
3288 4287 3344 4341 in
3391 4287 3608 4358 signum

2021 4379 2301 4437 societatis
2327 4379 2604 4434 dexteram
2637 4379 2785 4435 dedit
2840 4395 2964 4435 cum
2993 4379 3200 4436 Iacobo
3230 4387 3284 4436 et
3313 4378 3524 4436 Joanne
3545 4379 3568 4411 '
3594 4399 3609 4434 :

2021 4472 2164 4528 utin
2200 4471 2376 4528 tribus
2405 4472 2640 4528 testibus
2668 4472 2893 4528 verbum
2923 4487 3087 4530 omne
3114 4472 3385 4530 consistat
3408 4473 3470 4529 “'.

401 4555 462 4612 ι’.
482 4559 650 4613 Οὐδὲν
676 4558 786 4633 γὰρ
831 4557 964 4614 ἄνευ
993 4557 1103 4614 τῶν
1146 4559 1242 4615 δύο
1283 4560 1380 4615 καὶ
1418 4559 1587 4632 τριῶν
1621 4560 1910 4633 μαρτύρων

2092 4561 2160 4618 Χ.
2199 4562 2345 4617 Nihil
2399 4563 2546 4618 enim
2597 4565 2716 4619 sine
2770 4562 2987 4622 duobus
3036 4564 3320 4636 tribusque
3383 4564 3617 4621 testibus

328 4651 551 4705 δύναται
575 4647 734 4706 εἶναι.
779 4653 875 4716 Είς
902 4651 1042 4707 αὐτά
1068 4651 1178 4723 γάρ
1205 4651 1525 4710 ὲϐεϐαιοῦτο
1553 4652 1621 4706 δι’
1657 4651 1914 4724 αἰνίγμα-

328 4759 424 4806 τος
446 4741 554 4796 τῶν
584 4743 642 4795 ὲν
678 4740 756 4814 τῷ
785 4742 964 4814 νόμῳ,
1007 4741 1165 4813 μόνον
1211 4742 1435 4816 Πατέρα
1463 4743 1799 4813 ὲπιγνόντων
1819 4784 1835 4809 ,
1869 4744 1919 4798 εί

333 4834 410 4904 μή
449 4850 502 4886 τι
536 4832 742 4888 λάϐωσι
782 4833 1012 4904 δύναμιν
1052 4833 1218 4899 Υἱοῦ,
1247 4835 1344 4889 καὶ
1367 4835 1456 4890 διὰ
1483 4835 1593 4890 τῶν
1625 4835 1920 4908 μαρτύρων

331 4923 546 4994 Πατρδς
577 4924 671 4978 καὶ
702 4921 833 4977 Υἱοῢ
877 4922 1294 4994 ὲνδυναμωθῶσι
1324 4965 1339 4992 ,
1374 4925 1464 4980 διά
1489 4926 1548 4981 δὲ
1583 4926 1684 4998 τῆς
1729 4926 1922 4999 τρίτης

334 5015 642 5088 μαρτυρίας
678 5015 884 5072 λάϐωσι
931 5015 1158 5088 Πνεῦμα
1203 5016 1360 5087 άγιον
1385 5058 1400 5085 ,
1450 5021 1546 5074 καὶ
1591 5019 1926 5092 πληρωθῶσι

331 5109 587 5180 φανερῶς
629 5110 738 5168 τῶν
790 5113 986 5180 φωνῶν
1032 5114 1144 5169 τῶν
1191 5110 1461 5186 χερουϐὶμ
1510 5112 1604 5166 καὶ
1656 5111 1923 5184 σεραφὶμ,

329 5203 644 5277 κραζόντων
671 5205 734 5259 τὺ
775 5207 957 5278 τρίτον
993 5207 1277 5279 τδ,Ἄγιος
1299 5245 1316 5273 ,
1347 5205 1518 5277 ἅγιος
1539 5245 1554 5270 ,
1592 5204 1779 5276 ἅγιος.
1845 5205 1923 5260 ού

329 5298 446 5370 γὰρ
478 5297 566 5352 διὰ
593 5297 707 5370 (12)
756 5298 853 5354 δύο
894 5300 1090 5370 φωνῶν
1118 5301 1154 5373 ή
1188 5298 1468 5368 δοξολογία
1497 5298 1557 5354 ὲν
1584 5297 1801 5371 οὐρανῷ
1833 5315 1924 5353 τε-

408 5479 425 5510 ¹
449 5477 640 5533 Matth.
668 5494 779 5545 xvi,
808 5478 891 5540 18.
995 5481 1020 5513 ¹
1040 5480 1177 5536 ibid.
1207 5481 1298 5541 19.

1406 5481 1427 5514 ³
1449 5479 1641 5551 Matth.
1679 5496 1828 5544 χχιιι,
1859 5481 1930 5536 54
1955 5495 2077 5551 sqq.

2025 4655 2240 4711 firmum
2266 4671 2389 4711 esse
2409 4663 2608 4726 potest.
2632 4655 2714 4711 Ad
2737 4656 2853 4713 haec
2871 4657 3017 4713 enim
3044 4672 3141 4730 per
3165 4656 3394 4729 ﬁguram
3423 4671 3620 4729 quam-

2025 4748 2151 4804 dam
2199 4747 2784 4819 adumbrationemque
2832 4747 3286 4804 conﬁrmabatur.
3336 4745 3472 4802 Nam
3522 4749 3617 4818 qui

2027 4841 2133 4897 sub
2160 4840 2280 4912 lege
2324 4841 2538 4909 vivunt,
2562 4838 2782 4896 Patrem
2822 4840 3090 4896 duntaxat
3137 4849 3462 4911 agnoscunt,
3507 4839 3618 4894 nisi

2031 4929 2154 4986 Filii
2182 4932 2291 4987 vim
2324 4947 2389 4988 ac
2417 4932 2678 4989 virtutem
2704 4932 3016 5004 accipiant;
3049 4938 3213 5001 atque
3239 4945 3270 4985 a
3295 4929 3514 4987 duobus
3549 4933 3621 4987 il-

2030 5025 2098 5080 lis
2123 5024 2358 5082 testibus
2397 5022 2559 5080 Patre
2591 5023 3022 5080 corroborentur
3054 5032 3110 5080 et
3140 5023 3310 5091 Filio;
3347 5033 3461 5080 tum
3493 5037 3622 5081 vero

2028 5115 2192 5173 tertio
2234 5114 2546 5172 testimonio
2596 5114 2863 5186 Spiritum
2910 5123 3163 5173 sanctum
3205 5115 3512 5182 obtineant,
3554 5129 3622 5172 ac

2027 5204 2455 5263 cherubinorum
2483 5212 2539 5262 et
2573 5205 2994 5278 seraphinorum
3041 5205 3336 5264 manifeste
3374 5206 3483 5263 illis
3525 5221 3624 5262 vo-

2026 5297 2184 5354 cibus
2221 5297 2572 5369 oppleantur,
2614 5297 2708 5369 qui
2751 5298 2914 5355 tertio
2950 5298 3262 5355 clamabant
3301 5317 3314 5353 :
3354 5295 3584 5354 Sanctus
3610 5340 3626 5366 ,

2153 5479 2353 5536 ‘Joan.
2407 5495 2530 5545 yin,
2570 5481 2663 5538 23.
2755 5480 2954 5538 'Joan.
2996 5497 3109 5549 xxr,
3157 5479 3207 5536 7.
3285 5479 3462 5538 ‘ibid.
3487 5480 3542 5549 5,
3571 5481 3661 5537 6.‘

332 5550 356 5584 '
393 5549 528 5607 ibid.
560 5549 608 5605 7.
686 5549 708 5583 ⁸
731 5551 867 5607 ibid.
904 5551 990 5607 15.
1055 5549 1220 5608 ’Gal.
1249 5568 1309 5618 ll,
1341 5551 1396 5609 9.
1473 5552 1518 5583 ¹⁰
1560 5550 1720 5608 Deut.
1751 5553 1910 5619 le,i

2042 5549 2234 5606 Matth.
2272 5567 2428 5620 mu,
2489 5551 2580 5608 16.

405 5705 522 5777 (ﬂ)
563 5704 722 5777 Ἔδει
750 5705 862 5760 τὸν
909 5705 1145 5773 πρῶτον
1196 5705 1315 5761 τῶν
1339 5707 1722 5764 ἀποστόλων.
1754 5704 1923 5764 Vides

333 5784 389 5848 ut
420 5775 540 5848 haec
578 5775 771 5831 Matth.
809 5791 899 5830 ιιι
923 5815 949 5848 ._
979 5787 1028 5848 e_t
1063 5791 1217 5845 super
1246 5777 1380 5831 hanc
1407 5788 1613 5848 petram
1643 5777 1926 5848 aediﬁcabo

331 5847 628 5904 Ecclesium
659 5863 857 5915 meum,
884 5846 953 5901 ad
987 5845 1208 5902 Petrum
1243 5845 1422 5917 ipsum
1447 5847 1688 5913 referat,
1724 5845 1922 5919 supra-

2030 5724 2140 5780 que
2169 5709 2323 5780 illum
2364 5707 2647 5765 fundatam
2675 5708 2973 5766 Ecclesiam
3002 5713 3301 5780 asseveret.

2103 5779 2214 5850 (l2)
2248 5777 2512 5836 Voculam
2549 5780 2658 5846 διά,
2691 5795 2812 5850 qua:
2848 5780 3082 5850 fortasse
3120 5777 3422 5844 exciderat,
3477 5777 3624 5836 eoin

2031 5849 2153 5906 loco
2180 5849 2248 5904 et
2270 5852 2438 5908 editis
2473 5851 2632 5906 libris
2662 5849 3062 5922 supplevimus.
