3950 6434
407 398 478 456 35
1833 384 1890 442 S.
1930 380 2279 439 EPIPIIANII
3626 381 3695 435 56

404 521 645 579 sanctus,
690 522 909 569 sanctus
962 511 1006 564 ¹.
1040 507 1175 562 Nam
1214 523 1395 579 neque
1427 506 1644 562 duabus
1677 504 1856 561 solum
1910 521 2001 559 vo-

2108 504 2279 556 λεῖται
2304 541 2318 566 ,
2345 499 2468 554 οῦδὲ
2500 499 2759 571 τέταρτον
2793 496 3131 568 ἐπιφωνοῦσι
3164 494 3234 550 τὰ
3261 496 3401 549 αὐτὰ
3442 496 3574 564 ἆγια
3603 498 3697 549 καὶ

404 604 563 658 cibus
605 603 802 657 divinae
848 603 904 656 in
946 600 1088 654 cmlo
1156 598 1342 668 gloria:
1387 596 1704 668 prtedicatio
1747 602 1996 662 constat;

405 710 582 764 neque
618 705 818 765 quarto
850 700 1040 748 sancta
1080 691 1172 745 illa
1201 707 1303 746 nec
1343 689 1719 761 aspcctabilia,
1760 687 1854 743 sed
1890 688 1999 757 spi-

405 788 587 841 ritalia
631 786 1004 841 vociferantur
1053 785 1344 850 animalia;
1400 797 1577 852 neque
1622 790 1718 834 aut
1758 789 1996 850 quarto,

406 890 502 934 aut
537 880 705 935 semel
740 880 1004 935 duntaxat
1032 879 1376 942 exclamant;
1408 874 1503 931 sed
1546 882 1680 936 trcs,
1714 886 1778 926 ac
1809 873 1999 941 singu-

405 968 547 1023 lares
592 984 755 1023 voces
796 968 963 1023 edunt
991 987 1003 1020 :
1029 967 1277 1031 Sanctus,
1309 972 1547 1025 sanctus,
1604 971 1845 1016 sanctus.
1877 960 1996 1015 Non

402 1061 627 1124 dicunt,
677 1060 884 1125 Sancti,
933 1059 1139 1122 sancti,
1174 1065 1231 1111 ut
1265 1057 1314 1112 ei
1359 1057 1504 1125 quod
1555 1054 1836 1123 singulare
1875 1060 1995 1120 est,

404 1154 765 1225 multiplicem
814 1151 1238 1223 appellationem
1288 1148 1563 1211 tribuant,
1606 1160 1782 1213 neque
1830 1144 1997 1197 trium

403 1256 692 1295 numerum
720 1240 1110 1302 dissimulent;
1144 1235 1241 1292 sed
1277 1236 1349 1288 ita
1384 1245 1465 1289 ter
1497 1234 1754 1289 Sanctum
1786 1232 1993 1303 praedi-

402 1340 551 1394 cant,
577 1338 631 1384 et
659 1344 770 1383 uno
799 1327 1173 1397 singularique
1202 1326 1363 1378 modo
1396 1338 1707 1378 sermonem
1740 1338 1986 1392 pronun~

403 1424 563 1485 tiant,
609 1437 675 1474 ne
702 1419 1036 1487 multiplices
1074 1416 1205 1472 deos
1234 1415 1523 1469 nominare
1561 1414 1868 1469 videantur.
1904 1412 1997 1467 Et—

401 1514 548 1567 enim
586 1526 730 1565 unus
760 1517 845 1565 est
882 1509 1026 1563 Deus
1053 1506 1214 1562 Pater
1259 1506 1314 1560 in
1346 1504 1507 1569 Filio,
1540 1502 1715 1559 Filius
1745 1504 1802 1558 in
1834 1502 2000 1558 Patre

401 1618 530 1659 cum
566 1601 778 1672 Spiritu
810 1608 1024 1656 sancto.
1065 1596 1363 1667 Propterea
1394 1602 1624 1651 sanctus
1650 1610 1795 1651 unus
1824 1603 1909 1651 est
1938 1596 1994 1649 in

402 1694 610 1749 sanctis
648 1692 1053 1762 conquiescent;
1077 1688 1235 1742 Pater
1264 1703 1427 1743 verus
1453 1697 1507 1745 et
1534 1687 1864 1753 subsistens,
1896 1684 1992 1739 Fi-

403 1788 512 1841 lius
541 1800 708 1840 verus
750 1790 805 1838 et
841 1782 1173 1845 subsistens,
1216 1777 1455 1848 Spiritus
1485 1787 1711 1834 sanctus
1745 1793 1912 1834 verus
1942 1784 1999 1832 et

2110 593 2318 663 ἀόρατα
2347 590 2695 661 πνευματικά
2726 588 2841 652 ζῶα
2878 589 2989 657 (13)
3015 627 3030 650 ,
3060 587 3182 640 οὐδὲ
3216 586 3484 656 τετάρτην
3514 584 3701 652 φωνὴυ

2104 682 2433 737 ἀποδίδωσιν
2461 680 2530 733 τά
2559 679 2720 744 αὐτὰ,
2772 679 2913 732 οὐδὲ.
2944 678 3074 749 μίαν
3116 678 3282 747 μόνην
3304 692 3315 702 ·
3354 674 3492 729 ἀλλὰ
3545 677 3695 745 τρεῖς

2104 774 2288 843 φωνὰς
2320 771 2506 834 ἑνικὰς
2528 810 2543 835 ,
2574 770 2886 839 τὸ,”Ατιος,
2918 768 3106 838 ἅγιος,
3138 767 3303 835 ἅγιος
3325 783 3339 796 ⁸
3369 765 3465 819 καὶ
3500 766 3567 818 οὐ
3606 764 3698 815 λέ-

2104 882 2296 935 γουσιν
2318 908 2332 930 ,
2397 866 2578 933 Ἅγιοι
2598 902 2612 927 ,
2669 862 2825 931 ἅγιοι
2848 900 2864 927 ,
2910 862 2996 915 ἵνα
3028 861 3088 912 τὸ
3122 859 3300 914 ἑνικὸν
3341 856 3701 925 πολυώνυμον

2104 959 2452 1028 ἀποφήνωσι,
2488 956 2621 1027 μηδὲ
2648 955 2758 1007 τῶν
2784 954 2953 1030 τριῶν
2985 954 3077 1005 τὸν
3104 950 3338 1025 ἀριθμὸν
3364 949 3701 1020 ἀποκρύψω-

2106 1069 2191 1104 σιν
2216 1068 2229 1081 ⁸
2263 1050 2401 1104 ἀλλά
2432 1050 2551 1121 τρὶς
2600 1049 2699 1119 μὲν
2728 1046 2935 1099 διδόασι
2962 1045 3063 1115 τὴν
3088 1043 3409 1112 ἀγιαστείαν
3428 1083 3442 1106 ,
3485 1056 3700 1113 μονοει-

2103 1143 2210 1207 δῶς
2234 1143 2291 1196 δὲ
2320 1142 2415 1195 καὶ
2459 1140 2655 1203 ἑνικῶς
2687 1138 3129 1208 ἀποφθέγγονται
3159 1135 3251 1189 τὸν
3279 1135 3437 1203 λόγον
3458 1175 3471 1197 ,
3504 1134 3593 1186 ἵνα
3622 1134 3700 1203 μὴ

2104 1232 2396 1286 πολυθεῖαν
2418 1232 2787 1302 ὀνομάσωσιν.
2840 1223 2935 1292 Εἷς
2979 1228 3087 1297 γάρ
3115 1228 3231 1280 ἐστι
3263 1225 3395 1287 Θεὸς
3424 1224 3613 1295 Πατὴρ
3641 1226 3703 1275 ἐν

2104 1324 2221 1395 Υίῷ
2244 1365 2261 1389 ,
2294 1324 2422 1387 Υἱὸς
2461 1324 2518 1375 ὲν
2553 1321 2733 1391 Πατρὶ
2783 1321 2879 1373 σὺν
2931 1320 3073 1389 ἀγίῳ
3111 1317 3388 1388 Πνεῦματι
3414 1332 3429 1348 ⁸
3466 1318 3559 1369 καὶ
3611 1316 3703 1369 διὰ

2102 1419 2262 1471 τοῦτο
2297 1415 2451 1483 ἅγιος
2491 1416 2549 1467 ὲν
2597 1414 2777 1481 ἁγίοις
2805 1411 3222 1480 ἀναπαυόμενος
3242 1449 3257 1475 ,
3287 1409 3477 1479 Πατὴρ
3505 1408 3702 1479 ἀληθι-

2103 1511 2194 1571 νὸς
2247 1506 2647 1568 ὲνυπόστατος,
2686 1504 2780 1557 καὶ
2831 1502 2955 1565 Υἱὸς
2995 1500 3251 1571 ἀληθινὸς
3313 1498 3701 1563 ὲνυπόστατος,

2102 1598 2200 1652 καὶ
2233 1596 2460 1667 Πνεῦμα
2489 1597 2646 1664 ἅγιον
2678 1594 2938 1666 ἀληθινὸν
2978 1594 3369 1655 ὲνυπόστατον,
3395 1592 3519 1661 τρία
3545 1591 3701 1654 ὅντα,

2106 1688 2207 1759 μία
2236 1686 2446 1755 θεότης,
2480 1686 2577 1755 μία
2598 1683 2777 1750 οὐσία,
2810 1684 2911 1753 μία
2924 1681 3221 1749 δοξολογία,
3244 1676 3324 1743 εἷς
3346 1679 3499 1741 Θεός.
3542 1678 3706 1731 Ὦνό-

2108 1794 2295 1847 μασας
2322 1776 2454 1829 eae»
2476 1792 2491 1839 ;
2525 1774 2997 1845 συμπεριείληφας
3020 1776 3086 1844 τῇ
3115 1772 3322 1841 διανοίᾳ.
3347 1771 3445 1841 τὴν
3471 1769 3703 1842 Τριάδᾱ.

404 1878 755 1939 subsistens;
792 1884 905 1930 tres
947 1888 1215 1936 numero,
1261 1871 1356 1926 sed
1404 1886 1513 1926 una
1564 1870 1847 1937 divinitas,
1892 1886 1999 1925 una

2108 1870 2307 1939 Ἔσχες
2339 1867 2565 1938 Πνεῦμα
2594 1867 2746 1935 ἆγιον
2769 1866 3139 1936 ;κατ·ηξίωσαι
3175 1866 3272 1935 τῆς
3301 1864 3583 1933 δυνάμεως
3600 1863 3707 1933 τῆς

404 1970 741 2030 substantia,
774 1982 883 2022 una
910 1966 1105 2038 gloria,
1133 1979 1277 2020 unus
1300 1963 1464 2020 Deus.
1503 1964 1673 2018 Deum
1706 1962 1997 2020 nominas?

405 2076 512 2115 una
546 2068 601 2115 ct
638 2059 963 2114 Trinitatem
996 2058 1182 2111 animo
1230 2054 1674 2125 comprehendis.
1731 2052 1997 2124 Spiritum

405 2159 666 2207 sanctum
704 2159 1035 2206 consecutus
1054 2146 1161 2215 ,ξεί
1195 2161 1304 2200 una
1342 2154 1397 2201 et
1427 2144 1607 2202 Patris
1644 2156 1699 2201 et
1744 2144 1841 2201 Dei
1878 2144 1997 2201 Filii

408 2244 668 2297 virtutem
692 2226 999 2297 obtinuisti.
1038 2240 1254 2296 Patrem
1284 2238 1631 2311 praedicasti?
1659 2253 1784 2292 cum
1812 2252 1878 2292 eo
1903 2252 1999 2307 pa-

412 2326 549 2381 riter
577 2333 634 2383 et
666 2323 867 2381 Filium
902 2336 958 2382 et
988 2326 1255 2398 Spiritum
1284 2335 1537 2383 sanctum
1566 2326 1688 2381 sine
1722 2326 1832 2379 ulla
1859 2341 1998 2380 cou-

408 2419 622 2477 fusione
665 2420 1007 2491 signiﬁcasti.
1050 2421 1158 2490 16
1196 2419 1355 2473 Pater
1397 2418 1600 2489 quippe
1648 2417 1812 2473 Pater
1868 2426 1999 2483 est;

406 2507 579 2565 Filius
621 2518 709 2567 est
766 2508 979 2573 Filius;
1020 2507 1260 2577 Spiritus
1303 2515 1527 2562 sanctus
1576 2506 1817 2576 Spiritus
1870 2522 1999 2562 san-

401 2607 530 2655 ctus
560 2609 686 2666 est;
732 2616 914 2672 neque
945 2598 1191 2655 Trinitas
1222 2598 1343 2668 ipsa
1381 2598 1453 2650 ab
1484 2598 1693 2652 unitate
1722 2607 1777 2653 et
1811 2598 2005 2654 identi-

404 2699 514 2745 tate
550 2690 846 2745 divellitur.
887 2691 1066 2755 Pater,
1111 2696 1385 2758 quatenus
1415 2686 1575 2741 Pater
1606 2698 1724 2755 est,
1762 2688 2004 2743 honora-

403 2792 525 2849 tur;
557 2782 859 2837 honoratur
883 2790 937 2835 et
972 2781 1165 2844 Filius,
1216 2788 1488 2850 quatenus
1514 2770 1730 2846 Filius;
1764 2780 2003 2834 honora-

403 2880 495 2924 tur
534 2874 770 2943 denique
815 2872 1055 2942 Spiritus
1102 2881 1351 2940 sanctus,
1391 2878 1667 2942 quatenus
1706 2886 1869 2926 verus
1917 2880 2003 2926 est

407 2962 611 3034 Deique
661 2965 920 3034 Spiritus.
966 2965 1145 3034 Atque
1187 2964 1292 3020 hoc
1324 2970 1451 3031 est,
1487 2964 1635 3038 quod
1677 2963 2003 3034 Unigeuitus

402 3056 601 3110 asserit
632 3074 645 3111 :
685 3055 790 3122 Qui
820 3054 1046 3112 honorat
1086 3054 1323 3123 Patrem,
1364 3056 1592 3111 honorat
1621 3066 1670 3109 et
1708 3054 1912 3109 Filium
1952 3056 2003 3108 ’.

403 3142 542 3207 Nam
567 3151 671 3205 hoc
696 3153 816 3221 ipso
842 3149 989 3221 quod
1020 3147 1234 3204 Patrem
1265 3146 1540 3215 nominas,
1569 3145 1769 3201 Filium
1797 3144 2004 3215 signiﬁ-

2100 1962 2366 2034 πατρῴας
2381 1963 2471 2015 καὶ
2497 1960 2594 2013 τοῦ
2614 1958 2742 2013 Υἱοῦ
2778 1960 2873 2013 τοῦ
2900 1958 3058 2013 Θεοῦ.
3103 1956 3392 2022 Ἐδόξασας
3406 1956 3498 2009 τὸν
3523 1957 3707 2010 Πατέ-

2103 2072 2173 2128 ρα
2203 2070 2218 2119 ;
2249 2053 2537 2124 ἐσήμανας
2568 2052 2661 2106 τὸν
2709 2052 2837 2104 Υίὸν
2888 2052 2983 2104 καὶ
3029 2050 3089 2103 τὸ
3118 2050 3270 2118 ἀγιον
3292 2048 3537 2119 Πνεῦμα,
3567 2046 3709 2100 ἀλλά

2104 2146 2181 2218 μὴ
2216 2144 2358 2199 κατά
2383 2145 2734 2213 συναλοιφὴν.
2781 2144 2939 2197 Ἐστι
2971 2142 3082 2213 γὰρ
3118 2143 3171 2193 -ό
3221 2139 3414 2211 Πατὴρ
3467 2140 3661 2210 Πατήρ
3688 2155 3704 2170 ⁸

2100 2237 2249 2291 ἔστιν
2291 2238 2321 2289 ὁ
2377 2236 2505 2300 Υἱὸς
2556 2236 2717 2299 Υἱός⁸
2772 2234 2886 2288 ἐστι
2939 2234 3000 2287 τὸ
3049 2234 3205 2303 ἆγιον
3246 2232 3471 2303 Πνεῦμα
3536 2232 3700 2299 ἅγιον

2100 2328 2328 2399 Πνεῦμα
2353 2346 2367 2360 ⁸
2404 2328 2519 2381 ἀλλ’
2558 2328 2661 2382 οὐκ
2691 2326 3103 2398 ἠλλοτριωμένη
3129 2328 3161 2396 ἡ
3188 2324 3359 2397 Τριάς
3394 2325 3493 2395 τῆς
3525 2325 3711 2395 ἑνότη-

2100 2436 2192 2486 τος
2222 2422 2319 2475 καὶ
2344 2421 2442 2491 τῆς
2474 2420 2824 2489 ταυτότητος.
2872 2420 3114 2488 Τιμᾶται
3144 2418 3201 2471 δὲ
3234 2420 3262 2471 ό
3289 2417 3482 2488 Πατήρ
3510 2459 3525 2482 ,
3559 2416 3708 2469 καθὸ

2101 2513 2295 2583 Πατήρ
2326 2513 2472 2565 ἐστι’
2506 2513 2735 2582 τιμᾶται
2761 2513 2789 2564 ὁ
2818 2510 2978 2576 Υἱὸς,
3032 2509 3170 2564 καθὸ
3196 2510 3325 2573 Υίός
3358 2511 3475 2563 ἐστι
3497 2525 3513 2541 ⁸
3539 2510 3710 2579 τιμᾶ-

2101 2619 2192 2656 ται
2230 2602 2291 2655 τὸ
2320 2601 2545 2671 Πνεῦμα
2575 2602 2637 2655 τὸ
2664 2600 2856 2670 ἆγιον,
2888 2599 3023 2653 καθὸ
3068 2599 3296 2671 Πνεῦμα
3336 2599 3570 2669 ἀληθὲς,
3603 2599 3707 2653 καὶ

2104 2693 2332 2764 Πνεῦμα
2366 2692 2524 2747 Θεοῦ.
2561 2692 2719 2747 Οῦτω
2773 2692 2921 2761 λέγει
2966 2692 2995 2745 ό
3026 2693 3336 2763 Μονογενής
3361 2709 3376 2723 ⁸
3423 2692 3479 2743 Ὁ
3522 2689 3711 2761 τιμῶν

2110 2788 2220 2841 τὸν
2272 2785 2507 2853 Πατέρα
2567 2785 2705 2855 τιμᾷ
2741 2787 2848 2839 τὸν
2886 2786 3040 2840 Υίόν.
3076 2784 3238 2855 Αὐτῷ
3264 2784 3374 2856 γὰρ
3402 2784 3585 2852 λέγειν
3612 2784 3711 2837 τὸν

2104 2878 2365 2950 Πατέρα,
2412 2877 2539 2931 Υἱὸν
2594 2879 2917 2948 σημαίνεις,
2973 2877 3070 2931 καὶ
3125 2876 3255 2931 Υίὸν
3293 2876 3493 2945 τιμᾷς·
3530 2876 3626 2928 καὶ
3680 2876 3713 2928 ὀ

2104 2970 2235 3022 Υίὸν
2267 2967 2443 3037 τιμῶν
2490 2970 2626 3039 τιμᾷ
2672 2969 2764 3021 τὸν
2808 2968 3051 3040 Πατέρα.
3090 2965 3252 3037 Λῦτῷ
3284 2966 3395 3036 γὰρ
3420 2965 3712 3035 ὀνομάζειν

2106 3075 2165 3111 σε
2197 3059 2288 3112 τὸν
2327 3057 2485 3121 Υἱὸν,
2542 3060 2711 3128 τιμᾷς
2764 3058 2853 3111 τὸν
2904 3056 3159 3127 Πατέρα,
3195 3055 3297 3108 οὐκ
3328 3056 3587 3109 ἐλάττονα
3612 3054 3713 3111 τὸν

2105 3148 2342 3219 Χριστὸν
2372 3148 2598 3217 φάσκων
2628 3149 2724 3201 τοῦ
2761 3149 3008 3219 Πατρός.

403 3263 528 3312 cas,
565 3255 621 3302 et
653 3244 849 3300 Filium
894 3246 1134 3300 honoras
1164 3261 1179 3297 :
1220 3250 1276 3297 at
1324 3243 1419 3315 qui
1466 3240 1667 3297 Filium
1715 3241 1989 3306 honorat,
2023 3240 2259 3296 honorat
2286 3252 2340 3299 et
2368 3244 2584 3297 Patrem
2614 3258 2779 3297 zeum
2835 3242 2983 3298 enim
3019 3241 3215 3296 Filium
3270 3240 3541 3305 nominas,
3603 3239 3715 3297 hcc

405 3338 525 3408 ipso
572 3337 787 3391 Patrem
835 3336 1096 3402 honoras,
1128 3336 1262 3389 dum
1292 3336 1581 3390 Christum
1624 3333 1788 3389 Patre
1831 3332 2005 3387 nihilo
2036 3334 2353 3391 inferiorem
2388 3336 2648 3392 allirmas.

478 3429 572 3484 XI.
613 3430 829 3485 Etenim
855 3429 903 3484 si
934 3428 1081 3499 apud
1107 3442 1209 3482 nos
1236 3428 1499 3483 mortales
1532 3428 1848 3481 communis
1878 3427 2001 3495 qui-

2176 3432 2280 3484 lA’.
2337 3431 2400 3483 Εἰ
2438 3430 2547 3501 γὰρ
2603 3431 2669 3483 ὲν
2712 3429 2850 3499 ἡμῖν
2906 3431 3019 3492 τοῖς
3064 3426 3373 3499 ἀνθρώποις
3423 3426 3611 3480 ἔπεστι
3647 3428 3714 3481 τὸ

406 3520 533 3574 dam
560 3521 663 3574 iste
685 3534 885 3574 sensus
913 3528 1020 3582 est,
1052 3526 1112 3571 ut
1142 3519 1282 3572 tilias
1315 3518 1633 3588 parentibus
1667 3518 1837 3571 nihilo
1865 3517 2006 3572 infe-

407 3610 604 3675 riores,
634 3614 728 3662 aut
762 3608 833 3663 ab
861 3623 1053 3663 eorum
1087 3608 1351 3677 dignitate
1382 3608 1607 3662 minime
1636 3606 2003 3663 removendos

406 3708 686 3772 putemus,
727 3698 990 3769 quoniam
1016 3713 1140 3767 qum
1179 3697 1305 3751 ﬁliis
1334 3697 1631 3767 imponitur
1667 3698 2004 3767 ignominia,

408 3793 463 3846 in
494 3798 746 3861 parentes
780 3790 1088 3845 redundat:
1144 3798 1355 3860 quanto
1388 3791 1560 3860 magis
1598 3790 1741 3846 Deus
1764 3798 1819 3845 et
1846 3789 2009 3845 Pater

408 3876 534 3937 Filii
570 3883 893 3953 dignitatem
923 3881 1075 3936 nullo
1115 3881 1276 3936 modo
1306 3880 1565 3936 inferiore
1593 3882 1715 3937 loco
1741 3897 1866 3938 esse
1905 3898 2008 3952 pa-

408 3974 615 4029 tietur?
649 3972 911 4044 Quisquis
944 3972 1109 4043 igitur
1139 3987 1332 4026 verum
1358 3988 1421 4026 ac
1444 3987 1771 4043 germanum
1797 3972 1891 4028 Dei
1923 3972 2013 4028 Fio

409 4063 542 4118 litim
583 4063 725 4117 infra
763 4072 1041 4135 paternam
1084 4063 1319 4134 gloriam
1361 4061 1767 4117 amandaan
1812 4072 2011 4133 putat,

411 4155 639 4211 infamia
670 4156 821 4210 illum
853 4171 963 4210 non
994 4155 1202 4211 honore
1231 4155 1394 4210 allicit
1420 4166 1471 4211 et
1502 4156 1556 4209 in
1602 4171 1817 4210 summa
1848 4159 2006 4227 igno-

408 4249 623 4304 ratione
664 4256 938 4304 versatur.
985 4248 1355 4315 Quamobrem
1386 4247 1466 4301 uti
1497 4246 1752 4304 Cltristus
1785 4248 2002 4305 Patrem

410 4355 571 4394 suum
623 4338 876 4394 indicans
921 4347 1201 4395 testatur:
1232 4338 1401 4393 Nemo
1446 4340 1588 4392 novit
1634 4338 1853 4393 Patrem
1901 4339 2007 4394 nisi

412 4428 462 4483 F
466 4430 614 4494 ilius,
650 4439 700 4483 et
735 4446 885 4483 nemo
916 4431 1061 4483 novit
1090 4429 1294 4483 Filium
1326 4430 1431 4482 nisi
1462 4428 1625 4482 Pater
1650 4428 1691 4492 ³,
1742 4445 1844 4499 ego
1876 4445 2017 4484 vero

411 4536 516 4576 nec
572 4521 719 4576 istud
771 4522 1130 4591 pronuntiare
1180 4520 1423 4576 dubitem
1466 4538 1479 4573 :
1522 4520 1690 4575 Nemo
1741 4521 2005 4591 Spiritum

412 4612 565 4667 novit
598 4613 703 4669 nisi
735 4611 933 4680 Pater,
973 4621 1023 4668 et
1070 4612 1277 4677 Filius,
1312 4628 1345 4666 a
1380 4627 1491 4683 que
1533 4613 1780 4683 procedit
1801 4613 1845 4679 ’⁸,
1878 4622 1932 4667 et
1974 4627 2006 4667 a

411 4718 523 4774 quo
551 4703 750 4773 accipit
775 4705 815 4758 ⁸.
853 4704 1104 4771 Quanam
1153 4719 1284 4759 vero
1332 4702 1511 4758 fronte
1550 4704 1789 4757 alienum
1822 4719 1851 4759 a
1898 4703 2007 4758 Deo

2113 3520 2359 3575 τοιοῦτον
2388 3521 2645 3592 φρόνημα
2666 3562 2680 3586 ,
2710 3522 2804 3574 καὶ
2830 3521 2929 3590 οὐχ
2956 3522 3193 3591 ἥσσονας
3238 3519 3363 3582 τοὺς
3403 3519 3552 3582 υἱοὺς
3584 3519 3714 3588 βου.

2114 3613 2325 3684 λόμεθα
2347 3654 2363 3678 ,
2399 3614 2521 3667 οὐδὲ
2548 3614 2968 3685 ἠλαττωμένους
3012 3613 3161 3683 παρά
3189 3612 3286 3683 τὴν
3315 3612 3431 3664 τῶν
3455 3612 3714 3682 πατέρων

2114 3706 2313 3776 τιμήν·
2368 3706 2403 3775 ὴ
2440 3704 2551 3775 γὰρ
2577 3707 2659 3769 είς»
2685 3705 2811 3767 τοὺς
2858 3705 3008 3768 υἱοὺς
3043 3704 3238 3773 ἀτιμία
3270 3700 3350 3765 είς
3388 3704 3514 3765 τοὺς
3544 3701 3717 3754 πατέ-

2120 3812 2219 3866 ρας
2266 3795 2612 3864 ἀναλογεῖται
2636 3811 2651 3825 ⁸
2687 3795 2842 3865 πόσῳ
2896 3794 3098 3865 μᾶλλον
3150 3795 3181 3847 ό
3215 3794 3347 3857 Θεὸς
3396 3793 3489 3846 καὶ
3519 3791 3715 3862 Πατὴρ

2115 3890 2215 3941 οὐκ
2243 3888 2313 3942 ἂν
2355 3888 2645 3959 βουληθείη
2672 3889 2802 3942 ποτὲ
2833 3887 3205 3958 namnam
3235 3886 3328 3939 τὸν
3356 3885 3521 3939 αὐτοῦ
3546 3886 3711 3952 Υίόνς

2127 3982 2186 4036 '0
2218 3981 2397 4035 τοίνυν
2449 3982 2542 4035 τὸν
2592 3980 2809 4052 ἀληθῶς
2841 3981 2973 4035 ὄντα
3015 3979 3117 4033 τοῦ
3166 3976 3381 4051 Πατρὸς
3413 3979 3540 4031 Υἱὸν
3572 3979 3715 4031 ἀπο-

2114 4071 2303 4125 δέοντα
2335 4072 2435 4143 τῆς
2463 4070 2558 4125 τοῦ
2598 4072 2817 4142 Πατρὸς
2844 4070 3003 4142 δόξης
3036 4069 3439 4141 ὑπολαμϐάνων
3461 4108 3475 4133 ,
3509 4066 3715 4138 μᾶλλον

2115 4162 2418 4234 ἀτιμάζει,
2462 4164 2586 4217 ἀντὶ
2638 4164 2804 4234 τιμῆς
2857 4162 3055 4234 ἀγνοίᾳ
3102 4163 3423 4232 φερόμενος.
3480 4161 3569 4223 Ὠς
3616 4154 3714 4211 οὖν

2115 4252 2493 4306 ἀποκαλύπτει
2525 4254 2618 4306 τὸν
2642 4252 2867 4324 Πατέρα
2895 4253 3120 4322 φάσκων
3148 4267 3162 4282 ⁸
3210 4250 3424 4318 Οὐδεὶς
3451 4246 3574 4303 οἶδε
3602 4249 3715 4303 τὸν

2114 4343 2369 4411 Πατέρα,
2404 4346 2455 4396 εὶ
2492 4342 2579 4412 μὴ
2609 4346 2641 4397 ὁ
2670 4344 2822 4408 Υἱός⁸
2860 4343 2959 4398 καὶ
2993 4342 3193 4407 οὐδεὶς
3226 4336 3349 4394 οἶδε
3384 4340 3489 4392 τὸν
3548 4338 3710 4403 Υἱόν,

2113 4435 2165 4485 εἰ
2184 4433 2271 4501 μὴ
2309 4437 2341 4487 ὀ
2372 4432 2575 4502 Πατήρ
2596 4449 2607 4461 ⁸
2637 4433 2822 4504 τολμῶ
2852 4433 3065 4503 λέγειν,
3110 4431 3244 4484 Οὐδὲ
3272 4430 3333 4482 τὸ
3369 4428 3595 4499 Πνεῦμά
3626 4445 3713 4491 τις

2115 4522 2273 4591 οἶδεν,
2328 4528 2379 4578 εί
2416 4527 2500 4597 μὴ-
2545 4528 2575 4579 ό
2621 4526 2813 4599 Πατὴρ
2836 4564 2850 4592 ,
2883 4526 2977 4579 καὶ
3019 4528 3047 4579 ό
3074 4525 3203 4588 Υἱὸς
3228 4563 3243 4588 ,
3292 4524 3423 4594 παρ’
3450 4514 3511 4576 οῦ
3544 4523 3716 4574 ἐκπο-

2119 4617 2332 4689 ρεύεται
2357 4657 2381 4681 τ
2426 4620 2529 4673 καὶ
2556 4621 2686 4685 παρ’
2728 4611 2794 4673 οὗ
2836 4619 3131 4688 λαμϐάνει.
3167 4616 3291 4680 Πῶς
3335 4616 3393 4669 δὲ
3429 4614 3716 4685 ἀλλότριον

2115 4711 2255 4764 Θεοῦ
2284 4713 2346 4764 τὸ
2391 4710 2623 4783 Πνεῦμα
2662 4713 2843 4782 λέγειν
2878 4712 3154 4783 τολμῶσιν
3175 4753 3193 4778 ,
3219 4712 3269 4763 oi
3302 4710 3466 4781 μανίᾳ
3509 4706 3713 4778 μᾶλλον

414 4793 684 4867 Spiritum
711 4797 916 4852 audent
940 4812 1211 4862 asserere,
1237 4798 1330 4867 qui
1371 4797 1555 4852 furore
1577 4812 1641 4851 ac
1668 4797 1888 4852 vesania
1913 4812 2001 4866 po-

2114 4805 2505 4874 κατεχόμινοι,
2541 4806 2644 4858 οὐκ
2690 4805 2922 4877 ἀληθείᾳ
2946 4844 2961 4870 ,
2997 4805 3095 4859 καὶ
3120 4805 3187 4857 οὐ
3235 4801 3568 4874 μανθάνουσι
3608 4799 3712 4867 τὴν

412 4888 526 4943 tius
565 4904 733 4958 quam
782 4889 1013 4945 veritate
1060 4888 1357 4955 ducuntur,
1404 4904 1581 4959 neque
1610 4888 1713 4943 ﬁde
1756 4890 1905 4959 digni
1940 4900 2007 4942 ac

414 4980 753 5037 sanctissimi
780 4982 1011 5051 apostoli
1048 4981 1202 5037 Pauli
1237 4983 1577 5039 verissimam
1608 4982 1756 5035 illam
1791 4988 2006 5036 senten-

414 5071 545 5124 tiam
591 5070 941 5141 intelligunt?
983 5071 1170 5138 Pauli,
1212 5074 1460 5143 inquam,
1512 5073 1601 5128 cui
1630 5073 2004 5142 apostolorum

414 5161 670 5231 princeps
703 5160 919 5227 Petrus,
954 5162 1041 5216 cui
1078 5165 1229 5234 regni
1260 5165 1443 5219 cla-ves
1476 5164 1789 5219 commissae
1810 5172 1940 5219 sunt
1962 5165 2004 5229 ⁸,

414 5252 694 5308 dexteram
737 5253 958 5310 dedisse
1000 5256 1198 5325 legitur
1223 5256 1271 5319 τ,
1312 5258 1403 5326 qui
1448 5256 1589 5311 hanc
1627 5256 1694 5312 de
1730 5258 1871 5311 coelo
1912 5271 2007 5313 vo-

414 5356 532 5397 cem
569 5345 847 5399 cxaudiit:
878 5345 1064 5409 Saule,
1113 5344 1297 5411 Saule,
1331 5346 1459 5416 quid
1493 5364 1570 5400 me
1597 5348 1924 5417 persequeris
1947 5348 2006 5401 εἳ

416 5435 510 5504 qui
551 5437 740 5491 audire
774 5437 974 5491 meruit
1011 5452 1213 5491 arcana
1244 5438 1427 5502 verba,
1458 5454 1575 5508 quae
1606 5455 1710 5492 non
1753 5439 1874 5492 licet
1910 5438 2007 5494 Ito-

488 5562 636 5650 fisa,
667 5580 745 5650 vi,
768 5567 853 5650 '5.“
891 5568 920 5650 ,ί
950 5565 1109 5650 ioan.
1144 5582 1195 5650 ν,
1235 5566 1324 5621 25.
1403 5564 1633 5622 'Matth.
1667 5583 1744 5635 ιι,
1782 5564 1874 5623 27.
1950 5572 2001 5624 ι.

2108 5589 2153 5627 n.
2190 5591 2280 5642 xv,
2305 5577 2394 5633 26.
2474 5579 2675 5637 'Joan.
2712 5598 2824 5648 xvt,
2868 5583 2954 5650 Η,
2988 5584 3076 5640 15.

418 5630 576 5685 'Gal.
614 5649 677 5698 ll,
705 5633 761 5688 9.
833 5635 855 5665 ⁸
879 5637 999 5691 Act.
1036 5654 1112 5701 Ix,
1145 5630 1198 5689 4.

2114 4893 2375 4965 ἀληθινὴν
2409 4895 2596 4967 φωνὴν
2642 4897 2735 4950 τοῦ
2784 4897 3101 4962 ἀξιοπίστω
3141 4896 3235 4949 καὶ
3284 4895 3437 4963 ἁγίου
3492 4890 3709 4946 Παύλου

2112 4985 2209 5040 τοῦ
2240 4987 2563 5056 ἀποστόλου,
2591 4983 2638 5059 ᾧ
2657 4990 2843 5055 δεξιὰν
2865 4990 3067 5043 ἔδωκεν
3098 4992 3125 5042 ὁ
3150 4986 3582 5061 κορυφαιότατος
3602 4983 3712 5037 τῶν

2114 5078 2429 5133 ἀποστόλων
2478 5081 2711 5152 Πέτρος,
2745 5084 2775 5135 ό
2812 5081 3223 5152 κατηξιωμένος
3260 5079 3407 5149 ἔχειν
3430 5076 3528 5149 τὴν
3561 5075 3712 5129 κλεῖν

2114 5170 2213 5239 τῆς
2241 5169 2517 5241 βασιλείας
2535 5213 2552 5237 ,
2575 5173 2671 5227 τοῦ
2701 5173 3039 5237 ἀκούσαντος
3055 5173 3149 5226 ἀπ’
3170 5172 3421 5242 οὐρανῶν
3440 5188 3453 5204 ⁸
3482 5169 3708 5231 Σαοὺλ,

2115 5262 2318 5316 Σαοὺλ
2344 5302 2359 5326 ,
2406 5264 2464 5317 τι
2497 5282 2575 5334 με
2601 5260 2868 5332 dabat-tte;
2900 5266 2992 5320 rei;
3035 5265 3446 5335 κατηξιωμένου
3475 5261 3709 5317 ἀκοῦσαι

2114 5353 2343 5421 ἆρῤητα
2367 5354 2627 5425 ῥήματα,
2666 5356 2703 5411 ti
2728 5361 2837 5411 οὐκ
2879 5357 3026 5423 ἐξὸν
3067 5357 3358 5425 ἀνθρώπῳ
3388 5350 3660 5421 λαλῆσαι
3694 5368 3704 5380 ·

2114 5442 2207 5495 τοῦ
2240 5444 2491 5513 λέγοντος
2516 5465 2531 5479 ⁸
2567 5444 2781 5515 Οὐδεὶς
2815 5445 2940 5504 οἵδε
2989 5448 3061 5502 τὰ
3109 5446 3215 5501 τοῦ
3250 5443 3603 5515 ἀνθρώπου.
3656 5442 3710 5495 ει

3192 5582 3213 5613 ⁸
3238 5580 3427 5637 Matth.
3470 5596 3583 5645 xw,
3618 5578 3707 5634 19.

490 5744 1011 5844 ςίξξξὶρζευματικά
1044 5750 1174 5817 ζῶα,
1217 5752 1486 5821 spiritalia
1518 5753 1703 5810 dicere
1735 5756 1997 5813 animalia

2108 5775 2336 5823 cessuas
2370 5776 2452 5825 est
2484 5769 2675 5836 nulla;
2710 5770 2934 5825 viventia
2980 5769 3270 5844 _spiritalia
3309 5768 3491 5825 dicere
3552 5774 3700 5822 reete

431 5825 737 5879 possumus.
1966 5852 1969 5855 η
