3950 6450
280 403 348 460 37
971 438 974 441 η
1726 401 2170 463 ANCORA'I‘US.
3527 412 3597 471 58

280 525 357 589 μὴ
411 518 484 573 τό
535 518 791 591 πνεῦμα
843 517 955 572 τοῦ
985 516 1303 588 ἀνθρώπου
1352 518 1418 573 τὸ
1445 516 1772 574 κατοικοῦν
1827 519 1898 573 ἐν

2010 521 2133 576 mini
2162 520 2310 594 loqui
2341 521 2396 576 ιε
2432 522 2529 594 qui
2572 522 2645 578 ita
2675 520 2913 595 denique
2949 522 3216 597 scripsit;
3254 525 3427 583 Nemo
3457 532 3598 586 novit

286 613 442 679 αὐτῷ
474 626 488 642 ·
536 611 657 665 ἀπὸ
694 610 797 666 τοῦ
839 611 1284 684 παραδείγματος
1313 610 1383 665 τά
1420 611 1535 666 ἄνω
1569 611 1897 683 βουλόμενος

2010 627 2117 684 me
2144 623 2269 669 sunt
2314 616 2566 683 hominis,
2618 616 2723 673 nisi
2764 617 2991 688 spiritus
3019 618 3247 674 hominis
3280 623 3370 690 qui
3406 621 3463 676 in
3484 623 3599 693 ipso

291 707 559 780 φράζειν,
593 705 687 761 ἵνα
721 705 803 779 μὴ
838 705 907 760 τὸ
942 704 1038 760 τοῦ
1084 704 1379 777 ἀνθρώπου
1422 704 1779 777 παράδειγμα
1816 705 1899 770 είς

291 804 383 857 τὸν
413 799 555 857 Osi»
599 801 916 876 ἀπεικάσῃ,
972 800 1108 856 ἀλλά
1155 800 1239 873 τῷ
1269 800 1688 873 παραδείγματι
1730 801 1898 873 μέρος

292 893 403 947 τῶν
429 892 545 947 ἅνω
572 890 928 965 ἀποκαλύψῃ.
966 891 1103 964 Ὅλη
1142 891 1255 965 γὰρ
1285 892 1321 964 ἠ
1360 891 1541 955 κτίσις
1568 891 1901 962 συναχθεῖσα

295 985 547 1056 ἀγγέλων
584 985 683 1039 καὶ
726 982 1088 1058 ἀρχαγγέλων
1105 1025 1122 1053 ,
1191 984 1461 1057 χερουόὶμ
1497 984 1592 1039 καὶ
1627 984 1893 1058 σεραφὶμ,

300 1079 402 1132 σὺν
429 1077 663 1149 στρατιᾷ
694 1075 1041 1150 ἐπουρανίῳ,
1073 1074 1310 1148 οὐρανοῦ
1343 1093 1406 1129 τε
1452 1076 1548 1130 καὶ
1583 1074 1687 1146 γῆς
1708 1118 1725 1143 ,
1777 1077 1899 1130 ἐπι-

304 1167 475 1236 γείων
530 1168 628 1222 καὶ
675 1167 953 1240 οὐρανίων
998 1167 1097 1222 καὶ
1150 1166 1558 1239 καταχθονίων,
1594 1168 1901 1240 φωστήρων

295 1276 357 1312 τε
388 1258 488 1312 καὶ
519 1258 801 1330 ἀστέρων,
833 1257 1020 1331 ξηρῶν
1053 1275 1116 1313 τε
1159 1258 1258 1314 καὶ¹
1296 1258 1516 1332 ὑγρῶν,
1549 1259 1645 1314 καὶ
1681 1260 1901 1317 πάντων

299 1350 641 1418 ἁπαξαπλῶς
669 1350 782 1405 τῶν
809 1351 869 1404 ἐν
894 1348 1114 1423 οὐρανῷ
1135 1351 1233 1405 καὶ
1264 1350 1360 1404 ἐπὶ
1410 1350 1544 1423 γῆς,
1583 1351 1644 1405 οὐ
1677 1349 1901 1406 δύναται

299 1442 673 1511 ἐνδείξασθαι,
693 1442 821 1498 οὔτε
849 1443 1208 1516 ὑποδείγματι
1237 1443 1647 1517 ἀφομοιωθῆναι
1675 1443 1753 1516 τῷ
1782 1443 1912 1499 ἐαυ-

295 1536 411 1592 si»
435 1535 703 1608 Δεσπότῃ.
736 1534 895 1590 Κατά
921 1533 1082 1609 χάριν
1108 1535 1220 1609 γὰρ
1264 1535 1347 1608 τῷ
1373 1535 1647 1608 ἀνθρώπῳ
1688 1534 1788 1607 τὴν
1808 1535 1905 1589 «εί-

297 1625 440 1681 κόνει
464 1623 761 1696 χαρίζεται
782 1666 797 1692 ,
827 1626 1005 1697 λέγων
1027 1643 1044 1660 ο
1084 1626 1405 1697 Ἐποίησεν
1431 1632 1465 1683 ὁ
1497 1627 1643 1695 Θεὸς
1666 1627 1776 1683 τὸν
1798 1626 1904 1682 ἄν·

297 1721 572 1788 optestor
623 1719 753 1772 κατ’
781 1719 992 1773 εἰκόνα
1022 1717 1174 1775 Θεοῦ
1214 1719 1512 1789 ἐποίησεν·
1551 1721 1760 1775 αὐτόν.
1797 1721 1908 1773 Χα-

302 1811 533 1882 ρίσματι
559 1810 670 1883 γάρ
706 1809 821 1882 ἔχει
856 1810 958 1882 τὴν
1004 1811 1190 1866 εἰκόνα
1219 1814 1328 1877 πᾶς
1369 1811 1678 1883 ἅνθρωπος.
1714 1812 1904 1878 Οὐδεὶς

2001 704 2206 760 habitat
2235 705 2275 761 ’.
2303 705 2424 775 Quo
2451 708 2702 781 exemplo
2732 708 3061 767 adumbrare
3091 713 3376 782 superiora
3402 714 3496 768 illa
3526 730 3596 771 ac

2000 792 2250 855 ctelestia
2281 798 2486 865 voluit,
2528 814 2599 855 ne
2628 801 2930 856 humanum
2963 799 3273 870 exemplum
3304 803 3373 859 ad
3421 803 3594 860 Deum

2008 891 2372 959 transferret;
2416 893 2510 951 sed
2552 896 2805 966 exemplo
2839 895 2934 951 illo
2963 896 3213 953 caelestia
3248 913 3314 952 ac
3341 913 3601 969 suprema

2001 995 2069 1039 ex
2100 989 2258 1055 parte
2285 983 2470 1055 aliqua
2500 982 2826 1041 declararet.
2870 984 3008 1041 Nam
3049 994 3248 1043 creatae
3288 1003 3379 1044 res
3404 1003 3600 1046 omnes

2001 1072 2050 1131 si
2091 1074 2150 1130 in
2189 1088 2360 1130 unum
2406 1076 2589 1131 locum
2628 1076 3025 1146 conferantur;
3073 1079 3297 1151 angeli,
3334 1083 3557 1152 inquam
3583 1122 3600 1149 ,
3722 1100 3725 1103 ν

2000 1176 2058 1223 et
2096 1166 2435 1239 archangeli“,
2478 1168 2765 1225 cherubim
2809 1176 2865 1226 et
2892 1171 3190 1242 seraphim,
3239 1188 3364 1227 cum
3391 1173 3605 1231 cmlesti

2007 1259 2159 1315 omni
2204 1261 2470 1327 exercitu,
2504 1261 2686 1332 iisque
2715 1278 2839 1333 quae
2869 1270 3013 1318 terra
3044 1277 3108 1320 ac
3136 1264 3279 1320 caelo
3305 1262 3603 1321 continen-

2004 1359 2117 1416 tur,
2169 1351 2405 1407 terrenis
2453 1350 2708 1408 videlicet
2750 1366 2814 1407 ac
2859 1353 3203 1419 coelestibus,
3235 1362 3292 1411 et
3335 1372 3460 1427 quae
3499 1357 3606 1415 sub

2005 1447 2155 1498 terra
2206 1450 2358 1509 sunt,
2408 1457 2625 1499 necnon
2664 1453 2719 1500 et
2752 1444 3031 1501 sideribus
3077 1461 3144 1502 ac
3191 1448 3391 1512 stellis,
3438 1450 3606 1506 siccis

1985 1533 2134 1590 .item
2168 1541 2224 1590 et
2266 1533 2530 1600 humidis,
2582 1544 2748 1606 atque
2795 1537 3054 1593 omnibus
3100 1536 3338 1608 denique
3383 1555 3508 1611 quae
3547 1540 3605 1596 in

2003 1624 2147 1681 caelo
2193 1631 2452 1697 terraque
2500 1633 2652 1691 sunt,
2703 1625 2996 1682 Dominum
3044 1644 3205 1685 suum
3254 1631 3602 1700 exprimere,

2006 1722 2103 1771 aut
2135 1717 2435 1788 exemplari
2462 1731 2565 1773 suo
2586 1716 2882 1775 assimilari
2913 1727 3216 1792 nequeunt.
3249 1720 3352 1793 17
3390 1720 3605 1779 Etenim

2006 1808 2217 1865 homini
2265 1819 2327 1864 ut
2370 1809 2553 1881 imago
2594 1810 2688 1876 sit,
2733 1823 2801 1866 ex
2834 1811 3072 1881 quadam
3125 1814 3300 1884 gratia
3332 1813 3597 1886 largitur,

295 1902 359 1957 se
396 1902 481 1973 τῷ
528 1900 725 1957 ἑαυτοῦ
751 1901 999 1975 Δεσπότῃ
1026 1903 1497 1977 ἀπεικασθήσεται
1525 1920 1539 1934 ·
1571 1906 1633 1960 τὸ
1667 1906 1767 1978 μὲν
1790 1904 1902 1978 γὰρ

2010 1900 2084 1956 ιιῑί
2121 1900 2392 1972 scriptum
2438 1908 2526 1958 est
2552 1920 2567 1957 :
2597 1899 2751 1957 Fecit
2792 1901 2936 1959 Deus
2969 1903 3268 1970 hominem;
3305 1904 3377 1959 ad
3417 1907 3609 1978 imagi-

297 1995 535 2062 ἀόρατον
559 2031 577 2061 ,
606 1993 669 2049 τὸ
693 1994 753 2049 δὲ
797 1995 993 2069 ὁρατόν
1011 2012 1030 2027 ⁸
1059 1997 1124 2050 τὺ
1162 1997 1265 2070 μὲν
1292 1996 1593 2066 ἀθάνατον,
1622 1998 1685 2052 τὸ
1720 1998 1778 2053 δὲ
1807 1998 1902 2053 θα-

2018 2008 2135 2047 nem
2166 1988 2265 2048 Dei
2289 1992 2416 2063 fecit
2448 1993 2605 2049 illum
2627 1994 2670 2049 ³.
2704 1994 2841 2050 Nam
2873 1995 2968 2052 Dei
2995 1997 3258 2053 beneﬂcio
3288 1998 3453 2054 homo
3488 2001 3612 2071 qui-

263 2092 268 2096 ’
298 2090 468 2144 νάτου
495 2087 777 2143 δεκτικόνο
808 2090 904 2144 καὶ
926 2089 990 2144 τὸ
1022 2089 1121 2162 μὲν
1149 2089 1335 2163 πάσης
1367 2091 1562 2162 σοφίας
1595 2092 1772 2164 πηγὴ,
1803 2091 1901 2147 καὶ

2013 2083 2147 2140 libet
2175 2084 2470 2156 imaginem
2510 2085 2675 2142 habet
2706 2083 2819 2143 Dei.
2857 2085 3032 2144 Nemo
3060 2104 3190 2144 vero
3217 2103 3343 2144 cum
3375 2089 3612 2148 Domino

298 2180 483 2235 πάντα
505 2178 635 2251 ἔχον
658 2180 721 2233 ἑν
748 2179 935 2252 ἑαυτῷ
961 2179 1363 2252 τετελειωμένα
1388 2222 1405 2249 ,
1443 2182 1473 2235 ὁ
1502 2181 1561 2236 δὲ
1610 2180 1899 2254 ἄνθρωπος

2010 2189 2111 2230 suo
2157 2175 2436 2247 adaequari
2467 2182 2686 2247 potest:
2716 2191 2844 2231 nam
2885 2178 3035 2234 aliud
3080 2179 3257 2235 oculis
3284 2180 3457 2236 videri
3499 2198 3610 2238 non

297 2272 551 2343 χάρισμα
577 2268 723 2342 ἔχων
741 2268 859 2324 ἀπὸ
884 2270 1091 2343 μέρους
1110 2312 1126 2337 ,
1155 2268 1479 2342 λειπόμενός
1506 2271 1625 2323 ἔστι
1656 2268 1767 2324 τῶν
1807 2284 1900 2322 τεο

2010 2273 2215 2336 potest;
2250 2265 2400 2321 aliud
2433 2266 2768 2337 aspectabile
2794 2275 2879 2323 est
2909 2285 2923 2322 :
2950 2284 3118 2324 unum
3155 2269 3466 2327 immortale
3499 2283 3610 2338 est;

295 2361 593 2415 λειοτάτων
615 2399 632 2424 ,
660 2362 710 2414 εί
742 2361 823 2432 μὴ
851 2359 999 2415 θέλει
1029 2361 1060 2415 δ
1083 2360 1221 2426 Θεὸς
1247 2361 1557 2434 παρασχεῖν
1582 2361 1707 2416 κατ’
1739 2357 1903 2426 ἀξίαν

2010 2356 2179 2412 morti
2236 2355 2389 2411 aliud
2450 2356 2805 2414 obnoxium:
2853 2358 3087 2414 alterum
3142 2361 3428 2431 sapientia:
3487 2363 3611 2421 totis

292 2457 413 2519 τοῖς
449 2453 839 2527 κομιζομένοις
885 2452 988 2526 τὴν
1024 2452 1113 2508 διὰ
1154 2452 1501 2526 χαρίσματος
1553 2450 1897 2523 τελειότητα.

2013 2455 2118 2512 est,
2145 2445 2443 2517 omniaque
2472 2447 2529 2502 in
2561 2447 2746 2519 scipso
2774 2448 3019 2520 perfecta
3053 2452 3471 2522 complectitur;
3513 2455 3618 2509 lto-

294 2566 391 2606 mo
416 2549 745 2607 beneﬁcium
768 2563 839 2606 ex
868 2556 1027 2622 parte
1058 2555 1396 2606 consecutus
1423 2548 1590 2619 longe
1633 2539 2060 2619 perfectissimis
2096 2540 2333 2597 inferior
2360 2549 2466 2608 est,
2508 2543 2616 2599 nisi
2646 2542 2788 2600 forte
2843 2560 2944 2616 pro
3008 2548 3283 2620 cujusque
3347 2548 3614 2622 dignitate

294 2658 397 2714 per
423 2644 671 2700 coelestia
702 2642 848 2699 dona
892 2640 1289 2715 perfectionem
1323 2639 1473 2699 Deus
1518 2641 1653 2698 velit
1679 2640 1980 2712 unicuique
2008 2636 2274 2692 tribuere.

368 2735 475 2791 IB'.
498 2726 703 2808 ’Ὅμως
730 2734 1093 2808 ὑποδείγματι
1118 2734 1463 2807 κεχρημένος
1493 2736 1523 2789 ὁ
1549 2733 1715 2799 αὐτὸς
1743 2734 1903 2805 ἅγιος

2078 2725 2199 2783 χιι.
2242 2726 2445 2785 Verum
2469 2729 2722 2802 exemplo
2750 2739 2912 2788 utens
2943 2731 3087 2788 idem
3116 2733 3417 2805 Apostolus
3451 2755 3465 2791 :
3506 2734 3614 2792 Ne-

311 2827 643 2893 ’Ᾱπόπολος
656 2844 671 2860 ·
708 2827 943 2896 Οὐδεὶς,
978 2828 1133 2901 φησὶ,
1160 2826 1324 2883 οἶδεν·
1349 2826 1662 2897 ἄνθρωπος
1688 2826 1764 2883 τὰ
1790 2826 1900 2883 τοῦ

2010 2834 2114 2885 mo,
2144 2818 2325 2889 inquit
2356 2823 2397 2886 ⁸,
2431 2821 2573 2875 novit
2616 2838 2734 2892 quas
2785 2832 2910 2878 sunt
2950 2823 3205 2891 hominis,
3254 2827 3359 2880 nisi
3395 2829 3613 2896 spiritus

297 2918 651 2990 ἀνθρώπου,
697 2921 753 2976 ει
779 2920 867 2992 μὴ
912 2922 979 2976 τό
1026 2916 1285 2991 πνεῦμα
1318 2918 1426 2975 τοῦ
1468 2918 1787 2988 ἀνθρώπου
1832 2916 1902 2972 τό

2010 2909 2234 2967 hominis
2278 2913 2370 2984 qui
2405 2913 2458 2967 in
2510 2914 2622 2982 ipso
2665 2914 2874 2970 habitat
2906 2930 2926 2969 :
2963 2917 3040 2970 ita
3069 2933 3161 2971 nec
3196 2934 3315 2988 qua:
3360 2918 3461 2974 Dei
3491 2929 3614 2974 sunt

298 3012 717 3069 κατοικοῦνὲν
733 3012 898 3080 αὐτῷ
915 3029 930 3044 ⁸
955 3013 1109 3069 οὕτω
1141 3011 1243 3067 καί
1273 3010 1343 3066 τὰ
1367 3010 1480 3066 τοῦ
1512 3011 1662 3066 Θεοῦ
1701 3009 1904 3078 οὐδείς

2010 3005 2293 3076 quisquam
2322 3005 2509 3071 norit;
2540 3020 2650 3061 non
2677 3005 2957 3071 dixit,nisi
2990 3007 3227 3079 Spiritus
3265 3009 3361 3064 Dei
3388 3012 3480 3081 qui
3510 3012 3615 3067 ha-

298 3102 495 3176 ἕτγον
526 3103 621 3160 καὶ
651 3104 757 3161 οὐκ
787 3100 965 3171 εἶπεν,
1008 3105 1062 3159 εί
1097 3102 1184 3175 μὴ
1224 3103 1292 3159 τὸ
1330 3103 1578 3176 Πνεῦμα
1608 3103 1719 3160 τοῦ
1750 3103 1901 3159 Θεοῦ

2015 3097 2152 3152 bitat
2169 3098 2227 3151 in
2255 3098 2416 3168 ipso;
2456 3099 2573 3164 sed,
2600 3097 2836 3169 Spiritus
2869 3098 2991 3166 Dei,
3024 3101 3331 3169 duntaxat;
3363 3118 3435 3158 ne
3465 3104 3615 3187 quis

297 3193 371 3248 τό
396 3191 726 3250 κατοικοῦν
742 3192 813 3249 ἐν
834 3191 996 3260 αὐτῷ
1012 3208 1026 3224 ο
1045 3193 1204 3259 ἀλλά,
1228 3194 1296 3249 τὸ
1325 3192 1572 3264 Πνεῦμα
1595 3192 1705 3248 τοῦ
1727 3192 1902 3258 Θεοῦ,

2010 3190 2375 3260 compositum
2423 3197 2479 3246 et
2518 3191 2689 3247 variis
2737 3207 2805 3248 ex
2853 3192 3104 3262 partibus
3154 3191 3450 3249 conﬂatum
3491 3211 3616 3252 esse

302 3283 505 3356 μόνον’
534 3283 623 3339 ενα
658 3285 733 3357 μή
784 3301 877 3350 τις
918 3283 1174 3341 σύνθετον
1206 3284 1301 3340 καὶ
1344 3285 1705 3357 συγκείμενον
1734 3285 1904 3356 νοήσῃ

298 3376 366 3430 τδ
389 3375 575 3432 Θεϊον.
609 3377 681 3431 Et
718 3375 830 3447 μὴ,
878 3377 1034 3449 φησὶ,
1081 3374 1151 3430 τὸ
1199 3375 1446 3448 Πνεῦμα
1481 3375 1589 3432 τοῦ
1630 3374 1808 3432 Θεοῦ’
1838 3375 1906 3429 τὸ

300 3466 418 3538 γὰρ
440 3465 687 3539 Πνεῦμα
712 3466 823 3523 τοῦ
851 3466 998 3524 Θεοῦ
1019 3465 1218 3523 πάντα
1247 3466 1488 3539 ἐρευνᾷ,
1513 3468 1615 3524 καὶ
1640 3471 1715 3525 τὰ
1735 3468 1905 3539 ,ϐάθη

299 3557 417 3612 τοῦ
466 3557 637 3613 Θεοῦ.
688 3557 804 3612 Οὐκ
861 3556 1143 3630 ἀλλότριον
1193 3556 1378 3613 τοίνυν
1416 3557 1479 3611 τὸ
1539 3556 1767 3628 Πνεῦμα
1810 3556 1907 3612 τοῦ

299 3647 445 3704 Θεοῦ
473 3648 538 3704 τὸ
573 3648 837 3719 ἐρευνῶν
865 3649 1051 3721 βάθη.
1093 3650 1159 3705 Ei
1190 3649 1301 3724 γὰρ
1340 3652 1488 3724 ἡμᾶς
1543 3650 1818 3724 μέμφεται
1846 3649 1906 3705 τὸ

302 3740 453 3796 θεῖον
498 3741 735 3814 γράμμα
779 3741 938 3812 λέγον
960 3757 977 3773 θ
1034 3744 1098 3799 Ἃ
1140 3741 1486 3815 προσετάγη
1538 3756 1662 3808 σοι,
1713 3743 1904 3798 ταῦτα

300 3831 580 3898 διανοοῦ.
615 3833 715 3889 καί
769 3833 848 3889 σὺ
887 3833 1061 3905 χρεία
1103 3834 1242 3889 ἐστι
1278 3850 1380 3889 σοι
1433 3833 1553 3890 τῶν
1597 3833 1902 3905 κρυπτῶν,

301 3925 409 3978 καί
450 3923 806 3993 ὑψηλότερά
843 3938 961 3980 σου
991 3924 1079 3995 μὴ
1110 3922 1286 3993 ζήτει,
1326 3924 1427 3979 καὶ
1452 3925 1759 3996 βαθύτερά
1787 3941 1906 3981 σου

300 4012 390 4083 μὴ
429 4009 684 4078 ἐξέταζε.
704 4008 853 4085 Ἀρα
877 4013 1126 4087 εἴπωμεν
1150 4014 1247 4068 καὶ
1277 4015 1407 4086 περὶ
1430 4014 1523 4069 τοῦ
1551 4015 1706 4085 ἁγίου
1737 4014 1908 4070 Ilvati-

305 4120 502 4177 ματος,
536 4104 619 4158 ὅτι
650 4104 851 4176 μᾶλλον
894 4105 1208 4178 περιεργίᾳ,
1251 4105 1348 4161 καὶ
1396 4106 1516 4178 οὐχὶ
1551 4105 1751 4179 μᾶλλον
1776 4123 1909 4178 γνη-

305 4197 519 4267 σιότητι
554 4196 753 4269 ἐρευνᾷ
794 4196 863 4250 τά
908 4196 1048 4269 βάθη
1096 4197 1196 4251 τοῦ
1224 4195 1397 4266 Θεοῦς
1431 4196 1534 4251 ποῦ
1568 4196 1678 4271 γάρ
1710 4199 1911 4270 ἐρευνᾷ

302 4291 379 4345 τά
424 4288 575 4362 βάθη
622 4287 719 4343 τοῦ
766 4288 938 4358 Θεοῦ;
994 4289 1089 4344 διὰ
1140 4289 1305 4345 ποίαν
1368 4288 1586 4358 aletur;
1637 4290 1763 4362 λέγε
1785 4331 1802 4357 ,
1862 4283 1919 4346 ὧ·

302 4380 528 4454 ἀνόητε.
579 4379 671 4444 Ὦς
692 4381 1223 4453 περιεργαζόμενονς
1252 4379 1338 4445 ὡς
1350 4380 1906 4455 ἀλλοτριεπίσκοπον;

303 4474 386 4539 ὡς
416 4471 497 4544 μὴ
528 4470 674 4527 ἰδίων
705 4471 1043 4546 έπιθυμοῦν;
1092 4472 1195 4545 Μὴ
1235 4472 1485 4541 γένοιτο-ε
1527 4473 1673 4528 Ἀλλ’
1719 4475 1908 4548 ἐπειδὴ

305 4564 695 4631 καταξιοῦνται
732 4566 783 4620 σί
820 4566 967 4635 ᾶγιοτ
1004 4564 1067 4620 τὸ
1110 4561 1341 4637 Πνεῦμα
1384 4565 1446 4619 τὸ
1496 4563 1652 4636 ἅγιον
1684 4566 1743 4621 ὲν
1781 4567 1909 4622 ἐαυ-
1939 4596 1984 4652 D

305 4660 425 4722 τοῖς
466 4655 796 4723 κατοικίζειν
819 4697 835 4723 ,
889 4659 1029 4715 ὲπάν
1073 4658 1137 4714 ὲν
1184 4656 1303 4721 τοϊς
1345 4656 1521 4728 ἁγίοις
1566 4657 1791 4730 γένηται
1847 4658 1909 4713 τὸ

309 4748 539 4821 Πνεῦμα
560 4748 624 4802 τὸ
651 4747 826 4820 ἅγιον,
856 4750 1139 4823 χαρίζεται
1170 4747 1355 4815 αὑτοῖς
1395 4751 1625 4824 ἑρευνᾷν
1657 4748 1725 4804 τὰ
1768 4747 1905 4821 βάθη

307 4839 407 4895 τοῦ
457 4839 617 4907 Θεοῦ,
667 4841 749 4905 είς
801 4840 863 4895 τὸ
922 4841 1143 4913 βαθέως
1190 4839 1436 4908 δοξάζειν
1467 4842 1567 4911 (ὡς
1599 4841 1694 4896 καὶ
1745 4840 1911 4896 Δαὸἳδ

307 4929 471 4985 τοῦτο
501 4929 770 5001 όμολογεϊο
805 4931 911 4986 Ἐκ
950 4928 1193 4997 ,βαθέων
1222 4930 1355 5005 γὰρ,
1401 4930 1556 5003 φησὶ,
1613 4927 1910 4998 ὲκέκραξά

309 5034 432 5088 σοι,
478 5021 681 5093 Κύριε)
725 5020 821 5076 καί⁸
869 5020 1344 5095 ἀπειρομεγέθως,
1387 5022 1485 5075 καὶ
1546 5019 1631 5093 μὴ·
1664 5017 1914 5092 σμικρῶς

310 5112 405 5166 καὶ
451 5109 682 5176 ἀτελῶς,
718 5109 973 5183 καθάπερ
1000 5112 1051 5166 οί
1094 5114 1196 5184 τῆς
1221 5110 1446 5183 Ἀρείου·
1481 5110 1766 5183 αἱρέσεως,
1817 5107 1917 5162 καὶ

310 5203 514 5271 ἐξωθεῖ
545 5204 742 5270 πᾶσαι,
777 5202 877 5259 καὶ
901 5201 1053 5269 ἐξότε
1098 5204 1267 5276 νόμος
1296 5198 1387 5257 διά
1414 5200 1694 5268 Μωῦσέως
1730 5198 1910 5271 ἐδόθη,

310 5298 369 5353 at
402 5295 525 5369 μετ’
556 5296 723 5352 αὐτὸν
762 5292 1067 5366 σχισθετσαι
1110 5294 1356 5368 αἱρέσεις
1392 5292 1500 5369 πρὸ
1545 5293 1647 5365 τῆς
1674 5289 1913 5367 Χριστοῦ

312 5389 575 5462 ὲνσάρκου
603 5388 925 5460 παρουσίας
963 5386 1178 5454 ἕνδεκα,
1227 5388 1320 5445 καὶ
1352 5385 1492 5458 μετά
1512 5386 1617 5459 τὴν
1650 5383 1913 5458 ἐνσαρκον

313 5483 608 5555 παρουσίαν
628 5481 798 5538 ἄλλαι
826 5476 1113 5551 ἑξήκοντα,
1141 5479 1316 5552 χωρὶς
1336 5478 1448 5535 τῶν
1472 5477 1579 5550 πρὸ
1599 5475 1692 5531 τοῦ
1722 5476 1910 5548 νόμου,

308 5575 393 5632 καί
423 5577 617 5634 πασῶν
652 5572 874 5630 τούτων
905 5570 1091 5638 πέντε,
1135 5571 1233 5627 καὶ
1279 5572 1391 5628 τῶν
1419 5571 1597 5629 ἄλλων
1629 5569 1913 5642 τεσσάρων

354 5745 372 5778 ¹
389 5742 438 5803 ﬂ
459 5741 599 5804 Cor.
646 5750 761 5803 xu,
784 5730 846 5788 ι.

272 5837 451 5892 cxxtx,
488 5818 545 5875 1.

2008 3280 2183 3355 Deum
2206 3288 2445 3352 putaret.
2481 3279 2610 3348 Sed,
2646 3282 2773 3348 nisi,
2806 3280 3010 3352 inquit,
3043 3282 3279 3354 Spiritus
3305 3285 3426 3340 Dei.
3467 3285 3614 3341 Nam

2012 3369 2113 3426 Dei
2176 3369 2409 3442 Spiritus
2468 3372 2649 3427 omnia
2697 3384 3088 3444 perscrutatur,
3128 3375 3291 3429 etiam
3338 3378 3615 3448 profunda

2010 3459 2108 3517 Dei
2131 3463 2172 3517 ⁸.
2214 3460 2335 3519 Non
2368 3463 2534 3535 igitur
2565 3464 2778 3521 alienus
2826 3473 2911 3523 est
2960 3481 2993 3520 a
3045 3463 3155 3523 Deo
3206 3465 3487 3538 Spiritus,
3519 3470 3614 3540 qui

2006 3552 2277 3624 profunda
2323 3562 2619 3609 scrutatur.
2664 3553 2879 3611 Etenim
2908 3570 3034 3611 cum
3072 3570 3177 3613 nos
3213 3556 3499 3628 Scriptura
3532 3574 3617 3614 re-

2008 3645 2317 3716 prehendat
2345 3644 2434 3701 his
2468 3646 2690 3703 verbis:
2719 3646 2853 3713 Qua:
2890 3656 3154 3717 praecepta
3186 3649 3283 3702 tibi
3320 3660 3466 3717 sunt,
3501 3649 3615 3707 hwe

2008 3736 2184 3808 cogita
2204 3752 2229 3803 ,'
2262 3751 2426 3808 neque
2451 3737 2667 3793 arcanis
2692 3746 2742 3793 et
2772 3738 2994 3794 occultis
3040 3738 3134 3793 tibi
3159 3755 3289 3809 opus
3314 3752 3429 3796 est:
3457 3750 3506 3796 et
3535 3750 3619 3797 at.

2013 3831 2155 3885 tiara
2179 3837 2235 3885 te
2261 3844 2325 3885 ne
2347 3829 2645 3901 quasieris,
2667 3847 2730 3885 ac
2756 3831 3114 3901 prolundiora
3139 3843 3190 3887 te
3215 3832 3532 3905 neinquiras
3555 3836 3575 3867 ⁸
3599 3853 3635 3889 τε

2016 3928 2335 3978 utrumnam
2405 3920 2675 3993 Spiritum
2744 3932 2998 3980 sanctum
3075 3922 3324 3982 dicemus
3381 3927 3615 3984 curiosi-

2009 4019 2121 4069 tate
2145 4013 2352 4085 potius,
2384 4026 2550 4085 quam
2581 4013 2728 4085 quod
2772 4014 2879 4071 hoc
2922 4014 3002 4071 illi
3048 4023 3251 4072 natura
3289 4019 3615 4084 conveniat,

2008 4105 2103 4161 Dei
2130 4105 2401 4177 profunda
2442 4107 2728 4162 scrutari?
2764 4107 2984 4163 Etenim
3019 4109 3246 4164 ubinam
3273 4110 3493 4168 tandem
3518 4111 3616 4169 Dei

2009 4194 2283 4268 profunda
2312 4193 2404 4249 ille
2435 4204 2720 4252 scrutatur
2738 4197 2766 4252 ἵ
2790 4207 2886 4253 ειη
2916 4215 3083 4271 quam
3112 4203 3186 4258 ob
3209 4206 3473 4260 causam?
3497 4204 3613 4272 die,

2009 4287 2174 4343 homo
2217 4285 2597 4343 stolidissime.
2639 4288 2723 4343 An
2751 4297 2811 4345 ut
2838 4291 3097 4349 curiosus
3128 4292 3394 4362 inquirit?
3421 4311 3490 4351 an
3533 4297 3616 4354 sic

2010 4384 2269 4447 tanquam
2294 4376 2600 4433 alienorum
2625 4379 2974 4451 explorator?
2994 4396 3065 4438 an
3088 4391 3268 4440 utsua
3292 4383 3616 4444 fastidiens?

2010 4464 2211 4522 Absit!
2257 4466 2457 4537 Verum
2497 4470 2762 4540 quoniam
2812 4472 2994 4528 sancti
3047 4471 3313 4547 Spiritum
3365 4487 3617 4535 sanctum

2011 4558 2069 4614 in
2108 4559 2314 4631 seipsis
2349 4562 2607 4633 excipere
2637 4574 2941 4629 merentur,
2975 4574 3093 4623 tum
3131 4583 3258 4625 cum
3299 4568 3358 4625 in
3406 4572 3616 4628 sanctis

2017 4650 2269 4706 habitare
2293 4651 2546 4722 coeperit,
2579 4651 2686 4709 hoc
2710 4652 2849 4725 ipsis
2882 4655 3100 4724 tribuit,
3132 4665 3195 4713 ut
3222 4659 3496 4729 profunda
3519 4660 3617 4717 Dei

2016 4744 2353 4815 perscrutari
2374 4745 2616 4815 possint,
2649 4753 2709 4801 ut
2729 4761 2795 4802 ex
2819 4748 3075 4819 penitiori
3107 4750 3363 4808 videlicet
3388 4761 3615 4824 pectore

2016 4833 2826 4906 celebrent,(quemadmodum
2875 4836 3045 4894 David
3077 4841 3195 4911 ipse
3230 4848 3468 4897 testatur
3496 4862 3508 4897 :
3535 4842 3617 4898 De

2014 4924 2295 4997 profundis
2315 4925 2545 4981 clamavi
2573 4928 2651 4980 ad'
2681 4937 2750 4993 te,
2781 4926 3090 5000 Domine",)
3114 4940 3277 5002 atque
3310 4939 3370 4988 ut
3408 4933 3461 4989 id
3491 4934 3618 4989 inli—

2020 5018 2136 5074 nita
2178 5019 2422 5090 quadam
2452 5019 2817 5090 amplitudine
2863 5019 3091 5088 faciant,
3125 5039 3238 5080 non
3287 5026 3506 5085 exiliter
3552 5043 3618 5083 ac

2015 5110 2225 5183 jejune,
2258 5111 2721 5182 quemadmodum
2762 5113 2855 5186 qui
2900 5113 3117 5172 Arianae
3158 5116 3387 5175 factioni
3418 5135 3483 5175 ac
3512 5135 3619 5176 cae-

2020 5204 2155 5261 teris
2179 5202 2487 5261 haeresibus
2518 5202 2903 5263 adhaerescunt
2932 5228 2945 5263 :
2991 5209 3305 5280 cuiusmodi
3333 5219 3465 5269 sunt
3505 5220 3621 5268 tam

2022 5296 2276 5353 undecim
2311 5296 2417 5354 illae
2459 5305 2644 5361 sectae.
2677 5315 2800 5371 quae
2845 5309 2971 5372 post
3017 5301 3193 5375 legem
3236 5319 3335 5375 per
3370 5302 3610 5375 Moysem

2021 5389 2280 5447 traditam
2311 5399 2441 5448 ante
2475 5388 2683 5448 Christi
2715 5390 2934 5448 Domini
2969 5393 3407 5451 lncarnationem
3442 5390 3619 5449 variis

2021 5491 2157 5539 sunt
2177 5498 2246 5541 ex
2278 5483 2530 5542 divertiis
2557 5492 2791 5554 exortae,
2834 5500 3007 5557 quam:
3029 5488 3313 5558 sexaginta
3343 5487 3465 5543 aliae
3489 5493 3617 5559 post

2023 5572 2464 5633 lncarnationem
2498 5575 2692 5647 editae;
2723 5584 2924 5650 praeter
2951 5577 3074 5635 illas
3100 5593 3222 5650 quae
3250 5578 3421 5651 legem
3455 5586 3613 5634 ante-

966 5727 1026 5784 ἰ
1058 5727 1183 5788 Cor.
1219 5745 1283 5797 ιι,
1314 5730 1403 5788 ﬂ.
1481 5729 1660 5786 'Gen.
1695 5745 1734 5798 ι,
1770 5731 1864 5786 27.

2010 5729 2392 5821 leonum.
2484 5714 2789 5792 'ibid'.10.
2866 5735 2890 5769 ο
2931 5734 3340 5803 Eccli.m,22.
3420 5732 3612 5796 'Psal.
