3950 6402
424 372 495 427 39
1833 363 1894 419 ε.
1938 359 2280 417 EPIPIIANII
3634 348 3709 403 40

428 492 736 550 cesserunt,
767 500 888 556 qua:
912 492 1042 540 sunt
1073 498 1304 539 numero
1333 484 1596 554 quinque.
1640 479 1736 535 llis
1770 480 1878 549 ιθ
1915 492 2010 531 ac-

2138 476 2457 547 Ἐλληνικῶν
2484 478 2752 549 αἱρέσεων
2769 494 2782 509 ’
2810 477 3011 541 αἵτινές
3057 480 3166 532 εῑσι
3197 474 3303 545 πρὸ
3325 475 3485 549 νόμου
3512 476 3713 531 ἐννέαι

428 579 630 632 cedunt
659 577 975 631 Graecorum
1008 584 1267 645 quatuor,
1301 585 1361 629 ut
1391 575 1447 628 in
1476 573 1791 628 universum
1823 583 2016 622 novem

2138 568 2256 638 59.06
2289 568 2345 620 δὲ
2385 570 2591 623 ἅπασαι
2626 572 2721 623 σὺν
2754 574 2873 632 ταῖς
2902 569 3112 623 ἑαυτῶν
3154 568 3393 638 μητράσι
3432 565 3541 619 τῶν
3576 569 3711 639 ἀρι-

431 669 545 724 sint
573 670 746 738 legem
796 675 1164 743 antegressae;
1218 681 1282 721 ac
1328 665 1493 721 simul
1540 663 1783 717 collecta:
1828 673 2020 713 omnes

2138 659 2273 729 ly.ti
2312 661 2327 689 ¹
2365 660 2694 731 ὁγδοήκοντα
2715 678 2727 690 ο
2765 654 2840 713 ὧν
2874 663 2979 713 εἱσι
3016 658 3251 729 μητέρες
3284 657 3383 728 μὲν
3419 657 3583 709 πέντε
3617 654 3720 710 οὖν

432 772 557 811 cum
598 757 867 811 matribus
920 757 1038 812 suis
1083 757 1360 827 octoginta
1406 753 1747 809 conﬁciant:
1787 764 2020 819 quarum

2138 768 2265 813 τως·
2314 753 2715 823 Βαρϐαρισμὸς,
2778 753 3102 821 Σκυθισμὸς,
3154 748 3534 819 Ἑλληνισμὸς.
3580 748 3725 800 ’1ου-

434 850 517 905 hae
552 858 754 904 matres
790 860 917 904 sunt
946 865 1178 904 numero
1203 849 1446 919 quinque
1470 847 1616 899 hunc
1662 844 1719 897 in
1767 842 2017 897 modum:

436 941 840 1004 Barbarismus,
868 940 1237 1013 Scythismus,
1269 939 1655 999 llellenismus,
1678 934 2019 997 Judaismus,

438 1031 872 1087 Samaritismus.
909 1031 988 1085 Ex
1023 1032 1112 1086 his
1157 1031 1523 1086 llellenismus
1563 1035 1800 1097 quatuor
1844 1032 2022 1079 sectas

438 1124 668 1193 peperit,
698 1122 1190 1195 Pythagoreorum,
1220 1123 1652 1181 Platonicorum,
1688 1118 2021 1178 Stoicorum,

436 1214 829 1285 Epicureorum
858 1232 871 1268 :
899 1230 963 1269 ex
998 1214 1113 1284 Iegc
1142 1229 1271 1268 vero
1302 1220 1429 1265 ante
1453 1210 1658 1266 Christi
1685 1206 2025 1263 lncarnatio-

437 1322 559 1361 nem
595 1306 849 1360 undecim
883 1324 895 1359 :
940 1320 1007 1359 ex
1041 1303 1327 1358 Judaismo
1379 1309 1621 1371 septem;
1667 1298 1984 1354 Scribarum
2007 1333 2023 1359 ,

436 1394 861 1460 Phariszeorum,
897 1395 1346 1456 Sadduczeorum,
1377 1392 1707 1454 Essaaorum,
1738 1388 2025 1442 Nazaraao-

436 1504 577 1551 rum,
626 1488 1250 1557 Hennerobaptistarum,
1296 1484 1770 1549 llerodianorum;
1815 1497 1881 1535 ex
1928 1479 2029 1533 Sa-

436 1579 743 1633 maritismo
774 1587 1030 1647 quatuor,
1059 1578 1491 1643 Gorthenorum,
1522 1576 1900 1637 Sebuasorum,
1932 1570 2029 1625 Es—

436 1683 719 1733 senorum,
770 1667 1171 1722 Dositheorum.
1215 1667 1420 1720 Omnes
1469 1665 1634 1720 simul
1693 1661 1946 1717 undecim
1999 1675 2029 1714 a

438 1759 553 1829 lege
586 1776 647 1813 ex
684 1757 888 1812 Judazis
918 1766 970 1812 et
1010 1758 1300 1811 Samaritis
1336 1765 1562 1811 exortm.

2121 842 2386 913 δαῖσμὸς,
2441 845 2898 915 Σαμαρειτισμός.
2941 845 3037 897 Ἐκ
3084 841 3310 905 τούτων,
3364 838 3424 904 ἐξ
3463 837 3724 907 Έλληνι-

2125 934 2263 1003 σμοῦ
2298 935 2396 1004 μὲν
2428 936 2667 1005 αἱρέσεις
2708 936 2992 1007 τέσσαρες,
3043 932 3449 1003 Πυθαγορείων,
3487 930 3721 982 Πλατω-

2125 1025 2311 1087 νικῶν,
2357 1027 2633 1095 Στωϊκῶν,
2669 1027 3078 1098 Ἐπικουρείων.
3135 1025 3267 1077 Ἀπὸ
3304 1024 3361 1077 δὲ
3407 1020 3499 1075 τοῦ
3542 1022 3723 1089 νόμου

2126 1117 2231 1187 πρὸ
2278 1119 2512 1188 Χριστοῦ
2569 1120 2869 1191 παρουσίας
2923 1119 3022 1187 τῆς
3072 1119 3333 1188 ὲνσάρκου
3384 1114 3616 1167 ἕνδεκα⁸
3655 1114 3726 1164 ἐκ

2130 1211 2229 1281 μὲν
2268 1210 2537 1263 Ἰουδαίων
2574 1210 2735 1274 ἑπτὰ,
2777 1208 3174 1280 Γραμματέων,
3204 1206 3529 1276 Φαρισαίων,
3579 1202 3721 1255 Σαδ-

2126 1302 2408 1367 δουκαίων,
2434 1303 2720 1366 Ἐσσαίων,
2748 1300 3132 1371 Νασσαραίων,
3172 1294 3723 1368 Ἦμεροὸαπτιστῶν,

2140 1393 2501 1465 Ἦρωδιανῶν.
2534 1395 2632 1446 Ἐκ
2670 1394 2726 1446 δὲ
2764 1391 3115 1462 Σαμαρειτῶν
3152 1393 3436 1459 τέσσαρες,
3476 1385 3727 1456 Γοροθη-

2132 1487 2256 1549 νῶν,
2307 1487 2627 1551 Σεϐουαίων,
2662 1484 2937 1556 Ἐσσηνῶν
2960 1525 2975 1550 ,
3028 1481 3320 1535 Δοσιθέων·
3354 1479 3487 1551 ὁμοῦ
3522 1479 3729 1533 ἕνδεκα

2130 1580 2237 1633 ἀπὸ
2266 1579 2431 1649 νόμου
2468 1578 2529 1641 ἐξ
2556 1577 2828 1633 Ἰουδαίων
2862 1578 2955 1631 καὶ
2980 1574 3333 1647 Σαμαρειτῶν
3367 1574 3634 1643 φύσασαι.

526 1847 660 1901 XIII.
705 1849 983 1905 Universae
1026 1850 1341 1920 igiturante
1382 1849 1673 1902 adventum
1716 1844 1944 1907 Christi,
1980 1850 2033 1898 et

2207 1843 2302 1899 lI".
2340 1844 2513 1898 Πᾶσαι
2553 1838 2645 1899 οῦν
2673 1846 2728 1898 αἱ
2755 1845 2861 1917 πρὸ
2888 1848 3149 1920 ὲνσάρκου
3180 1848 3274 1901 τοῦ
3308 1847 3545 1919 Χριστοῦ
3582 1865 3731 1919 παρ-

439 1940 504 1991 ad
559 1940 736 2008 ipsum
787 1958 961 2012 usque
1016 1952 1237 2011 sumpto
1292 1942 1360 1994 ab
1398 1940 1610 1994 Adamo
1650 1936 2033 2005 initioviginti

440 2039 590 2094 sunt.
627 2029 757 2086 Post
782 2034 1075 2087 adventum
1117 2049 1249 2088 vero
1281 2032 1489 2087 Christi
1522 2048 1696 2102 usque
1733 2030 1801 2084 ad
1836 2029 2033 2085 Valen-

408 2122 740 2193 _tinianum,
793 2122 1074 2179 Valentem
1124 2133 1177 2178 et
1236 2124 1581 2189 Gratianum,
1629 2139 1822 2178 omnes
1864 2124 2033 2177 haere-

441 2227 552 2276 ses,
584 2230 703 2282 quae
726 2213 867 2270 falso
894 2216 1095 2271 Christi
1133 2233 1329 2272 nomen
1367 2225 1724 2288 usurparunt,
1750 2216 2035 2286 sexaginta

439 2313 589 2369 sunt,
628 2324 752 2377 quae
797 2309 901 2362 hoc
938 2310 1099 2365 modo
1133 2317 1534 2364 numerantur:
1571 2308 1899 2373 Simoniani,
1926 2306 2031 2362 Me-

441 2397 776 2461 nandriani,
850 2397 1235 2464 Satumiliani,
1295 2400 1644 2463 Basilidiani,
1714 2398 2030 2463 Nicolaitm,

440 2484 685 2539 Gnostici
705 2488 793 2555 qui
817 2495 869 2541 et
891 2486 1196 2543 Stratiotici
1221 2498 1273 2543 et
1311 2489 1653 2553 Phibionitaa,
1673 2498 1727 2544 et
1744 2505 1773 2543 a
1798 2490 2035 2545 nonnul-

441 2573 510 2629 lis
563 2574 990 2642 Secundianitre,
1046 2578 1183 2633 alias
1237 2580 1548 2643 Socratitze,
1583 2579 1721 2633 alias
1761 2579 2032 2645 Zacchmi,

444 2664 574 2719 item
615 2665 884 2721 Coddiani
928 2669 1276 2740 appellantur
1328 2685 1389 2724 ac
1440 2670 1773 2737 Borboritae;
1821 2670 2032 2741 Carpo-

448 2757 680 2820 cratitre,
730 2759 1073 2815 Cerinthiani
1112 2761 1203 2830 qui
1244 2768 1299 2814 et
1349 2760 1725 2827 Merinthiani,
1759 2760 2029 2828 Nazoraei,

445 2848 711 2912 Ehionaei,
742 2848 1041 2915 Valentini,
1072 2851 1408 2905 Secundiani
1432 2893 1446 2916 ,
1480 2853 1682 2923 quibus
1712 2854 2035 2924 adjungitur

453 2939 765 3010 Epiphanes
818 2954 872 2997 et
920 2942 1207 2999 Isidorus:
1258 2943 1700 3010 Ptolemaconitae,
1751 2945 2032 3010 Marcosii,

444 3031 773 3096 Colorbasii,
814 3032 1229 3100 Heracleonitae,
1263 3032 1724 3107 Ophiue,Caiani,
1765 3037 2032 3103 Sethiani,

2133 1935 2344 1999 ουσίας,
2375 1936 2467 1989 ἐπὶ
2496 1938 2671 2009 Ἀδὰμ
2712 1939 3037 2010 ἀρξάμεναι,
3067 1942 3161 1995 καὶ
3197 1942 3388 2012 μέχρις
3415 1941 3614 2009 αὐτῆς,
3650 1942 3730 1994 εί-

2136 2025 2284 2077 κοσίν
2319 2028 2451 2079 εἰσι·
2489 2028 2626 2096 μετὰ
2661 2028 2839 2101 δὲτὴν
2888 2030 3151 2102 ἔνσαρκον
3183 2030 3276 2084 τοῦ
3308 2030 3545 2103 Χριστοῦ
3580 2050 3733 2102 παρ-

2135 2118 2321 2171 ουσίαν
2338 2119 2443 2182 ἒως
2481 2119 2754 2189 βασιλείας
2784 2122 3249 2188 Οὑαλεντινιανοῦ,
3270 2124 3364 2175 καὶ
3396 2124 3728 2188 Οὐάλεντος,

2136 2207 2231 2261 καὶ
2259 2209 2577 2279 Γρατιανοῦ,
2610 2213 2781 2263 πᾶσαι
2816 2213 2870 2264 αἱ
2900 2212 3139 2283 αἱρέσεις
3170 2214 3226 2264 αί
3269 2211 3477 2281 ψευδῶς
3519 2213 3730 2281 ἐπιφη-

2139 2299 2366 2370 μίσασαι
2420 2303 2481 2353 τὸ
2530 2303 2624 2355 τοῦ
2654 2304 2891 2373 Χριστοῦ
2946 2304 3116 2374 ὄνομα
3164 2305 3403 2367 ἑαυταῖς,
3455 2303 3733 2374 ἑξήκοντά

2136 2394 2306 2458 εἰσιν,
2359 2394 2529 2457 οὕτως
2594 2393 3027 2465 ἀριθμούμεναιο
3085 2395 3449 2464 Σιμωνιανοὶ,
3507 2396 3733 2447 Μεναν-

2134 2484 2361 2555 δριανοὶ,
2405 2483 2733 2554 Σατορνῖλοι,
2780 2485 3158 2549 Βασιλιδιανοὶ,
3202 2482 3541 2551 Νικολαῗται,
3583 2486 3733 2538 Γνω-

2138 2575 2332 2638 στικοὶ,
2362 2575 2412 2626 οἱ
2440 2575 2497 2629 δὲ
2530 2575 2918 2646 Στρατιωτικοὶ
2964 2577 3055 2629 καὶ
3095 2576 3427 2639 Φιὸιωνῖται,
3477 2576 3635 2647 παρὰ
3672 2577 3733 2631 δέ

2134 2680 2244 2716 τισι
2278 2666 2729 2729 Σεκουνδιανῖται,
2754 2667 2883 2737 παρ’
2910 2666 3088 2729 ἄλλοις
3121 2666 3177 2718 δὲ
3206 2668 3567 2737 Σωκρατίται,
3596 2668 3731 2739 παρ’

2137 2754 2344 2826 ἑτέροις
2376 2755 2433 2808 δὲ
2468 2757 2744 2826 Ζακχαίοι,
2783 2755 2931 2826 παρὰ
2963 2756 3019 2809 δέ
3051 2774 3158 2809 τισι
3192 2757 3472 2812 Κοδδιανοὶ
3505 2757 3733 2829 λεγόμε-

2137 2864 2216 2899 νοι
2266 2847 2360 2899 καὶ
2403 2846 3254 2919 Βορϐορῖται,Καρποκρατῖται,
3290 2849 3648 2919 Κηρινθιανοὶ
3681 2852 3731 2904 οἱ

2135 2940 2193 2993 δὲ
2240 2940 2618 3011 Μηρινθιανοὶ,
2673 2942 3003 3011 Ναζωραίοι,
3046 2941 3382 3007 Ἐὅιωναῖοι,
3438 2942 3732 2997 Οὐαλεντί-

2137 3049 2239 3095 νοι,
2292 3032 2697 3098 Σεκουνδιανοὶ,
2755 3029 2835 3095 οἷς
2888 3034 3215 3086 συνάπτεται
3268 3035 3585 3102 Ἐπιφάνιος
3638 3035 3733 3089 καὶ

443 3122 787 3190 Archontici,
842 3124 1195 3191 Cerdoniani,
1245 3127 1635 3192 Marcionistze,
1678 3128 2029 3195 Lucianistae,

2151 3124 2436 3194 Ἰσίδωρος,
2484 3124 3317 3197 Πτολεμαιονῖται,Μαρκόσιοι
3370 3130 3413 3191 ⁸,
3443 3127 3730 3199 Κολορὸά-

444 3215 803 3286 Appelleiani,
862 3219 1163 3287 Severiani,
1217 3219 1456 3285 Tatiani,
1507 3222 1825 3287 Encratitm,
1880 3221 2036 3276 Cata-

451 3311 692 3379 phryges
719 3312 811 3380 qui
846 3320 900 3364 et
935 3312 1298 3377 Montanistte,
1333 3322 1387 3366 et
1419 3312 1889 3386 Tascodrungitze,
1928 3313 2032 3371 Pe-

446 3400 663 3467 pusiani
714 3402 805 3469 qui
862 3410 917 3454 et
952 3402 1286 3457 Priscilliani
1335 3413 1388 3458 et
1416 3402 1759 3469 Quintilliani
1789 3426 1800 3459 :
1834 3407 2034 3476 quibus

447 3502 813 3545 aceensenlur
874 3492 1214 3563 Artotyritie,
1268 3493 1882 3561 Tessaresuedecatitze,
1941 3497 2035 3567 qui

445 3578 658 3634 Pascha
696 3593 835 3637 stata
863 3599 925 3638 ac
964 3586 1068 3639 lixa
1110 3586 1239 3639 anni
1279 3588 1367 3641 die
1408 3588 1720 3654 celebrant;
1756 3588 1911 3659 Λιοςί
1941 3589 2036 3659 qui

446 3670 805 3742 Evangelium
881 3688 936 3732 et
988 3678 1375 3749 Apocalypsim
1435 3679 1666 3736 Joannis
1733 3689 2035 3749 respuunt,

447 3766 762 3830 Adamiani,
814 3766 1077 3838 Sampszei
1112 3772 1287 3841 quiet
1333 3770 1616 3841 llelcesaai,
1650 3773 2036 3841 Theodotiani,

448 3856 948 3924 llelehisedeciani,
1000 3860 1441 3929 Bardesianistae,
1492 3863 1765 3929 Noetiani,
1810 3863 2035 3930 Valesii,

447 3950 671 4003 Cathari
725 3953 819 4020 qui
874 3961 928 4006 et
983 3952 1274 4009 Novatiani
1327 3964 1420 4010 aut
1465 3956 1628 4011 etiam
1677 3955 2035 4023 Montenses;

449 4056 578 4094 nam
642 4042 715 4095 ita
776 4043 963 4098 Ronue
1006 4056 1301 4112 vocantur;
1355 4046 1639 4116 Angelici,
1708 4048 2036 4117 Apostolici,

448 4134 562 4188 sive
594 4133 1046 4201 Renuntiatores,
1077 4134 1394 4201 Salielliani,
1428 4136 1758 4208 Origenistae
1791 4140 1885 4209 qui
1916 4147 2038 4194 tur-

451 4223 545 4292 pia
595 4222 830 4290 faciunt,
868 4224 973 4294 19
998 4224 1323 4296 Origenista:
1375 4228 1445 4283 ab
1481 4227 1717 4299 Origene
1762 4229 2040 4283 Adaman-

451 4314 553 4377 tio,
604 4312 760 4369 Pauli
811 4314 1216 4372 Samosatensis
1266 4325 1590 4385 sectatores,
1624 4319 1911 4374 Manichaei
1945 4321 2039 4389 qui

453 4412 507 4458 ct
552 4405 858 4467 Aeuanitae,
902 4404 1229 4472 llieracitae;
1273 4407 1549 4462 Meletiani
1576 4411 1668 4480 qui
1718 4411 1773 4463 in
1802 4410 2041 4482 [Egypto

2138 3232 2263 3281 σιοι,
2338 3214 2779 3285 Ἥρακλεωνῖται,
2840 3217 3086 3286 Ὀφῖται,
3139 3218 3388 3280 Καῖανοὶ,
3449 3219 3729 3287 Σηθιανοὶ,

2151 3309 2504 3380 ’Λρχοντικοὶ,
2546 3308 2931 3379 Κερδωνιανοὶ,
2974 3310 3387 3379 Μαρκιωνισταὶ
3417 3349 3432 3371 ,
3492 3310 3734 3363 Λουκια-

2136 3402 2332 3465 νισταὶ,
2362 3399 2759 3469 ’Λπελληῖανοῂ
2795 3402 3133 3471 Σευηριανοὶ,
3174 3402 3447 3467 Τατιανοὶ,
3497 3403 3732 3473 Ἐγκρα-

2136 3492 2299 3555 τῖται,
2336 3492 2709 3560 Κατάφρυγας
2742 3491 2760 3521 ³
2793 3492 2840 3543 οἱ
2886 3492 2978 3543 καὶ
3006 3494 3370 3545 Μοντανισταὶ
3397 3492 3488 3544 καὶ
3518 3493 3743 3546 Τασκοο-

2137 3579 2446 3648 δρουγῖται,
2496 3579 2856 3643 Πεπουζιανοὶ
2915 3583 2963 3634 οἱ
3022 3582 3113 3634 καὶ
3177 3582 3581 3651 Πρισκιλλιανοὶ
3639 3584 3733 3635 καὶ

2139 3670 2559 3734 Κυϊντιλλιανοὶ,
2605 3665 2685 3734 οἷς
2741 3670 3100 3725 συνάπτονται
3145 3674 3550 3743 Ἀρτοτυρῖται,
3598 3676 3732 3726 Τεσ-

2142 3765 2704 3836 σαρεσκαιδεκατῖται,
2762 3765 2811 3817 oi
2854 3764 2914 3817 τὸ
2966 3764 3154 3835 Πάσχα
3210 3765 3334 3834 μίαν
3380 3765 3593 3835 ἡμέραν
3637 3763 3731 3817 τοῦ

2141 3857 2294 3920 ἔτους
2339 3856 2645 3919 ποιοῦντες·
2680 3857 2896 3925 Ἀλογοι
2934 3858 2983 3908 οἱ
3028 3856 3086 3908 τὺ
3117 3856 3446 3925 Εὑαγγέλιον
3490 3858 3586 3910 καὶ
3631 3857 3730 3925 τὴν

2154 3948 2522 4017 Ἀποκάλυψιν
2580 3948 2828 4001 Ἰωάννου
2889 3947 2962 4018 μὴ
3013 3947 3327 4017 δεχόμενοι,
3380 3948 3729 4017 Ἀδαμιανοὶ,

2142 4039 2433 4109 Σαμψαῖοι,
2462 4040 2509 4090 oi
2537 4040 2629 4093 καὶ
2671 4038 2991 4103 Ἐλκεσαίοι,
3018 4036 3371 4102 Θεοδυτιανοὶ,
3409 4036 3731 4107 Μελχισεδε-

2141 4134 2336 4195 κιανοὶ,
2369 4132 2843 4205 Βαρδησιανισταὶ,
2866 4130 3173 4198 Νοητιανοὶ,
3205 4130 3518 4200 Οὐαλήσιοι,
3547 4131 3733 4184 Καῦα·

2143 4226 2227 4296 ρο).
2253 4226 2301 4277 οἱ
2332 4226 2423 4278 καὶ
2459 4226 2758 4279 Ναυαταῖοι
2807 4224 2856 4277 οἰ
2893 4225 2985 4277 καὶ
3019 4224 3311 4293 Μοντήσιοι
3346 4224 3421 4287 ὡς
3451 4226 3507 4276 ὲν
3545 4222 3731 4292 Ῥώμῃ

2142 4315 2469 4383 καλοῦνται,
2522 4316 2862 4385 Ἀγγελικοὶ,
2920 4316 3325 4379 Ἀποστο).ικοὶ,
3378 4316 3731 4376 Ἀποτάκται,

2144 4407 2510 4473 Σαϐελλιανοὶ,
2540 4407 2904 4479 Ὠριγενισταὶ
2955 4409 3003 4458 οἱ
3068 4408 3158 4460 καὶ
3198 4404 3554 4475 αἰσχροποιοὶ,
3588 4405 3733 4474 Ὠρι-

452 4494 696 4549 schisma
761 4494 1107 4563 conﬂarunt;
1172 4497 1353 4553 Ariani
1406 4501 1504 4569 qui
1547 4509 1603 4556 et
1652 4500 2034 4569 Ariomanitat;

2146 4500 2393 4569 γενισταὶ
2424 4500 2473 4552 οἱ
2496 4498 2588 4552 τοῦ
2621 4499 2999 4569 Ἀδαμαντίου,
3024 4500 3073 4550 οί
3114 4496 3326 4550 Παύλου
3362 4494 3454 4549 τοῦ
3490 4496 3735 4565 Σαμοσα-

450 4582 686 4636 Audiani
725 4585 819 4653 qui
863 4584 1104 4657 schisma
1148 4602 1260 4642 non
1296 4588 1532 4644 haeresin
1570 4588 1819 4658 faciunt;
1856 4590 2037 4645 Photi-

454 4673 625 4737 niani,
671 4672 1035 4741 Marcelliani,
1075 4675 1350 4743 Semiarii,
1392 4678 1898 4747 Pneumatomaclii,
1939 4683 2034 4752 qui

455 4767 510 4821 in
578 4775 831 4822 sanctum
866 4764 962 4822 Dei
1014 4767 1284 4839 Spiritum
1350 4771 1714 4827 contumelias
1775 4772 2036 4843 jaciunt;

455 4857 700 4925 Aeriani,
748 4857 968 4915 Aetiani
1018 4862 1114 4931 qui
1151 4868 1204 4917 et
1241 4861 1518 4929 Anommi,
1554 4865 1758 4935 quibus
1792 4865 2041 4938 adjungi-

458 4957 548 5004 tur
598 4948 923 5015 Eunomius,
969 4952 1082 5009 imo
1137 4955 1321 5025 potius
1369 4956 1671 5025 Anomius;
1738 4956 2040 5014 Dimoarita'.

461 5037 557 5108 qui
594 5052 707 5092 non
734 5040 1038 5108 perfectam
1066 5040 1273 5100 Christi
1301 5043 1740 5102 lncarnationem
1774 5047 2045 5105 conﬁten-

458 5138 571 5194 tur,
630 5136 687 5183 et
726 5129 1172 5201 Apollinaristaz;
1229 5141 1345 5189 tum
1389 5135 1485 5205 qui
1526 5144 1774 5193 sanctam
1817 5137 2045 5194 Mariam

458 5232 681 5291 semper
728 5217 1046 5291 Virginem,
1097 5229 1392 5294 postquam
1435 5222 1775 5280 Salvatorem
1824 5226 2046 5297 genuit,

459 5325 584 5365 cum
618 5307 857 5382 Josepho
880 5312 1340 5371 consuetudinem
1374 5314 1632 5373 habuisse
1658 5316 1878 5383 dicunt,
1909 5332 2049 5389 quos

2139 4592 2299 4658 τέως,
2329 4592 2621 4661 Μανιχαῖοι
2648 4592 2696 4643 οἱ
2723 4590 2818 4643 καὶ
2846 4591 3174 4653 Ἀκοανίται,
3214 4589 3528 4660 Ἰερακῖται,
3558 4587 3734 4654 Μελη-

2142 4686 2314 4739 τιανοὶ
2357 4685 2406 4737 οἱ
2455 4686 2575 4737 κατ’
2614 4682 2885 4751 Αἴγυπτον
2917 4684 3122 4753 σχίσμα
3167 4682 3340 4745 ὄντες,
3371 4682 3638 4751 Ἀρειανοὶ
3670 4676 3720 4728 οἱ

2144 4774 2240 4828 καὶ
2288 4774 2714 4845 Ἀρειομανῖται,
2770 4772 3023 4825 Δύδιανοὶ
3073 4771 3135 4825 τὸ
3188 4771 3415 4841 σχίσμα,
3466 4768 3583 4821 ἀλλ’
3633 4767 3733 4835 οὺχ

2146 4864 2358 4935 αἵρεσις
2383 4902 2398 4928 ,
2457 4863 2775 4917 Φωτινιανοὶ
2804 4903 2819 4927 ,
2882 4860 3282 4934 Μαρκελλιανοὶ
3309 4901 3323 4923 ,
3397 4860 3732 4931 Ἦμιάρειοι,

2149 4951 2604 5023 Πνευματομάχοι
2636 4953 2686 5005 οἱ
2729 4953 2790 5006 τὸ
2828 4952 2982 5020 ἅγιον
3013 4951 3235 5023 Πνεῦμα
3259 4950 3352 5004 τοῦ
3382 4949 3517 5004 Θεοῦ
3572 4950 3736 5021 βλασ-

2146 5042 2478 5114 φημοῦντες,
2528 5042 2820 5115 Ἀεριανοὶ,
2864 5042 3063 5096 Ἀέτιοι
3107 5043 3156 5095 οἱ
3203 5042 3298 5096 καὶ
3329 5041 3622 5113 Ἀνόμοιοι,
3653 5034 3735 5103 οἷς

2148 5134 2482 5190 συνάπτεται
2511 5134 2793 5205 Εὐνόμιος,
2820 5132 3020 5205 μᾶλλον
3039 5134 3096 5187 δὲ
3123 5135 3152 5187 ό
3177 5132 3375 5205 ἄνομος
3392 5150 3405 5166 ·
3430 5136 3733 5205 Διμοιρῖται

2148 5226 2201 5279 οἱ
2231 5225 2306 5297 μὴ
2332 5224 2543 5279 τελείαν
2577 5224 2815 5297 Χριστοῦ
2840 5224 2939 5297 τὴν
2971 5224 3382 5296 ὲνανθρώπησιν
3412 5223 3737 5296 ὁμολογοῦν-

2151 5333 2263 5381 τες,
2299 5314 2665 5387 Ἀπολινάριοι
2696 5315 2747 5369 oi
2793 5316 2889 5371 καὶ
2912 5316 3014 5387 τὴν
3045 5314 3209 5384 ἁγίαν
3249 5316 3467 5387 Μαρίαν
3492 5316 3593 5387 τὴν
3618 5316 3746 5369 ἀει-

541 5466 555 5496 ¹
583 5465 709 5521 Cor.
742 5466 835 5521 τὸν
870 5467 1124 5538 ἀριθμόν.
1200 5471 1223 5501 ¹
1257 5487 1348 5540 γρ.
1379 5470 1701 5539 Μαρκίσιοι,
1744 5468 1782 5521 f.
1819 5468 2160 5539 Μαρκώσιοι.
2238 5468 2258 5501 ³
2287 5486 2379 5540 γρ.
2410 5470 2799 5541 Κατάφρυγες.

535 5620 650 5703 (ιι)
705 5621 781 5703 De
831 5621 1247 5703 illisnoninibus
1299 5622 1556 5703 distincte
1584 5621 1876 5703 etnfusiuhs
1933 5623 2050 5703 agit

466 5689 803 5774 Epiphanius
850 5694 903 5745 in
953 5692 1110 5774 libris
1148 5694 1276 5774 suis.
1322 5693 1519 5774 tribus,
1561 5692 1768 5774 quibus
1821 5689 2047 5774 Pamfrii

468 5760 663 5815 indidit
712 5776 954 5818 nomen:
996 5766 1133 5835 agit-
1161 5772 1214 5821 et
1263 5765 1320 5821 in
1364 5762 1592 5817 Panarii
1637 5778 1873 5832 summa,
1936 5763 2052 5821 sive

2157 5624 2625 5692 Anacephalasosi;
2651 5630 2705 5678 et
2741 5610 2862 5679 ideo
2888 5623 2957 5680 de
3005 5624 3197 5680 iisdem
3226 5624 3423 5682 redibit
3454 5624 3609 5680 nobis
3640 5623 3737 5677 ali~

2156 5695 2288 5764 quid
2314 5701 2623 5764 opportune
2650 5709 2681 5751 e
2718 5708 2776 5750 re
2805 5703 2996 5753 nostra
3029 5696 3328 5753 adnotandi
3359 5696 3597 5752 occasio.
