3950 6406
389 341 454 405 ιι
1813 337 2257 398 Amoenus.
3610 349 3681 404 te

387 453 654 528 παρθίνον
675 455 949 526 λέγοντες
980 457 1117 530 μετὰ
1138 457 1196 512 τὺ
1222 455 1311 511 τὸν
1346 455 1576 529 Σωτῆρα
1602 459 1987 529 γεγεννηκέναι

2095 458 2678 515 Antidicomarianitas
2708 458 3086 531 appellamus;
3127 459 3219 530 qui
3274 460 3326 514 in
3358 458 3542 514 Maria:
3577 478 3681 515 no-

386 547 466 618 τῷ
489 547 686 619 Ἰωσὴφ
723 548 1025 620 συνῆφθαι,
1062 549 1312 613 οὕστινας
1341 548 1679 620 ἐκαλέσαμεν
1709 550 1993 613 Ἀντιδικο-

392 639 747 711 μαριανίτας·
779 642 877 695 καὶ
912 644 962 696 οἱ
991 642 1071 706 είς
1097 641 1267 712 ὄνομα
1310 640 1482 711 αὐτῆς
1515 641 1804 713 κολλυρίδα
1832 659 1992 714 προσ-

392 730 666 803 φέροντες,
695 730 746 784 οἶ
765 731 1059 787 καλοῦνται
1077 729 1432 802 Κολλυριανοί
1451 747 1462 758 ·
1491 731 1877 811 Μεσσαλιανοὶ,
1909 726 1990 796 οἷς

393 822 755 878 συνάπτονται
784 823 1163 896 Μαρτυριανοὶ
1201 824 1311 879 ἀπὸ
1353 823 1638 895 Ἑλλήνων,
1679 822 1776 877 καὶ
1815 824 1987 894 Εὐφη-

394 918 546 984 μῑται
578 916 673 969 καὶ
704 916 1045 971 Σατανιανοί.

464 1006 559 1062 1Δ’.
593 1009 704 1064 Καὶ
752 990 944 1073 ἁπλῶς
978 1007 1362 1080 περιεκάκησα
1408 1007 1504 1062 καὶ
1554 1006 1841 1080 περικακῶ
1873 1024 1990 1061 τοσ-

390 1099 565 1154 οὗτων
588 1101 858 1171 αἱρέσεων
882 1100 1123 1171 ὀνόματα
1148 1102 1230 1164 είς
1257 1100 1492 1173 ἀριθμὸν
1522 1100 1729 1171 φέρειν,
1770 1099 1865 1153 καὶ
1890 1100 1989 1162 τὰς

388 1192 684 1263 ἀθεμίτους
710 1192 892 1247 αὐτῶν
920 1193 1147 1263 πράξεις
1183 1191 1489 1264 διηγεῖσθαι
1508 1210 1521 1222 ·
1559 1193 1656 1246 καὶ
1706 1192 1837 1263 περὶ
1878 1190 1988 1245 τῶν

387 1284 482 1337 δύο
510 1284 848 1355 σχισμάτων,
880 1285 989 1338 τῶν
1016 1302 1077 1339 τε
1124 1286 1245 1340 κατ’
1270 1285 1565 1355 Αἴγυπτον,
1604 1284 1766 1355 φημὶ,
1799 1301 1989 1355 προει-

394 1376 644 1446 ρημένων
677 1376 1055 1450 Μελητιανῶν,
1090 1377 1200 1432 τῶν
1232 1378 1322 1433 διὰ
1353 1378 1454 1450 τὴν
1482 1377 1574 1430 ἐπὶ
1616 1375 1711 1429 τοῦ
1744 1375 1986 1448 διωγμοῦ

388 1469 691 1541 γενομένην
718 1470 842 1524 τινὰ
891 1470 1123 1534 πτῶσιν,
1156 1468 1310 1541 παρὰ
1341 1468 1398 1523 δὲ
1441 1466 1550 1522 τῶν
1584 1465 1869 1538 ἡμετέρων
1898 1465 1987 1520 δε-

392 1560 634 1632 χοέντων
687 1563 747 1614 ὲν
805 1564 917 1625 τοῖς
970 1562 1150 1615 αὐτῶν
1198 1560 1420 1632 κλήροις
1482 1558 1622 1630 μετὰ
1674 1558 1985 1631 μετάνοιαν,

394 1654 625 1717 ἑαυτοὺς
651 1654 971 1724 σχιστὰντων,
1010 1653 1071 1707 ού
1101 1653 1206 1724 μὴν
1237 1652 1294 1706 δὲ
1320 1652 1380 1706 ὲν
1410 1650 1623 1724 αἱρέσει
1654 1649 1851 1705 ὄντων’
1889 1650 1985 1704 καὶ

389 1743 497 1797 τῶν
519 1742 665 1798 κατὰ
692 1743 791 1815 τὴν
812 1742 1238 1815 Μεσοποταμίαν
1259 1740 1696 1815 προειρημένων,
1723 1740 1988 1804 ὡσαύτως

389 1836 688 1900 Αὐδιανῶν,
718 1811 828 1890 τιῦν
855 1838 955 1891 καὶ
981 1811 1356 1907 σχισματικῶν
1388 1811 1580 1902 ὄντων,
1607 1834 1722 1889 ἀλλ’
1755 1834 1857 1889 οὐκ
1894 1833 1986 1888 ἀλ·
2022 1811 2063 1864 Β

387 1927 603 2000 λοτρίαν
644 1927 827 1982 πίστιν
872 1929 1128 1998 ἑχόντων,
1165 1926 1329 1998 μόνον
1374 1924 1662 2002 ἰδιωτικῶς
1709 1923 1841 1996 περὶ
1893 1923 1989 1977 τοῦ

397 2024 518 2075 κατ’
544 2020 730 2075 εἰκόνα
775 2019 1249 2090 φιλονεικούντων,
1293 2020 1353 2073 ού
1390 2019 1479 2074 διὰ
1527 2018 1711 2073 πίστιν
1753 2018 1992 2091 ἀφηνια-

394 2112 618 2176 ζόντων,
647 2112 742 2166 καὶ
769 2112 997 2176 ἑαυτοὺς
1025 2109 1412 2183 ἀφοριζόντων,
1434 2109 1557 2164 οὐδὲ
1578 2109 1668 2164 διά
1694 2128 1749 2163 τι
1778 2108 1988 2181 ἕτερον’

400 2205 537 2258 ἀλλὰ
592 2203 732 2260 κατὰ
786 2203 1215 2275 ὲθελοακρότητα
1266 2202 1613 2274 δικαιοσύνης
1657 2201 1860 2273 δῆθεν,
1904 2200 1990 2255 διὰ

389 2296 451 2349 τὸ
505 2295 583 2367 μὴ
624 2297 1005 2363 ωγκοινωνείν
1053 2293 1372 2363 ἐπισκόποις
1430 2294 1522 2348 καὶ
1570 2292 1986 2365 πρεσϐυτέροις,

393 2391 505 2451 τοῖς
554 2385 757 2457 χρυσὸν
808 2386 902 2441 καὶ
956 2386 1195 2458 ἄργυρον
1232 2385 1622 2458 κεκτημένοις,
1658 2385 1754 2440 καὶ
1794 2381 1882 2439 διὰ
1931 2383 1990 2439 τὸ

395 2481 570 2535 ποιεῖν
596 2479 656 2533 τὸ
701 2478 897 2550 Πάσχα
924 2480 982 2533 ὲν
1014 2471 1058 2547 ᾧ
1098 2476 1277 2551 ⁴καιρῷ
1320 2477 1568 2533 Ἰουδαῖοι
1610 2477 1848 2543 ποιοῦσι,
1894 2477 1991 2532 καὶ

397 2572 675 2644 σχίζοντες
707 2569 937 2634 ἑαυτοὺς
968 2570 1174 2626 τούτων
1214 2571 1377 2644 χάριν
1438 2571 1531 2624 καὶ
1567 2569 1992 2641 ἀπαλλοτριοῦν-

392 2680 487 2728 τες
517 2664 620 2734 τῆς
657 2661 903 2727 ὲνώσεως
938 2662 1039 2731 τῆς
1084 2661 1363 2733 όρθοδόξου
1392 2662 1738 2734 Ἐκκλησίας.
1775 2664 1840 2714 υἱ
1881 2661 1991 2734 γὰρ

390 2756 468 2828 μὴ
488 2754 742 2816 λαϐόντες
770 2752 997 2825 Πνεῦμα
1024 2752 1179 2823 ἅγιον
1211 2754 1311 2809 οὐκ
1368 2753 1573 2826 ἔμαθον
1607 2754 1678 2807 τὰ
1719 2753 1858 2826 βάθη
1897 2754 1989 2808 τοῦ

399 2847 559 2912 Θεοῦ,
589 2847 686 2901 καὶ⁵
726 2848 805 2911 εἰς
844 2845 1047 2911 ταύτας
1087 2846 1562 2921 περιεκλάσθησαν
1599 2845 1700 2911 τὰς
1748 2847 1991 2920 αἱρέσεις

390 2939 489 2995 καὶ
513 2939 596 3001 εἰς
625 2938 728 3001 τὰς
758 2936 866 2991 τῶν
915 2939 1231 3010 σχισμάτων
1273 2937 1363 2992 διὰ
1401 2938 1724 3011 προφάσεως
1762 2941 1986 3011 ἐρεσχε·

387 3032 513 3095 λὶας
539 3030 589 3102 (1
602 3030 655 3099 5)
676 3047 691 3061 ο
726 3029 1152 3099 καταλείψαντες
1178 3029 1288 3103 γὰρ
1314 3030 1413 3102 τὴν
1440 3030 1718 3103 ἀλήθειαν,
1749 3031 1843 3085 ἐπὶ
1865 3029 1993 3083 πολ-

2097 568 2220 608 men
2246 552 2568 624 collyridem
2604 552 2843 609 oﬂ'erunt
2878 562 2932 609 et
2960 561 3230 608 vocantur
3283 552 3681 629 Collyridiam;

2096 643 2431 706 Massaliani,
2474 644 2679 715 quibus
2723 644 3099 714 adiunguntur
3129 644 3448 717 Martyriani
3480 661 3511 703 e
3550 662 3682 719 gen-

2094 736 2306 802 tilibus,
2345 746 2401 792 ct
2431 737 2774 809 Euphemita:
2798 745 2855 793 et
2885 737 3192 793 Sataniani.

2161 997 2305 1054 XIV.
2347 998 2595 1072 Denique
2653 1008 2735 1058 tot
2782 1001 3065 1061 [mreseon
3115 1007 3339 1062 nomina
3385 1021 3680 1065 connume-

2091 1106 2237 1160 rare,
2298 1108 2364 1151 ac
2400 1094 2611 1150 nefaria
2651 1095 2872 1151 illarum
2917 1099 3130 1155 scelera
3167 1114 3397 1159 narrare
3428 1097 3594 1171 piget,
3625 1109 3679 1156 ιιι

2092 1184 2240 1239 inter
2281 1194 2479 1241 caetera
2529 1186 2640 1243 duo
2689 1188 2783 1243 illa
2818 1188 3143 1258 schismata,
3194 1197 3310 1246 tum
3361 1190 3680 1246 Meletiano—

2091 1288 2213 1327 rum
2249 1274 2303 1329 in
2339 1272 2581 1348 Egypto
2613 1318 2629 1343 ,
2657 1277 2751 1349 qui
2790 1277 2862 1334 ob
2915 1293 3032 1345 eos,
3063 1279 3159 1351 qui
3212 1280 3267 1335 in
3300 1281 3683 1351 persecutione

2092 1367 2231 1437 lapsi
2264 1376 2318 1423 et
2346 1383 2378 1424 a
2408 1369 2616 1426 nostris
2649 1371 2704 1426 in
2736 1386 2898 1427 suum
2932 1372 3186 1428 ordinem
3220 1388 3283 1428 ac
3318 1380 3522 1431 statum
3557 1381 3682 1445 post

2090 1457 2471 1527 paenitentiam
2521 1459 2728 1531 recepti
2779 1459 3018 1525 fuerant,
3077 1463 3293 1533 seipsos
3337 1463 3682 1532 avulserunt,

2089 1563 2271 1619 neque
2320 1559 2505 1605 tamen
2540 1550 2596 1605 in
2630 1551 2826 1608 haeresi
2869 1561 3201 1620 versantur;
3239 1564 3355 1609 tum
3398 1555 3681 1613 Audiano-

2090 1655 2213 1694 rum
2254 1642 2310 1697 in
2346 1640 2763 1713 Mesopotamia,
2798 1645 2891 1716 qui
2921 1654 2975 1702 et
3004 1648 3111 1717 ipsi
3157 1648 3401 1704 schisma
3446 1648 3678 1709 faciunt.

2090 1748 2193 1788 nec
2223 1734 2459 1790 alienam
2497 1734 2659 1791 (idem
2694 1737 3041 1808 proﬁtentur,
3096 1740 3193 1796 sed
3223 1742 3289 1796 de
3333 1755 3400 1797 co
3433 1742 3579 1812 quod
3614 1745 3681 1798 ad

2093 1825 2389 1896 imaginem
2448 1826 2543 1882 Dei
2598 1827 2781 1884 factus
2823 1829 2989 1886 homo
3032 1831 3272 1900 dicitur,
3325 1836 3685 1904 pertinaciter

2093 1921 2459 1975 contendunt.
2493 1919 2684 1993 Neque
2709 1938 2841 1979 vero
2870 1930 3095 1995 propter
3124 1926 3295 1982 ullum
3329 1926 3452 1984 ﬁdei
3484 1928 3683 2001 dogma

2095 2011 2431 2069 reluctantes
2476 2013 2692 2082 seipsos
2727 2025 3047 2087 segregant;
3104 2034 3282 2091 neque
3314 2020 3477 2076 aliam
3514 2023 3682 2078 ullam

2092 2101 2163 2156 ob
2209 2120 2457 2169 causam,
2510 2115 2709 2176 prteter
2750 2107 3055 2165 aﬂectatam
3105 2112 3400 2183 quamdam
3454 2115 3684 2184 justitiat

2094 2195 2520 2263 perfectionem;
2549 2199 2692 2268 quod
2743 2216 2868 2254 cum
2917 2203 3194 2273 cpisc0pis
3227 2219 3289 2259 ac
3320 2208 3681 2278 presbyteris.

2091 2285 2186 2354 qui
2243 2302 2439 2341 aurum
2500 2299 2897 2360 argentumque
2957 2294 3282 2364 possident,
3345 2301 3685 2354 communio-

2091 2390 2218 2429 nem
2257 2374 2458 2431 habere
2514 2379 2736 2445 nolunt;
2787 2380 2985 2436 deinde
3027 2381 3172 2452 quod
3222 2383 3430 2440 Pascha
3485 2387 3677 2445 eodem

2091 2482 2202 2539 quo
2233 2466 2405 2524 Judaei
2456 2478 2705 2541 tempore
2748 2473 3059 2540 celebrant,
3118 2475 3188 2529 ob
3227 2476 3390 2547 idque
3442 2494 3565 2536 sese
3610 2482 3681 2537 ab

2092 2558 2340 2616 Ecclesia
2371 2571 2652 2633 separant,
2693 2572 2745 2619 et
2780 2565 2850 2619 ab
2881 2565 3204 2621 orthodoxae
3246 2566 3503 2624 Ecclesiae
3548 2587 3683 2627 con-

2089 2654 2383 2724 junctione
2434 2656 2597 2711 divisi
2650 2666 2800 2713 sunt.
2848 2656 3062 2728 Quippe
3098 2658 3191 2729 qui
3255 2658 3521 2730 Spiritum
3564 2679 3686 2719 san-

2092 2755 2241 2801 ctum
2293 2760 2402 2800 non
2460 2755 2815 2817 acceperunt.
2860 2734 3270 2820 Dei‘prol'unda
3320 2768 3430 2807 non
3478 2754 3686 2812 didice—

2092 2844 2245 2897 runt,
2276 2841 2443 2906 atque
2473 2835 2527 2889 in
2565 2836 2877 2892 istiusmodi
2917 2838 3156 2894 luet-eses
3186 2839 3439 2913 dissipati
3467 2853 3597 2898 sunt
3631 2856 3685 2901 et

2092 2927 2416 2993 schismata,
2449 2945 2572 3000 qua:
2600 2946 2666 2985 ex
2699 2932 2992 2987 cavillandi
3027 2932 3256 2989 libidine
3296 2946 3350 2990 ct
3392 2938 3687 2994 occasione

2092 3016 2452 3087 prodierunt;
2487 3020 2691 3074 etenim
2722 3022 2914 3077 relicta
2958 3027 3190 3084 veritate
3225 3028 3411 3085 varias
3461 3042 3688 3090 tenuere

386 3123 487 3187 λὰς
530 3120 751 3193 τρεὸονς
790 3120 1066 3186 ὲϐάδισαν,
1102 3120 1294 3175 ἄλλοτε
1334 3120 1511 3186 ἄλλως
1556 3121 1652 3175 καὶ
1694 3120 1831 3175 ἄλλα
1870 3119 1987 3175 δια-

2096 3111 2346 3179 semitas,
2401 3111 2563 3168 aliter
2616 3113 2725 3168 alio
2785 3123 3031 3186 tempore
3085 3119 3414 3189 cogitantes.
3454 3124 3524 3177 At
3556 3140 3686 3180 vero

386 3212 689 3284 νοούμενοι.
721 3213 858 3283 Φησὶ
888 3211 945 3266 δὲ
973 3214 1002 3266 ὁ
1034 3212 1197 3276 αὐτὸς
1240 3212 1394 3281 ἅγιος
1424 3211 1768 3276 Ἀπόστολος,
1808 3210 1984 3283 δηλῶν

388 3309 529 3377 ἡμῖν
554 3305 624 3359 δι’
647 3305 715 3377 ἣν
738 3304 916 3358 αἰτίαν
934 3302 1095 3359 τοῦτο
1117 3300 1300 3358 εἶπεν·
1336 3304 1537 3375 Ἡμεῖς
1563 3303 1632 3358 δὲ
1654 3302 1722 3356 τὸ
1742 3302 1987 3371 Πνεῦμα

385 3397 496 3453 τοῦ
528 3397 677 3453 Θεοῦ
707 3396 1022 3466 ἐλάϐομεν,
1054 3395 1215 3462 ὅπως
1248 3392 1482 3465 γνῶμεν
1504 3395 1660 3451 rem
1695 3394 1843 3449 Θεοῦ
1875 3410 1984 3463 χαο

380 3486 677 3557 ρισθέντα
710 3487 875 3557 ἡμῖν,
904 3487 944 3541 ἂ
976 3486 1075 3540 καὶ
1100 3487 1411 3555 λαλοῦμεν
1439 3489 1551 3541 οὐκ
1574 3485 1646 3540 ἐν
1683 3484 1987 3551 διδακτοῖς

385 3580 615 3648 σοφίας
668 3579 910 3650 λόγοις,
962 3580 1101 3634 ἀλλ’
1160 3579 1231 3633 ἐν
1281 3578 1583 3650 διδακτοῖς
1636 3580 1987 3648 Πνεύματος

386 3670 585 3739 ἁγίου,
635 3668 1061 3739 πνευματικοῖς
1104 3668 1477 3740 πνευματικὰ
1526 3670 1983 3740 συγκρίνοντες,

387 3760 568 3815 καὶτὰ
595 3760 741 3831 ἑξῆς.
757 3761 830 3813 Τὸ
850 3760 1079 3831 Πνεῦμα
1100 3760 1280 3814 τοίνυν
1303 3759 1397 3814 τοῦ
1421 3759 1557 3815 Θεοῦ
1577 3761 1679 3816 οὐκ
1708 3760 1987 3832 ἀλλότριον

387 3854 548 3908 Θεοῦ·
561 3855 611 3907 εἰ
623 3856 731 3925 γὰρ
742 3852 1019 3927 ἀλλότριον
1031 3853 1166 3908 Θεοῦ
1180 3852 1441 3918 tartari);
1454 3852 1695 3921 τὰβάθη
1713 3853 1819 3907 τοῦ
1837 3852 1985 3907 Θεοῦ

389 3943 629 4014 ἐρευνᾷ;
644 3944 869 3999 ’Δλλὰτί
891 3946 1035 4015 ἐρεῖς
1053 3938 1215 4017 poth
1230 3942 1493 4012 κενόδοξε,
1515 3945 1543 3997 ό
1562 3942 1813 4015 πολεμῶν
1828 3959 1987 3996 σεαυ-

389 4038 504 4100 τὸν,
520 4037 608 4090 ἶνα
631 4038 709 4108 μὴ
734 4037 871 4091 εἴπω
884 4036 947 4090 τὸ
971 4036 1194 4108 Πνεῦμα
1217 4035 1280 4090 τὸ
1298 4035 1449 4105 ἅγιον
1466 4034 1559 4090 τοῦ
1582 4034 1716 4089 Θεοῦ
1737 4052 1754 4104 ;
1774 4035 1827 4087 τί
1855 4033 1985 4105 γὰρ,

391 4128 658 4196 κενόδοξε,
703 4128 959 4200 πολεμεῖς
996 4127 1087 4183 τὸν
1107 4126 1592 4200 ἀκαταπολέμητον
1615 4142 1630 4191 ;
1659 4125 1712 4179 τί
1742 4125 1891 4197 μάχῃ
1909 4124 1987 4195 τῷ

389 4221 836 4292 ἁκαταμαχήτῳ;
886 4219 1163 4288 Σκληρόν
1203 4232 1303 4274 σοι
1340 4218 1492 4289 πρὸς
1534 4216 1754 4287 κέντρα
1778 4216 1985 4270 λακτι-

390 4307 531 4371 ζειν.
565 4309 801 4364 Σεαυτὸν
831 4308 1228 4374 σκανδαλίζεις,
1265 4309 1361 4362 καὶ
1386 4308 1449 4361 οὐ
1487 4306 1579 4361 τὸν
1612 4307 1806 4376 Λόγον.
1839 4305 1978 4360 Σαυ-

466 4442 530 4498 ¹Ι
562 4445 689 4500 Cor.
716 4460 776 4513 Il,
824 4442 907 4505 I2.
940 4442 1031 4499 I5.
1110 4442 1131 4474 ²
1159 4442 1281 4497 Act.
1313 4457 1391 4505 ιι,
1430 4442 1484 4498 5.

2094 3213 2323 3261 sanctus
2362 3204 2664 3275 Apostolus
2704 3222 2804 3263 cur
2852 3209 3003 3264 istud
3033 3210 3234 3266 dixerit
3276 3214 3438 3270 nobis
3483 3216 3558 3270 ita
3597 3218 3685 3272 dr-

2093 3296 2268 3352 clarat
2300 3315 2313 3352 :
2347 3296 2464 3352 Nos
2512 3307 2688 3352 autem
2723 3296 2979 3368 Spiritum
3010 3301 3106 3356 Dei
3142 3306 3461 3375 accepimus,
3504 3318 3560 3362 ut
3596 3326 3687 3364 co-

2093 3402 2410 3456 gnoscamus
2447 3404 2565 3460 qua:
2586 3404 2617 3441 (ι
2643 3387 2749 3442 Deo
2773 3389 2975 3444 donata
3003 3391 3113 3462 20
3133 3404 3252 3447 sunt
3282 3395 3457 3460 nobis,
3485 3415 3603 3465 qua:
3637 3408 3709 3457 et.

2095 3478 2360 3547 loquimur
2401 3494 2504 3533 non
2546 3477 2833 3549 disciplina
2863 3484 3189 3550 comparatis
3232 3484 3360 3538 ullis
3411 3490 3688 3557 sapientia:

2096 3566 2285 3630 rerbis,
2328 3566 2420 3621 sed
2452 3568 2670 3624 docente
2713 3567 2921 3637 Spiritu
2952 3582 3138 3627 sancto
3168 3573 3396 3641 tradita,
3427 3579 3695 3646 spiritua-

2097 3658 2233 3712 libus
2265 3659 2572 3728 spiritualia
2608 3661 2993 3730 conferentes‘,
3030 3672 3137 3722 etc.
3171 3664 3343 3737 Igitur
3371 3667 3467 3725 Dei
3510 3669 3691 3742 Spiri-

2097 3761 2187 3807 tus
2226 3767 2256 3805 a
2302 3752 2414 3807 Deo
2459 3769 2573 3809 non
2613 3764 2700 3809 est
2744 3754 2979 3823 alienus,
3030 3757 3234 3830 alioqui
3290 3759 3386 3816 Dei
3417 3764 3689 3833 profunda

2095 3846 2373 3916 quomodo
2425 3850 2806 3904 scrutaretur?
2859 3844 2943 3904 Tu
3003 3865 3155 3917 vero,
3209 3845 3390 3909 inanis
3443 3856 3689 3925 gloriolae

2095 3934 2315 4006 cupide,
2360 3935 2455 4007 qui
2493 3946 2670 3991 tecum
2716 3938 2834 4009 ipse
2878 3955 3112 4011 pugnas,
3148 3942 3279 4013 quid
3326 3944 3546 4001 tandem
3586 3964 3686 4000 no-

2094 4027 2180 4082 bis
2229 4026 2465 4082 atl'eres?
2514 4029 2646 4100 quid
2697 4030 2746 4084 ei
2802 4033 2893 4102 qui
2929 4031 3074 4088 bello
3118 4035 3302 4090 vexari
3349 4052 3460 4092 non
3504 4048 3686 4108 potest

2095 4127 2292 4189 sponte
2316 4120 2519 4175 bellum
2555 4121 2888 4201 denuntias?
2910 4125 3044 4194 quid
3083 4127 3560 4199 inexpugnabilem
3586 4146 3686 4199 op-

2096 4212 2344 4281 pugnas?
2361 4209 2568 4266 Durum
2596 4212 2694 4266 tibi
2717 4224 2793 4266 est
2819 4215 3104 4270 calcitraret
3135 4229 3321 4272 contra
3351 4221 3680 4274 stimulum”.

2096 4299 2478 4374 Tibimetipsi,
2538 4319 2649 4359 non
2706 4303 2886 4361 Verbo
2962 4305 3322 4365 oﬂ‘cnsioncm
3385 4312 3554 4380 paris.
3607 4309 3684 4366 Te

465 4600 580 4685 με)
609 4600 710 4685 Aid
742 4598 1097 4684 προφάσεως
1150 4598 1522 4685 ξρεσχελξας.
1562 4597 1864 4685 ςενὶιιεηιιί
1900 4599 1980 4685 li-

2093 4600 2331 4685 undique
2390 4600 2719 4685 submovere
2763 4609 3496 4685 pert_entan_t_;_et_cumea
3546 4608 3686 4685 satis

391 4673 583 4729 liidine
610 4680 664 4726 et
695 4670 989 4727 occasione
1031 4671 1302 4740 prodiisse
1353 4670 1420 4724 ad
1449 4684 1605 4740 suam
1647 4685 1821 4738 usque
1849 4678 1982 4725 aeta-

396 4755 504 4798 tem
534 4743 767 4798 haereses
815 4750 978 4811 atque
1014 4739 1336 4804 schismata,
1377 4739 1600 4811 scripsit
1632 4739 1736 4811 hoc
1767 4742 1819 4793 in
1861 4742 1982 4796 loco

395 4813 761 4885 Epiphanius.
787 4810 925 4885 Illud
960 4811 1104 4866 idem
1142 4813 1268 4880 jure
1312 4816 1371 4885 et_
1412 4810 1614 4885 merito
1647 4810 1830 4885 dicere
1855 4825 1983 4881 pos-

394 4878 593 4939 sumus
629 4891 687 4937 et
730 4883 800 4937 de
852 4882 961 4939 illis
1011 4878 1299 4951 quarsunt
1340 4880 1600 4951 deinceps
1636 4878 1705 4933 ad
1740 4878 1984 4950 prtean

397 4969 576 5022 usque
612 4962 828 5022 tempus
859 4950 1079 5019 exortae.
1108 4950 1213 5022 Qui
1243 4950 1528 5022 ejusmodi
1570 4951 1830 5022 scandala
1867 4966 1984 5022 mp-

397 5019 548 5085 vetit,
581 5019 897 5093 plerumque
930 5023 1109 5093 pravis
1140 5019 1448 5093 desideriis,
1481 5019 1811 5093 inordinatis
1850 5020 1983 5075 aﬂ'e-

395 5091 603 5157 ctibus,
630 5091 863 5162 partium
908 5091 1110 5163 studio,
1143 5091 1397 5163 exagitati
1451 5092 1715 5163 adversus
1758 5093 1987 5145 catholi-

393 5179 519 5218 cam
549 5160 894 5219 exacuuntur
930 5160 1272 5217 Ecclesiamf
1305 5161 1535 5217 Constat
1578 5160 1778 5229 quibus
1823 5177 1989 5216 exor-

395 5237 507 5289 diis
573 5249 639 5288 ac
679 5234 844 5286 veluti
888 5232 1192 5288 seminibus
1225 5231 1488 5287 debeatur
1537 5229 1785 5287 defectio.
1825 5230 1989 5287 Joan-

394 5307 483 5360 nis
510 5305 657 5359 illius
687 5302 939 5362 Wicklcl.
965 5301 1393 5368 Joannislluss;
1422 5301 1623 5371 quibus
1649 5298 1982 5365 Lutherana,

394 5377 600 5453 quibus
627 5373 949 5453 Anglic-ana:
985 5373 1289 5453 Qtlagritant
1328 5373 1540 5453 deinde.
1563 5384 1700 5453 quas
1742 5374 1988 5441 proferre

396 5442 610 5529 possint
644 5442 978 5529 secessionis
1011 5442 1208 5525 ca'usas
1237 5458 1252 5507 ;
1281 5458 1413 5529 non.
1455 5442 1600 5529 enim
1624 5442 1775 5529 Asiae
1815 5459 1984 5500 causa

395 5513 791 5572 insanientium
837 5529 991 5569 ntere
1026 5515 1110 5584 agi
1150 5529 1221 5584 se
1246 5513 1417 5568 videri
1456 5514 1664 5566 volunt.
1711 5513 1777 5566 Et
1819 5531 1989 5583 quan-

392 5588 698 5658 doquidcnt
729 5585 931 5658 veritas
957 5583 1080 5658 non
1124 5583 1228 5636 nisi
1283 5583 1510 5637 subdola
1554 5584 1765 5658 ratione
1800 5584 1985 5658 impeti

393 5651 591 5729 poti-st,
630 5656 701 5712 ad
730 5655 1111 5729 cavillationes
1158 5660 1590 5729 seconvertunt.
1629 5651 1826 5708 Mirum
1860 5651 1987 5710 hinc

389 5724 590 5801 quanta
630 5727 866 5801 licentia
895 5740 1170 5801 quamque
1219 5724 1583 5801 intoleranda,
1627 5732 1852 5801 temere,
1889 5740 1987 5778 au-

385 5794 607 5869 dacter,
678 5796 1028 5868 impudenter
1065 5795 1389 5849 debacchari
1445 5795 1656 5849 soleant
1687 5812 1698 5849 :
1735 5794 1989 5865 dogmata

763 5891 1040 5953 ΡΔτιιοι..
1071 5888 1188 5949 (in.
1237 5886 1457 5949 XLIII.

2088 4672 2243 4744 ﬁrma
2272 4671 2583 4744 inveniant,
2620 4683 2715 4744 aut
2755 4671 2929 4744 impie
2982 4674 3271 4744 rejiciunt,
3326 4683 3421 4728 aut
3454 4686 3515 4730 ut
3560 4680 3686 4732 sim-

2086 4741 2416 4814 plicioribus;
2443 4740 2626 4797 fucum
2665 4740 2868 4799 faciant
2896 4751 2949 4797 et
2980 4740 3069 4797 illa
3089 4745 3488 4814 reprehendere
3513 4755 3567 4801 et
3595 4747 3686 4803 de-

2086 4819 2302 4868 struere
2328 4812 2651 4884 videantur,
2697 4814 2937 4884 miscent
2963 4812 3232 4884 quadrata
3280 4815 3553 4878 rotundis,
3589 4817 3684 4870 do-

2087 4890 2270 4955 gmata
2305 4896 2417 4937 non
2459 4882 2913 4955 distinguuntab
2954 4882 3178 4955 iisquae
3212 4885 3280 4939 ad
3308 4884 3676 4955 disciplinam,

2087 4951 2156 5006 ad
2207 4967 2408 5025 mores.
2448 4952 2515 5007 ad
2545 4951 2921 5016 caeremonias,
2977 4954 3043 5008 ad
3076 4951 3237 5025 ’ritus
3287 4951 3557 5025 spectant.
3617 4956 3680 5011 Et

2086 5020 2232 5091 quod
2287 5022 2403 5077 haec
2453 5036 2553 5092 pro
2596 5030 2901 5092 temporum
2948 5032 3112 5092 atque
3167 5020 3411 5079 locorum
3460 5025 3680 5081 diversi-

2087 5090 2198 5147 tate
2255 5090 2470 5147 diversa
2535 5090 2831 5162 aliquando
2879 5090 3081 5147 fuerint
3151 5100 3207 5148 et
3257 5111 3381 5152 esse
3444 5097 3678 5156 valeant.

2089 5164 2459 5235 inconstantis
2499 5163 2649 5217 circa
2693 5162 2872 5235 ﬁdem
2906 5163 3191 5235 religionis
3230 5167 3398 5221 animi
3453 5182 3554 5222 nos
3584 5184 3684 5223 ca-

2088 5233 2325 5306 tholicos
2358 5236 2662 5306 postulant,
2694 5249 2796 5289 nos
2843 5233 3126 5306 damnant,
3160 5237 3291 5290 dum
3343 5238 3476 5306 ipsis
3515 5240 3682 5291 animi

2089 5304 2430 5358 volubilitate
2483 5313 2538 5358 et
2619 5304 2993 5359 inconstantia
3054 5305 3131 5359 nil
3197 5304 3541 5361 familiarius.
3600 5310 3683 5361 Au

2090 5376 2205 5447 hzec
2283 5380 2337 5429 et
2398 5373 2682 5447 ejusmodi
2733 5376 2850 5447 alia;
2900 5384 3102 5447 temere
3150 5387 3565 5447 exaggerentur,
3615 5392 3685 5432 an

2091 5445 2274 5515 potius
2304 5460 2432 5515 vera
2470 5446 2600 5509 sint,
2646 5444 2904 5502 Ecclesiae
2949 5444 3311 5503 demonstrat
3342 5448 3591 5502 historia.
3625 5447 3684 5502 In

2089 5514 2151 5571 ea
2195 5514 2441 5585 profecto
2494 5524 2738 5585 apparet,
2779 5516 2979 5583 quibus
3009 5516 3220 5569 artibus
3271 5515 3545 5585 Pelagius,
3576 5516 3687 5572 Ne—

2091 5584 2677 5657 smriuspEutyclies;
2719 5589 2927 5657 quibus
2971 5584 3358 5657 Monothelitm,
3404 5584 3687 5642 [concina-

2096 5656 2449 5726 chi;quihus
2476 5654 2752 5720 ‘Photius,’
2781 5655 3041 5726 Calvinus
3084 5654 3320 5712 haereses
3372 5657 3687 5720 induxeriut

2098 5742 2248 5795 suas,
2276 5725 2540 5783 inductas
2570 5725 3062 5782 coustabiliverint.
