3950 6442
398 387 462 442 t3
745 371 750 377 '
1795 388 1852 446 s.
1891 389 1969 444 ar

2075 387 2233 443 IAMI
3601 391 3663 445 ιι

392 504 597 571 ipsum,
637 504 883 574 inquam,
918 517 1027 558 non
1061 503 1326 574 Spiritum
1378 506 1745 563 circumvenis
1769 550 1782 572 ,
1816 516 1969 577 teque

2085 505 2172 557 τὸν
2222 503 2486 569 ἁλίσκεις,
2539 503 2632 555 καὶ
2678 501 2738 554 οὐ
2789 501 2847 554 τὸ
2894 500 3148 572 Πνεῦμαο
3205 502 3398 559 σαυτὸν
3438 501 3666 555 ἀπαλλο-

392 597 572 664 ipsum
615 610 643 648 a
682 595 775 651 Dei
818 596 1016 666 gratia,
1056 611 1166 650 non
1211 595 1408 651 Filium
1438 614 1469 651 a
1502 597 1681 663 Patre,
1724 607 1818 653 aut
1855 597 1980 669 Spi-

391 685 557 739 ritum
586 694 843 740 sanctum
868 701 899 739 a
930 685 1091 742 Patre
1124 686 1379 758 Filioque
1404 688 1671 761 sejungis.

465 838 581 912 XV.
624 856 788 914 Forte
851 859 983 915 illud
1023 876 1122 932 pro
1183 862 1388 934 ingenii
1445 863 1524 916 tui
1586 862 1885 920 calliditate
1929 872 1983 919 ct

391 951 644 1005 acumine
682 952 842 1007 nobis
869 952 1141 1022 objicies:
1178 956 1282 1008 hoc
1307 954 1453 1009 enim
1489 955 1556 1011 de
1594 956 1810 1012 stolidis
1839 972 1980 1010 non-

392 1043 560 1098 nullis
602 1043 793 1101 audire
837 1045 1085 1113 memini,
1127 1045 1221 1116 qui
1257 1044 1354 1103 Dei
1384 1058 1437 1104 et
1470 1047 1774 1105 Salvatoris
1800 1051 1978 1106 nostri

392 1135 676 1190 veritatem
721 1136 775 1190 in
812 1138 1197 1193 contumeliam
1229 1147 1531 1206 vertentes,
1568 1141 1715 1195 istud
1759 1143 1814 1196 in
1862 1157 1977 1197 me-

391 1228 544 1282 dium
602 1227 860 1283 alierrent
902 1250 916 1285 :
959 1230 1055 1285 Dei
1110 1230 1332 1301 quidem
1396 1230 1668 1302 profunda
1738 1234 1978 1289 scrutari

393 1319 679 1388 Spiritum,
733 1320 825 1377 sed
876 1322 1102 1377 minime
1153 1322 1415 1393 consequi
1448 1341 1462 1378 :
1493 1324 1642 1393 quod
1700 1324 1974 1395 ejusmodi

401 1414 730 1468 vocabulum
764 1415 811 1469 ei
845 1417 1129 1470 sententiae
1157 1414 1385 1469 minime
1415 1414 1581 1469 fuerit
1609 1415 1930 1485 adiunctum
1958 1433 1971 1470 :

388 1506 520 1576 quin
571 1506 705 1560 illud
756 1522 925 1560 unum
971 1507 1121 1561 dicat
1175 1506 1522 1577 Apostolus:
1560 1507 1657 1562 Dei
1708 1507 1976 1577 profunda

386 1608 680 1667 scrutatur,
731 1616 909 1671 neque
948 1601 1214 1671 scriptum
1246 1601 1340 1665 sit,
1386 1602 1707 1670 assequitur.
1743 1602 1787 1657 Ο
1818 1603 1975 1656 inau-

380 1690 557 1746 ditam
574 1692 896 1747 stultitiam!
929 1690 1072 1746 Num
1096 1692 1265 1757 enim,
1290 1692 1571 1747 hominum
1599 1694 1971 1759 insanissime,

2085 600 2255 669 τριοῖς
2289 598 2396 651 άπὸ
2432 596 2531 667 τῆς
2580 594 2674 649 τοῦ
2716 595 2851 648 Θεοῦ
2892 594 3132 665 χάριτος,
3182 594 3277 647 καὶ
3316 594 3378 646 οὐ
3417 590 3508 646 τὸν
3546 593 3669 648 Υίδν

2084 688 2191 743 ἀπὸ
2223 686 2453 757 Πατρὸς,
2485 685 2604 739 οὐδὲ
2636 684 2698 739 τό
2739 684 2965 756 Πνεῦμα
3010 687 3069 739 τὸ
3106 686 3261 755 ἆγιον
3300 685 3409 740 άπὸ
3460 684 3669 756 Πατρὺς

2085 784 2179 835 καὶ
2210 780 2359 835 Υίοῦ.
2585 831 2591 838 .

2154 873 2254 928 lE’.
2291 875 2513 938 Πάντως
2565 872 2671 942 γὰρ
2710 871 2889 939 λέγεις
2935 871 3076 925 κατὰ
3118 870 3428 941 δεινότητα·
3461 870 3669 941 ἥκουσα

2082 967 2190 1038 γὰρ
2221 966 2322 1037 ἤδη
2350 965 2443 1019 καί
2471 982 2623 1027 τινας
2655 963 3079 1034 ματαιόφρονας,
3108 961 3207 1035 τὴν
3244 962 3339 1016 τοῦ
3386 961 3523 1015 Θεοῦ
3576 963 3669 1015 καὶ

2082 1056 2336 1128 Σωτῆρος
2373 1054 2529 1126 ἡμῶν
2577 1052 2837 1123 ἀλήθειαν
2885 1051 3269 1123 μετατιθέντας
3309 1053 3389 1115 είς
3433 1050 3669 1121 βλασφη-

2084 1148 2233 1221 μίας,
2270 1149 2363 1202 καὶ
2395 1148 2650 1217 λέγοντας
2671 1162 2683 1175 ⁸
2726 1146 2954 1217 Ἐρευνᾷ
2985 1145 3083 1216 μὲν
3112 1145 3181 1199 τά
3212 1144 3352 1217 βάθη
3381 1144 3476 1198 τοῦ
3511 1144 3667 1208 Θεοῦ,

2079 1241 2195 1295 ἀλλ’
2235 1242 2295 1294 οὐ
2345 1239 2776 1310 καταλαμϐάνει,
2829 1237 2918 1291 διά
2971 1236 3030 1290 τὸ
3077 1237 3152 1308 μὴ
3196 1235 3555 1309 προσκεῖσθαι
3593 1236 3672 1307 τῷ

2080 1332 2229 1404 ῥητῷ
2252 1332 2343 1385 τὸν
2368 1332 2528 1401 λόγον
2560 1330 2745 1385 τοῦτον
2774 1370 2788 1394 ,
2822 1326 2962 1383 άλλὰ
2992 1328 3152 1400 μόνον
3184 1331 3357 1382 εἰπεῖν
3386 1329 3477 1381 τὸν
3506 1329 3670 1382 ’Λπό-

2079 1427 2293 1480 στολον·
2334 1424 2578 1494 Ἐρευνᾷ
2615 1424 2687 1478 τὰ
2722 1422 2884 1491 βάθη
2919 1422 3028 1477 τοῦ
3062 1421 3233 1486 Θεοῦ,
3258 1422 3354 1475 καὶ
3397 1420 3459 1474 οὐ
3504 1420 3675 1493 πρόσ-

2076 1540 2252 1577 κειται
2299 1522 2391 1584 τὸ,
2436 1518 2897 1588 καταλαμϐάνει.
2933 1518 2997 1570 Ὢ
3047 1516 3249 1586 πολλῆς
3296 1516 3669 1587 ἠλιθιότητοςί

2074 1615 2247 1686 Χρεία
2274 1614 2381 1684 γὰρ
2404 1607 2471 1684 ἦν
2500 1652 2514 1675 ,
2554 1610 2599 1664 ὦ
2629 1609 2880 1680 θεήλατε,
2921 1608 3060 1677 μετὰ
3102 1608 3164 1661 τὸ
3210 1609 3385 1660 είπεῖν
3429 1606 3671 1675 ἐρευνᾷ,

2075 1704 2249 1757 εἰπεῖν
2272 1699 2835 1769 τδ,καταλαμ6άνει;
2863 1697 3021 1751 Κατὰ
3054 1696 3164 1768 γὰρ
3187 1696 3286 1767 τὴν
3315 1695 3415 1767 σὴν
3448 1696 3673 1763 ἁφυϊαν,

374 1792 512 1855 post
546 1784 825 1838 scrutandi
879 1784 1465 1854 verbum,assequendi
1511 1800 1617 1841 vox
1658 1787 1969 1841 necessario

2078 1794 2252 1865 χωλὸν
2285 1794 2351 1847 ἂν
2378 1791 2675 1863 ηὑρίσκετο
2706 1789 2767 1843 τὸ
2795 1790 3027 1860 πρᾶγμα
3061 1786 3495 1859 προστιθεμένης
3532 1788 3554 1819 ⁵
3575 1786 3677 1856 τῆς

386 1879 774 1949 subjungenda
804 1879 907 1935 fuit
927 1880 951 1934 ἲ
972 1879 1107 1934 Nam
1144 1880 1190 1935 si
1220 1881 1436 1937 stolidae
1465 1889 1574 1937 tua:
1600 1883 1851 1954 Opinioni
1882 1886 1969 1940 tri-

2075 1859 2271 1952 λέξεως
2292 1902 2306 1917 ·
2338 1859 2433 1938 νῦν
2458 1859 2519 1939 -δὲ
2549 1884 2648 1953 οὐχ
2677 1859 3030 1937 ὑπολείπεταί
3071 1899 3152 1936 σοι
3196 1880 3503 1952 πρόφασις
3530 1897 3675 1933 παν-

382 1970 605 2028 buenda
648 1972 781 2028 ﬁdes
823 1981 925 2038 est,
974 1988 1065 2028 res
1113 1973 1218 2027 erit
1253 1974 1467 2038 mutila,
1501 1976 1608 2032 nisi
1642 1976 1971 2034 vocabulum

384 2064 520 2119 illud
569 2062 826 2120 addatur.
881 2062 1039 2119 Nunc
1084 2075 1266 2121 autem
1316 2067 1469 2123 nulla
1506 2068 1604 2122 tibi
1657 2079 1741 2124 cst
1782 2069 1974 2125 relicta

384 2154 790 2222 tcrgiversatio.
826 2153 962 2209 Nam
1003 2154 1291 2225 Scriptura
1336 2158 1428 2227 pio
1464 2173 1529 2213 ac
1580 2160 1840 2232 religioso
1874 2160 1975 2217 ho-

380 2246 516 2301 mini
540 2246 823 2303 veritatem
862 2261 929 2302 ex
952 2249 1101 2302 omni
1131 2258 1289 2319 parte
1318 2250 1629 2306 continuat.
1665 2253 1878 2308 Etenim
1907 2254 1975 2309 de

382 2338 761 2406 omnipotente
806 2336 935 2404 Deo,
982 2338 1056 2393 ita
1089 2341 1357 2410 scriptum
1397 2350 1522 2399 est:
1562 2342 1705 2399 Deus
1738 2345 1972 2412 probans

380 2444 550 2492 renes,
576 2437 625 2483 et
655 2431 847 2483 ventris
882 2439 1082 2484 secreta
1117 2442 1456 2499 perscrutans
1484 2434 1522 2489 ³.
1554 2430 1756 2501 Quodsi
1810 2452 1970 2494 renes

378 2520 605 2591 probat,
638 2536 819 2575 nonne
846 2521 950 2575 hoc
980 2522 1159 2590 ipsum
1203 2523 1350 2593 quod
1424 2525 1621 2594 probat
1655 2528 1974 2597 cognoscit?

376 2628 448 2666 an
477 2627 608 2667 vero
653 2627 870 2667 omnem
914 2613 970 2667 in
1000 2613 1286 2684 probando
1328 2615 1695 2685 cognitionem
1737 2618 1969 2687 positam

377 2718 505 2759 esse
532 2704 871 2760 declaravit?
902 2704 1035 2759 Nam
1064 2720 1191 2760 cum
1231 2706 1389 2771 dicit,
1412 2705 1747 2776 Investigans
1774 2711 1970 2764 ventris

378 2805 602 2859 secreta,
645 2812 753 2850 non
785 2794 1059 2865 adjunxit,
1090 2814 1395 2868 assequens.
1440 2797 1768 2854 Utrunmam
1807 2801 1973 2872 igitur

377 2885 525 2955 quod
575 2886 701 2940 huic
737 2887 1023 2942 sententiae
1088 2888 1400 2959 assequendi
1444 2905 1549 2944 vox
1604 2890 1809 2960 illigata
1860 2906 1972 2947 non

376 2977 565 3041 fuerit,
595 2977 824 3032 exitium
857 2978 1215 3051 mihimetipsi
1247 2981 1615 3050 consciscam,
1661 2993 1714 3039 et
1744 2984 1809 3038 ad
1844 3000 1966 3039 sen-

380 3071 605 3125 tentiam
672 3070 807 3125 illud
867 3086 933 3126 ex
1000 3079 1132 3138 tua,
1199 3072 1562 3130 stolidissime
1622 3077 1967 3142 mortalium,

376 3161 636 3231 opinione
667 3161 1035 3231 adjiciendum
1073 3163 1316 3232 putabo?
1342 3164 1543 3220 Eodem
1588 3166 1773 3236 itaque
1807 3167 1969 3222 modo

375 3266 429 3310 et
462 3254 529 3311 de
556 3253 771 3326 Spiritu
815 3264 1011 3311 sancto
1041 3256 1249 3312 dictum
1295 3265 1381 3313 est
1406 3259 1553 3329 quod
1581 3270 1965 3328 perscrutatur,

378 3365 557 3420 neque
606 3366 837 3405 necesse
877 3350 981 3404 fuit
1034 3350 1232 3406 addere
1273 3352 1417 3421 quod
1475 3353 1784 3423 investiget;
1840 3368 1967 3408 nam

376 3438 432 3493 in
464 3438 656 3493 eadem
685 3454 816 3493 voce
841 3439 1186 3495 demonstrat
1216 3440 1397 3495 inesse
1433 3440 1487 3494 in
1520 3439 1728 3511 Spiritu
1779 3450 1972 3497 sancto

376 3530 474 3585 Dei
509 3545 573 3584 ac
616 3529 1015 3600 profundorum
1046 3530 1220 3600 ipsius
1248 3531 1525 3587 notitiam.
1557 3532 1636 3586 Ac
1672 3532 1801 3586 licet
1830 3549 1971 3587 asse-

374 3624 469 3693 qui
499 3638 607 3677 non
642 3623 812 3686 dicat,
846 3630 906 3677 tu
949 3621 1092 3677 idem
1129 3630 1311 3679 tamen
1356 3623 1672 3695 intelligito,
1713 3638 1813 3680 nec
1844 3625 1966 3679 ani-

375 3731 518 3769 mam
566 3725 716 3770 tuam
758 3715 813 3770 in
859 3715 1158 3787 perniciem
1206 3715 1489 3786 coniicito.
1538 3716 1675 3771 Nam
1710 3716 1971 3787 quemad-

374 3812 598 3866 modum
643 3810 711 3866 de
763 3809 926 3866 Patre
970 3809 1128 3865 nefas
1177 3820 1262 3866 est
1295 3810 1481 3865 dicere
1508 3811 1613 3880 2,1
1644 3796 1971 3881 perscrutari

373 3901 549 3967 illum,
592 3917 684 3955 nec
732 3902 963 3971 assequi,
998 3909 1289 3972 propterea
1344 3903 1492 3972 quod
1545 3901 1823 3957 hominem
1878 3902 1970 3958 ille

375 3994 622 4047 condidit
652 4008 778 4048 cum
822 3993 961 4048 Filio
990 4002 1046 4049 et
1086 3993 1294 4064 Spiritu
1334 4001 1565 4059 sancto;
1610 4009 1733 4049 nam
1767 4009 1964 4064 perpe-

376 4090 472 4137 tuo
523 4081 768 4138 Trinitas
820 4081 1063 4139 Trinitas
1100 4095 1205 4148 est,
1254 4100 1357 4141 nec
1385 4085 1554 4139 ullam
1600 4101 1843 4156 unquam
1878 4100 1969 4141 ac-

374 4176 686 4230 cessionem
716 4175 956 4229 admittit
987 4193 1000 4231 :
1030 4176 1104 4229 ita
1135 4184 1189 4231 et
1213 4175 1281 4233 de
1315 4175 1528 4248 Spiritu
1554 4184 1748 4233 sancto
1780 4177 1968 4231 animo

374 4276 469 4322 tuo
502 4268 795 4337 concipere
829 4266 1017 4324 debes.
1067 4267 1204 4322 Nam
1237 4284 1363 4324 cum
1408 4268 1541 4323 dicit
1573 4269 1850 4323 hominem
1898 4268 1969 4323 ab

375 4357 469 4411 illo
506 4371 629 4412 esse
682 4356 1053 4411 fabricatum:
1093 4354 1161 4410 In
1201 4356 1481 4425 principio,
1521 4356 1723 4425 inquit,
1773 4355 1969 4408 creavit

376 4449 518 4502 Deus
549 4448 737 4501 caelum
759 4456 809 4500 et
847 4456 1044 4501 terram
1067 4449 1110 4512 ’,
1148 4463 1337 4501 vocem
1374 4446 1553 4501 Patris
1586 4446 1811 4511 indicat,
1844 4460 1968 4515 quae

2074 1979 2299 2049 ταχόθεν
2336 1976 2446 2046 γὰρ
2471 1979 2506 2048 ἡ
2539 1977 2731 2049 Γραφὴ
2772 1975 2997 2045 συνάγει
3045 1974 3125 2045 τῷ
3168 1972 3547 2042 εὐλαϐεστάτῳ
3576 1972 3676 2026 ἁνο

2073 2070 2163 2141 δρὶ
2192 2070 2291 2141 τὴν
2320 2068 2600 2139 ἀλήθειαν.
2636 2068 2776 2138 Περὶ
2806 2066 2915 2137 γὰρ
2947 2064 3039 2118 τοῦ
3069 2063 3505 2135 παντοκράτορος
3534 2061 3674 2115 Θεοῦ

2072 2162 2384 2234 γέγραπται
2432 2159 2626 2225 οὕτως,
2656 2159 2739 2213 ὅτι
2770 2157 2839 2211 '0
2866 2157 3012 2223 Θεὸς
3037 2154 3365 2225 δοκιμάζων
3387 2153 3673 2223 νεφροὺς,

2073 2253 2170 2306 καὶ
2205 2251 2469 2319 ἐρευνῶν
2501 2249 2733 2318 ταμιεῖα
2770 2250 3022 2313 κοιλίας.
3059 2247 3124 2300 Εί
3166 2246 3224 2299 δὲ
3265 2244 3550 2316 δοκιμάζει
3586 2255 3718 2325 νε-,έ

2073 2344 2265 2415 φροὺς,
2302 2340 2413 2413 ἄρα
2446 2341 2545 2394 οὐκ
2572 2335 2735 2405 οἶδεν,
2775 2340 2857 2394 ὅτι
2903 2336 3224 2409 δοκιμάζεις
3258 2336 3292 2407 ἦ
3325 2337 3389 2389 τὸ
3430 2337 3538 2389 πᾶν
3571 2334 3676 2405 τῆς

2070 2432 2326 2505 γνώσεως
2374 2435 2431 2487 ὲν
2476 2432 2556 2504 τῷ
2607 2431 2925 2505 δοκιμάζειν
2965 2430 3319 2501 ἁπεφήνατος
3373 2425 3677 2497 Ἐρευνῶν

2069 2527 2127 2580 δὲ
2156 2525 2387 2597 ταμιεῖα
2432 2524 2687 2590 κοιλίας,
2722 2524 2887 2579 πάλιν
2934 2523 2997 2576 οὐ
3045 2523 3372 2594 πρόσκειται
3404 2521 3677 2583 to,me

2069 2615 2413 2687 λαμϐάνων.
2452 2616 2595 2686 Ἀρα
2646 2614 2741 2666 ἐὰν
2788 2613 2863 2684 μὴ
2916 2613 3238 2684 πρόσκειται
3280 2610 3361 2681 τῷ
3412 2610 3565 2681 ρητῷ
3588 2613 3673 2677 τὺ.

2072 2705 2539 2775 καταλαμϐάνει,
2566 2705 2795 2758 θάνατον
2834 2703 3059 2775 ἐμαυτῷ
3101 2703 3442 2776 προξενήσω,
3487 2718 3677 2775 παρα-

2072 2796 2270 2863 πλέξας
2300 2796 2377 2868 τῷ
2412 2795 2562 2867 ῥητῷ
2601 2795 2694 2861 τὸ,
2742 2796 2815 2850 οὐ
2867 2795 3335 2865 καταλαμϐάνει,
3389 2798 3531 2847 κατά
3582 2794 3679 2848 τὸν

2075 2887 2165 2941 σὺν
2195 2888 2371 2956 λόγον,
2402 2880 2448 2941 ὦ
2474 2888 2704 2958 ἁνὸητες
2741 2886 2931 2950 Οῦτως
2962 2883 3057 2941 οῦν
3089 2888 3181 2940 καὶ
3208 2887 3336 2957 περὶ
3366 2885 3462 2939 τοῦ
3493 2884 3672 2940 Πνεῦ-

2076 2997 2246 3051 ματος
2278 2978 2373 3033 τοῦ
2406 2978 2560 3048 ἁγίου
2603 2980 2838 3052 εἴρηται,
2874 2981 2957 3033 ὅτι
2998 2977 3239 3048 ἐρευνᾷ,
3282 2978 3377 3032 καὶ
3422 2978 3484 3030 οὗ
3513 2977 3676 3049 χρεία

2071 3070 2140 3145 ἦν
2172 3074 2367 3137 είπεῖν,
2403 3074 2484 3127 ὅτι
2531 3074 2624 3126 καὶ
2658 3071 3132 3142 καταλαμϐάνει·
3178 3072 3269 3124 ἐπ’
3311 3070 3476 3124 αὐτοῦ
3510 3070 3676 3139 λόγου

2072 3166 2243 3236 δηλοῖ,
2275 3166 2358 3219 ὅτι
2393 3164 2540 3218 ἔστιν
2572 3165 2630 3217 ἐν
2661 3164 2743 3234 τῷ
2775 3164 3053 3234 Πνεύματι
3098 3163 3179 3241 τῷ
3218 3163 3359 3234 ἁγίῳ
3399 3165 3433 3233 ἡ
3470 3162 3677 3231 γνῶσις

2070 3258 2166 3313 τοῦ
2199 3258 2354 3323 Θεοῦ,
2402 3258 2498 3311 καὶ
2541 3256 2652 3310 τῶν
2692 3256 2904 3327 βαθέων
2950 3256 3045 3309 τοῦ
3085 3256 3241 3312 Θεοῦ.
3282 3255 3401 3309 Κὰν
3446 3271 3505 3307 σε
3542 3256 3565 3287 ⁸
3598 3257 3677 3325 μὴ

2071 3352 2222 3426 εἴπῃ.
2256 3351 2720 3420 καταλαμϐάνει,
2769 3350 2829 3403 τὸ
2885 3348 3017 3403 αὑτό
3070 3366 3159 3420 μοι
3202 3348 3413 3417 νόησον,
3450 3347 3545 3400 καὶ
3597 3347 3676 3418 μὴ

2070 3443 2168 3513 τὴν
2198 3442 2392 3497 ἑαυτοῦ
2421 3442 2600 3513 ψυχὴν
2627 3440 2883 3495 ἀπόλλυε.
2929 3443 3019 3505 Ὧς
3047 3440 3156 3511 γὰρ
3187 3440 3281 3493 ἐπὶ
3324 3439 3416 3494 τοῦ
3456 3440 3678 3510 Πατρὸς

2070 3536 2132 3587 οὐ
2166 3534 2464 3605 τολμητέον
2516 3534 2694 3603 λέγειν
2721 3534 2802 3597 τὸ,
2839 3532 3082 3602 Ἐρευνᾷ
3114 3534 3213 3586 καὶ
3262 3534 3336 3586 οὐ
3365 3536 3678 3602 καταλαμ-

2073 3626 2269 3680 ϐάνει·
2304 3626 2468 3691 αὐτὸς
2506 3626 2613 3698 γὰρ
2641 3626 2732 3678 τὸν
2763 3625 3052 3694 ἄνθρωπον
3082 3624 3264 3679 ἔκτισε
3299 3625 3398 3679 σὺν
3428 3622 3544 3695 Υίῷ
3573 3624 3677 3677 καὶ

2070 3719 2212 3789 ἁγίῳ
2251 3719 2564 3790 Πνεύματιο
2597 3718 2685 3771 ἀεὶ
2714 3717 2822 3789 γὰρ
2872 3719 2906 3789 ἡ
2954 3718 3125 3787 Τριὰς
3165 3716 3358 3787 Τριὰς,
3397 3718 3491 3771 καὶ
3522 3715 3678 3770 οὐδέ-

2072 3827 2205 3863 ποτε
2252 3810 2574 3881 προσθήκην
2625 3810 2930 3881 λαμϐάνειο
2977 3808 3119 3862 οὕτω
3166 3808 3231 3882 δὴ
3270 3809 3365 3861 καὶ
3410 3808 3540 3878 περὶ
3573 3807 3677 3862 τοῦ

2071 3901 2227 3969 ἁγίου
2289 3901 2605 3972 Πνεῦματος
2682 3900 2920 3971 νοητέον.
2964 3900 3134 3952 Ὅταν
3195 3898 3306 3968 γὰρ
3359 3896 3488 3968 είπη
3516 3935 3530 3959 ,
3588 3897 3675 3950 ὅτι

2069 3992 2293 4064 ἐποίησε
2352 3993 2444 4045 τὸν
2495 3992 2817 4063 ἄνθρωπον,
2863 3991 2966 4045 Ἔν
3010 3988 3170 4059 ἀρχῇ
3219 3990 3328 4060 γὰρ
3380 3988 3678 4055 ἐποίησεν

2071 4086 2104 4138 ὁ
2150 4086 2297 4150 Θεος
2332 4082 2442 4137 τὸν
2478 4082 2742 4151 οὐρανὸν
2780 4081 2879 4135 καί
2928 4080 3043 4149 τὴν
3078 4078 3215 4150 γῆν,
3265 4079 3519 4151 σημαίνει
3557 4080 3677 4133 Πα-

2070 4176 2200 4247 τρὸς
2229 4176 2435 4249 φωνὴν,
2491 4173 2868 4245 συγκαλοῦσαν
2908 4175 2989 4237 είς
3033 4172 3393 4244 δημιουργίαν
3415 4189 3429 4203 ·
3467 4171 3563 4226 καὶ
3587 4166 3674 4229 τὸν

2077 4267 2652 4339 Ποιήσωμεν,λέγων,
2688 4267 2900 4337 εἴποιμι
2948 4264 3014 4318 ἂν
3071 4264 3200 4335 περὶ
3251 4263 3347 4317 τοῦ
3398 4262 3531 4317 Υίοῦ
3574 4261 3677 4315 καὶ

2070 4359 2228 4428 ἁγίου
2261 4357 2599 4429 Πνεῦματος.
2629 4356 2789 4410 Οὖτω
2825 4357 2935 4427 γὰρ
2982 4355 3165 4424 λέγει·
3220 4354 3310 4423 Τῷ
3338 4354 3506 4422 Λόγῳ
3546 4356 3675 4406 Κυ-

2060 4449 2201 4517 ρίου
2230 4451 2284 4502 οι
2320 4446 2566 4516 οὐρανοί
2597 4444 3075 4515 ἐστερεώθησαν,
3106 4443 3211 4498 καὶ
3255 4442 3339 4508 τῷ
3368 4442 3681 4511 Πνεύματι

377 4540 445 4593 ad
480 4539 889 4610 procreandum
931 4539 1149 4603 invitat,
1182 4547 1348 4610 atque
1379 4539 1525 4594 istud
1550 4538 1775 4594 omnino
1802 4552 1966 4592 voca-

2075 4540 2176 4594 τοῦ
2235 4543 2532 4610 στόματος
2587 4538 2771 4596 αὐτοῦ
2824 4536 2996 4593 πᾶσα
3045 4537 3084 4604 ἠ
3139 4536 3395 4601 δύναμις
3446 4532 3673 4587 αὐτῶν.

375 4633 589 4697 bulum,
626 4631 942 4692 Faciamus.
974 4630 1042 4687 ad
1074 4629 1273 4686 Filium
1308 4641 1361 4686 et
1396 4629 1663 4700 Spiritum
1711 4636 1965 4684 sanctum

2075 4631 2500 4702 Συνδημιουργεῖ
2548 4632 2730 4684 τοίνυν
2780 4632 2809 4684 ὁ
2856 4628 3028 4697 Λόγος
3082 4626 3162 4698 τῷ
3218 4625 3430 4698 Πατρί*
3476 4623 3677 4696 συνδη-

375 4724 571 4781 referri
608 4725 973 4796 pronuntiare
1020 4739 1131 4780 non
1169 4724 1435 4781 dubitem.
1473 4722 1564 4779 Sic
1601 4723 1747 4779 enim
1792 4720 1968 4791 loqui-

374 4830 465 4873 tur
498 4837 511 4873 :
555 4816 721 4874 Verbo
749 4815 966 4871 Domini
1003 4817 1118 4872 caeli
1143 4800 1348 4885 ﬁrmati
1369 4827 1515 4879 sunt,
1538 4824 1587 4870 et
1618 4814 1825 4884 Spiritu
1856 4816 1965 4868 oris

371 4912 489 4979 ejus
512 4911 685 4965 omnis
710 4908 875 4963 virtus
900 4908 1120 4963 illorum
1143 4908 1186 4963 ³.
1214 4909 1356 4979 Ergo
1379 4922 1503 4962 cum
1532 4905 1694 4961 Patre
1721 4903 1964 4961 Verbum

375 5001 541 5054 simul
566 5001 821 5054 universa
857 4999 1142 5069 producit;
1181 4998 1437 5071 producit
1465 5001 1593 5053 item
1635 5005 1689 5052 et
1720 4994 1963 5066 Spiritus

374 5099 623 5147 sanctus.
658 5091 840 5156 Quare
870 5091 966 5160 qui
1001 5090 1277 5146 hominem
1314 5091 1579 5161 produxit
1616 5089 1965 5159 omnipotens

372 5183 540 5249 Deus,
559 5200 622 5240 ea
640 5184 849 5240 scilicet
864 5197 987 5253 quae
1002 5190 1131 5237 sunt
1147 5183 1389 5237 hominis
1409 5184 1637 5238 minime
1656 5182 1965 5253 cognoscit,

371 5291 496 5330 cum
519 5276 727 5331 ventris
742 5273 1117 5346 promptuaria
1134 5271 1664 5329 scrutatur?Verum
1688 5288 1965 5329 summam

2071 4723 2324 4793 μιουργεῖ
2355 4722 2448 4776 καλ⁵
2484 4721 2544 4775 τὸ
2590 4720 2747 4789 ἅγιον
2803 4717 3049 4789 Πνεῦμα.
3087 4716 3147 4771 '0
3203 4716 3378 4769 τοίνυν
3436 4716 3675 4784 ποιήσας

2065 4813 2157 4867 τὸν
2185 4813 2471 4885 ἄνθρωπον
2509 4813 2906 4885 παντοκράτωρ
2955 4811 3109 4874 Θεὸς,
3160 4810 3262 4862 οὐκ
3309 4802 3419 4860 οἶδε
3457 4806 3527 4859 τὰ
3568 4805 3670 4859 τοῦ

2066 4906 2379 4977 ἀνθρώπου,
2405 4907 2643 4978 ἐρευνῶν
2672 4909 2896 4978 ταμιεῖα
2922 4904 3131 4966 κοιλίας
3156 4920 3171 4969 ;
3204 4901 3368 4955 Ἀλλὰ
3405 4900 3467 4953 τὸ
3518 4898 3672 4952 πλεῖ·

2068 5014 2192 5051 στον
2230 4998 2333 5067 τῆς
2368 4997 2464 5051 τοῦ
2508 4998 2647 5052 Θεοῦ
2677 4998 2933 5066 γνώσεως
2964 4998 2993 5049 ὁ
3025 4995 3182 5064 λόγος
3223 4993 3477 5063 ἐπιφέρει
3509 4990 3675 5043 τοῦτο

2062 5090 2258 5159 λέγων,
2308 5089 2396 5144 ἵνα
2432 5094 2507 5162 μή
2547 5108 2632 5155 τις
2670 5090 2778 5145 τῶν
2828 5090 2887 5145 ὲν
2928 5090 3059 5160 ἡμῖν
3107 5084 3532 5159 ἁμαρτανόντων
3580 5101 3673 5136 νο-

2068 5184 2201 5254 μίσῃ
2244 5182 2325 5235 ἔτι
2362 5184 2470 5237 ἀπὸ
2515 5183 2652 5237 Θεοῦ
2697 5183 3027 5254 κεκρύφθαι.
3077 5182 3251 5246 Αὐτὸς
3279 5180 3389 5251 γὰρ
3428 5172 3537 5231 οἵδε
3573 5175 3671 5229 τὸν

2066 5275 2375 5347 ἄνθρωπον,
2409 5276 2503 5330 καὶ
2532 5277 2600 5330 τά
2627 5275 2720 5330 τοῦ
2753 5275 3065 5348 ἀνθρώπου.

370 5369 517 5424 illam
569 5367 663 5425 Dci
720 5366 1089 5438 cognitionem
1133 5366 1219 5421 his
1267 5368 1449 5424 verbis
1490 5376 1653 5423 utens
1693 5366 1982 5437 Scriptura
2035 5370 2342 5441 subjungit,
2395 5388 2466 5428 ne
2514 5372 2641 5444 quis
2703 5373 2847 5428 inter
2892 5388 2993 5428 nos
3037 5377 3265 5443 peccata
3294 5371 3671 5438 committens,

369 5466 543 5521 latere
570 5482 630 5522 se
659 5464 828 5520 Deum
863 5474 1017 5536 putet
1038 5478 1221 5536 posse.
1254 5463 1376 5533 ipse
1406 5462 1554 5517 enim
1596 5462 1750 5517 novit
1786 5462 2065 5520 hominem
2107 5475 2162 5521 et
2196 5482 2319 5537 quae
2348 5477 2481 5523 sunt
2509 5467 2751 5523 hominis
2776 5468 2817 5522 ⁸.
3019 5458 3029 5469 ”

438 5559 581 5614 XVI.
621 5561 892 5627 Quocirca
923 5561 1086 5616 Pater
1123 5559 1498 5630 promptuaria
1530 5559 1741 5614 ventris
1774 5557 1950 5628 inqui-

371 5652 443 5707 rit
485 5660 541 5706 et
591 5656 904 5724 cognoscit:
963 5654 1202 5725 Spiritus
1254 5668 1383 5707 vero
1428 5651 1701 5723 profunda
1752 5651 1846 5707 Dei
1898 5659 1951 5708 et

420 5766 460 5849 κ¹
486 5766 647 5821 Prov.
682 5786 771 5833 xx,
811 5772 899 5824 27.
976 5774 995 5803 ⁸
1022 5770 1157 5826 Gen.
1195 5786 1234 5835 I,
1274 5770 1324 5824 1.
1403 5767 1592 5825 ’Psal.
1636 5785 1808 5833 xxx",
1840 5769 1894 5822 6.

378 5850 486 5892 καν
520 5852 605 5904 γε.

2003 5768 2201 5825 διυειη.
2242 5786 2304 5839 ιι,
2337 5772 2442 5839 25;
2480 5768 2495 5822 l
2536 5769 2661 5826 Cor.
2692 5786 2750 5841 ιι,
2788 5770 2872 5824 Η.

2130 5562 2247 5631 ις’.
2293 5563 2517 5636 Ἐρευνᾷ
2543 5563 2721 5617 τοίνυν
2763 5565 2790 5616 ὁ
2829 5564 3022 5635 Πατὴρ
3055 5562 3277 5631 ταμιεῖα
3331 5558 3543 5625 κοιλίας
3569 5565 3667 5618 καὶ

2059 5648 2232 5707 οἶδεν·
2268 5656 2464 5727 ἐρευνᾷ
2510 5655 2573 5707 τὸ
2626 5653 2853 5725 Πνεῦμα
2908 5653 2980 5707 τά
3029 5653 3168 5724 βάθη
3221 5651 3316 5705 τοῦ
3365 5650 3521 5717 Θεοῦ,
3570 5652 3667 5706 καὶ

2998 5770 3016 5803 ⁵
3047 5767 3107 5823 F.
3156 5767 3231 5840 μὴ
3262 5782 3453 5840 upon.
3556 5748 3665 5807 ’ἢ
