1975 3209
177 163 212 191 45

174 220 245 249 οἶδεν
278 221 473 249 ἀποκαλύπτει
490 222 544 258 γὰρ
560 222 648 257 ἁγίοις
662 222 697 250 τὰ
720 222 767 250 τοῦ
786 223 855 250 Θεοῦ
873 224 977 260 μυστή-

177 275 233 303 ρια,
258 268 305 295 λαὶ
331 267 455 295 διδάσκει
479 268 583 303 βαθέως
606 268 652 296 τὸν
677 269 744 297 Θεὸν
765 269 900 304 δοξάζειν,
930 270 977 298 καὶ¹

174 313 225 349 τὴν
254 313 352 341 τούτου
381 313 572 350 ἀκαταληψίαν
597 316 655 347 τοῖς
683 315 766 342 αὑτοῦ
794 315 975 343 ὐποδεικνύει.

177 360 250 395 ’Δρα
272 360 339 395 γοῦν
367 361 418 388 οὐκ
437 360 576 397 ἀλλότριον
595 361 642 389 τοῦ
658 362 727 389 Θεοῦ
747 362 779 390 τὸ
799 364 921 399 Πνεῦμα.
937 363 976 390 Οὖ

175 406 231 442 γὰρ
250 404 312 433 εἷπε
337 407 404 442 περὶ
423 406 557 442 ἀγγέλων,
583 407 698 443 ὲρευνᾷν
724 407 793 443 βάθη
822 408 901 439 Θεοῦ.
915 408 977 435 οὐδὲ

175 452 240 488 περὶ
262 453 452 488 ἀρχαγγέλων.
482 453 588 487 οὐδεὶς
612 454 669 488 γὰρ
690 454 753 481 οἶδε
778 454 836 488 τὴν
861 455 977 489 ἡμέραν

175 498 247 526 οὐδὲ
271 498 332 533 τὴν
346 498 442 534 ὤραν,
466 499 548 534 φησὶν
567 500 583 526 ὁ
599 499 662 532 Υίὺς
691 500 739 527 τοῦ
766 500 844 532 Θεοῦ,
861 502 932 528 οὔτε
948 503 976 528 οι

174 543 296 579 ἄγγελοι
308 545 362 572 τοῦ
377 545 519 580 οὐρανοῦ,
540 546 611 574 οὔτε
626 548 643 573 ὁ
664 547 741 580 Υἱὸς,
762 548 789 574 εὶ
814 546 857 582 μὴ
880 549 896 574 ὁ
915 549 975 574 Πα-

173 590 239 624 τιὶρ.
259 590 410 626 Νομίζουσι
424 591 452 617 δὲ
474 592 499 618 ol.
522 592 641 627 ἀνόητοι,
657 592 683 618 οἱ
706 592 744 628 μὴ
772 593 976 628 κεκοσμημένοι

174 634 315 671 Πιιεύματι
329 636 411 671 ἁγίῳ,
422 636 459 672 μή
476 637 535 663 ὲπί
545 645 571 663 τι
587 637 642 673 (16)
651 638 680 665 ὲν
689 638 728 673 τῷ
738 638 836 674 Πατρὶ,
845 638 913 673 ὅπερ
925 638 976 665 οὐκ

174 679 248 707 ἐστιν
262 681 292 706 ὲν
306 682 339 715 τῇ
348 680 462 716 Θεότητι
478 681 524 708 τοῦ
539 681 621 714 Υίοῦ;
638 681 685 713 Ὠς
697 682 752 716 γὰρ
763 681 825 716 ἔχει
838 683 854 708 ὁ
873 681 975 715 Πατὴρ

175 725 252 760 ζωὴν
265 726 301 753 ἐν
310 725 416 759 ἐαυτῷ,
429 726 524 760 οὕτως
537 728 601 762 ἔχει
615 729 631 755 ὀ
647 727 713 760 Υἱὸς
727 726 804 761 ζωὴν
816 727 851 754 ἐν
861 726 972 762 ἐαυτῷ·

173 773 236 799 καί·
255 773 356 800 Πάντα
369 770 411 800 τὰν
425 773 478 800 τοῦ
494 774 609 807 Πατρός
620 782 681 808 μου
693 773 751 808 ἐμά
771 774 847 806 ἐστι,
864 773 946 809 φησὶν
960 774 974 800 ὁ

174 817 257 849 αὐτὸς
279 817 327 844 τοῦ
350 817 418 844 Θεοῦ
445 817 522 851 ἅγιος
542 818 637 852 Λόγος.
663 818 730 845 Τίνα
751 818 778 844 δέ
798 819 856 844 ἐστι
874 818 908 844 τὰ
926 818 972 844 τοῦ

174 863 294 899 Πατρδς.
310 863 400 899 ἀλλ’ἢ
422 864 522 895 ταῦτα;
541 865 577 890 Τὸ
603 865 675 897 Θεὸς
696 864 743 890 τοῦ
768 864 874 900 Πατρός
896 865 971 897 ἐστι;

174 909 256 936 τοῦτο
269 910 318 937 καὶ
333 909 380 936 τοῦ
394 909 470 936 Υίοῦ.
492 909 522 936 Ἡ
538 910 594 945 ζωὴ
609 910 656 937 τοῦ
674 910 781 945 Πατρός
804 911 862 937 ἐστι
876 919 882 942 ;
898 911 977 937 τοῦτο

175 955 224 983 καὶ
236 955 285 982 τοῦ
302 955 378 982 Υίοΰ.
396 956 432 982 Th
445 956 502 992 φῶς
516 957 562 983 τοῦ
584 957 707 992 Πατρόςς
726 957 846 992 δηλονότι
867 958 914 984 και)⁸
928 957 975 983 τοῦ

175 1001 254 1029 Υίοῦ,
271 1000 309 1028 Τδ
331 1001 466 1029 ἀθάνατον
487 1002 533 1029 τοῦ
556 1003 681 1038 Πατρός;
708 1003 838 1035 ὡσαύτως
859 1003 906 1030 καὶ
928 1003 975 1030 τοῦ

174 1046 254 1074 Υῐοῦ.
279 1046 316 1074 Τδ
344 1047 537 1083 ἀκατάληπτον
559 1048 607 1074 τοῦ
630 1048 737 1083 Harpe;
761 1047 873 1074 καὶ’τοῡ
897 1049 974 1075 Υἱοῡ.

174 1093 269 1121 Πάντα
283 1093 319 1120 τὰ
333 1093 381 1120 τοῦ
398 1094 506 1130 Πατρὸς
522 1094 570 1121 τοῦ
588 1094 653 1121 Υίοῦ
675 1095 759 1122 ἐστιν,
777 1095 808 1121 Εἰ
830 1094 919 1121 τοίνυν
941 1094 976 1121 τὰ

174 1139 223 1166 τοῦ
237 1139 355 1176 Πατρδς,
371 1140 454 1167 αὐτοῦ
473 1141 540 1173 ἐστι,
555 1141 602 1167 καὶ
621 1142 636 1176 ἡ
659 1141 687 1167 ἐν
705 1141 743 1176 τῷ
761 1141 848 1176 Πατρὶ
865 1141 976 1175 γνῶσις,

175 1186 224 1212 καὶ
242 1186 271 1212 ὲν
294 1184 334 1221 τῷ
351 1184 408 1220 rte
428 1186 475 1212 καὶ
500 1187 528 1212 ἐν
549 1185 588 1220 τῷ
603 1186 673 1221 ἁγίῳ
690 1186 830 1221 Πνεύματι
847 1186 974 1221 ὑπάρχει.

175 1233 208 1260 ΕΙ
221 1231 251 1259 δέ
270 1240 314 1264 τις
328 1232 433 1268 νομίζει
448 1232 493 1259 τὸν
515 1232 580 1258 Υίὸν
598 1233 704 1266 ἀγνοεῖν
723 1232 772 1268 τὴν
789 1233 905 1268 ἡμέραν,
923 1241 975 1267 μα-

175 1279 247 1306 θέτω
260 1280 275 1306 ὁ
287 1277 406 1315 ἀμαθὴς,
422 1278 469 1305 καὶ
482 1278 519 1314 μὴ
537 1278 744 1314 βλασφημείτω.
767 1279 906 1314 Προτείνω
922 1279 976 1314 γὰρ

174 1324 251 1361 uim]:
264 1323 377 1360 γνῶσιν,
392 1324 440 1351 καὶ
457 1323 601 1358 γνώσεται.
622 1325 692 1358 Λέγε
716 1334 771 1359 μοι,
793 1322 815 1351 ὦ
832 1325 974 1360 ἀγαπητέ-

175 1369 360 1406 -ἀγαπητδν
376 1370 432 1406 γάρ
448 1378 477 1396 σε
488 1370 573 1402 καλῶ,
588 1370 681 1396 οὐδένα
696 1370 750 1406 γὰρ
767 1371 847 1406 μισῶ,
869 1371 884 1406 ἢ
898 1371 976 1406 μόνον

173 1416 222 1444 τιν
231 1411 353 1443 διάϐολον
366 1416 415 1443 καὶ
429 1415 464 1443 τὰ
478 1416 546 1452 ἔργα
557 1416 604 1443 τοῦ
630 1417 754 1444 διαϐόλου
767 1417 813 1443 καὶ
830 1418 879 1453 τὴν
895 1426 977 1444 κακο-

175 1462 298 1495 πιστίαν,
313 1462 361 1489 ἐπὶ
375 1462 418 1490 σοὶ
438 1463 466 1490 δὲ
490 1462 616 1498 εὔχομαι,
631 1463 673 1490 ἵνα
691 1464 771 1499 ἔλθῃς
794 1465 833 1496 εἰς
855 1464 905 1499 τὴν
930 1465 976 1491 τοῦ
988 1470 994 1481 ⁴

175 1507 244 1535 Θεοῦ
257 1508 399 1542 ἀλήθειαν,
412 1509 460 1535 καὶ
479 1509 516 1544 μὴ
540 1509 651 1536 σεαυτὸν
671 1510 809 1546 ἀπολέσῃς
832 1510 861 1537 ὲν
884 1511 917 1545 τῇ
938 1512 977 1542 εἰς

176 1553 243 1581 Θεὸν
255 1553 426 1591 βλασφημίᾳ.
436 1555 526 1582 Βαθὲα
537 1556 592 1591 γάρ
604 1557 656 1582 εισι
671 1556 704 1583 τὰ
718 1557 828 1591 ῥήματα
839 1556 886 1582 τοῦ
899 1556 976 1590 ἁγίου

892 161 1114 191 Αικιεοιιλτυε.

1785 163 1821 192 ιο

992 229 1015 257 Α
1029 224 1143 259 inquirit
1167 229 1193 251 et
1216 227 1359 259 cognoscit
1374 234 1379 252 :
1395 230 1496 259 quippe
1524 225 1630 253 sanctis
1645 226 1737 253 divma
1759 234 1821 262 my-

1028 270 1112 298 steria
1128 269 1267 305 patefacit,
1283 278 1316 298 ac
1330 269 1415 298 Deum
1430 278 1463 299 ex
1479 271 1535 299 imo
1551 276 1663 307 pectore
1681 273 1823 302 celebrare

1027 316 1118 347 docet.
1126 316 1303 351 ejusdemque
1310 316 1614 352 incomprehensibilem
1626 323 1751 347 naturam
1762 320 1822 348 suis

1027 363 1087 397 ipse
1103 362 1234 390 declarat.
1249 363 1343 398 itaque
1363 371 1418 391 non
1440 368 1484 392 est
1499 364 1605 393 alienus
1618 373 1634 392 a
1658 365 1713 394 Deo
1733 359 1823 402 Spiri-

1027 414 1082 437 tus.
1104 408 1165 437 Non
1185 410 1257 437 enim
1272 410 1307 438 de
1324 410 1429 446 angelis
1444 410 1527 443 dixit,
1540 410 1589 439 Dei
1605 411 1666 439 illos
1686 412 1821 447 profunda

1027 455 1157 487 scrutari,
1182 462 1232 483 nec
1256 455 1290 483 de
1314 455 1498 491 archangelis.
1515 456 1620 484 Etenim
1644 458 1737 485 nullus
1751 459 1821 486 diem

1027 500 1111 533 nouit,
1125 508 1173 528 nec
1195 500 1299 534 horam,
1316 501 1354 528 ait
1373 501 1420 528 Dei
1434 500 1531 535 Filius,
1553 510 1635 538 neque
1651 504 1737 540 angeli
1752 505 1821 538 caeli,

1026 552 1108 579 neque
1126 544 1226 578 Filius,
1262 546 1314 579 nisi
1341 546 1452 574 Pater‘.
1479 546 1533 574 Sed
1559 549 1635 576 stulti
1660 556 1694 577 ac
1717 550 1821 586 Spiritu

1027 594 1123 618 sancto
1138 590 1276 623 destituti,
1292 599 1357 618 num
1373 595 1417 619 est
1431 591 1535 627 aliquid
1556 593 1583 620 in
1598 593 1691 626 Patre,
1705 595 1778 630 quod
1795 596 1822 623 in

1026 634 1088 663 Filii
1107 635 1255 664 Divinitate
1269 644 1323 664 non
1337 636 1390 664 sit?
1407 636 1441 664 Ut
1457 637 1531 665 enim
1553 637 1636 666 Pater
1650 640 1732 667 vitam
1746 641 1825 669 liabet

1027 681 1055 707 in
1073 681 1160 715 seipse
1171 700 1179 713 ,
1191 681 1230 708 sic
1242 686 1267 708 et
1282 680 1371 708 Filius
1383 682 1464 708 vitam
1478 681 1556 710 habet
1566 684 1593 710 in
1605 684 1692 719 seipse
1704 686 1724 712 '.
1737 684 1803 713 Item
1815 695 1822 713 :

1027 726 1125 753 Omnia
1141 734 1200 762 qua:
1215 727 1307 754 Patris
1329 728 1380 754 mei
1403 732 1476 760 sunt,
1500 737 1558 756 mea
1581 735 1644 757 sunt
1655 730 1674 762 ',
1695 732 1733 758 ait
1750 731 1822 759 idem

1025 772 1230 800 sanctissimum
1254 773 1302 800 Dei
1321 773 1450 801 Verbum.
1470 774 1601 807 Quanam
1623 784 1687 803 vero
1711 779 1823 806 tandem

1025 817 1114 844 Patris
1135 823 1209 851 sunt,
1233 823 1412 854 prmtcrquam
1432 820 1501 847 ista?
1517 821 1557 847 An
1579 821 1662 849 Delllll
1692 831 1753 851 esse
1771 824 1823 851 Pa-

1027 864 1059 890 tri
1089 865 1236 891 convenit?
1262 865 1344 892 etiam
1368 865 1438 893 Filio
1459 869 1595 895 conwnit.
1623 869 1682 896 Vita
1713 872 1823 906 propria

995 911 1013 937 lt
1029 910 1118 937 Patris
1141 911 1204 938 est?
1218 915 1259 938 est
1274 916 1300 938 ct
1324 911 1395 940 Filii.
1415 913 1514 941 Lucem
1534 922 1594 942 esse
1620 915 1694 943 Patri
1726 918 1823 945 tribui-

1028 956 1092 982 tur?
1114 956 1246 984 tribuitur
1269 962 1297 985 et
1321 958 1401 986 Filio.
1426 959 1610 989 Immortalem
1635 971 1697 990 esse
1711 965 1822 999 propria

1028 1002 1120 1029 Patris
1142 1003 1266 1030 conditio
1284 1005 1343 1033 est?
1357 1009 1399 1033 est
1417 1006 1541 1034 videlicet
1556 1014 1583 1035 et
1599 1008 1672 1036 Filii.
1692 1010 1824 1040 Similiter

1029 1048 1310 1083 incompreliensibile
1331 1055 1385 1078 tam
1407 1052 1482 1080 Patri
1497 1062 1579 1089 quam
1599 1054 1668 1082 Filio
1684 1059 1820 1093 congruit.

1030 1094 1169 1128 Quidquid
1184 1095 1217 1122 ad
1233 1095 1342 1124 Patrem
1365 1098 1493 1132 pertinet,
1510 1100 1581 1127 idem
1601 1105 1627 1128 et
1637 1101 1707 1129 Filio
1722 1111 1823 1131 convc-

1029 1141 1079 1167 uit.
1098 1140 1175 1168 Unde
1196 1143 1219 1170 si
1236 1150 1267 1170 ea
1283 1151 1344 1179 quae
1356 1144 1447 1172 Patris
1460 1146 1570 1181 propria
1586 1153 1660 1181 sunt,
1684 1149 1716 1175 ad
1732 1150 1821 1184 ipsum

1030 1194 1139 1222 quoque
1152 1189 1301 1222 pertinent,
1322 1191 1443 1226 cognitio
1460 1192 1504 1218 illa
1523 1201 1583 1227 qum
1597 1194 1668 1222 inest
1682 1195 1709 1222 in
1730 1196 1821 1229 Patre,

1029 1233 1110 1259 etiam
1133 1233 1161 1260 in
1180 1233 1250 1261 Filio
1263 1236 1315 1269 22
1330 1243 1362 1262 ac
1382 1236 1485 1270 Spiritu
1508 1242 1605 1266 sancto
1623 1239 1703 1267 debet
1720 1240 1822 1269 inesse.

1028 1277 1133 1310 Quodsi
1149 1279 1211 1314 quis
1228 1281 1355 1316 ignorare
1375 1281 1473 1311 Filium
1487 1284 1557 1311 diem
1572 1284 1648 1311 illum
1665 1286 1822 1319 arbitretur,

1029 1325 1118 1351 discat
1150 1326 1258 1353 tandem
1283 1327 1427 1361 imperitus
1455 1328 1516 1361 iste,
1541 1334 1568 1357 et
1592 1333 1774 1360 contumelias
1796 1333 1822 1359 in

1030 1370 1115 1398 Deum
1138 1371 1232 1405 jacere
1256 1372 1374 1400 desinat.
1394 1373 1450 1408 Ego
1480 1383 1554 1409 vero,
1581 1384 1635 1411 quo
1661 1377 1686 1404 id
1714 1378 1823 1406 facilius

1030 1417 1172 1452 intelligat,
1182 1417 1316 1452 ejusmodi
1329 1418 1458 1453 quiddam
1472 1420 1510 1447 illi
1525 1429 1648 1456 propono
1662 1432 1668 1449 :
1684 1424 1732 1450 Dic
1744 1424 1821 1456 milii,

1030 1470 1134 1497 quaeso,
1157 1463 1426 1493 eliarissimez—te
1453 1466 1525 1493 cnim
1555 1468 1750 1496 cliarissimum
1776 1477 1825 1504 ορα-

1029 1508 1113 1542 pello,
1129 1509 1203 1543 quod
1222 1509 1358 1536 neminem
1391 1510 1494 1538 oderim
1512 1517 1611 1546 praeter
1630 1514 1768 1542 diabolum
1784 1521 1825 1542 at-

1030 1561 1083 1588 que
1097 1561 1178 1588 opera
1198 1554 1311 1586 diaboli,
1333 1563 1386 1582 una
1404 1564 1465 1583 cum
1480 1565 1609 1592 perversa
1622 1559 1825 1596 depravataque

177 1599 257 1632 Θεοῦ,
270 1598 412 1635 [πνεύματι
422 1599 451 1627 δὲ
465 1600 535 1636 ἁγίῳ
550 1601 594 1627 διὰ
606 1601 661 1628 τῶν
676 1602 853 1637 χαρισμάτων
866 1602 975 1629 δίδοται.

1031 1599 1093 1631 ﬁde,
1112 1600 1161 1627 tibi
1178 1608 1242 1628 vero
1260 1601 1326 1628 illud
1352 1609 1366 1628 a
1381 1602 1434 1628 Deo
1450 1611 1557 1638 precor,
1577 1609 1606 1632 ut
1625 1592 1665 1632 ad
1675 1606 1734 1640 ejus
1752 1592 1822 1634 vei-i-

177 1643 216 1682 *ῼ
228 1646 367 1683 μὲνγὰρ,
393 1648 472 1683 φησὶ,
495 1648 611 1675 δίδοται
637 1650 728 1684 λόγος
750 1650 873 1684 σοφίας,
898 1646 922 1683 ᾧ
944 1651 978 1675 δὲ

176 1692 269 1727 λόγος
294 1692 515 1726 διδασκαλίας,
543 1694 590 1720 καὶ
620 1694 654 1721 τὰ
681 1694 755 1729 ἑξῆς.
783 1695 817 1722 Τὸ
844 1694 877 1720 δὲ
905 1695 977 1721 αὐτὸ

177 1733 300 1773 Πῶρεῦμα
313 1737 348 1765 τὸ
359 1737 500 1772 διαιροῦν
513 1739 631 1771 ἑκάστῳ
643 1740 684 1773 ὠς
696 1730 856 1772 poenitu-
872 1741 915 1767 ἵνα
939 1750 978 1767 σοι

176 1783 253 1820 δείξῃ
266 1784 314 1812 καὶ
329 1784 380 1820 τὴν
390 1784 437 1811 τοῦ
455 1784 533 1819 ἁγίου
561 1785 720 1821 Πνεῦματος
740 1786 882 1813 αὺθεντίαν
892 1796 898 1802 ·
915 1788 978 1814 ὅταν

177 1829 235 1865 γὰρ
245 1830 276 1856 rb
290 1829 355 1857 αὐτὸ
370 1830 494 1866 Πνεῦμα,
513 1831 579 1858 πᾶσι
591 1831 626 1858 τὰ
639 1832 798 1868 χαρίσματα
819 1833 928 1859 δίδωσιν
940 1834 979 1865 ὼς

180 1875 314 1915 βούλεται.
332 1876 428 1904 Τοίνυν
443 1877 634 1913 παρακάλεσον
652 1879 696 1905 τὸν
712 1880 832 1915 Πατέρα,
855 1880 897 1905 ἵνα
910 1880 979 1906 ἀπο-

303 1931 344 1950 σοι
358 1922 405 1949 τὸν
418 1911 499 1950 mw
515 1923 563 1950 καὶ
579 1924 773 1959 παρακάλεσον
785 1911 830 1951 ἐον
846 1926 920 1957 Υἱῦν,
937 1926 979 1952 ἵνα

178 1967 344 2003 ἀποκαλύψῃ
362 1976 404 1994 σοι
420 1967 471 1994 τὸν
482 1967 604 2003 Πατέρα.
622 1969 677 1996 Καὶ⁸
690 1970 772 1996 πάλιν
788 1970 979 2005 παρακάλεσον

179 2013 227 2040 τὸν
242 2013 361 2049 Πατέρα,
376 2013 420 2040 ἵνα
435 2021 476 2040 σοι
495 2013 532 2049 δῷ
544 2014 590 2041 τὸν
604 2014 678 2046 Υίδν,
694 2015 740 2042 καὶ
760 2016 923 2052 ἀποκαλύψῃ
938 2025 979 2043 σοι

179 2059 212 2086 τὸ
225 2058 304 2094 ἃγιον
314 2058 436 2094 Πνεῦμα,
452 2059 501 2087 καὶ
514 2059 569 2096 δῴη
585 2069 626 2087 σοι
648 2061 714 2087 αὐτὸ
729 2061 800 2096 ἔχειν
819 2062 848 2088 ὲν
868 2063 920 2093 σοὶ,
936 2063 980 2089 ἵνα

181 2105 259 2132 δοθὲν
287 2105 318 2132 ἐν
339 2106 382 2132 cui.
405 2105 483 2140 ἆγιον
508 2105 621 2141 Πνεῦμα
639 2107 802 2142 ἀποκαλύψῃ
828 2116 868 2133 σοι
890 2108 980 2133 πᾶσαν

181 2151 283 2186 γνῶσιν
309 2152 416 2188 Πατρδς
432 2152 481 2179 καὶ
502 2152 567 2179 Υίοῦ
581 2153 628 2180 καὶ
646 2153 724 2186 ἁγίου
751 2153 919 2188 Πνεὺματος,
936 2154 979 2180 ἵνα

184 2197 285 2235 μάθῃς,
296 2198 337 2225 ὅτι
350 2199 380 2225 ὲν
395 2197 435 2234 τῷ
450 2198 508 2234 Υίῷ
527 2199 577 2225 οὐκ
590 2199 629 2226 ἔνι
641 2199 753 2234 οὐδεμία
775 2200 907 2233 ἀγνωσία,
919 2199 980 2226 οὐδὲ

183 2245 212 2270 ὲν
230 2243 269 2280 τῷ
280 2244 350 2280 ἁγίῳ
369 2245 520 2280 Πνεῦμα-ιιι.

1031 1649 1114 1672 tatem
1127 1646 1242 1680 aspires,
1261 1655 1350 1682 neque
1371 1652 1396 1675 te
1413 1649 1501 1683 ipsum
1515 1654 1591 1677 tanta
1609 1651 1636 1678 in
1657 1651 1742 1679 Deum
1758 1661 1822 1681 cou~

1032 1691 1143 1718 tumelia
1172 1692 1308 1726 pcrditmn
1338 1701 1396 1721 cas.
1427 1693 1567 1729 Siquidem
1599 1696 1732 1725 altissima
1762 1705 1825 1726 sunt

1031 1738 1118 1765 sancti
1145 1737 1195 1765 Dei
1220 1739 1314 1773 verba,
1339 1748 1400 1775 qua:
1425 1740 1544 1775 Spiritus
1567 1750 1681 1771 sanctus
1708 1753 1755 1780 per
1776 1754 1824 1773 sua

1031 1784 1103 1811 dona
1129 1785 1255 1819 largitur.
1281 1785 1349 1813 Nam
1370 1787 1428 1819 alii,
1447 1788 1547 1822 inquit,
1573 1789 1656 1816 datur
1671 1799 1757 1818 sermo
1779 1801 1823 1818 sa-

1030 1830 1148 1864 pientiaz,
1173 1831 1221 1857 alii
1238 1840 1323 1858 sermo
1336 1832 1496 1867 disciplin’w,
1512 1838 1565 1861 etc.
1580 1835 1654 1862 Idem
1669 1845 1727 1863 vero
1740 1837 1826 1871 Spiri—

1032 1881 1073 1903 tus
1090 1877 1208 1905 dividens
1230 1879 1370 1913 unicuique
1385 1886 1462 1914 prout
1483 1881 1537 1908 vult
1550 1881 1576 1909 δς
1592 1890 1646 1917 quo
1672 1883 1719 1910 tibi
1740 1885 1826 1918 Spiri-

1032 1928 1076 1951 tus
1106 1924 1195 1951 sancti
1222 1930 1385 1959 potestatein
1413 1927 1661 1963 auctoritatemque
1692 1929 1824 1960 declaret.

1031 1976 1093 1996 cum
1123 1970 1245 1997 cmlestia
1268 1970 1397 1997 omnibus
1426 1971 1497 1998 dona
1527 1979 1576 2006 pro
1606 1973 1747 2000 voluntate
1776 1981 1826 2000 sua

1031 2015 1173 2050 largiatur.
1191 2015 1284 2051 itaque
1294 2016 1408 2051 supplex
1423 2024 1437 2042 a
1452 2016 1532 2044 Patre
1545 2022 1616 2052 pete,
1626 2018 1673 2045 tibi
1687 2023 1714 2046 ut
1727 2018 1826 2046 Filium

1031 2060 1190 2095 patefaciat,
1209 2066 1236 2088 et
1255 2069 1270 2089 a
1295 2062 1375 2096 Filio,
1389 2063 1438 2090 tibi
1456 2067 1484 2090 ut
1504 2063 1611 2091 Patrem
1633 2064 1751 2098 indicet;
1768 2073 1828 2092 ncc-

1033 2114 1087 2133 non
1104 2110 1131 2133 et
1148 2114 1163 2133 a
1181 2106 1262 2134 Patre
1275 2108 1395 2142 postula,
1411 2113 1439 2135 ut
1456 2110 1505 2136 tibi
1521 2109 1620 2137 Filium
1649 2111 1780 2146 largiatur
1793 2119 1825 2137 ac

1034 2152 1167 2187 Spiritum
1182 2157 1307 2181 sanctum
1321 2154 1501 2189 demonstret,
1511 2163 1639 2191 eumque.
1656 2161 1683 2183 ut
1698 2157 1725 2184 in
1739 2158 1827 2192 teipso

1034 2201 1145 2233 habeas,
1174 2200 1222 2228 tibi
1255 2202 1401 2234 condonet,
1429 2207 1459 2229 ut
1489 2204 1709 2231 communicattts
1736 2208 1826 2231 tecum

1034 2246 1153 2280 Spiritus
1176 2252 1290 2275 sanctus
1307 2256 1415 2275 omnem
1438 2249 1488 2275 tibi
1512 2249 1601 2277 Patris
1626 2254 1653 2277 et
1677 2249 1737 2276 Filii
1755 2255 1781 2277 et
1797 2249 1826 2276 S.

183 2290 304 2328 Spiritus
334 2291 544 2329 intelligentiam
564 2292 698 2325 declaret,
715 2296 798 2328 atque
821 2293 874 2320 hoc
903 2293 992 2328 ipsum
1010 2294 1114 2326 discas,
1133 2295 1238 2322 nullam
1261 2296 1287 2322 in
1311 2293 1381 2323 Filio
1399 2300 1446 2323 aut
1469 2297 1496 2323 in
1518 2296 1621 2331 Spiritu
1647 2296 1675 2324 S.
1703 2297 1828 2332 ignoran

183 2341 250 2370 tiam
265 2341 367 2370 inane.

221 2386 272 2415 IZ'.
295 2387 329 2414 El
349 2387 405 2423 γὰρ
421 2388 471 2415 καὶ
490 2387 603 2423 ἄγγελοι
627 2388 766 2415 λείπονται
792 2388 915 2423 μείζονος
935 2389 964 2422 ἐξ

183 2433 281 2466 οὐσίας
302 2433 350 2460 καὶ
367 2433 514 2469 γνώσεως,
534 2434 571 2470 μὴ
595 2434 700 2468 γένοιτο
720 2435 767 2462 καὶ
785 2435 830 2461 τὸν
850 2435 913 2461 Υἰδν
932 2435 979 2461 τοῦ

184 2477 254 2507 Θεοῦ
266 2479 315 2507 καὶ
333 2479 364 2507 τὺ
379 2479 456 2514 ἅγιον
471 2475 583 2516 Πνεῦμα
601 2480 743 2507 λείπεσθαι
756 2481 762 2507 !
783 2481 980 2516 Πνευματικῶς

184 2524 216 2552 δὲ
228 2524 303 2560 λέγει
314 2525 330 2551 ὁ
342 2524 421 2559 Θεὸς,
433 2525 449 2552 6
460 2525 514 2552 ἀπὸ
532 2525 581 2552 τοῦ
598 2526 706 2561 Πατρὸς
723 2525 808 2552 ἐλθὼν
822 2526 890 2562 πρὸς
907 2527 980 2562 ἡμᾶς

185 2571 266 2606 ἅγιος
291 2570 394 2606 Λόγος·
423 2571 456 2598 οι
479 2571 508 2598 δὲ
532 2570 658 2607 ψυχικοί
681 2571 915 2607 ἀνακρίνονται,
944 2572 981 2608 μὴ

185 2616 313 2650 νοοῦντες
330 2617 378 2645 τοῦ
392 2617 459 2645 Υῑοῦ
476 2618 526 2654 τὴν
540 2617 647 2653 σοφίαν,
661 2618 763 2653 μᾶλλον
772 2619 801 2645 δὲ
816 2620 867 2654 τῆς
885 2619 982 2653 σοφίας

183 2663 235 2691 τω
248 2663 388 2704 λόγσνζ-
409 2664 556 2700 Ἐπερωτῶ
573 2673 615 2696 σε,
631 2665 678 2691 καὶ
695 2664 758 2699 λέγε
777 2673 837 2701 μοι·
857 2665 906 2696 Τίς
922 2666 981 2700 μεί-

147 2702 155 2710 ’
186 2709 242 2742 ζων
255 2702 338 2743 ἐστὶν,
349 2711 365 2737 ὁ
377 2710 483 2747 Πατὴρ,
495 2711 512 2747 ἢ
523 2712 541 2748 ἡ
555 2711 649 2747 ἡμέρα
660 2711 752 2747 ἐκείνη
765 2711 830 2747 περὶ
841 2708 874 2748 ἧς
886 2712 959 2746 λέγει
971 2722 977 2745 ;

999 2392 1019 2418 ι)
1071 2388 1155 2415 XVll.
1178 2390 1285 2417 Etenim
1304 2390 1368 2418 licet
1385 2391 1491 2426 angelis
1507 2391 1624 2425 amplior
1639 2391 1685 2418 illa
1707 2395 1828 2426 potestas

1033 2434 1104 2463 desit
1133 2443 1164 2462 ac
1187 2437 1315 2469 scientia,
1337 2437 1407 2463 absit
1431 2441 1460 2463 ut
1484 2437 1530 2464 Dei
1556 2436 1655 2463 Filium
1681 2437 1722 2464 vel
1742 2437 1828 2473 Spiri-

1035 2487 1091 2510 tum
1110 2488 1233 2511 sanctum
1251 2491 1346 2510 carere
1361 2483 1407 2510 illa
1419 2483 1607 2518 suspicemur!
1624 2483 1676 2511 Sed
1696 2484 1767 2512 Deus
1797 2492 1829 2512 ac

1037 2528 1169 2561 Verbum,
1190 2528 1263 2563 quod
1287 2528 1319 2555 ad
1339 2536 1391 2556 nos
1408 2536 1422 2555 a
1446 2528 1527 2556 Patre
1546 2529 1700 2562 descendit,
1719 2530 1829 2565 spirita-

1035 2575 1098 2602 liter
1124 2575 1267 2609 loquitur:
1286 2575 1421 2602 Am‘males
1442 2583 1505 2603 vero
1526 2575 1711 2608 diiudicantur
1732 2577 1754 2608 ',
1779 2576 1826 2611 qui

1037 2620 1097 2648 Filii
1127 2620 1372 2655 sapicntiani,sive
1396 2622 1487 2657 potius
1512 2621 1654 2657 sapientiae
1675 2629 1829 2649 sermonem

1035 2668 1146 2694 minime
1171 2667 1336 2702 percipiunt.
1363 2683 1397 2690 —-
1418 2668 1497 2700 Volo,
1523 2668 1646 2703 inquam,
1672 2667 1738 2694 illud
1765 2668 1831 2694 mihi

1034 2712 1111 2739 dicas
1129 2722 1134 2739 :
1153 2712 1218 2747 Quis
1234 2713 1343 2740 tandem
1360 2713 1448 2748 major
1466 2719 1518 2746 est,
1538 2713 1629 2746 Pater,
1650 2721 1684 2740 an
1709 2712 1769 2741 dies
1785 2713 1830 2741 illa

227 2786 334 2816 ‘Harc.
359 2797 423 2821 xm,
443 2789 488 2817 32.
530 2789 631 2817 ‘Joan.
650 2798 677 2824 ν,
698 2789 744 2817 26.
784 2789 885 2817 ’Joan.
905 2790 1031 2823 xvu,10.
1071 2790 1176 2818 ‘lCor.
1195 2799 1243 2822 xu,
1263 2791 1279 2818 8
1296 2799 1357 2826 sqq.
1397 2792 1505 2819 'lCor.
1526 2800 1555 2824 ιι,
1573 2793 1617 2824 Μ,
1636 2793 1678 2820 15.

224 2854 282 2891 (16)
297 2855 345 2891 Μή
359 2857 430 2884 ἐστι
447 2865 485 2885 τι.
505 2856 684 2885 Emendatam
703 2858 755 2885 line
774 2858 799 2884 in
814 2858 874 2884 loco
885 2866 898 2884 a
909 2858 983 2885 Tlio-

191 2891 278 2919 nasia
300 2893 439 2928 vulgatam
463 2891 587 2920 Latinam
615 2894 869 2929 ium'pretationem
894 2895 991 2929 deprc-

1041 2859 1203 2898 licndiinus;
1223 2859 1304 2886 liabet
1318 2859 1415 2898 enim”:
1437 2860 1508 2898 tVunt
1526 2862 1590 2888 insit
1615 2863 1716 2898 aliquid
1734 2864 1759 2890 in
1779 2864 1829 2890 1⁵η-

1042 2900 1091 2928 (re,
1115 2895 1235 2922 dubitant
1253 2895 1321 2928 quod
1341 2894 1405 2922 Filii
1425 2896 1558 2924 dit‘iniluti
1575 2898 1652 2925 desit.
