3950 6450
311 467 374 525 ω
1701 464 1887 521 ANCO

1998 466 2145 521 TUS.
3493 458 3571 514 ὅθ

307 578 373 640 ὡς
413 576 625 650 ἔπρεπε,
666 579 929 650 μειζόνως
960 581 1328 652 τετιμημένος
1355 582 1459 636 ὑπὸ
1494 583 1591 636 τοῦ
1640 586 1874 656 Πατρός.

1998 586 2128 642 :uim
2166 586 2251 641 vel
2283 585 2402 656 ipse
2431 589 2701 638 testatur:
2736 580 2902 635 Pater
2928 595 3070 633 meus
3102 580 3275 647 major
3300 592 3379 632 me
3416 572 3525 631 est“
3547 613 3563 629 .

312 669 445 724 Ἔδει
476 670 582 741 γὰρ
610 669 828 740 ἀληθῶς
862 670 953 727 τὸν
993 673 1219 743 γνήσιον
1248 673 1376 727 Υἱὸν
1413 676 1580 746 τιμᾷν
1606 675 1698 730 τὸν
1744 676 1872 730 ἴδιον

308 760 531 832 Πατέρα,
564 760 650 816 ἵνα
671 760 821 835 δείξῃ
854 763 954 834 τὴν
983 765 1336 836 γνησιότητα.
1366 765 1491 830 Πῶς
1526 767 1584 820 δὲ
1620 768 1683 821 σὺ
1724 768 1875 840 νομί-

309 854 410 918 ζεις
438 853 658 923 μείζονα
695 850 836 908 εἶναι
890 855 1094 923 αὑτόν;
1131 857 1498 931 περιφερείᾳ;
1552 858 1586 930 ἢ
1624 859 1803 931 ὅγκῳ;
1838 859 1872 930 ἢ

307 943 503 1014 χρόνψς
536 944 570 1015 ἢ
610 945 822 1018 καιρῷς
862 946 896 1017 ἦ
931 945 1058 1020 ἀξίᾳ
1084 963 1099 1014 ;
1129 947 1163 1020 ἢ
1199 948 1452 1020 θεότητις
1491 948 1525 1018 ἢ
1570 949 1873 1020 ἀθανασίας

307 1035 337 1104 ἡ
380 1035 670 1107 ἀῖδιότητι;
722 1037 815 1109 Μὴ
862 1038 1036 1093 ταῦτα
1087 1038 1296 1110 νόμιζε.
1340 1040 1505 1094 Οὐδὲν
1546 1039 1655 1112 γὰρ
1703 1042 1762 1094 ὲν
1806 1043 1875 1112 τῇ

309 1126 503 1198 θεότητι
549 1127 734 1183 ἄνισον
780 1129 1017 1203 ὑπάρχει
1059 1132 1195 1204 πρὸς
1232 1133 1322 1187 τὸν
1352 1133 1502 1191 Υἱόν.
1540 1133 1701 1188 Ἀλλὰ
1743 1133 1879 1187 καθὸ

307 1219 479 1292 Πατὴρ
497 1220 525 1274 6
553 1221 744 1294 Πατήρ
777 1224 915 1291 ἐστι,
940 1225 1033 1278 καὶ
1073 1224 1208 1279 καθὸ
1229 1225 1357 1290 Υἱὸς
1374 1226 1598 1297 γνήσιος
1622 1226 1760 1297 τιμᾷ
1786 1224 1878 1279 τὸν

307 1310 485 1365 ἑαυτοῦ
531 1314 752 1385 Πατέρα
776 1330 790 1345 ·
820 1313 943 1368 οὔτε
984 1315 1094 1388 γὰρ
1145 1318 1292 1388 ὄγκῳ
1341 1317 1573 1390 φέρεται
1604 1316 1666 1372 τὸ
1701 1314 1875 1382 Θεῖον,

307 1399 385 1454 ἵνα
426 1401 727 1474 ὑπέρογκος
759 1401 853 1458 τοῦ
912 1405 1044 1459 Υἱοῦ
1167 1408 1195 1460 6
1239 1408 1431 1479 Πατήρ
1456 1423 1469 1436 ·
1530 1406 1654 1461 οὔτε
1701 1406 1880 1478 χρόνῳ

307 1494 589 1548 ὑποπίπτει
614 1534 631 1560 ,
682 1495 769 1549 ἵνα
813 1496 1149 1571 ὑπέρχρονος
1194 1498 1223 1551 6
1269 1498 1462 1569 Πατὴρ
1505 1498 1734 1570 γένηται
1782 1495 1878 1551 τοῦ

306 1584 459 1638 Υἱοῦ·
507 1575 635 1639 οὐδὶ
702 1584 781 1657 τῷ
824 1586 949 1657 ὕψει
1000 1588 1242 1659 μερικῶς
1281 1588 1539 1643 τάττεται
1588 1590 1617 1643 6
1665 1589 1876 1660 Πατήρ.

307 1679 478 1733 Πάντα
498 1680 609 1751 γὰρ
633 1681 878 1752 περιέχει
900 1681 1086 1746 αὐτὸς,
1106 1683 1197 1736 ὑπ’
1219 1681 1433 1746 οὐδενὸς
1455 1680 1845 1753 περιεχόμενος
1864 1698 1876 1711 ·

307 1772 385 1824 ἵνα
427 1772 456 1825 6
493 1772 623 1835 Υἱὸς
669 1771 1064 1845 ὑπερϐεϐηκὼς
1103 1776 1296 1827 νοοῖτο.
1334 1772 1615 1829 Ἐκάθισε
1652 1772 1763 1845 γὰρ
1812 1773 1883 1827 ἐν

304 1863 460 1932 δεξιᾷ
502 1865 613 1920 τοῦ
644 1866 907 1936 Πατρός,
957 1867 1053 1919 καὶ
1096 1867 1199 1920 οὐκ
1230 1862 1405 1931 εἶπεν,
1457 1864 1763 1935 Εἰσῆλθεν
1793 1867 1883 1932 εἰς

308 1956 406 2010 τὸν
431 1958 683 2027 Πατέρα,
747 1957 837 2021 ἵνα
875 1957 1160 2014 Σαὸἐλλιον
1204 1958 1495 2031 παραλύσει
1536 1958 1631 2013 καὶ
1666 1959 1882 2031 ’Ἀρειον

308 2047 506 2103 καθέλοι
535 2050 640 2118 τῆς
670 2049 837 2104 αὐτοῦ
874 2050 1246 2123 βλασφημίας.

1984 678 2472 734 Verumcnimvero
2501 673 2676 730 Filius
2706 673 2774 729 ad
2800 671 3184 727 honorandum
3220 668 3434 723 Patrem
3460 666 3566 722 ista

1982 771 2145 834 dixit,
2179 769 2237 825 id
2277 768 2426 840 quod
2466 769 2663 823 merito
2701 765 2957 829 faciebat,
2991 771 3180 833 utpote
3215 761 3479 830 majorem
3509 766 3567 813 et

1984 865 2100 934 ipse
2126 864 2183 919 in
2214 863 2435 919 modum
2463 862 2770 917 honoratus
2800 873 2830 911 a
2864 857 3047 912 Patre.
3081 853 3383 926 Oportebat
3413 852 3564 907 enim

1982 957 2175 1025 utique
2217 969 2539 1028 germanum
2590 952 2786 1009 Filium
2835 950 3056 1024 proprio
3109 947 3257 1003 Patri
3300 946 3566 1001 honorem

1984 1046 2250 1109 tribuere,
2294 1053 2355 1098 ut
2395 1057 2720 1113 germanum
2763 1057 2890 1097 sese
2944 1038 3273 1096 declararet.
3306 1033 3391 1089 Tu
3439 1047 3569 1088 vero

1984 1152 2093 1208 qua
2123 1136 2344 1192 tandem
2378 1137 2436 1192 in
2464 1150 2526 1192 re
2552 1135 2817 1205 majorem
2849 1133 3005 1188 illum
3032 1144 3160 1187 esse
3199 1125 3570 1200 pronuntias?

1985 1228 2230 1283 ambitu?
2260 1242 2330 1282 an
2372 1227 2551 1295 mole?
2578 1241 2649 1280 an
2681 1226 2967 1295 tempore?
3006 1237 3076 1277 an
3107 1218 3470 1291 tempestate?
3499 1232 3570 1273 an

1985 1316 2287 1389 dignitate?
2314 1331 2383 1371 an
2413 1316 2741 1373 divinitate?
2765 1330 2832 1371 an
2857 1311 3397 1370 immortalitate‘lan
3422 1317 3579 1364 mter-

1986 1410 2200 1466 nitate?
2222 1407 2367 1464 Cave
2395 1406 2501 1463 ista
2536 1407 2633 1463 tibi
2665 1405 3025 1477 persuadeas.
3052 1402 3201 1459 Nihil
3222 1402 3372 1458 enim
3402 1406 3489 1455 est
3517 1399 3572 1453 in

1986 1500 2276 1558 divinitate
2329 1516 2443 1557 non
2480 1498 2691 1570 aequale
2723 1496 2884 1553 Filio.
2917 1495 3027 1552 Sed
3068 1503 3342 1566 quatenus
3386 1491 3573 1559 Pater,

1987 1588 2150 1646 Pater
2175 1599 2287 1659 est;
2315 1599 2371 1647 et
2398 1599 2671 1661 quatenus
2692 1589 2866 1644 Filius
2896 1600 3191 1658 germanus
3216 1590 3321 1648 est,
3354 1581 3574 1637 Patrem

1988 1683 2246 1737 honorat.
2294 1680 2431 1737 Nam
2478 1696 2662 1752 neque
2695 1680 2839 1736 mole
2875 1685 3097 1735 constat
3134 1676 3299 1739 Deus,
3348 1681 3409 1728 ut
3451 1672 3577 1742 ejus

1990 1774 2356 1845 amplitudine
2400 1773 2605 1829 Filium
2661 1777 2884 1843 superet
2920 1769 3120 1837 Pater;
3168 1782 3347 1838 neque
3387 1766 3576 1821 subest

1989 1867 2248 1936 tempori,
2282 1876 2342 1921 ut
2364 1863 2507 1921 Filio
2533 1873 2783 1937 tempore
2802 1864 2880 1921 sit
2905 1863 3154 1919 anterior
3178 1861 3374 1927 Pater;
3399 1874 3577 1930 neque

1990 1958 2045 2012 in
2081 1958 2302 2014 sublimi
2336 1958 2576 2029 quodam
2602 1958 2726 2013 loco
2756 1971 2824 2013 ex
2848 1964 3006 2026 parte
3038 1953 3359 2010 continetur
3387 1949 3570 2005 Pater.

1896 2041 1965 2109 ..Β
1998 2051 2285 2120 Siquidem
2331 2050 2516 2106 omnia
2552 2050 2670 2120 ipse
2715 2048 3102 2119 complectitur
3144 2061 3175 2101 a
3222 2044 3379 2101 nullo
3425 2057 3579 2098 com-

309 2142 619 2210 prehensus,
667 2154 727 2199 ut
774 2143 917 2199 infra
961 2144 1269 2201 consistere
1319 2142 1520 2199 Filium
1571 2142 1872 2216 intelligas.
1915 2141 2068 2198 Sedit
2091 2145 2238 2200 enim
2261 2142 2331 2197 ad
2356 2142 2632 2198 dexteram
2655 2140 2863 2196 Patris.
2912 2138 3032 2196 Non
3076 2138 3238 2203 dixit,
3296 2134 3577 2206 Ingressus

305 2244 375 2287 est
404 2234 455 2289 in
485 2234 729 2302 Patrem,
766 2244 826 2290 ut
858 2235 1154 2292 Sabellium
1184 2236 1459 2294 refelleret
1499 2248 1554 2295 et
1582 2237 1698 2294 Arii
1729 2238 2126 2309 blasphemiam
2160 2245 2451 2295 everteret.

372 2324 471 2381 ιη’.
518 2327 623 2381 Διὰ
654 2324 816 2382 τοῦτο
852 2329 928 2401 μὴ
970 2312 1131 2400 ζήτει
1160 2327 1231 2383 τὰ
1279 2330 1355 2400 μὴ
1406 2328 1717 2402 ζητούμενα
1747 2328 1884 2397 (IS),

307 2416 432 2471 ἀλλὰ
490 2419 633 2490 τίμα
691 2419 783 2472 τὸν
834 2419 1003 2484 Υἱὺν,
1055 2420 1144 2473 ἴνα
1198 2421 1291 2474 τὸν
1348 2420 1572 2491 Πατέρα
1622 2420 1884 2492 τιμήσῃς.

319 2508 539 2564 Ἀκούων
572 2509 634 2563 δὲ
662 2509 794 2582 περὶ
823 2510 917 2564 τοῦ
970 2510 1105 2565 Θεοῦ
1126 2527 1140 2543 ο
1181 2510 1394 2578 οὐδεὶς
1441 2511 1688 2582 ἀγαθὸς,
1722 2516 1773 2568 ει
1798 2512 1885 2582 μὴ

307 2595 385 2665 εἷς
409 2603 440 2655 d
468 2600 639 2667 Θεὸς,
670 2601 745 2673 μὴ
774 2600 1055 2674 τολμήσῃς
1088 2603 1179 2658 διὰ
1220 2604 1281 2657 τὸ
1312 2604 1403 2657 τὸν
1448 2604 1577 2657 Υἱὸν
1617 2604 1891 2676 ὑπερόαλ-

306 2691 490 2758 λόντως
509 2696 682 2765 τιμᾷν
706 2694 798 2748 τὸν
831 2695 1078 2767 Πατέρα,
1112 2697 1213 2750 οὐκ
1255 2696 1456 2765 ἀγαθὸν
1491 2697 1767 2768 ἀποφῆναι
1791 2697 1885 2751 τὸν

308 2784 443 2842 Υἱόν.
487 2784 629 2840 Οὔτε
668 2785 777 2857 γὰρ
838 2786 1170 2860 ἀρνούμενος
1223 2787 1417 2842 ἑαυτὸν
1460 2788 1667 2858 ἀγαθὸν
1711 2783 1884 2855 εἶναι,

306 2875 440 2945 λέγει
467 2877 556 2932 τὸν
606 2876 830 2950 Πατέρα
874 2879 1077 2947 ἀγαθὸν
1103 2920 1118 2941 ,
1152 2879 1289 2933 ἀλλὰ
1333 2879 1574 2951 τοσούτῳ
1617 2878 1886 2950 μειζόνως

307 2968 483 3023 ἑαυτὸν
514 2968 899 3024 ἀποκαλύπτει
931 2971 947 3001 ¹
978 2972 1037 3025 ὲν
1069 2971 1146 3043 τῷ
1173 2972 1274 3043 τὴν
1313 2971 1480 3043 τιμὴν
1510 2972 1605 3025 ἐπὶ
1632 2971 1723 3025 τὸν
1758 2970 1889 3026 ἴδιον

307 3059 458 3114 αὑτοῦ
489 3060 735 3134 Πατέρα,
764 3062 850 3115 ἵνα
895 3062 1007 3117 ἀπὺ
1042 3062 1144 3132 τῆς
1172 3062 1510 3133 ἁγαθότητος
1546 3061 1641 3115 τοῦ
1677 3062 1891 3134 [ἰατρὸς

307 3148 507 3222 γνωσθῇ
543 3152 578 3221 ἡ
616 3152 818 3218 γνῶσις
845 3151 946 3222 τῆς
974 3150 1072 3205 τοῦ
1107 3151 1234 3206 Υἰοῧ
1256 3152 1351 3206 τοῦ
1381 3153 1518 3208 Θεοῦ
1548 3152 1887 3223 ἁγαθὸτητος

2062 2327 2252 2384 XVIII.
2292 2328 2663 2395 Quamobrem
2707 2340 2830 2396 qua:
2859 2325 3088 2379 minime
3115 2323 3289 2394 quaeri
3335 2329 3574 2393 oportet,

1990 2436 2061 2477 ne
2092 2420 2345 2491 quaerito,
2385 2420 2482 2477 sed
2526 2420 2737 2474 honora
2786 2416 3008 2483 Filium,
3044 2424 3105 2471 ut
3146 2425 3201 2472 et
3227 2415 3447 2470 Patrem
3482 2417 3579 2472 ho-

1991 2526 2180 2568 nores.
2228 2510 2370 2566 Cum
2412 2517 2598 2566 autem
2655 2511 2724 2565 de
2768 2508 2881 2564 Deo
2935 2508 3143 2564 dictum
3190 2507 3326 2563 illud
3364 2506 3523 2563 audis
3561 2525 3573 2561 :

1994 2603 2166 2659 Nemo
2187 2603 2376 2668 bonus,
2408 2603 2515 2658 nisi
2538 2602 2684 2658 solus
2710 2600 2852 2656 Deus
2878 2600 2922 2665 ³,
2951 2615 3062 2656 non
3086 2600 3212 2656 ideo
3237 2598 3383 2671 quod
3405 2597 3576 2654 Filius

1994 2695 2214 2751 Patrem
2265 2696 2599 2752 excellenter
2642 2695 2901 2761 honoret,
2953 2693 3155 2748 Filium
3209 2706 3321 2747 non
3372 2692 3577 2747 bonum

1990 2803 2119 2845 esse
2157 2790 2520 2859 pronuntiare
2554 2786 2782 2843 audeas.
2813 2784 3002 2857 Neque
3027 2785 3174 2840 enim
3208 2797 3333 2838 cum
3361 2781 3579 2838 Patrem

1993 2882 2200 2938 bonum
2230 2896 2355 2937 esse
2385 2880 2540 2945 dicit,
2576 2880 2781 2935 bonum
2811 2893 2938 2935 esse
2974 2877 3332 2947 semetipsum
3364 2881 3531 2946 negat
3561 2892 3576 2928 :

1998 2976 2113 3031 imo
2159 2989 2293 3030 vero
2336 2982 2492 3028 tanto
2533 2987 2596 3029 se
2641 2973 2923 3028 meliorem
2976 2984 3099 3026 esse
3150 2967 3427 3032 declarat,
3471 2979 3581 3037 quo

1997 3069 2261 3123 honorem
2292 3065 2445 3120 Patri
2476 3079 2579 3120 suo
2606 3062 2808 3129 defert,
2850 3071 2914 3117 ut
2934 3078 3002 3118 ex
3039 3061 3222 3117 Patris
3250 3059 3496 3115 bonitate
3512 3057 3581 3112 de

1995 3157 2119 3213 Filii
2166 3157 2259 3213 Dei
2302 3156 2550 3212 bonitate
2592 3162 2832 3218 constet,
2874 3152 2967 3223 qui
3015 3167 3047 3207 a
3093 3153 3241 3207 bono
3280 3148 3442 3207 Patre
3473 3146 3582 3203 Deo

308 3240 407 3295 ἀπὸ
436 3242 649 3311 ἀγαθοῦ
690 3243 905 3316 Πατρὸς
936 3243 1071 3299 Θεοῦ
1103 3246 1526 3317 γεγεννημένου.
1569 3245 1749 3316 Πολλὴ
1780 3245 1890 3316 γὰρ

1998 3251 2216 3323 genitus
2269 3257 2375 3307 est.
2437 3248 2653 3319 Quippe
2698 3259 2918 3302 summa
2966 3253 3053 3300 est
3100 3243 3307 3315 ingenii
3359 3242 3579 3297 illorum

309 3325 553 3403 ἁδράνεια
596 3333 706 3388 τῶν
757 3333 1084 3406 τολμώντων
1122 3335 1303 3405 λέγειν
1358 3336 1487 3408 περὶ
1523 3335 1618 3390 τοῦ
1660 3335 1793 3390 Υἱοῦ
1832 3336 1891 3389 τὸ

309 3422 552 3491 τοιοῦτον,
583 3426 689 3481 κᾶν
713 3444 774 3480 τε
800 3426 975 3491 εἴποις
994 3443 1009 3458 ’
1044 3422 1150 3494 Εἷς
1186 3428 1360 3482 ἐστιν
1393 3427 1617 3495 ἀγαθὸς
1661 3430 1695 3482 ὀ
1723 3427 1889 3493 Θεός.

321 3514 444 3568 ’ἰδοὺ
466 3516 575 3590 γὰρ
624 3518 681 3571 ἐν
709 3516 923 3583 πολλοῖς
966 3518 1206 3574 διδάσκει
1237 3521 1387 3592 ἡμᾶς
1424 3522 1458 3592 ἡ
1506 3519 1628 3573 θεία
1675 3519 1892 3592 Γραφὴ,

308 3606 524 3675 ἀγαθὸν
576 3609 824 3664 καλοῦσα
854 3610 1037 3665 παῖδα
1058 3612 1306 3682 πτωχὸν
1354 3612 1453 3666 καὶ
1505 3613 1730 3682 σοφόν-ο
1776 3612 1892 3677 καὶ,

321 3698 542 3768 Ἀγαθός
570 3700 687 3773 (19)
716 3701 1005 3771 Σαμουὴλ
1028 3703 1181 3771 μετὰ
1209 3701 1358 3757 Θεοῦ
1386 3702 1485 3756 καὶ
1531 3701 1891 3771 ἀνθρώπων

316 3793 421 3856 καὶ,
457 3792 698 3864 Ἀγαθός
724 3788 803 3863 ἦν
830 3793 1032 3847 Σαοὺλ
1058 3793 1191 3860 υἱὸς
1222 3792 1330 3860 Κὶς
1355 3793 1423 3848 ἐκ
1454 3792 1659 3863 φυλῆς
1689 3798 1897 3849 Βενιαο

310 3882 423 3951 μιν,
454 3885 841 3953 ὑψηλότερος
877 3884 1107 3951 παντὸς
1148 3886 1390 3954 Ἰσραὴλ
1415 3887 1763 3957 ὑπερωμίαν
1796 3887 1895 3941 καὶ

310 3975 532 4033 ἐπάνω·
573 3978 694 4044 καὶ,
732 3978 987 4048 Ἀγαθὸν
1019 3980 1381 4048 πορεύεσθαι
1422 3982 1512 4046 εὶς
1543 3976 1714 4035 οἷκον
1751 3979 1897 4035 πέν-

312 4073 476 4136 θους,
517 4070 557 4139 ἢ
618 4072 709 4137 εὶς
746 4066 916 4125 οἷκον
964 4071 1188 4127 πότον
1221 4073 1336 4137 καὶ,
1364 4071 1657 4138 ’Ἀνοιξον,
1699 4074 1897 4141 Κύριε,

312 4159 413 4214 τὸν
432 4162 719 4232 οἰιρανὸν.
746 4163 853 4216 τὸν
876 4163 1189 4233 θησαυρόν
1208 4178 1327 4219 σου
1358 4163 1466 4217 τὸν
1491 4164 1721 4234 ἀγαθόν
1738 4180 1752 4193 ’
1781 4163 1896 4229 καὶ,

324 4251 558 4323 Ἀγαθός
590 4244 777 4323 λόγος
807 4253 961 4322 ὑπὲρ
1002 4252 1157 4325 δόμα
1179 4273 1191 4284 ·
1228 4256 1343 4321 καὶ,
1381 4255 1631 4327 Ἀγαθός
1674 4257 1706 4308 ό
1740 4254 1900 4308 κύων

313 4343 344 4396 ὁ
371 4340 479 4404 ὧν
508 4343 666 4414 ὑπὲρ
694 4344 805 4398 τὸν
838 4343 1072 4400 λέοντα
1095 4345 1202 4399 τὸν
1227 4349 1449 4416 νεκρόν
1468 4364 1481 4377 ·
1514 4346 1630 4413 καὶ,
1663 4345 1903 4416 Ἀγαθὸν

312 4429 417 4487 δύο
454 4434 609 4504 ὑπὲρ
656 4435 766 4489 τὸν
807 4433 946 4489 ἕνα·
982 4434 1106 4502 καὶ,
1161 4436 1380 4507 Ἀγαθὴ
1426 4436 1656 4507 ἐσχάτη
1705 4437 1904 4507 λόγων

312 4524 458 4596 ὑπὲρ
485 4524 689 4597 ἀρχήν
712 4542 725 4557 ο
756 4527 871 4592 καὶ,
908 4528 979 4581 El
1013 4526 1185 4598 ὑμεῖς
1226 4525 1483 4598 πονηροὶ
1508 4530 1682 4594 ὄντες
1702 4527 1904 4583 οἴδατε

1992 3341 2367 3404 imbecillitas,
2417 3340 2511 3411 qui
2551 3337 2825 3409 ejusmodi
2858 3335 3124 3409 quiddam
3162 3336 3370 3391 audent
3415 3333 3578 3405 protl-

1988 3435 2097 3491 ‘teri
2140 3436 2209 3490 de
2256 3431 2422 3497 Filio,
2468 3429 2691 3486 tametsi
2742 3429 2797 3483 in
2846 3426 3089 3485 medium
3139 3425 3274 3481 illud
3332 3424 3578 3481 aﬂ‘eras:

1999 3526 2147 3584 Unus
2172 3536 2251 3583 est
2280 3526 2447 3581 bonus
2476 3525 2640 3579 Deus.
2699 3521 2838 3579 Nam
2880 3521 3158 3594 plerisque
3184 3520 3240 3576 in
3271 3520 3408 3577 locis
3435 3518 3587 3576 Scri-

1994 3628 2155 3694 ptura
2186 3634 2289 3675 nos
2315 3618 2654 3674 contrarium
2684 3615 2880 3674 edocet
2907 3634 2922 3672 :
2962 3615 3202 3684 primum
3231 3628 3359 3669 cum
3393 3613 3585 3669 bonum

1996 3712 2235 3783 appellat
2276 3710 2578 3766 mendicum
2625 3717 2677 3764 st
2719 3709 3014 3778 sapientem
3053 3721 3277 3777 puerum
3305 3706 3349 3759 ⁸.
3392 3705 3526 3761 ltem
3567 3722 3582 3759 :

1998 3803 2216 3859 Samuel
2238 3803 2402 3858 bonus
2417 3811 2531 3857 erat
2556 3818 2674 3856 cum
2702 3800 2807 3855 Deo
2822 3810 2869 3855 et
2886 3799 3242 3854 hominibus”.
3267 3798 3366 3853 Et:
3400 3798 3579 3852 Bonus

1996 3909 2106 3955 erat
2153 3897 2287 3953 Saul
2324 3896 2470 3966 ﬁlius
2517 3894 2609 3951 Cis
2634 3911 2661 3949 e
2714 3894 2854 3947 tribu
2894 3891 3197 3962 Benjamin,
3224 3891 3389 3945 altior
3419 3891 3588 3945 omni-

2001 3990 2095 4044 bus
2151 3986 2419 4042 Israelitis
2447 3985 2512 4040 ab
2542 3985 2776 4040 humeris
2806 3995 2856 4039 et
2885 4000 3051 4053 supra
3077 3984 3119 4038 ⁸.
3171 3984 3308 4038 Item
3337 4001 3351 4038 :
3380 3981 3589 4037 Bonum

2000 4092 2078 4136 est
2107 4083 2185 4136 ire
2217 4079 2285 4134 ad
2305 4079 2521 4135 domum
2545 4078 2742 4144 luctus,
2776 4094 2937 4149 quam
2961 4076 3268 4132 adbdomum
3296 4076 3519 4130 conuiuii
3546 4074 3588 4125 '.

2001 4171 2181 4228 Tum:
2219 4172 2400 4239 Aperi,
2436 4170 2681 4234 Domine,
2719 4171 2931 4237 cazlum,
2978 4169 3284 4224 thesaurum
3325 4177 3475 4221 tuum
3501 4165 3591 4218 bo-
3652 4229 3665 4245 ’

2002 4279 2127 4317 num
2156 4262 2198 4315 ⁸.
2238 4261 2370 4316 Item
2404 4280 2419 4316 :
2463 4261 2647 4316 Bonus
2682 4277 2856 4315 sermo
2913 4276 3019 4330 pra
3075 4274 3308 4313 munere.
3364 4257 3590 4313 Necnon

2002 4363 2057 4411 et
2087 4353 2223 4409 illud
2253 4372 2267 4408 :
2304 4352 2501 4407 Melior
2532 4361 2611 4407 est
2649 4352 2799 4406 canis
2828 4352 2975 4407 vivus
3018 4350 3166 4406 leone
3190 4360 3403 4404 mortuo
3429 4349 3473 4404 '.
3504 4347 3590 4412 Et,

2004 4442 2200 4500 Melius
2226 4450 2305 4497 est
2324 4442 2458 4497 duos
2496 4458 2628 4508 esse,
2658 4456 2821 4512 quam
2852 4457 3017 4496 unum
3048 4441 3114 4496 ιθ.
3151 4439 3236 4507 Et,
3271 4438 3462 4495 Melior
3498 4451 3577 4495 est

2007 4537 2130 4607 ﬁnis
2159 4536 2419 4590 sermonis
2469 4535 2731 4603 principio
2762 4532 2983 4590 “.ltem
3016 4552 3031 4589 :
3073 4531 3136 4589 Si
3165 4550 3254 4588 eos
3292 4533 3424 4588 mali
3463 4549 3585 4587 cum

312 4620 533 4690 δόματα
573 4618 768 4689 ἀγαθὰ
808 4617 1041 4676 διδόναι
1090 4619 1218 4687 τοῖς
1249 4621 1488 4689 τέκνοις
1532 4620 1723 4694 ὑμῶν,
1772 4622 1890 4693 περὶ

2002 4625 2143 4689 sitis,
2163 4623 2329 4678 nostis
2363 4621 2503 4677 bona
2531 4620 2642 4693 24
2674 4620 2810 4676 data
2836 4621 2968 4676 dare
2993 4620 3125 4693 ﬁliis
3154 4621 3341 4676 uestris
3375 4622 3418 4652 “
3441 4639 3461 4680 :
3492 4619 3593 4677 ubi

383 4739 401 4769 ¹
430 4737 594 4796 Deest
617 4737 865 4792 verbum.
943 4740 964 4771 ⁸
985 4736 1147 4793 Joan.
1176 4754 1290 4804 xw,
1320 4738 1412 4794 28.

1503 4741 1524 4773 ³
1547 4740 1678 4794 Luc.
1711 4755 1867 4803 XVIII,

2066 4740 2321 4798 ‘Eccles.
2361 4754 2437 4803 Iv,
2470 4738 2558 4793 l5.
2637 4736 2705 4791 Ἰ
2734 4736 2870 4809 Reg.
2916 4753 2980 4809 II,
3007 4737 3098 4793 26.
3167 4737 3189 4769 ⁸
3218 4735 3236 4790 Ι
3268 4734 3405 4807 Reg.
3430 4751 3507 4801 Is,
3533 4736 3588 4789 ἢ.
3668 4742 3680 4753 ’

313 4809 527 4865 'Ecele.
560 4824 659 4874 VII,
686 4807 741 4864 ὅ.
815 4808 836 4839 ⁸
858 4806 1023 4867 Num.
1055 4826 1147 4876 xx,
1177 4809 1229 4868 6.
1306 4810 1326 4841 '
1351 4810 1534 4867 Eccle.
1560 4826 1639 4877 Ix,
1668 4810 1723 4866 4.
1800 4812 1843 4843 ³ο
1868 4809 2046 4867 Eccle.
2087 4829 2159 4877 Iv,
2192 4811 2245 4867 9.
2323 4810 2366 4842 η
2391 4809 2572 4866 Eccle.
2596 4823 2695 4877 vn,
2730 4810 2792 4866 9.
2824 4806 2875 4841 ῖί
2908 4808 3103 4865 Matth.
3132 4823 3226 4873 νη,
3248 4809 3327 4864 II.

317 4991 572 5049 Hebraeos
601 4990 883 5064 Clu-istum
935 4990 1226 5049 Dominum
1270 4994 1341 5049 ad
1389 4994 1616 5061 angelos
1673 5009 1899 5064 compa-

317 5066 602 5135 rans,__ait,
646 5061 897 5135 T09016st
934 5064 1213 5135 κρείττων
1232 5065 1523 5135 γενόμενος
1570 5065 1678 5120 τῶν
1717 5061 1900 5134 ὰγῩέ-

318 5132 665 5258 λων.(ἶζθςιιιιι
695 5132 765 5187 de
790 5132 879 5189 his
911 5132 1045 5190 satis
1074 5150 1173 5205 pro
1202 5132 1439 5191 instituti
1475 5137 1653 5192 nostri
1682 5132 1897 5191 ratione

320 5219 424 5258 Iam
496 5216 717 5258 ιχιηιιιδ.

316 5219 424 5274 jam
454 5216 717 5274 «munus.

386 5274 499 5346 (18)
538 5273 638 5341 Μὴ
668 5270 823 5339 ζήτει
854 5274 927 5327 τὰ
948 5274 1037 5345 μὴ
1081 5274 1434 5345 ζητούμενα.
1469 5274 1763 5347 Epiplianii
1804 5274 1904 5330 do-

321 5350 823 5425 cumentttnusa-ne
875 5347 1410 5425 opportunissimum
1472 5346 1594 5425 pr'e:
1641 5346 1902 5403 omnibus

324 5413 700 5496 sgibtilissiinis
728 5413 839 5496 illis
878 5413 1187 5496 rationibus
1219 5432 1360 5496 quas
1417 5413 1705 5496 versabant
1738 5433 1903 5496 supe-

327 5483 458 5565 εἰς)τί
499 5485 557 5537 in
585 5482 1174 5565 adnotationmAtque
1199 5482 1516 5565 utiIIam__in_
1548 5488 1717 5565 rebus
1748 5482 1902 5565 theo-

330 5554 485 5634 logia:
513 5555 694 5634 sacris
719 5554 1352 5634 simplicitate—contenti
1384 5557 1519 5613 illud
1552 5558 1902 5634 impleverim

327 5622 603 5705 doctores,
638 5622 848 5705 Maiora
867 5635 920 5705 te,
940 5642 1003 5682 ne
1033 5629 1343 5705 quwsieris;
1374 5637 1538 5705 atque
1567 5622 1730 5705 alieni
1761 5628 1900 5705 fuis—

331 5702 449 5775 sent
475 5695 546 5748 ab
584 5695 789 5775 inutili,
833 5704 928 5750 aut
958 5695 1066 5775 non
1111 5699 1279 5753 semel
1321 5695 1637 5775 perniciosa
1671 5700 1903 5775 investit

366 5764 548 5846 atioue
588 5764 698 5846 illa,
742 5780 849 5834 qua
887 5768 1151 5846 qu_a:rit_ur
1178 5783 1279 5846 cur
1321 5764 1462 5846 [lens
1498 5769 1601 5823 hoc
1645 5769 1727 5822 vel
1770 5768 1903 5824 illud

357 5836 545 5910 ‘cccrit,
599 5843 688 5910 au_t
733 5836 1011 5910 quomodo
1061 5837 1270 5894 fecerit.
1326 5838 1441 5894 lleu
1491 5847 1699 5910 quaqu
1767 5854 1905 5909 pace

338 5900 609 5959 frueretur
641 5900 924 5962 Ecclesia!
969 5923 1131 5976 quam
1183 5924 1366 5977 paucae
1396 5900 1583 5967 essc'nt
1626 5900 1903 5967 lImI'cscs!

2003 5006 2169 5065 quam
2186 4987 2599 5065 contractiores
2619 4985 2907 5065 theologia}
2928 4989 3197 5065 tractatus
3216 4983 3230 5037 l
3255 4982 3591 5065 qualesheu,

2004 5054 2309 5134 quantique
2346 5057 2653 5134 Christiani
2691 5054 2998 5134 _esseIIIu_s__l
3040 5060 3108 5109 At
3155 5054 3489 5134 in_s_atiabili_s
3537 5056 3593 5110 in

2005 5123 2248 5190 liumana
2284 5136 2467 5186 mente
2490 5125 2730 5198 {sciendi
2783 5123 3098 5198 cupiditas,
3153 5126 3350 5182 odiosa
3400 5125 3593 5198 adver-

2007 5206 2281 5262 sariorum
2306 5197 2605 5255 morositas
2627 5203 2682 5251 et
2720 5196 3035 5266 improbum
3093 5196 3476 5266 oppugnandae
3506 5210 3594 5249 ve-

2008 5275 2191 5331 ritatis
2219 5272 2487 5333 studium,
2515 5268 2904 5324 necessitatem
2932 5266 3094 5323 nobis
3119 5273 3380 5320 crearunt
3401 5279 3596 5334 quam-

2009 5346 2158 5411 dam,
2192 5342 2404 5413 litigiis,
2438 5338 2696 5413 salebris,
2728 5335 3326 5413 diﬂicillimisncxib‘us
3357 5335 3598 5413 cautim:

2007 5404 2250 5488 plicaudi
2280 5404 2610 5488 "doctrinam
2634 5448 2648 5471 ,
2671 5424 2821 5488 qua;
2865 5407 3195 5488 castissimae
3247 5404 3485 5475 Virginis
3528 5406 3597 5460 ad

2007 5477 2204 5551 instar,
2237 5481 2509 5537 modestia
2545 5484 2621 5551 et,
2640 5477 3000 5551 simplicitate
3028 5477 3222 5551 lubens
3252 5490 3348 5546 per
3378 5491 3437 5530 se
3467 5491 3600 5551 gau-

2006 5546 2526 5614 deret.'Caveamus
2553 5549 2723 5620 igitur
2750 5546 2821 5605 ite
2856 5547 3003 5618 quod
3047 5546 3241 5600 vitium
3296 5548 3600 5601 necessitas

2007 5628 2216 5688 intulit,
2248 5623 2460 5693 absque
2494 5617 2832 5676 necessitate
2860 5617 2953 5672 aut
2984 5630 3305 5686 sequamur,
3341 5624 3440 5671 aut
3472 5631 3598 5687 pro-

2010 5701 2296 5754 vehaInUS.
3393 5696 3397 5699 “

2084 5764 2478 5840 (l9)_\‘erb_um
2519 5755 2587 5831 ἦν
2613 5773 2680 5840 eo
2713 5758 2771 5840 in
2822 5757 2939 5840 loco
2971 5754 3288 5840 desiderari
3318 5770 3443 5840 cum
3482 5754 3597 5840 egi-

2017 5822 2411 5894 tio‘nc'Petavii
2444 5822 2670 5886 monent
2718 5836 2773 5883 et
2814 5826 3199 5899 probatissima
3246 5826 3460 5885 Veteris
3494 5822 3606 5881 'I'c.

2018 5908 2276 5967 stamcnti
2302 5903 2548 5972 exempla
2584 5900 2795 5955 Graeca.
