3950 6412
366 426 429 480 51
1782 433 1836 490 S.
1882 435 1945 490 ΕΙ

2050 438 2220 493 aANtt
3562 438 3633 497 52

366 548 433 604 de
476 548 621 618 pisce
652 557 705 604 et
747 564 886 620 pane
920 550 1184 621 loquitur.
1229 552 1362 620 Quae
1393 570 1517 610 cum
1557 557 1627 613 ita
1660 558 1791 623 sint,
1825 578 1945 631 quae

2051 561 2232 632 ἰχθύος
2267 562 2358 614 καὶ
2404 560 2571 631 ἄρτου
2612 560 2805 628 λέγων.
2863 560 2991 625 Πῶς
3050 560 3255 633 τολμᾷν
3304 560 3635 616 διανοεῖσθαι

364 648 517 693 tanta
560 641 651 694 illa
688 650 872 697 vestra
910 653 994 699 est
1026 644 1281 706 audacia.
1316 656 1374 700 ιιι
1406 646 1606 703 Filium
1644 651 1942 707 bonitatem

362 733 638 803 almegare
663 750 843 801 suam,
871 751 980 791 non
1005 752 1105 808 pro
1126 739 1413 795 excellenti
1439 757 1540 796 suo
1564 742 1743 799 Patris
1770 744 1943 799 bono.

362 824 519 877 randi
552 825 738 879 studio
767 827 1101 882 mentionem
1134 828 1397 885 bonitatis
1417 829 1566 886 illius
1597 832 1792 887 fecisse
1825 840 1943 886 sta-

361 914 573 970 tuatis?
607 915 744 970 Eum
776 917 979 987 quippe
1024 918 1118 989 qui
1161 935 1220 975 se
1254 919 1341 975 his
1381 922 1562 977 verbis
1611 923 1941 993 appellabat,

362 1006 666 1077 I’rteceptor
691 1010 830 1064 bone
863 1011 905 1074 ¹,
940 1025 1036 1065 ore
1079 1021 1240 1067 tenus
1279 1012 1381 1067 ista
1433 1012 1796 1083 proferentem
1834 1030 1943 1069 non

360 1112 429 1151 ex
470 1099 655 1151 animo
700 1099 940 1167 videbat,
996 1116 1232 1171 eumque
1286 1102 1615 1172 redarguere
1659 1104 1877 1158 volebat
1926 1123 1940 1158 :

361 1189 508 1256 quod
539 1190 723 1245 verbis
751 1190 897 1246 illius
929 1192 1157 1247 minime
1187 1192 1466 1257 crederet,
1499 1194 1594 1249 sed
1635 1195 1943 1265 exploraret

362 1280 635 1344 animum,
682 1282 1143 1352 quemadmodum
1176 1284 1284 1340 alio
1318 1286 1372 1339 in
1415 1286 1536 1341 loco
1576 1286 1711 1340 dicit
1748 1306 1760 1341 :
1800 1288 1941 1354 Quid

362 1370 492 1424 mihi
538 1371 736 1439 dicitis,
784 1369 1031 1437 Domine,
1058 1373 1302 1440 Domine,
1348 1387 1396 1429 et
1446 1393 1550 1430 non
1600 1376 1781 1445 facitis
1824 1394 1941 1446 qua:

365 1463 486 1517 dico
515 1464 577 1517 ιι
615 1452 792 1535 Atque
822 1465 974 1521 illum
1016 1466 1118 1522 hoc
1164 1476 1326 1538 pacto
1374 1469 1703 1524 convincere
1746 1470 1938 1539 cupie-

358 1556 471 1623 bat,
528 1556 799 1628 siquidem
861 1573 985 1613 cum
1058 1559 1263 1615 bonum
1326 1560 1479 1614 illum
1544 1570 1936 1631 prateeptorem

358 1654 641 1712 vocasset,
686 1662 1032 1718 nequaquam
1077 1648 1271 1704 inﬁde
1313 1664 1416 1705 sua
1467 1650 1729 1720 perstitit,
1785 1658 1844 1705 ut
1887 1652 1939 1705 in

359 1738 537 1809 ipsius
565 1739 863 1794 bonitatem
895 1739 1168 1795 crederet.

429 1828 572 1885 XIX.
616 1829 789 1901 Igitur
818 1838 1071 1886 sanctum
1117 1832 1296 1902 ipsum
1333 1833 1429 1889 Dei
1454 1831 1719 1901 Verbum,
1750 1833 1940 1889 vivens

2050 652 2464 724 ἀπαρνούμενον
2516 654 2608 707 τὸν
2637 653 2762 706 Υἱὸν
2796 653 2901 725 τὴν
2933 654 3127 707 ἑαυτοῦ
3170 654 3501 723 ἀγαθότητα,
3539 653 3636 707 καὶ

2055 746 2130 816 μὴ
2160 746 2225 799 δι’
2252 747 2556 817 ὑπερόολὴν
2595 747 2693 818 τῆς
2732 748 2901 818 τιμῆς
2931 747 3025 799 τοῦ
3059 746 3273 818 Πατρὸς
3308 746 3499 817 φέρειν
3530 748 3635 815 τὴν

2052 837 2404 910 ἀγαθότητας
2456 838 2634 909 Ἐώρα
2670 839 2761 892 τδν
2802 838 3191 909 λέγοντα(20)
3241 837 3411 909 αὐτῷ,
3466 835 3632 891 Διδά-

2050 933 2247 984 σκαλε
2279 930 2483 999 ἀγαθὲ,
2515 931 2743 999 λέγοντα
2778 932 3001 1002 στόματι
3051 931 3143 983 καὶ
3181 930 3241 983 οὐ
3293 929 3507 1000 καρδίᾳ,
3538 927 3633 983 καὶ

2049 1018 2264 1086 ἐλέγξαι
2295 1019 2455 1073 αὐτὸν
2487 1019 2828 1091 βουλόμενος,
2856 1020 2938 1072 ὃτι
2966 1020 3026 1073 οὐ
3049 1021 3161 1082 τοῖς
3206 1019 3439 1090 χείλεσιν
3463 1017 3631 1072 αὑτοῦ

2050 1110 2316 1173 ἐπείθετο,
2357 1110 2493 1163 ἀλλά
2536 1111 2635 1179 τὴν
2690 1110 2917 1181 καρδίαν
2958 1110 3276 1181 διήλεγχεν’
3312 1111 3387 1174 ὡς
3440 1110 3534 1163 καὶ
3573 1112 3631 1163 ὲν

2050 1202 2194 1274 ἄλλῳ
2214 1204 2365 1274 τόπῳ
2391 1203 2569 1271 λέγει’
2612 1204 2672 1257 Τί
2685 1222 2786 1273 μοι
2814 1202 3041 1272 λέγετε,
3068 1205 3265 1271 Κύριε,
3302 1205 3495 1271 Κύριε,
3529 1205 3629 1258 καί

2048 1298 2123 1350 οὐ
2144 1296 2362 1349 ποιεῖτε
2404 1296 2546 1362 τοὺς
2587 1296 2769 1366 ἐμοὺς
2816 1298 3081 1365 λόγιους;
3115 1296 3206 1349 καὶ
3234 1289 3337 1350 ὧδε
3379 1296 3632 1348 ἐϐούλετο

2048 1387 2208 1441 αὑτὸν
2242 1387 2519 1458 ἐλέγχειν
2547 1387 2700 1456 ἔλεγε
2730 1387 2837 1457 γὰρ
2869 1388 3028 1439 αὐτὸν
3055 1386 3257 1457 ἀγαθὸν
3286 1387 3627 1449 διδάσκαλον,

2048 1480 2145 1532 καὶ
2173 1479 2271 1532 οὐκ
2297 1479 2487 1550 ἔμενεν
2517 1480 2576 1532 ὲν
2598 1484 2664 1552 τῇ
2696 1479 2862 1533 αὐτοῦ
2897 1480 3099 1549 πίστει,
3123 1480 3398 1534 πιστεύειν
3429 1483 3509 1544 εἰς
3532 1479 3633 1550 τὴν

2049 1570 2212 1623 αὐτοῦ
2237 1571 2568 1642 ἀγαθότητα.

2119 1833 2221 1885 16’.
2262 1831 2434 1896 Αὐτὸς
2490 1832 2670 1885 τοίνυν
2702 1834 2731 1886 6
2771 1833 2925 1901 ἆγιος
2970 1832 3142 1901 Λόγος
3168 1874 3183 1896 ,
3217 1832 3246 1885 6
3284 1831 3393 1897 ζῶν
3425 1830 3629 1885 ένυπόο

359 1932 413 1978 ct
448 1922 783 1987 subsistens,
826 1922 1067 1978 cmlestis
1102 1939 1222 1988 rex,
1272 1940 1569 1996 germanus
1610 1924 1803 1992 Filius,
1846 1924 1941 1981 sed

2050 1940 2259 1987 στατος,
2295 1924 2326 1976 6
2363 1923 2616 1993 βασιλεὺς
2640 1924 2669 1976 6
2694 1924 3037 1996 ἐπουράνιος,
3070 1927 3098 1979 6
3134 1924 3262 1988 Υἱὸς
3309 1927 3338 1977 6
3382 1926 3628 1994 γνήσιος,

358 2028 484 2069 cum
530 2012 694 2070 Patre
738 2029 959 2085 semper
996 2016 1295 2082 exsistens,
1338 2030 1369 2071 a
1416 2015 1579 2071 Patre
1612 2018 1939 2087 procedens,

359 2104 621 2175 splendor
642 2105 852 2176 gloria},
890 2104 1063 2176 ﬁgura
1091 2107 1413 2163 substantiae
1448 2107 1483 2173 ⁸,
1555 2108 1735 2178 imago
1766 2106 1945 2162 Patris

357 2199 668 2265 verissima,
707 2200 761 2253 in
797 2199 989 2255 eodem
1025 2216 1150 2255 cum
1180 2201 1440 2258 Genitore
1480 2201 1621 2258 solio
1662 2201 1945 2273 dignitatis

357 2290 652 2346 eonsidens
679 2309 691 2344 :
718 2286 887 2360 Cujus
916 2291 1061 2363 regni
1089 2294 1306 2347 nouerit
1334 2293 1505 2363 ῥιπίδι,
1519 2293 1689 2362 judea:
1710 2294 1944 2347 vivorum

356 2391 405 2435 et
456 2392 788 2436 mortuorum
817 2381 865 2449 ',
934 2383 1208 2454 sapientia
1263 2399 1292 2438 a
1335 2386 1625 2454 sapientia,
1676 2398 1741 2439 ex
1794 2386 1945 2440 fonte

360 2476 484 2530 t’ons
516 2475 784 2544 originem
819 2474 1031 2531 ducens
1061 2495 1076 2531 :
1104 2474 1194 2530 Me
1217 2475 1387 2544 enim,
1416 2477 1616 2549 inquit,
1647 2476 1945 2549 derelique~

359 2576 485 2619 runt
531 2567 726 2635 fontem
775 2583 928 2636 aqua:
969 2568 1119 2634 vim,
1163 2577 1212 2622 et
1258 2568 1508 2638 foderunt
1550 2569 1653 2624 sibi
1687 2570 1943 2625 cisternas

357 2658 648 2725 dissipatas
671 2658 692 2690 ⁸
725 2676 738 2712 :
782 2657 975 2725 ﬂuvius
1010 2674 1230 2730 quoque
1263 2660 1524 2729 perennis
1562 2668 1647 2715 est
1684 2661 1781 2730 qui
1809 2661 1947 2714 (teti-

359 2750 485 2817 βίαι
522 2750 719 2817 impetu
755 2751 1024 2805 civitatem
1064 2749 1163 2805 Dei
1193 2752 1240 2819 ",
1287 2753 1383 2821 qui
1429 2767 1499 2807 ex
1542 2752 1747 2821 eodem
1797 2752 1949 2809 fonte

362 2840 745 2910 progreditur:
782 2842 928 2898 unde
968 2844 1216 2912 ﬂumina,
1252 2844 1449 2913 inquit,
1495 2842 1560 2898 de
1589 2844 1737 2899 illius
1772 2853 1946 2899 uentre

359 2935 623 3004 proﬂuent
658 2934 731 2989 ἐ
780 2941 945 3004 atque
1002 2937 1146 2993 idem
1200 2943 1479 3006 sceptrum
1530 2934 1741 3001 David,
1788 2935 1947 2989 radix

359 3026 516 3083 Jesse
566 3034 620 3082 et
654 3024 758 3083 ﬂos
803 3026 872 3082 ab
910 3042 972 3082 ea
1020 3027 1340 3098 pullulans:
1399 3028 1507 3092 leo,
1555 3041 1652 3081 rex
1696 3026 1764 3082 de
1798 3027 1947 3081 tribu

358 3117 517 3185 Juda,
573 3118 694 3174 ovis
743 3119 957 3174 ratione
1005 3118 1257 3188 praedita,
1308 3118 1449 3189 lapis
1497 3119 1704 3174 vivus:
1762 3118 1946 3189 magni

360 3211 579 3267 consilii
612 3211 873 3284 Angelus,
919 3211 1086 3266 homo
1129 3226 1191 3266 re
1232 3213 1352 3283 ipsa
1386 3217 1575 3274 natus,
1608 3211 1815 3265 nullam
1851 3221 1947 3265 aut

360 3314 571 3361 naturte
604 3314 698 3360 aut
741 3306 1047 3360 divinitatis
1094 3305 1453 3360 mutationem
1504 3319 1726 3375 passus,
1779 3311 1946 3361 natus

364 3401 419 3452 in
448 3412 638 3463 carne,
696 3396 1045 3451 inearnatum
1107 3393 1372 3460 Verbum,
1403 3394 1641 3451 Verbum
1686 3410 1818 3451 caro
1867 3396 1947 3451 l‘a-

361 3498 513 3544 ctum
540 3489 583 3545 ’.
616 3486 735 3554 Qua
766 3487 822 3542 in
853 3503 912 3543 re
945 3486 1295 3552 declaranda,
1327 3495 1457 3543 ante
1483 3488 1840 3543 vocabulum-
1861 3487 1947 3555 fa-

362 3592 530 3646 ctum,
557 3595 662 3635 vox
701 3586 788 3635 est
831 3579 1041 3634 inserta
1077 3579 1276 3633 carnis.
1311 3576 1449 3633 Nam
1497 3594 1607 3633 non
1636 3579 1775 3634 dixit
1815 3578 1947 3633 Ver-

365 3678 487 3726 bum
514 3673 718 3743 factum
747 3713 762 3739 ,
794 3673 889 3729 sed
924 3681 1049 3745 post
1098 3671 1252 3727 Verbi
1294 3687 1518 3737 nomen,
1550 3687 1738 3729 vocem
1769 3674 1949 3728 carnis

363 3764 577 3821 inﬁnite
601 3766 785 3836 posuit
816 3783 828 3819 :
871 3775 981 3820 tum
1008 3772 1132 3836 post
1168 3781 1401 3830 carnem,
1442 3764 1648 3834 factum
1680 3771 1758 3817 est
1797 3762 1949 3833 adje-

367 3856 466 3920 cit,
519 3866 582 3909 ut
615 3854 886 3911 vocabulo
913 3855 1113 3923 factum
1158 3864 1257 3919 est,
1289 3870 1357 3910 ex
1387 3852 1557 3908 Maria
1597 3860 1786 3910 natum
1826 3868 1951 3909 esse

365 3947 727 4019 signiﬁcetur,
750 3963 814 4002 ac
845 3946 1085 4002 Verbum
1125 3946 1462 4017 intelligatur
1487 3960 1519 4002 e
1546 3946 1688 4000 caelo
1726 3955 1891 4015 atque
1919 3960 1950 3998 a

364 4041 530 4096 Patre
555 4056 677 4096 esse
702 4040 1009 4109 delapsam.
1039 4036 1153 4092 Hoc
1179 4037 1348 4108 igitur
1376 4044 1631 4093 sanctum
1656 4035 1951 4105 rivumque

366 4132 633 4199 Verbum,
668 4131 814 4189 Deus
840 4148 869 4186 a
892 4131 1072 4197 Patre,
1104 4129 1287 4201 magni
1308 4129 1527 4187 consilii
1550 4129 1816 4201 Angelus,
1853 4142 1951 4198 pa-

364 4228 509 4285 terni
573 4227 790 4282 consilii
854 4226 1085 4282 nuntius
1127 4235 1182 4281 et
1227 4226 1521 4294 interpres,
1574 4221 1737 4277 Pater
1779 4220 1948 4277 futuri

362 4321 546 4376 saeculi
568 4320 645 4373 ὀε
674 4321 809 4390 ipse,
829 4319 1074 4388 inquam,
1104 4318 1212 4373 hoc
1234 4317 1373 4372 dixit
1399 4334 1415 4370 :
1448 4314 1618 4370 Nemo
1644 4315 1783 4369 novit
1811 4314 1951 4368 diem

364 4428 526 4480 neque
559 4410 766 4474 horam,
810 4425 875 4463 ne
908 4409 1081 4479 angeli
1114 4408 1321 4478 quidem
1361 4407 1451 4477 qui
1474 4406 1689 4460 iirewlo
1726 4415 1850 4460 sunt
1883 4406 1947 4471 ι’,

367 4518 496 4557 nam
555 4501 691 4555 illud
746 4501 1020 4572 ignorant,
1077 4497 1276 4552 Filium
1324 4498 1431 4552 hoc
1478 4496 1662 4553 altiori
1712 4497 1948 4568 quodam

2020 2019 2074 2070 τό
2103 2018 2190 2071 ἀεὶ
2227 2018 2325 2070 σὺν
2366 2018 2562 2088 Πατρὶ,
2597 2019 2624 2070 6
2657 2018 2722 2070 ἐκ
2762 2017 2981 2089 Πατρδς
3018 2016 3317 2089 προελθὼν,
3350 2015 3411 2070 τὸ
3452 2016 3633 2069 ἀπαύ-

2046 2127 2232 2180 γασμα
2263 2110 2363 2180 τῆς
2393 2110 2552 2181 δόξης
2574 2149 2589 2173 ,
2640 2112 2668 2163 6
2696 2111 2987 2182 χαρακτὴρ
3020 2111 3121 2181 τῆς
3165 2110 3540 2173 ὑποστάσεως,
3591 2111 3630 2179 ἡ

2046 2201 2208 2256 εἰκὼν
2234 2203 2326 2256 τοῦ
2357 2204 2571 2274 Πατρὸς
2602 2205 2660 2257 ὲν
2705 2203 2952 2275 ἀληθείᾳ,
2985 2204 3014 2257 6
3050 2203 3342 2276 σύνθρονος
3382 2203 3477 2256 τοῦ
3530 2202 3634 2273 φύ-

2047 2313 2272 2360 σαντος,
2308 2291 2389 2350 Οὗ
2444 2294 2554 2364 τῆς
2588 2296 2912 2362 ,Βασιλείας
2949 2297 3061 2349 οὐκ
3114 2297 3286 2351 ἔσται
3332 2295 3544 2362 τέλος,
3596 2298 3635 2348 ό

2047 2386 2253 2457 κριτὴς
2281 2385 2512 2447 ζῶν-των
2538 2387 2636 2443 καὶ
2671 2387 2919 2455 νεκρῶν,
2950 2387 2979 2439 6
3008 2388 3170 2457 σοφία
3201 2386 3275 2439 ὢν
3305 2388 3369 2440 ὲκ
3412 2388 3633 2455 σοφίας,

2045 2483 2073 2535 6
2089 2479 2238 2551 πηγὴ
2272 2478 2347 2533 ὢν
2380 2481 2445 2532 ὲκ
2464 2478 2645 2549 πηγῆς
2666 2495 2680 2509 ·
2711 2479 2850 2548 Ἕμέ
2873 2479 3003 2551 γὰρ,
3030 2480 3213 2549 φησὶν,
3236 2479 3641 2547 ἐγκατέλιπον

2046 2572 2250 2641 πηγὴν
2270 2571 2487 2638 ὕδατος
2520 2570 2689 2640 ζωῆς,
2708 2572 2803 2625 καί
2834 2570 3073 2639 ὤρυξαν
3099 2570 3335 2637 ἑαυτοῖς
3360 2571 3637 2637 λάκκους

2047 2664 2619 2734 συντετριμμένους·
2652 2667 2679 2719 6
2708 2664 2973 2734 ποταμός
2994 2667 3021 2718 6
3050 2666 3295 2730 ἀένναος,
3318 2667 3346 2718 6
3382 2667 3631 2735 εὐφραί-

2047 2772 2171 2809 νων
2200 2755 2324 2822 τοῖς
2359 2756 2661 2826 ὁρμήμασι
2691 2756 2807 2823 τὴν
2838 2758 3021 2811 πόλιν
3046 2756 3152 2811 τοῦ
3184 2758 3353 2821 Θεοῦ,
3374 2760 3402 2812 6
3423 2760 3489 2812 ὲκ
3531 2760 3639 2829 τῆς

2049 2848 2233 2918 πηγῆς
2262 2847 2559 2919 προελθὼν,
2591 2848 2648 2914 ἐξ
2681 2841 2876 2919 οὗπερ,
2924 2850 3078 2919 φησὶ,
3110 2850 3363 2918 ποταμοὶ
3411 2850 3478 2903 ἐκ
3521 2850 3633 2918 τῆς

2050 2940 2283 3006 κοιλίας
2327 2939 2514 2994 αὐτοῦ
2557 2941 2857 3007 ρεὐσουσι
2883 2957 2895 2970 ο
2932 2940 2995 2992 τὸ
3038 2940 3313 3012 σκῆπτρον
3361 2940 3546 3003 Δαόὶδ,
3596 2942 3635 3011 ἡ·

2052 3031 2176 3103 ῥίζα
2203 3030 2297 3085 τοῦ
2339 3032 2558 3096 Ἰεσσαὶ,
2604 3031 2664 3085 τὸ
2722 3031 2883 3096 ἄνθος
2920 3031 2980 3085 τὸ
3006 3033 3100 3085 ἀπ’
3134 3032 3325 3103 αὐτῆς,
3357 3034 3385 3086 6
3415 3033 3572 3095 λέων,
3603 3034 3637 3085 6

2053 3121 2308 3193 βασιλεὺς
2345 3123 2373 3174 6
2402 3123 2467 3174 ἐκ
2494 3121 2667 3191 φυλῆς
2704 3121 2894 3182 Ἰούδα,
2922 3121 2984 3173 τὸ
3013 3121 3283 3192 πρόϐατον
3307 3122 3368 3174 τὸ
3392 3120 3627 3188 λογικὸν,

2004 3273 2015 3292 ι
2052 3217 2079 3269 6
2115 3214 2261 3278 λίθος
2304 3217 2332 3268 6
2372 3215 2515 3280 ζῶν,
2568 3216 2597 3268 ὁ
2622 3214 2719 3284 τῆς
2764 3214 3006 3284 μεγάλης
3039 3212 3235 3283 βουλῆς
3277 3212 3561 3281 Ἄγγελος,
3604 3213 3632 3265 6

2050 3305 2339 3377 ἄνθρωπος
2365 3306 2429 3358 ὲν
2459 3305 2688 3376 ἀληθείᾳ
2725 3303 2983 3373 γεγονὼς,
3016 3304 3109 3356 καὶ
3139 3303 3271 3365 Θεὸς
3313 3304 3371 3357 ὲν
3402 3303 3631 3375 ἀληθείᾳ

2051 3396 2333 3467 ὑπάρχων,
2363 3396 2438 3468 μὴ
2465 3396 2696 3468 τραπεὶς
2742 3396 2841 3465 τὴν
2868 3395 3050 3465 φύσιν,
3086 3394 3163 3466 μὴ
3209 3394 3510 3458 ἀλλοιώσας
3533 3393 3632 3465 τὴν

2051 3488 2301 3559 θεότητα,
2329 3489 2359 3540 6
2380 3487 2663 3557 γεννηθεὶς
2708 3489 2766 3540 ὲν
2809 3488 2995 3558 σαρκὶ,
3029 3489 3057 3541 6
3088 3486 3395 3558 σαρκωθεὶς
3440 3487 3629 3555 Λόγος,

2049 3582 2081 3636 6
2114 3581 2287 3649 Λόγος
2328 3578 2464 3651 σὰρξ
2509 3579 2829 3650 γενόμενος,
2861 3582 2889 3633 6
2932 3580 3069 3650 ἔχων
3104 3578 3308 3650 μεταξὺ
3344 3578 3438 3632 τοῦ
3470 3581 3634 3650 γενό-

2045 3689 2230 3742 μενος
2269 3671 2330 3724 τὸ
2381 3668 2560 3738 σάρξ.
2619 3663 2682 3725 '0
2703 3673 2892 3739 Λόγος
2912 3672 3020 3741 γὰρ
3059 3670 3159 3723 οὐκ
3206 3664 3360 3723 εἶπεν
3401 3672 3435 3724 ὁ
3472 3670 3635 3739 τενό-

2045 3781 2252 3834 μενος,
2292 3762 2426 3817 ἀλλά
2456 3759 2594 3833 μετά
2620 3760 2681 3813 τὸ
2712 3761 2775 3814 '0
2802 3761 2989 3831 Λόγος
3012 3761 3425 3832 ἀπαρεμφάτως
3454 3761 3635 3829 τίθησι

2050 3856 2113 3909 τὸ
2167 3855 2349 3925 σάρξ*
2384 3854 2521 3925 μετά
2551 3854 2607 3906 δὲ
2654 3853 2716 3907 τὸ
2751 3852 2909 3923 σὰρξ
2954 3853 3103 3923 λέγει
3147 3853 3404 3923 ἐγένετο.
3442 3853 3530 3906 ἵνα
3574 3852 3636 3906 τὸ

2050 3950 2308 4019 ἐγένετο,
2336 3949 2403 4001 ὲκ
2438 3946 2659 4019 Μαρίας
2689 3946 3011 4017 δοκιμασθῇ,
3049 3946 3137 3999 ἵνα
3177 3946 3207 3998 6
3235 3946 3407 4014 Λόγος
3431 3943 3635 4000 ἀνωθεν

2054 4041 2206 4112 παρά
2245 4039 2455 4111 Πατρδς
2482 4036 2760 4091 κατελθὼν
2797 4037 2983 4109 νοηθῇ.
3019 4031 3188 4101 Οὗτος
3229 4038 3257 4090 6
3288 4036 3441 4105 ἆγιος
3470 4039 3498 4089 6
3526 4035 3635 4100 ζῶν

2053 4133 2245 4201 Λόγος,
2275 4133 2302 4185 6
2334 4131 2469 4203 πρὸς
2500 4129 2712 4200 Πατρὸς
2748 4129 2900 4193 Θεὸς,
2933 4130 2962 4182 6
3005 4128 3248 4200 μεγάλης
3281 4128 3477 4199 βουλῆς
3502 4129 3633 4197 Ἀγς

2051 4227 2226 4295 γελος,
2254 4227 2282 4278 6
2307 4224 2586 4293 ἀγγέλλων
2614 4222 2683 4275 τὰ
2707 4223 2805 4292 τῆς
2835 4221 3029 4293 βουλῆς
3051 4220 3145 4273 τοῦ
3177 4219 3408 4292 Πατρὸς,
3446 4220 3637 4289 Πατὴρ

2051 4316 2143 4369 τοῦ
2172 4314 2455 4386 μέλλοντος
2493 4313 2711 4376 αἰῶνος,
2740 4312 2901 4376 αὐτὸς
2924 4308 3076 4365 εἶπεν
3094 4329 3108 4342 ·
3137 4310 3348 4377 Οὐδείς
3368 4306 3490 4364 οἵδε
3524 4310 3638 4377 τὴν

2051 4407 2278 4478 ἡμέραν
2328 4406 2427 4459 καὶ
2462 4404 2576 4473 τὴν
2605 4404 2787 4473 ὤραν,
2811 4405 2950 4458 οὔτε
2986 4406 3037 4457 οὶ
3081 4403 3322 4473 ἄγγελοι
3362 4406 3416 4456 οἱ
3448 4404 3518 4455 ἐν
3558 4400 3637 4467 τῷ

2053 4498 2287 4569 οίιρανῷ
2309 4514 2324 4528 ·
2357 4500 2451 4554 καὶ
2480 4498 2588 4570 γὰρ
2612 4499 2711 4552 οὐκ
2741 4498 2945 4552 οἴδασιν
2968 4498 3049 4551 ὅτι
3072 4498 3100 4549 6
3132 4496 3260 4560 Υἱὸς
3289 4494 3639 4566 νοηματικῶς

365 4608 534 4648 sensu
589 4591 997 4661 pronuntiasse,
1057 4587 1183 4643 Nisi
1230 4588 1378 4644 solus
1427 4587 1612 4643 Pater.
1665 4588 1772 4658 25
1812 4588 1945 4643 Cum

2054 4592 2221 4660 λέγει,
2252 4594 2320 4646 El
2337 4591 2422 4661 μὴ
2452 4593 2640 4660 μόνος
2664 4592 2696 4643 ό
2725 4588 2947 4657 Πατήρ.
2984 4588 3049 4641 Ei
3081 4588 3260 4640 τοίνυν
3290 4581 3429 4639 οἶδεν
3452 4587 3480 4639 ὁ
3508 4583 3639 4649 Υἱὸς

284 4718 293 4725 ε
364 4685 533 4757 igitur
569 4683 786 4739 Patrem
820 4682 995 4739 Filius
1038 4682 1276 4745 noverit,
1327 4696 1393 4737 ac
1427 4680 1590 4736 Pater
1625 4682 1712 4737 die
1754 4682 1846 4737 illa
1875 4682 1947 4734 sit

367 4778 616 4847 horaque
652 4776 867 4847 major;
899 4790 1007 4846 qua
1039 4775 1107 4831 de
1136 4789 1195 4829 re
1231 4774 1485 4830 dubitare
1522 4788 1683 4828 nemo
1718 4781 1899 4843 potest
1928 4791 1942 4827 :

368 4871 458 4940 qui
503 4868 649 4941 quod
692 4870 875 4939 majus
926 4877 1012 4922 est
1060 4867 1234 4931 novit,
1270 4882 1401 4921 num
1454 4865 1502 4921 is
1545 4864 1762 4919 tandem
1800 4865 1948 4936 quod

363 4962 548 5017 minus
576 4972 661 5016 est
691 4960 1008 5032 ignorabit?
1055 4958 1230 5014 Nemo
1259 4962 1402 5015 enim
1434 4958 1650 5013 Patrem
1675 4957 1819 5011 novit
1846 4957 1951 5011 nisi

364 5054 564 5116 Filius,
608 5065 657 5108 et
691 5070 841 5108 nemo
873 5054 1014 5107 novit
1046 5052 1248 5107 Filium
1272 5054 1378 5108 nisi
1403 5051 1567 5106 Pater
1599 5050 1662 5104 ¹².
1708 5048 1777 5105 Ut
1802 5050 1948 5126 enim

365 5162 598 5217 magnus
640 5144 853 5199 idcirco
895 5142 1056 5197 Pater
1080 5153 1185 5207 est,
1234 5144 1365 5213 quia
1402 5142 1556 5196 novit
1600 5138 1822 5204 Filium,
1873 5140 1947 5193 ita

364 5248 419 5296 et
463 5254 696 5309 magnus
724 5234 901 5291 Filius
938 5242 1043 5293 est,
1082 5235 1214 5303 quia
1254 5233 1405 5287 novit
1455 5233 1671 5288 Patrem
1709 5250 1723 5287 :
1777 5248 1950 5303 quare

366 5332 459 5401 qui
497 5328 862 5399 qnod‘majus
910 5336 1015 5393 est,
1061 5324 1277 5379 Patrem
1310 5325 1579 5389 videlicet,
1626 5324 1948 5395 cognoscit,

368 5421 510 5490 quod
556 5422 714 5492 longe
751 5419 936 5474 minus
982 5425 1088 5482 est,
1132 5417 1385 5486 ignorare
1422 5417 1514 5486 qui
1558 5423 1757 5485 petest,
1805 5417 1950 5471 diem

368 5513 517 5567 iilam
547 5523 600 5568 et
630 5513 863 5569 horam?
892 5510 1138 5583 Agedum
1173 5510 1357 5578 itaque
1391 5523 1582 5564 sacras
1602 5518 1953 5579 perscrutare

439 5630 550 5699 (‘20)
590 5630 676 5685 Al.
702 5629 849 5701 ἐώρα
881 5630 991 5701 γάρ
1024 5629 1137 5683 τόν.

2054 4682 2143 4735 τὸν
2162 4681 2401 4752 Πατέρα,
2422 4679 2623 4750 μείζων
2635 4680 2691 4733 δὲ
2704 4680 2733 4731 ὁ
2754 4679 2944 4750 Πατὴρ
2962 4679 3056 4731 καὶ
3080 4681 3180 4749 τῆς
3195 4676 3413 4749 ἡμέρας
3427 4677 3637 4745 καὶτῆς
3736 4694 3739 4695 ⁷

2053 4774 2223 4845 ὥρας,
2236 4774 2328 4827 καὶ
2342 4772 2517 4835 οὐδεὶς
2541 4772 2893 4842 ἀμφιϐάλλει,
2908 4771 3025 4834 πῶς
3048 4771 3154 4842 ἄρα
3166 4772 3194 4823 6
3207 4770 3267 4823 τὸ
3283 4768 3471 4840 μεῖζον
3484 4767 3639 4832 εἰδὼς

2052 4866 2113 4919 τὸ
2129 4861 2294 4937 ἧσσον
2327 4866 2540 4935 ἁγνοεῖ;
2582 4863 2735 4918 Οὐδὲ
2758 4864 2868 4933 γὰρ
2902 4860 3025 4917 οἶδέ
3047 4880 3138 4929 τις
3171 4863 3278 4917 τὸν
3313 4862 3567 4930 Πατέρα,
3585 4861 3639 4913 ει

2048 4955 2134 5027 μὴ
2160 4959 2193 5010 ὀ
2221 4956 2351 5021 Υἱός
2370 4972 2386 4987 ·
2420 4954 2521 5008 καὶ
2544 4954 2746 5020 οὐδεὶς
2773 4950 2899 5008 οἶδε
2938 4952 3045 5007 τὸν
3072 4954 3224 5013 Υὶὸν.
3263 4956 3316 5007 εί
3336 4953 3423 5023 μὴ
3458 4957 3490 5006 ό
3527 4955 3639 5005 Πα-

2054 5048 2183 5117 τήρ.
2232 5047 2326 5111 Ὦς,
2375 5047 2484 5123 γάρ
2524 5046 2719 5119 μέγας·
2751 5047 2779 5098 6
2826 5046 3014 5117 Πατὴρ
3052 5047 3131 5099 ’ὁτι
3171 5030 3277 5099 οἶδε
3332 5045 3423 5099 τὸν
3467 5045 3593 5098 Υἱδν
3618 5086 3632 5105 ,

2056 5140 2199 5194 οὕτω
2234 5125 2327 5193 καὶ
2362 5140 2390 5192 6
2420 5139 2547 5203 Υἱὸς
2578 5137 2748 5209 μέγας
2776 5139 2856 5191 ὅτι
2890 5134 2995 5192 οἵδε
3038 5138 3126 5191 τδν
3157 5138 3394 5208 Πατέρα.
3427 5138 3491 5190 Εἰ
3526 5133 3635 5189 οἶδε

2056 5233 2237 5287 τοίνυν
2263 5231 2355 5284 τὸν
2384 5232 2623 5302 Πατέρα,
2641 5230 2702 5284 τὸ
2740 5231 2940 5301 μεῖζον,
2965 5231 3025 5284 τὺ
3053 5231 3249 5302 μικρὸν
3283 5230 3399 5293 πῶς
3429 5230 3633 5298 ἀγνοεῖ,

2054 5324 2297 5377 τουτέστι
2340 5321 2435 5392 τὴν
2464 5320 2679 5392 ἡμέραν
2706 5321 2799 5374 καὶ
2827 5321 2925 5392 τὴν
2953 5320 3100 5393 ὥραν
3131 5337 3144 5385 ;
3184 5319 3507 5391 Ἐρεύνησον
3537 5320 3638 5383 τὰς

2057 5416 2207 5481 θείας
2232 5416 2477 5488 Γραφάς,
2526 5418 2621 5471 καὶ
2657 5417 2794 5487 μάθε
2847 5416 2939 5469 τοῦ
2979 5415 3133 5483 ἁγίου
3166 5413 3484 5484 Πνεύματος
3538 5413 3642 5483 τὴν

2057 5508 2304 5579 δύναμιν,
2329 5511 2423 5562 καὶ
2452 5510 2582 5563 αὐτὸ
2610 5507 2670 5561 τὸ
2695 5507 2835 5561 Πιεῦ
2844 5527 2919 5579 μα
2938 5508 2999 5560 τὸ
3026 5506 3294 5575 γινῶσκον
3313 5507 3405 5559 τὸν
3422 5504 3641 5575 Πατέρα

442 5740 457 5770 ¹
491 5738 677 5791 Matth.
715 5754 828 5797 xIx.
860 5740 946 5794 16.
1030 5743 1049 5772 ²
1078 5738 1209 5792 Luc.
1244 5752 1321 5801 vt,
1352 5738 1441 5791 46.
1511 5738 1530 5769 ³
1556 5736 1717 5792 lleltr.
1759 5754 1796 5799 ι,
1832 5738 1884 5792 ὅ.

2050 5751 2129 5789 ne.
2165 5736 2319 5792 1.53.
2413 5737 2434 5768 '
2458 5737 2577 5791 Act.
2613 5751 2666 5803 κ,
2695 5734 2784 5788 42.
2862 5733 2883 5764 ⁸
2917 5732 3117 5787 Jerem.
3152 5747 3239 5803 ιι,
3280 5732 3348 5787 13
3446 5731 3466 5764 ⁷
3491 5730 3635 5788 Psal.

378 5825 497 5872 λιν,
531 5809 583 5863 5.
660 5806 862 5862 'Joan.
897 5826 997 5881 vn,
1024 5810 1113 5864 ‘28.
1192 5807 1390 5862 ’Joan.
1428 5824 1465 5873 ι,
1506 5808 1591 5861 Η.

1671 5810 1711 5839 ¹⁰
1742 5808 1841 5865 lsa.
1872 5825 1945 5875 Ix,
1981 5808 2032 5862 6.

2117 5808 2155 5837 “
2182 5806 2345 5859 Marc.
2380 5824 2498 5871 xm,
2532 5808 2620 5861 3‘2.
2702 5806 2743 5837 ”
2773 5804 2964 5859 Matth.
2999 5820 3075 5867 ιι,
3106 5802 3194 5856 ‘27.
