3950 6416
305 395 372 449 53
1695 382 2137 440 ANCORATUS.
3483 392 3563 448 5.5:

298 499 384 549 καὶ
426 496 518 549 τὸν
547 494 705 559 Υἱδν,
748 492 1127 549 ἀποκαλύπτει
1165 511 1250 549 σοι
1287 495 1387 567 τὴν
1426 494 1523 549 τοῦ
1573 495 1748 565 Λόγου
1775 495 1870 549 τοῦ

1987 494 2224 549 Litteras
2289 507 2353 548 ac
2384 491 2493 547 vim
2537 490 2714 548 sancti
2748 488 2984 561 Spiritus
3011 488 3214 544 edisce.
3237 490 3375 544 Tum
3417 489 3556 545 idem

298 583 417 642 Υιοῦ
448 587 544 641 τοῦ
579 587 713 640 Θεοῦ
748 587 973 656 γνῶσιν,
1026 588 1113 642 ἵνα
1171 589 1248 660 μὴ
1283 588 1564 660 πλανηθῇς
1598 589 1696 661 τῆς
1739 589 1871 661 ἁληι

298 677 459 743 θείας,
488 678 586 732 καὶ
614 677 889 754 ἀπολέσῃς
914 679 1015 751 τὴν
1036 679 1266 735 σεαυτοῦ
1294 681 1495 751 ψυχήν.

363 860 443 914 K'.
480 857 587 912 Δύο
621 858 730 930 γὰρ
760 857 993 928 γνώσεις
1019 859 1077 912 ὲν
1106 860 1174 931 τῇ
1208 858 1330 931 θείᾳ
1366 859 1582 931 Γραφῇ,
1612 858 1708 914 δύο
1730 859 1872 932 εἰδή-

300 969 437 1016 σεις.
472 951 574 1020 μία
608 952 750 1005 κατά
802 951 1121 1023 ἐνέργειαν,
1166 951 1263 1005 καὶ
1297 950 1396 1022 μία
1445 950 1592 1006 κατά
1639 950 1867 1021 εἴδησιν.

300 1043 407 1094 Ἵνα
432 1041 490 1094 δὲ
513 1041 624 1096 ἀπὸ
653 1040 1115 1113 παραδειγμάτων
1138 1041 1208 1096 τὰ
1227 1041 1389 1112 ὅμοια
1411 1043 1767 1116 παραστήσω,
1792 1044 1874 1106 είς

297 1133 352 1186 τὺ
384 1133 470 1187 διὰ
504 1132 717 1186 πολλῶν
745 1133 1168 1206 ὲξομαλισθῆναι
1194 1134 1295 1205 τὴν
1322 1134 1745 1206 πεπλανημένην
1776 1152 1870 1189 σου

297 1223 544 1292 διάνοιαν,
573 1225 800 1280 καὶτῶν
827 1226 986 1280 τοῦτο
1008 1225 1372 1298 φρονούντων,
1407 1227 1548 1298 μάθε
1577 1226 1629 1280 τί
1659 1227 1808 1297 λέγει
1838 1229 1873 1299 ὴ

297 1315 335 1368 Γ
339 1314 479 1387 paci]
530 1315 662 1387 περὶ
709 1315 801 1370 τοῦ
858 1316 1056 1388 ’Δδάμ-
1088 1312 1314 1382 Ἦσαν,
1362 1317 1517 1388 φησὶ,
1547 1316 1762 1386 γυμνοὶ
1805 1317 1876 1371 ἐν

297 1404 371 1470 τῷ
398 1405 764 1475 παραδείσῳ,
794 1407 895 1462 καὶ
930 1408 1043 1462 οὐκ
1069 1407 1440 1476 ᾐσχύνοντο.
1467 1407 1670 1477 Τυφλοὶ
1697 1407 1754 1460 δὲ
1773 1407 1876 1461 οὐκ

296 1492 460 1568 ἦσαν·
509 1498 742 1551 ἔϐλεπον
773 1498 882 1569 γάρ
905 1513 920 1528 ·
957 1499 1006 1551 εί
1043 1497 1118 1570 μὴ
1144 1497 1253 1570 γὰρ
1295 1497 1545 1564 ἔϐλεπον,
1580 1498 1696 1562 πῶς
1737 1493 1875 1552 εἶδον

297 1587 353 1640 τὸ
378 1585 527 1650 ξύλον
552 1587 638 1640 ὅτι
667 1586 830 1640 καλὸν
862 1588 943 1650 εἰς
973 1585 1198 1658 βρῶσιν,
1223 1587 1320 1640 καὶ
1351 1587 1550 1659 ὡραῖον
1583 1586 1677 1642 τοῦ
1707 1604 1876 1642 κατα-

299 1676 508 1747 νοῆσαι;
550 1675 665 1731 Καὶ
699 1676 996 1738 λαϐοῦσα,
1053 1677 1208 1748 φησι,
1234 1678 1274 1746 ἠ
1327 1677 1484 1747 γυνὴ
1540 1678 1746 1750 ἔφαγε,
1779 1678 1879 1734 και

1974 588 2066 644 ille
2105 593 2334 644 sanctus
2382 584 2624 654 Spiritus
2659 583 2753 653 qui
2800 582 3020 637 Patrem
3054 583 3205 637 novit
3247 588 3301 636 et
3333 581 3557 645 Filium,

1975 679 2140 735 Verbi
2189 678 2290 735 tibi
2351 676 2557 747 Deique
2607 674 2732 730 Filii
2757 675 3007 730 notitiam
3064 673 3306 745 aperiet,
3366 681 3426 728 ut
3491 688 3561 728 ne

1977 772 2200 828 aberres
2231 785 2262 824 a
2293 771 2526 825 veritate
2589 775 2644 824 et
2679 767 2878 821 animae
2910 773 3017 822 tua:
3043 765 3318 836 jacturam
3363 765 3558 821 facias.

2047 859 2169 916 XX.
2218 858 2436 914 Etenim
2486 858 2688 928 duplex
2720 864 2805 912 est
2852 855 2907 911 in
2955 855 3238 926 Scriptura
3275 857 3557 925 cognitio:

1978 969 2110 1020 una,
2163 969 2284 1022 qua:
2326 953 2382 1005 in
2423 949 2638 1006 actione
2685 948 2978 1016 consistit,
3037 948 3230 1014 altera,
3279 964 3400 1018 qua»
3445 949 3558 1002 sola

1978 1044 2209 1102 scientia
2250 1043 2584 1100 continuatur.
2634 1041 2742 1097 Sed
2775 1049 2835 1095 ut
2877 1041 3252 1111 exemplorum
3303 1040 3562 1096 similitu-

1977 1139 2108 1196 dine
2137 1154 2228 1195 res
2257 1145 2370 1194 tota
2400 1137 2727 1199 declaretur,
2791 1142 2843 1190 et
2877 1141 2936 1188 ut
2973 1133 3237 1189 aberrans
3269 1147 3298 1186 a
3333 1133 3566 1189 veritate

1984 1229 2203 1285 animus
2228 1237 2355 1284 tuus
2381 1242 2639 1284 eorumve
2666 1226 2761 1296 qui
2796 1225 2853 1280 in
2904 1224 3092 1281 eadem
3117 1225 3387 1280 sententia
3410 1231 3561 1288 sunt,

1981 1319 2233 1391 pluribus
2295 1319 2638 1390 argumentis
2689 1317 2757 1371 ad
2815 1323 3020 1372 rectam
3077 1316 3220 1370 viam
3271 1315 3559 1385 dirigatur,

1981 1412 2138 1467 disce
2187 1410 2319 1481 quid
2352 1410 2420 1464 de
2470 1409 2680 1464 Adamo
2725 1407 3010 1478 Scriptura
3049 1414 3317 1462 testetnr:
3367 1405 3562 1470 Erant,

1981 1499 2182 1571 inquit,
2231 1498 2361 1554 nudi
2410 1500 2466 1552 in
2521 1496 2806 1566 paradiso,
2862 1507 2910 1550 et
2959 1512 3066 1550 non
3114 1495 3484 1549 erubescebant
3522 1495 3562 1550 ¹.

1981 1593 2149 1662 Atqui
2181 1593 2312 1647 caeci
2345 1591 2424 1646 illi
2459 1606 2571 1646 non
2604 1597 2782 1654 erant,
2817 1603 2921 1643 nec
2954 1588 3241 1641 oculorum
3275 1602 3379 1642 usu
3411 1601 3564 1641 care-

1983 1684 2140 1740 bant.
2167 1681 2286 1738 Nisi
2312 1683 2460 1738 enim
2489 1682 2758 1743 viderent,
2784 1679 3060 1751 quomodo
3081 1678 3331 1733 arborem
3362 1677 3566 1747 aspice-

299 1766 470 1822 ἐδωκε
514 1768 618 1854 ναι
652 1766 732 1834 τῷ
779 1767 950 1837 ἀνδρὶ
987 1766 1181 1837 αὐτῆς
1208 1768 1288 1834 τῷ
1327 1772 1457 1839 μετ’
1493 1765 1699 1836 αὐτῆς.
1737 1773 1880 1842 Ἀρα

1985 1782 2128 1841 rent,
2158 1783 2213 1831 et
2243 1774 2311 1830 ad
2343 1773 2677 1831 vescendum
2708 1773 2906 1827 bonam
2937 1786 3062 1827 esse
3112 1777 3167 1826 ct
3211 1770 3280 1824 ad
3305 1769 3564 1824 conside-

299 1854 383 1912 οὖν
406 1858 504 1911 οὐκ
523 1853 668 1930 ἦσαν
714 1857 929 1928 τυφλοὶ,
967 1858 1082 1912 ἀλλ’
1131 1860 1510 1931 ἠνεῳγμένους
1550 1856 1696 1932 εἶχον
1751 1863 1880 1926 τοὺς

299 1949 632 2022 ὀφθαλμούς·
674 1952 876 2022 γυμνοὶ
905 1951 1079 2018 ὄντες,
1113 1951 1213 2006 οὐκ
1243 1952 1538 2024 ᾐσχύνοντο
1569 1954 1878 2025 βλέποντες,

304 2043 391 2096 καὶ
418 2043 622 2113 γυμνοὶ
655 2042 808 2106 ὄντες
843 2041 1070 2106 ἑαυτοὺς
1101 2043 1321 2116 ᾔδεισαν
1343 2061 1356 2076 ⁸
1401 2044 1623 2116 ᾔδεισαν
1647 2046 1704 2099 δὲ
1738 2047 1882 2102 κατά

302 2134 517 2205 εἴδησιν,
551 2135 651 2188 καὶ
682 2136 743 2188 οὑ
781 2134 924 2188 κατὰ
969 2135 1190 2205 πρᾶξιν.
1219 2136 1373 2191 Μετὰ
1405 2137 1514 2209 γὰρ
1555 2136 1652 2192 τοῦ
1687 2139 1882 2209 ἐκϐλη-

302 2222 448 2294 θῆναι
481 2224 577 2278 τοῦ
613 2225 968 2297 παραδείσου,
1008 2225 1353 2298 βεϐρωκότας
1395 2228 1490 2282 τοῦ
1533 2228 1712 2296 ξύλου,
1745 2232 1883 2302 μετά

309 2315 457 2370 πολὺν
494 2317 694 2388 χρόνον
719 2357 734 2379 ,
788 2318 986 2387 φησίν·
1025 2321 1218 2388 Ἔγνω
1261 2322 1295 2375 d
1352 2320 1534 2392 Ἀδὰμ
1560 2323 1727 2377 Εὔαν
1768 2323 1885 2392 τὴν

301 2408 545 2476 γυναῖκα
570 2409 784 2463 αὑτοῦ.
808 2409 933 2473 Πῶς
961 2410 1140 2464 τοίνυν
1166 2410 1320 2466 ἔσται
1343 2412 1530 2479 τοῦτο;
1557 2415 1668 2468 Καί
1700 2415 1783 2468 τοι
1817 2432 1882 2484 γε

303 2498 477 2571 ἑώρων
516 2501 790 2572 ἀλλήλους
820 2501 1018 2571 γυμνοὶ
1048 2502 1222 2567 ὄντες,
1261 2504 1359 2559 καὶ
1404 2505 1625 2577 ᾔδεισαν
1655 2508 1883 2574 ἑαυτοὺς

300 2591 580 2662 τῇὸράσει,
595 2590 714 2645 ἀλλ’
729 2592 789 2644 οὐ
814 2594 879 2663 τῇ
895 2591 1110 2662 πράξει.
1137 2593 1209 2646 Τὸ
1229 2592 1286 2646 δὲ
1312 2593 1574 2665 ἀλλήλους
1596 2595 1732 2667 (20‘)
1761 2614 1884 2650 συν-

300 2683 526 2754 αφθῆναι
580 2683 788 2754 γνῶσιν
847 2679 999 2736 εἶπεν
1052 2685 1086 2756 ἡ
1134 2685 1350 2757 Γραφή.
1407 2683 1531 2741 υῐδε
1583 2687 1640 2742 δὲ
1697 2689 1884 2745 καλεῖν

301 2773 491 2846 είδησιν
519 2778 619 2832 καὶ
657 2777 861 2850 εἴδησιν
881 2795 895 2809 ’
935 2779 1098 2833 πάλιν
1128 2781 1237 2854 γάρ
1269 2781 1412 2836 οὕτω
1458 2782 1644 2852 λέγει’
1688 2785 1886 2854 Ἔγνω

310 2860 512 2922 Ἰακὼϐ
558 2869 751 2924 Λείαν
798 2868 915 2941 τὴν
960 2869 1219 2941 γυναῖκα
1252 2871 1461 2939 αὐτοῦ,
1512 2873 1612 2928 παι
1646 2878 1885 2929 συλλα-

302 2956 483 3013 ϐοῦσα
509 2960 705 3017 ἔτεκε.
736 2963 847 3017 Καὶ
885 2963 948 3017 τὸ
999 2964 1217 3035 πρῶτον
1263 2968 1361 3038 μὲν
1397 2967 1514 3038 ᾔδει
1543 2968 1748 3040 αὑτήνο
1785 2970 1884 3024 σὺν

304 3051 432 3123 αὐτῇ
457 3053 565 3123 γὰρ
593 3053 737 3108 ἑπτὰ
763 3053 857 3128 ἔτη
890 3050 958 3128 ἧν
989 3057 1295 3129 ποιμαίνων
1321 3058 1390 3113 τὰ
1425 3060 1672 3130 πρόϐατα
1694 3061 1884 3117 Λάϐαν

1979 1867 2215 1922 randum
2260 1865 2560 1922 formosam
2598 1862 3144 1919 animadverterent?
3178 1859 3428 1925 Sumens,
3481 1861 3571 1915 in-

1980 1960 2123 2031 quit,
2189 1961 2385 2014 mulier
2431 1957 2694 2022 comedit;
2740 1966 2791 2011 et
2838 1955 2983 2010 dedit
3021 1955 3134 2010 uiro
3171 1971 3267 2010 suo
3307 1956 3396 2026 qui
3445 1970 3569 2008 cum

1978 2053 2098 2120 ipsa
2131 2061 2246 2106 erat
2269 2054 2312 2106 ³.
2349 2050 2467 2106 Non
2504 2051 2673 2122 igitur
2703 2049 2833 2104 eieci
2867 2056 3046 2114 erant,
3091 2047 3188 2104 sed
3217 2054 3436 2116 apertos
3471 2045 3571 2100 ha-

1981 2145 2186 2200 bebant
2214 2144 2444 2209 oculos;
2490 2152 2544 2198 et
2589 2158 2715 2197 cum
2745 2139 2880 2196 nudi
2911 2147 3120 2205 essent,
3161 2139 3373 2192 nullum
3403 2153 3466 2193 ex
3502 2151 3571 2193 eo

1980 2243 2206 2306 aspectu
2259 2235 2525 2306 pudorem
2558 2234 2898 2306 capiebant:
2943 2231 3100 2296 nudi,
3149 2231 3392 2300 inquam,
3441 2244 3569 2284 cum

1981 2335 2190 2392 essent,
2228 2341 2351 2382 sese
2375 2333 2566 2380 mutuo
2597 2331 2990 2396 cognoverant,
3022 2328 3393 2393 cognoverant
3425 2320 3570 2374 noti--

1985 2419 2080 2483 tia,
2132 2432 2242 2473 non
2293 2417 2510 2472 actione
2552 2435 2565 2472 :
2624 2416 2832 2486 quippe
2883 2416 3045 2486 longo
3103 2412 3413 2477 intervallo,
3475 2410 3570 2465 ubi

1983 2511 2152 2567 vetito
2188 2511 2375 2566 fructu
2403 2509 2692 2582 degustato
2717 2503 2961 2579 paradisi
2991 2505 3193 2566 ﬁnibus
3225 2501 3572 2559 ext‘erminati

1991 2612 2143 2670 sunt,
2186 2602 2422 2674 cognovit
2466 2599 2637 2652 Adam
2667 2614 2880 2654 uxorem
2907 2615 3056 2652 suam
3088 2583 3274 2662 Eram,
3331 2603 3391 2650 ut
3423 2593 3570 2649 Scri-

1987 2710 2148 2771 ptura
2169 2699 2320 2755 dicit.
2350 2696 2586 2764 Quinam
2612 2709 2742 2750 vero
2769 2681 2884 2748 fieri
2911 2693 3014 2748 ista
3046 2690 3318 2761 possunt?
3344 2687 3572 2759 Seipsos

1984 2793 2154 2860 enim,
2188 2791 2317 2847 nudi
2349 2804 2475 2844 cum
2505 2795 2715 2852 essent,
2748 2786 3027 2849 videbant,
3067 2792 3122 2839 et
3161 2790 3385 2854 aspectu
3419 2795 3566 2844 sese,

1985 2899 2095 2939 non
2130 2883 2350 2938 actione
2386 2887 2786 2952 cognoverant.
2836 2877 3080 2931 Mutuam
3115 2889 3244 2930 vero
3271 2872 3576 2944 copulatio-
3689 2882 3692 2886 '

1987 2991 2112 3031 nem
2169 2974 2457 3045 Scriptura
2516 2972 2886 3044 cognitionem
2939 2967 3206 3024 nominat.
3236 2965 3386 3022 Solet
3427 2963 3575 3019 enim

1992 3068 2361 3139 cognitionem
2405 3067 2462 3120 in
2501 3064 2709 3135 duplici
2741 3079 2910 3119 sensu
2949 3072 3258 3130 usurpare:
3302 3055 3576 3126 siquidem

303 3139 388 3193 τοῦ
427 3143 646 3213 Πατρὸς
679 3144 870 3216 αὐτῆς.
909 3145 1129 3217 Εῐδησιν
1162 3147 1224 3199 ’δὲ
1267 3148 1366 3220 τὴν
1401 3149 1468 3202 δι’
1499 3151 1744 3223 ὁράσεως
1788 3155 1881 3207 καὶ

1986 3167 2040 3216 et
2086 3159 2195 3214 alio
2243 3159 2365 3214 loco
2398 3157 2533 3212 dicit
2559 3157 2621 3211 ':
2670 3155 2921 3225 Cognovit
2948 3153 3117 3207 Iacob
3158 3151 3314 3205 Liam
3357 3164 3575 3202 uxorem

302 3230 383 3285 διὰ
404 3233 664 3303 γνώσεως
699 3235 839 3307 ᾔδει,
876 3237 1019 3306 ἔγνω
1045 3237 1102 3292 δὲ
1140 3239 1227 3292 διὰ
1255 3240 1510 3311 πράξεως
1532 3257 1546 3272 ⁸
1582 3243 1694 3298 Kal
1730 3246 1885 3316 ἔγνω

315 3324 532 3396 Ῥαχὴλ
581 3325 700 3396 τὴν
755 3328 1013 3399 γυναῖκα
1061 3331 1268 3386 αὑτοῦ.
1335 3334 1447 3388 Καὶ
1499 3334 1662 3390 πάλιν
1711 3337 1884 3409 ἑτέρῳ

260 3423 266 3427 ‘
304 3412 444 3484 τόπῳ
463 3434 478 3450 ο
535 3417 654 3473 Καὶ
709 3419 974 3490 ἐγήρασε
1030 3422 1240 3488 Δαϐιδ,
1271 3426 1440 3495 φησι,
1475 3427 1576 3481 καὶ
1615 3409 1885 3484 ἔσκεπον

304 3508 479 3562 αὐτὸν
509 3511 792 3579 ἱματίοις,
826 3512 929 3566 καὶ
967 3514 1080 3568 οὐκ
1129 3515 1530 3585 ἐθερμαίνετο.
1571 3519 1674 3574 Καὶ
1711 3516 1886 3575 εἷπον

305 3598 378 3665 τῷ
397 3601 679 3665 βασιλεῖ·
711 3605 1032 3674 Ζητηθήτω
1057 3599 1374 3677 ,παρθένος
1416 3611 1594 3679 καλή.
1644 3613 1754 3668 Καὶ
1788 3616 1886 3670 εὐ-

301 3689 433 3758 ρέθη
460 3691 707 3748 Ἀϐισὰκ
733 3695 773 3764 ἠ
794 3697 1311 3766 Σουναμῖτις.Καὶ,
1336 3700 1526 3772 φησιν,
1546 3702 1774 3772 ἠνέχθη
1789 3690 1886 3770 ’τῷ

303 3781 555 3860 βασιλεῖ,
597 3785 699 3839 καὶ
735 3789 1136 3859 συνεκοιμᾶτο
1173 3784 1356 3858 αὐτῷ,
1379 3794 1478 3847 και
1498 3793 1886 3851 συνέθαλπεν

221 3877 252 3888 "
305 3874 506 3930 αὐτόν’
539 3876 646 3932 καὶ
667 3880 779 3932 οὐκ
807 3878 961 3951 ἔγνω
993 3881 1188 3951 αὐτὴν
1225 3883 1420 3948 Δαϐιδ,
1449 3885 1547 3956 τὴν
1575 3887 1670 3941 σὺν
1713 3887 1884 3959 αὐτῷ,

307 3965 398 4036 τὴν
429 3967 720 4041 σύσσωμον
753 3971 849 4025 καὶ
901 3970 1267 4045 σύμπλευρον.
1299 3969 1442 4046 ’Δρα
1489 3977 1650 4032 ποίαν
1680 3979 1886 4051 εἴδησιν

306 4054 476 4126 Mysi;
511 4060 614 4132 τὴν
663 4061 729 4114 δι’
759 4063 1024 4135 ὁράσεως,
1059 4065 1092 4135 ἢ
1133 4065 1235 4139 τὴν
1278 4065 1367 4120 διὰ
1417 4068 1700 4139 πράξεως;
1738 4070 1882 4124 Καίο

310 4147 494 4218 Ἔγνω
540 4153 762 4222 Κύριος
792 4154 938 4222 τοὺς
983 4155 1166 4224 ὄντας
1210 4158 1419 4214 αὐτοῦ.
1459 4159 1611 4232 *Αρα
1640 4156 1734 4215 οὖν
1759 4164 1889 4227 τοὺς

268 4265 276 4274 ·
307 4240 399 4295 οὐκ
426 4243 584 4310 ὄντας
617 4247 834 4314 ἀγνοεῖ;
864 4247 998 4302 Καί·
1041 4250 1364 4321 Ἆπόστητε
1387 4253 1489 4308 ἀπ’
1521 4253 1690 4322 ἐμοῦ,
1718 4253 1889 4325 ἐργά-

307 4349 392 4387 ται
417 4333 525 4405 τῆς
549 4337 810 4406 ἀνομίας
833 4356 847 4369 ·
875 4340 1164 4396 οὐδέποτε
1185 4342 1296 4413 reip
1318 4343 1512 4415 ἔγνων
1541 4343 1716 4414 ὑμᾶς.
1740 4341 1889 4419 Ἆρα

1987 3269 2143 3308 suam
2169 3267 2188 3306 :
2220 3267 2336 3322 qua:
2365 3249 2665 3318 concipiens
2690 3247 2911 3319 peperit.
2943 3245 3008 3300 Et
3031 3245 3252 3315 quidem
3281 3242 3429 3296 illam
3451 3250 3578 3295 ante

1986 3352 2356 3416 cognoverat,
2412 3357 2648 3415 quacum
2719 3348 2926 3412 septem
2981 3349 3126 3394 totos
3175 3351 3350 3392 annos
3401 3336 3576 3406 patris

1988 3439 2165 3510 ipsius
2193 3437 2380 3494 Laban
2403 3451 2596 3509 greges
2618 3447 2875 3508 paverat:
2900 3448 3091 3488 verum
3123 3431 3296 3488 solius
3320 3437 3576 3500 aspectus

1989 3547 2052 3586 ac
2075 3532 2285 3603 notitia:
2314 3529 2631 3603 cognitione
2659 3535 2888 3584 noverat
2915 3545 2928 3580 :
2953 3534 3144 3597 postea
3165 3524 3331 3581 etiam
3363 3523 3578 3577 actione

1987 3623 2289 3694 cognovit:
2337 3622 2409 3676 Et
2463 3622 2703 3692 cognovit
2753 3619 3034 3674 Rachelem
3092 3632 3312 3672 uxorem
3355 3614 3577 3671 suam‘.

1988 3713 2124 3770 Item
2153 3714 2260 3770 alio
2291 3714 2451 3770 loco:
2487 3712 2700 3778 Senuit,
2729 3712 2930 3784 inquit,
2965 3710 3134 3765 David
3157 3727 3174 3764 :
3198 3719 3245 3764 et
3275 3707 3576 3780 aperiebant

1993 3806 2171 3877 ipsum
2203 3807 2455 3874 vestibus,
2489 3807 2599 3878 26
2637 3823 2799 3876 neque
2831 3805 3128 3874 cate/iebat.
3164 3803 3299 3858 Tum
3329 3801 3581 3857 dixerunt

1987 3897 2135 3968 regi:
2169 3897 2459 3965 Quwratur
2487 3898 2633 3968 virgo
2664 3897 2846 3967 aliqua
2870 3895 3128 3966 formosa.
3161 3893 3227 3947 Et
3255 3895 3581 3948 inventa~cst

1992 3990 2186 4045 Abisac
2216 3987 2535 4044 Sunamitis.
2563 3988 2631 4043 Et
2656 3988 2887 4043 adducta
2911 3999 3012 4053 est,
3045 3986 3244 4057 inquit,
3272 3986 3341 4039 ad
3371 4000 3574 4056 regem;

1991 4089 2192 4136 etcum
2237 4097 2298 4136 eo
2337 4080 2635 4135 dormiebat
2670 4097 2732 4135 ac
2766 4079 2972 4148 fovebat
3009 4079 3204 4150 ipsum.
3261 4076 3326 4131 Et
3363 4093 3465 4130 non
3489 4075 3576 4129 co-

1987 4171 2162 4241 gnovit
2197 4187 2318 4226 eam
2348 4170 2520 4224 David
2554 4171 2576 4202 ⁸
2604 4212 2618 4236 ,
2653 4185 2777 4241 quae
2821 4184 2946 4224 cum
2982 4171 3102 4239 ipso
3153 4169 3375 4238 jacebat
3417 4175 3471 4222 et
3508 4165 3580 4220 ad

1990 4260 2112 4330 ejus
2141 4273 2345 4330 corpus
2379 4274 2444 4314 ac
2475 4259 2620 4315 latus
2663 4258 2999 4314 adhaerebat.
3051 4260 3356 4324 Quamnam
3395 4258 3580 4327 itaque

1990 4351 2361 4422 cognitionem
2410 4350 2708 4421 intelligit?
2743 4365 2936 4405 eamne
2967 4363 3089 4419 quae
3131 4347 3187 4402 in
3223 4355 3471 4418 aspectu,
3510 4362 3578 4401 an

308 4424 443 4480 ἐστιν
476 4429 671 4498 ἄγνοια
695 4432 752 4485 ὲν
773 4431 852 4503 τῷ
880 4432 994 4504 Υἱῷ
1013 4432 1109 4486 τοῦ
1133 4433 1300 4502 Θεοῦ;
1326 4436 1440 4489 Καὶ
1469 4437 1632 4491 πάλιν
1652 4454 1667 4471 ο
1704 4436 1881 4508 Ὕμᾶς

1991 4456 2113 4496 eam
2145 4456 2269 4512 quae
2300 4441 2355 4496 in
2392 4442 2611 4497 actione
2647 4440 2942 4497 versatur?
2975 4439 3167 4496 Simile
3203 4447 3289 4495 est
3317 4449 3372 4494 et
3399 4439 3532 4494 illud
3564 4457 3577 4493 :

307 4515 490 4586 ἔγνων
506 4523 576 4577 ἐκ
622 4498 868 4577 πάντων
919 4498 1133 4582 edi-dir.
1171 4498 1318 4598 ’Ἃρα
1380 4523 1473 4582 οὖν
1526 4529 1596 4584 τά
1643 4498 1784 4602 ἔθνη.
1815 4498 1881 4584 τά

1993 4529 2156 4587 Novit
2209 4531 2470 4587 Dominus
2513 4548 2602 4587 eos
2655 4533 2746 4603 qui
2797 4542 2922 4587 sunt
2972 4533 3141 4603 ipsius
3164 4532 3206 4588 ⁸.
3255 4531 3580 4586 Utrumnam

308 4609 459 4667 λοιπά
490 4616 713 4685 άγνοεῖ;
740 4617 832 4688 Μὴ
871 4618 1117 4687 γένοιτοι
1157 4620 1298 4673 Ἀλλ’
1333 4616 1440 4674 οἶδε
1467 4621 1671 4690 γνῶσιν
1693 4624 1729 4694 ἡ
1761 4622 1881 4676 θεία

1990 4624 2160 4695 igitur
2197 4624 2408 4680 alienos
2444 4625 2705 4697 ignorat?
2743 4624 2876 4680 Item
2910 4625 3214 4681 :Discedite
3248 4642 3280 4678 a
3311 4640 3413 4692 me,
3451 4638 3573 4692 ope~

307 4701 519 4780 Γραφὴ,
567 4708 735 4780 ἀλλην
786 4710 888 4782 μὲν
941 4712 1086 4766 κατά
1135 4713 1339 4787 εἴδησιν
1360 4754 1375 4781 ,
1428 4714 1596 4788 ἄλλην
1631 4715 1689 4770 δὲ
1739 4716 1881 4771 κατά

1991 4719 2127 4772 rarii
2177 4717 2502 4788 iniquitatis,
2547 4734 2820 4789 nunquam
2869 4719 3011 4774 enim
3062 4720 3179 4774 novi
3224 4719 3384 4773 vos'.
3436 4716 3576 4770 Num

307 4796 515 4866 πρᾶξιν·
1990 4822 2123 4878 ergo
2159 4806 2255 4864 Dei
2283 4808 2459 4865 Filius
2495 4810 2842 4882 ignoratione
2873 4812 3058 4882 aliqua
3106 4811 3359 4866 laborat?
3404 4809 3575 4864 Item:

314 4883 410 4991 Y0:
435 4893 811 4991 ego-cognovi,
857 4909 925 4950 ea:
972 4893 1216 4950 omnibus
1265 4897 1506 4968 gentibus
1527 4897 1570 4954 ".
1621 4899 1706 4954 An
1750 4900 1872 4956 ideo
1910 4915 2138 4958 caeteras
2170 4904 2637 4976 gentesignorat?
2665 4905 2852 4962 Absit!
2886 4905 2994 4961 Sed
3056 4905 3321 4960 nimirum
3389 4905 3575 4974 cogni-

308 4983 499 5039 tionem
533 4983 818 5057 Scriptura
841 4987 1114 5059 duplicem
1142 4990 1431 5062 distinguit
1469 5013 1482 5048 :
1519 4993 1745 5049 alteram
1771 5011 1893 5066 quae
1933 4997 2050 5052 sola
2077 4997 2330 5067 scientia,
2381 4999 2612 5054 alteram
2649 5015 2772 5071 qua;
2794 5000 3012 5056 actione
3039 5001 3376 5055 continetur.

371 5077 499 5169 KA’.
546 5079 701 5135 Ἐπεὶ
726 5076 823 5136 οὖν
849 5082 943 5136 τοῦ
967 5084 1180 5155 Πατρὸς
1199 5086 1549 5159 ὁΜονογενὴς
1572 5088 1795 5162 πληρῶν
1823 5089 1881 5144 τδ

2061 5090 2205 5148 XXI.
2250 5093 2579 5165 Unigenitus
2626 5110 2758 5168 ergo
2790 5094 2963 5152 Filius
3001 5105 3286 5169 paternam
3317 5097 3579 5152 volunta-

307 5165 509 5240 θέλημα
532 5213 548 5237 ,
602 5173 883 5238 ἀπέδειξεν
935 5175 1037 5246 ἤδη
1087 5175 1156 5229 τὰ
1200 5177 1380 5232 πάντα
1411 5179 1881 5253 τετελειωμένα...

1991 5187 2101 5236 tem
2127 5197 2436 5254 exsequens
2491 5165 2734 5257 perfecta
2787 5188 2975 5242 omnia
3001 5165 3440 5244 inonstravit....
3469 5181 3576 5240 No-

307 5259 442 5330 Ξγνω
479 5265 588 5335 γὰρ
621 5266 649 5319 ὸ
688 5267 879 5339 Πατὴρ
909 5269 1008 5340 τὴν
1049 5268 1200 5340 ὥραν
1247 5271 1343 5325 καὶ
1369 5271 1468 5344 τὴν
1493 5273 1881 5348 ἡμέραν,ἔγνω

1990 5274 2068 5328 vit
2093 5274 2240 5330 enim
2264 5275 2425 5333 Pater
2452 5277 2596 5335 diem
2626 5287 2682 5334 et
2706 5279 2899 5335 horam
2927 5300 2940 5336 :
2970 5281 3144 5344 novit,
3172 5279 3424 5350 inquam,
3465 5293 3577 5333 non

309 5353 470 5458 ανξιτῇν
500 5359 598 5412 καὶ
645 5359 785 5414 κατά
825 5358 1026 5428 γνῶσιν
1059 5361 1155 5415 καὶ
1193 5361 1336 5416 κατά
1363 5365 1562 5436 πρᾶξιν
1582 5383 1595 5396 ·
1629 5367 1746 5438 ᾔδει
1775 5368 1881 5440 γὰρ

1992 5369 2308 5439 cognitione
2346 5378 2584 5442 tantum,
2621 5373 2720 5429 sed
2748 5375 2914 5430 etiam
2953 5375 3214 5429 actione:
3251 5387 3420 5443 porro
3453 5371 3580 5426 uni-

311 5443 462 5510 αὐτὸς
490 5447 689 5502 πάντα.
713 5449 824 5502 Καὶ
857 5450 916 5502 ὲν
946 5447 1022 5520 τῷ
1044 5450 1219 5504 εἰπεῖν
1249 5450 1339 5505 τὸν
1369 5452 1497 5507 Υιόν
1516 5469 1530 5484 ⁸
1581 5455 1642 5508 '0
1680 5456 1881 5527 Πατὴρ

1989 5474 2149 5515 versa
2180 5460 2298 5532 ipse
2325 5469 2506 5518 norat.
2536 5465 2616 5520 Ac
2647 5479 2774 5520 cum
2809 5463 2982 5521 Filius
3021 5463 3154 5520 dicit
3181 5481 3194 5518 :
3228 5460 3401 5516 Pater
3427 5477 3578 5515 omne

317 5601 397 5724 ‘9:
421 5601 651 5733 ϐεηίέὲῖ
668 5605 814 5742 Ξὲἶιν
838 5605 1476 5748 'ggen.:tklfés‘:lfign.
1513 5627 1666 5678 xxix,
1695 5613 1755 5668 5|
1792 5629 1916 5688 sqq.
1992 5617 2171 5676 "Gen.
2201 5637 2330 5689 xxx,
2357 5622 2450 5679 25.
2527 5623 2548 5655 "
2593 5621 2658 5680 ιιι
2693 5623 2826 5694 Reg.
2880 5637 2919 5691 ι,
2953 5623 2976 5677 1
3014 5637 3137 5694 sqq.
3217 5619 3302 5675 ⁸ιι
3330 5618 3471 5675 Ἰὶω.
3511 5634 3575 5686 ιι,

379 5829 511 5904 (ω’)
543 5833 700 5895 Forte
725 5834 1012 5909 legendum
1043 5837 1318 5910 ἀλλήλοις.
1347 5839 1503 5896 Eutr.
