  <div class='ocr_page' id='page_1' title='image "/cluster/home/n/w/nwhite01/storage/ocr_20150623/43:no.3/coo.31924054869429/036.png"; bbox 0 0 3950 6466; ppageno 0'>
   <div class='ocr_carea' id='block_1_1' title="bbox 204 436 3507 503">
    <p class='ocr_par' dir='ltr' id='par_1_1' title="bbox 204 436 3507 503">
     <span class='ocr_line' id='line_1_1' title="bbox 204 436 3507 503; baseline 0.007 -23"><span class='ocrx_word' id='word_1_1' title='bbox 204 437 264 493; x_wconf 65' lang='lat'><strong>51</strong></span> <span class='ocrx_word' id='word_1_2' title='bbox 1654 436 2087 495; x_wconf 75' lang='lat' dir='ltr'><strong>ANCORATL‘S.</strong></span> <span class='ocrx_word' id='word_1_3' title='bbox 3436 447 3507 503; x_wconf 77' lang='lat'><strong>58</strong></span> 
     </span>
    </p>
   </div>
   <div class='ocr_carea' id='block_1_2' title="bbox 209 546 1844 635">
    <p class='ocr_par' dir='ltr' id='par_1_2' title="bbox 209 546 1816 621">
     <span class='ocr_line' id='line_1_2' title="bbox 209 546 1816 621; baseline -0.001 -16"><span class='ocrx_word' id='word_1_4' title='bbox 209 551 299 605; x_wconf 68' lang='grc' dir='ltr'><strong>καὶ</strong></span> <span class='ocrx_word' id='word_1_5' title='bbox 329 548 568 605; x_wconf 75' lang='grc' dir='ltr'>ἄπιστοι</span> <span class='ocrx_word' id='word_1_6' title='bbox 593 546 915 611; x_wconf 72' lang='grc' dir='ltr'>ἀπιστοῦσι,</span> <span class='ocrx_word' id='word_1_7' title='bbox 944 547 1037 602; x_wconf 72' lang='grc' dir='ltr'><strong>καὶ</strong></span> <span class='ocrx_word' id='word_1_8' title='bbox 1060 548 1384 603; x_wconf 79' lang='grc' dir='ltr'>κακόπιστοι</span> <span class='ocrx_word' id='word_1_9' title='bbox 1416 547 1816 621; x_wconf 80' lang='grc' dir='ltr'><strong>βλασφημοῦσι,</strong></span> 
     </span>
    </p>
   </div>
   <div class='ocr_carea' id='block_1_3' title="bbox 1949 546 3508 635">
    <p class='ocr_par' dir='ltr' id='par_1_3' title="bbox 1949 553 3508 630">
     <span class='ocr_line' id='line_1_3' title="bbox 1949 553 3508 630; baseline 0.005 -22"><span class='ocrx_word' id='word_1_10' title='bbox 1949 553 2167 608; x_wconf 69' lang='lat' dir='ltr'><strong>nondum</strong></span> <span class='ocrx_word' id='word_1_11' title='bbox 2229 562 2411 609; x_wconf 86' lang='lat' dir='ltr'><strong>tamen</strong></span> <span class='ocrx_word' id='word_1_12' title='bbox 2466 569 2586 610; x_wconf 85' lang='lat' dir='ltr'><strong>eam</strong></span> <span class='ocrx_word' id='word_1_13' title='bbox 2643 571 2709 612; x_wconf 85' lang='lat' dir='ltr'><strong>ex</strong></span> <span class='ocrx_word' id='word_1_14' title='bbox 2750 556 2843 611; x_wconf 91' lang='lat' dir='ltr'><strong>illa</strong></span> <span class='ocrx_word' id='word_1_15' title='bbox 2890 558 3203 629; x_wconf 82' lang='lat' dir='ltr'><strong>cognitione</strong></span> <span class='ocrx_word' id='word_1_16' title='bbox 3228 559 3508 630; x_wconf 80' lang='lat' dir='ltr'><strong>produxit,</strong></span> 
     </span>
    </p>
   </div>
   <div class='ocr_carea' id='block_1_4' title="bbox 215 640 1844 719">
    <p class='ocr_par' dir='ltr' id='par_1_4' title="bbox 215 640 1818 711">
     <span class='ocr_line' id='line_1_4' title="bbox 215 640 1818 711; baseline -0.001 -14"><span class='ocrx_word' id='word_1_17' title='bbox 215 653 304 697; x_wconf 76' lang='grc' dir='ltr'>και</span> <span class='ocrx_word' id='word_1_18' title='bbox 324 644 356 695; x_wconf 88' lang='grc' dir='ltr'><strong>δ</strong></span> <span class='ocrx_word' id='word_1_19' title='bbox 396 641 654 705; x_wconf 76' lang='grc' dir='ltr'>διάϐολός</span> <span class='ocrx_word' id='word_1_20' title='bbox 681 642 916 711; x_wconf 79' lang='grc' dir='ltr'><strong>ἐνεργεῖ,</strong></span> <span class='ocrx_word' id='word_1_21' title='bbox 944 641 1038 692; x_wconf 77' lang='grc' dir='ltr'><strong>καὶ</strong></span> <span class='ocrx_word' id='word_1_22' title='bbox 1062 641 1440 711; x_wconf 82' lang='grc' dir='ltr'>ἁμαρτήματα</span> <span class='ocrx_word' id='word_1_23' title='bbox 1468 640 1697 708; x_wconf 83' lang='grc' dir='ltr'>γίνεται,</span> <span class='ocrx_word' id='word_1_24' title='bbox 1724 642 1818 696; x_wconf 76' lang='grc' dir='ltr'><strong>καὶ</strong></span> 
     </span>
    </p>
   </div>
   <div class='ocr_carea' id='block_1_5' title="bbox 1949 640 3507 719">
    <p class='ocr_par' dir='ltr' id='par_1_5' title="bbox 1949 647 3507 719">
     <span class='ocr_line' id='line_1_5' title="bbox 1949 647 3507 719; baseline 0.005 -19"><span class='ocrx_word' id='word_1_25' title='bbox 1949 660 2030 701; x_wconf 78' lang='grc' dir='ltr'><strong>ιοο</strong></span> <span class='ocrx_word' id='word_1_26' title='bbox 2085 654 2171 702; x_wconf 88' lang='lat' dir='ltr'><strong>est</strong></span> <span class='ocrx_word' id='word_1_27' title='bbox 2224 647 2471 702; x_wconf 89' lang='lat' dir='ltr'><strong>nondum</strong></span> <span class='ocrx_word' id='word_1_28' title='bbox 2524 648 2743 704; x_wconf 89' lang='lat' dir='ltr'><strong>actione</strong></span> <span class='ocrx_word' id='word_1_29' title='bbox 2790 651 3048 719; x_wconf 74' lang='lat' dir='ltr'><strong>cognovit</strong></span> <span class='ocrx_word' id='word_1_30' title='bbox 3081 670 3092 705; x_wconf 91' lang='lat'><strong>:</strong></span> <span class='ocrx_word' id='word_1_31' title='bbox 3128 651 3306 706; x_wconf 87' lang='lat' dir='ltr'><strong>adhuc</strong></span> <span class='ocrx_word' id='word_1_32' title='bbox 3360 655 3507 708; x_wconf 89' lang='lat' dir='ltr'><strong>enim</strong></span> 
     </span>
    </p>
   </div>
   <div class='ocr_carea' id='block_1_6' title="bbox 218 731 1844 809">
    <p class='ocr_par' dir='ltr' id='par_1_6' title="bbox 218 731 1817 807">
     <span class='ocr_line' id='line_1_6' title="bbox 218 731 1817 807; baseline 0.001 -19"><span class='ocrx_word' id='word_1_33' title='bbox 218 737 251 806; x_wconf 77' lang='grc' dir='ltr'><strong>ἡ</strong></span> <span class='ocrx_word' id='word_1_34' title='bbox 290 734 482 788; x_wconf 73' lang='grc' dir='ltr'>ἀδικία</span> <span class='ocrx_word' id='word_1_35' title='bbox 509 737 732 807; x_wconf 77' lang='grc' dir='ltr'>κρατεῖ,</span> <span class='ocrx_word' id='word_1_36' title='bbox 775 735 873 787; x_wconf 76' lang='grc' dir='ltr'><strong>καὶ</strong></span> <span class='ocrx_word' id='word_1_37' title='bbox 915 733 1156 805; x_wconf 82' lang='grc' dir='ltr'>ἠκρίσις</span> <span class='ocrx_word' id='word_1_38' title='bbox 1200 731 1584 805; x_wconf 82' lang='grc' dir='ltr'><strong>μακροθυμεῖ·</strong></span> <span class='ocrx_word' id='word_1_39' title='bbox 1624 733 1729 798; x_wconf 81' lang='grc' dir='ltr'><strong>ἓως</strong></span> <span class='ocrx_word' id='word_1_40' title='bbox 1749 733 1817 789; x_wconf 83' lang='grc' dir='ltr'>ἂν</span> 
     </span>
    </p>
   </div>
   <div class='ocr_carea' id='block_1_7' title="bbox 1949 731 3508 809">
    <p class='ocr_par' dir='ltr' id='par_1_7' title="bbox 1949 736 3508 809">
     <span class='ocr_line' id='line_1_7' title="bbox 1949 736 3508 809; baseline 0.006 -19"><span class='ocrx_word' id='word_1_41' title='bbox 1949 736 2077 806; x_wconf 90' lang='lat' dir='ltr'><strong>mpii</strong></span> <span class='ocrx_word' id='word_1_42' title='bbox 2125 737 2293 808; x_wconf 85' lang='lat' dir='ltr'><strong>impie</strong></span> <span class='ocrx_word' id='word_1_43' title='bbox 2339 752 2462 794; x_wconf 90' lang='lat' dir='ltr'><strong>sese</strong></span> <span class='ocrx_word' id='word_1_44' title='bbox 2502 746 2722 809; x_wconf 88' lang='lat' dir='ltr'><strong>gerunt,</strong></span> <span class='ocrx_word' id='word_1_45' title='bbox 2770 748 2825 795; x_wconf 88' lang='lat' dir='ltr'><strong>et</strong></span> <span class='ocrx_word' id='word_1_46' title='bbox 2857 740 3103 798; x_wconf 80' lang='lat' dir='ltr'><strong>infideles</strong></span> <span class='ocrx_word' id='word_1_47' title='bbox 3133 742 3508 799; x_wconf 84' lang='lat' dir='ltr'><strong>infidelitatem</strong></span> 
     </span>
    </p>
   </div>
   <div class='ocr_carea' id='block_1_8' title="bbox 220 824 1844 901">
    <p class='ocr_par' dir='ltr' id='par_1_8' title="bbox 220 824 1819 899">
     <span class='ocr_line' id='line_1_8' title="bbox 220 824 1819 899; baseline 0.001 -20"><span class='ocrx_word' id='word_1_48' title='bbox 220 826 373 896; x_wconf 67' lang='grc' dir='ltr'>ἔλθῃ.</span> <span class='ocrx_word' id='word_1_49' title='bbox 431 827 532 880; x_wconf 75' lang='grc' dir='ltr'><strong>καὶ</strong></span> <span class='ocrx_word' id='word_1_50' title='bbox 559 825 676 897; x_wconf 84' lang='grc' dir='ltr'>γνῷ</span> <span class='ocrx_word' id='word_1_51' title='bbox 708 826 880 897; x_wconf 82' lang='grc' dir='ltr'>αὐτὴν</span> <span class='ocrx_word' id='word_1_52' title='bbox 912 825 1053 880; x_wconf 79' lang='grc' dir='ltr'>κατὰ</span> <span class='ocrx_word' id='word_1_53' title='bbox 1093 824 1315 897; x_wconf 79' lang='grc' dir='ltr'>πρᾶξιν,</span> <span class='ocrx_word' id='word_1_54' title='bbox 1346 826 1442 879; x_wconf 71' lang='grc' dir='ltr'><strong>καὶ</strong></span> <span class='ocrx_word' id='word_1_55' title='bbox 1475 826 1680 899; x_wconf 80' lang='grc' dir='ltr'><strong>ποιήσῃ</strong></span> <span class='ocrx_word' id='word_1_56' title='bbox 1716 827 1819 897; x_wconf 84' lang='grc' dir='ltr'><strong>τὴν</strong></span> 
     </span>
    </p>
   </div>
   <div class='ocr_carea' id='block_1_9' title="bbox 1949 824 3507 901">
    <p class='ocr_par' dir='ltr' id='par_1_9' title="bbox 1949 831 3507 901">
     <span class='ocr_line' id='line_1_9' title="bbox 1949 831 3507 901; baseline 0.003 -17"><span class='ocrx_word' id='word_1_57' title='bbox 1949 838 2208 895; x_wconf 77' lang='grc' dir='ltr'>ιιιει-οοιιι,</span> <span class='ocrx_word' id='word_1_58' title='bbox 2246 838 2301 885; x_wconf 88' lang='lat' dir='ltr'><strong>et</strong></span> <span class='ocrx_word' id='word_1_59' title='bbox 2334 833 2578 887; x_wconf 64' lang='lat' dir='ltr'><strong>haeretici</strong></span> <span class='ocrx_word' id='word_1_60' title='bbox 2622 831 2790 893; x_wconf 88' lang='lat' dir='ltr'><strong>Deum</strong></span> <span class='ocrx_word' id='word_1_61' title='bbox 2821 835 3172 890; x_wconf 84' lang='lat' dir='ltr'><strong>contumeliis</strong></span> <span class='ocrx_word' id='word_1_62' title='bbox 3200 837 3507 901; x_wconf 90' lang='lat' dir='ltr'><strong>incessunt,</strong></span> 
     </span>
    </p>
   </div>
   <div class='ocr_carea' id='block_1_10' title="bbox 221 916 1844 999">
    <p class='ocr_par' dir='ltr' id='par_1_10' title="bbox 221 916 1821 990">
     <span class='ocr_line' id='line_1_10' title="bbox 221 916 1821 990; baseline -0.001 -18"><span class='ocrx_word' id='word_1_63' title='bbox 221 919 531 990; x_wconf 73' lang='grc' dir='ltr'>ἐκδίκησιν,</span> <span class='ocrx_word' id='word_1_64' title='bbox 591 919 690 973; x_wconf 80' lang='grc' dir='ltr'><strong>καὶ</strong></span> <span class='ocrx_word' id='word_1_65' title='bbox 749 918 899 990; x_wconf 79' lang='grc' dir='ltr'>σώσῃ</span> <span class='ocrx_word' id='word_1_66' title='bbox 948 919 1076 981; x_wconf 83' lang='grc' dir='ltr'>τοὺς</span> <span class='ocrx_word' id='word_1_67' title='bbox 1127 920 1186 972; x_wconf 80' lang='grc' dir='ltr'>ὲν</span> <span class='ocrx_word' id='word_1_68' title='bbox 1236 917 1467 989; x_wconf 73' lang='grc' dir='ltr'>ἀληθεία</span> <span class='ocrx_word' id='word_1_69' title='bbox 1498 916 1821 983; x_wconf 73' lang='grc' dir='ltr'><strong>ἐλπίζοντας</strong></span> 
     </span>
    </p>
   </div>
   <div class='ocr_carea' id='block_1_11' title="bbox 1949 916 3513 999">
    <p class='ocr_par' dir='ltr' id='par_1_11' title="bbox 1949 920 3513 999">
     <span class='ocr_line' id='line_1_11' title="bbox 1949 920 3513 999; baseline 0.006 -26"><span class='ocrx_word' id='word_1_70' title='bbox 1949 933 1974 977; x_wconf 74' lang='grc' dir='ltr'><strong>ιι</strong></span> <span class='ocrx_word' id='word_1_71' title='bbox 2007 920 2261 978; x_wconf 78' lang='lat' dir='ltr'><strong>diabolus</strong></span> <span class='ocrx_word' id='word_1_72' title='bbox 2305 932 2585 993; x_wconf 90' lang='lat' dir='ltr'><strong>operatur,</strong></span> <span class='ocrx_word' id='word_1_73' title='bbox 2631 932 2687 981; x_wconf 91' lang='lat' dir='ltr'><strong>et</strong></span> <span class='ocrx_word' id='word_1_74' title='bbox 2735 936 2961 998; x_wconf 87' lang='lat' dir='ltr'><strong>peccata</strong></span> <span class='ocrx_word' id='word_1_75' title='bbox 3012 938 3424 999; x_wconf 81' lang='lat' dir='ltr'><strong>perpetrantur,</strong></span> <span class='ocrx_word' id='word_1_76' title='bbox 3458 934 3513 983; x_wconf 90' lang='lat' dir='ltr'><strong>et</strong></span> 
     </span>
    </p>
   </div>
   <div class='ocr_carea' id='block_1_12' title="bbox 222 1007 1844 1091">
    <p class='ocr_par' dir='ltr' id='par_1_12' title="bbox 222 1007 1820 1082">
     <span class='ocr_line' id='line_1_12' title="bbox 222 1007 1820 1082; baseline 0 -19"><span class='ocrx_word' id='word_1_77' title='bbox 222 1011 305 1063; x_wconf 71' lang='grc' dir='ltr'><strong>ἐπ’</strong></span> <span class='ocrx_word' id='word_1_78' title='bbox 330 1011 518 1077; x_wconf 85' lang='grc' dir='ltr'>αὑτὸν,</span> <span class='ocrx_word' id='word_1_79' title='bbox 547 1011 645 1065; x_wconf 73' lang='grc' dir='ltr'><strong>καὶ</strong></span> <span class='ocrx_word' id='word_1_80' title='bbox 672 1009 750 1082; x_wconf 81' lang='grc' dir='ltr'>μὴ</span> <span class='ocrx_word' id='word_1_81' title='bbox 776 1009 1233 1081; x_wconf 72' lang='grc' dir='ltr'><strong>βλασφημοῦντας</strong></span> <span class='ocrx_word' id='word_1_82' title='bbox 1266 1008 1431 1063; x_wconf 84' lang='grc' dir='ltr'>αὐτοῦ</span> <span class='ocrx_word' id='word_1_83' title='bbox 1462 1007 1559 1080; x_wconf 81' lang='grc' dir='ltr'>τὴν</span> <span class='ocrx_word' id='word_1_84' title='bbox 1588 1008 1820 1080; x_wconf 84' lang='grc' dir='ltr'>θεότητα</span> 
     </span>
    </p>
   </div>
   <div class='ocr_carea' id='block_1_13' title="bbox 1949 1007 3556 1091">
    <p class='ocr_par' dir='ltr' id='par_1_13' title="bbox 1949 1014 3556 1091">
     <span class='ocr_line' id='line_1_13' title="bbox 1949 1014 3556 1091; baseline 0.003 -22"><span class='ocrx_word' id='word_1_85' title='bbox 1949 1014 2192 1084; x_wconf 69' lang='lat' dir='ltr'><strong>niustitia</strong></span> <span class='ocrx_word' id='word_1_86' title='bbox 2228 1027 2438 1087; x_wconf 86' lang='lat' dir='ltr'><strong>regnat,</strong></span> <span class='ocrx_word' id='word_1_87' title='bbox 2472 1016 2578 1088; x_wconf 80' lang='lat'><strong>27</strong></span> <span class='ocrx_word' id='word_1_88' title='bbox 2619 1026 2674 1074; x_wconf 88' lang='lat' dir='ltr'><strong>et</strong></span> <span class='ocrx_word' id='word_1_89' title='bbox 2712 1019 2985 1089; x_wconf 79' lang='lat' dir='ltr'><strong>judicium</strong></span> <span class='ocrx_word' id='word_1_90' title='bbox 3018 1022 3289 1091; x_wconf 89' lang='lat' dir='ltr'><strong>patienter</strong></span> <span class='ocrx_word' id='word_1_91' title='bbox 3324 1021 3513 1075; x_wconf 78' lang='lat' dir='ltr'><strong>dilTer-</strong></span> <span class='ocrx_word' id='word_1_92' title='bbox 3548 1045 3556 1053; x_wconf 94' lang='lat'><strong><em>-</em></strong></span> 
     </span>
    </p>
   </div>
   <div class='ocr_carea' id='block_1_14' title="bbox 226 1101 1844 1193">
    <p class='ocr_par' dir='ltr' id='par_1_14' title="bbox 226 1101 1402 1193">
     <span class='ocr_line' id='line_1_14' title="bbox 226 1101 1402 1193; baseline -0.002 -36"><span class='ocrx_word' id='word_1_93' title='bbox 226 1103 453 1193; x_wconf 48' lang='grc' dir='ltr'>Πατρδς.</span> <span class='ocrx_word' id='word_1_94' title='bbox 473 1105 569 1156; x_wconf 76' lang='grc' dir='ltr'><strong>καὶ</strong></span> <span class='ocrx_word' id='word_1_95' title='bbox 598 1102 730 1156; x_wconf 86' lang='grc' dir='ltr'>Υίοῦ</span> <span class='ocrx_word' id='word_1_96' title='bbox 760 1102 855 1157; x_wconf 78' lang='grc' dir='ltr'><strong>καὶ</strong></span> <span class='ocrx_word' id='word_1_97' title='bbox 875 1102 1031 1171; x_wconf 82' lang='grc' dir='ltr'><strong>ἁγίου</strong></span> <span class='ocrx_word' id='word_1_98' title='bbox 1059 1101 1200 1157; x_wconf 84' lang='grc' dir='ltr'>Πνεύ</span> <span class='ocrx_word' id='word_1_99' title='bbox 1211 1119 1402 1173; x_wconf 78' lang='grc' dir='ltr'>ματος.</span> 
     </span>
    </p>
   </div>
   <div class='ocr_carea' id='block_1_15' title="bbox 1949 1101 3513 1193">
    <p class='ocr_par' dir='ltr' id='par_1_15' title="bbox 1949 1107 3513 1183">
     <span class='ocr_line' id='line_1_15' title="bbox 1949 1107 3513 1183; baseline 0.003 -22"><span class='ocrx_word' id='word_1_100' title='bbox 1949 1122 2049 1170; x_wconf 91' lang='lat' dir='ltr'><strong>ur,</strong></span> <span class='ocrx_word' id='word_1_101' title='bbox 2112 1107 2290 1163; x_wconf 81' lang='lat' dir='ltr'><strong>denee</strong></span> <span class='ocrx_word' id='word_1_102' title='bbox 2347 1123 2450 1162; x_wconf 90' lang='lat' dir='ltr'><strong>suo</strong></span> <span class='ocrx_word' id='word_1_103' title='bbox 2523 1114 2770 1180; x_wconf 84' lang='lat' dir='ltr'><strong>tempore</strong></span> <span class='ocrx_word' id='word_1_104' title='bbox 2827 1113 3032 1175; x_wconf 83' lang='lat' dir='ltr'><strong>veniat,</strong></span> <span class='ocrx_word' id='word_1_105' title='bbox 3102 1112 3264 1183; x_wconf 83' lang='lat' dir='ltr'><strong>idque</strong></span> <span class='ocrx_word' id='word_1_106' title='bbox 3339 1110 3513 1166; x_wconf 84' lang='lat' dir='ltr'><strong>Filius</strong></span> 
     </span>
    </p>
   </div>
   <div class='ocr_carea' id='block_1_16' title="bbox 222 1193 3518 1274">
    <p class='ocr_par' dir='ltr' id='par_1_16' title="bbox 222 1193 3518 1274">
     <span class='ocr_line' id='line_1_16' title="bbox 222 1193 3518 1274; baseline 0.002 -27"><span class='ocrx_word' id='word_1_107' title='bbox 222 1193 446 1250; x_wconf 82' lang='lat' dir='ltr'><strong>actione</strong></span> <span class='ocrx_word' id='word_1_108' title='bbox 475 1195 594 1265; x_wconf 89' lang='lat' dir='ltr'><strong>ipsa</strong></span> <span class='ocrx_word' id='word_1_109' title='bbox 622 1200 946 1264; x_wconf 84' lang='lat' dir='ltr'><strong>cognoscat,</strong></span> <span class='ocrx_word' id='word_1_110' title='bbox 988 1202 1043 1250; x_wconf 90' lang='lat' dir='ltr'><strong>et</strong></span> <span class='ocrx_word' id='word_1_111' title='bbox 1075 1194 1342 1251; x_wconf 83' lang='lat' dir='ltr'><strong>ultionem</strong></span> <span class='ocrx_word' id='word_1_112' title='bbox 1373 1194 1651 1261; x_wconf 84' lang='lat' dir='ltr'><strong>instituat,</strong></span> <span class='ocrx_word' id='word_1_113' title='bbox 1707 1208 1915 1266; x_wconf 87' lang='lat' dir='ltr'><strong>eosque</strong></span> <span class='ocrx_word' id='word_1_114' title='bbox 1985 1209 2188 1263; x_wconf 81' lang='lat' dir='ltr'><strong>servet,</strong></span> <span class='ocrx_word' id='word_1_115' title='bbox 2249 1199 2346 1269; x_wconf 87' lang='lat' dir='ltr'><strong>qui</strong></span> <span class='ocrx_word' id='word_1_116' title='bbox 2412 1214 2602 1255; x_wconf 83' lang='lat' dir='ltr'><strong>revera</strong></span> <span class='ocrx_word' id='word_1_117' title='bbox 2648 1215 2801 1271; x_wconf 88' lang='lat' dir='ltr'><strong>spem</strong></span> <span class='ocrx_word' id='word_1_118' title='bbox 2846 1218 3001 1258; x_wconf 86' lang='lat' dir='ltr'><strong>suam</strong></span> <span class='ocrx_word' id='word_1_119' title='bbox 3069 1204 3125 1258; x_wconf 91' lang='lat' dir='ltr'><strong>in</strong></span> <span class='ocrx_word' id='word_1_120' title='bbox 3183 1204 3303 1274; x_wconf 86' lang='lat' dir='ltr'><strong>ipso</strong></span> <span class='ocrx_word' id='word_1_121' title='bbox 3346 1203 3518 1258; x_wconf 86' lang='lat' dir='ltr'><strong>collo-</strong></span> 
     </span>
    </p>
   </div>
   <div class='ocr_carea' id='block_1_17' title="bbox 223 1282 3503 1387">
    <p class='ocr_par' dir='ltr' id='par_1_17' title="bbox 223 1282 3503 1364">
     <span class='ocr_line' id='line_1_17' title="bbox 223 1282 3503 1364; baseline 0.003 -27"><span class='ocrx_word' id='word_1_122' title='bbox 223 1291 375 1348; x_wconf 85' lang='lat' dir='ltr'><strong>cant,</strong></span> <span class='ocrx_word' id='word_1_123' title='bbox 445 1282 628 1355; x_wconf 83' lang='lat' dir='ltr'><strong>neque</strong></span> <span class='ocrx_word' id='word_1_124' title='bbox 670 1283 948 1351; x_wconf 70' lang='lat' dir='ltr'><strong>divinitati</strong></span> <span class='ocrx_word' id='word_1_125' title='bbox 993 1298 1109 1339; x_wconf 62' lang='lat' dir='ltr'><strong>suae</strong></span> <span class='ocrx_word' id='word_1_126' title='bbox 1157 1284 1555 1340; x_wconf 81' lang='lat' dir='ltr'><strong>contumeliam</strong></span> <span class='ocrx_word' id='word_1_127' title='bbox 1609 1282 1840 1351; x_wconf 83' lang='lat' dir='ltr'><strong>faciunt,</strong></span> <span class='ocrx_word' id='word_1_128' title='bbox 1900 1300 2025 1358; x_wconf 63' lang='lat' dir='ltr'><strong>quae</strong></span> <span class='ocrx_word' id='word_1_129' title='bbox 2089 1297 2174 1344; x_wconf 85' lang='lat' dir='ltr'><strong>est</strong></span> <span class='ocrx_word' id='word_1_130' title='bbox 2223 1286 2406 1356; x_wconf 84' lang='lat' dir='ltr'><strong>Patri,</strong></span> <span class='ocrx_word' id='word_1_131' title='bbox 2457 1288 2599 1345; x_wconf 86' lang='lat' dir='ltr'><strong>Filio</strong></span> <span class='ocrx_word' id='word_1_132' title='bbox 2652 1305 2718 1346; x_wconf 88' lang='lat' dir='ltr'><strong>ac</strong></span> <span class='ocrx_word' id='word_1_133' title='bbox 2779 1292 3015 1364; x_wconf 81' lang='lat' dir='ltr'><strong>Spiritui</strong></span> <span class='ocrx_word' id='word_1_134' title='bbox 3091 1304 3284 1350; x_wconf 87' lang='lat' dir='ltr'><strong>sancto</strong></span> <span class='ocrx_word' id='word_1_135' title='bbox 3346 1309 3503 1349; x_wconf 87' lang='lat' dir='ltr'><strong>com-</strong></span> 
     </span>
    </p>
   </div>
   <div class='ocr_carea' id='block_1_18' title="bbox 224 1392 435 1433">
    <p class='ocr_par' dir='ltr' id='par_1_18' title="bbox 224 1392 435 1433">
     <span class='ocr_line' id='line_1_18' title="bbox 224 1392 435 1433; baseline -0.009 -1"><span class='ocrx_word' id='word_1_136' title='bbox 224 1392 435 1433; x_wconf 80' lang='lat' dir='ltr'><strong>munis.</strong></span> 
     </span>
    </p>
   </div>
   <div class='ocr_carea' id='block_1_19' title="bbox 294 1468 1844 1544">
    <p class='ocr_par' dir='ltr' id='par_1_19' title="bbox 294 1469 1825 1541">
     <span class='ocr_line' id='line_1_19' title="bbox 294 1469 1825 1541; baseline 0.001 -17"><span class='ocrx_word' id='word_1_137' title='bbox 294 1472 429 1525; x_wconf 81' lang='lat' dir='ltr'><strong>KB&#39;.</strong></span> <span class='ocrx_word' id='word_1_138' title='bbox 475 1471 563 1536; x_wconf 78' lang='grc' dir='ltr'><strong>Ἐξ</strong></span> <span class='ocrx_word' id='word_1_139' title='bbox 617 1469 788 1540; x_wconf 83' lang='grc' dir='ltr'>ἁγίων</span> <span class='ocrx_word' id='word_1_140' title='bbox 833 1470 890 1525; x_wconf 80' lang='grc' dir='ltr'>δὲ</span> <span class='ocrx_word' id='word_1_141' title='bbox 932 1470 1183 1541; x_wconf 81' lang='grc' dir='ltr'>ἀγγέλων</span> <span class='ocrx_word' id='word_1_142' title='bbox 1232 1470 1482 1527; x_wconf 86' lang='grc' dir='ltr'>λείπεται</span> <span class='ocrx_word' id='word_1_143' title='bbox 1530 1472 1676 1526; x_wconf 81' lang='grc' dir='ltr'><strong>κατὰ</strong></span> <span class='ocrx_word' id='word_1_144' title='bbox 1729 1470 1825 1525; x_wconf 83' lang='grc' dir='ltr'><strong>δύο</strong></span> 
     </span>
    </p>
   </div>
   <div class='ocr_carea' id='block_1_20' title="bbox 1949 1468 3514 1544">
    <p class='ocr_par' dir='ltr' id='par_1_20' title="bbox 1996 1468 3514 1544">
     <span class='ocr_line' id='line_1_20' title="bbox 1996 1468 3514 1544; baseline 0.003 -20"><span class='ocrx_word' id='word_1_145' title='bbox 1996 1468 2162 1525; x_wconf 80' lang='lat' dir='ltr'><strong>XXII.</strong></span> <span class='ocrx_word' id='word_1_146' title='bbox 2205 1470 2364 1538; x_wconf 84' lang='lat' dir='ltr'><strong>Quod</strong></span> <span class='ocrx_word' id='word_1_147' title='bbox 2414 1486 2545 1527; x_wconf 82' lang='lat' dir='ltr'><strong>vero</strong></span> <span class='ocrx_word' id='word_1_148' title='bbox 2596 1470 2665 1526; x_wconf 86' lang='lat' dir='ltr'><strong>ad</strong></span> <span class='ocrx_word' id='word_1_149' title='bbox 2708 1479 2933 1529; x_wconf 87' lang='lat' dir='ltr'><strong>sanctos</strong></span> <span class='ocrx_word' id='word_1_150' title='bbox 2984 1472 3210 1541; x_wconf 78' lang='lat' dir='ltr'><strong>angelos</strong></span> <span class='ocrx_word' id='word_1_151' title='bbox 3254 1474 3514 1544; x_wconf 78' lang='lat' dir='ltr'><strong>pertinet,</strong></span> 
     </span>
    </p>
   </div>
   <div class='ocr_carea' id='block_1_21' title="bbox 222 1561 1844 1637">
    <p class='ocr_par' dir='ltr' id='par_1_21' title="bbox 222 1562 1826 1637">
     <span class='ocr_line' id='line_1_21' title="bbox 222 1562 1826 1637; baseline -0.001 -20"><span class='ocrx_word' id='word_1_152' title='bbox 222 1564 520 1637; x_wconf 78' lang='grc' dir='ltr'>τρόπουςή</span> <span class='ocrx_word' id='word_1_153' title='bbox 551 1562 775 1634; x_wconf 77' lang='grc' dir='ltr'><strong>τοιαύτη</strong></span> <span class='ocrx_word' id='word_1_154' title='bbox 825 1563 975 1631; x_wconf 81' lang='grc' dir='ltr'>ἀξία.</span> <span class='ocrx_word' id='word_1_155' title='bbox 1014 1563 1200 1635; x_wconf 82' lang='grc' dir='ltr'>Τίμιοι</span> <span class='ocrx_word' id='word_1_156' title='bbox 1260 1564 1362 1635; x_wconf 83' lang='grc' dir='ltr'>μὲν</span> <span class='ocrx_word' id='word_1_157' title='bbox 1400 1565 1511 1637; x_wconf 82' lang='grc' dir='ltr'>γάρ</span> <span class='ocrx_word' id='word_1_158' title='bbox 1548 1567 1687 1619; x_wconf 87' lang='grc' dir='ltr'>εἰσιν</span> <span class='ocrx_word' id='word_1_159' title='bbox 1715 1564 1826 1618; x_wconf 80' lang='grc' dir='ltr'><strong>ἀπὸ</strong></span> 
     </span>
    </p>
   </div>
   <div class='ocr_carea' id='block_1_22' title="bbox 1949 1561 3514 1637">
    <p class='ocr_par' dir='ltr' id='par_1_22' title="bbox 1949 1561 3514 1636">
     <span class='ocr_line' id='line_1_22' title="bbox 1949 1561 3514 1636; baseline 0.003 -21"><span class='ocrx_word' id='word_1_160' title='bbox 1949 1561 2143 1617; x_wconf 86' lang='lat' dir='ltr'><strong>luobus</strong></span> <span class='ocrx_word' id='word_1_161' title='bbox 2173 1564 2353 1619; x_wconf 90' lang='lat' dir='ltr'><strong>modis</strong></span> <span class='ocrx_word' id='word_1_162' title='bbox 2378 1563 2492 1619; x_wconf 65' lang='lat' dir='ltr'><strong>haec</strong></span> <span class='ocrx_word' id='word_1_163' title='bbox 2524 1564 2635 1618; x_wconf 90' lang='lat' dir='ltr'><strong>illis</strong></span> <span class='ocrx_word' id='word_1_164' title='bbox 2665 1572 2750 1620; x_wconf 89' lang='lat' dir='ltr'><strong>est</strong></span> <span class='ocrx_word' id='word_1_165' title='bbox 2772 1564 3043 1636; x_wconf 82' lang='lat' dir='ltr'><strong>denegata</strong></span> <span class='ocrx_word' id='word_1_166' title='bbox 3086 1565 3345 1636; x_wconf 82' lang='lat' dir='ltr'><strong>dignitas.</strong></span> <span class='ocrx_word' id='word_1_167' title='bbox 3380 1566 3514 1621; x_wconf 76' lang='lat' dir='ltr'><strong>Nam</strong></span> 
     </span>
    </p>
   </div>
   <div class='ocr_carea' id='block_1_23' title="bbox 222 1655 1844 1729">
    <p class='ocr_par' dir='ltr' id='par_1_23' title="bbox 222 1655 1822 1728">
     <span class='ocr_line' id='line_1_23' title="bbox 222 1655 1822 1728; baseline -0.001 -16"><span class='ocrx_word' id='word_1_168' title='bbox 222 1656 444 1728; x_wconf 80' lang='grc' dir='ltr'>Πατρὸς</span> <span class='ocrx_word' id='word_1_169' title='bbox 478 1657 570 1710; x_wconf 58' lang='grc' dir='ltr'><strong>καὶ⁸</strong></span> <span class='ocrx_word' id='word_1_170' title='bbox 596 1655 722 1709; x_wconf 86' lang='grc' dir='ltr'>Υίοῦ</span> <span class='ocrx_word' id='word_1_171' title='bbox 768 1657 861 1710; x_wconf 77' lang='grc' dir='ltr'><strong>καὶ</strong></span> <span class='ocrx_word' id='word_1_172' title='bbox 889 1656 1048 1725; x_wconf 80' lang='grc' dir='ltr'>ἁγίου</span> <span class='ocrx_word' id='word_1_173' title='bbox 1087 1656 1409 1727; x_wconf 83' lang='grc' dir='ltr'>Πνεύματος</span> <span class='ocrx_word' id='word_1_174' title='bbox 1432 1656 1593 1711; x_wconf 87' lang='grc' dir='ltr'>τοῦτο</span> <span class='ocrx_word' id='word_1_175' title='bbox 1620 1674 1822 1728; x_wconf 81' lang='grc' dir='ltr'>κεκτη-</span> 
     </span>
    </p>
   </div>
   <div class='ocr_carea' id='block_1_24' title="bbox 1949 1655 3516 1729">
    <p class='ocr_par' dir='ltr' id='par_1_24' title="bbox 1949 1655 3516 1729">
     <span class='ocr_line' id='line_1_24' title="bbox 1949 1655 3516 1729; baseline 0.006 -23"><span class='ocrx_word' id='word_1_176' title='bbox 1949 1655 2173 1723; x_wconf 71' lang='lat' dir='ltr'><strong>llioqnin</strong></span> <span class='ocrx_word' id='word_1_177' title='bbox 2216 1655 2424 1710; x_wconf 86' lang='lat' dir='ltr'><strong>honore</strong></span> <span class='ocrx_word' id='word_1_178' title='bbox 2469 1656 2620 1727; x_wconf 85' lang='lat' dir='ltr'><strong>digni</strong></span> <span class='ocrx_word' id='word_1_179' title='bbox 2667 1667 2817 1722; x_wconf 90' lang='lat' dir='ltr'><strong>sunt,</strong></span> <span class='ocrx_word' id='word_1_180' title='bbox 2875 1657 3039 1728; x_wconf 84' lang='lat' dir='ltr'><strong>idque</strong></span> <span class='ocrx_word' id='word_1_181' title='bbox 3086 1658 3265 1729; x_wconf 90' lang='lat' dir='ltr'><strong>ipsum</strong></span> <span class='ocrx_word' id='word_1_182' title='bbox 3292 1675 3324 1712; x_wconf 88' lang='lat' dir='ltr'><strong>a</strong></span> <span class='ocrx_word' id='word_1_183' title='bbox 3355 1658 3516 1715; x_wconf 84' lang='lat' dir='ltr'><strong>Patre</strong></span> 
     </span>
    </p>
   </div>
   <div class='ocr_carea' id='block_1_25' title="bbox 226 1744 1844 1821">
    <p class='ocr_par' dir='ltr' id='par_1_25' title="bbox 226 1748 1826 1821">
     <span class='ocr_line' id='line_1_25' title="bbox 226 1748 1826 1821; baseline 0.001 -20"><span class='ocrx_word' id='word_1_184' title='bbox 226 1749 405 1821; x_wconf 74' lang='grc' dir='ltr'>μένοι.</span> <span class='ocrx_word' id='word_1_185' title='bbox 437 1749 696 1802; x_wconf 83' lang='grc' dir='ltr'>Λείπεται</span> <span class='ocrx_word' id='word_1_186' title='bbox 745 1748 802 1802; x_wconf 72' lang='grc' dir='ltr'>δὲ</span> <span class='ocrx_word' id='word_1_187' title='bbox 862 1750 1047 1812; x_wconf 82' lang='grc' dir='ltr'>αὐτοῖς</span> <span class='ocrx_word' id='word_1_188' title='bbox 1074 1749 1260 1803; x_wconf 88' lang='grc' dir='ltr'>τοῦτο·</span> <span class='ocrx_word' id='word_1_189' title='bbox 1303 1750 1364 1803; x_wconf 80' lang='grc' dir='ltr'>οὐ</span> <span class='ocrx_word' id='word_1_190' title='bbox 1395 1750 1504 1820; x_wconf 75' lang='grc' dir='ltr'>γὰρ</span> <span class='ocrx_word' id='word_1_191' title='bbox 1549 1749 1725 1803; x_wconf 77' lang='grc' dir='ltr'>οἴδασι</span> <span class='ocrx_word' id='word_1_192' title='bbox 1755 1749 1826 1803; x_wconf 75' lang='grc' dir='ltr'>τὰ</span> 
     </span>
    </p>
   </div>
   <div class='ocr_carea' id='block_1_26' title="bbox 1949 1744 3512 1821">
    <p class='ocr_par' dir='ltr' id='par_1_26' title="bbox 1949 1744 3512 1818">
     <span class='ocr_line' id='line_1_26' title="bbox 1949 1744 3512 1818; baseline 0.004 -20"><span class='ocrx_word' id='word_1_193' title='bbox 1949 1757 1978 1800; x_wconf 82' lang='lat' dir='ltr'><strong>:t</strong></span> <span class='ocrx_word' id='word_1_194' title='bbox 2010 1744 2149 1801; x_wconf 82' lang='lat' dir='ltr'><strong>Filio</strong></span> <span class='ocrx_word' id='word_1_195' title='bbox 2189 1755 2243 1802; x_wconf 90' lang='lat' dir='ltr'><strong>et</strong></span> <span class='ocrx_word' id='word_1_196' title='bbox 2285 1747 2493 1817; x_wconf 83' lang='lat' dir='ltr'><strong>Spiritu</strong></span> <span class='ocrx_word' id='word_1_197' title='bbox 2532 1757 2725 1804; x_wconf 85' lang='lat' dir='ltr'><strong>sancto</strong></span> <span class='ocrx_word' id='word_1_198' title='bbox 2768 1750 3055 1805; x_wconf 85' lang='lat' dir='ltr'><strong>consecuti</strong></span> <span class='ocrx_word' id='word_1_199' title='bbox 3086 1762 3238 1818; x_wconf 90' lang='lat' dir='ltr'><strong>sunt,</strong></span> <span class='ocrx_word' id='word_1_200' title='bbox 3275 1752 3372 1806; x_wconf 90' lang='lat' dir='ltr'><strong>sed</strong></span> <span class='ocrx_word' id='word_1_201' title='bbox 3408 1752 3512 1809; x_wconf 81' lang='lat' dir='ltr'><strong>hoc</strong></span> 
     </span>
    </p>
   </div>
   <div class='ocr_carea' id='block_1_27' title="bbox 225 1838 1844 1941">
    <p class='ocr_par' dir='ltr' id='par_1_27' title="bbox 225 1838 1821 1911">
     <span class='ocr_line' id='line_1_27' title="bbox 225 1838 1821 1911; baseline 0 -18"><span class='ocrx_word' id='word_1_202' title='bbox 225 1841 511 1911; x_wconf 79' lang='grc' dir='ltr'><strong>ὡρισμένα</strong></span> <span class='ocrx_word' id='word_1_203' title='bbox 539 1839 668 1893; x_wconf 84' lang='grc' dir='ltr'>πότε</span> <span class='ocrx_word' id='word_1_204' title='bbox 695 1838 939 1907; x_wconf 86' lang='grc' dir='ltr'>γίνεται·</span> <span class='ocrx_word' id='word_1_205' title='bbox 979 1840 1109 1894; x_wconf 80' lang='grc' dir='ltr'><strong>Ἐπὶ</strong></span> <span class='ocrx_word' id='word_1_206' title='bbox 1130 1840 1229 1911; x_wconf 83' lang='grc' dir='ltr'><strong>μὲν</strong></span> <span class='ocrx_word' id='word_1_207' title='bbox 1260 1839 1372 1911; x_wconf 87' lang='grc' dir='ltr'>γὰρ</span> <span class='ocrx_word' id='word_1_208' title='bbox 1402 1839 1478 1909; x_wconf 79' lang='grc' dir='ltr'>τῇ</span> <span class='ocrx_word' id='word_1_209' title='bbox 1498 1839 1621 1909; x_wconf 73' lang='grc' dir='ltr'><strong>ὶδιᾳ</strong></span> <span class='ocrx_word' id='word_1_210' title='bbox 1646 1840 1821 1905; x_wconf 81' lang='grc' dir='ltr'>ἐξου-</span> 
     </span>
    </p>
   </div>
   <div class='ocr_carea' id='block_1_28' title="bbox 1949 1838 3515 1941">
    <p class='ocr_par' dir='ltr' id='par_1_28' title="bbox 1953 1840 3515 1912">
     <span class='ocr_line' id='line_1_28' title="bbox 1953 1840 3515 1912; baseline 0.004 -20"><span class='ocrx_word' id='word_1_211' title='bbox 1953 1853 2115 1895; x_wconf 89' lang='lat' dir='ltr'><strong>amen</strong></span> <span class='ocrx_word' id='word_1_212' title='bbox 2154 1840 2265 1895; x_wconf 86' lang='lat' dir='ltr'><strong>illis</strong></span> <span class='ocrx_word' id='word_1_213' title='bbox 2294 1840 2451 1896; x_wconf 87' lang='lat' dir='ltr'><strong>deest</strong></span> <span class='ocrx_word' id='word_1_214' title='bbox 2479 1857 2494 1906; x_wconf 89' lang='lat'><strong>;</strong></span> <span class='ocrx_word' id='word_1_215' title='bbox 2526 1856 2635 1895; x_wconf 85' lang='lat' dir='ltr'><strong>non</strong></span> <span class='ocrx_word' id='word_1_216' title='bbox 2672 1842 2819 1897; x_wconf 88' lang='lat' dir='ltr'><strong>enim</strong></span> <span class='ocrx_word' id='word_1_217' title='bbox 2845 1843 3069 1912; x_wconf 87' lang='lat' dir='ltr'><strong>quando</strong></span> <span class='ocrx_word' id='word_1_218' title='bbox 3094 1845 3392 1899; x_wconf 89' lang='lat' dir='ltr'><strong>constituta</strong></span> <span class='ocrx_word' id='word_1_219' title='bbox 3422 1846 3515 1898; x_wconf 85' lang='lat' dir='ltr'><strong>illa</strong></span> 
     </span>
    </p>
   </div>
   <div class='ocr_carea' id='block_1_29' title="bbox 224 1929 1844 2004">
    <p class='ocr_par' dir='ltr' id='par_1_29' title="bbox 224 1929 1827 2003">
     <span class='ocr_line' id='line_1_29' title="bbox 224 1929 1827 2003; baseline -0.001 -17"><span class='ocrx_word' id='word_1_220' title='bbox 224 1932 335 1998; x_wconf 75' lang='grc' dir='ltr'>σίᾳ</span> <span class='ocrx_word' id='word_1_221' title='bbox 364 1935 397 1985; x_wconf 86' lang='lat' dir='ltr'><strong>d</strong></span> <span class='ocrx_word' id='word_1_222' title='bbox 445 1929 651 1999; x_wconf 74' lang='grc' dir='ltr'>Πατὴρ</span> <span class='ocrx_word' id='word_1_223' title='bbox 698 1929 868 1986; x_wconf 79' lang='grc' dir='ltr'>ἔθετο</span> <span class='ocrx_word' id='word_1_224' title='bbox 896 1930 1039 1997; x_wconf 82' lang='grc' dir='ltr'>τοὺς</span> <span class='ocrx_word' id='word_1_225' title='bbox 1066 1931 1351 2001; x_wconf 79' lang='grc' dir='ltr'>χρόνους.</span> <span class='ocrx_word' id='word_1_226' title='bbox 1387 1932 1451 1985; x_wconf 83' lang='grc' dir='ltr'><strong>Εἰ</strong></span> <span class='ocrx_word' id='word_1_227' title='bbox 1486 1931 1541 1985; x_wconf 81' lang='grc' dir='ltr'><strong>δὲ</strong></span> <span class='ocrx_word' id='word_1_228' title='bbox 1576 1933 1605 1985; x_wconf 85' lang='grc' dir='ltr'>ὁ</span> <span class='ocrx_word' id='word_1_229' title='bbox 1632 1932 1827 2003; x_wconf 80' lang='grc' dir='ltr'>Πατὴρ</span> 
     </span>
    </p>
   </div>
   <div class='ocr_carea' id='block_1_30' title="bbox 1949 1929 3504 2004">
    <p class='ocr_par' dir='ltr' id='par_1_30' title="bbox 1949 1934 3504 2004">
     <span class='ocr_line' id='line_1_30' title="bbox 1949 1934 3504 2004; baseline -0.002 -17"><span class='ocrx_word' id='word_1_230' title='bbox 1949 1934 2116 1987; x_wconf 66' lang='grc' dir='ltr'>ιιιυιο</span> <span class='ocrx_word' id='word_1_231' title='bbox 2170 1934 2282 1988; x_wconf 91' lang='lat' dir='ltr'><strong>sint</strong></span> <span class='ocrx_word' id='word_1_232' title='bbox 2327 1945 2714 2004; x_wconf 86' lang='lat' dir='ltr'><strong>cognoscunt:</strong></span> <span class='ocrx_word' id='word_1_233' title='bbox 2753 1934 3027 2004; x_wconf 84' lang='lat' dir='ltr'><strong>siquidem</strong></span> <span class='ocrx_word' id='word_1_234' title='bbox 3095 1935 3256 1989; x_wconf 85' lang='lat' dir='ltr'><strong>Pater</strong></span> <span class='ocrx_word' id='word_1_235' title='bbox 3284 1935 3340 1988; x_wconf 76' lang='lat' dir='ltr'><strong>in</strong></span> <span class='ocrx_word' id='word_1_236' title='bbox 3364 1942 3504 2000; x_wconf 83' lang='lat' dir='ltr'><strong>pote-</strong></span> 
     </span>
    </p>
   </div>
   <div class='ocr_carea' id='block_1_31' title="bbox 227 2023 1844 2100">
    <p class='ocr_par' dir='ltr' id='par_1_31' title="bbox 227 2023 1826 2096">
     <span class='ocr_line' id='line_1_31' title="bbox 227 2023 1826 2096; baseline 0 -19"><span class='ocrx_word' id='word_1_237' title='bbox 227 2026 289 2078; x_wconf 79' lang='grc' dir='ltr'>ὲν</span> <span class='ocrx_word' id='word_1_238' title='bbox 344 2023 481 2095; x_wconf 81' lang='grc' dir='ltr'>Υξῷ,</span> <span class='ocrx_word' id='word_1_239' title='bbox 537 2023 633 2078; x_wconf 81' lang='grc' dir='ltr'><strong>καὶ</strong></span> <span class='ocrx_word' id='word_1_240' title='bbox 684 2025 714 2076; x_wconf 83' lang='grc' dir='ltr'><strong>δ</strong></span> <span class='ocrx_word' id='word_1_241' title='bbox 763 2023 893 2087; x_wconf 77' lang='grc' dir='ltr'><strong>Υἱὸς</strong></span> <span class='ocrx_word' id='word_1_242' title='bbox 946 2025 1004 2076; x_wconf 80' lang='grc' dir='ltr'>ὲν</span> <span class='ocrx_word' id='word_1_243' title='bbox 1043 2024 1238 2094; x_wconf 70' lang='lat' dir='ltr'><strong>“arpi.</strong></span> <span class='ocrx_word' id='word_1_244' title='bbox 1276 2023 1385 2095; x_wconf 78' lang='grc' dir='ltr'><strong>ἄρα</strong></span> <span class='ocrx_word' id='word_1_245' title='bbox 1414 2025 1477 2080; x_wconf 83' lang='grc' dir='ltr'>οὺ</span> <span class='ocrx_word' id='word_1_246' title='bbox 1507 2024 1754 2078; x_wconf 74' lang='grc' dir='ltr'>λείπεται</span> <span class='ocrx_word' id='word_1_247' title='bbox 1793 2026 1826 2096; x_wconf 86' lang='grc' dir='ltr'><strong>ἠ</strong></span> 
     </span>
    </p>
   </div>
   <div class='ocr_carea' id='block_1_32' title="bbox 1949 2023 3518 2100">
    <p class='ocr_par' dir='ltr' id='par_1_32' title="bbox 1949 2024 3518 2100">
     <span class='ocr_line' id='line_1_32' title="bbox 1949 2024 3518 2100; baseline -0.001 -19"><span class='ocrx_word' id='word_1_248' title='bbox 1949 2038 2071 2082; x_wconf 80' lang='lat' dir='ltr'><strong>uale</strong></span> <span class='ocrx_word' id='word_1_249' title='bbox 2115 2041 2214 2079; x_wconf 77' lang='lat' dir='ltr'><strong>sua</strong></span> <span class='ocrx_word' id='word_1_250' title='bbox 2263 2036 2496 2098; x_wconf 65' lang='lat' dir='ltr'><strong>(corpora</strong></span> <span class='ocrx_word' id='word_1_251' title='bbox 2542 2030 2714 2100; x_wconf 79' lang='lat' dir='ltr'><strong>posuit</strong></span> <span class='ocrx_word' id='word_1_252' title='bbox 2778 2028 2818 2081; x_wconf 77' lang='grc' dir='ltr'><strong>ί.</strong></span> <span class='ocrx_word' id='word_1_253' title='bbox 2865 2026 3003 2082; x_wconf 87' lang='lat' dir='ltr'><strong>Cum</strong></span> <span class='ocrx_word' id='word_1_254' title='bbox 3045 2035 3228 2081; x_wconf 87' lang='lat' dir='ltr'><strong>autem</strong></span> <span class='ocrx_word' id='word_1_255' title='bbox 3263 2024 3427 2080; x_wconf 88' lang='lat' dir='ltr'><strong>Pater</strong></span> <span class='ocrx_word' id='word_1_256' title='bbox 3461 2027 3518 2081; x_wconf 86' lang='lat' dir='ltr'><strong>in</strong></span> 
     </span>
    </p>
   </div>
   <div class='ocr_carea' id='block_1_33' title="bbox 226 2113 1829 2186">
    <p class='ocr_par' dir='ltr' id='par_1_33' title="bbox 226 2113 1829 2186">
     <span class='ocr_line' id='line_1_33' title="bbox 226 2113 1829 2186; baseline -0.001 -17"><span class='ocrx_word' id='word_1_257' title='bbox 226 2115 450 2182; x_wconf 74' lang='grc' dir='ltr'>ἐξουσία</span> <span class='ocrx_word' id='word_1_258' title='bbox 506 2116 566 2180; x_wconf 71' lang='grc' dir='ltr'><strong>ἐξ</strong></span> <span class='ocrx_word' id='word_1_259' title='bbox 597 2113 729 2169; x_wconf 89' lang='grc' dir='ltr'><strong>Υἱοῦ</strong></span> <span class='ocrx_word' id='word_1_260' title='bbox 762 2116 796 2186; x_wconf 80' lang='grc' dir='ltr'><strong>ἡ</strong></span> <span class='ocrx_word' id='word_1_261' title='bbox 830 2116 889 2168; x_wconf 86' lang='grc' dir='ltr'>ὲν</span> <span class='ocrx_word' id='word_1_262' title='bbox 940 2113 1138 2186; x_wconf 87' lang='grc' dir='ltr'>Πατρί.</span> <span class='ocrx_word' id='word_1_263' title='bbox 1195 2115 1457 2169; x_wconf 83' lang='grc' dir='ltr'>Λείπεται</span> <span class='ocrx_word' id='word_1_264' title='bbox 1494 2115 1552 2168; x_wconf 85' lang='grc' dir='ltr'>δὲ</span> <span class='ocrx_word' id='word_1_265' title='bbox 1577 2115 1687 2169; x_wconf 83' lang='grc' dir='ltr'><strong>ἀπὸ</strong></span> <span class='ocrx_word' id='word_1_266' title='bbox 1719 2115 1829 2169; x_wconf 85' lang='grc' dir='ltr'><strong>τῶν</strong></span> 
     </span>
    </p>
   </div>
   <div class='ocr_carea' id='block_1_34' title="bbox 229 2203 1830 2276">
    <p class='ocr_par' dir='ltr' id='par_1_34' title="bbox 229 2203 1830 2276">
     <span class='ocr_line' id='line_1_34' title="bbox 229 2203 1830 2276; baseline -0.002 -16"><span class='ocrx_word' id='word_1_267' title='bbox 229 2206 503 2275; x_wconf 80' lang='grc' dir='ltr'>ἀγγέλων,</span> <span class='ocrx_word' id='word_1_268' title='bbox 552 2204 765 2275; x_wconf 75' lang='grc' dir='ltr'>κτιστοὶ</span> <span class='ocrx_word' id='word_1_269' title='bbox 827 2203 936 2276; x_wconf 82' lang='grc' dir='ltr'>γὰρ</span> <span class='ocrx_word' id='word_1_270' title='bbox 985 2203 1211 2273; x_wconf 72' lang='grc' dir='ltr'>ἄγγελοι</span> <span class='ocrx_word' id='word_1_271' title='bbox 1254 2204 1711 2275; x_wconf 62' lang='grc' dir='ltr'>καὶ,ἁρχάγγελοι</span> <span class='ocrx_word' id='word_1_272' title='bbox 1734 2204 1830 2257; x_wconf 55' lang='grc' dir='ltr'><strong>καὶ¹</strong></span> 
     </span>
    </p>
   </div>
   <div class='ocr_carea' id='block_1_35' title="bbox 226 2296 1830 2370">
    <p class='ocr_par' dir='ltr' id='par_1_35' title="bbox 226 2296 1830 2370">
     <span class='ocr_line' id='line_1_35' title="bbox 226 2296 1830 2370; baseline -0.004 -16"><span class='ocrx_word' id='word_1_273' title='bbox 226 2300 509 2370; x_wconf 76' lang='grc' dir='ltr'>δυνάμεις.</span> <span class='ocrx_word' id='word_1_274' title='bbox 530 2298 722 2369; x_wconf 78' lang='grc' dir='ltr'>Πατὴρ</span> <span class='ocrx_word' id='word_1_275' title='bbox 752 2297 809 2352; x_wconf 85' lang='grc' dir='ltr'>δὲ</span> <span class='ocrx_word' id='word_1_276' title='bbox 835 2298 1114 2361; x_wconf 75' lang='grc' dir='ltr'>ἄκτιστος,</span> <span class='ocrx_word' id='word_1_277' title='bbox 1144 2296 1272 2361; x_wconf 73' lang='grc' dir='ltr'><strong>Υἱὸς</strong></span> <span class='ocrx_word' id='word_1_278' title='bbox 1304 2296 1582 2361; x_wconf 74' lang='grc' dir='ltr'>ἄκτιστος,</span> <span class='ocrx_word' id='word_1_279' title='bbox 1605 2297 1830 2368; x_wconf 75' lang='grc' dir='ltr'>Πνεῦμα</span> 
     </span>
    </p>
   </div>
   <div class='ocr_carea' id='block_1_36' title="bbox 228 2383 1829 2459">
    <p class='ocr_par' dir='ltr' id='par_1_36' title="bbox 228 2383 1829 2459">
     <span class='ocr_line' id='line_1_36' title="bbox 228 2383 1829 2459; baseline -0.001 -16"><span class='ocrx_word' id='word_1_280' title='bbox 228 2389 367 2444; x_wconf 83' lang='grc' dir='ltr'>Θεοῦ</span> <span class='ocrx_word' id='word_1_281' title='bbox 391 2388 667 2443; x_wconf 82' lang='grc' dir='ltr'>ἄκτιστον.</span> <span class='ocrx_word' id='word_1_282' title='bbox 699 2388 815 2443; x_wconf 73' lang='grc' dir='ltr'><strong>Οὐκ</strong></span> <span class='ocrx_word' id='word_1_283' title='bbox 842 2388 1054 2443; x_wconf 80' lang='grc' dir='ltr'><strong>οἴδασιν</strong></span> <span class='ocrx_word' id='word_1_284' title='bbox 1076 2383 1171 2444; x_wconf 77' lang='grc' dir='ltr'><strong>οὖν</strong></span> <span class='ocrx_word' id='word_1_285' title='bbox 1204 2390 1253 2442; x_wconf 81' lang='grc' dir='ltr'>οἱ</span> <span class='ocrx_word' id='word_1_286' title='bbox 1272 2383 1498 2459; x_wconf 75' lang='grc' dir='ltr'>ἄγγελοι</span> <span class='ocrx_word' id='word_1_287' title='bbox 1526 2387 1652 2442; x_wconf 73' lang='grc' dir='ltr'>οὔτε</span> <span class='ocrx_word' id='word_1_288' title='bbox 1684 2388 1829 2443; x_wconf 74' lang='grc' dir='ltr'>κατὰ</span> 
     </span>
    </p>
   </div>
   <div class='ocr_carea' id='block_1_37' title="bbox 229 2480 1827 2555">
    <p class='ocr_par' dir='ltr' id='par_1_37' title="bbox 229 2480 1827 2555">
     <span class='ocr_line' id='line_1_37' title="bbox 229 2480 1827 2555; baseline -0.001 -19"><span class='ocrx_word' id='word_1_289' title='bbox 229 2483 460 2555; x_wconf 78' lang='grc' dir='ltr'>εῖδησιν,</span> <span class='ocrx_word' id='word_1_290' title='bbox 488 2480 613 2536; x_wconf 69' lang='grc' dir='ltr'>οὔτε</span> <span class='ocrx_word' id='word_1_291' title='bbox 642 2480 784 2535; x_wconf 77' lang='grc' dir='ltr'>κατὰ</span> <span class='ocrx_word' id='word_1_292' title='bbox 801 2481 1024 2553; x_wconf 73' lang='grc' dir='ltr'>πρᾶξιν,</span> <span class='ocrx_word' id='word_1_293' title='bbox 1053 2481 1154 2552; x_wconf 83' lang='grc' dir='ltr'><strong>τὴν</strong></span> <span class='ocrx_word' id='word_1_294' title='bbox 1173 2480 1389 2553; x_wconf 81' lang='grc' dir='ltr'>ἡμέραν</span> <span class='ocrx_word' id='word_1_295' title='bbox 1420 2483 1518 2535; x_wconf 75' lang='grc' dir='ltr'><strong>καὶ</strong></span> <span class='ocrx_word' id='word_1_296' title='bbox 1541 2482 1642 2553; x_wconf 81' lang='grc' dir='ltr'><strong>τὴν</strong></span> <span class='ocrx_word' id='word_1_297' title='bbox 1658 2480 1827 2552; x_wconf 82' lang='grc' dir='ltr'>ὥραν.</span> 
     </span>
    </p>
   </div>
   <div class='ocr_carea' id='block_1_38' title="bbox 231 2570 1833 2645">
    <p class='ocr_par' dir='ltr' id='par_1_38' title="bbox 231 2570 1833 2645">
     <span class='ocr_line' id='line_1_38' title="bbox 231 2570 1833 2645; baseline -0.002 -17"><span class='ocrx_word' id='word_1_298' title='bbox 231 2576 348 2629; x_wconf 74' lang='grc' dir='ltr'><strong>Οὐκ</strong></span> <span class='ocrx_word' id='word_1_299' title='bbox 394 2573 570 2627; x_wconf 80' lang='grc' dir='ltr'>οἴδασι</span> <span class='ocrx_word' id='word_1_300' title='bbox 622 2573 733 2645; x_wconf 80' lang='grc' dir='ltr'><strong>γὰρ</strong></span> <span class='ocrx_word' id='word_1_301' title='bbox 766 2573 898 2626; x_wconf 84' lang='grc' dir='ltr'>πότε</span> <span class='ocrx_word' id='word_1_302' title='bbox 931 2570 1180 2643; x_wconf 77' lang='grc' dir='ltr'>βούλεται</span> <span class='ocrx_word' id='word_1_303' title='bbox 1220 2572 1250 2625; x_wconf 85' lang='grc' dir='ltr'>ὁ</span> <span class='ocrx_word' id='word_1_304' title='bbox 1293 2571 1487 2643; x_wconf 81' lang='grc' dir='ltr'>Πατὴρ</span> <span class='ocrx_word' id='word_1_305' title='bbox 1517 2572 1611 2625; x_wconf 82' lang='grc' dir='ltr'><strong>καὶ</strong></span> <span class='ocrx_word' id='word_1_306' title='bbox 1641 2571 1669 2623; x_wconf 82' lang='grc' dir='ltr'>ὁ</span> <span class='ocrx_word' id='word_1_307' title='bbox 1706 2572 1833 2635; x_wconf 78' lang='grc' dir='ltr'><strong>Υἱὸς</strong></span> 
     </span>
    </p>
   </div>
   <div class='ocr_carea' id='block_1_39' title="bbox 229 2662 1834 2737">
    <p class='ocr_par' dir='ltr' id='par_1_39' title="bbox 229 2662 1834 2737">
     <span class='ocr_line' id='line_1_39' title="bbox 229 2662 1834 2737; baseline -0.004 -14"><span class='ocrx_word' id='word_1_308' title='bbox 229 2669 327 2723; x_wconf 76' lang='grc' dir='ltr'>καὶ</span> <span class='ocrx_word' id='word_1_309' title='bbox 347 2667 409 2720; x_wconf 72' lang='grc' dir='ltr'>τὺ</span> <span class='ocrx_word' id='word_1_310' title='bbox 438 2667 594 2736; x_wconf 72' lang='grc' dir='ltr'>ἅγιον</span> <span class='ocrx_word' id='word_1_311' title='bbox 650 2664 876 2737; x_wconf 78' lang='grc' dir='ltr'>Πνεῦμα</span> <span class='ocrx_word' id='word_1_312' title='bbox 918 2666 1165 2733; x_wconf 74' lang='grc' dir='ltr'>ἐνεγκεῖν</span> <span class='ocrx_word' id='word_1_313' title='bbox 1194 2663 1293 2735; x_wconf 84' lang='grc' dir='ltr'>τὴν</span> <span class='ocrx_word' id='word_1_314' title='bbox 1320 2662 1553 2736; x_wconf 75' lang='grc' dir='ltr'>ἡμέραν.</span> <span class='ocrx_word' id='word_1_315' title='bbox 1595 2665 1706 2718; x_wconf 75' lang='grc' dir='ltr'><strong>Καὶ</strong></span> <span class='ocrx_word' id='word_1_316' title='bbox 1733 2665 1834 2716; x_wconf 81' lang='grc' dir='ltr'>οὐκ</span> 
     </span>
    </p>
   </div>
   <div class='ocr_carea' id='block_1_40' title="bbox 232 2753 1836 2829">
    <p class='ocr_par' dir='ltr' id='par_1_40' title="bbox 232 2753 1836 2829">
     <span class='ocr_line' id='line_1_40' title="bbox 232 2753 1836 2829; baseline -0.002 -15"><span class='ocrx_word' id='word_1_317' title='bbox 232 2760 409 2814; x_wconf 76' lang='grc' dir='ltr'>οἴδασι</span> <span class='ocrx_word' id='word_1_318' title='bbox 444 2759 587 2813; x_wconf 76' lang='grc' dir='ltr'>κατὰ</span> <span class='ocrx_word' id='word_1_319' title='bbox 620 2757 822 2828; x_wconf 84' lang='grc' dir='ltr'>γνῶσιν</span> <span class='ocrx_word' id='word_1_320' title='bbox 861 2756 1114 2829; x_wconf 70' lang='grc' dir='ltr'>πράξεως</span> <span class='ocrx_word' id='word_1_321' title='bbox 1141 2773 1153 2785; x_wconf 71' lang='grc'><strong>⁸</strong></span> <span class='ocrx_word' id='word_1_322' title='bbox 1181 2755 1337 2810; x_wconf 76' lang='grc' dir='ltr'>οὔπω</span> <span class='ocrx_word' id='word_1_323' title='bbox 1369 2756 1480 2828; x_wconf 78' lang='grc' dir='ltr'>γὰρ</span> <span class='ocrx_word' id='word_1_324' title='bbox 1508 2753 1836 2827; x_wconf 67' lang='grc' dir='ltr'><strong>ἐπετάχθη-</strong></span> 
     </span>
    </p>
   </div>
   <div class='ocr_carea' id='block_1_41' title="bbox 234 2847 1836 2921">
    <p class='ocr_par' dir='ltr' id='par_1_41' title="bbox 234 2847 1836 2921">
     <span class='ocr_line' id='line_1_41' title="bbox 234 2847 1836 2921; baseline -0.004 -13"><span class='ocrx_word' id='word_1_325' title='bbox 234 2869 356 2908; x_wconf 80' lang='grc' dir='ltr'><strong>σαν</strong></span> <span class='ocrx_word' id='word_1_326' title='bbox 370 2852 663 2918; x_wconf 72' lang='grc' dir='ltr'>ἐξελθεῖν,</span> <span class='ocrx_word' id='word_1_327' title='bbox 686 2852 785 2907; x_wconf 79' lang='grc' dir='ltr'><strong>καὶ</strong></span> <span class='ocrx_word' id='word_1_328' title='bbox 815 2849 1188 2921; x_wconf 74' lang='grc' dir='ltr'>συναγαγεῖν</span> <span class='ocrx_word' id='word_1_329' title='bbox 1204 2848 1386 2917; x_wconf 77' lang='grc' dir='ltr'>δίκην</span> <span class='ocrx_word' id='word_1_330' title='bbox 1409 2847 1698 2913; x_wconf 78' lang='grc' dir='ltr'><strong>ζιζανίων,</strong></span> <span class='ocrx_word' id='word_1_331' title='bbox 1734 2848 1836 2903; x_wconf 80' lang='grc' dir='ltr'><strong>καὶ</strong></span> 
     </span>
    </p>
   </div>
   <div class='ocr_carea' id='block_1_42' title="bbox 237 2941 1824 3017">
    <p class='ocr_par' dir='ltr' id='par_1_42' title="bbox 237 2941 1824 3017">
     <span class='ocr_line' id='line_1_42' title="bbox 237 2941 1824 3017; baseline -0.005 -15"><span class='ocrx_word' id='word_1_332' title='bbox 237 2947 428 3017; x_wconf 68' lang='grc' dir='ltr'>δῆσαι</span> <span class='ocrx_word' id='word_1_333' title='bbox 469 2944 720 3016; x_wconf 77' lang='grc' dir='ltr'>δεσμὰς,</span> <span class='ocrx_word' id='word_1_334' title='bbox 771 2945 853 3009; x_wconf 82' lang='grc' dir='ltr'><strong>εἰς</strong></span> <span class='ocrx_word' id='word_1_335' title='bbox 897 2943 959 2999; x_wconf 80' lang='grc' dir='ltr'><strong>τὸ</strong></span> <span class='ocrx_word' id='word_1_336' title='bbox 987 2943 1163 2998; x_wconf 83' lang='grc' dir='ltr'>καίειν</span> <span class='ocrx_word' id='word_1_337' title='bbox 1205 2943 1342 3014; x_wconf 80' lang='grc' dir='ltr'>πυρὶ</span> <span class='ocrx_word' id='word_1_338' title='bbox 1394 2941 1647 3013; x_wconf 74' lang='grc' dir='ltr'>ἀσϐέστῳ</span> <span class='ocrx_word' id='word_1_339' title='bbox 1684 2941 1824 3012; x_wconf 70' lang='grc'>(22).</span> 
     </span>
    </p>
   </div>
   <div class='ocr_carea' id='block_1_43' title="bbox 237 3035 1831 3109">
    <p class='ocr_par' dir='ltr' id='par_1_43' title="bbox 237 3035 1831 3109">
     <span class='ocr_line' id='line_1_43' title="bbox 237 3035 1831 3109; baseline -0.004 -14"><span class='ocrx_word' id='word_1_340' title='bbox 237 3039 406 3096; x_wconf 77' lang='grc' dir='ltr'><strong>Οὔπω</strong></span> <span class='ocrx_word' id='word_1_341' title='bbox 424 3039 601 3094; x_wconf 80' lang='grc' dir='ltr'>τοίνυν</span> <span class='ocrx_word' id='word_1_342' title='bbox 629 3038 755 3093; x_wconf 75' lang='grc' dir='ltr'>οὐδὲ</span> <span class='ocrx_word' id='word_1_343' title='bbox 778 3036 1044 3109; x_wconf 77' lang='grc' dir='ltr'>ἔπραξαν,</span> <span class='ocrx_word' id='word_1_344' title='bbox 1074 3036 1196 3090; x_wconf 79' lang='grc' dir='ltr'>οὐδὲ</span> <span class='ocrx_word' id='word_1_345' title='bbox 1228 3036 1434 3090; x_wconf 76' lang='grc' dir='ltr'>οἴδασιν</span> <span class='ocrx_word' id='word_1_346' title='bbox 1453 3052 1468 3066; x_wconf 68' lang='grc' dir='ltr'><strong>ο</strong></span> <span class='ocrx_word' id='word_1_347' title='bbox 1498 3036 1528 3089; x_wconf 82' lang='grc' dir='ltr'>ὁ</span> <span class='ocrx_word' id='word_1_348' title='bbox 1557 3035 1616 3089; x_wconf 78' lang='grc' dir='ltr'>δὲ</span> <span class='ocrx_word' id='word_1_349' title='bbox 1642 3035 1831 3107; x_wconf 82' lang='grc' dir='ltr'>Πατὴρ</span> 
     </span>
    </p>
   </div>
   <div class='ocr_carea' id='block_1_44' title="bbox 1929 2115 3521 2189">
    <p class='ocr_par' dir='ltr' id='par_1_44' title="bbox 1929 2115 3521 2189">
     <span class='ocr_line' id='line_1_44' title="bbox 1929 2115 3521 2189; baseline 0.001 -18"><span class='ocrx_word' id='word_1_350' title='bbox 1929 2116 2070 2173; x_wconf 83' lang='lat' dir='ltr'><strong>Filio</strong></span> <span class='ocrx_word' id='word_1_351' title='bbox 2100 2118 2195 2182; x_wconf 85' lang='lat' dir='ltr'><strong>sit,</strong></span> <span class='ocrx_word' id='word_1_352' title='bbox 2226 2125 2283 2173; x_wconf 87' lang='lat' dir='ltr'><strong>et</strong></span> <span class='ocrx_word' id='word_1_353' title='bbox 2311 2115 2484 2172; x_wconf 89' lang='lat' dir='ltr'><strong>Filius</strong></span> <span class='ocrx_word' id='word_1_354' title='bbox 2516 2120 2573 2173; x_wconf 91' lang='lat' dir='ltr'><strong>in</strong></span> <span class='ocrx_word' id='word_1_355' title='bbox 2612 2116 2810 2185; x_wconf 87' lang='lat' dir='ltr'><strong>Patre;</strong></span> <span class='ocrx_word' id='word_1_356' title='bbox 2842 2133 2964 2189; x_wconf 84' lang='lat' dir='ltr'><strong>quae</strong></span> <span class='ocrx_word' id='word_1_357' title='bbox 2992 2118 3050 2172; x_wconf 88' lang='lat' dir='ltr'><strong>in</strong></span> <span class='ocrx_word' id='word_1_358' title='bbox 3084 2118 3245 2172; x_wconf 88' lang='lat' dir='ltr'><strong>Patre</strong></span> <span class='ocrx_word' id='word_1_359' title='bbox 3277 2124 3521 2187; x_wconf 76' lang='lat' dir='ltr'><strong>potestas</strong></span> 
     </span>
    </p>
   </div>
   <div class='ocr_carea' id='block_1_45' title="bbox 1927 2207 3524 2281">
    <p class='ocr_par' dir='ltr' id='par_1_45' title="bbox 1927 2207 3524 2281">
     <span class='ocr_line' id='line_1_45' title="bbox 1927 2207 3524 2281; baseline -0.001 -16"><span class='ocrx_word' id='word_1_360' title='bbox 1927 2217 2035 2275; x_wconf 88' lang='lat' dir='ltr'><strong>est,</strong></span> <span class='ocrx_word' id='word_1_361' title='bbox 2064 2225 2128 2266; x_wconf 88' lang='lat' dir='ltr'><strong>ea</strong></span> <span class='ocrx_word' id='word_1_362' title='bbox 2160 2225 2190 2264; x_wconf 88' lang='lat' dir='ltr'><strong>a</strong></span> <span class='ocrx_word' id='word_1_363' title='bbox 2222 2207 2367 2265; x_wconf 87' lang='lat' dir='ltr'><strong>Filio</strong></span> <span class='ocrx_word' id='word_1_364' title='bbox 2400 2211 2597 2267; x_wconf 83' lang='lat' dir='ltr'><strong>abesse</strong></span> <span class='ocrx_word' id='word_1_365' title='bbox 2653 2225 2765 2265; x_wconf 94' lang='lat' dir='ltr'><strong>non</strong></span> <span class='ocrx_word' id='word_1_366' title='bbox 2819 2217 3024 2281; x_wconf 88' lang='lat' dir='ltr'><strong>potest.</strong></span> <span class='ocrx_word' id='word_1_367' title='bbox 3071 2210 3243 2265; x_wconf 80' lang='lat' dir='ltr'><strong>Abest</strong></span> <span class='ocrx_word' id='word_1_368' title='bbox 3274 2211 3366 2264; x_wconf 90' lang='lat' dir='ltr'><strong>illa</strong></span> <span class='ocrx_word' id='word_1_369' title='bbox 3396 2211 3524 2280; x_wconf 90' lang='lat' dir='ltr'><strong>qui-</strong></span> 
     </span>
    </p>
   </div>
   <div class='ocr_carea' id='block_1_46' title="bbox 1929 2286 3526 2372">
    <p class='ocr_par' dir='ltr' id='par_1_46' title="bbox 1929 2286 3526 2372">
     <span class='ocr_line' id='line_1_46' title="bbox 1929 2286 3526 2372; baseline -0.002 -16"><span class='ocrx_word' id='word_1_370' title='bbox 1929 2300 2054 2356; x_wconf 90' lang='lat' dir='ltr'><strong>dem</strong></span> <span class='ocrx_word' id='word_1_371' title='bbox 2098 2301 2169 2356; x_wconf 85' lang='lat' dir='ltr'><strong>ab</strong></span> <span class='ocrx_word' id='word_1_372' title='bbox 2210 2302 2444 2372; x_wconf 73' lang='lat' dir='ltr'><strong>angelis,</strong></span> <span class='ocrx_word' id='word_1_373' title='bbox 2490 2302 2584 2372; x_wconf 90' lang='lat' dir='ltr'><strong>qui</strong></span> <span class='ocrx_word' id='word_1_374' title='bbox 2631 2301 2858 2372; x_wconf 87' lang='lat' dir='ltr'><strong>quidem</strong></span> <span class='ocrx_word' id='word_1_375' title='bbox 2890 2301 3061 2356; x_wconf 90' lang='lat' dir='ltr'><strong>creati</strong></span> <span class='ocrx_word' id='word_1_376' title='bbox 3089 2286 3239 2365; x_wconf 82' lang='lat' dir='ltr'><strong>sunt,</strong></span> <span class='ocrx_word' id='word_1_377' title='bbox 3274 2309 3333 2355; x_wconf 82' lang='grc' dir='ltr'><strong>ιιι</strong></span> <span class='ocrx_word' id='word_1_378' title='bbox 3356 2310 3410 2356; x_wconf 89' lang='lat' dir='ltr'><strong>et</strong></span> <span class='ocrx_word' id='word_1_379' title='bbox 3437 2316 3526 2354; x_wconf 82' lang='lat' dir='ltr'><strong>ar-</strong></span> 
     </span>
    </p>
   </div>
   <div class='ocr_carea' id='block_1_47' title="bbox 1928 2392 3521 2466">
    <p class='ocr_par' dir='ltr' id='par_1_47' title="bbox 1928 2392 3521 2466">
     <span class='ocr_line' id='line_1_47' title="bbox 1928 2392 3521 2466; baseline -0.002 -16"><span class='ocrx_word' id='word_1_380' title='bbox 1928 2395 2182 2466; x_wconf 82' lang='lat' dir='ltr'><strong>changeli</strong></span> <span class='ocrx_word' id='word_1_381' title='bbox 2215 2409 2280 2449; x_wconf 86' lang='lat' dir='ltr'><strong>ac</strong></span> <span class='ocrx_word' id='word_1_382' title='bbox 2315 2397 2570 2449; x_wconf 84' lang='lat' dir='ltr'><strong>virtutes.</strong></span> <span class='ocrx_word' id='word_1_383' title='bbox 2628 2392 2793 2449; x_wconf 82' lang='lat' dir='ltr'><strong>Pater</strong></span> <span class='ocrx_word' id='word_1_384' title='bbox 2847 2402 3031 2448; x_wconf 89' lang='lat' dir='ltr'><strong>autem</strong></span> <span class='ocrx_word' id='word_1_385' title='bbox 3078 2393 3360 2448; x_wconf 88' lang='lat' dir='ltr'><strong>increatus</strong></span> <span class='ocrx_word' id='word_1_386' title='bbox 3416 2402 3521 2459; x_wconf 88' lang='lat' dir='ltr'><strong>est,</strong></span> 
     </span>
    </p>
   </div>
   <div class='ocr_carea' id='block_1_48' title="bbox 1932 2485 3520 2557">
    <p class='ocr_par' dir='ltr' id='par_1_48' title="bbox 1932 2485 3520 2557">
     <span class='ocr_line' id='line_1_48' title="bbox 1932 2485 3520 2557; baseline 0 -15"><span class='ocrx_word' id='word_1_387' title='bbox 1932 2488 2212 2545; x_wconf 86' lang='lat' dir='ltr'><strong>increatus</strong></span> <span class='ocrx_word' id='word_1_388' title='bbox 2255 2486 2449 2552; x_wconf 81' lang='lat' dir='ltr'><strong>Filius,</strong></span> <span class='ocrx_word' id='word_1_389' title='bbox 2489 2488 2771 2543; x_wconf 87' lang='lat' dir='ltr'><strong>increatns</strong></span> <span class='ocrx_word' id='word_1_390' title='bbox 2808 2485 3050 2557; x_wconf 88' lang='lat' dir='ltr'><strong>Spiritus</strong></span> <span class='ocrx_word' id='word_1_391' title='bbox 3083 2494 3334 2542; x_wconf 88' lang='lat' dir='ltr'><strong>sanctus.</strong></span> <span class='ocrx_word' id='word_1_392' title='bbox 3372 2485 3520 2553; x_wconf 80' lang='lat' dir='ltr'><strong>Qua-</strong></span> 
     </span>
    </p>
   </div>
   <div class='ocr_carea' id='block_1_49' title="bbox 1934 2578 3527 2651">
    <p class='ocr_par' dir='ltr' id='par_1_49' title="bbox 1934 2578 3527 2651">
     <span class='ocr_line' id='line_1_49' title="bbox 1934 2578 3527 2651; baseline -0.001 -18"><span class='ocrx_word' id='word_1_393' title='bbox 1934 2589 2162 2650; x_wconf 82' lang='lat' dir='ltr'><strong>propter</strong></span> <span class='ocrx_word' id='word_1_394' title='bbox 2209 2580 2390 2651; x_wconf 88' lang='lat' dir='ltr'><strong>angeli</strong></span> <span class='ocrx_word' id='word_1_395' title='bbox 2422 2579 2568 2635; x_wconf 91' lang='lat' dir='ltr'><strong>diem</strong></span> <span class='ocrx_word' id='word_1_396' title='bbox 2598 2579 2750 2633; x_wconf 81' lang='lat' dir='ltr'><strong>illam</strong></span> <span class='ocrx_word' id='word_1_397' title='bbox 2782 2588 2837 2634; x_wconf 88' lang='lat' dir='ltr'><strong>et</strong></span> <span class='ocrx_word' id='word_1_398' title='bbox 2866 2578 3057 2633; x_wconf 89' lang='lat' dir='ltr'><strong>horam</strong></span> <span class='ocrx_word' id='word_1_399' title='bbox 3089 2593 3268 2648; x_wconf 89' lang='lat' dir='ltr'><strong>neque</strong></span> <span class='ocrx_word' id='word_1_400' title='bbox 3295 2578 3527 2633; x_wconf 85' lang='lat' dir='ltr'><strong>scientia</strong></span> 
     </span>
    </p>
   </div>
   <div class='ocr_carea' id='block_1_50' title="bbox 1914 2666 3529 2742">
    <p class='ocr_par' dir='ltr' id='par_1_50' title="bbox 1914 2666 3529 2742">
     <span class='ocr_line' id='line_1_50' title="bbox 1914 2666 3529 2742; baseline -0.004 -15"><span class='ocrx_word' id='word_1_401' title='bbox 1914 2687 2115 2742; x_wconf 73' lang='lat' dir='ltr'><strong>ineque</strong></span> <span class='ocrx_word' id='word_1_402' title='bbox 2145 2671 2365 2726; x_wconf 84' lang='lat' dir='ltr'><strong>actione</strong></span> <span class='ocrx_word' id='word_1_403' title='bbox 2390 2679 2760 2740; x_wconf 81' lang='lat' dir='ltr'><strong>cognoscunt.</strong></span> <span class='ocrx_word' id='word_1_404' title='bbox 2791 2667 3006 2740; x_wconf 81' lang='lat' dir='ltr'><strong>Quippe</strong></span> <span class='ocrx_word' id='word_1_405' title='bbox 3035 2667 3383 2739; x_wconf 87' lang='lat' dir='ltr'><strong>quandonam</strong></span> <span class='ocrx_word' id='word_1_406' title='bbox 3425 2666 3529 2721; x_wconf 83' lang='lat' dir='ltr'><strong>Pa-</strong></span> 
     </span>
    </p>
   </div>
   <div class='ocr_carea' id='block_1_51' title="bbox 1937 2760 3531 2834">
    <p class='ocr_par' dir='ltr' id='par_1_51' title="bbox 1937 2760 3531 2834">
     <span class='ocr_line' id='line_1_51' title="bbox 1937 2760 3531 2834; baseline -0.003 -14"><span class='ocrx_word' id='word_1_407' title='bbox 1937 2776 2023 2820; x_wconf 90' lang='lat' dir='ltr'><strong>ter</strong></span> <span class='ocrx_word' id='word_1_408' title='bbox 2059 2775 2113 2819; x_wconf 90' lang='lat' dir='ltr'><strong>et</strong></span> <span class='ocrx_word' id='word_1_409' title='bbox 2162 2763 2336 2819; x_wconf 83' lang='lat' dir='ltr'><strong>Filius</strong></span> <span class='ocrx_word' id='word_1_410' title='bbox 2366 2778 2431 2819; x_wconf 91' lang='lat' dir='ltr'><strong>ac</strong></span> <span class='ocrx_word' id='word_1_411' title='bbox 2465 2762 2711 2834; x_wconf 85' lang='lat' dir='ltr'><strong>Spiritus</strong></span> <span class='ocrx_word' id='word_1_412' title='bbox 2739 2775 2968 2818; x_wconf 87' lang='lat' dir='ltr'><strong>sanctus</strong></span> <span class='ocrx_word' id='word_1_413' title='bbox 2999 2762 3144 2818; x_wconf 89' lang='lat' dir='ltr'><strong>diem</strong></span> <span class='ocrx_word' id='word_1_414' title='bbox 3182 2762 3332 2816; x_wconf 88' lang='lat' dir='ltr'><strong>illam</strong></span> <span class='ocrx_word' id='word_1_415' title='bbox 3370 2760 3531 2815; x_wconf 90' lang='lat' dir='ltr'><strong>indu-</strong></span> 
     </span>
    </p>
   </div>
   <div class='ocr_carea' id='block_1_52' title="bbox 1936 2848 3529 2928">
    <p class='ocr_par' dir='ltr' id='par_1_52' title="bbox 1936 2848 3529 2928">
     <span class='ocr_line' id='line_1_52' title="bbox 1936 2848 3529 2928; baseline -0.006 -15"><span class='ocrx_word' id='word_1_416' title='bbox 1936 2872 2067 2913; x_wconf 91' lang='lat' dir='ltr'><strong>cere</strong></span> <span class='ocrx_word' id='word_1_417' title='bbox 2098 2858 2293 2923; x_wconf 77' lang='lat' dir='ltr'><strong>Vciittl,</strong></span> <span class='ocrx_word' id='word_1_418' title='bbox 2327 2858 2586 2928; x_wconf 85' lang='lat' dir='ltr'><strong>ignorant</strong></span> <span class='ocrx_word' id='word_1_419' title='bbox 2639 2856 2880 2926; x_wconf 84' lang='lat' dir='ltr'><strong>penitus.</strong></span> <span class='ocrx_word' id='word_1_420' title='bbox 2930 2857 3001 2909; x_wconf 88' lang='lat' dir='ltr'><strong>At</strong></span> <span class='ocrx_word' id='word_1_421' title='bbox 3054 2855 3292 2910; x_wconf 83' lang='lat' dir='ltr'><strong>actionis</strong></span> <span class='ocrx_word' id='word_1_422' title='bbox 3339 2848 3529 2923; x_wconf 83' lang='lat' dir='ltr'><strong>cogni—</strong></span> 
     </span>
    </p>
   </div>
   <div class='ocr_carea' id='block_1_53' title="bbox 1937 2943 3531 3021">
    <p class='ocr_par' dir='ltr' id='par_1_53' title="bbox 1937 2943 3531 3021">
     <span class='ocr_line' id='line_1_53' title="bbox 1937 2943 3531 3021; baseline -0.006 -15"><span class='ocrx_word' id='word_1_423' title='bbox 1937 2951 2093 3007; x_wconf 88' lang='lat' dir='ltr'><strong>tione</strong></span> <span class='ocrx_word' id='word_1_424' title='bbox 2142 2951 2319 3007; x_wconf 82' lang='lat' dir='ltr'><strong>nihilo</strong></span> <span class='ocrx_word' id='word_1_425' title='bbox 2368 2950 2544 3021; x_wconf 82' lang='lat' dir='ltr'><strong>magis</strong></span> <span class='ocrx_word' id='word_1_426' title='bbox 2591 2957 2838 3017; x_wconf 90' lang='lat' dir='ltr'><strong>norunt;</strong></span> <span class='ocrx_word' id='word_1_427' title='bbox 2891 2962 3021 3002; x_wconf 90' lang='lat' dir='ltr'><strong>nam</strong></span> <span class='ocrx_word' id='word_1_428' title='bbox 3077 2949 3324 3002; x_wconf 88' lang='lat' dir='ltr'><strong>nondum</strong></span> <span class='ocrx_word' id='word_1_429' title='bbox 3380 2943 3531 2998; x_wconf 77' lang='lat' dir='ltr'><strong>abire</strong></span> 
     </span>
    </p>
   </div>
   <div class='ocr_carea' id='block_1_54' title="bbox 1938 3038 3529 3114">
    <p class='ocr_par' dir='ltr' id='par_1_54' title="bbox 1938 3038 3529 3114">
     <span class='ocr_line' id='line_1_54' title="bbox 1938 3038 3529 3114; baseline -0.003 -18"><span class='ocrx_word' id='word_1_430' title='bbox 1938 3039 2083 3114; x_wconf 62' lang='lat' dir='ltr'><strong>justi</strong></span> <span class='ocrx_word' id='word_1_431' title='bbox 2133 3051 2277 3109; x_wconf 77' lang='lat' dir='ltr'><strong>sunt,</strong></span> <span class='ocrx_word' id='word_1_432' title='bbox 2344 3051 2391 3097; x_wconf 83' lang='lat' dir='ltr'><strong>et</strong></span> <span class='ocrx_word' id='word_1_433' title='bbox 2421 3043 2533 3098; x_wconf 77' lang='grc' dir='ltr'><strong>ιοιὶὶ</strong></span> <span class='ocrx_word' id='word_1_434' title='bbox 2566 3044 2737 3099; x_wconf 79' lang='lat' dir='ltr'><strong>instar</strong></span> <span class='ocrx_word' id='word_1_435' title='bbox 2776 3040 2944 3096; x_wconf 74' lang='lat' dir='ltr'><strong>malus</strong></span> <span class='ocrx_word' id='word_1_436' title='bbox 2981 3038 3150 3109; x_wconf 75' lang='lat' dir='ltr'><strong>legere</strong></span> <span class='ocrx_word' id='word_1_437' title='bbox 3182 3046 3229 3090; x_wconf 79' lang='lat' dir='ltr'><strong>et</strong></span> <span class='ocrx_word' id='word_1_438' title='bbox 3265 3039 3318 3088; x_wconf 83' lang='lat' dir='ltr'><strong>in</strong></span> <span class='ocrx_word' id='word_1_439' title='bbox 3367 3038 3529 3107; x_wconf 72' lang='lat' dir='ltr'><strong>fasci-</strong></span> 
     </span>
    </p>
   </div>
   <div class='ocr_carea' id='block_1_55' title="bbox 234 3125 1844 3209">
    <p class='ocr_par' dir='ltr' id='par_1_55' title="bbox 234 3125 1838 3207">
     <span class='ocr_line' id='line_1_55' title="bbox 234 3125 1838 3207; baseline -0.004 -18"><span class='ocrx_word' id='word_1_440' title='bbox 234 3131 347 3190; x_wconf 76' lang='grc' dir='ltr'>οἷδε</span> <span class='ocrx_word' id='word_1_441' title='bbox 394 3135 492 3190; x_wconf 79' lang='grc' dir='ltr'><strong>καὶ</strong></span> <span class='ocrx_word' id='word_1_442' title='bbox 542 3132 780 3207; x_wconf 73' lang='grc' dir='ltr'>ἔπραξεν</span> <span class='ocrx_word' id='word_1_443' title='bbox 802 3148 816 3162; x_wconf 88' lang='grc'>·</span> <span class='ocrx_word' id='word_1_444' title='bbox 870 3134 900 3186; x_wconf 88' lang='grc' dir='ltr'>ὁ</span> <span class='ocrx_word' id='word_1_445' title='bbox 952 3131 1010 3185; x_wconf 81' lang='grc' dir='ltr'>δὲ</span> <span class='ocrx_word' id='word_1_446' title='bbox 1036 3131 1164 3194; x_wconf 69' lang='grc' dir='ltr'><strong>Υἱὸς</strong></span> <span class='ocrx_word' id='word_1_447' title='bbox 1224 3125 1330 3183; x_wconf 81' lang='grc' dir='ltr'>οἶδε</span> <span class='ocrx_word' id='word_1_448' title='bbox 1368 3130 1488 3201; x_wconf 85' lang='grc' dir='ltr'>μὲν,</span> <span class='ocrx_word' id='word_1_449' title='bbox 1534 3128 1748 3183; x_wconf 83' lang='grc' dir='ltr'>οὐδέπω</span> <span class='ocrx_word' id='word_1_450' title='bbox 1779 3129 1838 3182; x_wconf 86' lang='grc' dir='ltr'>δὲ</span> 
     </span>
    </p>
   </div>
   <div class='ocr_carea' id='block_1_56' title="bbox 1949 3125 3527 3209">
    <p class='ocr_par' dir='ltr' id='par_1_56' title="bbox 1949 3126 3527 3209">
     <span class='ocr_line' id='line_1_56' title="bbox 1949 3126 3527 3209; baseline -0.01 -12"><span class='ocrx_word' id='word_1_451' title='bbox 1949 3141 2090 3197; x_wconf 82' lang='lat' dir='ltr'><strong>culos</strong></span> <span class='ocrx_word' id='word_1_452' title='bbox 2111 3138 2377 3209; x_wconf 81' lang='lat' dir='ltr'><strong>co!ligare,</strong></span> <span class='ocrx_word' id='word_1_453' title='bbox 2422 3139 2486 3188; x_wconf 87' lang='lat' dir='ltr'><strong>ut</strong></span> <span class='ocrx_word' id='word_1_454' title='bbox 2528 3131 2862 3186; x_wconf 80' lang='lat' dir='ltr'><strong>mexstincto</strong></span> <span class='ocrx_word' id='word_1_455' title='bbox 2893 3132 3016 3201; x_wconf 85' lang='lat' dir='ltr'><strong>igne</strong></span> <span class='ocrx_word' id='word_1_456' title='bbox 3048 3136 3467 3183; x_wconf 84' lang='lat' dir='ltr'><strong>concrementur</strong></span> <span class='ocrx_word' id='word_1_457' title='bbox 3487 3126 3527 3182; x_wconf 64' lang='grc' dir='ltr'><strong>ί.</strong></span> 
     </span>
    </p>
   </div>
   <div class='ocr_carea' id='block_1_57' title="bbox 236 3221 1844 3301">
    <p class='ocr_par' dir='ltr' id='par_1_57' title="bbox 236 3221 1841 3301">
     <span class='ocr_line' id='line_1_57' title="bbox 236 3221 1841 3301; baseline -0.005 -18"><span class='ocrx_word' id='word_1_458' title='bbox 236 3227 449 3301; x_wconf 78' lang='grc' dir='ltr'>ἔπραξε</span> <span class='ocrx_word' id='word_1_459' title='bbox 468 3243 483 3257; x_wconf 76' lang='grc' dir='ltr'><strong>ο</strong></span> <span class='ocrx_word' id='word_1_460' title='bbox 516 3225 795 3280; x_wconf 76' lang='grc' dir='ltr'>τουτέστιν</span> <span class='ocrx_word' id='word_1_461' title='bbox 818 3241 830 3253; x_wconf 93' lang='grc'><strong>·</strong></span> <span class='ocrx_word' id='word_1_462' title='bbox 871 3226 939 3279; x_wconf 78' lang='grc' dir='ltr'><strong>ΕΖ</strong></span> <span class='ocrx_word' id='word_1_463' title='bbox 960 3223 1048 3294; x_wconf 77' lang='grc' dir='ltr'>μὴ</span> <span class='ocrx_word' id='word_1_464' title='bbox 1086 3227 1120 3278; x_wconf 86' lang='grc' dir='ltr'><em>ό</em></span> <span class='ocrx_word' id='word_1_465' title='bbox 1141 3222 1347 3291; x_wconf 82' lang='grc' dir='ltr'>Πατὴρ</span> <span class='ocrx_word' id='word_1_466' title='bbox 1374 3223 1587 3292; x_wconf 83' lang='grc' dir='ltr'>μόνος.</span> <span class='ocrx_word' id='word_1_467' title='bbox 1614 3221 1756 3276; x_wconf 81' lang='grc' dir='ltr'>οὔτε</span> <span class='ocrx_word' id='word_1_468' title='bbox 1786 3223 1841 3275; x_wconf 80' lang='grc' dir='ltr'>οι</span> 
     </span>
    </p>
   </div>
   <div class='ocr_carea' id='block_1_58' title="bbox 1949 3221 3537 3301">
    <p class='ocr_par' dir='ltr' id='par_1_58' title="bbox 1949 3221 3537 3296">
     <span class='ocr_line' id='line_1_58' title="bbox 1949 3221 3537 3296; baseline -0.006 -13"><span class='ocrx_word' id='word_1_469' title='bbox 1949 3227 2185 3283; x_wconf 82' lang='lat' dir='ltr'><strong>Proinde</strong></span> <span class='ocrx_word' id='word_1_470' title='bbox 2233 3241 2413 3296; x_wconf 89' lang='lat' dir='ltr'><strong>neque</strong></span> <span class='ocrx_word' id='word_1_471' title='bbox 2464 3224 2716 3279; x_wconf 82' lang='lat' dir='ltr'><strong>fecerunt</strong></span> <span class='ocrx_word' id='word_1_472' title='bbox 2758 3223 2943 3277; x_wconf 88' lang='lat' dir='ltr'><strong>adhuc</strong></span> <span class='ocrx_word' id='word_1_473' title='bbox 2992 3221 3304 3292; x_wconf 88' lang='lat' dir='ltr'><strong>quidpiam,</strong></span> <span class='ocrx_word' id='word_1_474' title='bbox 3360 3234 3537 3288; x_wconf 85' lang='lat' dir='ltr'><strong>neque</strong></span> 
     </span>
    </p>
   </div>
   <div class='ocr_carea' id='block_1_59' title="bbox 238 3313 1844 3394">
    <p class='ocr_par' dir='ltr' id='par_1_59' title="bbox 238 3313 1839 3393">
     <span class='ocr_line' id='line_1_59' title="bbox 238 3313 1839 3393; baseline -0.001 -16"><span class='ocrx_word' id='word_1_475' title='bbox 238 3322 504 3393; x_wconf 71' lang='grc' dir='ltr'>ἄγγελοι,</span> <span class='ocrx_word' id='word_1_476' title='bbox 532 3320 675 3375; x_wconf 80' lang='grc' dir='ltr'>οὔτε</span> <span class='ocrx_word' id='word_1_477' title='bbox 704 3321 739 3375; x_wconf 80' lang='grc' dir='ltr'><strong>δ</strong></span> <span class='ocrx_word' id='word_1_478' title='bbox 780 3319 932 3385; x_wconf 74' lang='grc' dir='ltr'>Υἱός.</span> <span class='ocrx_word' id='word_1_479' title='bbox 981 3318 1288 3390; x_wconf 83' lang='grc' dir='ltr'>Νοήσωμεν</span> <span class='ocrx_word' id='word_1_480' title='bbox 1326 3316 1427 3388; x_wconf 84' lang='grc' dir='ltr'>τὴν</span> <span class='ocrx_word' id='word_1_481' title='bbox 1461 3313 1695 3386; x_wconf 88' lang='grc' dir='ltr'>δύναμιν</span> <span class='ocrx_word' id='word_1_482' title='bbox 1737 3313 1839 3384; x_wconf 72' lang='grc' dir='ltr'><strong>τῆς</strong></span> 
     </span>
    </p>
   </div>
   <div class='ocr_carea' id='block_1_60' title="bbox 1949 3313 3536 3394">
    <p class='ocr_par' dir='ltr' id='par_1_60' title="bbox 1949 3313 3536 3394">
     <span class='ocr_line' id='line_1_60' title="bbox 1949 3313 3536 3394; baseline -0.009 -15"><span class='ocrx_word' id='word_1_483' title='bbox 1949 3329 2274 3394; x_wconf 83' lang='lat' dir='ltr'><strong>cognorunt.</strong></span> <span class='ocrx_word' id='word_1_484' title='bbox 2319 3321 2482 3375; x_wconf 85' lang='lat' dir='ltr'><strong>Pater</strong></span> <span class='ocrx_word' id='word_1_485' title='bbox 2509 3320 2662 3374; x_wconf 83' lang='lat' dir='ltr'><strong>novit</strong></span> <span class='ocrx_word' id='word_1_486' title='bbox 2699 3327 2754 3374; x_wconf 92' lang='lat' dir='ltr'><strong>et</strong></span> <span class='ocrx_word' id='word_1_487' title='bbox 2788 3318 2961 3383; x_wconf 82' lang='lat' dir='ltr'><strong>fecit;</strong></span> <span class='ocrx_word' id='word_1_488' title='bbox 2998 3314 3173 3371; x_wconf 86' lang='lat' dir='ltr'><strong>Filius</strong></span> <span class='ocrx_word' id='word_1_489' title='bbox 3217 3314 3394 3379; x_wconf 80' lang='lat' dir='ltr'><strong>novit,</strong></span> <span class='ocrx_word' id='word_1_490' title='bbox 3441 3313 3536 3368; x_wconf 80' lang='lat' dir='ltr'><strong>sed</strong></span> 
     </span>
    </p>
   </div>
   <div class='ocr_carea' id='block_1_61' title="bbox 237 3402 1844 3487">
    <p class='ocr_par' dir='ltr' id='par_1_61' title="bbox 237 3405 1835 3487">
     <span class='ocr_line' id='line_1_61' title="bbox 237 3405 1835 3487; baseline -0.006 -19"><span class='ocrx_word' id='word_1_491' title='bbox 237 3413 490 3487; x_wconf 73' lang='grc' dir='ltr'><strong>Γραφῆς.</strong></span> <span class='ocrx_word' id='word_1_492' title='bbox 519 3412 607 3466; x_wconf 79' lang='grc' dir='ltr'><strong>ἵνα</strong></span> <span class='ocrx_word' id='word_1_493' title='bbox 657 3412 734 3484; x_wconf 80' lang='grc' dir='ltr'>μὴ</span> <span class='ocrx_word' id='word_1_494' title='bbox 780 3411 1005 3483; x_wconf 81' lang='grc' dir='ltr'>γένηται</span> <span class='ocrx_word' id='word_1_495' title='bbox 1044 3411 1183 3482; x_wconf 77' lang='grc' dir='ltr'>ἡμῖν</span> <span class='ocrx_word' id='word_1_496' title='bbox 1206 3409 1270 3463; x_wconf 86' lang='grc' dir='ltr'><strong>τὸ</strong></span> <span class='ocrx_word' id='word_1_497' title='bbox 1295 3408 1533 3480; x_wconf 84' lang='grc' dir='ltr'>γράμμα</span> <span class='ocrx_word' id='word_1_498' title='bbox 1570 3405 1835 3468; x_wconf 77' lang='grc' dir='ltr'>θάνατος’</span> 
     </span>
    </p>
   </div>
   <div class='ocr_carea' id='block_1_62' title="bbox 1949 3402 3541 3487">
    <p class='ocr_par' dir='ltr' id='par_1_62' title="bbox 1949 3402 3541 3481">
     <span class='ocr_line' id='line_1_62' title="bbox 1949 3402 3541 3481; baseline -0.007 -14"><span class='ocrx_word' id='word_1_499' title='bbox 1949 3412 2189 3468; x_wconf 87' lang='lat' dir='ltr'><strong>nondum</strong></span> <span class='ocrx_word' id='word_1_500' title='bbox 2216 3413 2368 3467; x_wconf 84' lang='lat' dir='ltr'><strong>fecit.</strong></span> <span class='ocrx_word' id='word_1_501' title='bbox 2403 3410 2582 3481; x_wconf 87' lang='lat' dir='ltr'><strong>Atque</strong></span> <span class='ocrx_word' id='word_1_502' title='bbox 2606 3409 2714 3464; x_wconf 88' lang='lat' dir='ltr'><strong>hoc</strong></span> <span class='ocrx_word' id='word_1_503' title='bbox 2738 3408 2902 3463; x_wconf 91' lang='lat' dir='ltr'><strong>modo</strong></span> <span class='ocrx_word' id='word_1_504' title='bbox 2934 3406 3291 3478; x_wconf 85' lang='lat' dir='ltr'><strong>accipiendus</strong></span> <span class='ocrx_word' id='word_1_505' title='bbox 3331 3414 3416 3459; x_wconf 85' lang='lat' dir='ltr'><strong>est</strong></span> <span class='ocrx_word' id='word_1_506' title='bbox 3447 3402 3541 3456; x_wconf 85' lang='lat' dir='ltr'><strong>illo</strong></span> 
     </span>
    </p>
   </div>
   <div class='ocr_carea' id='block_1_63' title="bbox 246 3493 1844 3576">
    <p class='ocr_par' dir='ltr' id='par_1_63' title="bbox 246 3499 1843 3576">
     <span class='ocr_line' id='line_1_63' title="bbox 246 3499 1843 3576; baseline -0.006 -15"><span class='ocrx_word' id='word_1_507' title='bbox 246 3507 318 3561; x_wconf 84' lang='grc' dir='ltr'><strong><em>Τύ</em></strong></span> <span class='ocrx_word' id='word_1_508' title='bbox 356 3503 596 3576; x_wconf 75' lang='grc' dir='ltr'>γράμμα</span> <span class='ocrx_word' id='word_1_509' title='bbox 616 3505 747 3576; x_wconf 67' lang='grc' dir='ltr'>γὰρ,</span> <span class='ocrx_word' id='word_1_510' title='bbox 776 3505 967 3576; x_wconf 78' lang='grc' dir='ltr'>φησὶν,</span> <span class='ocrx_word' id='word_1_511' title='bbox 999 3503 1366 3567; x_wconf 79' lang='grc' dir='ltr'><strong>ἀποκτείνει,</strong></span> <span class='ocrx_word' id='word_1_512' title='bbox 1414 3501 1483 3556; x_wconf 86' lang='grc' dir='ltr'>τὸ</span> <span class='ocrx_word' id='word_1_513' title='bbox 1508 3499 1578 3554; x_wconf 79' lang='grc' dir='ltr'>δὲ</span> <span class='ocrx_word' id='word_1_514' title='bbox 1604 3499 1843 3568; x_wconf 81' lang='grc' dir='ltr'>πνεῦμα</span> 
     </span>
    </p>
   </div>
   <div class='ocr_carea' id='block_1_64' title="bbox 1949 3493 3537 3576">
    <p class='ocr_par' dir='ltr' id='par_1_64' title="bbox 1949 3493 3537 3570">
     <span class='ocr_line' id='line_1_64' title="bbox 1949 3493 3537 3570; baseline -0.004 -14"><span class='ocrx_word' id='word_1_515' title='bbox 1949 3504 2099 3559; x_wconf 88' lang='lat' dir='ltr'><strong>locus</strong></span> <span class='ocrx_word' id='word_1_516' title='bbox 2125 3519 2140 3558; x_wconf 87' lang='lat'><strong>:</strong></span> <span class='ocrx_word' id='word_1_517' title='bbox 2175 3501 2298 3556; x_wconf 73' lang='lat' dir='ltr'><strong>Nisi</strong></span> <span class='ocrx_word' id='word_1_518' title='bbox 2326 3500 2491 3555; x_wconf 86' lang='lat' dir='ltr'><strong>Pater</strong></span> <span class='ocrx_word' id='word_1_519' title='bbox 2512 3501 2680 3566; x_wconf 72' lang='lat' dir='ltr'><strong>solus,</strong></span> <span class='ocrx_word' id='word_1_520' title='bbox 2713 3515 2878 3569; x_wconf 81' lang='lat' dir='ltr'><strong>neque</strong></span> <span class='ocrx_word' id='word_1_521' title='bbox 2906 3498 3104 3570; x_wconf 80' lang='lat' dir='ltr'><strong>angeli,</strong></span> <span class='ocrx_word' id='word_1_522' title='bbox 3147 3512 3309 3567; x_wconf 81' lang='lat' dir='ltr'><strong>neque</strong></span> <span class='ocrx_word' id='word_1_523' title='bbox 3336 3493 3537 3550; x_wconf 76' lang='lat' dir='ltr'><strong>Filius.</strong></span> 
     </span>
    </p>
   </div>
   <div class='ocr_carea' id='block_1_65' title="bbox 242 3589 1844 3669">
    <p class='ocr_par' dir='ltr' id='par_1_65' title="bbox 242 3592 1837 3669">
     <span class='ocr_line' id='line_1_65' title="bbox 242 3592 1837 3669; baseline -0.006 -15"><span class='ocrx_word' id='word_1_524' title='bbox 242 3599 537 3662; x_wconf 77' lang='grc' dir='ltr'>ζωοποιεῖ.</span> <span class='ocrx_word' id='word_1_525' title='bbox 575 3598 849 3669; x_wconf 78' lang='grc' dir='ltr'>Λάϐωμεν</span> <span class='ocrx_word' id='word_1_526' title='bbox 874 3598 936 3652; x_wconf 75' lang='grc' dir='ltr'>τὸ</span> <span class='ocrx_word' id='word_1_527' title='bbox 982 3596 1221 3668; x_wconf 85' lang='grc' dir='ltr'>πνεῦμα,</span> <span class='ocrx_word' id='word_1_528' title='bbox 1251 3595 1342 3649; x_wconf 72' lang='grc' dir='ltr'><strong>ἵνα</strong></span> <span class='ocrx_word' id='word_1_529' title='bbox 1371 3592 1748 3665; x_wconf 77' lang='grc' dir='ltr'>ὼφεληθῶμεν</span> <span class='ocrx_word' id='word_1_530' title='bbox 1772 3594 1837 3645; x_wconf 78' lang='grc' dir='ltr'><strong>ὲκ</strong></span> 
     </span>
    </p>
   </div>
   <div class='ocr_carea' id='block_1_66' title="bbox 1949 3589 3544 3669">
    <p class='ocr_par' dir='ltr' id='par_1_66' title="bbox 1949 3589 3544 3660">
     <span class='ocr_line' id='line_1_66' title="bbox 1949 3589 3544 3660; baseline -0.002 -13"><span class='ocrx_word' id='word_1_531' title='bbox 1949 3593 2126 3660; x_wconf 77' lang='lat' dir='ltr'><strong>Quare</strong></span> <span class='ocrx_word' id='word_1_532' title='bbox 2174 3604 2462 3649; x_wconf 86' lang='lat' dir='ltr'><strong>sacrarum</strong></span> <span class='ocrx_word' id='word_1_533' title='bbox 2510 3591 2824 3646; x_wconf 88' lang='lat' dir='ltr'><strong>litterarum</strong></span> <span class='ocrx_word' id='word_1_534' title='bbox 2877 3590 2990 3644; x_wconf 79' lang='lat' dir='ltr'><strong>vim</strong></span> <span class='ocrx_word' id='word_1_535' title='bbox 3038 3589 3433 3660; x_wconf 78' lang='lat' dir='ltr'><strong>intelligamus,</strong></span> <span class='ocrx_word' id='word_1_536' title='bbox 3472 3604 3544 3644; x_wconf 86' lang='lat' dir='ltr'><strong>ne</strong></span> 
     </span>
    </p>
   </div>
   <div class='ocr_carea' id='block_1_67' title="bbox 239 3681 1847 3762">
    <p class='ocr_par' dir='ltr' id='par_1_67' title="bbox 239 3681 1847 3762">
     <span class='ocr_line' id='line_1_67' title="bbox 239 3681 1847 3762; baseline -0.008 -17"><span class='ocrx_word' id='word_1_537' title='bbox 239 3690 338 3745; x_wconf 86' lang='grc' dir='ltr'><strong>τοῦ</strong></span> <span class='ocrx_word' id='word_1_538' title='bbox 370 3690 718 3762; x_wconf 80' lang='grc' dir='ltr'>γράμματος.</span> <span class='ocrx_word' id='word_1_539' title='bbox 751 3689 826 3741; x_wconf 78' lang='grc' dir='ltr'><strong>Οὐ</strong></span> <span class='ocrx_word' id='word_1_540' title='bbox 847 3687 1083 3761; x_wconf 85' lang='grc' dir='ltr'>γράμμα</span> <span class='ocrx_word' id='word_1_541' title='bbox 1114 3685 1451 3745; x_wconf 76' lang='grc' dir='ltr'>ἀποκτείνει,</span> <span class='ocrx_word' id='word_1_542' title='bbox 1474 3686 1533 3738; x_wconf 84' lang='grc' dir='ltr'>ὲν</span> <span class='ocrx_word' id='word_1_543' title='bbox 1557 3682 1636 3753; x_wconf 86' lang='grc' dir='ltr'><strong>τῷ</strong></span> <span class='ocrx_word' id='word_1_544' title='bbox 1665 3681 1847 3752; x_wconf 78' lang='grc' dir='ltr'>γράμ-</span> 
     </span>
    </p>
   </div>
   <div class='ocr_carea' id='block_1_68' title="bbox 247 3773 1847 3853">
    <p class='ocr_par' dir='ltr' id='par_1_68' title="bbox 247 3773 1847 3853">
     <span class='ocr_line' id='line_1_68' title="bbox 247 3773 1847 3853; baseline -0.006 -18"><span class='ocrx_word' id='word_1_545' title='bbox 247 3797 385 3853; x_wconf 85' lang='grc' dir='ltr'>ματι</span> <span class='ocrx_word' id='word_1_546' title='bbox 422 3782 457 3852; x_wconf 77' lang='grc' dir='ltr'><strong>ἠ</strong></span> <span class='ocrx_word' id='word_1_547' title='bbox 520 3781 663 3853; x_wconf 68' lang='grc' dir='ltr'><strong>ζωήυ</strong></span> <span class='ocrx_word' id='word_1_548' title='bbox 692 3778 1005 3834; x_wconf 81' lang='grc' dir='ltr'>ἀποκτείνει</span> <span class='ocrx_word' id='word_1_549' title='bbox 1050 3778 1111 3832; x_wconf 77' lang='grc' dir='ltr'>δὲ</span> <span class='ocrx_word' id='word_1_550' title='bbox 1144 3777 1235 3831; x_wconf 80' lang='grc' dir='ltr'>τὸν</span> <span class='ocrx_word' id='word_1_551' title='bbox 1266 3776 1543 3839; x_wconf 78' lang='grc' dir='ltr'>ἀσυνέτως</span> <span class='ocrx_word' id='word_1_552' title='bbox 1568 3773 1646 3846; x_wconf 80' lang='grc' dir='ltr'>τῷ</span> <span class='ocrx_word' id='word_1_553' title='bbox 1670 3773 1847 3845; x_wconf 84' lang='grc' dir='ltr'>γράμ-</span> 
     </span>
    </p>
   </div>
   <div class='ocr_carea' id='block_1_69' title="bbox 247 3867 1837 3944">
    <p class='ocr_par' dir='ltr' id='par_1_69' title="bbox 247 3867 1837 3944">
     <span class='ocr_line' id='line_1_69' title="bbox 247 3867 1837 3944; baseline -0.003 -17"><span class='ocrx_word' id='word_1_554' title='bbox 247 3890 385 3944; x_wconf 88' lang='grc' dir='ltr'>ματι</span> <span class='ocrx_word' id='word_1_555' title='bbox 405 3872 865 3944; x_wconf 75' lang='grc' dir='ltr'>προσερχόμενον,</span> <span class='ocrx_word' id='word_1_556' title='bbox 890 3871 987 3925; x_wconf 78' lang='grc' dir='ltr'><strong>καὶ</strong></span> <span class='ocrx_word' id='word_1_557' title='bbox 1005 3872 1080 3942; x_wconf 81' lang='grc' dir='ltr'>μὴ</span> <span class='ocrx_word' id='word_1_558' title='bbox 1097 3869 1291 3941; x_wconf 69' lang='grc' dir='ltr'>ἔχοντα</span> <span class='ocrx_word' id='word_1_559' title='bbox 1300 3869 1359 3922; x_wconf 83' lang='grc' dir='ltr'>τὸ</span> <span class='ocrx_word' id='word_1_560' title='bbox 1372 3867 1580 3940; x_wconf 76' lang='grc' dir='ltr'>φράζον</span> <span class='ocrx_word' id='word_1_561' title='bbox 1597 3867 1837 3936; x_wconf 85' lang='grc' dir='ltr'>πνεῦμα.</span> 
     </span>
    </p>
   </div>
   <div class='ocr_carea' id='block_1_70' title="bbox 242 3956 1844 4035">
    <p class='ocr_par' dir='ltr' id='par_1_70' title="bbox 242 3956 1844 4035">
     <span class='ocr_line' id='line_1_70' title="bbox 242 3956 1844 4035; baseline -0.005 -15"><span class='ocrx_word' id='word_1_562' title='bbox 242 3967 309 4020; x_wconf 80' lang='grc' dir='ltr'>τὺ</span> <span class='ocrx_word' id='word_1_563' title='bbox 334 3968 552 4034; x_wconf 58' lang='grc' dir='ltr'>ἀνάγον</span> <span class='ocrx_word' id='word_1_564' title='bbox 576 3964 638 4017; x_wconf 82' lang='grc' dir='ltr'><strong>τὸ</strong></span> <span class='ocrx_word' id='word_1_565' title='bbox 665 3964 924 4035; x_wconf 81' lang='grc' dir='ltr'>γράμμα,</span> <span class='ocrx_word' id='word_1_566' title='bbox 957 3963 1055 4017; x_wconf 84' lang='grc' dir='ltr'><strong>καὶ</strong></span> <span class='ocrx_word' id='word_1_567' title='bbox 1084 3959 1472 4017; x_wconf 83' lang='grc' dir='ltr'>ἀποκαλύπτον</span> <span class='ocrx_word' id='word_1_568' title='bbox 1503 3959 1566 4013; x_wconf 81' lang='grc' dir='ltr'>τὸ</span> <span class='ocrx_word' id='word_1_569' title='bbox 1588 3961 1647 4014; x_wconf 77' lang='grc' dir='ltr'>ὲν</span> <span class='ocrx_word' id='word_1_570' title='bbox 1675 3956 1844 4028; x_wconf 84' lang='grc' dir='ltr'>αὐτῷ.</span> 
     </span>
    </p>
   </div>
   <div class='ocr_carea' id='block_1_71' title="bbox 249 4051 1849 4130">
    <p class='ocr_par' dir='ltr' id='par_1_71' title="bbox 249 4051 1849 4130">
     <span class='ocr_line' id='line_1_71' title="bbox 249 4051 1849 4130; baseline -0.007 -15"><span class='ocrx_word' id='word_1_571' title='bbox 249 4060 445 4124; x_wconf 82' lang='grc' dir='ltr'><strong>Οὕτως</strong></span> <span class='ocrx_word' id='word_1_572' title='bbox 471 4056 566 4114; x_wconf 59' lang='lat' dir='ltr'><strong>of»:</strong></span> <span class='ocrx_word' id='word_1_573' title='bbox 591 4061 621 4113; x_wconf 85' lang='grc' dir='ltr'>ὁ</span> <span class='ocrx_word' id='word_1_574' title='bbox 641 4058 832 4130; x_wconf 84' lang='grc' dir='ltr'>Πατὴρ</span> <span class='ocrx_word' id='word_1_575' title='bbox 853 4060 883 4111; x_wconf 87' lang='grc' dir='ltr'>ὁ</span> <span class='ocrx_word' id='word_1_576' title='bbox 908 4056 1068 4127; x_wconf 73' lang='grc' dir='ltr'>ἅγιος</span> <span class='ocrx_word' id='word_1_577' title='bbox 1096 4055 1190 4111; x_wconf 70' lang='grc' dir='ltr'><strong>τὸν</strong></span> <span class='ocrx_word' id='word_1_578' title='bbox 1227 4054 1491 4129; x_wconf 83' lang='grc' dir='ltr'>μονογενῆ</span> <span class='ocrx_word' id='word_1_579' title='bbox 1527 4051 1694 4108; x_wconf 80' lang='grc' dir='ltr'>αὑτοῦ</span> <span class='ocrx_word' id='word_1_580' title='bbox 1717 4051 1849 4105; x_wconf 83' lang='grc' dir='ltr'>Υίδν</span> 
     </span>
    </p>
   </div>
   <div class='ocr_carea' id='block_1_72' title="bbox 250 4140 1848 4225">
    <p class='ocr_par' dir='ltr' id='par_1_72' title="bbox 250 4140 1848 4225">
     <span class='ocr_line' id='line_1_72' title="bbox 250 4140 1848 4225; baseline -0.008 -18"><span class='ocrx_word' id='word_1_581' title='bbox 250 4155 483 4225; x_wconf 83' lang='grc' dir='ltr'>γνήσιον</span> <span class='ocrx_word' id='word_1_582' title='bbox 530 4151 929 4222; x_wconf 73' lang='grc' dir='ltr'>γεγεννημένον</span> <span class='ocrx_word' id='word_1_583' title='bbox 983 4149 1045 4215; x_wconf 72' lang='grc' dir='ltr'><strong>ἐξ</strong></span> <span class='ocrx_word' id='word_1_584' title='bbox 1072 4147 1261 4213; x_wconf 81' lang='grc' dir='ltr'>αὐτοῦ,</span> <span class='ocrx_word' id='word_1_585' title='bbox 1293 4147 1388 4201; x_wconf 74' lang='grc' dir='ltr'><strong>καὶ</strong></span> <span class='ocrx_word' id='word_1_586' title='bbox 1415 4147 1477 4199; x_wconf 82' lang='grc' dir='ltr'><strong>τὸ</strong></span> <span class='ocrx_word' id='word_1_587' title='bbox 1496 4145 1653 4213; x_wconf 78' lang='grc' dir='ltr'>ἅγιον</span> <span class='ocrx_word' id='word_1_588' title='bbox 1681 4140 1848 4196; x_wconf 84' lang='grc' dir='ltr'>αὑτοῦ</span> 
     </span>
    </p>
   </div>
   <div class='ocr_carea' id='block_1_73' title="bbox 248 4230 1851 4316">
    <p class='ocr_par' dir='ltr' id='par_1_73' title="bbox 248 4230 1851 4316">
     <span class='ocr_line' id='line_1_73' title="bbox 248 4230 1851 4316; baseline -0.009 -17"><span class='ocrx_word' id='word_1_589' title='bbox 248 4243 482 4316; x_wconf 82' lang='grc' dir='ltr'>Πνεῦμα</span> <span class='ocrx_word' id='word_1_590' title='bbox 504 4242 670 4297; x_wconf 70' lang='grc' dir='ltr'>ἔδωκε</span> <span class='ocrx_word' id='word_1_591' title='bbox 695 4246 763 4315; x_wconf 79' lang='grc' dir='ltr'>τῇ</span> <span class='ocrx_word' id='word_1_592' title='bbox 794 4242 930 4314; x_wconf 70' lang='grc' dir='ltr'>ἁγίᾳ</span> <span class='ocrx_word' id='word_1_593' title='bbox 950 4240 1118 4297; x_wconf 85' lang='grc' dir='ltr'>αὑτοῦ</span> <span class='ocrx_word' id='word_1_594' title='bbox 1146 4237 1471 4310; x_wconf 76' lang='grc' dir='ltr'>Ἐκκλησία,</span> <span class='ocrx_word' id='word_1_595' title='bbox 1507 4237 1566 4290; x_wconf 84' lang='grc' dir='ltr'>ὲν</span> <span class='ocrx_word' id='word_1_596' title='bbox 1593 4234 1692 4307; x_wconf 86' lang='grc' dir='ltr'>μιᾷ</span> <span class='ocrx_word' id='word_1_597' title='bbox 1707 4230 1851 4301; x_wconf 85' lang='grc' dir='ltr'>γνώ-</span> 
     </span>
    </p>
   </div>
   <div class='ocr_carea' id='block_1_74' title="bbox 250 4325 1850 4411">
    <p class='ocr_par' dir='ltr' id='par_1_74' title="bbox 250 4325 1850 4411">
     <span class='ocr_line' id='line_1_74' title="bbox 250 4325 1850 4411; baseline -0.01 -18"><span class='ocrx_word' id='word_1_598' title='bbox 250 4356 337 4394; x_wconf 83' lang='grc' dir='ltr'><strong>σει</strong></span> <span class='ocrx_word' id='word_1_599' title='bbox 364 4336 644 4411; x_wconf 85' lang='grc' dir='ltr'>ὁμονοίας,</span> <span class='ocrx_word' id='word_1_600' title='bbox 671 4337 730 4390; x_wconf 82' lang='grc' dir='ltr'>ὲν</span> <span class='ocrx_word' id='word_1_601' title='bbox 772 4335 852 4389; x_wconf 76' lang='grc' dir='ltr'><strong>ἑνὶ</strong></span> <span class='ocrx_word' id='word_1_602' title='bbox 886 4334 1170 4404; x_wconf 82' lang='grc' dir='ltr'>συνδέσμῳ</span> <span class='ocrx_word' id='word_1_603' title='bbox 1201 4331 1542 4401; x_wconf 83' lang='grc' dir='ltr'>τελειότητος</span> <span class='ocrx_word' id='word_1_604' title='bbox 1564 4344 1579 4359; x_wconf 74' lang='grc'><strong><em>⁸</em></strong></span> <span class='ocrx_word' id='word_1_605' title='bbox 1607 4328 1756 4391; x_wconf 81' lang='grc' dir='ltr'><strong>ὅπως</strong></span> <span class='ocrx_word' id='word_1_606' title='bbox 1791 4325 1850 4377; x_wconf 73' lang='grc' dir='ltr'>ἐν</span> 
     </span>
    </p>
   </div>
   <div class='ocr_carea' id='block_1_75' title="bbox 250 4422 1853 4504">
    <p class='ocr_par' dir='ltr' id='par_1_75' title="bbox 250 4422 1853 4504">
     <span class='ocr_line' id='line_1_75' title="bbox 250 4422 1853 4504; baseline -0.009 -16"><span class='ocrx_word' id='word_1_607' title='bbox 250 4433 482 4504; x_wconf 75' lang='grc' dir='ltr'>ὀνόματι</span> <span class='ocrx_word' id='word_1_608' title='bbox 514 4430 729 4503; x_wconf 62' lang='lat' dir='ltr'><strong>Harpe;</strong></span> <span class='ocrx_word' id='word_1_609' title='bbox 755 4429 966 4484; x_wconf 83' lang='grc' dir='ltr'>τελείου</span> <span class='ocrx_word' id='word_1_610' title='bbox 990 4427 1087 4483; x_wconf 68' lang='grc' dir='ltr'><strong>καὶ</strong></span> <span class='ocrx_word' id='word_1_611' title='bbox 1112 4426 1251 4481; x_wconf 84' lang='grc' dir='ltr'>Θεοῦ</span> <span class='ocrx_word' id='word_1_612' title='bbox 1281 4424 1381 4497; x_wconf 82' lang='grc' dir='ltr'><strong>τὴν</strong></span> <span class='ocrx_word' id='word_1_613' title='bbox 1398 4422 1675 4497; x_wconf 80' lang='grc' dir='ltr'>σφραγῖδα</span> <span class='ocrx_word' id='word_1_614' title='bbox 1692 4437 1853 4492; x_wconf 84' lang='grc' dir='ltr'>κομι-</span> 
     </span>
    </p>
   </div>
   <div class='ocr_carea' id='block_1_76' title="bbox 250 4511 1851 4595">
    <p class='ocr_par' dir='ltr' id='par_1_76' title="bbox 250 4511 1851 4595">
     <span class='ocr_line' id='line_1_76' title="bbox 250 4511 1851 4595; baseline -0.007 -18"><span class='ocrx_word' id='word_1_615' title='bbox 250 4521 505 4595; x_wconf 79' lang='grc' dir='ltr'>σώμεθα,</span> <span class='ocrx_word' id='word_1_616' title='bbox 534 4521 630 4576; x_wconf 83' lang='grc' dir='ltr'><strong>καὶ</strong></span> <span class='ocrx_word' id='word_1_617' title='bbox 676 4522 735 4575; x_wconf 76' lang='grc' dir='ltr'>ἐν</span> <span class='ocrx_word' id='word_1_618' title='bbox 779 4520 1004 4591; x_wconf 75' lang='grc' dir='ltr'>ὀνόματι</span> <span class='ocrx_word' id='word_1_619' title='bbox 1034 4517 1167 4572; x_wconf 86' lang='grc' dir='ltr'>Υἰοῦ</span> <span class='ocrx_word' id='word_1_620' title='bbox 1191 4516 1399 4572; x_wconf 76' lang='grc' dir='ltr'>τελείου</span> <span class='ocrx_word' id='word_1_621' title='bbox 1431 4516 1529 4569; x_wconf 76' lang='grc' dir='ltr'><strong>καὶ</strong></span> <span class='ocrx_word' id='word_1_622' title='bbox 1554 4511 1714 4577; x_wconf 76' lang='grc' dir='ltr'>θεοῦ,</span> <span class='ocrx_word' id='word_1_623' title='bbox 1753 4512 1851 4566; x_wconf 79' lang='grc' dir='ltr'><strong>καὶ</strong></span> 
     </span>
    </p>
   </div>
   <div class='ocr_carea' id='block_1_77' title="bbox 1948 3679 3546 3753">
    <p class='ocr_par' dir='ltr' id='par_1_77' title="bbox 1948 3679 3546 3753">
     <span class='ocr_line' id='line_1_77' title="bbox 1948 3679 3546 3753; baseline -0.004 -12"><span class='ocrx_word' id='word_1_624' title='bbox 1948 3686 2112 3742; x_wconf 84' lang='lat' dir='ltr'><strong>nobis</strong></span> <span class='ocrx_word' id='word_1_625' title='bbox 2174 3684 2232 3739; x_wconf 87' lang='lat' dir='ltr'><strong>in</strong></span> <span class='ocrx_word' id='word_1_626' title='bbox 2295 3692 2529 3739; x_wconf 87' lang='lat' dir='ltr'><strong>mortem</strong></span> <span class='ocrx_word' id='word_1_627' title='bbox 2603 3684 2785 3737; x_wconf 84' lang='lat' dir='ltr'><strong>littera</strong></span> <span class='ocrx_word' id='word_1_628' title='bbox 2838 3682 2956 3753; x_wconf 80' lang='lat' dir='ltr'><strong>ipsa</strong></span> <span class='ocrx_word' id='word_1_629' title='bbox 3009 3688 3260 3735; x_wconf 85' lang='lat' dir='ltr'><strong>vertatur</strong></span> <span class='ocrx_word' id='word_1_630' title='bbox 3292 3699 3304 3733; x_wconf 88' lang='lat'><strong>:</strong></span> <span class='ocrx_word' id='word_1_631' title='bbox 3337 3679 3546 3735; x_wconf 76' lang='lat' dir='ltr'><strong>Littrra</strong></span> 
     </span>
    </p>
   </div>
   <div class='ocr_carea' id='block_1_78' title="bbox 1943 3773 3543 3846">
    <p class='ocr_par' dir='ltr' id='par_1_78' title="bbox 1943 3773 3543 3846">
     <span class='ocr_line' id='line_1_78' title="bbox 1943 3773 3543 3846; baseline -0.006 -13"><span class='ocrx_word' id='word_1_632' title='bbox 1943 3779 2106 3843; x_wconf 79' lang='lat' dir='ltr'><strong>enim,</strong></span> <span class='ocrx_word' id='word_1_633' title='bbox 2155 3778 2232 3832; x_wconf 87' lang='lat' dir='ltr'><strong>ait</strong></span> <span class='ocrx_word' id='word_1_634' title='bbox 2277 3774 2596 3846; x_wconf 76' lang='lat' dir='ltr'><strong>Apostolus,</strong></span> <span class='ocrx_word' id='word_1_635' title='bbox 2628 3775 2840 3839; x_wconf 79' lang='lat' dir='ltr'><strong>occidit,</strong></span> <span class='ocrx_word' id='word_1_636' title='bbox 2878 3775 3097 3842; x_wconf 77' lang='lat' dir='ltr'><strong>spiritus</strong></span> <span class='ocrx_word' id='word_1_637' title='bbox 3143 3784 3319 3827; x_wconf 84' lang='lat' dir='ltr'><strong>autem</strong></span> <span class='ocrx_word' id='word_1_638' title='bbox 3368 3773 3543 3840; x_wconf 78' lang='lat' dir='ltr'><strong>viri/i-</strong></span> 
     </span>
    </p>
   </div>
   <div class='ocr_carea' id='block_1_79' title="bbox 1946 3863 3544 3940">
    <p class='ocr_par' dir='ltr' id='par_1_79' title="bbox 1946 3863 3544 3940">
     <span class='ocr_line' id='line_1_79' title="bbox 1946 3863 3544 3940; baseline -0.006 -14"><span class='ocrx_word' id='word_1_639' title='bbox 1946 3882 2033 3926; x_wconf 86' lang='lat' dir='ltr'><strong>cat</strong></span> <span class='ocrx_word' id='word_1_640' title='bbox 2052 3871 2095 3925; x_wconf 82' lang='grc'>⁸.</span> <span class='ocrx_word' id='word_1_641' title='bbox 2153 3870 2507 3940; x_wconf 83' lang='lat' dir='ltr'><strong>Exeipiamus</strong></span> <span class='ocrx_word' id='word_1_642' title='bbox 2559 3866 2839 3939; x_wconf 87' lang='lat' dir='ltr'><strong>spiritum,</strong></span> <span class='ocrx_word' id='word_1_643' title='bbox 2892 3875 2953 3921; x_wconf 92' lang='lat' dir='ltr'><strong>ut</strong></span> <span class='ocrx_word' id='word_1_644' title='bbox 2978 3881 3045 3920; x_wconf 84' lang='lat' dir='ltr'><strong>ex</strong></span> <span class='ocrx_word' id='word_1_645' title='bbox 3078 3865 3260 3921; x_wconf 73' lang='lat' dir='ltr'><strong>littera</strong></span> <span class='ocrx_word' id='word_1_646' title='bbox 3305 3863 3544 3919; x_wconf 85' lang='lat' dir='ltr'><strong>fructum</strong></span> 
     </span>
    </p>
   </div>
   <div class='ocr_carea' id='block_1_80' title="bbox 1938 3950 3548 4032">
    <p class='ocr_par' dir='ltr' id='par_1_80' title="bbox 1938 3950 3548 4032">
     <span class='ocr_line' id='line_1_80' title="bbox 1938 3950 3548 4032; baseline -0.009 -17"><span class='ocrx_word' id='word_1_647' title='bbox 1938 3960 2196 4032; x_wconf 75' lang='lat' dir='ltr'><strong>aliquem</strong></span> <span class='ocrx_word' id='word_1_648' title='bbox 2244 3968 2679 4028; x_wconf 86' lang='lat' dir='ltr'><strong>consequamur.</strong></span> <span class='ocrx_word' id='word_1_649' title='bbox 2733 3953 3058 4022; x_wconf 85' lang='lat' dir='ltr'><strong>Quanquam</strong></span> <span class='ocrx_word' id='word_1_650' title='bbox 3111 3966 3225 4006; x_wconf 87' lang='lat' dir='ltr'><strong>non</strong></span> <span class='ocrx_word' id='word_1_651' title='bbox 3279 3950 3397 4022; x_wconf 87' lang='lat' dir='ltr'><strong>ipsa</strong></span> <span class='ocrx_word' id='word_1_652' title='bbox 3450 3965 3548 4020; x_wconf 82' lang='lat' dir='ltr'><strong>per</strong></span> 
     </span>
    </p>
   </div>
   <div class='ocr_carea' id='block_1_81' title="bbox 1949 4040 3547 4115">
    <p class='ocr_par' dir='ltr' id='par_1_81' title="bbox 1949 4040 3547 4115">
     <span class='ocr_line' id='line_1_81' title="bbox 1949 4040 3547 4115; baseline -0.011 -7"><span class='ocrx_word' id='word_1_653' title='bbox 1949 4066 2075 4108; x_wconf 86' lang='lat' dir='ltr'><strong>sese</strong></span> <span class='ocrx_word' id='word_1_654' title='bbox 2101 4050 2307 4105; x_wconf 84' lang='lat' dir='ltr'><strong>occidit</strong></span> <span class='ocrx_word' id='word_1_655' title='bbox 2345 4046 2571 4114; x_wconf 88' lang='lat' dir='ltr'><strong>littera;</strong></span> <span class='ocrx_word' id='word_1_656' title='bbox 2628 4046 2684 4100; x_wconf 90' lang='lat' dir='ltr'><strong>in</strong></span> <span class='ocrx_word' id='word_1_657' title='bbox 2742 4059 2809 4100; x_wconf 80' lang='lat' dir='ltr'><strong>ea</strong></span> <span class='ocrx_word' id='word_1_658' title='bbox 2853 4043 3059 4115; x_wconf 86' lang='lat' dir='ltr'><strong>quippe</strong></span> <span class='ocrx_word' id='word_1_659' title='bbox 3102 4043 3212 4098; x_wconf 85' lang='lat' dir='ltr'><strong>vita</strong></span> <span class='ocrx_word' id='word_1_660' title='bbox 3253 4040 3547 4105; x_wconf 86' lang='lat' dir='ltr'><strong>consistit;</strong></span> 
     </span>
    </p>
   </div>
   <div class='ocr_carea' id='block_1_82' title="bbox 1951 4127 3550 4204">
    <p class='ocr_par' dir='ltr' id='par_1_82' title="bbox 1951 4127 3550 4204">
     <span class='ocr_line' id='line_1_82' title="bbox 1951 4127 3550 4204; baseline -0.011 -6"><span class='ocrx_word' id='word_1_661' title='bbox 1951 4142 2047 4198; x_wconf 81' lang='lat' dir='ltr'><strong>sed</strong></span> <span class='ocrx_word' id='word_1_662' title='bbox 2073 4155 2201 4195; x_wconf 89' lang='lat' dir='ltr'><strong>eum</strong></span> <span class='ocrx_word' id='word_1_663' title='bbox 2223 4139 2494 4194; x_wconf 76' lang='lat' dir='ltr'><strong>duntaxat</strong></span> <span class='ocrx_word' id='word_1_664' title='bbox 2520 4134 2746 4201; x_wconf 88' lang='lat' dir='ltr'><strong>occidit,</strong></span> <span class='ocrx_word' id='word_1_665' title='bbox 2782 4133 2880 4204; x_wconf 92' lang='lat' dir='ltr'><strong>qui</strong></span> <span class='ocrx_word' id='word_1_666' title='bbox 2910 4132 2981 4187; x_wconf 91' lang='lat' dir='ltr'><strong>ad</strong></span> <span class='ocrx_word' id='word_1_667' title='bbox 3015 4127 3254 4186; x_wconf 86' lang='lat' dir='ltr'><strong>litteram</strong></span> <span class='ocrx_word' id='word_1_668' title='bbox 3293 4128 3550 4198; x_wconf 79' lang='lat' dir='ltr'><strong>imperite</strong></span> 
     </span>
    </p>
   </div>
   <div class='ocr_carea' id='block_1_83' title="bbox 1950 4218 3547 4305">
    <p class='ocr_par' dir='ltr' id='par_1_83' title="bbox 1950 4218 3547 4305">
     <span class='ocr_line' id='line_1_83' title="bbox 1950 4218 3547 4305; baseline -0.012 -16"><span class='ocrx_word' id='word_1_669' title='bbox 1950 4242 2006 4290; x_wconf 86' lang='lat' dir='ltr'><strong>et</strong></span> <span class='ocrx_word' id='word_1_670' title='bbox 2046 4245 2240 4305; x_wconf 87' lang='lat' dir='ltr'><strong>parum</strong></span> <span class='ocrx_word' id='word_1_671' title='bbox 2284 4229 2564 4299; x_wconf 84' lang='lat' dir='ltr'><strong>sapienter</strong></span> <span class='ocrx_word' id='word_1_672' title='bbox 2601 4225 2834 4288; x_wconf 83' lang='lat' dir='ltr'><strong>accedit,</strong></span> <span class='ocrx_word' id='word_1_673' title='bbox 2889 4224 2983 4294; x_wconf 86' lang='lat' dir='ltr'><strong>qui</strong></span> <span class='ocrx_word' id='word_1_674' title='bbox 3019 4223 3369 4291; x_wconf 79' lang='lat' dir='ltr'><strong>eloquentem</strong></span> <span class='ocrx_word' id='word_1_675' title='bbox 3429 4218 3547 4286; x_wconf 86' lang='lat' dir='ltr'><strong>spi—</strong></span> 
     </span>
    </p>
   </div>
   <div class='ocr_carea' id='block_1_84' title="bbox 1952 4306 3550 4387">
    <p class='ocr_par' dir='ltr' id='par_1_84' title="bbox 1952 4306 3550 4387">
     <span class='ocr_line' id='line_1_84' title="bbox 1952 4306 3550 4387; baseline -0.013 -7"><span class='ocrx_word' id='word_1_676' title='bbox 1952 4325 2122 4380; x_wconf 87' lang='lat' dir='ltr'><strong>ritum</strong></span> <span class='ocrx_word' id='word_1_677' title='bbox 2149 4336 2261 4376; x_wconf 85' lang='lat' dir='ltr'><strong>non</strong></span> <span class='ocrx_word' id='word_1_678' title='bbox 2285 4319 2471 4384; x_wconf 81' lang='lat' dir='ltr'><strong>habet,</strong></span> <span class='ocrx_word' id='word_1_679' title='bbox 2519 4331 2551 4371; x_wconf 89' lang='lat' dir='ltr'><strong>a</strong></span> <span class='ocrx_word' id='word_1_680' title='bbox 2579 4331 2691 4387; x_wconf 88' lang='lat' dir='ltr'><strong>quo</strong></span> <span class='ocrx_word' id='word_1_681' title='bbox 2721 4316 2901 4369; x_wconf 89' lang='lat' dir='ltr'><strong>littera</strong></span> <span class='ocrx_word' id='word_1_682' title='bbox 2928 4308 3244 4369; x_wconf 82' lang='lat' dir='ltr'><strong>declaratur</strong></span> <span class='ocrx_word' id='word_1_683' title='bbox 3305 4318 3360 4363; x_wconf 90' lang='lat' dir='ltr'><strong>et</strong></span> <span class='ocrx_word' id='word_1_684' title='bbox 3388 4306 3550 4377; x_wconf 58' lang='lat' dir='ltr'><strong>quid.</strong></span> 
     </span>
    </p>
   </div>
   <div class='ocr_carea' id='block_1_85' title="bbox 1953 4399 3551 4487">
    <p class='ocr_par' dir='ltr' id='par_1_85' title="bbox 1953 4399 3551 4487">
     <span class='ocr_line' id='line_1_85' title="bbox 1953 4399 3551 4487; baseline -0.013 -15"><span class='ocrx_word' id='word_1_685' title='bbox 1953 4415 2089 4487; x_wconf 88' lang='lat' dir='ltr'><strong>quid</strong></span> <span class='ocrx_word' id='word_1_686' title='bbox 2131 4413 2188 4468; x_wconf 86' lang='lat' dir='ltr'><strong>in</strong></span> <span class='ocrx_word' id='word_1_687' title='bbox 2226 4427 2289 4468; x_wconf 85' lang='lat' dir='ltr'><strong>ea</strong></span> <span class='ocrx_word' id='word_1_688' title='bbox 2325 4411 2460 4465; x_wconf 85' lang='lat' dir='ltr'><strong>latet</strong></span> <span class='ocrx_word' id='word_1_689' title='bbox 2502 4408 2770 4479; x_wconf 86' lang='lat' dir='ltr'><strong>aperitur.</strong></span> <span class='ocrx_word' id='word_1_690' title='bbox 2808 4403 2903 4461; x_wconf 86' lang='lat' dir='ltr'><strong>Sic</strong></span> <span class='ocrx_word' id='word_1_691' title='bbox 2928 4405 3093 4475; x_wconf 80' lang='lat' dir='ltr'><strong>igitur</strong></span> <span class='ocrx_word' id='word_1_692' title='bbox 3117 4409 3347 4458; x_wconf 87' lang='lat' dir='ltr'><strong>sanctus</strong></span> <span class='ocrx_word' id='word_1_693' title='bbox 3385 4399 3551 4454; x_wconf 87' lang='lat' dir='ltr'><strong>Pater</strong></span> 
     </span>
    </p>
   </div>
   <div class='ocr_carea' id='block_1_86' title="bbox 1956 4501 3552 4575">
    <p class='ocr_par' dir='ltr' id='par_1_86' title="bbox 1956 4501 3552 4575">
     <span class='ocr_line' id='line_1_86' title="bbox 1956 4501 3552 4575; baseline -0.011 -14"><span class='ocrx_word' id='word_1_694' title='bbox 1956 4507 2186 4562; x_wconf 83' lang='lat' dir='ltr'><strong>unicum</strong></span> <span class='ocrx_word' id='word_1_695' title='bbox 2220 4501 2421 4575; x_wconf 72' lang='lat' dir='ltr'><strong>Filium</strong></span> <span class='ocrx_word' id='word_1_696' title='bbox 2455 4514 2617 4555; x_wconf 85' lang='lat' dir='ltr'><strong>suum</strong></span> <span class='ocrx_word' id='word_1_697' title='bbox 2656 4512 2722 4553; x_wconf 90' lang='lat' dir='ltr'><strong>ac</strong></span> <span class='ocrx_word' id='word_1_698' title='bbox 2760 4509 3086 4569; x_wconf 87' lang='lat' dir='ltr'><strong>germanum</strong></span> <span class='ocrx_word' id='word_1_699' title='bbox 3116 4502 3172 4549; x_wconf 91' lang='lat' dir='ltr'><strong>et</strong></span> <span class='ocrx_word' id='word_1_700' title='bbox 3201 4508 3234 4547; x_wconf 86' lang='lat' dir='ltr'><strong>a</strong></span> <span class='ocrx_word' id='word_1_701' title='bbox 3266 4507 3327 4548; x_wconf 89' lang='lat' dir='ltr'><strong>se</strong></span> <span class='ocrx_word' id='word_1_702' title='bbox 3351 4504 3552 4561; x_wconf 85' lang='lat' dir='ltr'><strong>proge-</strong></span> 
     </span>
    </p>
   </div>
   <div class='ocr_carea' id='block_1_87' title="bbox 249 4580 1844 4685">
    <p class='ocr_par' dir='ltr' id='par_1_87' title="bbox 249 4580 1844 4685">
     <span class='ocr_line' id='line_1_87' title="bbox 249 4580 1844 4685; baseline -0.008 -16"><span class='ocrx_word' id='word_1_703' title='bbox 249 4616 311 4669; x_wconf 65' lang='grc' dir='ltr'>ἐν</span> <span class='ocrx_word' id='word_1_704' title='bbox 337 4580 599 4685; x_wconf 53' lang='grc' dir='ltr'>’ὀνόματι</span> <span class='ocrx_word' id='word_1_705' title='bbox 656 4580 974 4683; x_wconf 49' lang='lat' dir='ltr'><strong>necuim;</strong></span> <span class='ocrx_word' id='word_1_706' title='bbox 1011 4608 1158 4664; x_wconf 81' lang='grc' dir='ltr'>θείου</span> <span class='ocrx_word' id='word_1_707' title='bbox 1184 4610 1281 4664; x_wconf 75' lang='grc' dir='ltr'><strong>καὶ</strong></span> <span class='ocrx_word' id='word_1_708' title='bbox 1318 4607 1553 4672; x_wconf 83' lang='grc' dir='ltr'>τελείου,</span> <span class='ocrx_word' id='word_1_709' title='bbox 1592 4605 1844 4676; x_wconf 77' lang='grc' dir='ltr'>λάϐωμεν</span> 
     </span>
    </p>
   </div>
   <div class='ocr_carea' id='block_1_88' title="bbox 1949 4580 3551 4685">
    <p class='ocr_par' dir='ltr' id='par_1_88' title="bbox 1954 4581 3551 4664">
     <span class='ocr_line' id='line_1_88' title="bbox 1954 4581 3551 4664; baseline -0.013 -9"><span class='ocrx_word' id='word_1_710' title='bbox 1954 4600 2165 4663; x_wconf 90' lang='lat' dir='ltr'><strong>nitum,</strong></span> <span class='ocrx_word' id='word_1_711' title='bbox 2225 4609 2439 4652; x_wconf 86' lang='lat' dir='ltr'><strong>necnon</strong></span> <span class='ocrx_word' id='word_1_712' title='bbox 2483 4601 2541 4649; x_wconf 90' lang='lat' dir='ltr'><strong>et</strong></span> <span class='ocrx_word' id='word_1_713' title='bbox 2593 4589 2863 4664; x_wconf 85' lang='lat' dir='ltr'><strong>Spiritum</strong></span> <span class='ocrx_word' id='word_1_714' title='bbox 2920 4593 3176 4644; x_wconf 82' lang='lat' dir='ltr'><strong>sanctum</strong></span> <span class='ocrx_word' id='word_1_715' title='bbox 3231 4598 3394 4641; x_wconf 88' lang='lat' dir='ltr'><strong>suum</strong></span> <span class='ocrx_word' id='word_1_716' title='bbox 3445 4581 3551 4636; x_wconf 82' lang='lat' dir='ltr'><strong>Ec-</strong></span> 
     </span>
    </p>
   </div>
   <div class='ocr_carea' id='block_1_89' title="bbox 250 4693 1856 4778">
    <p class='ocr_par' dir='ltr' id='par_1_89' title="bbox 250 4693 1856 4778">
     <span class='ocr_line' id='line_1_89' title="bbox 250 4693 1856 4778; baseline -0.009 -17"><span class='ocrx_word' id='word_1_717' title='bbox 250 4707 353 4778; x_wconf 84' lang='grc' dir='ltr'>τὴν</span> <span class='ocrx_word' id='word_1_718' title='bbox 383 4704 678 4777; x_wconf 79' lang='grc' dir='ltr'>σφραγῖδα.</span> <span class='ocrx_word' id='word_1_719' title='bbox 726 4699 798 4757; x_wconf 82' lang='grc' dir='ltr'><strong><em>Ὦ</em></strong></span> <span class='ocrx_word' id='word_1_720' title='bbox 843 4700 1015 4773; x_wconf 75' lang='grc' dir='ltr'>Τριὰς</span> <span class='ocrx_word' id='word_1_721' title='bbox 1056 4700 1191 4771; x_wconf 78' lang='grc' dir='ltr'>ἁγία</span> <span class='ocrx_word' id='word_1_722' title='bbox 1236 4698 1638 4772; x_wconf 82' lang='grc' dir='ltr'>ἀριθμουμένη,</span> <span class='ocrx_word' id='word_1_723' title='bbox 1684 4693 1856 4767; x_wconf 84' lang='grc' dir='ltr'>Τριὰς</span> 
     </span>
    </p>
   </div>
   <div class='ocr_carea' id='block_1_90' title="bbox 254 4788 1848 4869">
    <p class='ocr_par' dir='ltr' id='par_1_90' title="bbox 254 4788 1848 4869">
     <span class='ocr_line' id='line_1_90' title="bbox 254 4788 1848 4869; baseline -0.007 -16"><span class='ocrx_word' id='word_1_724' title='bbox 254 4800 313 4854; x_wconf 68' lang='grc' dir='ltr'>ιν</span> <span class='ocrx_word' id='word_1_725' title='bbox 350 4800 435 4854; x_wconf 71' lang='grc' dir='ltr'><strong>ἑνὶ</strong></span> <span class='ocrx_word' id='word_1_726' title='bbox 463 4799 689 4869; x_wconf 86' lang='grc' dir='ltr'>ὀνόματι</span> <span class='ocrx_word' id='word_1_727' title='bbox 729 4795 1137 4869; x_wconf 78' lang='grc' dir='ltr'>ἀριθμουμένηῑ</span> <span class='ocrx_word' id='word_1_728' title='bbox 1185 4794 1260 4848; x_wconf 79' lang='grc' dir='ltr'><strong>Οὐ</strong></span> <span class='ocrx_word' id='word_1_729' title='bbox 1293 4793 1407 4864; x_wconf 78' lang='grc' dir='ltr'>γὰρ</span> <span class='ocrx_word' id='word_1_730' title='bbox 1446 4791 1667 4859; x_wconf 85' lang='grc' dir='ltr'>λέγεται</span> <span class='ocrx_word' id='word_1_731' title='bbox 1698 4788 1848 4852; x_wconf 66' lang='grc' dir='ltr'>ἕνας,</span> 
     </span>
    </p>
   </div>
   <div class='ocr_carea' id='block_1_91' title="bbox 255 4880 1851 4962">
    <p class='ocr_par' dir='ltr' id='par_1_91' title="bbox 255 4880 1851 4962">
     <span class='ocr_line' id='line_1_91' title="bbox 255 4880 1851 4962; baseline -0.007 -14"><span class='ocrx_word' id='word_1_732' title='bbox 255 4895 350 4948; x_wconf 71' lang='grc' dir='ltr'><strong>καὶ</strong></span> <span class='ocrx_word' id='word_1_733' title='bbox 414 4891 565 4958; x_wconf 78' lang='grc' dir='ltr'>δυὰς,</span> <span class='ocrx_word' id='word_1_734' title='bbox 626 4890 749 4945; x_wconf 82' lang='grc' dir='ltr'>οὐδὲ</span> <span class='ocrx_word' id='word_1_735' title='bbox 802 4889 969 4962; x_wconf 81' lang='grc' dir='ltr'>μονὰς</span> <span class='ocrx_word' id='word_1_736' title='bbox 1007 4890 1102 4944; x_wconf 74' lang='grc' dir='ltr'><strong>καὶ</strong></span> <span class='ocrx_word' id='word_1_737' title='bbox 1148 4887 1349 4960; x_wconf 88' lang='grc' dir='ltr'>μονάς·</span> <span class='ocrx_word' id='word_1_738' title='bbox 1385 4883 1544 4949; x_wconf 82' lang='grc' dir='ltr'>ἀλλὰ,</span> <span class='ocrx_word' id='word_1_739' title='bbox 1589 4880 1757 4955; x_wconf 81' lang='grc' dir='ltr'>μονὰς</span> <span class='ocrx_word' id='word_1_740' title='bbox 1791 4884 1851 4937; x_wconf 82' lang='grc' dir='ltr'>ὲν</span> 
     </span>
    </p>
   </div>
   <div class='ocr_carea' id='block_1_92' title="bbox 251 4970 1853 5056">
    <p class='ocr_par' dir='ltr' id='par_1_92' title="bbox 251 4970 1853 5056">
     <span class='ocr_line' id='line_1_92' title="bbox 251 4970 1853 5056; baseline -0.009 -16"><span class='ocrx_word' id='word_1_741' title='bbox 251 4983 591 5056; x_wconf 35' lang='lat' dir='ltr'><strong>matiam</strong></span> <span class='ocrx_word' id='word_1_742' title='bbox 627 4981 797 5053; x_wconf 73' lang='grc' dir='ltr'>Τριὲις</span> <span class='ocrx_word' id='word_1_743' title='bbox 826 4981 885 5034; x_wconf 81' lang='grc' dir='ltr'>ἐν</span> <span class='ocrx_word' id='word_1_744' title='bbox 915 4979 1128 5052; x_wconf 77' lang='grc' dir='ltr'>μονάδι,</span> <span class='ocrx_word' id='word_1_745' title='bbox 1168 4975 1480 5049; x_wconf 81' lang='grc' dir='ltr'>μονοειδῶς,</span> <span class='ocrx_word' id='word_1_746' title='bbox 1496 4970 1853 5047; x_wconf 82' lang='grc' dir='ltr'>μονωνύμως,</span> 
     </span>
    </p>
   </div>
   <div class='ocr_carea' id='block_1_93' title="bbox 332 5154 1784 5228">
    <p class='ocr_par' dir='ltr' id='par_1_93' title="bbox 332 5154 1784 5228">
     <span class='ocr_line' id='line_1_93' title="bbox 332 5154 1784 5228; baseline -0.006 -9"><span class='ocrx_word' id='word_1_747' title='bbox 332 5164 498 5219; x_wconf 71' lang='lat' dir='ltr'><strong>&#39;Act.</strong></span> <span class='ocrx_word' id='word_1_748' title='bbox 534 5178 577 5228; x_wconf 90' lang='grc' dir='ltr'><strong>ι,</strong></span> <span class='ocrx_word' id='word_1_749' title='bbox 614 5161 666 5219; x_wconf 89' lang='lat'><strong>7.</strong></span> <span class='ocrx_word' id='word_1_750' title='bbox 741 5162 762 5195; x_wconf 78' lang='lat'><strong>’</strong></span> <span class='ocrx_word' id='word_1_751' title='bbox 785 5158 973 5216; x_wconf 76' lang='lat' dir='ltr'><strong>Matth.</strong></span> <span class='ocrx_word' id='word_1_752' title='bbox 1012 5175 1134 5226; x_wconf 77' lang='lat' dir='ltr'><strong>xm,</strong></span> <span class='ocrx_word' id='word_1_753' title='bbox 1164 5158 1255 5215; x_wconf 79' lang='lat'><strong>&#39;50.</strong></span> <span class='ocrx_word' id='word_1_754' title='bbox 1334 5155 1420 5213; x_wconf 70' lang='lat' dir='ltr'><strong>’il</strong></span> <span class='ocrx_word' id='word_1_755' title='bbox 1447 5156 1574 5214; x_wconf 81' lang='lat' dir='ltr'><strong>Cor.</strong></span> <span class='ocrx_word' id='word_1_756' title='bbox 1608 5169 1694 5223; x_wconf 88' lang='grc' dir='ltr'>ιιι,</span> <span class='ocrx_word' id='word_1_757' title='bbox 1730 5154 1784 5211; x_wconf 89' lang='lat'><strong>6.</strong></span> 
     </span>
    </p>
   </div>
   <div class='ocr_carea' id='block_1_94' title="bbox 256 5338 1862 5412">
    <p class='ocr_par' dir='ltr' id='par_1_94' title="bbox 256 5338 1862 5412">
     <span class='ocr_line' id='line_1_94' title="bbox 256 5338 1862 5412; baseline -0.006 -7"><span class='ocrx_word' id='word_1_758' title='bbox 256 5359 497 5412; x_wconf 72' lang='lat' dir='ltr'><strong>naturae,</strong></span> <span class='ocrx_word' id='word_1_759' title='bbox 528 5353 625 5402; x_wconf 87' lang='lat' dir='ltr'><strong>aut</strong></span> <span class='ocrx_word' id='word_1_760' title='bbox 657 5345 949 5411; x_wconf 78' lang='lat' dir='ltr'><strong>humanae;</strong></span> <span class='ocrx_word' id='word_1_761' title='bbox 1001 5343 1096 5399; x_wconf 86' lang='lat' dir='ltr'><strong>sed</strong></span> <span class='ocrx_word' id='word_1_762' title='bbox 1145 5339 1507 5412; x_wconf 77' lang='grc' dir='ltr'>οἰκονομικῶς</span> <span class='ocrx_word' id='word_1_763' title='bbox 1538 5355 1598 5412; x_wconf 79' lang='lat' dir='ltr'><strong>se</strong></span> <span class='ocrx_word' id='word_1_764' title='bbox 1621 5338 1862 5411; x_wconf 85' lang='lat' dir='ltr'><strong>gessisse</strong></span> 
     </span>
    </p>
   </div>
   <div class='ocr_carea' id='block_1_95' title="bbox 257 5411 1854 5482">
    <p class='ocr_par' dir='ltr' id='par_1_95' title="bbox 257 5411 1854 5482">
     <span class='ocr_line' id='line_1_95' title="bbox 257 5411 1854 5482; baseline -0.007 -8"><span class='ocrx_word' id='word_1_765' title='bbox 257 5437 387 5474; x_wconf 87' lang='lat' dir='ltr'><strong>cum</strong></span> <span class='ocrx_word' id='word_1_766' title='bbox 416 5411 489 5474; x_wconf 86' lang='lat' dir='ltr'><strong>se</strong></span> <span class='ocrx_word' id='word_1_767' title='bbox 509 5420 724 5472; x_wconf 83' lang='lat' dir='ltr'><strong>nescire</strong></span> <span class='ocrx_word' id='word_1_768' title='bbox 748 5414 908 5481; x_wconf 84' lang='lat' dir='ltr'><strong>dixit,</strong></span> <span class='ocrx_word' id='word_1_769' title='bbox 932 5411 1377 5470; x_wconf 88' lang='lat' dir='ltr'><strong>dissimulatione</strong></span> <span class='ocrx_word' id='word_1_770' title='bbox 1405 5411 1641 5482; x_wconf 83' lang='lat' dir='ltr'><strong>quadam</strong></span> <span class='ocrx_word' id='word_1_771' title='bbox 1671 5418 1854 5482; x_wconf 77' lang='lat' dir='ltr'><strong>utens,</strong></span> 
     </span>
    </p>
   </div>
   <div class='ocr_carea' id='block_1_96' title="bbox 258 5479 1861 5559">
    <p class='ocr_par' dir='ltr' id='par_1_96' title="bbox 258 5479 1861 5559">
     <span class='ocr_line' id='line_1_96' title="bbox 258 5479 1861 5559; baseline -0.007 -15"><span class='ocrx_word' id='word_1_772' title='bbox 258 5491 423 5559; x_wconf 85' lang='lat' dir='ltr'><strong>quasi</strong></span> <span class='ocrx_word' id='word_1_773' title='bbox 473 5504 535 5544; x_wconf 88' lang='lat' dir='ltr'><strong>se</strong></span> <span class='ocrx_word' id='word_1_774' title='bbox 567 5503 757 5542; x_wconf 85' lang='lat' dir='ltr'><strong>revera</strong></span> <span class='ocrx_word' id='word_1_775' title='bbox 808 5479 1022 5559; x_wconf 62' lang='lat' dir='ltr'><strong>nescire</strong></span> <span class='ocrx_word' id='word_1_776' title='bbox 1072 5485 1338 5555; x_wconf 84' lang='lat' dir='ltr'><strong>fingeret;</strong></span> <span class='ocrx_word' id='word_1_777' title='bbox 1379 5479 1507 5559; x_wconf 57' lang='lat' dir='ltr'><strong>sire</strong></span> <span class='ocrx_word' id='word_1_778' title='bbox 1539 5491 1599 5535; x_wconf 89' lang='lat' dir='ltr'><strong>ut</strong></span> <span class='ocrx_word' id='word_1_779' title='bbox 1657 5479 1861 5559; x_wconf 46' lang='lat' dir='ltr'><strong>adnl’a-</strong></span> 
     </span>
    </p>
   </div>
   <div class='ocr_carea' id='block_1_97' title="bbox 260 5550 1857 5629">
    <p class='ocr_par' dir='ltr' id='par_1_97' title="bbox 260 5550 1857 5629">
     <span class='ocr_line' id='line_1_97' title="bbox 260 5550 1857 5629; baseline -0.006 -14"><span class='ocrx_word' id='word_1_780' title='bbox 260 5550 427 5620; x_wconf 57' lang='lat' dir='ltr'><strong>t&#39;rem.</strong></span> <span class='ocrx_word' id='word_1_781' title='bbox 497 5576 528 5613; x_wconf 87' lang='lat' dir='ltr'><strong>a</strong></span> <span class='ocrx_word' id='word_1_782' title='bbox 559 5574 671 5629; x_wconf 90' lang='lat' dir='ltr'><strong>quo</strong></span> <span class='ocrx_word' id='word_1_783' title='bbox 729 5558 913 5629; x_wconf 86' lang='lat' dir='ltr'><strong>omnia</strong></span> <span class='ocrx_word' id='word_1_784' title='bbox 955 5550 1266 5629; x_wconf 72' lang='lat' dir='ltr'><strong>acceperat,</strong></span> <span class='ocrx_word' id='word_1_785' title='bbox 1306 5553 1677 5624; x_wconf 87' lang='lat' dir='ltr'><strong>cognitionem</strong></span> <span class='ocrx_word' id='word_1_786' title='bbox 1708 5550 1857 5629; x_wconf 79' lang='lat' dir='ltr'><strong>illam</strong></span> 
     </span>
    </p>
   </div>
   <div class='ocr_carea' id='block_1_98' title="bbox 263 5621 1854 5699">
    <p class='ocr_par' dir='ltr' id='par_1_98' title="bbox 263 5621 1854 5699">
     <span class='ocr_line' id='line_1_98' title="bbox 263 5621 1854 5699; baseline -0.006 -13"><span class='ocrx_word' id='word_1_787' title='bbox 263 5621 669 5699; x_wconf 61' lang='lat' dir='ltr'><strong>referretju&#39;xta</strong></span> <span class='ocrx_word' id='word_1_788' title='bbox 700 5627 857 5690; x_wconf 87' lang='lat' dir='ltr'><strong>illud,</strong></span> <span class='ocrx_word' id='word_1_789' title='bbox 886 5621 1270 5699; x_wconf 63' lang='lat' dir='ltr'><strong>Doctrinarum</strong></span> <span class='ocrx_word' id='word_1_790' title='bbox 1310 5621 1417 5699; x_wconf 70' lang='lat' dir='ltr'><strong>non</strong></span> <span class='ocrx_word' id='word_1_791' title='bbox 1447 5634 1525 5677; x_wconf 83' lang='lat' dir='ltr'><strong>est</strong></span> <span class='ocrx_word' id='word_1_792' title='bbox 1548 5636 1700 5686; x_wconf 87' lang='lat' dir='ltr'><strong>mea;</strong></span> <span class='ocrx_word' id='word_1_793' title='bbox 1736 5621 1854 5699; x_wconf 72' lang='lat' dir='ltr'><strong>sive</strong></span> 
     </span>
    </p>
   </div>
   <div class='ocr_carea' id='block_1_99' title="bbox 266 5692 1850 5772">
    <p class='ocr_par' dir='ltr' id='par_1_99' title="bbox 266 5692 1850 5772">
     <span class='ocr_line' id='line_1_99' title="bbox 266 5692 1850 5772; baseline -0.005 -17"><span class='ocrx_word' id='word_1_794' title='bbox 266 5710 325 5755; x_wconf 91' lang='lat' dir='ltr'><strong>ut</strong></span> <span class='ocrx_word' id='word_1_795' title='bbox 356 5692 659 5772; x_wconf 79' lang='lat' dir='ltr'><strong>discipulos</strong></span> <span class='ocrx_word' id='word_1_796' title='bbox 690 5700 762 5753; x_wconf 89' lang='lat' dir='ltr'><strong>ab</strong></span> <span class='ocrx_word' id='word_1_797' title='bbox 796 5699 902 5768; x_wconf 63' lang='lat' dir='ltr'><strong>illa</strong></span> <span class='ocrx_word' id='word_1_798' title='bbox 926 5697 1282 5772; x_wconf 80' lang='lat' dir='ltr'><strong>inquisitione</strong></span> <span class='ocrx_word' id='word_1_799' title='bbox 1311 5696 1690 5772; x_wconf 47' lang='lat' dir='ltr'><strong>absterreret;</strong></span> <span class='ocrx_word' id='word_1_800' title='bbox 1734 5692 1850 5772; x_wconf 54' lang='lat' dir='ltr'><strong>sire</strong></span> 
     </span>
    </p>
   </div>
   <div class='ocr_carea' id='block_1_100' title="bbox 264 5762 1847 5842">
    <p class='ocr_par' dir='ltr' id='par_1_100' title="bbox 264 5762 1847 5842">
     <span class='ocr_line' id='line_1_100' title="bbox 264 5762 1847 5842; baseline -0.004 -19"><span class='ocrx_word' id='word_1_801' title='bbox 264 5771 413 5842; x_wconf 84' lang='lat' dir='ltr'><strong>quod</strong></span> <span class='ocrx_word' id='word_1_802' title='bbox 456 5762 817 5842; x_wconf 64' lang='lat' dir='ltr'><strong>manifestare</strong></span> <span class='ocrx_word' id='word_1_803' title='bbox 849 5762 1109 5842; x_wconf 41' lang='lat' dir='ltr'><strong>n&#39;olue—rit,</strong></span> <span class='ocrx_word' id='word_1_804' title='bbox 1149 5780 1282 5842; x_wconf 84' lang='lat' dir='ltr'><strong>ncc,_</strong></span> <span class='ocrx_word' id='word_1_805' title='bbox 1307 5766 1459 5834; x_wconf 73' lang='lat' dir='ltr'><strong>juxt‘a</strong></span> <span class='ocrx_word' id='word_1_806' title='bbox 1491 5763 1548 5842; x_wconf 81' lang='lat' dir='ltr'><strong>S_.</strong></span> <span class='ocrx_word' id='word_1_807' title='bbox 1581 5762 1847 5842; x_wconf 37' lang='lat' dir='ltr'><strong>augusti-</strong></span> 
     </span>
    </p>
   </div>
   <div class='ocr_carea' id='block_1_101' title="bbox 270 5833 1849 5907">
    <p class='ocr_par' dir='ltr' id='par_1_101' title="bbox 270 5833 1849 5907">
     <span class='ocr_line' id='line_1_101' title="bbox 270 5833 1849 5907; baseline -0.006 -10"><span class='ocrx_word' id='word_1_808' title='bbox 270 5833 421 5907; x_wconf 78' lang='lat' dir='ltr'><strong>num,</strong></span> <span class='ocrx_word' id='word_1_809' title='bbox 451 5840 629 5899; x_wconf 69' lang='lat' dir='ltr'><strong>facere</strong></span> <span class='ocrx_word' id='word_1_810' title='bbox 661 5850 723 5896; x_wconf 92' lang='lat' dir='ltr'><strong>ut</strong></span> <span class='ocrx_word' id='word_1_811' title='bbox 756 5855 858 5894; x_wconf 90' lang='lat' dir='ltr'><strong>nos</strong></span> <span class='ocrx_word' id='word_1_812' title='bbox 904 5839 1206 5907; x_wconf 81' lang='lat' dir='ltr'><strong>sciremus:</strong></span> <span class='ocrx_word' id='word_1_813' title='bbox 1237 5836 1357 5907; x_wconf 77' lang='lat' dir='ltr'><strong>sive</strong></span> <span class='ocrx_word' id='word_1_814' title='bbox 1394 5835 1540 5907; x_wconf 83' lang='lat' dir='ltr'><strong>quod</strong></span> <span class='ocrx_word' id='word_1_815' title='bbox 1566 5833 1730 5907; x_wconf 73' lang='lat' dir='ltr'><strong>inter</strong></span> <span class='ocrx_word' id='word_1_816' title='bbox 1754 5833 1849 5887; x_wconf 83' lang='lat' dir='ltr'><strong>de-</strong></span> 
     </span>
    </p>
   </div>
   <div class='ocr_carea' id='block_1_102' title="bbox 268 5904 1844 5974">
    <p class='ocr_par' dir='ltr' id='par_1_102' title="bbox 268 5904 1844 5974">
     <span class='ocr_line' id='line_1_102' title="bbox 268 5904 1844 5974; baseline -0.008 -4"><span class='ocrx_word' id='word_1_817' title='bbox 268 5904 507 5971; x_wconf 81' lang='lat' dir='ltr'><strong>mandati</strong></span> <span class='ocrx_word' id='word_1_818' title='bbox 534 5914 639 5972; x_wconf 79' lang='lat' dir='ltr'><strong>sibi</strong></span> <span class='ocrx_word' id='word_1_819' title='bbox 676 5928 707 5967; x_wconf 89' lang='lat' dir='ltr'><strong>a</strong></span> <span class='ocrx_word' id='word_1_820' title='bbox 734 5910 901 5966; x_wconf 82' lang='lat' dir='ltr'><strong>Patre</strong></span> <span class='ocrx_word' id='word_1_821' title='bbox 943 5906 1186 5964; x_wconf 83' lang='lat' dir='ltr'><strong>muneris</strong></span> <span class='ocrx_word' id='word_1_822' title='bbox 1224 5905 1418 5974; x_wconf 76' lang='lat' dir='ltr'><strong>cilicia,</strong></span> <span class='ocrx_word' id='word_1_823' title='bbox 1450 5904 1582 5960; x_wconf 87' lang='lat' dir='ltr'><strong>illud</strong></span> <span class='ocrx_word' id='word_1_824' title='bbox 1612 5918 1720 5959; x_wconf 87' lang='lat' dir='ltr'><strong>non</strong></span> <span class='ocrx_word' id='word_1_825' title='bbox 1763 5916 1844 5958; x_wconf 88' lang='lat' dir='ltr'><strong>re-</strong></span> 
     </span>
    </p>
   </div>
   <div class='ocr_carea' id='block_1_103' title="bbox 1953 4676 3553 4750">
    <p class='ocr_par' dir='ltr' id='par_1_103' title="bbox 1953 4676 3553 4750">
     <span class='ocr_line' id='line_1_103' title="bbox 1953 4676 3553 4750; baseline -0.012 -3"><span class='ocrx_word' id='word_1_826' title='bbox 1953 4691 2140 4748; x_wconf 68' lang='lat' dir='ltr'><strong>clesiai</strong></span> <span class='ocrx_word' id='word_1_827' title='bbox 2165 4695 2374 4744; x_wconf 65' lang='lat' dir='ltr'><strong>sanctae</strong></span> <span class='ocrx_word' id='word_1_828' title='bbox 2409 4700 2547 4749; x_wconf 70' lang='lat' dir='ltr'><strong>suae,</strong></span> <span class='ocrx_word' id='word_1_829' title='bbox 2575 4699 2703 4741; x_wconf 90' lang='lat' dir='ltr'><strong>cum</strong></span> <span class='ocrx_word' id='word_1_830' title='bbox 2730 4697 2841 4738; x_wconf 88' lang='lat' dir='ltr'><strong>una</strong></span> <span class='ocrx_word' id='word_1_831' title='bbox 2876 4679 3253 4750; x_wconf 79' lang='lat' dir='ltr'><strong>concordique</strong></span> <span class='ocrx_word' id='word_1_832' title='bbox 3292 4676 3553 4743; x_wconf 88' lang='lat' dir='ltr'><strong>scientia,</strong></span> 
     </span>
    </p>
   </div>
   <div class='ocr_carea' id='block_1_104' title="bbox 1955 4770 3552 4854">
    <p class='ocr_par' dir='ltr' id='par_1_104' title="bbox 1955 4770 3552 4854">
     <span class='ocr_line' id='line_1_104' title="bbox 1955 4770 3552 4854; baseline -0.009 -15"><span class='ocrx_word' id='word_1_833' title='bbox 1955 4800 2178 4854; x_wconf 85' lang='lat' dir='ltr'><strong>unoque</strong></span> <span class='ocrx_word' id='word_1_834' title='bbox 2223 4781 2587 4854; x_wconf 87' lang='lat' dir='ltr'><strong>perfectionis</strong></span> <span class='ocrx_word' id='word_1_835' title='bbox 2639 4777 2862 4834; x_wconf 80' lang='lat' dir='ltr'><strong>vinculo</strong></span> <span class='ocrx_word' id='word_1_836' title='bbox 2923 4775 3155 4847; x_wconf 85' lang='lat' dir='ltr'><strong>largitus</strong></span> <span class='ocrx_word' id='word_1_837' title='bbox 3206 4783 3335 4840; x_wconf 88' lang='lat' dir='ltr'><strong>est;</strong></span> <span class='ocrx_word' id='word_1_838' title='bbox 3395 4770 3552 4826; x_wconf 88' lang='lat' dir='ltr'><strong>utin</strong></span> 
     </span>
    </p>
   </div>
   <div class='ocr_carea' id='block_1_105' title="bbox 1957 4865 3549 4946">
    <p class='ocr_par' dir='ltr' id='par_1_105' title="bbox 1957 4865 3549 4946">
     <span class='ocr_line' id='line_1_105' title="bbox 1957 4865 3549 4946; baseline -0.013 -13"><span class='ocrx_word' id='word_1_839' title='bbox 1957 4880 2185 4933; x_wconf 85' lang='lat' dir='ltr'><strong>nomine</strong></span> <span class='ocrx_word' id='word_1_840' title='bbox 2234 4874 2465 4946; x_wconf 87' lang='lat' dir='ltr'><strong>perfecti</strong></span> <span class='ocrx_word' id='word_1_841' title='bbox 2508 4871 2693 4928; x_wconf 88' lang='lat' dir='ltr'><strong>Patris</strong></span> <span class='ocrx_word' id='word_1_842' title='bbox 2744 4886 2813 4926; x_wconf 87' lang='lat' dir='ltr'><strong>ac</strong></span> <span class='ocrx_word' id='word_1_843' title='bbox 2860 4868 2957 4924; x_wconf 90' lang='lat' dir='ltr'><strong>Dei</strong></span> <span class='ocrx_word' id='word_1_844' title='bbox 2988 4867 3135 4923; x_wconf 81' lang='lat' dir='ltr'><strong>velut</strong></span> <span class='ocrx_word' id='word_1_845' title='bbox 3181 4865 3365 4937; x_wconf 81' lang='lat' dir='ltr'><strong>sigillo</strong></span> <span class='ocrx_word' id='word_1_846' title='bbox 3407 4876 3549 4932; x_wconf 77' lang='lat' dir='ltr'><strong>quo-</strong></span> 
     </span>
    </p>
   </div>
   <div class='ocr_carea' id='block_1_106' title="bbox 1957 4954 3554 5041">
    <p class='ocr_par' dir='ltr' id='par_1_106' title="bbox 1957 4954 3554 5041">
     <span class='ocr_line' id='line_1_106' title="bbox 1957 4954 3554 5041; baseline -0.013 -12"><span class='ocrx_word' id='word_1_847' title='bbox 1957 4972 2087 5029; x_wconf 87' lang='lat' dir='ltr'><strong>dam</strong></span> <span class='ocrx_word' id='word_1_848' title='bbox 2123 4970 2510 5041; x_wconf 80' lang='lat' dir='ltr'><strong>ohsignemur,</strong></span> <span class='ocrx_word' id='word_1_849' title='bbox 2563 4971 2732 5036; x_wconf 85' lang='lat' dir='ltr'><strong>atque</strong></span> <span class='ocrx_word' id='word_1_850' title='bbox 2778 4963 2950 5019; x_wconf 85' lang='lat' dir='ltr'><strong>etiam</strong></span> <span class='ocrx_word' id='word_1_851' title='bbox 2978 4962 3034 5017; x_wconf 85' lang='lat' dir='ltr'><strong>in</strong></span> <span class='ocrx_word' id='word_1_852' title='bbox 3070 4959 3294 5013; x_wconf 86' lang='lat' dir='ltr'><strong>nomine</strong></span> <span class='ocrx_word' id='word_1_853' title='bbox 3321 4954 3554 5027; x_wconf 83' lang='lat' dir='ltr'><strong>perfecti</strong></span> 
     </span>
    </p>
   </div>
   <div class='ocr_carea' id='block_1_107' title="bbox 1968 5312 3560 5408">
    <p class='ocr_par' dir='ltr' id='par_1_107' title="bbox 1968 5312 3560 5408">
     <span class='ocr_line' id='line_1_107' title="bbox 1968 5312 3560 5408; baseline -0.016 -16"><span class='ocrx_word' id='word_1_854' title='bbox 1968 5335 2232 5408; x_wconf 71' lang='lat' dir='ltr'><strong>periatur</strong></span> <span class='ocrx_word' id='word_1_855' title='bbox 2248 5332 2317 5408; x_wconf 84' lang='lat' dir='ltr'><strong>de</strong></span> <span class='ocrx_word' id='word_1_856' title='bbox 2344 5326 2540 5400; x_wconf 79' lang='lat' dir='ltr'><strong>iudicii</strong></span> <span class='ocrx_word' id='word_1_857' title='bbox 2579 5324 2686 5408; x_wconf 83' lang='lat' dir='ltr'><strong>_die</strong></span> <span class='ocrx_word' id='word_1_858' title='bbox 2718 5333 2773 5381; x_wconf 85' lang='lat' dir='ltr'><strong>et</strong></span> <span class='ocrx_word' id='word_1_859' title='bbox 2802 5323 2946 5408; x_wconf 60' lang='lat' dir='ltr'><strong>hora</strong></span> <span class='ocrx_word' id='word_1_860' title='bbox 2976 5319 3302 5408; x_wconf 27' lang='lat' dir='ltr'><strong>homini-bus.</strong></span> <span class='ocrx_word' id='word_1_861' title='bbox 3326 5312 3560 5408; x_wconf 51' lang='lat' dir='ltr'><strong>nianifc:</strong></span> 
     </span>
    </p>
   </div>
   <div class='ocr_carea' id='block_1_108' title="bbox 1968 5383 3555 5473">
    <p class='ocr_par' dir='ltr' id='par_1_108' title="bbox 1968 5383 3555 5473">
     <span class='ocr_line' id='line_1_108' title="bbox 1968 5383 3555 5473; baseline -0.017 -11"><span class='ocrx_word' id='word_1_862' title='bbox 2220 5383 2487 5473; x_wconf 53' lang='lat' dir='ltr'><strong>hahe&#39;nttts</strong></span> <span class='ocrx_word' id='word_1_863' title='bbox 2505 5397 2813 5473; x_wconf 74' lang='lat' dir='ltr'><strong>enirn_a_pud</strong></span> <span class='ocrx_word' id='word_1_864' title='bbox 2826 5394 3091 5473; x_wconf 66' lang='lat' dir='ltr'><strong>Joannem</strong></span> <span class='ocrx_word' id='word_1_865' title='bbox 3117 5405 3220 5473; x_wconf 51' lang='lat' dir='ltr'><strong>ait:</strong></span> <span class='ocrx_word' id='word_1_866' title='bbox 3235 5389 3323 5449; x_wconf 76' lang='lat'><strong>49,</strong></span> <span class='ocrx_word' id='word_1_867' title='bbox 3340 5383 3555 5473; x_wconf 42' lang='lat' dir='ltr'><strong>[intrent</strong></span> 
     </span>
    </p>
   </div>
   <div class='ocr_carea' id='block_1_109' title="bbox 1967 5455 3559 5536">
    <p class='ocr_par' dir='ltr' id='par_1_109' title="bbox 1967 5455 3559 5536">
     <span class='ocr_line' id='line_1_109' title="bbox 1967 5455 3559 5536; baseline -0.016 -4"><span class='ocrx_word' id='word_1_868' title='bbox 1967 5455 2568 5532; x_wconf 41' lang='lat' dir='ltr'><strong>Héiiliiiiiiii‘aeeisse</strong></span> <span class='ocrx_word' id='word_1_869' title='bbox 2624 5455 2766 5522; x_wconf 77' lang='lat' dir='ltr'><strong>Filio</strong></span> <span class='ocrx_word' id='word_1_870' title='bbox 2808 5464 2941 5536; x_wconf 89' lang='lat' dir='ltr'><strong>quid</strong></span> <span class='ocrx_word' id='word_1_871' title='bbox 2996 5460 3309 5536; x_wconf 62' lang='lat' dir='ltr'><strong>horninibus</strong></span> <span class='ocrx_word' id='word_1_872' title='bbox 3352 5455 3559 5509; x_wconf 72' lang='lat' dir='ltr'><strong>diceret</strong></span> 
     </span>
    </p>
   </div>
   <div class='ocr_carea' id='block_1_110' title="bbox 1966 5530 3563 5618">
    <p class='ocr_par' dir='ltr' id='par_1_110' title="bbox 1966 5530 3563 5618">
     <span class='ocr_line' id='line_1_110' title="bbox 1966 5530 3563 5618; baseline -0.016 -16"><span class='ocrx_word' id='word_1_873' title='bbox 1966 5530 2169 5618; x_wconf 80' lang='lat' dir='ltr'><strong>quidve</strong></span> <span class='ocrx_word' id='word_1_874' title='bbox 2197 5546 2532 5618; x_wconf 79' lang='lat' dir='ltr'><strong>loqueretur.</strong></span> <span class='ocrx_word' id='word_1_875' title='bbox 2561 5537 2701 5618; x_wconf 47' lang='lat' dir='ltr'><strong>Vide</strong></span> <span class='ocrx_word' id='word_1_876' title='bbox 2723 5530 2906 5618; x_wconf 62' lang='lat' dir='ltr'><strong>tanien</strong></span> <span class='ocrx_word' id='word_1_877' title='bbox 2934 5549 3003 5616; x_wconf 80' lang='lat' dir='ltr'><strong>ne</strong></span> <span class='ocrx_word' id='word_1_878' title='bbox 3051 5530 3563 5618; x_wconf 38' lang='lat' dir='ltr'><strong>dum-tallesseque:</strong></span> 
     </span>
    </p>
   </div>
   <div class='ocr_carea' id='block_1_111' title="bbox 1966 5601 3561 5688">
    <p class='ocr_par' dir='ltr' id='par_1_111' title="bbox 1966 5601 3561 5688">
     <span class='ocr_line' id='line_1_111' title="bbox 1966 5601 3561 5688; baseline -0.016 -16"><span class='ocrx_word' id='word_1_879' title='bbox 1966 5601 2046 5674; x_wconf 56' lang='lat' dir='ltr'><strong>r&#39;is</strong></span> <span class='ocrx_word' id='word_1_880' title='bbox 2064 5601 2378 5688; x_wconf 75' lang='lat' dir='ltr'><strong>Opininnes,</strong></span> <span class='ocrx_word' id='word_1_881' title='bbox 2411 5609 2910 5688; x_wconf 46' lang='lat' dir='ltr'><strong>mendaciinritiuin</strong></span> <span class='ocrx_word' id='word_1_882' title='bbox 2942 5606 2997 5657; x_wconf 92' lang='lat' dir='ltr'><strong>in</strong></span> <span class='ocrx_word' id='word_1_883' title='bbox 3024 5601 3317 5688; x_wconf 61' lang='lat' dir='ltr'><strong>sanctitate</strong></span> <span class='ocrx_word' id='word_1_884' title='bbox 3345 5609 3561 5688; x_wconf 50' lang='lat' dir='ltr'><strong>stultitim</strong></span> 
     </span>
    </p>
   </div>
   <div class='ocr_carea' id='block_1_112' title="bbox 1966 5666 3557 5758">
    <p class='ocr_par' dir='ltr' id='par_1_112' title="bbox 1966 5666 3557 5758">
     <span class='ocr_line' id='line_1_112' title="bbox 1966 5666 3557 5758; baseline -0.017 -14"><span class='ocrx_word' id='word_1_885' title='bbox 2413 5680 2951 5758; x_wconf 68' lang='lat' dir='ltr'><strong>_Epi_phanii__porrp</strong></span> <span class='ocrx_word' id='word_1_886' title='bbox 3002 5670 3293 5758; x_wconf 48' lang='lat' dir='ltr'><strong>&#39;sententia</strong></span> <span class='ocrx_word' id='word_1_887' title='bbox 3345 5666 3557 5722; x_wconf 79' lang='lat' dir='ltr'><strong>nullum</strong></span> 
     </span>
    </p>
   </div>
   <div class='ocr_carea' id='block_1_113' title="bbox 1957 5743 3410 5820">
    <p class='ocr_par' dir='ltr' id='par_1_113' title="bbox 1957 5743 3410 5820">
     <span class='ocr_line' id='line_1_113' title="bbox 1957 5743 3410 5820; baseline -0.017 -7"><span class='ocrx_word' id='word_1_888' title='bbox 1957 5743 2184 5815; x_wconf 77' lang='lat' dir='ltr'><strong>omitqu</strong></span> <span class='ocrx_word' id='word_1_889' title='bbox 2212 5753 2453 5810; x_wconf 88' lang='lat' dir='ltr'><strong>occurrit</strong></span> <span class='ocrx_word' id='word_1_890' title='bbox 2482 5743 3148 5820; x_wconf 44' lang='lat' dir='ltr'><strong>illiusmodi—periculum.</strong></span> <span class='ocrx_word' id='word_1_891' title='bbox 3221 5809 3235 5820; x_wconf 44' lang='lat'><em>.</em></span> <span class='ocrx_word' id='word_1_892' title='bbox 3377 5807 3410 5820; x_wconf 21' lang='grc' dir='ltr'><strong>Α.</strong></span> 
     </span>
    </p>
   </div>
   <div class='ocr_carea' id='block_1_114' title="bbox 2032 5803 3571 5901">
    <p class='ocr_par' dir='ltr' id='par_1_114' title="bbox 2032 5803 3571 5901">
     <span class='ocr_line' id='line_1_114' title="bbox 2032 5803 3571 5901; baseline -0.016 -18"><span class='ocrx_word' id='word_1_893' title='bbox 2032 5803 2881 5901; x_wconf 36' lang='grc' dir='ltr'><strong>ξξίέῇν’Ᾰξγνόέσῖῴξ’ίῆἑπειίηεῖῳ</strong></span> <span class='ocrx_word' id='word_1_894' title='bbox 2923 5815 3029 5870; x_wconf 85' lang='lat' dir='ltr'><strong>hoc</strong></span> <span class='ocrx_word' id='word_1_895' title='bbox 3071 5817 3178 5878; x_wconf 81' lang='lat' dir='ltr'><strong>est,</strong></span> <span class='ocrx_word' id='word_1_896' title='bbox 3215 5803 3571 5877; x_wconf 68' lang='lat' dir='ltr'><strong>inrxstingui-</strong></span> 
     </span>
    </p>
   </div>
   <div class='ocr_carea' id='block_1_115' title="bbox 1961 5899 2079 5954">
    <p class='ocr_par' dir='ltr' id='par_1_115' title="bbox 1961 5899 2079 5954">
     <span class='ocr_line' id='line_1_115' title="bbox 1961 5899 2079 5954; baseline 0.017 -2"><span class='ocrx_word' id='word_1_897' title='bbox 1961 5899 2079 5954; x_wconf 77' lang='lat' dir='ltr'><strong>bili.</strong></span> 
     </span>
    </p>
   </div>
  </div>
