3950 6432
484 376 553 433 ὕο
1952 373 2009 429 S.
2052 370 2399 429 EPIPIIANII
3694 370 3757 426 60

484 494 600 551 ΙείΙῖι
664 512 725 551 ac
789 498 919 563 Dei,
976 507 1032 555 et
1090 499 1145 555 in
1200 498 1425 555 nomine
1474 497 1644 555 divini
1700 495 1943 568 Spiritus
1998 512 2064 551 ac

2180 490 2251 559 εἷς
2299 494 2434 559 Θεδς
2475 492 2667 565 Πατὴρ
2719 492 2776 546 ἐν
2824 491 2960 563 Υῑῷ,
3006 490 3134 557 Υίδς
3174 494 3233 547 ιν
3284 490 3460 563 Πατρὶ
3490 491 3591 548 σὺν
3622 493 3759 565 ἁγιῳ

481 588 729 657 perfecti.
798 590 843 645 0
899 599 1255 646 sacrosancta
1316 590 1559 647 Trinitas
1614 606 1681 646 eo
1750 589 1915 644 modo
1958 605 2063 643 nu-

2172 591 2473 661 Πνεύματι.

479 685 730 737 meratal
803 682 847 739 0
900 684 1146 740 Trinitas
1194 701 1303 740 uno
1356 685 1580 741 nomine
1632 684 2063 755 comprehensa!
2124 683 2245 741 Non
2286 685 2434 741 enim
2495 685 2680 741 unitas
2727 691 2784 741 et
2839 683 3089 739 binarius
3138 682 3192 738 in
3237 697 3301 738 ea
3368 682 3591 748 dicitur,
3650 683 3760 756 38

477 794 658 849 neque
704 781 882 837 unitas
944 791 999 837 et
1058 783 1241 838 unitas
1298 801 1312 837 :

1372 782 1469 837 sed
1536 781 1717 836 unitas
1776 781 1832 835 in
1876 778 2172 847 Trinitate,
2221 788 2277 835 et
2320 779 2568 837 Trinitas
2621 780 2680 835 in
2770 780 3024 845 unitate,
3085 776 3355 849 singulari
3409 777 3630 844 forma,
3704 787 3760 835 et

480 871 846 939 appellatione
887 873 1173 943 singulari,
1228 888 1371 929 unus
1419 872 1561 928 Deus
1605 871 1768 928 Pater
1798 873 1855 927 in
1900 869 2063 938 Filio,
2103 870 2281 927 Filius
2314 872 2371 927 in
2402 870 2567 927 Patre
2595 885 2723 927 cum
2759 878 2956 927 sancto
2982 868 3214 941 Spiritu.

550 958 740 1015 XXIII.
798 962 1042 1033 Agedum
1097 961 1282 1033 profer
1359 963 1495 1017 mihi
1555 962 1811 1018 veritatis
1863 970 2059 1027 testes,

480 1068 707 1122 pueros,
764 1052 1012 1123 inquam,
1072 1054 1221 1118 illos,
1259 1054 1353 1125 qui
1394 1070 1425 1109 e
1457 1052 1789 1125 Babylonica
1846 1052 2071 1109 fornace

483 1146 701 1199 liberati
754 1154 906 1210 sunt,
956 1148 1011 1201 in
1055 1147 1296 1202 medium
1341 1145 1624 1212 adducito,
1667 1146 1762 1217 qui
1800 1144 2069 1218 singulari

483 1235 579 1292 Dei
627 1236 892 1293 beneﬁcio
943 1238 996 1292 in
1039 1239 1221 1309 ignem
1273 1238 1551 1307 conjecti,
1602 1252 1713 1293 non
1757 1235 2067 1307 consumpti

482 1338 633 1383 sunt.
674 1329 862 1399 Neque
896 1346 1027 1384 vero
1057 1330 1199 1399 ignis
1228 1330 1319 1385 ille
1352 1328 1656 1385 restinctus
1688 1336 1795 1393 est,
1824 1343 1894 1383 ne
1923 1342 2065 1383 novo

480 1424 717 1492 quodam
750 1425 983 1478 artilicio
1015 1422 1245 1478 ﬂammae
1277 1423 1546 1479 restitisse
1579 1422 1929 1486 viderentur,
1970 1420 2067 1476 sed

481 1514 556 1569 ita
611 1523 670 1569 ut
724 1514 777 1568 in
835 1516 960 1587 igne
1015 1526 1394 1579 versarentur,
1459 1514 1530 1569 ab
1576 1528 1645 1569 eo
1695 1522 1878 1567 tamen
1924 1511 2066 1565 haud

480 1606 909 1661 absumerentur
942 1625 956 1661 :
1000 1608 1164 1680 idque
1197 1608 1267 1661 ob
1304 1609 1577 1661 sinceram
1616 1605 1832 1659 illorum
1867 1602 2064 1658 ﬁdem:

2237 962 2365 1016 ΚΡ.
2398 962 2569 1015 Κάλει
2607 962 2665 1016 δέ
2697 979 2791 1033 μοι
2828 962 3116 1034 μάρτυρας
3157 961 3259 1032 τῆς
3289 959 3572 1032 ἀληθείας,
3603 960 3759 1016 κάλει

2171 1072 2261 1125 μοι
2293 1056 2419 1118 τοὺς
2441 1054 2636 1119 παῖδας
2678 1056 2807 1119 τοὺς
2849 1055 2958 1109 ἀπὸ
2983 1056 3083 1126 τῆς
3103 1054 3339 1125 καμίνου
3365 1054 3466 1125 τῆς
3499 1054 3759 1123 βασυλω-

2166 1149 2287 1212 νίας
2319 1148 2612 1214 σωθέντας,
2629 1150 2757 1211 τοὺς
2788 1147 3224 1215 καταξιωθέντας
3244 1148 3303 1201 ὲν
3324 1146 3460 1218 πυρὶ
3491 1147 3763 1219 καταδλη·

2169 1239 2349 1311 θῆναι,
2384 1239 2459 1312 μὴ
2491 1240 2834 1311 ἀναλωθῆναι
2862 1240 2942 1307 δὲ,
2994 1239 3056 1293 οὑ
3091 1239 3283 1293 σϐέσαι
3314 1239 3374 1293 τὸ
3398 1238 3531 1310 πῦρ,
3567 1239 3655 1291 ἶνα
3683 1238 3761 1309 μὴ

2173 1332 2529 1403 ὕποληφθῶσι
2558 1333 2722 1386 καινά
2750 1332 2885 1403 ἔργα
2919 1331 3514 1403 ἀντιμηχανησάμενοι,
3549 1330 3670 1384 ἀλλ’
3703 1333 3762 1384 ὲν

2173 1424 2308 1494 πυρὶ
2365 1423 2463 1493 μὲν
2505 1418 2668 1487 εἶναι,
2710 1424 2769 1476 ὲν
2811 1424 2947 1493 πυρὶ
2976 1423 3033 1475 δὲ
3069 1423 3143 1495 μὴ
3178 1422 3523 1492 ἀναλωθῆναι
3550 1422 3763 1493 διάτὴν

2172 1515 2339 1587 ὀρθὴν
2398 1516 2581 1568 πίστιν
2609 1515 2811 1581 αὐτῶν,
2849 1515 2943 1569 τοῦ
2976 1514 3111 1568 Θεοῦ
3137 1515 3204 1568 δι’
3230 1514 3411 1568 αὐτῶν
3440 1516 3587 1586 ἡμᾶς
3612 1513 3766 1568 διδά-

2177 1623 2420 1670 σκοντος,
2444 1607 2567 1660 τίνα
2590 1606 2687 1677 μέν
2705 1609 2821 1660 ἐστι
2850 1607 2919 1660 τὰ
2947 1606 3163 1669 κτιστά,
3189 1606 3308 1659 τίνα
3329 1607 3387 1659 δὲ
3414 1607 3485 1659 τὰ
3506 1606 3763 1673 ἀκτιστα,

483 1713 584 1768 per
616 1714 757 1769 quos
784 1698 983 1755 docere
1027 1716 1130 1755 nos
1170 1700 1345 1753 voluit
1372 1698 1540 1765 Deus,
1575 1713 1826 1769 quamam
1859 1704 2067 1759 creata,

2180 1700 2293 1754 slva
2339 1700 2460 1753 ἐστὶ
2491 1700 2562 1754 τὰ
2606 1701 2827 1772 ποιητὰ,
2870 1700 2994 1754 τίνα
3019 1701 3088 1754 τὰ
3118 1700 3193 1771 μὴ
3218 1701 3509 1771 γενόμενα,
3541 1699 3664 1754 τίνα
3692 1702 3767 1755 τὰ

482 1807 736 1860 quaenam
768 1792 1011 1847 increata
1036 1793 1236 1859 forent,
1283 1807 1405 1861 quae
1428 1791 1589 1857 facta,
1641 1806 1763 1859 quae
1790 1806 2070 1860 nunquam

486 1885 650 1949 laeta,
709 1900 831 1954 qua:
879 1885 1232 1954 sempiterna,
1294 1899 1417 1954 qua:
1467 1899 1496 1935 a
1546 1882 1900 1953 sempiternis
1951 1882 2073 1938 istis

482 1977 773 2047 producta.
805 1979 887 2033 Illi
917 1980 1085 2050 igitur
1115 1979 1183 2032 ab
1208 1980 1330 2049 igne
1362 1977 1563 2033 servati
1592 1976 1746 2047 pueri
1770 1986 1984 2047 gratum
2016 1976 2071 2030 in

486 2068 655 2124 Deum
693 2086 723 2124 a
756 2086 864 2141 quo
892 2072 1092 2125 servati
1148 2071 1388 2135 fuerant,
1436 2077 1490 2123 et
1541 2070 1594 2123 in
1629 2084 1790 2139 quem
1822 2068 1890 2122 ab
1915 2067 2073 2124 initio

485 2172 863 2232 speraverant,
906 2163 1151 2217 animum
1183 2177 1248 2217 ac
1294 2177 1519 2218 sensum
1569 2161 1852 2216 testiﬁcari
1884 2161 2073 2216 volue-

482 2263 635 2319 runt,
671 2272 771 2310 nec
803 2256 1145 2319 ltacsitarnut,
1201 2270 1379 2325 neque
1430 2253 1700 2309 cervicem
1753 2252 2069 2317 simulacro,

481 2348 568 2400 vel
600 2349 747 2418 regis
790 2347 1032 2402 audacia:
1072 2362 1137 2402 ac
1177 2348 1451 2418 tyrannidi
1503 2346 1795 2402 ﬂexerunt.
1836 2345 1913 2401 Ac
1943 2360 2070 2400 cum

483 2439 664 2493 laudis
709 2440 915 2509 aliquld
974 2440 1085 2495 Deo
1133 2440 1374 2494 tribuere
1441 2448 1571 2493 sunt
1616 2438 1886 2509 aggressi,
1953 2451 2075 2509 pro-

488 2529 656 2583 funda
710 2545 941 2600 qumque
990 2530 1169 2585 sancti
1225 2531 1466 2601 Spiritus
1513 2530 1697 2585 afﬂatu
1744 2532 1800 2585 in
1837 2531 1948 2586 imo
1978 2546 2073 2601 pe-

484 2628 642 2676 ctore
674 2622 904 2675 scrutati
955 2629 1085 2677 sunt
1168 2622 1427 2677 homines
1488 2621 1648 2692 longe
1701 2621 2071 2677 sanctissimi:

486 2713 581 2785 qui
607 2715 868 2784 prazclare
898 2714 1034 2768 illud
1066 2715 1253 2769 animo
1286 2730 1388 2769 suo
1417 2714 1750 2786 cogitarant,
1783 2712 1984 2768 caelum
2010 2726 2075 2767 ac

487 2823 831 2878 quaecunque
865 2810 1008 2863 cmlo
1057 2808 1436 2874 continentur,
1482 2814 1535 2861 et
1587 2815 1811 2873 terram,
1866 2806 2075 2860 omnia-

2173 1794 2261 1847 ἀεὶ
2315 1794 2467 1857 ὅντα,
2498 1794 2619 1846 slva
2650 1794 2707 1846 δὲ
2738 1791 2807 1846 τὰ
2852 1792 2911 1858 ἐξ
2948 1792 3130 1847 αὐτῶν
3185 1792 3317 1847 ὅντα
3362 1794 3648 1864 γενόμενα.
3698 1794 3769 1847 Oi

2173 1886 2406 1938 τοιοῦτοι
2454 1885 2718 1949 σωθέντες
2752 1886 2938 1949 παῖδες
2969 1886 3241 1957 ἠθέλησαν
3275 1885 3594 1957 εὐχάριστον
3625 1886 3770 1940 ἀπο-

2173 1978 2342 2043 δεῖξαι
2368 1976 2595 2048 γνώμην
2632 1978 2712 2041 είς
2742 1978 2831 2031 τὺν
2865 1977 2999 2031 Θεὸν
3036 1976 3287 2030 σώσαντα
3318 1978 3543 2041 αὐτοὺς,
3585 1979 3667 2041 είς
3709 1978 3772 2033 ὃν

2174 2067 2433 2139 ἀπαρχῆς
2484 2068 2744 2137 ἧλπισαν,
2789 2066 2884 2121 καὶ
2920 2067 3023 2123 οὐκ
3049 2067 3357 2129 ἐδίστασαν,
3406 2070 3509 2122 οὒκ
3548 2069 3771 2124 ἔκλιναν

2173 2158 2379 2229 αὐχένα
2419 2158 2609 2224 είκόνι,
2672 2160 2768 2213 καὶ
2801 2158 2993 2230 θράσει
3033 2159 3296 2230 βασιλέως
3330 2160 3425 2215 καὶ
3465 2162 3768 2232 τυραννίδι.

2174 2251 2285 2303 Καὶ
2315 2251 2403 2304 ὅτε
2429 2250 2703 2320 ὴθέλησάν
2728 2268 2781 2305 τι
2813 2253 3107 2323 ἀπονεῖμαι
3129 2252 3269 2323 Θεῷ,
3301 2254 3772 2325 ἀνερευνήσαντες

2174 2342 2244 2396 τὰ
2282 2343 2424 2413 βάθη
2468 2342 2549 2415 τῷ
2597 2330 2737 2415 ἁγίῳ
2781 2344 3058 2415 Πνεύματι
3110 2345 3169 2399 ὲν
3215 2348 3282 2418 τῇ
3334 2346 3563 2417 καρδίᾳ,
3618 2348 3771 2415 ἀγιοι

2174 2434 2349 2501 ὄντες,
2380 2434 2755 2506 διανοηθέντες
2776 2451 2837 2487 τε
2880 2434 2972 2489 τδν
3011 2436 3244 2507 οὐρανὸν
3276 2437 3370 2489 καὶ
3401 2438 3582 2491 πάντα
3610 2436 3680 2489 τὰ
3712 2439 3773 2489 ὲν

2175 2525 2347 2597 αὐτῷ,
2377 2527 2477 2599 τήν
2491 2543 2550 2580 τε
2580 2527 2684 2597 γῆν
2720 2528 2815 2581 καὶ
2838 2529 3016 2583 πάντα
3035 2528 3104 2582 τὰ
3136 2529 3227 2581 ὑπ’
3249 2528 3440 2600 αὐτὴν,
3468 2529 3562 2582 καὶ
3590 2530 3773 2583 πάντα

2175 2622 2277 2676 ὅσα
2309 2622 2447 2689 ἐστὶ,
2476 2622 2550 2693 μὴ
2574 2621 2700 2687 ἀξια
2732 2616 2871 2675 εἶναι
2907 2622 2986 2687 τίς
3018 2622 3338 2694 προσφορὰν
3366 2622 3487 2693 Θεῷ
3510 2640 3777 2693 προσενε-

2176 2713 2371 2784 χθῆναι
2405 2713 2550 2783 (οὔτε
2572 2713 2682 2785 γὰρ
2704 2709 2851 2784 εἶχον
2878 2712 3131 2779 ἐξουσίαν
3149 2714 3219 2767 τὰ
3244 2714 3384 2786 ὑπὲρ
3406 2715 3633 2777 ἑαυτοὺς
3647 2714 3775 2786 θεῷ

2177 2804 2527 2875 προσφέρειν)
2575 2805 2669 2859 καὶ
2716 2805 2860 2859 κατά
2894 2805 2992 2876 τὴν
3033 2806 3192 2873 ἀξίαν
3228 2806 3330 2877 μὲν
3362 2806 3456 2859 καὶ
3494 2806 3635 2860 κατά
3668 2809 3775 2879 τὴν

489 2916 599 2969 que
630 2916 751 2970 quae
779 2900 921 2955 infra
954 2910 1158 2956 terram
1201 2908 1353 2966 sunt,
1398 2915 1462 2955 ac
1485 2913 1825 2970 quaecunque
1853 2897 2073 2952 demum

2180 2896 2428 2961 ἐξουσίαν
2478 2898 2729 2961 θέλοντες
2792 2897 2954 2968 μόνον
3012 2896 3204 2969 ὕμνοις
3240 2899 3429 2970 ὑμνεῖν
3475 2899 3568 2953 τὸν
3612 2899 3773 2954 Θεόν.

488 2993 705 3064 uspiam
756 3001 905 3056 sunt,
959 2991 1122 3063 digna
1173 3009 1281 3048 non
1326 3008 1472 3059 esse,
1518 3006 1640 3063 quae
1690 2989 1801 3045 Deo
1829 2990 2073 3047 muneris

2181 2988 2352 3042 Τοῦτο
2380 2990 2488 3061 γάρ
2542 2991 2661 3043 ἐστι
2702 2989 2764 3042 τὸ
2822 2989 3239 3061 γεγραμμένονο
3278 2991 3513 3044 Θύσατε
3546 2992 3778 3046 θυσίαν

487 3087 664 3141 instar
691 3085 1016 3141 olferantur.
1061 3084 1182 3139 Non
1220 3085 1365 3139 enim
1407 3100 1471 3140 ea
1520 3098 1645 3155 qua:
1678 3082 1876 3154 seipsis
1903 3082 2075 3138 subli-

486 3178 663 3233 miora
700 3168 856 3246 dsunt,
891 3178 1090 3234 ollerre
1129 3186 1407 3250 poterant,
1439 3191 1564 3232 cum
1596 3185 1652 3233 et
1686 3191 1785 3246 pro
1806 3174 2075 3247 dignitate

484 3278 541 3327 ct
590 3287 688 3342 pro
732 3271 995 3327 facultate
1030 3286 1130 3327 sua
1164 3270 1342 3327 solum
1374 3269 1632 3325 laudibus
1676 3267 1842 3324 Deum
1884 3266 2076 3339 praedi-

486 3379 617 3418 care
667 3378 731 3419 ac
781 3365 1063 3419 celebrare
1103 3363 1326 3419 vellent.
1379 3360 1495 3416 Hoc
1533 3361 1682 3417 enim
1714 3368 1799 3415 est
1826 3357 1976 3430 quod
2018 3358 2074 3414 in

400 3510 407 3513 _
486 3455 707 3511 Psalnto
726 3456 928 3511 dicitur
959 3474 973 3511 :
1006 3455 1323 3525 Sacriﬁcate
1351 3454 1675 3522 sacriﬁcium
1700 3452 1878 3508 laudis
1908 3455 1950 3518 ‘;
1985 3460 2071 3507 et:

489 3546 831 3616 Sacriﬁcium
882 3547 1057 3601 laudis
1106 3545 1478 3615 honoriﬁcabit
1534 3560 1615 3599 me
1649 3546 1692 3598 ⁸.
1785 3544 1928 3614 Ergo
1996 3544 2075 3599 illi

489 3637 661 3693 Vetus
722 3638 1134 3695 Testamentum
1179 3640 1234 3693 in
1275 3638 1485 3693 Novum
1532 3645 1956 3702 commutantes,
2021 3645 2076 3694 et

489 3730 671 3785 amatu
707 3733 885 3788 sancti
948 3730 1189 3802 Spiritus
1242 3730 1512 3795 instincti,
1566 3729 1702 3785 nihil
1759 3730 2074 3785 animalium

489 3819 759 3875 sacriﬁcia
800 3821 885 3874 vel
938 3820 1261 3874 holocausta
1299 3818 1685 3888 requirebant;
1714 3818 1789 3873 ita
1817 3819 1963 3873 enim
2004 3818 2079 3873 Io-

487 3916 735 3980 quuntur
764 3929 777 3966 :
823 3909 948 3965 Non
978 3920 1055 3965 est
1086 3911 1231 3965 locus
1278 3908 1648 3979 sacriﬁcandi,
1693 3926 1855 3981 neque
1877 3910 2075 3975 hostia,
2116 3904 2139 3909 ”

489 4019 652 4071 neque
697 4003 952 4058 altarc':
983 4002 1129 4072 quod
1172 4001 1428 4056 universa
1467 4000 1843 4071 reliquissent.
1892 4001 2077 4067 Quare

488 4110 617 4149 cum
659 4096 934 4167 ejusmodi
982 4096 1199 4152 laudem
1237 4095 1434 4151 oﬁ‘erre
1462 4095 1683 4159 vellent,
1717 4095 1870 4149 nullo
1893 4094 1961 4149 ad
1992 4103 2075 4149 te-

2179 3084 2493 3152 αἰνέσεως-ο
2537 3087 2651 3147 καὶ,
2689 3086 2881 3139 Θυσία
2919 3085 3208 3151 αἰνέσεως
3235 3084 3481 3150 δοξάσει
3507 3101 3602 3154 με.
3628 3086 3775 3156 Ἤδη

2180 3176 2290 3248 γὰρ
2321 3175 2717 3247 μεταβαλόντες
2748 3176 2848 3249 τὴν
2869 3174 3111 3231 Παλαιὰν
3151 3178 3230 3240 είς
3250 3176 3461 3247 Καινὴν
3484 3174 3772 3246 Διαθήκην

2181 3266 2463 3338 Πνεύματι
2486 3266 2627 3337 ἁγίῳ
2647 3265 3095 3337 ὐπονυττόμενοι,
3122 3269 3185 3319 οὑ
3215 3264 3372 3329 ζώων
3404 3265 3776 3345 θυσίανηοῦδὲ

2179 3359 2649 3430 ὁλοκαυτωμάτων
2702 3361 2889 3430 χρείαν
2936 3358 3185 3428 ἐχοντεςν
3245 3359 3378 3429 φασὶ
3446 3358 3592 3430 γάρ·
3647 3360 3778 3411 Οὐκ

2180 3454 2312 3507 ἐστι
2344 3452 2528 3518 τόπος
2548 3451 2655 3506 τοῦ
2684 3449 3020 3519 καρπώσαι,
3054 3450 3197 3506 οὐδὲ
3232 3450 3436 3515 θυσία,
3481 3449 3625 3504 οὐδὲ
3668 3452 3779 3504 θυ-

2180 3542 2559 3614 σιαστήριον,
2589 3544 2666 3609 ὡς
2686 3543 2793 3598 τῶν
2809 3544 3028 3598 πάντων
3060 3542 3521 3615 περιλειφθέντων
3555 3543 3577 3574 ⁸
3603 3559 3617 3572 ·
3648 3541 3779 3613 βου-

2181 3636 2399 3707 λόμενοι
2454 3635 2512 3689 δὲ
2561 3634 2661 3706 τὴν
2702 3634 2960 3706 τοιαύτην
3006 3634 3214 3689 αίνεσιν
3258 3634 3624 3706 προσφέρειν,
3674 3635 3779 3688 καὶ

2182 3730 2443 3792 ἐάσαντες
2484 3728 2585 3800 τὴν
2624 3727 2835 3782 ἑαυτῶν
2886 3727 3260 3800 σμικρότητα,
3327 3727 3779 3798 ταπεινοφρόνως

2182 3821 2459 3892 φέρονται.
2490 3820 2619 3888 Πᾶς
2647 3821 2759 3891 γὰρ
2798 3824 2831 3875 ό
2860 3820 3037 3890 ὑψῶν
3064 3820 3285 3875 ἑαυτὸν
3328 3820 3776 3887 ταπεινωθήσε-

2182 3928 2279 3966 ται
2298 3924 2337 3943 "'
2364 3915 2399 3968 ό
2426 3912 2515 3966 δὲ
2563 3911 2863 3969 ταπεινῶν
2906 3911 3127 3966 ἑαυτὸν
3171 3902 3577 3980 ὑψωθήσεται.
3615 3911 3779 3965 Μετὰ

2183 4003 2277 4057 τοῦ
2329 4003 2671 4077 χαρίσματος
2714 4004 2813 4075 τῆς
2851 4002 3019 4057 αὐτοῦ
3076 4004 3374 4075 σωτηρίας,
3429 4002 3779 4073 λαμϐάνουσι

2183 4096 2279 4150 καὶ
2332 4096 2539 4167 ταύτην
2584 4096 2682 4167 τὴν
2736 4094 2947 4167 δωρεὰν
2977 4095 3077 4167 τῆς
3116 4094 3636 4166 ταπεινοφροσύνης,
3677 4096 3779 4148 καὶ

489 4187 755 4243 unitatem
814 4202 971 4242 suam
1028 4196 1284 4259 respectu
1338 4186 1564 4252 habito,
1622 4200 1839 4242 summa
1892 4192 2073 4241 tamen

2185 4184 2467 4257 βούλονται
2506 4185 2598 4240 τὸν
2652 4181 2802 4240 αῐνον
2838 4185 2960 4256 Θεῷ
3006 4184 3360 4257 προσφέρειν,
3386 4185 3482 4237 καὶ
3510 4184 3585 4255 μὴ
3603 4186 3780 4238 ἐκκα-

485 4297 617 4335 cum
665 4282 750 4337 sui
803 4280 1142 4338 detnissione
1189 4281 1410 4337 divinas
1451 4281 1507 4335 in
1555 4278 1747 4334 laudes
1779 4278 2073 4334 feruntur:

2183 4280 2320 4344 κεῖν,
2351 4277 2448 4331 καὶ
2496 4278 2727 4341 ἑαυτοὺς
2759 4278 2873 4349 (25)
2904 4278 3312 4348 δοκιμάσαντας
3361 4276 3499 4349 πρὸς
3545 4279 3645 4347 τὴν
3676 4278 3778 4330 τοῦ

489 4372 681 4427 Omnis
705 4375 844 4426 enim
893 4374 984 4442 qui
1021 4390 1076 4427 se
1115 4372 1344 4437 exultat,
1390 4371 1799 4435 humiliabitur;
1837 4379 1888 4425 et
1912 4371 2003 4442 qui
2024 4387 2073 4425 se

2183 4370 2319 4424 Θεοῦ
2372 4371 2613 4441 ἀρῤητον
2667 4370 3001 4439 δοξολογίαν,
3036 4369 3250 4441 ἀξιοίᾇσι
3316 4367 3781 4440 συμπαραλαϐεῖν

490 4462 762 4526 humiliat,
820 4463 1151 4517 exaltabitur
1172 4464 1215 4518 ’⁵.
1272 4462 1387 4518 Hoc
1437 4464 1616 4532 ipsum
1662 4462 1990 4537 humilitatis
2013 4478 2073 4517 ac

2186 4461 2305 4533 μεθ’
2332 4462 2544 4516 ἑαυτῶν
2570 4463 2668 4532 τὴν
2718 4461 2896 4515 κτίσιν
2917 4462 2997 4525 είς
3034 4459 3366 4529 δοξολογίαν,
3391 4461 3487 4514 καὶ
3513 4460 3779 4532 ἄρχονται

494 4554 776 4610 modestia:
813 4555 1018 4609 donum
1054 4570 1181 4610 cum
1213 4556 1410 4611 salutis
1442 4570 1556 4611 suae
1590 4554 1858 4611 beneﬁcio
1887 4570 2073 4613 conse-

2181 4554 2382 4624 λέγειν,
2407 4553 2887 4626 συμπεριληφότες
2919 4556 3101 4607 πᾶσαν
3129 4553 3229 4623 τὴν
3258 4553 3495 4624 ποίησιν.

492 4649 628 4710 cuti,
666 4646 833 4702 Deum
877 4647 1135 4703 laudibus
1166 4646 1449 4718 prosequi,
1500 4662 1677 4717 neque
1718 4647 1966 4718 ingratos
2036 4661 2099 4702 se
2173 4647 2423 4717 praebere
2480 4644 2757 4700 student:
2794 4658 3033 4714 cumque
3092 4658 3152 4698 se
3198 4642 3267 4697 ad
3327 4640 3777 4712 inexplicabilem

493 4743 640 4798 illam
678 4743 769 4798 Dei
813 4743 1043 4815 gloriam
1090 4744 1474 4799 celebrandam
1498 4751 1932 4814 comparassent,
1974 4742 2043 4797 ad
2085 4742 2493 4813 praedicationis
2521 4741 2672 4796 illius
2700 4738 3147 4795 communionem
3192 4745 3502 4792 creaturam
3550 4748 3775 4790 omnem

488 4840 784 4903 advocant,
811 4848 866 4894 et
897 4838 1173 4910 adiunctis
1218 4840 1323 4896 sibi
1375 4839 1610 4910 opiﬁciis
1658 4840 1916 4895 omnibus
1948 4853 2148 4896 canere
2180 4840 2499 4895 instituunt.

564 4936 675 5006 29
694 4935 883 4990 XXIV.
908 4936 1083 4993 Porro
1111 4952 1276 5009 Opera
1307 4936 1377 4992 ab
1410 4936 1624 5007 opiﬁce,
1650 4944 1705 4990 et
1732 4945 2017 4991 creaturas
2047 4950 2077 4990 ιι

491 5035 743 5083 creatore
775 5030 1158 5086 discernentes
1194 5030 1340 5085 hunc
1372 5030 1427 5085 in
1459 5028 1683 5085 modum
1708 5029 1879 5084 locuti
1914 5036 2069 5085 sunt:

496 5119 815 5184 Bcnedicite,
849 5122 1028 5174 omnia
1059 5138 1217 5191 opera
1245 5121 1482 5184 Domini,
1530 5120 1755 5175 Domino
1785 5120 1829 5174 '.
1879 5118 2080 5175 Omnia

494 5214 779 5274 dixerunt,
842 5228 1021 5282 neque
1068 5213 1370 5284 quidquam
1421 5215 1792 5283 reliquerunt.
1854 5212 1962 5268 Sed
2020 5220 2083 5267 ut

493 5305 736 5379 Spiritus
764 5314 992 5363 sanctus
1030 5306 1289 5378 perfectae
1332 5309 1575 5364 scientia:
1606 5306 1933 5363 inlormaret
1960 5321 2083 5378 spe-

570 5468 588 5499 ¹
616 5467 762 5523 Psal.
814 5481 925 5532 cvl,
955 5464 1046 5521 22.

1154 5463 1342 5522 'Psal.
1378 5482 1528 5534 nix,
1558 5467 1652 5522 23.

494 5535 830 5607 ληφθέντων.

1768 5466 1790 5498 ³
1829 5464 1964 5525 Dan.
1996 5481 2078 5534 ιιι,
2110 5464 2202 5520 ⁸58.

2252 4938 2377 4991 KA'.
2397 4933 2673 4995 Διελόντες
2697 4930 2755 4985 δὲ
2778 4930 2848 4984 τὰ
2870 4930 3152 5001 ποιήματα
3175 4927 3284 4982 ἀπὸ
3299 4926 3394 4981 τοῦ
3420 4927 3776 4997 ποιήσαντος,

2178 5030 2273 5082 καὶ
2304 5026 2375 5082 τὰ
2402 5026 2597 5081 κτιστά
2623 5024 2734 5079 ἀπὸ
2758 5023 2854 5076 τοῦ
2884 5024 3191 5087 κτίσαντος,
3225 5021 3391 5090 φασί·
3420 5018 3773 5090 Εὐλογεῖτε,

2178 5119 2379 5174 πάντα
2422 5119 2496 5173 τὰ
2562 5118 2708 5187 ἔργα
2788 5116 3047 5184 Κυρίου,
3094 5113 3207 5168 τὸν
3264 5115 3505 5182 Κύριον.
3561 5111 3771 5166 Πάντα

2180 5210 2355 5279 εἷπον,
2382 5214 2536 5269 οὐδὲν
2567 5212 2880 5267 κατέλιπον.
2908 5211 3027 5264 Ἵνα
3065 5208 3123 5263 δὲ
3165 5209 3228 5262 τὸ
3271 5207 3499 5277 Πνεῦμα
3524 5206 3584 5260 τὸ
3619 5207 3778 5275 ἅγιον

2177 5304 2565 5377 χαρακτηρίσῃ
2591 5303 2691 5374 τὴν
2712 5301 2925 5356 τελείαν
2949 5298 3175 5369 γνῶσιν,
3204 5300 3285 5363 εἰς
3311 5297 3371 5351 τὸ
3397 5296 3593 5350 εἰδέναι
3622 5298 3777 5349 ποῖον

2301 5464 2324 5496 δ
2359 5464 2491 5520 Luc.
2543 5477 2702 5526 xvm,
2735 5462 2823 5517 Η.
2934 5460 2957 5493 ⁸
2992 5459 3129 5514 Dan.
3156 5474 3237 5525 tu,
3269 5456 3358 5513 57.
3437 5456 3458 5487 ⁸
3486 5454 3614 5510 For.
3641 5453 3777 5526 πυρί

570 5691 681 5775 (βξ)
716 5693 821 5775 [ςαί
868 5693 1144 5775 ἑαυτούς,
1178 5700 1286 5775 etc.
1346 5690 1519 5775 [lecte
1554 5689 2089 5775 Thomasius.llujtts
2196 5689 2281 5775 ria
2309 5698 2357 5742 rt
2389 5686 3115 5775 majestatecomparassent,
3140 5682 3223 5739 'ad
3268 5678 3676 5752 praedicationis
3706 5677 3771 5734 il-

498 5763 606 5817 loei
654 5762 903 5833 Latinam
935 5762 1145 5818 Petavii
1180 5762 1688 5833 interpretationem
1722 5761 2037 5833 emendavit
2072 5779 2084 5814 :

499 5834 589 5889 illa
615 5832 761 5887 enim
796 5833 891 5896 ait,
925 5849 1141 5902 rumque
1172 5850 1291 5887 cum
1329 5830 1698 5899 inexplicabili
1735 5832 1831 5887 illa
1862 5830 2087 5903 Dciglo-

2197 5761 2305 5816 lius
2344 5756 2809 5825 communionem,
2842 5766 2947 5812 etc.

3555 5939 3705 5949 βψω
