3950 6424
1523 425 1970 484 ANCORATUS.

3313 428 3390 485 G2

147 545 194 599 τὸ
218 543 390 606 Θεῖον,
424 542 550 595 ποῖα
580 540 640 594 δὲ
665 538 733 594 τὰ
762 539 867 593 ὑπὸ
900 536 994 593 τοῦ
1025 537 1160 593 Θεοῦ
1189 541 1476 611 γενόμενα,
1509 540 1596 594 ἵνα
1621 541 1696 613 μὴ

1805 545 1968 607 ciem,
2009 549 2070 598 ut
2101 543 2225 613 quis
2271 542 2416 598 Deus
2444 547 2614 606 esset,
2649 555 2837 612 quaeve
2864 555 2894 595 a
2926 540 3038 599 Deo
3067 542 3232 602 facta,
3267 561 3394 614 per.

151 634 473 706 συμμίξωμεν
493 632 570 702 τῷ
594 633 756 702 ἀϊδίῳ
783 632 851 686 τὰ
882 632 942 697 ἐξ
971 633 1072 686 οὐκ
1095 632 1265 686 ὅντων
1295 632 1583 704 γενόμενα,
1605 634 1696 688 ἵνα

151 724 208 797 μὴ
249 723 592 792 ἀπολέσωμεν
638 721 847 776 ἑαυτῶν
888 723 988 792 τὴν
1028 722 1306 786 διάνοιαν,
1353 722 1576 794 ἀριθμῷ
1625 722 1697 777 τὰ

145 817 293 871 πάντα
310 815 632 886 συνήγαγον.
653 813 1030 868 Ἀπεκάλυπτε
1047 814 1156 886 γὰρ
1179 814 1365 878 αὐτοῖς
1383 814 1445 867 τὸ
1467 814 1696 887 Πνεῦμα

140 909 192 962 τὸ
218 909 373 978 ἅγιον,
397 909 472 971 ὡς
497 906 921 974 καταξιωθείσιν
948 907 1065 978 ἅμα
1092 907 1350 977 ἀγγέλοις
1379 902 1540 973 εἶναι,
1570 925 1695 961 συν-

143 1000 332 1063 διαὶτοις
356 999 671 1069 γενομένοις
701 997 952 1067 ἀγγέλων
972 997 1042 1050 τὰ
1068 997 1126 1050 ἑν
1148 999 1398 1070 οὐρανοῖς
1418 999 1512 1052 καὶ
1537 998 1608 1052 τὰ
1635 1001 1691 1053 ὲν

141 1094 314 1164 τῇτῇ,
358 1093 450 1145 καὶ
485 1090 557 1144 τὰ
597 1091 858 1144 ὑποκάτω
899 1089 1000 1160 τῆς
1033 1090 1170 1160 γῆς’
1227 1091 1320 1143 καὶ
1363 1089 1550 1144 λοιπὸν
1593 1091 1694 1144 οὐκ

143 1183 351 1252 ἠγνόουν.
390 1181 498 1234 Καί
540 1197 712 1250 φασιν
735 1180 785 1233 oi
812 1177 968 1233 αὐτοὶ
1007 1177 1152 1248 ἆγιοι
1188 1181 1413 1242 παῖδες,
1453 1179 1530 1243 ὡς
1555 1197 1694 1251 προ-

146 1277 293 1328 εῖπον
323 1272 663 1342 Εὐλοτεῖτε,
682 1271 881 1326 πάντα
903 1271 976 1326 τὰ
1005 1272 1150 1342 ἔργα
1183 1271 1291 1325 τοῦ
1313 1272 1561 1339 Κυρίου,
1586 1271 1695 1325 τὸν

145 1368 342 1435 Κύρων.
369 1366 475 1419 Καὶ
501 1365 774 1436 ἄρχονται
807 1366 1061 1438 ἀριθμεῖν
1088 1383 1147 1419 τε
1181 1365 1276 1419 καὶ
1308 1365 1537 1436 διαιρεῖν
1565 1367 1695 1418 ποῖα

141 1457 352 1528 cii-591a,
377 1459 506 1510 ποῖα
526 1456 600 1510 τὰ
630 1457 957 1527 ποιήσαντα.
990 1457 1120 1510 ποῖα
1141 1453 1211 1509 τὰ
1235 1455 1534 1526 ποιήματα,
1563 1457 1694 1508 ποῖα

144 1551 196 1605 τὰ
235 1550 592 1622 ἐργαζόμενα,
648 1553 778 1605 ποῖα
805 1550 864 1604 δὲ
899 1551 969 1605 τὰ
1011 1549 1384 1621 ὲργασθένταο
1435 1551 1531 1604 καὶ
1570 1551 1695 1622 ἀρι-

146 1641 336 1712 θμοῦσιν
366 1642 613 1715 οὐρανὸν,
639 1643 766 1715 γῆν,
787 1642 957 1697 ὕδατα
983 1643 1170 1696 ἐπάνω
1191 1641 1287 1697 τοῦ
1306 1641 1562 1715 οὐρανοῦ,
1590 1643 1686 1697 καὶ

144 1733 388 1801 ἀγγέλους,
427 1736 643 1788 κτιστοὶ
689 1733 799 1806 γὰρ
836 1735 884 1788 oi
927 1733 1180 1803 ἄγγελοιο
1215 1734 1311 1788 καὶ
1343 1733 1569 1806 θρόνους
1598 1735 1694 1788 καὶ

143 1825 379 1897 δυνάμεις,
399 1825 596 1880 mare
621 1825 735 1898 γὰρ
763 1824 938 1880 ταῦτα
959 1842 974 1857 ·
1001 1826 1180 1897 ἥλιον,
1208 1827 1462 1898 σελήνην,
1490 1829 1695 1899 ποιητὰ

142 1913 250 1986 γὰρ,
269 1915 360 1968 οῦκ
393 1915 659 1970 ἄκτιστα·
691 1915 828 1986 νέφη
869 1915 965 1969 καὶ
994 1915 1267 1986 νιφετοὺς,
1299 1915 1557 1988 ἀνέμους,
1588 1917 1696 1988 χιό·
1725 1903 1768 1957 Β

141 2023 240 2070 νας,
278 2006 585 2078 ἀστραπὰς,
645 2005 909 2076 βροντὰς,
958 2007 1083 2078 γῆν,
1139 2006 1436 2074 θάλασσαν,
1484 2007 1694 2081 πηγὰς,

141 2098 391 2163 ἀϐύσσους,
429 2098 748 2169 ποταμοὺς,
779 2099 959 2152 πᾶσαν
992 2097 1410 2171 ἀνθρωπότητα,
1441 2099 1565 2171 ὅρη,
1599 2117 1697 2153 πε-

141 2191 266 2244 τεινὰ
292 2191 532 2263 οὐρανοῦ,
570 2192 748 2263 κτήνη
781 2191 878 2244 καὶ
905 2190 1042 2256 ζῶα,
1088 2190 1269 2262 ψυχὰς
1307 2192 1494 2258 ὁσίων,
1527 2192 1694 2245 πνεύ-

145 2301 264 2354 ματα
292 2283 536 2348 δικαίων,
599 2283 876 2347 Ἀνανίαν,
921 2281 1209 2351 Ἀζαρίαν,
1241 2282 1478 2354 Μισαὴλ,
1529 2285 1696 2354 ἱερεῖς

142 2376 218 2428 καὶ
241 2375 440 2440 δούλους
462 2375 608 2430 Θεοῦ
625 2393 641 2408 ·
668 2375 849 2430 πάντα
875 2375 986 2448 γὰρ
1013 2375 1188 2429 ταῦτα
1219 2377 1420 2446 ποιητά
1455 2377 1572 2429 ἐστι
1601 2376 1696 2429 καὶ

142 2468 328 2531 xum,
372 2468 473 2523 ὑπὸ
504 2466 649 2522 Θεοῦ
681 2469 946 2537 γεγονότα
974 2467 1064 2522 διὰ
1107 2467 1202 2521 τοῦ
1246 2469 1422 2537 Λόγου
1471 2467 1567 2521 καὶ
1597 2467 1694 2521 τοῦ

144 2561 270 2628 ἁγίου
306 2561 656 2632 Πνεῦματος·
692 2558 778 2626 Τῷ
819 2559 926 2630 γὰρ
959 2560 1128 2630 Λόγῳ
1165 2561 1392 2628 Kvplov
1432 2563 1485 2614 οἱ
1518 2562 1696 2628 οὐρα-

143 2653 216 2706 rei
239 2651 700 2722 ἐστερεώθησαν,
731 2651 834 2705 καὶ
859 2651 939 2717 τῷ
967 2653 1270 2722 Πνεύματι
1309 2653 1417 2707 τοῦ
1467 2654 1694 2723 στόμα-

144 2759 224 2809 τος
249 2743 417 2798 αὑτοῦ
449 2743 627 2799 πᾶσα
658 2743 698 2811 ἠ
732 2741 988 2811 δύναμις
1020 2741 1242 2795 αὐτῶν.
1277 2741 1420 2814 Ὅρα
1452 2741 1530 2806 δὲ,
1560 2743 1699 2811 ἀγα-

145 2834 256 2905 πητὲ
293 2835 514 2906 ἀδελφέ,
561 2834 688 2898 πῶς
721 2833 792 2888 τὰ
837 2834 1015 2888 πάντα
1055 2832 1370 2906 ἠρίθμησαν
1415 2835 1698 2907 Πνεῦματι

147 2926 258 2998 ἁγίῳ
297 2929 578 2999 φερόμενοι
602 2967 618 2991 ,
666 2925 764 2982 καὶ
809 2925 911 2982 οὐκ
949 2925 1266 2998 ἠρίθμησαν
1315 2927 1446 2980 Υίὺν
1492 2929 1551 2980 έν
1582 2930 1699 2994 τοῖς

145 3019 400 3090 ποιήμασιν
420 3061 433 3084 ,
484 3019 609 3074 ἀλλ’
656 3017 782 3071 οὔτε
813 3017 968 3087 ἅγιον
999 3018 1224 3089 Πνεῦμα
1246 3034 1260 3048 ·
1291 3018 1406 3071 ἀλλ’
1453 3018 1698 3089 ἔγνωσαν

147 3109 224 3180 τὴν
251 3111 401 3185 αὐτὴν
425 3112 676 3183 Θεότητα
711 3106 851 3164 εἶναι
893 3112 953 3164 ὲν
987 3110 1203 3182 Τριάδι,
1257 3110 1352 3164 καὶ
1399 3110 1499 3183 τήν
1529 3112 1700 3182 αὐτὴν

147 3201 318 3273 Τριάδα
361 3207 416 3259 ὲν
460 3207 561 3277 μιᾷ
621 3204 875 3274 Θεότητι·
921 3203 1016 3256 καὶ
1063 3201 1321 3268 ἐδόξασαν
1369 3205 1593 3276 Πατέρα
1641 3207 1699 3259 ὲν

305 3296 389 3350 καὶ
599 3295 659 3349 ὲν
692 3269 870 3367 Πατρὶ
916 3294 1014 3347 σὺν
1044 3293 1188 3365 ἁγίῳ
1215 3269 1533 3366 Πνεύματι,
1565 3297 1695 3366 μίαν
1727 3269 1770 3328 C

147 3381 411 3453 ἁγιαστὶαν,
448 3387 581 3458 μίαν
618 3383 896 3455 λατρείαν,
924 3383 1053 3455 μίαν
1075 3382 1338 3456 Θεότητσι,
1377 3386 1510 3458 μίαν
1533 3386 1685 3453 δοξο-

147 3473 319 3543 λογίαν.

1800 639 2052 704 spicuum
2081 635 2245 700 foret,
2293 651 2360 690 ne
2401 649 2527 690 cum
2565 642 2775 688 a'terno
2810 633 2903 688 illo
2933 649 2995 689 ea
3033 637 3392 704 permiscere-

1798 745 1923 785 mus
1965 743 2088 799 qua:
2118 744 2148 784 e
2176 728 2352 782 nihilo
2405 725 2553 782 facta
2609 735 2760 793 sunt,
2816 741 2880 781 ac
2913 742 2980 780 ne
3020 728 3393 797 intelligentiae

1798 831 2004 878 nostra:
2049 821 2352 892 perniciem
2388 819 2738 886 aii‘erremus,
2774 834 3006 874 numero
3035 819 3217 873 omnia
3241 837 3392 874 com-

1797 914 1942 984 plexi
1977 921 2128 969 sunt.
2183 911 2394 966 Etenim
2441 910 2688 982 Spiritus
2730 921 2956 968 sanctus
2992 911 3097 994 his,
3136 912 3230 983 qui
3262 927 3391 965 cum

1756 1011 1768 1022 '
1797 1005 2006 1076 angelis
2045 1004 2258 1059 versari
2296 1012 2460 1075 atque
2515 1019 2703 1058 eorum
2737 1004 2993 1058 convictu
3036 1003 3142 1058 frui
3177 1020 3393 1058 merac-

1798 1104 1942 1164 raut,
1982 1112 2103 1167 quae
2140 1098 2194 1151 in
2228 1097 2369 1152 caelo
2429 1107 2694 1166 terraque
2729 1107 2783 1153 et
2814 1096 2957 1151 infra
3011 1105 3214 1151 terram
3263 1106 3394 1152 sunt

1795 1189 1979 1244 omnia
2002 1188 2366 1260 patefecerat:
2386 1190 2523 1244 adeo
2541 1196 2600 1242 ut
2615 1189 2750 1243 nihil
2770 1189 3028 1258 deinceps
3053 1189 3389 1259 ignorarent.

1797 1281 1985 1352 Itaque
2008 1283 2185 1337 sancti
2213 1281 2288 1336 illi
2315 1283 2472 1353 pueri
2503 1282 2652 1336 hunc
2679 1282 2735 1336 in
2767 1282 3013 1350 modum,
3039 1283 3119 1336 uti
3145 1281 3283 1347 dixi,
3307 1297 3394 1334 ca-

1797 1391 1929 1431 nere
1955 1376 2200 1447 aggressi
2230 1382 2388 1432 sunt:
2408 1374 2733 1438 Benedicite,
2763 1374 2943 1428 omnia
2964 1390 3123 1443 opera
3153 1372 3388 1438 Domini,

1798 1466 2046 1524 Domino.
2070 1465 2274 1522 Deinde
2299 1482 2595 1522 numerare
2625 1482 2690 1521 ac
2720 1465 3065 1536 distinguere
3092 1466 3388 1535 incipiunt,

1796 1575 2046 1632 quaenam
2071 1574 2237 1630 opera
2255 1558 2388 1622 sint,
2412 1558 2577 1628 quive
2593 1573 2818 1628 operum
2843 1566 3122 1621 auctores,
3140 1572 3388 1627 quaenam

1797 1652 2036 1723 opilioia,
2066 1652 2163 1720 qui
2189 1649 2440 1721 opiﬁces,
2462 1664 2714 1719 quaenam
2743 1648 2982 1718 denique
3007 1646 3292 1701 fabricata.
3317 1645 3391 1699 lta

1798 1745 1876 1800 illi
1908 1745 2134 1808 caelum,
2167 1750 2370 1797 terram
2399 1783 2415 1808 ,
2450 1755 2620 1811 aquas
2659 1754 2781 1810 quae
2808 1754 2973 1809 supra
3008 1738 3207 1793 caelum
3241 1747 3391 1801 sunt,

1798 1837 2135 1908 angelosque
2160 1841 2622 1897 commemorant,
2657 1832 2750 1902 qui
2787 1841 2840 1886 et
2872 1831 2977 1902 ipsi
3012 1830 3182 1885 creati
3216 1837 3345 1890 sunt
3377 1848 3390 1882 :

1797 1925 1924 1981 inde
1957 1926 2189 1980 thronos
2215 1932 2270 1980 et
2297 1923 2552 1987 virtutes,
2587 1938 2709 1992 qum
2739 1920 2883 1976 Deus
2906 1919 3133 1992 perinde
3151 1934 3394 1990 procrea-

1796 2019 1912 2082 vit;
1945 2016 2118 2071 solem
2145 2014 2427 2086 deinceps,
2452 2029 2516 2067 ac
2547 2013 2755 2075 lunam,
2786 2010 2928 2065 facta
2960 2009 3166 2072 omnia,
3198 2023 3297 2062 nec
3321 2009 3394 2060 in-

1798 2119 1983 2166 creata
2005 2127 2017 2164 :
2041 2109 2108 2164 ad
2142 2108 2258 2162 haec
2287 2107 2489 2172 nubes,
2530 2105 2782 2169 nebulas,
2810 2110 3026 2167 ventos,
3067 2103 3245 2163 nives,
3285 2098 3397 2154 ful-

1796 2212 1954 2270 gura,
1979 2197 2248 2263 tonitrua,
2282 2203 2510 2260 terram,
2552 2210 2722 2258 mare,
2754 2194 2957 2256 fontes,
2991 2193 3244 2262 abyssos,
3280 2190 3384 2245 flu-

1795 2291 1938 2355 vios,
1971 2306 2144 2360 genus
2173 2289 2458 2345 hominum
2489 2303 2672 2353 omne,
2696 2295 2934 2348 montes,
2960 2285 3211 2340 volucres
3235 2285 3386 2349 cmli,

1800 2398 2000 2456 pecora
2033 2389 2088 2434 et
2117 2381 2401 2444 animalia,
2445 2388 2766 2435 sanctorum
2829 2377 3063 2444 animas,
3117 2376 3394 2446 justorum

1804 2476 2056 2547 spiritus,
2089 2473 2386 2536 Anauiam,
2419 2470 2696 2535 Azariam,
2722 2468 3030 2533 Misaelem;
3068 2466 3387 2522 sacerdotes

1799 2567 2037 2638 denique
2109 2566 2316 2637 Deique
2371 2579 2582 2620 servos.
2634 2561 2770 2616 Nam
2819 2561 2934 2614 hinc
2989 2559 3174 2613 omnia
3253 2557 3399 2610 facta

1807 2668 2209 2730 procreataque
2267 2666 2430 2721 sunt,
2487 2672 2550 2711 ac
2605 2670 2703 2727 per
2745 2653 2983 2710 Verbum
3033 2659 3087 2707 et
3127 2645 3396 2721 Spiritum

1803 2760 2056 2809 sanctum
2099 2767 2130 2806 a
2173 2751 2286 2807 Deo
2347 2749 2612 2820 producta
2642 2767 2655 2802 :
2685 2747 2887 2818 quippe
2953 2744 3119 2799 Verbo
3178 2743 3406 2796 Domini-

1805 2844 1923 2900 cmli
1981 2844 2188 2916 ﬁrmati
2232 2853 2378 2908 sunt,
2417 2851 2465 2896 et
2494 2841 2698 2911 Spiritu
2726 2841 2833 2893 oris
2875 2839 2987 2907 ejus
3014 2836 3186 2891 omnis
3219 2837 3388 2889 virtus

1804 2935 2023 2990 illorum
2060 2936 2102 2990 ⁸.
2150 2933 2346 2998 Vides,
2398 2933 2567 2987 frater
2618 2930 2988 2992 charissime,
3040 2924 3401 2998 quemadmo-

1811 3028 1942 3083 dum
1993 3027 2068 3082 illi
2131 3028 2304 3083 sancti
2378 3024 2617 3097 Spiritus
2671 3026 2976 3086 instinctu,
3029 3037 3154 3076 cum
3205 3020 3392 3074 omnia

1809 3128 2326 3185 commemorarent,
2375 3120 2515 3174 inter
2553 3135 2616 3174 ea
2658 3133 2780 3189 quae
2814 3116 2957 3170 facta
2992 3124 3141 3177 sunt,
3177 3127 3388 3183 nequa-

1803 3229 1965 3285 quam
1991 3213 2335 3268 numerarint
2366 3210 2566 3264 Filium
2603 3225 2781 3279 neque
2810 3206 3076 3278 Spiritum
3117 3213 3396 3266 sanctum,

1803 3305 1900 3361 sed
1939 3305 2081 3360 hanc
2123 3305 2296 3375 ipsam
2349 3302 2695 3357 Divinitatem
2739 3315 2866 3357 esse
2907 3300 2960 3353 in
3014 3297 3303 3363 Trinitate,
3345 3303 3400 3350 et

1805 3398 1947 3452 hanc
2014 3397 2189 3468 ipsam
2237 3395 2563 3450 Trinitatem
2624 3393 2680 3447 in
2738 3409 2844 3448 una
2916 3391 3212 3446 Divinitate
3275 3404 3401 3445 esse

1815 3487 2194 3560 cognoverint,
2230 3495 2394 3557 atque
2435 3485 2515 3540 uti
2543 3483 2762 3540 Patrem
2799 3485 2853 3539 in
2903 3481 3065 3548 Filio,
3102 3489 3156 3537 et
3198 3479 3399 3534 Filium

148 3562 192 3622 in
225 3567 367 3627 Patre
405 3587 527 3629 cum
583 3570 793 3643 Spiritu
837 3578 1031 3628 sancto
1070 3573 1490 3642 celebraverint,
1548 3579 1896 3639 sanctitatem
1940 3600 2131 3653 unam,
2184 3599 2353 3639 unum
2397 3581 2762 3648 adorandum,
2796 3581 3147 3637 Divinitatem
3205 3592 3397 3642 unam,

149 3672 384 3734 tutamque
407 3664 669 3735 gloriam.

205 3753 314 3814 KE'.
361 3756 499 3811 ma
523 3755 752 3820 πάντως
784 3755 879 3810 καὶ
910 3752 1070 3810 τοῦτο
1096 3754 1272 3828 τολμᾷ
1290 3759 1319 3811 ὁ
1339 3756 1587 3824 διάϐολος
1614 3777 1704 3814 κι-

147 3843 238 3897 νεῖν
249 3844 300 3898 ὲν
310 3849 414 3912 τοῖς
423 3848 519 3903 ἀνθ
526 3846 1021 3921 ρώποις,ἀπιστίας
1035 3847 1343 3922 τολμηρίαν
1358 3852 1605 3922 καταψεύ
1613 3871 1704 3908 σα·

150 3926 252 3982 σθαι
285 3930 383 3987 τῶν
441 3933 620 4001 ἁγίων
671 3931 879 3986 παίδων
918 3932 1118 3988 πλάσαι
1176 3935 1272 3988 καὶ
1325 3938 1502 3991 εἰπεῖν
1522 3954 1538 3969 ·
1580 3940 1698 3994 Οὐκ

146 4019 332 4090 ᾔδεισαν
347 4026 514 4079 εἰπεῖν
546 4025 725 4095 δνομα
749 4024 907 4093 ἁγὶου
937 4025 1280 4097 Πνεῦματος,
1321 4029 1563 4084 Ἰουδαῖοι
1589 4030 1700 4102 γὰρ

147 4105 292 4181 ἦσαν,
314 4115 400 4170 καὶ
431 4117 552 4171 οὐδὲ
594 4116 724 4170 Υίὸν
752 4117 1005 4190 ᾔδεισαν,
1039 4117 1285 4172 Ἰουδαῖοι
1311 4119 1484 4185 ὄντες.
1523 4123 1700 4186 Εὐθὺς

147 4202 194 4258 δὲ
216 4207 261 4258 οἱ
286 4207 423 4278 λόγοι
455 4209 743 4280 ἐλέγχουσι
787 4209 898 4263 τῶν
949 4209 1260 4275 κακοδόξων
1285 4213 1386 4284 τήν
1414 4213 1696 4270 ἀπιστίαν.

147 4293 260 4364 Φησὶ
283 4299 412 4370 γάρ’
437 4301 554 4356 Καὶ
576 4296 659 4372 ἦν
695 4299 759 4354 τὸ
788 4301 1118 4369 πρόσωπον
1148 4301 1256 4356 τοῦ
1284 4303 1592 4374 τετάρτου,
1619 4305 1701 4371 ὡς

147 4391 427 4456 πρόσωπον
465 4394 608 4449 Ποῦ
648 4393 797 4448 Θεοῦ
818 4408 830 4423 ·
871 4395 980 4448 ἰδοὺ
1004 4395 1176 4467 ὄνομα
1210 4396 1342 4451 Υίοῦ
1378 4398 1515 4453 Θεοῦ
1544 4393 1688 4466 (26)-

147 4477 237 4549 ἆρα
264 4482 354 4537 οὐκ
385 4484 538 4539 ἔστιν
583 4484 778 4554 ἄγνοια
825 4486 955 4558 περὶ
1002 4486 1219 4542 τούτου.
1279 4490 1388 4543 Καὶ
1437 4490 1547 4563 πρὸ
1603 4490 1700 4544 τοῦ

1881 3755 2054 3813 XXV.
2103 3756 2300 3814 Verum
2357 3757 2449 3812 hic
2487 3756 2655 3813 etiam
2700 3755 2953 3811 nonnihil
2985 3755 3167 3810 moliri
3207 3757 3400 3811 turba-

1807 3865 1930 3906 rum
1964 3864 2029 3905 ac
2062 3851 2344 3906 concitare
2377 3851 2695 3904 mortalium
2735 3849 2922 3920 generi
2946 3848 3201 3904 diabolus
3233 3865 3406 3907 ausus

1807 3951 1916 4011 est,
1939 3950 2106 4014 atque
2167 3943 2511 3998 infidelitatis
2570 3942 2936 3998 temeritatem
2993 3942 3135 3998 falso
3189 3944 3408 3999 sanctis

1807 4037 1920 4093 illis
1971 4035 2159 4107 pueris
2219 4036 2519 4102 ascribere,
2572 4050 2637 4090 ac
2691 4051 2789 4106 per
2838 4050 3116 4090 summum
3176 4035 3406 4091 menda-

1805 4127 1954 4181 cium
2007 4128 2113 4182 ista
2157 4125 2370 4196 jactare
2410 4148 2423 4181 :
2457 4124 2650 4179 Sancti
2695 4125 2956 4195 Spiritus,
2986 4125 3096 4196 30
3122 4125 3408 4195 inquiunt,

1803 4233 2008 4272 nomen
2051 4218 2412 4287 pronuntiare
2456 4217 2800 4282 nesciebant,
2850 4228 3040 4288 utpote
3085 4216 3296 4284 Judaei;
3337 4234 3403 4272 ac

1805 4303 1979 4359 nihilo
2025 4306 2202 4376 magis
2235 4304 2462 4370 Filium,
2496 4305 2643 4375 quod
2673 4305 2847 4360 Judaei
2881 4315 3090 4374 essent,
3124 4322 3402 4377 cognove-

1806 4403 1952 4451 rant.
1986 4395 2095 4452 Sed
2143 4397 2445 4453 infidelium
2497 4400 2729 4453 istorum
2777 4399 3064 4470 perfidiam
3103 4406 3240 4456 satis
3283 4402 3407 4472 ipsa

1809 4487 2110 4560 Scripturaa
2155 4493 2323 4547 verba
2373 4503 2685 4561 coarguunt
2716 4513 2730 4550 :
2764 4493 2921 4562 Erat,
2982 4495 3182 4568 inquit,
3221 4498 3410 4566 quarti

148 4573 306 4642 κράνου
338 4575 434 4632 τοῦ
467 4577 576 4649 τῆς
601 4577 835 4650 καμίνου
857 4618 874 4644 ,
918 4579 1001 4634 ὅτι
1033 4580 1278 4655 ἐπλήσθη
1304 4583 1505 4655 Δανιὴλ
1528 4583 1699 4638 Πνεύ-

1806 4581 1993 4650 {acies,
2034 4591 2292 4654 tanquam
2331 4583 2498 4653 facies
2551 4583 2687 4639 Filii
2739 4585 2835 4640 Dei
2862 4588 2905 4642 ².
2964 4585 3109 4642 Ecce
3147 4588 3243 4642 tibi
3277 4585 3410 4642 Filii

154 4679 288 4731 ματος
311 4669 476 4738 ἁγίου,
515 4671 608 4724 καὶ
636 4665 757 4725 εἷπε
777 4689 792 4702 ·
828 4671 1101 4741 Καθαρός
1143 4673 1260 4743 ἐγὼ
1303 4675 1424 4729 ἀπὸ
1470 4676 1579 4730 τοῦ
1616 4679 1700 4732 αἵ-

148 4769 301 4822 ματος
329 4758 539 4829 αὐτῆς,
569 4759 664 4812 καὶ
689 4758 1032 4832 ἐπέστρεψαν
1055 4760 1136 4824 είς
1164 4761 1226 4815 τὸ
1250 4762 1532 4835 κριτήριον
1553 4781 1567 4794 ·
1605 4763 1699 4817 καὶ

147 4845 298 4920 ἔκρινε
317 4855 436 4918 τοὺς
469 4853 878 4927 πρεσϐυτέρους
910 4853 1192 4926 Πνεύματι
1238 4855 1378 4926 ἁγίῳ
1429 4858 1702 4931 ἐμφορού-

151 4952 311 5004 μενος’
349 4943 455 5016 ἄρα
490 4939 586 4998 οὖν
618 4943 837 5015 ᾔδεισαν
869 4945 960 4999 τὸν
1009 4944 1160 5011 Υίδν,
1203 4947 1300 5000 καὶ
1339 4947 1561 5018 ᾔδεισαν
1607 4950 1701 5002 τὸν

151 5028 334 5105 Πατέρα
394 5037 491 5091 καὶ
549 5037 612 5090 τὸ
662 5037 891 5109 Πνεῦμα
945 5037 1006 5093 τὸ
1059 5039 1255 5110 ἅγιον·
1289 5039 1404 5112 (25)
1450 5042 1548 5096 καὶ
1599 5043 1701 5097 οὐκ

238 5189 409 5248 ’Psal.
441 5193 534 5259 52,
568 5193 617 5250 6.
701 5196 721 5226 ²
747 5191 882 5249 Dan.
914 5210 994 5259 ιιι,
1023 5194 1117 5250 25.
1220 5194 1241 5226 ³
1265 5195 1404 5251 Dan.
1429 5212 1552 5257 xm,
1580 5197 1672 5253 46.

210 5301 308 5375 (24)
345 5303 556 5361 Rursus
596 5319 663 5360 eo
692 5303 799 5359 loci
833 5302 1162 5359 emendatur
1195 5303 1578 5374 interpretatio
1611 5302 1714 5360 Pe-

151 5374 299 5436 tavii,
341 5391 455 5444 qua
489 5375 633 5430 maia
679 5375 1126 5444 interpunctione
1175 5383 1335 5430 utens
1369 5391 1559 5430 verum
1599 5392 1708 5430 non

151 5446 428 5512 assequitur
478 5445 653 5501 Graeci
706 5453 889 5501 textus
934 5459 1181 5500 sensum.
1248 5445 1372 5509 Ait,
1431 5444 1566 5499 Ecce
1611 5448 1708 5500 tibi

155 5509 286 5586 Filii
307 5515 391 5569 Dei
425 5534 611 5572 nomen
651 5531 671 5570 :
715 5517 950 5584 adeoque
989 5531 1080 5570 nec
1109 5516 1386 5584 ignoratus
1418 5518 1510 5570 ille
1541 5517 1708 5586 fuerit

152 5583 432 5658 etiamﬁante
467 5589 737 5658 fornacem
767 5583 943 5658 illam,
971 5602 1091 5640 cum
1119 5583 1375 5658 scriptum
1401 5589 1489 5658 sit
1507 5583 1703 5658 Danie-

156 5654 237 5703 tem
276 5653 685 5722 Spiritu'sancto
733 5657 984 5726 repletum
1031 5653 1413 5713 exclamasse:
1463 5656 1700 5712 Mundus

156 5735 231 5790 ego
258 5741 384 5788 sum,
415 5738 512 5783 etc.

212 5793 446 5869 ,(15)_Qui
472 5799 534 5854 ad
559 5796 1001 5856 confirmandum
1037 5794 1158 5869 Filii
1188 5811 1253 5852 ac
1282 5797 1524 5869 Spiritus
1568 5813 1695 5852 san-

164 5863 223 5915 ιιι
250 5863 561 5926 divinitatem
611 5876 971 5942 argumento,
1006 5867 1152 5940 quod
1205 5869 1260 5923 in
1303 5863 1561 5941 prwscnti
1601 5886 1694 5924 ex»

1807 4673 1902 4730 Dei
1955 4691 2198 4745 nomen;
2249 4676 2497 4750 adeoque
2565 4694 2670 4734 nec
2725 4679 3007 4751 ignoratus
3069 4679 3160 4736 ille
3214 4680 3400 4736 fuerit.

1811 4764 1985 4820 Etiam
2019 4776 2148 4824 ante
2175 4767 2458 4825 fornacem
2505 4771 2656 4825 illam
2704 4771 2897 4826 Daniel
2950 4771 3160 4841 Spiritu
3207 4783 3408 4826 sancto

1809 4859 2052 4929 repletus
2084 4863 2418 4918 exclamavit.
2450 4883 2462 4919 :
2495 4863 2732 4919 Mundus
2783 4881 2876 4936 ego
2929 4881 3048 4919 sum
3079 4881 3112 4917 a
3146 4865 3413 4932 sanguine

1809 4952 1958 5008 illius
1980 4953 2020 5008 ³.
2060 4953 2128 5009 Et
2160 4955 2369 5011 reversi
2400 4965 2530 5012 sunt
2575 4956 2644 5010 ad
2682 4956 2954 5027 judicium
2985 4975 2998 5010 :
3029 4955 3411 5027 judicavitque

1811 5047 2083 5114 seniores,
2115 5048 2431 5121 impellente
2459 5049 2667 5120 Spiritu
2702 5059 2914 5107 sancto.
2941 5051 3178 5108 Proinde
3201 5048 3412 5107 Filium

1816 5306 1972 5378 ponit
2000 5306 2360 5380 Epiphanius,
2390 5308 2468 5363 uti
2507 5308 2672 5372 velit,
2707 5306 2754 5364 is
2792 5322 3022 5364 necesse
3056 5314 3178 5380 est,
3207 5323 3412 5380 quein-

1815 5378 2110 5433 adtnodu'm
2139 5382 2430 5435 manifeste
2473 5388 2643 5450 patet,
2678 5390 2736 5433 ιιι
2770 5381 3021 5434 admittat
3055 5378 3266 5434 Veteris
3299 5379 3415 5435 Te-

1813 5450 2074 5504 stamenti
2122 5451 2462 5519 patriarchas
2492 5460 2544 5505 ct
2579 5450 2897 5520 prophetas,
2959 5451 3107 5505 viros
3145 5450 3407 5505 doctrina

1809 5529 1864 5574 et
1905 5522 2106 5589 pietate
2140 5523 2193 5574 in
2225 5521 2392 5574 Deum
2441 5523 2739 5586 clariores,
2784 5537 2926 5591 quos
2958 5521 3100 5575 inter
3129 5529 3279 5576 certe
3320 5523 3402 5576 lo-

1811 5606 1936 5645 cum
1978 5591 2239 5664 habuere
2277 5591 2565 5664 Babylonii
2605 5591 3090 5664 pueri,_notitiam
3137 5591 3415 5647 habuisse

1809 5662 2176 5718 sanctissimae
2198 5660 2502 5717 Trinitatis.
2533 5660 2690 5729 Quod
2715 5663 2768 5714 ni
2801 5661 2987 5732 faciat,
3011 5676 3400 5732 argumentum

1807 5733 1965 5786 nihili
2002 5734 2314 5790 faciendum
2348 5749 2579 5804 prorsus
2624 5739 2750 5798 erit,
2801 5731 2878 5786 nil
2930 5733 2996 5786 ad
3033 5731 3412 5788 cv‘iucendutn

1805 5806 2031 5861 valeret.
