3950 6462
549 398 621 454 6‘5

1971 401 2028 452 δ.
2071 397 2408 452 Eptmnxu
3767 410 3830 464 σι

547 514 658 582 jam
694 520 805 566 tum
838 519 1126 578 noverant,
1165 527 1378 568 necnon
1411 521 1464 568 et
1516 512 1732 568 Patrem
1764 528 1830 567 ac
1865 512 2132 584 Spiritum

2255 516 2474 584 Ξιγνοίας
2507 517 2668 586 χάριν
2692 519 2794 571 οὐκ
2823 513 2978 573 εἷπον
3007 518 3078 573 τὰ
3098 519 3360 591 ὀνόματα,
3392 523 3516 577 ἀλλ’
3536 522 3833 592 ἀσφαλείας

551 615 828 660 sanctum.
911 605 1098 676 Neque
1156 622 1220 661 ex
1285 607 1616 676 ignorantia,
1668 607 1763 663 sed
1819 609 2137 663 securitatis

547 698 940 768 eautionisque
972 700 1144 768 gratia
1190 701 1515 752 nominatim
1556 699 1682 754 illos
1720 700 1999 768 appellare
2042 714 2141 754 no-

551 787 773 841 luerunt
803 809 815 843 :
847 789 1177 851 Benedirite,
1220 790 1512 860 inquiunt,
1573 791 1756 844 omnia
1808 806 1968 859 opera
2032 791 2142 845 Do-

553 880 702 944 mini,
755 880 1007 947 Domino,
1057 889 1111 935 et
1153 896 1263 934 non
1312 881 1549 937 dicunt:
1598 881 1855 947 Benedic,
1885 879 1987 936 Fili
2021 881 2137 947 Dei,

552 971 828 1039 Domino;
883 975 989 1037 vel,
1049 972 1304 1037 Benedic,
1337 984 1528 1028 sancte
1556 973 1819 1043 Spiritus.
1870 972 2138 1038 Domino;

552 1065 670 1130 sed,
724 1064 1045 1128 Benedicite,
1089 1067 1270 1117 omnia
1303 1082 1463 1133 opera
1499 1063 1737 1128 Domini,
1770 1063 2022 1118 Domino.
2062 1064 2142 1118 Ac

555 1173 622 1210 ne
643 1157 770 1226 quis
799 1157 939 1211 forte
982 1157 1340 1212 occasionum
1367 1166 1925 1228 :n'gumcntorumquc
1952 1163 2143 1226 captor

551 1249 778 1318 objiciat
812 1267 825 1304 :
861 1265 960 1303 nec
993 1249 1276 1302 cherubim
1310 1247 1532 1317 quidem
1575 1257 1670 1301 aut
1714 1249 1988 1318 seraphim
2019 1263 2144 1304 esse

555 1342 913 1406 nominatos;
959 1341 1101 1394 unde
1151 1354 1496 1409 consequens
1553 1339 1747 1404 videri,
1799 1348 1857 1392 ut
1903 1354 1972 1394 ne
2023 1339 2143 1407 ipsa

553 1433 776 1500 quidem
803 1447 969 1502 opera
1003 1431 1114 1485 sint
1150 1431 1281 1497 Dei;
1319 1432 1543 1485 divinus
1591 1430 1713 1486 ideo
1763 1446 1946 1485 sermo
1989 1438 2143 1483 tanto

550 1529 679 1574 ante
711 1522 1024 1574 cautionem
1060 1520 1343 1583 adhibere,
1375 1527 1430 1574 et
1460 1536 1527 1575 ex
1563 1521 1712 1574 omni
1747 1527 1903 1590 parte
1927 1519 2144 1574 munire

551 1613 816 1674 instituit,
867 1628 992 1666 cum
1025 1613 1353 1666 callidorum
1401 1613 1633 1667 istorum
1673 1627 1737 1666 ac
1767 1613 2143 1682 eaptiosorum

549 1714 662 1758 tam
715 1705 818 1760 sibi
870 1705 1028 1774 ipsis,
1071 1721 1236 1775 quam
1284 1721 1582 1774 puerorum
1615 1707 1838 1760 nomine
1866 1705 2144 1774 pernicio-

553 1811 672 1848 sam
741 1793 1077 1848 calumniam
1148 1795 1491 1870 prmvideret.
1571 1793 1702 1849 Nam
1773 1794 2142 1848 laudationem

2247 605 2430 659 ἕνεκα.
2459 608 2799 676 Εὐλογεῐτε,
2824 608 2954 679 γὰρ,
2973 610 3170 666 πάντα
3193 615 3266 667 τὰ
3294 614 3440 683 ἔργα
3461 616 3720 683 Κυρίου,
3736 616 3835 668 τὸν

2241 698 2463 765 Κύριον
2483 714 2495 727 ο
2525 701 2617 752 καὶ
2647 701 2747 753 οὐκ
2779 697 2934 756 εἷπον
2953 718 2968 734 ·
3002 703 3252 772 Εὑλόγει,
3285 706 3415 770 Υἱὸς
3435 705 3535 759 τοῦ
3565 706 3730 769 Θεοῦ,
3749 707 3835 759 τὸν

2242 788 2447 860 Κύριον
2469 804 2483 818 ο
2520 791 2652 858 οὐδ’,
2681 792 2907 862 Εύλόγει
2928 835 2943 861 ,
2973 794 3129 863 ἅγιον
3173 797 3398 868 Πνεῦμα
3418 839 3430 858 ,
3465 798 3568 852 τὸν
3595 797 3800 868 Κύριον
3819 815 3832 829 ·

2243 883 2378 942 ἀλλ’,
2411 883 2758 954 Εὐλογεῗτε,
2794 885 2995 942 πάντα
3023 889 3096 941 τὰ
3122 887 3270 957 ἔργα
3306 890 3555 956 Κιιρίου,
3592 889 3704 942 τὸν
3733 891 3837 942 Κύ-

2235 987 2391 1037 ριον.
2419 972 2530 1022 Καὶ
2559 973 2633 1042 μή
2661 990 2746 1037 τις
2779 974 2890 1028 τῶν
2911 979 3217 1047 προφάσεις
3249 981 3464 1042 ἑαυτοῖς
3497 978 3840 1050 θηρωμένων

2243 1061 2395 1133 εἴπῃ,
2454 1065 2537 1119 δτι
2589 1063 2702 1116 Οὐκ
2744 1059 2898 1117 εἷπον
2952 1068 3222 1137 χερουόὶμ
3265 1069 3298 1138 ἢ
3334 1069 3623 1139 σεραφὶμ,
3661 1067 3840 1121 λοιπὸν

2242 1152 2364 1204 οὐδὲ
2409 1151 2584 1206 ταῦτά
2625 1156 2776 1207 ἐστιν
2822 1155 2962 1226 ἔργα
3005 1157 3100 1210 τοῦ
3143 1157 3303 1212 Θεοῦ.
3349 1158 3639 1228 Προέλαόε
3678 1159 3787 1230 γὰρ
3813 1162 3840 1212 ό

2245 1244 2385 1307 Gaio;
2413 1244 2568 1313 λόγος
2607 1246 3008 1315 ἀσφαλίσασθαι
3051 1249 3160 1302 τῶν
3206 1249 3309 1312 τὰς
3343 1251 3600 1320 μηχανὰς
3634 1253 3841 1314 ἑαυτοῖς

2245 1337 2622 1402 ἐπινοούντων,
2668 1339 3060 1409 προγινώσκων
3093 1341 3193 1410 τὴν
3232 1343 3313 1404 εἰς
3340 1340 3541 1404 αὐτοὺς
3593 1341 3694 1394 καὶ
3725 1342 3840 1404 τοὺς

2246 1432 2440 1496 παῖδας
2464 1431 2666 1503 λύμην.
2692 1431 2946 1503 Τρισσῶς
2974 1433 3082 1505 γὰρ
3105 1433 3198 1486 τὸν
3231 1432 3403 1502 ῦμνον
3441 1432 3840 1485 ὲδιπλασίασαν

2244 1523 2293 1574 οἱ
2323 1521 2470 1590 ἀγιοι
2511 1521 2728 1586 παῖδες,
2761 1524 2810 1576 οἱ
2840 1523 2996 1576 αὐτοὶ
3037 1523 3108 1576 τὰ
3141 1522 3338 1576 κτιστά
3370 1524 3466 1577 καὶ
3512 1523 3729 1593 ποιητά
3770 1525 3841 1586 εἰς

2247 1611 2416 1681 ῦμνον
2444 1611 2581 1665 Θεοῦ
2617 1613 3076 1684 προϐαλλόμενοι,
3126 1615 3222 1668 nul.
3265 1614 3485 1686 πρῶτον
3529 1616 3838 1684 φήσαντες·

2245 1706 2592 1772 Εὐλογητὸς
2627 1702 2714 1771 εἷ,
2745 1707 2924 1770 Κύριε
2955 1710 2989 1760 ό
3019 1707 3164 1770 Θεὸς
3193 1704 3314 1759 τῶν
3343 1707 3625 1775 πατέρων
3656 1705 3840 1775 ἡμῶν,

2247 1797 2345 1850 καὶ
2375 1798 2616 1851 αὶνετὸν
2663 1798 2764 1851 καὶ
2795 1797 3248 1867 δεδοξασμένον
3275 1799 3343 1851 τὸ
3375 1798 3569 1868 ὄνομά
3602 1815 3726 1852 σου
3763 1801 3842 1861 εἰς

554 1905 711 1943 suam
770 1887 1037 1942 trifariam
1086 1887 1260 1942 sancti
1316 1887 1393 1941 illi
1437 1887 1592 1957 pueri
1633 1887 2006 1958 geminarent,
2049 1888 2141 1958 qui

2255 1887 2387 1953 τοὺς
2415 1886 2663 1953 αἰῶνας·
2695 1883 2817 1942 εἶτα
2861 1889 2980 1958 μεθ’
3025 1889 3189 1959 ἕτερα
3209 1907 3220 1920 ·
3252 1889 3692 1958 Εὐλογημένος
3730 1885 3791 1942 εἴ
3812 1892 3840 1942 ὁ

553 1990 741 2032 creata
793 1978 1045 2048 factaque
1095 1979 1280 2033 omnia
1344 1979 1410 2032 ad
1463 1978 1559 2034 Dei
1610 1980 2050 2050 prwdicationem
2087 1980 2142 2034 in

554 2074 792 2127 medium
843 2074 1142 2127 attulerunt
1185 2091 1197 2126 :
1235 2087 1299 2125 ac
1357 2073 1594 2142 primum
1646 2070 2014 2126 :Benedictus
2063 2087 2140 2135 es,

555 2164 847 2232 inquiunt,
899 2163 1126 2217 Domine
1157 2163 1299 2216 Deus
1341 2173 1556 2230 patrum
1589 2174 1918 2224 nostrorum,
1946 2173 1994 2217 et
2020 2163 2144 2216 lau-

551 2255 731 2308 dabile
769 2272 832 2308 ac
874 2255 1167 2325 gloriosum
1194 2270 1379 2307 nomen
1412 2264 1560 2306 tuum
1601 2255 1655 2307 in
1695 2255 1893 2308 sa’cula
1921 2255 1959 2309 ¹.
2003 2252 2141 2307 Tum

551 2347 882 2418 quibusdam
945 2347 1250 2416 interjeetis
1299 2365 1310 2399 :
1357 2345 1670 2401 Benedictus
1733 2364 1809 2411 es,
1862 2348 1951 2416 qui
1989 2347 2135 2401 sedes

551 2454 709 2507 super
735 2438 1026 2494 cherubim.
1062 2437 1270 2493 Deinde
1303 2459 1315 2493 :
1345 2438 1662 2492 Benedictus
1699 2455 1777 2499 es.
1800 2440 1890 2507 qui
1908 2438 2055 2492 sedes
2091 2437 2144 2490 in

551 2533 744 2585 throno
787 2531 974 2601 gloriae
1010 2532 1154 2600 regni
1197 2531 1304 2594 tui;
1332 2540 1386 2583 et
1422 2549 1434 2584 :
1475 2531 1786 2583 Benedictus
1821 2547 1897 2594 es,
1941 2531 2032 2599 qui
2067 2531 2150 2583 in-

557 2623 721 2676 tueris
783 2622 1028 2693 abyssos,
1088 2621 1235 2676 sedes
1291 2638 1451 2690 super
1513 2622 1785 2675 cherubim
1844 2637 1862 2674 :
1909 2633 1967 2676 ut
2023 2638 2148 2676 cum

557 2714 808 2767 thronum
840 2715 1003 2779 dixit,
1048 2714 1328 2784 seraphim
1368 2713 1708 2784 intelligeres
1735 2722 1789 2768 et
1817 2713 2106 2768 cherubim
2133 2731 2146 2766 :

556 2821 624 2860 ac
672 2815 780 2859 tam
816 2823 881 2862 ex
914 2807 1339 2861 cherubinorum
1370 2845 1384 2868 ,
1426 2821 1588 2875 quam
1619 2822 1683 2860 ex
1714 2806 2059 2876 abyssorum,
2095 2811 2151 2858 et

560 2901 874 2955 consecrati
918 2900 1125 2964 throni,
1166 2915 1231 2954 ac
1270 2907 1594 2953 ceterorum
1629 2901 1874 2952 omnium
1908 2896 2148 2953 nomini-

560 2991 685 3056 bus,
717 3000 771 3047 et
803 3007 869 3046 ex
898 3007 1092 3046 eorum
1132 3007 1255 3061 qua:
1302 2992 1695 3053 nominantur,
1744 2990 1991 3044 omnium
2045 3006 2150 3044 nu-

560 3102 711 3141 mero
759 3101 1088 3158 cognoscas.
1121 3090 1267 3140 inter
1301 3100 1466 3156 opera
1510 3086 1845 3141 recensenda
1881 3085 1972 3138 illa
2002 3099 2143 3148 esse,

2252 1980 2589 2049 καθήμενος
2611 1981 2712 2034 ἐπὶ
2733 1981 2852 2035 τῶν
2882 1981 3166 2050 χερουϐίμ
3185 1999 3199 2014 ·
3226 1983 3321 2035 καὶ
3346 1982 3508 2035 πάλιν
3524 1997 3538 2011 ·
3575 1984 3841 2049 Εὐλοτηο

2245 2071 2430 2141 μένος
2459 2068 2518 2126 εἴ
2538 2075 2571 2126 ό
2593 2071 2935 2140 καθήμενος
2959 2071 3058 2125 ἐπὶ
3079 2073 3298 2140 θρόνου
3323 2071 3511 2139 δόξης
3532 2070 3652 2140 τῆς
3671 2072 3840 2135 βασι-

2247 2165 2416 2230 λείας
2444 2179 2562 2218 σου
2587 2179 2598 2192 ·
2637 2163 2754 2225 καὶ,
2784 2165 3212 2232 Εὐλογημένος
3238 2159 3295 2216 εἷ
3320 2167 3354 2218 ό
3378 2163 3643 2227 ,βλέπων
3665 2163 3839 2216 ἀϐύσ-

2248 2273 2420 2321 σους,
2451 2255 2785 2324 καθήμενος
2813 2256 2910 2309 ἐπὶ
2941 2257 3252 2324 χερουὸίμ·
3282 2255 3369 2308 ἴνα
3403 2255 3514 2308 ἀπὸ
3543 2253 3645 2307 τοῦ
3679 2255 3840 2307 εἰπεῖν

2247 2347 2338 2399 τὸν
2371 2346 2582 2418 θρόνον,
2630 2347 2833 2418 νοήσῃς
2868 2348 3113 2417 σεραφὶμ
3159 2347 3254 2399 καὶ
3283 2346 3582 2417 χερου6ιμ·
3614 2345 3709 2398 καὶ
3739 2343 3840 2396 ἀπὸ

2243 2437 2340 2491 τοῦ
2368 2439 2630 2508 ὀνόματος
2664 2437 2774 2490 τῶν
2805 2438 3103 2507 χερουὸἱμ,
3136 2438 3232 2492 καὶ
3258 2437 3536 2503 ἀϐύσσων,
3583 2437 3683 2490 καὶ
3726 2434 3839 2505 Βρό-

2249 2547 2342 2583 νου
2369 2530 2730 2601 ἡγιασμένον,
2761 2531 2855 2582 καὶ
2893 2529 3099 2583 λοιπῶν
3129 2529 3349 2584 πάντων
3375 2530 3690 2600 ὀνομάτων,
3726 2526 3838 2595 νοή-

2251 2638 2350 2696 σῃς
2375 2621 2484 2674 ἀπὸ
2510 2621 2605 2674 τοῦ
2644 2619 2881 2692 ἀριθμοῦ
2911 2619 3130 2674 πάντων
3155 2620 3266 2673 τῶν
3298 2620 3729 2690 ὠνομασμένων,
3767 2617 3837 2669 ὅτι

2250 2715 2314 2765 ὲκ
2344 2713 2453 2766 τῶν
2487 2712 2666 2784 ἔργων
2699 2712 2806 2764 εἰσὶ
2834 2715 2946 2774 τοῖς
2973 2711 3156 2774 ἀλλοις
3183 2711 3695 2782 συναριθμούμενα.
3727 2709 3834 2762 Κα-

2253 2805 2511 2868 λέσαντες
2560 2803 2669 2875 γὰρ
2717 2807 2795 2868 εἰς
2842 2803 3012 2874 ὕμνον
3047 2802 3220 2857 ταῦτα
3266 2803 3450 2858 πάντα
3514 2803 3682 2865 εὐθὺς
3731 2802 3837 2852 ἐπι-

2254 2899 2481 2970 φέρουσι
2506 2897 2760 2967 λέγοντες
2783 2913 2797 2927 ·
2847 2896 3201 2966 Εὐλογεῖτε,
3236 2895 3434 2952 πάντα
3460 2897 3535 2950 τὰ
3561 2895 3710 2964 ἔργα
3739 2896 3836 2948 Κυ-

2247 2992 2406 3061 ρίου,
2427 2990 2534 3044 τόν
2551 2991 2776 3058 Κύριον
2797 3005 2811 3020 ο
2833 2990 2920 3045 ἵνα
2940 2989 3183 3062 Γαϐριὴλ
3209 2990 3306 3044 καὶ
3332 2989 3554 3061 Μιχαὴλ
3580 2987 3836 3056 εὐλογήσῃ

2257 3084 2480 3156 Πατέρα
2502 3083 2598 3137 καὶ
2622 3083 2751 3136 Υἱὸν
2786 3083 2881 3138 καὶ
2915 3082 3072 3151 ἅγιον
3103 3081 3348 3153 Πνεῦμα.

556 3188 610 3231 et
673 3177 948 3232 numerari
1005 3192 1130 3231 cum
1202 3175 1327 3230 aliis
1382 3184 1657 3247 oportere.
1716 3173 1854 3230 Nam
1902 3189 2028 3230 cum
2083 3174 2150 3230 ad
2192 3174 2362 3230 Deum
2387 3172 2796 3246 praedicandum
2817 3174 3007 3229 omnia
3052 3173 3147 3227 illa
3176 3182 3598 3244 provocassem,
3666 3167 3836 3226 statim

559 3269 662 3323 ista
699 3271 1002 3342 subjiciunt
1029 3289 1043 3328 :
1067 3273 1392 3342 Benedicite,
1458 3278 1639 3330 omnia
1683 3291 1845 3345 opera
1873 3341 1877 3348 Ι
1907 3274 2148 3339 Domini,
2181 3273 2451 3338 Domino;
2506 3272 2770 3326 nimirum
2819 3277 2882 3326 ut
2912 3269 3135 3327 Gabriel
3173 3278 3228 3324 et
3271 3267 3502 3325 Michael
3541 3267 3756 3322 Patrem
3792 3270 3832 3316 et

557 3365 756 3420 Filium
794 3369 1111 3424 collaudent
1145 3386 1210 3425 ac
1242 3370 1510 3442 Spiritum
1549 3381 1829 3427 sanctum.
2732 3413 2736 3416 -

631 3457 822 3515 XXVI.
863 3460 1032 3515 Porro
1076 3465 1418 3519 venerabiles
1471 3467 1649 3536 angeli
1711 3465 2044 3536 triumphale
2095 3465 2149 3518 in

2326 3461 2470 3526 KG'.
2505 3458 2704 3530 Σεμνοὶ
2753 3457 2809 3512 δὲ
2858 3455 3081 3526 ἄγγελοι
3131 3456 3190 3510 ὲν
3220 3454 3434 3527 οὐρανῷ
3465 3456 3559 3509 τὸν
3591 3453 3835 3509 ἐπινίκιον

562 3551 702 3604 cmlo
727 3566 944 3607 carmen
963 3555 1284 3620 ronciuunt,
1315 3571 1423 3611 una
1459 3573 1584 3610 cum
1622 3559 1930 3628 seraphinis
1948 3567 2002 3614 et
2023 3558 2153 3613 che-

2263 3552 2428 3623 ὕμνον
2454 3551 2662 3623 ᾅδουσι,
2693 3552 2790 3605 σὺν
2829 3549 3074 3621 σεραφὶμ
3097 3549 3193 3603 καὶ
3222 3548 3490 3619 χεῳυὸἱμ
3513 3547 3616 3619 τὴν
3649 3544 3836 3617 Τριάδα

564 3641 777 3696 rubinis
813 3641 915 3711 31
952 3644 1253 3699 trinitatem
1277 3646 1464 3701 eadem
1499 3647 1690 3718 gloria,
1715 3648 1904 3703 eodem
1940 3649 2155 3715 ordine,

563 3732 864 3804 eademque
895 3735 1204 3790 substantia
1236 3738 1597 3807 praedicantes
1661 3755 1726 3794 ac
1760 3740 2156 3807 vociferantes,

566 3823 824 3891 Sanctus,
860 3838 1109 3896 sanctus,
1153 3840 1372 3884 sanctus
1409 3833 1452 3884 ².
1489 3833 1564 3887 Ac
1596 3841 1709 3888 tres
1744 3833 1965 3902 quidem
1996 3853 2159 3891 voces

567 3915 873 3988 proferunt,
912 3919 1006 3974 sed
1056 3935 1150 3976 eas
1217 3921 1592 3990 singulariter,
1634 3938 1742 3978 non
1785 3925 2162 3994 multipliciter

567 4009 900 4078 exprimunt.
950 4009 1137 4082 Neque
1182 4020 1402 4082 quarto,
1434 4012 1664 4067 Sanctus
1696 4014 2058 4080 addiderunt,
2094 4032 2162 4070 ne

570 4102 636 4155 ad
679 4101 966 4159 Trinitatis
1019 4105 1440 4175 appellationem
1491 4107 1699 4177 aliquid
1747 4107 2157 4178 adiungerent:

567 4209 747 4264 neque
779 4196 862 4251 bis
897 4188 1130 4262 tantum,
1161 4197 1390 4253 Sanctus
1417 4201 1626 4266 dicunt,
1661 4217 1731 4255 ne
1763 4201 2020 4271 perfectae
2047 4202 2163 4272 glo-

571 4288 668 4342 riae
713 4288 992 4360 quidpiam
1041 4290 1278 4346 deesset.
1313 4290 1421 4348 Sed
1469 4307 1589 4347 eam
1639 4308 1826 4348 vocem
1870 4300 1954 4348 ter
1996 4310 2164 4350 usur-

571 4388 728 4449 pant,
764 4388 824 4435 ut
863 4379 1100 4446 Patrem,
1153 4379 1347 4436 Filium
1385 4389 1438 4436 et
1477 4381 1742 4450 Spiritum
1778 4395 2030 4439 sanctum
2065 4400 2162 4440 eo-

573 4471 698 4525 dem
747 4471 956 4526 houore
998 4479 1412 4526 consecrarent.
1442 4471 1562 4526 Non
1599 4473 1814 4538 dicunt,
1847 4473 2076 4531 Sanctus
2110 4484 2166 4531 et

576 4559 949 4623 semisanctus,
973 4575 1167 4639 verum
1199 4561 1483 4630 aequaliter
1512 4562 1714 4632 ubique
1734 4603 1748 4627 ,
1782 4562 2013 4622 Sanctus
2043 4583 2167 4637 pro-

585 4649 791 4714 ferunt,
835 4655 893 4702 ut
928 4665 1036 4703 una
1070 4665 1231 4718 voce,
1273 4667 1492 4722 unoque
1533 4668 1807 4719 sermone,
1857 4665 2023 4728 atque
2056 4675 2163 4714 una

578 4739 915 4811 perfectione
943 4749 997 4795 et
1031 4739 1352 4797 Trinitatem
1379 4744 1434 4797 in
1466 4744 1674 4802 unitate
1727 4753 1780 4800 et
1813 4748 2074 4804 unitatem
2107 4749 2161 4803 in

2259 3643 2529 3715 ὁμοδόξως
2545 3644 2982 3716 καιόμοστοίχως
3000 3643 3094 3696 καὶ
3115 3644 3278 3712 όμοου
3286 3641 3416 3703 σίως
3424 3637 3741 3704 δοξάζοντες
3756 3636 3835 3688 καὶ

2259 3737 2510 3806 λέγοντες
2555 3737 2616 3789 τὸ
2635 3776 2650 3800 ,
2700 3735 2894 3804 Ἄγιος
2918 3773 2932 3795 .
2959 3735 3154 3803 ’Ἄγιος
3175 3775 3188 3796 ,
3218 3733 3414 3801 ’Ἄγιος
3434 3771 3448 3796 ,
3487 3733 3641 3800 τρεῖς
3673 3727 3835 3797 φωνὰς

2261 3826 2674 3889 ἀποτελοῦντες,
2706 3826 2764 3880 ὲν
2799 3824 3013 3894 ὲνὸτητι
3059 3823 3117 3876 δὲ
3163 3822 3434 3892 λέγοντες,
3468 3821 3564 3874 καὶ
3602 3820 3665 3873 οὐ
3698 3815 3838 3870 πολυ-

2257 3917 2513 3988 ωνύμως.
2556 3918 2632 3970 Οὐ
2661 3917 2770 3988 γὰρ
2803 3917 3056 3984 λέγουσιν
3097 3915 3292 3984 ’Ἄγιος
3320 3915 3614 3984 τέταρτον,
3657 3912 3742 3965 ἶνα
3772 3907 3836 3978 μὴ

2263 4009 2540 4080 προσοῶσι
2574 4010 2639 4078 τῇ
2673 4008 2774 4078 τῆς
2823 4005 3054 4077 Τριάδος
3093 4003 3396 4075 ὀνομασία·
3424 4003 3486 4056 οὐ
3517 4002 3733 4072 λέγουσι
3767 3997 3835 4056 δὶς

2259 4101 2322 4153 τὸ
2347 4101 2562 4169 Ἄγιος,
2606 4099 2692 4152 ἵνα
2729 4098 2804 4170 μὴ
2833 4097 3058 4168 ἐλλιπὴς
3102 4098 3188 4167 εῐη
3222 4097 3256 4166 ἡ
3297 4093 3426 4158 δόξα
3450 4095 3550 4165 τῆς
3592 4089 3832 4156 τελειότη-

2260 4211 2384 4257 τος’
2435 4193 2575 4247 ἀλλά
2617 4193 2766 4263 τρὶς,
2817 4192 2906 4245 ἵνα
2957 4190 3183 4260 Πατέρα
3235 4188 3330 4241 καὶ
3383 4186 3512 4239 Υἱὸν
3555 4187 3654 4240 καὶ
3702 4184 3835 4250 ἅγιον

2264 4285 2490 4357 Πνεῦμα
2519 4288 2579 4338 ὲν
2605 4288 2670 4356 τῇ
2695 4286 2833 4356 αὐτῇ
2862 4287 2996 4355 τιμῇ
3029 4284 3323 4351 ἀγιάσωσι.
3358 4283 3468 4335 Καὶ
3495 4282 3554 4335 οὐ
3581 4281 3832 4348 λέγουσιν·

2272 4375 2464 4446 Ἄγιος
2516 4376 2611 4430 καὶ
2652 4375 2960 4448 ἡμιάγιος,
3009 4376 3122 4429 ἀλλ’
3151 4374 3282 4439 ἴσως
3311 4373 3531 4442 λέγουσι
3557 4373 3642 4436 τὸ,
3663 4373 3836 4438 Ἄγιος

2267 4469 2365 4538 μιᾷ
2389 4469 2562 4538 φωνῇ,
2594 4466 2689 4520 καὶ
2716 4467 2797 4519 ἐνὶ
2833 4467 3002 4536 λόγῳ,
3038 4465 3132 4520 xul.
3163 4466 3262 4537 μιᾷ
3293 4465 3619 4536 τελειότητι,
3640 4457 3829 4532 Τριάδα

2262 4561 2578 4628 δοξάζοντες
2611 4559 2745 4632 ὁμοῦ
2777 4561 2834 4615 ὲν
2864 4559 3080 4628 ὲνότητι
3099 4600 3114 4625 ,
3162 4558 3257 4612 καὶ
3293 4557 3523 4629 ἑνότητα
3551 4559 3613 4611 ὲν
3641 4549 3831 4626 Τριάδι.

2264 4653 2478 4725 Ταύτην
2507 4651 2614 4723 γὰρ
2648 4652 2748 4723 τὴν
2781 4649 2984 4719 γνῶσιν
3013 4645 3178 4720 ἦλθεν
3214 4651 3244 4702 ό
3267 4647 3576 4718 Μονογενὴς
3599 4646 3693 4702 τοῦ
3714 4636 3833 4696 Θεοῦ

2266 4749 2414 4818 ἡμᾶς
2450 4746 2690 4812 διδάξαιο
2725 4745 2933 4816 ταύτην
2963 4743 3062 4814 τὴν
3105 4743 3324 4798 σύνεσιν
3354 4745 3487 4814 ἡμῖν
3534 4737 3761 4813 ἐκήρυξε
3785 4730 3835 4783 τὸ

577 4833 846 4892 Trinitate
888 4838 1183 4892 celebrent.
1219 4836 1502 4907 Ejusmodi
1548 4838 1751 4909 quippe
1787 4841 2072 4896 scientiam
2106 4852 2153 4896 ul

2269 4842 2421 4909 ἆγιον
2469 4837 2729 4908 Πνεῦμα·
2779 4837 2984 4907 ταύτην
3013 4836 3114 4908 τὴν
3140 4836 3459 4904 τελειότητα
3503 4826 3834 4894 ἀπεκάλυψεν

577 4943 680 4982 nos
713 4929 928 4985 doceret
956 4929 1152 4983 unicus
1186 4927 1277 4983 Dei
1309 4927 1482 4984 Filius
1504 4930 1760 4985 accessit.
1806 4930 1960 4987 lianc
1988 4933 2162 5003 ipsam

578 5021 739 5075 nobis
804 5021 1130 5092 sapientiam
1202 5031 1428 5078 sanctus
1511 5022 1756 5093 Spiritus
1826 5025 2162 5095 praedicavit.

581 5113 736 5169 llanc
802 5114 1188 5184 perfectionem
1244 5117 1501 5186 patefecit
1543 5116 1725 5174 Pater.
1779 5117 1933 5174 lianc
1987 5120 2164 5189 ipsam

579 5205 746 5258 vitam
779 5203 1124 5258 incarnatum
1151 5203 1390 5260 Verbum
1417 5221 1606 5260 revera
1640 5208 1892 5279 largitum
1921 5219 2035 5274 est;
2062 5210 2165 5264 hoc

582 5296 873 5351 aedificium
913 5293 1153 5364 Spiritus
1185 5305 1413 5354 sanctus
1439 5300 1598 5355 nobis
1621 5301 1929 5354 exstruxit:
1961 5299 2022 5354 Si
2044 5301 2162 5369 quis

578 5391 721 5444 enim
763 5405 921 5459 super
953 5389 1050 5443 hoc
1095 5389 1502 5459 fundamentum
1551 5393 1911 5446 construxerit
1948 5409 2162 5459 aurum,

583 5492 882 5553 argentum,
914 5482 1115 5554 lapides
1137 5484 1416 5552 pretiosos,
1453 5484 1618 5553 ligna,
1650 5486 1848 5554 fenum,
1890 5485 2163 5552 stipulam,

588 5577 664 5628 ait
705 5576 1003 5644 Apostolus
1027 5578 1069 5633 ³.
1097 5572 1527 5629 Fundamentum
1567 5577 1710 5632 enim
1753 5572 1962 5628 nullum
2013 5567 2161 5625 aliud

579 5674 688 5721 est.
729 5667 1010 5736 Siquidem
1039 5666 1440 5738 fundamentum
1469 5667 1616 5719 aliud
1653 5683 1802 5720 nemo
1831 5683 2020 5736 ponere
2051 5676 2168 5736 pot-

2267 4935 2399 5004 ήμῖν
2429 4935 2457 4986 ό
2485 4932 2705 5002 Πατήρ·
2750 4930 2808 4982 ὲν
2840 4929 3070 5000 ἀληθείᾳ
3112 4927 3320 4996 ταύτην
3359 4927 3462 4996 τὴν
3496 4927 3643 4994 ζωὴν
3678 4911 3836 4991 Exi?“

2267 5043 2401 5080 σατο
2440 5027 2572 5096 ἡμῖν
2608 5023 2916 5095 σαρκωθεὶς
2955 5024 2985 5075 ὁ
3030 5022 3240 5089 Λόγοςο
3277 5018 3485 5089 ταύτην
3518 5017 3617 5088 τὴν
3651 5009 3834 5070 οἰκοδοο

2271 5117 2375 5188 μὴν
2403 5115 2752 5188 ᾠκοδόμησεν
2783 5117 2917 5186 ἡμῖν
2950 5113 3012 5166 τὸ
3056 5113 3211 5180 ἆγιον
3237 5109 3486 5180 Πνεῦμα.
3519 5109 3593 5162 El
3631 5124 3715 5170 τις
3741 5098 3834 5170 γίίρ

2264 5205 2646 5276 ἐποικοδομεῖ
2681 5205 2781 5259 ἐπὶ
2831 5205 2940 5260 τὸν
2992 5203 3269 5274 θεμέλιον
3309 5202 3528 5257 τοῦτον
3575 5193 3831 5268 χρυσίον,

2269 5299 2554 5369 ἄργυρον,
2584 5298 2798 5363 λίθους
2818 5297 3073 5366 τιμίους,
3096 5295 3273 5361 ξύλα,
3301 5295 3541 5364 χόρτον,
3557 5287 3831 5357 καλάμην·

2272 5391 2346 5443 Οὐ
2381 5390 2490 5462 γάρ
2526 5393 2673 5444 ἐστιν
2700 5389 2861 5452 ἄλλος
2896 5389 3167 5460 Θεμέλιος.
3203 5386 3493 5456 Θεμέλιον
3519 5382 3628 5452 γὰρ
3665 5377 3833 5434 ἄλλον

2273 5483 2472 5550 οὐδεὶς
2491 5482 2741 5538 δύναται
2762 5483 2951 5538 θεῖναι
2969 5483 3132 5551 παρὰ
3155 5481 3260 5535 τόν
3285 5481 3585 5548 κείμενον,
3605 5476 3672 5542 ὅς
3688 5473 3835 5525 ἐστιν

2287 5576 2514 5645 Ἰησοῦς
2541 5575 2816 5645 λζοιστὸς,
2861 5579 2892 5630 ό
2932 5574 3065 5641 Υἱὸς
3097 5574 3204 5628 τοῦ
3245 5571 3423 5635 Θεοῦ,
3455 5565 3528 5626 οὗ
3560 5571 3739 5638 ἐσμεν
3767 5556 3835 5610 οῖ·

2279 5668 2504 5739 κοδομὴ
2529 5711 2543 5735 ,
2572 5669 2668 5722 καὶ
2707 5664 2778 5725 οὗ
2825 5669 3016 5738 ἐσμεν
3040 5665 3344 5736 γεώργιον,
3375 5655 3833 5730 οὶκοδομηθένιες

666 5829 684 5860 ³
727 5825 862 5882 Dan.
893 5844 974 5896 ur,
1013 5831 1080 5885 52
1110 5847 1234 5901 sqq.
1297 5831 1316 5862 ¹
1371 5826 1473 5881 lsa.
1511 5845 1585 5896 Vi,
1625 5830 1677 5884 5.
1758 5828 1778 5859 ³
1817 5823 1991 5880 lCor.
2035 5830 2116 5890 "nr,
2163 5825 2248 5880 12.
