3950 6442
221 369 281 427 65
1584 339 2033 401 ANCORATUS.
3421 341 3497 400 ea

213 462 299 518 ut
324 461 428 517 τὸν
470 456 760 533 θεμέλιον
787 461 1116 532 προφητῶν
1154 477 1218 516 τε
1246 461 1344 516 καὶ
1395 462 1796 517 ἀποστόλων·

1911 475 1980 520 est
2007 474 2204 535 prater
2228 465 2284 521 id
2304 464 2446 537 quod
2466 465 2699 534 positum
2730 473 2844 533 est,
2870 463 3013 537 quod
3044 473 3121 520 est
3160 460 3318 520 Iesus
3340 462 3501 523 Chri-

216 555 296 610 τοῦ
325 553 521 608 εἰδέναι
563 553 665 627 τὴν
712 555 872 626 ἡμῶν
904 554 1193 626 οἰκοδομὴν
1222 593 1239 620 ,
1279 553 1508 624 στερεὰν
1538 550 1705 609 οὖσαν
1739 557 1799 608 ὲν

215 645 466 716 ἀληθείᾳ,
504 648 606 700 καὶ
646 646 742 699 τὸν
774 647 935 719 ἡμῶν
964 646 1216 718 θεμέλιον
1249 647 1338 701 ἀεὶ
1379 647 1532 712 ὄντα,
1586 650 1682 703 καὶ
1722 649 1798 721 μὴ

215 737 505 808 ἀρξάμενον
556 736 653 791 τοῦ
703 731 865 792 εἶναι.
911 738 1053 791 Ἀλλ’
1082 739 1183 793 οὐκ
1214 739 1274 792 ὲν
1306 739 1472 792 πᾶσιν
1518 740 1553 811 ἡ
1598 739 1799 808 γνῶσις

210 830 340 885 κατὰ
372 830 469 884 τὸν
500 829 865 883 ἀποστολικδν
889 830 1069 899 λόγον,
1112 830 1227 884 ἀλλ’
1274 832 1333 884 ὲν
1374 833 1489 895 τοῖς
1532 830 1802 897 καταξιω-

205 922 339 977 θεῖσι
365 922 651 992 Πνεύματι
686 921 831 994 ἁγίῳ
876 922 948 975 τὰ
992 923 1094 993 τῆς
1135 921 1396 993 ἀληθείας
1442 921 1644 976 εἰδέναι
1700 938 1802 993 μυ-

205 1016 421 1086 στήρια.
458 1015 657 1077 Αὑτοῖς
679 1016 697 1046 ⁸
753 1014 864 1086 γὰρ
895 1015 924 1066 ὁ
961 1013 1322 1084 ἀποκαλύψας
1351 1013 1546 1069 ἑαυτὸν
1581 1014 1677 1068 καὶ
1710 1012 1801 1069 τὸν

203 1103 391 1159 ἑαυτοῦ
414 1105 650 1175 Πατέρα
677 1105 771 1157 καὶ
802 1104 864 1157 τὸ
894 1104 1049 1174 ἅγιον
1074 1104 1322 1177 Πνεῦμα,
1350 1105 1803 1178 ἐπιμεμφόμενός

172 1217 350 1263 τινας
397 1197 507 1252 τῶν
565 1199 623 1252 ὲν
674 1197 922 1268 ἀγνωσία
972 1197 1192 1266 ἔλεγεν⁹
1247 1200 1370 1253 Οὐκ
1441 1198 1645 1253 οἴδατε
1693 1202 1801 1268 τὰς

207 1293 470 1362 Γραφὰς,
511 1291 636 1345 οὐδὲ
675 1291 774 1364 τὴν
802 1290 1032 1361 δύναμιν
1057 1289 1239 1344 αὐτῶν
1259 1307 1274 1322 σ
1314 1290 1410 1346 καὶ
1443 1290 1606 1345 πάλιν
1638 1291 1804 1345 ἀλλα-

202 1386 320 1458 χόθι
340 1404 353 1416 ·
396 1388 452 1439 Ὁ
480 1388 644 1456 ἔχων
683 1381 803 1439 ὦτα
835 1384 1099 1449 ἀκούειν,
1127 1384 1395 1439 ἀκουέτω
1416 1399 1432 1416 ’
1469 1383 1565 1438 καὶ
1604 1384 1765 1439 πάλιν
1785 1401 1799 1417 ·

202 1480 273 1532 Εἰ
310 1476 483 1547 ᾔδεις
527 1478 623 1543 τίς
654 1476 828 1530 ἐστιν
855 1477 888 1529 d
918 1473 1110 1543 ζητῶν
1140 1475 1301 1545 παρὰ
1337 1474 1455 1529 σοῦ
1496 1475 1686 1540 πιεῖν,
1720 1475 1803 1530 σὺ

204 1569 279 1624 ἄν
308 1570 571 1638 ᾔτησας,
603 1570 669 1639 τῇ
704 1565 1060 1637 Σαμαρείτιδι
1093 1565 1276 1636 ἐλεγε-
1307 1566 1403 1620 καὶ
1435 1566 1600 1620 πάλιν
1620 1583 1634 1596 ·
1676 1569 1801 1621 Οὐκ

202 1658 402 1714 amate
443 1659 577 1712 οἵου
610 1656 954 1727 πνεύματός
992 1656 1155 1711 ἐστε.
1197 1656 1341 1731 ’Ᾱρα
1381 1651 1477 1710 οὖν
1522 1657 1555 1728 ἡ
1602 1656 1805 1726 γνῶσις

200 1750 301 1804 οὒκ
331 1752 395 1805 ὲν
425 1751 563 1804 πᾶσι
582 1767 597 1781 ’
636 1750 958 1821 χαρίσματα
991 1748 1098 1821 γὰρ
1121 1746 1239 1820 ἔχει
1279 1749 1344 1802 ὲκ
1375 1746 1514 1801 Θεοῦ
1545 1747 1802 1820 διάφορα,

1903 565 2018 612 stus
2049 555 2225 612 Filius
2248 557 2346 613 Dei
2373 560 2397 590 ’
2432 577 2445 613 :
2479 557 2631 626 cujus
2654 558 2942 624 testiﬁcatio
2973 573 3155 610 sumus
3180 566 3231 611 et
3264 568 3500 626 agricul-

1906 659 2027 703 tura
2047 691 2063 716 ,
2094 649 2353 719 adiﬁcati
2383 646 2547 722 supra
2595 651 3003 721 fundamentum
3048 648 3421 717 prophetarum
3448 655 3500 702 et

1905 742 2277 810 apostolorum
2312 741 2334 774 ³
2367 760 2381 797 :
2427 751 2485 795 ut
2519 750 2855 797 structuram
2888 748 3137 795 nostram
3171 739 3227 793 in
3273 741 3502 793 veritate

1905 831 2149 900 lit-tuam,
2183 847 2248 887 ac
2298 832 2719 889 fundamentum
2765 838 3016 886 nostrum
3055 838 3316 886 aeternum
3353 846 3499 893 esse,

1905 938 2007 978 nec
2037 924 2211 978 ullum
2255 925 2469 979 initium
2510 925 2769 979 habuisse
2818 924 3110 979 sciremus.
3153 920 3348 976 Verum
3386 937 3498 976 non

1904 1015 2048 1071 inest
2080 1017 2339 1074 omnibus
2369 1018 2625 1080 scientia,
2662 1024 2722 1071 ut
2768 1023 3005 1071 testatur
3046 1014 3369 1085 Apostolus,
3400 1014 3497 1070 sed

1905 1107 1976 1163 iis
2005 1108 2294 1175 duntaxat,
2332 1109 2425 1179 qui
2459 1109 2705 1164 veritatis
2752 1108 3012 1180 mysteria
3051 1106 3226 1161 sancti
3259 1105 3504 1177 Spiritus

1906 1200 2179 1257 beneﬁcio
2227 1201 2515 1273 percipere
2557 1208 2901 1257 meruerunt.
2942 1200 3156 1255 Etenim
3205 1199 3296 1254 ille
3343 1199 3502 1270 ipse,

1904 1293 2092 1362 quise
2133 1307 2197 1349 ac
2246 1290 2462 1348 Patrem
2499 1300 2554 1348 et
2601 1292 2868 1363 Spiritum
2916 1301 3167 1348 sanctum
3209 1290 3502 1362 patefecit,

1905 1385 2206 1440 nonnullos
2245 1385 2339 1455 qui
2374 1385 2683 1455 ignorantia
2713 1385 3038 1440 laborabant
3064 1426 3079 1451 ,
3114 1384 3454 1453 redarguens
3488 1400 3502 1436 :

1909 1473 2164 1534 Nescitis,
2204 1475 2405 1545 inquit,
2444 1473 2755 1543 διήρτηται
2785 1481 2828 1542 δ,
2875 1489 3054 1544 neque
3085 1474 3192 1528 vim
3227 1475 3500 1545 ipsarum.

1905 1565 2047 1620 Tum
2081 1567 2191 1620 alio
2217 1567 2376 1621 loco:
2407 1565 2513 1632 Qui
2544 1565 2698 1620 habet
2735 1582 2890 1619 aures
2922 1563 3193 1629 audiendi,
3231 1564 3420 1618 audiat
3455 1564 3502 1618 ⁵.

1908 1659 2041 1713 Item
2074 1658 2478 1714 Samaritanam
2503 1660 2828 1729 alloquens:
2854 1654 2914 1712 Si
2943 1660 3130 1721 scires,
3163 1656 3361 1727 inquit,
3383 1656 3504 1726 quis

1906 1750 1996 1817 sit,
2033 1751 2123 1822 qui
2149 1768 2181 1805 α
2212 1761 2260 1806 te
2289 1760 2471 1820 potum
2492 1752 2743 1822 ﬂagitat,
2780 1760 2837 1804 tu
2869 1750 2933 1804 ab
2969 1750 3063 1804 illo
3086 1751 3326 1819 petiisses
3356 1750 3397 1803 ‘.
3426 1748 3507 1801 Ac

205 1842 304 1897 καί
328 1859 503 1913 φησιν
534 1844 565 1896 ὁ
593 1841 749 1910 ἅγιος
776 1840 937 1907 λόγος
953 1858 967 1872 ⁸
994 1833 1070 1910 ’ῼ
1097 1839 1324 1894 δίδοται
1347 1840 1800 1909 περισσότερον,

1911 1857 2177 1897 rursum:
2237 1841 2475 1898 Nescitis
2524 1843 2675 1913 cujus
2722 1844 2841 1898 sitis
2867 1843 3084 1911 spiritus
3108 1843 3150 1896 ⁷.
3184 1843 3358 1913 Igitur
3397 1856 3507 1896 non

203 1935 654 2002 περισσότερον
685 1932 1140 2003 ἁπαιτήσουσιν
1165 1932 1354 1986 αὐτόν
1370 1949 1385 1963 ·
1410 1933 1487 1996 ὡς
1509 1930 1672 1985 τινῶν
1704 1932 1804 2003 μὲν

66 2045 89 2059 “
197 2025 595 2097 λαμϐανόντων
636 2024 833 2097 βραχὺ,
870 2023 1033 2079 τινῶν
1070 2023 1127 2078 δὲ
1171 2024 1280 2078 οὐδ’
1318 2025 1476 2090 ὅλως,
1523 2023 1699 2078 ἄλλων
1744 2025 1802 2079 δὲ

193 2116 614 2191 τπρισσοτέρως
636 2117 958 2188 εἰληφότων.

1911 1947 2104 1990 omnes
2142 1934 2374 1991 scientia
2402 1934 2616 2006 praediti
2649 1944 2798 1991 sunt.
2830 1933 2965 1988 Nam
2991 1933 3213 1990 diversa
3241 1932 3510 1988 divinitus

1909 2026 2055 2081 dona
2090 2028 2597 2092 communicantur,
2629 2034 2814 2097 atque,
2840 2036 2900 2080 ut
2924 2024 3209 2095 Scriptura
3232 2033 3509 2081 testatur:

1904 2117 2013 2175 ’ϐιιὲ
2052 2121 2285 2190 amplius
2330 2119 2519 2174 datum
2552 2129 2653 2185 est,
2693 2121 2925 2190 amplius
2962 2120 3030 2175 ab
3075 2136 3135 2175 eo
3172 2128 3404 2189 repetent
3438 2118 3461 2149 "
3492 2136 3507 2174 :

198 2209 365 2280 quasi
446 2208 698 2263 nonnulli
754 2208 1012 2281 exiguum
1069 2209 1328 2281 quiddam
1381 2208 1680 2280 accipiant,
1736 2211 1831 2266 alii
1900 2213 2121 2285 penitus
2182 2213 2343 2280 nihil,
2388 2214 2481 2268 alii
2534 2214 2764 2270 uberius
2818 2221 2873 2270 et
2922 2212 3299 2269 abundantius
3361 2210 3509 2267 obti-

198 2310 390 2358 neant.
982 2344 985 2353 .

265 2396 401 2448 KZ'.
424 2395 541 2448 Καὶ
570 2394 651 2448 ὅτι
685 2395 782 2467 μὲν
813 2394 986 2449 ταῦτα
1013 2395 1188 2459 οὕτως
1227 2395 1364 2467 ἔχει,
1391 2395 1450 2463 ἐξ
1482 2396 1595 2468 (9.6)
1627 2396 1806 2451 αὐτῶν

66 2503 79 2533 ε
188 2484 307 2539 τῶν
343 2486 405 2537 ἐν
443 2487 563 2548 ταῖς
600 2484 774 2549 θείαις
806 2487 1051 2557 Γραφαῖς
1079 2487 1386 2558 εἰρημένων
1421 2487 1570 2543 ἐστιν
1599 2489 1803 2561 εὑρεῖν.

189 2577 317 2647 Τῆς
325 2578 445 2650 γὰρ
460 2578 611 2643 θείας
625 2579 850 2652 Γραφῆς
866 2580 1246 2652 πνευματικῶς
1261 2580 1561 2654 λεγομένης
1572 2583 1640 2636 τὰ
1656 2583 1807 2635 πλεῖ-

191 2687 300 2723 στα
347 2670 591 2741 μάλιστα
637 2672 767 2742 περὶ
798 2671 900 2743 τῆς
932 2672 1213 2745 ἡμετέρας
1236 2674 1406 2744 ζωῆς,
1434 2672 1690 2743 γνώσεώς
1722 2691 1805 2739 τε,

188 2764 383 2832 φημὶ,
418 2763 518 2817 τοῦ
554 2763 758 2834 Κυρίου
780 2779 793 2793 ο
819 2764 921 2817 ὅσα
963 2764 1070 2838 γάρ
1098 2765 1217 2819 ἐστι
1251 2764 1550 2838 βαθύτερα,
1586 2768 1680 2821 καὶ
1711 2784 1809 2820 πεο

188 2856 546 2929 ρισσοτέρως
605 2859 706 2929 τὴν
752 2859 1031 2930 ἡμετέραν
1076 2859 1258 2932 ψυχὴν
1316 2857 1809 2930 ἀπασφαλιζόμενα

189 2951 458 3022 ῥήματα.
480 2946 655 3003 ταῦτα
677 2949 759 3014 εἰς
788 2949 1132 3022 πρόσκομμα
1160 2952 1275 3014 τοῖς
1298 2950 1399 3023 τὴν
1427 2950 1633 3021 γνῶσιν
1660 2949 1798 3004 Θεοῦ

186 3038 273 3109 μὴ
338 3037 706 3110 κατειληφόσι
758 3037 1144 3110 συμϐέϐηκεν·
1197 3037 1276 3103 ὦς
1333 3056 1500 3112 φησιν
1566 3040 1727 3112 Ὠσηὲ
1773 3043 1803 3095 ὁ

185 3128 535 3201 προφήτης·
587 3128 684 3191 Τις
728 3127 989 3195 συνετὸς
1012 3128 1112 3184 καὶ
1139 3130 1405 3199 συνήσει
1432 3129 1656 3195 ταῦτα;
1702 3131 1801 3187 καί

177 3214 234 3289 ᾧ
262 3223 465 3291 ,λόγος
498 3218 778 3287 γνώσεως
818 3222 1041 3291 Κυρίου
1070 3220 1308 3277 δέδοται
1326 3263 1341 3286 ,
1374 3223 1475 3277 καί
1512 3222 1804 3293 γνώσεται

174 3313 394 3376 αὺτά;
454 3311 546 3366 ὅτι
593 3312 816 3367 εὐθεῖαι
865 3315 925 3366 αἰ
975 3310 1102 3367 ὁδοὶ
1146 3310 1391 3381 Κῠρίου,
1442 3313 1681 3380 ἀσεϐεῖς
1734 3310 1806 3367 δέ

177 3406 677 3475 προσκόψουσιν
717 3403 789 3458 ἐν
815 3402 1048 3469 αὑταῖς.
1094 3402 1317 3457 Εὐθεῖαι
1363 3404 1463 3475 μὲν
1496 3403 1605 3474 γάρ
1638 3407 1800 3467 εἰσιν,

176 3499 314 3553 ἀλλ’
371 3497 427 3550 οἰ
490 3495 711 3559 ἀσεϐεῖς
758 3495 1167 3568 προσκόπτουσι
1215 3498 1338 3559 ταῖς
1382 3496 1523 3560 όδοῖς
1571 3497 1800 3568 Κυρίου,

173 3587 466 3643 ἀναιτίων
509 3586 719 3642 τούτων
761 3587 942 3641 οὐσῶν
986 3585 1298 3659 ἀνθρώποις
1350 3587 1802 3659 προσκόμματος.

174 3681 251 3733 0i
286 3680 409 3751 γὰρ
445 3679 887 3750 προσκόπτοντες
913 3678 992 3750 τῷ
1034 3678 1170 3751 λίθῳ
1212 3677 1308 3732 τοῦ
1339 3679 1801 3751 προσκόμματος,

168 3771 519 3842 ἀδιαφόρως
549 3770 977 3841 προσκόπτουσα
1023 3769 1380 3842 Προσέκοψαν
1411 3769 1522 3842 γὰρ
1562 3770 1643 3842 τῷ
1670 3770 1806 3843 λίθῳ

1985 2395 2093 2467 32
2136 2392 2348 2450 XXVII.
2389 2393 2545 2461 Quod
2578 2399 2760 2449 autem
2802 2390 2919 2449 haec
2970 2392 3044 2448 ita
3086 2406 3210 2448 sese
3244 2391 3508 2455 habeant,

1915 2505 1980 2544 ex
2017 2490 2103 2544 his
2137 2504 2260 2559 qua:
2292 2489 2345 2543 in
2399 2489 2575 2544 sacris
2613 2486 2841 2542 Litteris
2875 2501 3137 2556 expressa
3187 2492 3338 2551 sunt,
3379 2485 3511 2538 licet

1916 2582 2195 2651 colligere.
2228 2579 2364 2634 Nam
2395 2578 2680 2651 Scriptura
2715 2594 2874 2634 saera
2907 2577 3143 2649 spiritali
3171 2593 3336 2633 sensu
3371 2590 3512 2632 con-

1915 2683 2074 2743 cepta
2106 2673 2370 2744 pleraque
2412 2672 2477 2727 ad
2528 2673 2692 2725 vitam
2743 2672 3088 2740 salutemque
3150 2675 3394 2723 nostram
3446 2682 3512 2723 ac

1920 2765 2132 2820 Domini
2161 2765 2532 2831 cognitionem
2566 2764 2807 2817 maxime
2842 2761 3152 2832 spectantia
3184 2761 3514 2830 complecti-

1916 2867 2028 2912 tur.
2057 2857 2193 2925 Qute
2223 2858 2370 2913 enim
2422 2857 2618 2911 altiora
2654 2863 2802 2916 sunt,
2840 2869 3072 2926 quaeque
3120 2855 3367 2909 animum
3408 2869 3514 2908 no-

1908 2958 2086 3005 strum
2124 2950 2343 3005 munire
2396 2963 2461 3004 ac
2516 2948 2767 3005 stabilire
2818 2947 3034 3003 tirmius
3087 2956 3346 3018 possunt,
3394 2946 3515 3001 lnec

1907 3040 2018 3098 illis
2055 3039 2353 3109 oll‘ensioni
2380 3055 2508 3095 esse
2538 3038 2720 3095 solent
2745 3038 2839 3109 qui
2876 3037 2971 3093 Dei
3004 3039 3295 3093 scientiam
3329 3037 3514 3107 adepti

1911 3147 2021 3187 non
2063 3132 2269 3187 fuerint
2293 3171 2309 3195 ,
2347 3141 2408 3186 ut
2452 3128 2593 3185 Osee
2628 3130 2893 3199 propheta
2929 3135 3168 3182 testatur
3199 3146 3213 3183 :
3253 3127 3387 3194 Quis
3417 3144 3510 3180 sa-

1910 3224 2059 3293 piens
2088 3234 2136 3277 et
2174 3224 2431 3293 intelliget
2462 3223 2614 3289 Ita‘c?
2641 3231 2691 3276 et
2718 3223 2803 3275 cui
2824 3237 2997 3275 sermo
3023 3220 3258 3274 scientia:
3293 3218 3516 3273 Domini

1911 3316 2068 3370 datus
2095 3325 2195 3371 est.
2236 3326 2286 3370 et
2319 3324 2594 3385 cognoscet
2622 3315 2728 3368 ista
2747 3315 2774 3370 ?
2806 3313 3058 3384 quoniam
3090 3319 3248 3366 recta:
3269 3319 3393 3365 sunt
3414 3327 3515 3365 vta:

1911 3408 2157 3468 Domini,
2194 3418 2244 3462 et
2289 3408 2442 3476 impii
2496 3406 2566 3460 ad
2598 3423 2688 3461 eas
2720 3404 2987 3475 o/fendent
3013 3406 3057 3459 ’.
3085 3404 3297 3476 Quippe
3348 3411 3515 3459 rectae

1912 3509 2063 3564 sunt,
2097 3501 2190 3557 sed
2220 3500 2287 3555 ad
2320 3500 2435 3557 vias
2458 3499 2580 3556 illas
2616 3498 2829 3553 Domini
2861 3496 3145 3554 oll'endunt
3172 3497 3348 3569 impii,
3375 3512 3505 3553 cum

1914 3594 2020 3649 illa:
2055 3609 2154 3663 per
2185 3608 2308 3649 sese
2357 3593 2428 3647 ab
2471 3590 2594 3663 ejus
2626 3590 2950 3646 ollensionis
2984 3590 3214 3645 crimine
3258 3590 3370 3645 sint
3410 3590 3514 3646 im-

1912 3701 2126 3741 munes.
2157 3684 2295 3739 Nam
2330 3685 2426 3757 qui
2458 3684 2529 3739 ad
2578 3683 2814 3755 lapidem
2863 3682 3018 3739 illum
3050 3681 3373 3739 oll‘ensionis
3407 3682 3514 3736 im-

1914 3777 2175 3847 pingunt,
2224 3791 2325 3846 per
2382 3775 2637 3831 inertiam
2686 3788 2751 3828 ac
2807 3773 3161 3844 supinitatem
3203 3772 3507 3828 oll'endunt.

1912 3866 2267 3923 Offenderunt
2298 3867 2444 3921 enim
2487 3865 2556 3920 ad
2592 3863 2911 3921 olli-usionis
2949 3864 3220 3935 lapidem,
3255 3873 3306 3918 et
3339 3879 3505 3920 scan-

166 3864 283 3919 τοῦ
320 3864 762 3934 προσκόμματος
784 3905 798 3929 ,
827 3863 923 3917 καὶ
950 3862 1480 3935 ἐσκανδαλίσθησαν·
1511 3862 1674 3928 εὐθὺς
1703 3864 1804 3936 μὲν

167 3957 304 4027 γὰρ
348 3954 401 4007 οἱ
455 3953 700 4007 Ἰουδαῖοι
761 3954 995 4025 ὁρῶντες
1051 3953 1143 4007 τὸν
1196 3954 1461 4026 μονογενῆ
1511 3955 1643 4009 rem
1708 3949 1821 4009 τοῦ-

160 4044 337 4099 Θεοῦ
372 4047 436 4099 ὲν
470 4045 637 4114 σαρκὶ
674 4044 992 4116 ἐληλυθότα,
1043 4045 1371 4116 θεοσημείας
1409 4044 1801 4118 ἐργαζόμενον,

160 4139 287 4193 καὶ
339 4136 420 4208 μὴ
440 4135 863 4208 ,κατηξιωμένοι
897 4138 997 4209 τῆς
1027 4137 1281 4207 γνώσεως
1310 4130 1425 4210 ¹τῆς
1451 4139 1800 4210 ἐπουρανίου,

160 4230 408 4298 ἕλε-(ον’
441 4228 538 4293 Τίς
555 4227 726 4281 ἐστιν
740 4231 775 4283 ὁ
787 4227 1097 4298 ἄνθρωπος
1111 4225 1311 4297 οὗτος,
1329 4231 1397 4297 ὃς
1417 4229 1801 4294 λαλεῖβλασ-

1913 4232 1987 4284 ila
2040 4230 2146 4286 sibi
2190 4238 2384 4286 mutuo
2412 4229 2716 4285 dicebant:
2764 4229 2899 4296 Quis
2932 4241 3011 4285 est
3043 4233 3197 4284 homo
3245 4231 3362 4296 iste,
3416 4232 3509 4300 qui

160 4320 476 4391 mylae;
523 4320 621 4373 καὶ
677 4320 895 4374 ἄλλοτεο
945 4322 1017 4375 El
1071 4317 1152 4392 ἦν
1190 4324 1224 4375 ὀ
1269 4321 1582 4391 ἅνθρωπος
1623 4317 1802 4388 οὗτος

1914 4321 2149 4392 loquitur
2183 4320 2539 4388 blaspltemias
2576 4321 2660 4375 ὀἳ
2697 4321 2847 4376 Alias
2897 4334 3028 4375 vero
3071 4338 3085 4375 :
3147 4318 3207 4376 Si
3234 4329 3369 4374 esset
3424 4320 3509 4372 his

163 4414 253 4466 ἐι
286 4410 485 4475 Θεοῦ,
513 4412 625 4465 οὐκ
665 4410 742 4465 ἂν
768 4411 914 4467 ἔλυε
949 4411 1018 4466 τὸ
1052 4413 1380 4468 Σάϐϐατον.
1417 4414 1482 4467 Ἀ
1494 4431 1563 4485 ρα
1587 4410 1681 4468 οὖν
1702 4413 1802 4486 τὴν

1911 4411 2068 4467 homo
2104 4430 2136 4466 a
2182 4411 2309 4479 Deo,
2341 4428 2446 4467 non
2489 4411 2709 4466 solveret
2745 4409 3038 4466 Sabbatum
3064 4411 3130 4464 η.
3159 4408 3508 4463 Divinitatem

166 4505 452 4574 Θεότητα
501 4502 758 4573 ἠγνόουν,
800 4503 1086 4576 ἄνθρωπον
1128 4505 1186 4558 δὲ
1230 4504 1386 4575 ψιλὸν
1435 4506 1597 4576 μόνον
1641 4505 1802 4560 αὐτὸν

1917 4505 2083 4577 igitur
2139 4506 2492 4576 ignorantes,
2552 4506 2764 4559 nudum
2824 4504 2978 4559 illum
3052 4501 3328 4558 hominem
3383 4515 3512 4556 esse

167 4592 484 4664 ἐνόμιζον.
531 4591 595 4644 Ol
636 4591 695 4645 δὲ
739 4593 833 4647 καὶ
872 4594 1008 4647 Θεὸν
1036 4594 1201 4648 αὑτὸν
1239 4595 1562 4662 ἐγνωκότες,
1599 4596 1801 4668 ἀγνοή-

1912 4599 2356 4670 suspicabantur.
2423 4597 2492 4651 At
2548 4597 2641 4654 isti
2683 4596 2851 4651 Deum
2880 4611 3004 4652 esse
3041 4610 3166 4650 cum
3208 4595 3358 4649 illmn
3399 4610 3509 4649 non

171 4700 404 4746 σαντες
435 4681 536 4752 τὴν
574 4681 787 4737 τελείαν
826 4684 990 4738 αὐτοῦ
1024 4685 1213 4752 δόξαν,
1260 4686 1597 4751 ἀκούσαντες
1632 4686 1702 4742 τὰ
1740 4689 1799 4742 ἐν

1911 4690 2180 4752 nesciant,
2205 4689 2502 4760 perfectam
2535 4690 2708 4760 ipsius
2740 4688 3057 4760 ignorantes
3083 4688 3346 4760 gloriam,
3380 4702 3511 4742 cum

174 4774 367 4845 βάθει
400 4773 533 4843 περὶ
562 4772 727 4826 αὑτοῦ
772 4773 1038 4846 εἰρημένα
1083 4776 1340 4847 ῥήματα,
1378 4775 1475 4828 καὶ
1518 4775 1663 4830 κατὰ
1697 4775 1797 4847 τὴν

1912 4797 1974 4837 ea
2004 4794 2127 4852 quae
2172 4780 2240 4833 de
2284 4781 2380 4835 illo
2410 4781 2682 4838 altissimo
2738 4795 2908 4837 sensu
2950 4780 3097 4835 dicta
3135 4786 3266 4836 sunt
3315 4778 3512 4834 audie-

170 4869 307 4929 εἰς,
343 4864 507 4937 ἡμῶν
554 4865 1079 4936 πραγματευθεῖσαν
1129 4867 1405 4939 σωτήριον
1464 4866 1801 4938 οἰκονομίαν,

1912 4872 2043 4941 rint,
2074 4873 2129 4927 in
2171 4872 2318 4928 illius
2367 4873 2658 4930 divinitate
2689 4873 2990 4929 titubantes
3028 4879 3081 4928 et
3118 4879 3365 4926 errantes
3387 4909 3403 4933 .
3437 4870 3505 4924 ad

180 4958 572 5029 σφαλλόμενοι
608 4958 689 5022 εἰς
723 4958 824 5029 τὴν
849 4958 1017 5012 αὐτοῦ
1057 4958 1322 5030 Θεότητα,
1375 4958 1762 5025 κακοδοξοῦσιν
1785 4975 1800 4991 ο

1913 4965 2157 5021 nefarias
2180 4966 2476 5035 Opiniones
2514 4964 2811 5021 deﬂectunt
2846 4984 2860 5020 :
2899 4979 3041 5035 quos
3079 4961 3299 5033 quidem
3348 4976 3508 5018 mens

183 5051 410 5122 εει-φηλε
440 5051 553 5124 γὰρ
582 5051 781 5115 αὐτοὺς
827 5052 861 5122 ἡ
905 5050 1136 5105 διάνοια.
1174 5051 1265 5115 Ὠς
1296 5050 1406 5122 γὰρ
1449 5053 1497 5104 οἱ
1541 5051 1800 5106 ’Ἰουδαῖοι

1911 5058 2382 5129 intelligentiaque
2410 5072 2508 5114 sua
2558 5066 2907 5113 transversos
2956 5056 3011 5110 in
3062 5070 3305 5110 errorem
3353 5053 3505 5109 abri-

191 5146 523 5218 ἐσφάλησαν
570 5143 929 5209 ἀκούσαντες,
975 5142 1120 5198 οὕτω
1163 5144 1259 5198 καὶ
1313 5144 1467 5198 αὐτοὶ
1509 5143 1801 5209 ἀκούοντες

1911 5151 2049 5223 puit.
2078 5148 2215 5205 Nam
2248 5157 2309 5205 ut
2328 5148 2499 5206 ,ἰυόωὶ
2524 5158 2883 5221 posteaquam
2911 5134 3225 5213 audierunt,
3250 5146 3509 5202 aberrare

199 5239 525 5309 ἑσφάλοντο.
590 5238 823 5293 Ἐκεῖνοι
867 5236 980 5309 γὰρ
1025 5235 1215 5309 ἑώρων
1268 5237 1339 5291 τὰ
1384 5238 1443 5291 ὲν
1490 5239 1801 5311 προφήταις

1911 5247 2196 5313 εωρενιιιιι
2225 5258 2237 5294 :
2290 5242 2371 5297 sic
2402 5249 2457 5296 ct
2487 5241 2564 5295 illi
2606 5239 2912 5297 secundum
2963 5239 3300 5294 auditionem
3342 5239 3396 5292 in
3426 5254 3506 5294 er-

196 5334 607 5407 πρσειρημένα,
657 5334 744 5397 εἰς
777 5329 837 5385 δὲ
880 5330 979 5401 τὴν
1011 5329 1278 5403 ἐνσαρκον
1314 5331 1553 5403 Χριστοῦ
1590 5350 1799 5405 παρου-

1911 5351 2089 5391 rorem
2133 5333 2373 5406 prolapsi
2398 5343 2546 5388 sunt.
2575 5331 2749 5388 Judaei
2780 5347 2904 5404 quae
2936 5347 2965 5385 a
3000 5330 3280 5403 prophetis
3310 5328 3504 5400 przrdi-

196 5424 323 5480 ost
346 5426 706 5502 πληρωθέντα
739 5421 1069 5494 ἀγνοοῦντες
1096 5412 1479 5496 ἐταράχθησαν
1499 5441 1512 5455 ·
1532 5423 1628 5477 καὶ
1653 5418 1798 5478 οῦτοι

1911 5435 1999 5481 cla
2030 5425 2252 5481 fuerant
2286 5424 2553 5492 videntes,
2595 5432 2650 5480 et
2690 5424 2746 5480 in
2781 5424 3003 5481 Christo
3041 5425 3109 5479 ad
3140 5423 3348 5478 exitum
3381 5436 3506 5493 per-

1913 3960 2099 4014 dalom
2132 3959 2281 4029 passi
2323 3965 2483 4025 sunt;
2546 3958 2819 4029 imprimis
2859 3955 3067 4021 Judzei,
3117 3972 3241 4011 cum
3283 3957 3511 4011 unicum

1917 4048 2008 4103 Dei
2050 4047 2248 4104 Filium
2277 4063 2447 4104 carne
2477 4048 2766 4119 praeditum
2801 4050 3088 4105 advenisse
3117 4055 3429 4113 cernerent,
3456 4058 3511 4104 et

1912 4138 2179 4193 miracula
2218 4147 2527 4210 patrantem
2551 4180 2568 4203 ,
2629 4138 2843 4194 caelesti
2882 4140 3202 4210 cognitione
3257 4140 3507 4196 destituti

266 5586 354 5647 πρ,
383 5592 567 5659 αὐτάς,
651 5591 677 5622 ³
721 5583 903 5659 lQor.
938 5596 1023 5643 Ill,
1066 5581 1188 5659 HL
1227 5582 1249 5615 ⁸
1289 5580 1486 5659 Ερίιρε.
1532 5598 1592 5646 ll,
1635 5582 1777 5659 20.__

1911 5582 2058 5659 ’_at_th.
2103 5584 2367 5659 xxu,_2‘.l.
2414 5584 2471 5659 ηδ
2501 5581 2701 5659 Matth.
2746 5598 2834 5659 τι,
2854 5582 2954 5659 Δ15.
3032 5580 3052 5611 “
3092 5578 3253 5634 Joan.
3294 5591 3371 5644 tv,
3414 5575 3502 5632 ιυ.

195 5661 212 5695 ⁷
242 5662 361 5726 Luc.
403 5685 478 5735 rx,
724 5660 751 5689 ⁸
799 5654 942 5706 Luc.
984 5667 1083 5713 xu,
1122 5651 1212 5707 48.
1325 5654 1346 5685 °
1385 5651 1512 5708 Ose.
1558 5669 1672 5717 xw,
1716 5653 1801 5706 lO.

1911 5653 1926 5685 °
1967 5653 2100 5708 Luc.
2144 5672 2196 5720 v,
2238 5656 2329 5709 2|.
2410 5655 2451 5687 “
2493 5654 2650 5710 Joan.
2693 5668 2769 5719 ιχ,
2814 5652 2899 5708 16.

232 5792 335 5869 (26)
382 5786 665 5852 νυουίίιοιι
712 5771 805 5837 ἐξ,
862 5781 991 5836 quo
1020 5763 1086 5821 de
1114 5781 1177 5821 eo
1208 5765 1331 5822 loco
1366 5766 1689 5832 exciderat,
1734 5768 1802 5821 Cll

1911 5813 1913 5821 ι
1952 5766 2323 5823 rcstituimus.
