3950 6440
564 335 632 387 (ἱΊ
1980 327 2038 383 S.
2083 326 2430 384 EPIPIIANII
3779 333 3849 393 68

558 446 721 501 ducta
752 455 1085 508 nescientes,
1123 436 1544 515 perturbatione
1571 444 1830 498 commoti
1861 453 2025 512 sunt;
2058 444 2149 499 isti

2258 446 2421 500 πάλιν
2476 447 2567 501 διὰ
2612 448 2714 518 τὴν
2762 448 2928 502 αὐτοῦ
2986 449 3303 519 οἰκονομίαν
3348 449 3417 503 τὰ
3470 451 3851 524 προειρημένα

558 550 590 590 e
622 535 903 589 contrario
939 548 1063 605 qua:
1093 533 1161 588 ad
1194 532 1402 587 Christi
1458 532 1895 588 incarnationem
1927 536 2152 589 oracula

558 626 856 696 pertinent,
890 625 1195 692 audientes,
1235 625 1329 681 sed
1366 625 1555 695 jejune
1587 633 1754 696 atque
1806 625 2025 680 exiliter
2056 640 2150 680 ac-

558 719 849 788 cipientes,
884 733 1137 789 peraeque
1166 717 1480 781 turbantur,
1512 728 1565 772 et
1588 734 1712 789 qua:
1737 718 1804 773 ad
1835 717 2153 773 aediﬁcatio-

559 826 685 864 nem
753 818 1005 877 nostram‘
1063 809 1271 881 scripta
1307 818 1459 875 sunt,
1520 825 1679 865 suam
1728 809 1795 864 ad
1853 810 2151 881 perniciem

560 903 907 975 exitiumque
943 901 1250 973 proferunt.
1289 902 1405 958 Hoc
1434 904 1580 960 enim
1616 902 1888 973 objiciunt
1920 922 1933 958 :
1986 902 2151 973 Atqui

558 995 818 1051 Christus
857 995 998 1051 dixit
1029 1015 1041 1049 :
1078 994 1190 1066 Ego
1228 997 1361 1050 vado
1390 998 1457 1049 ad
1496 995 1662 1050 Deum
1698 1012 1870 1049 meum
1894 1005 1948 1049 et
1987 995 2153 1050 Deum

558 1096 811 1151 vestrum,
838 1085 1055 1140 Patrem
1084 1104 1255 1141 meum
1273 1096 1323 1142 et
1352 1086 1570 1142 Patrem
1594 1088 1889 1143 vestrum‘.
1916 1086 2154 1143 Videsne

559 1188 619 1233 nt
652 1180 795 1234 inter
844 1185 1060 1234 creatas
1104 1194 1191 1233 res
1236 1180 1327 1234 ille
1361 1180 1698 1235 censeatur?
1734 1179 1827 1234 Sic
1874 1180 2021 1234 enim
2056 1194 2153 1249 per

554 1288 825 1327 summam
856 1272 910 1325 in
941 1270 1112 1326 Deum
1137 1274 1529 1327 contumeliam
1557 1272 1835 1343 jaetitaut.

625 1365 734 1435 33
777 1361 1021 1416 XXVIII.
1064 1361 1257 1417 Jamne
1281 1364 1446 1434 igitur
1477 1364 1871 1421 animadvertis
1891 1364 2154 1436 quemad-

555 1458 777 1510 modum
812 1455 1122 1512 Salvatoris
1156 1457 1466 1511 incarnatio
1500 1458 1710 1513 erroris
1750 1458 1859 1513 illis
1901 1457 2155 1512 occasio-

554 1566 679 1602 nem
701 1547 977 1619 praebeat?
1005 1546 1276 1619 Repetam
1305 1550 1450 1606 enim
1473 1566 1597 1620 quas
1619 1552 1687 1605 ab
1716 1550 1875 1605 initio
1903 1550 2150 1616 fuerunt,

555 1655 623 1693 ac
647 1639 715 1695 de
743 1643 1087 1711 temporibus
1116 1642 1199 1696 vel
1233 1641 1657 1711 tempestatibus
1699 1641 2002 1711 inquirant.
2030 1640 2154 1695 Exi-

556 1741 642 1785 tus
693 1734 853 1799 enim,
896 1734 1095 1805 inquit,
1132 1733 1300 1804 ipsius
1350 1732 1589 1788 adiebus
1626 1734 1942 1788 wternitatis
1972 1734 2015 1786 ’.
2060 1734 2155 1789 Vi-

557 1824 789 1879 deamus
845 1824 1012 1896 igitur
1053 1841 1116 1882 ea
1153 1841 1277 1897 quae
1309 1834 1470 1881 antea
1518 1831 1941 1895 praecesserunt.
1990 1824 2152 1882 Pater

560 1916 707 1968 hunc
739 1915 791 1969 in
823 1915 1043 1970 modum
1077 1917 1295 1972 locutus
1322 1924 1407 1971 est
1442 1934 1455 1971 :
1481 1914 1770 1971 Faciamus
1792 1916 2055 1971 hominem
2082 1915 2151 1969 ad

559 2006 845 2075 inaginem
876 2017 1116 2063 nostram
1155 2019 1205 2063 et
1239 2008 1308 2062 ad
1353 2006 1778 2063 similitudinem.
1811 2006 1929 2063 Non
1958 2007 2097 2063 dixit
2132 2024 2150 2061 :

558 2097 781 2154 Faciam
816 2101 1095 2156 hominem
1121 2101 1186 2155 ad
1219 2100 1513 2171 imaginem
1537 2114 1735 2155 meam.
1757 2097 1858 2155 Vel
1889 2100 2004 2155 haec
2036 2100 2153 2170 ipsa

560 2198 613 2243 te
655 2192 815 2246 verba
846 2193 1179 2264 redarguere
1205 2191 1439 2253 debent,
1478 2192 1794 2262 quicunque
1823 2192 2151 2247 obduratum

556 2299 656 2336 cor
689 2284 857 2339 habes
886 2285 960 2338 uti
991 2284 1259 2354 scriptum
1291 2290 1375 2337 est
1421 2301 1435 2338 :
1471 2282 1576 2338 Sed
1606 2281 1927 2337 obduratum
1952 2294 2030 2339 est
2062 2300 2154 2337 cor

552 2390 739 2428 eorum
772 2376 815 2429 ³.
864 2374 1214 2431 Disce-illinc
1250 2373 1447 2428 Filium
1494 2373 1639 2444 apud
1674 2372 2153 2449 Patrem‘semper

556 2468 860 2523 exsutisse.
890 2466 1027 2521 Nam
1055 2467 1161 2523 hoc
1191 2466 1416 2522 verbum
1444 2484 1459 2521 :
1499 2465 1816 2532 Faciamus,
1843 2483 1952 2522 non
1981 2482 2152 2523 unum

557 2563 827 2615 duntaxat
874 2559 1190 2631 signiﬁcat,
1257 2558 1353 2614 sed
1386 2558 1605 2613 Patrem
1652 2574 1773 2613 cum
1818 2558 1957 2615 Filio
1985 2560 2153 2616 collo.

562 2661 822 2720 quentem
870 2650 1151 2721 exprimit.
1202 2647 1407 2703 Eadem
1446 2656 1502 2703 te
1541 2664 1648 2703 vox
1688 2649 1781 2703 illa
1817 2650 2152 2720 convincat,

554 2745 810 2814 quisquis
857 2742 1006 2797 Patri
1060 2740 1385 2797 dissimilem
1428 2756 1554 2797 esse
1595 2739 1797 2795 Filium
1849 2742 2150 2797 existimas.

558 2837 673 2891 llnc
725 2838 871 2891 enim
920 2835 1039 2905 ipso
1078 2834 1221 2905 quod
1262 2832 1416 2899 dicit,
1454 2834 1524 2887 ad
1554 2834 1835 2905 imaginem
1875 2842 2150 2899 nostram,

558 2926 681 2981 Filii
717 2926 1136 2982 similitudinem
1177 2940 1207 2979 a
1239 2922 1403 2978 Patre
1438 2940 1549 2979 non
1586 2924 1877 2994 disjunxit,
1904 2940 2007 2980 nec
2044 2924 2156 2980 ulla

556 3034 617 3071 re
647 3016 828 3073 Patris
861 3014 1201 3070 identitatem
1235 3030 1362 3069 cum
1388 3012 1529 3068 Filio
1555 3013 1828 3070 distinxit.
1864 3014 2000 3069 Nam
2042 3031 2152 3071 non

558 3108 722 3172 dixit,
748 3107 817 3161 ad
850 3106 1142 3177 imaginem
1174 3120 1374 3170 meam,
1398 3105 1507 3171 vel,
1539 3106 1606 3161 ad
1631 3106 1923 3178 imaginem
1958 3114 2107 3162 tuam
2135 3125 2150 3163 :

554 3199 652 3254 scd
688 3198 866 3253 Patris
896 3204 951 3252 et
989 3194 1112 3251 Filii
1136 3202 1191 3251 et
1222 3194 1462 3267 Spiritus
1488 3196 1666 3251 sancti
1693 3212 1859 3252 unam
1893 3198 2153 3253 substan-

2253 536 2565 603 ἀκούοντες,
2589 537 2759 608 ψιλῶς
2791 538 2847 592 δὲ
2873 538 3015 591 αὐτὰ
3043 537 3312 604 νοοῦντες,
3346 540 3712 612 ταράσσονται
3756 541 3851 595 καὶ

2254 630 2655 703 προϐάλλονται
2700 633 2783 695 εἰς
2820 632 2919 701 τὴν
2957 630 3167 684 ἑαυτῶν
3205 633 3614 704 καταστροφὴν,
3662 634 3731 686 τὰ
3771 636 3852 698 εἰς

2252 723 2353 793 τὴν
2384 726 2418 795 ή
2426 723 2546 794 μῶν
2592 724 2884 793 οἰκοδομήν
2904 741 2917 753 ·
2949 724 3043 777 καί
3074 741 3239 793 φασιν
3258 740 3272 755 ·
3318 725 3457 777 Ἀλλ’
3484 721 3657 789 εἶπεν,
3702 726 3852 794 Ἐγὼ

2252 816 2585 887 ἀπέρχομαι
2612 817 2762 887 πρὸς
2790 817 2898 872 τὸν
2919 820 3068 871 Θεόν
3087 835 3209 888 μου
3234 818 3333 872 καί
3360 818 3511 872 Θεὸν
3532 816 3725 888 ὑμῶν,
3749 819 3850 874 καί

2254 908 2488 978 Πατέρα
2520 927 2641 979 μου
2690 908 2788 963 καί
2831 908 3067 977 Πατέρα
3097 908 3283 977 ὑμῶν.
3330 909 3492 981 Ὁρᾷς
3521 911 3602 963 ὃτι
3630 910 3728 963 καὶ
3763 910 3853 962 αὺ-

2252 1002 2345 1066 τδς
2368 1002 2427 1056 ’ἐν
2455 1003 2573 1057 ἐστι
2598 1001 2708 1056 τῶν
2731 1001 3083 1073 κτισμάτων;
3117 1000 3574 1073 βλασφημοῦντες
3605 1000 3851 1073 τολμῶσι

2252 1094 2451 1163 λέγειν.

2327 1362 2463 1418 κη’.
2506 1364 2736 1429 Βλέπεις
2763 1366 2943 1421 τοίνυν
2982 1367 3062 1420 ὃτι
3100 1366 3323 1435 σφάλλει
3348 1364 3547 1428 αὐτοὺς
3571 1366 3604 1433 ἡ
3630 1362 3733 1433 τῆς
3766 1362 3849 1415 ὲν-

2257 1455 2462 1527 σάρκου
2505 1459 2806 1530 παρουσίας
2840 1459 3157 1529 οἰκονομίας
3200 1458 3555 1513 Ἀναλάὸουσι
3578 1458 3598 1488 ⁸
3638 1455 3753 1527 γὰρ
3791 1456 3848 1521 ἐξ

2255 1549 2512 1620 ὑπιρχῆς
2549 1591 2563 1611 ,
2642 1552 2740 1605 καὶ
2804 1553 3143 1624 ὲρωτήσουσι
3198 1552 3423 1623 χρόνους
3499 1550 3533 1620 ἢ
3596 1548 3844 1619 καιρούς.

2254 1644 2324 1695 Αἰ
2353 1638 2464 1709 γὰρ
2488 1641 2747 1707 διέξοδοι
2774 1644 2984 1709 αὐτοῦ,
3013 1643 3204 1716 φησὶν,
3232 1644 3333 1713 ἀφ’
3355 1639 3591 1711 ἡμερῶν
3609 1639 3843 1705 αἰῶνος·
3942 1652 3946 1661 ’

2260 1736 2487 1808 ’Ἱδωμεν
2540 1736 2720 1790 τοίνυν
2762 1735 2831 1790 τὰ
2884 1736 2991 1807 πρὸ
3034 1734 3261 1789 τούτων.
3310 1734 3478 1804 Φησὶν
3540 1734 3569 1786 6
3618 1733 3844 1803 Πατήρ·

2182 1811 2226 1867 Β
2255 1829 2609 1897 Ποιήσωμεν
2644 1828 2959 1896 ἄνθρωπον
2989 1827 3118 1880 κατ’
3162 1826 3365 1881 εἰκόνα
3404 1822 3708 1893 ἡμετέραν
3750 1821 3847 1875 καί

2258 1919 2387 1973 καθ’
2432 1917 2751 1986 ὁμοίωσιν·
2796 1916 2893 1970 καὶ
2920 1917 3023 1971 οὐκ
3049 1910 3171 1969 εἷπε
3191 1931 3204 1945 ⁸
3241 1914 3356 1985 (27)
3386 1914 3608 1983 Ποιήσω
3643 1911 3848 1983 ἄνθρω-

2254 2024 2356 2060 πον
2382 2007 2501 2061 κατ’
2528 2007 2713 2062 εἰκόνα
2740 2008 2898 2078 ἐμήν.
2945 2004 3264 2076 Ἑλέγχθητι
3284 2005 3313 2055 6
3336 2003 3475 2073 ἔχων
3514 2000 3847 2071 πεπωρωμέ-

2255 2114 2354 2167 νην
2418 2098 2517 2169 τὴν
2566 2098 2793 2169 καρδίαν
2850 2096 2993 2151 κατὰ
3052 2097 3115 2150 τὸ
3170 2094 3593 2167 γεγραμμένον·
3685 2091 3845 2144 Ἀλλ’

2254 2190 2533 2259 ἐπωρώθη
2563 2191 2601 2257 ἠ
2630 2190 2845 2258 καρδία
2876 2188 3106 2244 αὐτῶν·
3131 2187 3225 2241 καὶ
3257 2186 3395 2257 μάθε
3433 2185 3521 2239 τὸν
3555 2183 3686 2237 Υἰὸν
3720 2182 3845 2235 ὄντα

2255 2282 2341 2335 ἀεὶ
2376 2282 2511 2352 πρὸς
2551 2281 2645 2335 τὸν
2688 2282 2928 2353 Πατέρα.
2969 2277 3043 2333 Τὸ
3068 2278 3177 2351 γὰρ
3222 2280 3432 2343 εἰπεῖν,
3464 2277 3841 2346 Ποιήσωμεν,

2254 2377 2353 2446 οὐχ
2398 2376 2517 2439 ἑνός
2559 2378 2675 2429 ἐστι
2724 2374 3099 2446 σημαντικὸν,
3148 2372 3288 2427 ἀλλὰ
3335 2372 3552 2442 [ἰατρὸς
3595 2371 3842 2439 λέγοντος

2256 2467 2394 2540 πρὸς
2418 2467 2513 2521 τὸν
2546 2468 2695 2524 Υίόν.
2722 2466 3038 2537 Ἐλὲγχθητι
3056 2468 3084 2519 6
3112 2465 3284 2534 λέγων
3314 2464 3407 2518 τὸν
3437 2463 3568 2518 Υἰὸν
3593 2464 3845 2534 ἀνόμοιον

2255 2560 2333 2633 τῷ
2380 2560 2573 2633 Πατρί.
2615 2561 2703 2614 Ἐν
2745 2559 2825 2630 τῷ
2858 2560 2966 2630 γὰρ
3014 2560 3189 2611 εἰπεῖν
3228 2557 3429 2619 αὑτὸν,
3480 2558 3609 2610 κατ’
3641 2557 3845 2610 εἰκόνα

2256 2654 2574 2723 ἡμετέραν,
2620 2654 2678 2706 οὗ
2705 2653 2974 2725 διέκρινεν
3004 2650 3267 2721 ὁμοίωσιν
3300 2647 3432 2702 Υἱοῦ
3466 2648 3577 2701 ἀπὸ
3607 2647 3841 2719 Πατρδς,

2255 2745 2375 2797 οὐδὲ
2422 2743 2585 2797 διεῖλέ
2626 2761 2679 2796 τι
2708 2744 2807 2814 τῆς
2831 2743 3161 2813 ταυτότητος
3206 2740 3304 2795 τοῦ
3340 2739 3555 2811 Πατρὸς
3589 2740 3729 2811 πρὸς
3760 2740 3844 2792 τὸν

2256 2836 2410 2889 Υἱόν.
2438 2836 2511 2888 Οὐ
2542 2834 2651 2905 γὰρ
2691 2829 2838 2897 εἷπε,
2865 2836 2987 2887 κατ’
3011 2833 3197 2889 εἰκόνα
3239 2834 3399 2904 ἐμὴν,
3426 2833 3485 2903 ἢ,
3518 2832 3641 2885 κατ’
3670 2832 3844 2885 εἰκόνα

2259 2929 2378 3001 σὴν,
2410 2927 2547 2981 ἀλλὰ
2577 2926 2673 2980 τοῦ
2715 2926 2930 2997 Πατρός
2974 2925 3192 2979 καὶτοῦ
3228 2924 3360 2978 Υἱοῦ
3410 2924 3504 2978 καὶ
3548 2924 3645 2977 τοῦ
3692 2924 3844 2992 ἁγίου

2257 3020 2577 3091 Πνεῦματος
2618 3018 2747 3089 μίαν
2799 3019 2989 3073 οὐσίαν
3018 3018 3251 3090 ἐδήλωσε
3283 3018 3378 3072 καὶ
3409 3018 3654 3088 Θεότητα
3674 3035 3688 3048 ’
3720 3016 3844 3088 φησὶ

2260 3113 2391 3183 γὰρ,
2424 3111 2551 3165 κατ’
2581 3110 2789 3165 εἰκόνα
2834 3110 3131 3179 ἡμετέραν
3157 3110 3257 3163 καί
3287 3112 3415 3163 καθ’
3442 3110 3754 3177 ὁμοίωσιν,
3775 3107 3843 3169 ὡς

2255 3198 2395 3257 εἶναι
2444 3202 2543 3273 μὲν
2591 3201 2720 3272 μίαν
2771 3199 2865 3254 τοῦ
2901 3201 3116 3272 Πατρὸς
3160 3201 3255 3253 καὶ
3301 3198 3397 3254 τοῦ
3440 3198 3571 3252 Υἰοῦ
3619 3200 3719 3252 καὶ
3758 3196 3845 3250 τοῦ

554 3292 690 3344 tiam
751 3289 1210 3358 divinitatemque
1262 3287 1609 3342 monstravit.
1648 3286 1797 3343 Dixit
1845 3288 2026 3354 enim,
2080 3289 2151 3342 ad

2258 3296 2413 3365 ἁγίου
2444 3294 2771 3365 Πνεῦματος
2804 3293 2903 3365 τὴν
2950 3293 3204 3364 θεότητα,
3245 3291 3533 3364 ἄνθρωπον
3554 3291 3612 3345 δὲ
3638 3290 3844 3359 γεγονέ-

555 3379 843 3449 imaginem
888 3387 1127 3432 nostram
1162 3388 1216 3431 et
1262 3377 1703 3442 similitudinem;
1754 3388 1813 3434 ut
1841 3378 2031 3435 eadem
2068 3380 2152 3434 in-

2258 3404 2341 3440 ναι
2372 3386 2491 3439 κατ’
2517 3384 2702 3439 εἰκόνα
2738 3384 2841 3455 τῆς
2876 3385 3005 3454 μιᾶς
3042 3382 3297 3453 θεότητος
3324 3381 3541 3453 Πατρὺς
3584 3382 3685 3434 καὶ
3720 3378 3843 3433 Υἱοῦ

555 3472 835 3541 telligatur
872 3484 997 3525 esse
1031 3467 1238 3534 Patris,
1273 3466 1395 3523 Filii
1423 3477 1479 3524 et
1507 3468 1748 3540 Spiritus
1793 3471 1967 3526 sancti
2022 3471 2152 3525 divi-

2258 3476 2347 3528 καὶ
2382 3476 2539 3544 ἁγίου
2589 3475 2929 3546 Πνεύματος.
2980 3473 3303 3546 Ἐλέγχθητι
3338 3473 3435 3549 καί.
3487 3473 3588 3535 σὺ,
3636 3474 3840 3542 'Apsts,

557 3565 725 3624 nitas.
762 3562 828 3616 ad
876 3560 1037 3629 cujus
1072 3559 1366 3630 imaginem
1412 3559 1577 3614 homo
1614 3560 1687 3615 sit
1724 3575 2039 3631 expressus.
2077 3560 2152 3616 Te

2258 3568 2349 3623 ttat
2374 3570 2538 3624 ἄκουε
2565 3570 2658 3623 τὸν
2688 3568 2909 3639 Πατέρα
2934 3567 3166 3636 λέγοντα
3189 3566 3268 3636 τῷ
3299 3565 3434 3637 Υίῷ,
3463 3563 3839 3635 Ποιήσωμεν,

553 3670 776 3725 quoque
808 3654 899 3708 hic
939 3652 1029 3707 ille
1064 3652 1222 3707 locus
1246 3692 1263 3716 ,
1293 3650 1387 3704 Ari
1408 3691 1425 3717 ,
1460 3650 1755 3732 redarguat
1780 3670 1793 3707 :
1823 3666 1887 3707 ac
1932 3651 2152 3708 Patrem

2258 3660 2687 3732 συνδημιουργὸν
2728 3658 2999 3713 καλοῦντα
3049 3659 3141 3711 τὸν
3189 3658 3338 3713 Υίόν.
3405 3656 3680 3721 Πολλάκις
3742 3655 3842 3724 γὰρ

556 3743 756 3798 Filium
788 3758 853 3797 ea
890 3756 1027 3797 voce
1082 3739 1503 3812 compellantem
1560 3726 1783 3804 audia’s,
1839 3737 2151 3795 Faciamus.

2258 3726 2471 3823 ἀκήκοά
2512 3726 2665 3817 τινας
2708 3752 2990 3821 λέγοντας,
3028 3752 3111 3805 ὅτι
3147 3751 3177 3804 6
3210 3750 3339 3813 Υίὸς
3377 3749 3637 3820 εποίησεν
3671 3748 3839 3809 οὐδὲν,

559 3840 675 3906 Qua
707 3851 840 3892 voce
877 3834 1081 3906 opilicii
1138 3834 1461 3905 participem
1498 3832 1739 3904 appellat
1782 3831 2002 3889 Filium.
2038 3834 2152 3889 δεε-

2258 3845 2391 3899 άλλὰ
2430 3846 2497 3900 δι’
2534 3845 2699 3900 αὑτοῦ
2751 3845 2968 3915 ἐγένετο
3015 3843 3085 3898 τὰ
3125 3843 3418 3915 γενόμενα.
3469 3842 3532 3895 Εἰ
3572 3842 3642 3895 δι’
3684 3840 3840 3895 αὑτοῦ

556 3944 861 4000 penumero
899 3927 1048 3983 enim
1081 3926 1380 3981 nonnullos
1408 3926 1515 3981 ista
1537 3926 1811 3996 iactantes
1839 3926 2025 3990 audio,
2056 3926 2151 3982 Fi-

2258 3937 2467 4007 γέγονε,
2496 3938 2589 3991 καὶ
2614 3937 2776 4001 αὐτὸς
2808 3936 3085 4008 ἐποίησεν,
3118 3935 3195 3999 ῶς
3224 3935 3414 4004 σαφῶς
3438 3934 3836 3988 ἀποδέδεικται.

554 4023 693 4075 lium
733 4020 961 4075 omnino
985 4018 1184 4075 fecisse
1211 4017 1383 4085 nihil;
1416 4016 1512 4073 sed
1543 4032 1641 4089 per
1670 4017 1847 4088 ipsum
1872 4018 2152 4073 nihilomi-

2266 4028 2325 4081 Ὀ
2351 4029 2461 4099 γὰρ
2494 4028 2826 4100 άρχιτέχνης
2862 4026 3037 4097 Λόγος
3066 4027 3286 4081 πάντων
3317 4026 3436 4078 ἐστὶ
3462 4027 3717 4095 ποιητὴς,
3754 4023 3840 4077 καὶ

555 4130 663 4170 nus
708 4114 894 4167 omnia
933 4127 1059 4168 esse
1114 4110 1278 4166 facta.
1316 4108 1519 4165 Verum
1566 4114 1613 4167 si
1664 4127 1762 4183 per
1790 4112 1968 4182 ipsum
2012 4110 2152 4167 facta

2258 4120 2320 4175 δι’
2355 4121 2520 4175 αὐτοῦ
2568 4121 2760 4191 Πατὴρ
2789 4119 3100 4192 ἐργάζεται.
3142 4118 3514 4172 ’Δκουέτωσαν
3542 4116 3657 4186 γὰρ
3682 4113 3838 4171 αὑτοῦ

553 4214 709 4267 sunt,
743 4205 931 4277 utique
962 4213 1017 4260 et
1056 4204 1173 4275 ipse
1222 4202 1350 4258 fecit
1375 4242 1391 4268 ,
1433 4211 1494 4257 ut
1522 4211 1710 4274 aperte
1749 4204 2152 4259 demonstravi-

2258 4214 2445 4285 σαφῶς
2494 4214 2777 4283 λέγοντος’
2844 4213 2901 4267 Ὀ
2952 4212 3157 4280 Πατήρ
3210 4228 3330 4281 μου
3379 4209 3684 4279 ἐργάζεται
3734 4208 3840 4272 ἕως

553 4316 698 4355 mus.
716 4298 929 4353 Etenim
968 4296 1266 4368 primarius
1296 4295 1389 4351 ille
1430 4295 1627 4350 artifex
1651 4295 1673 4326 δ
1692 4336 1708 4362 ,
1737 4294 1984 4350 divinum
2010 4296 2152 4352 vide-

2258 4309 2386 4377 ὄρει
2406 4347 2420 4371 ,
2449 4306 2611 4377 κάγὼ
2636 4306 2948 4377 ἐργάζομαι
2969 4320 2983 4335 ³
3014 4306 3108 4359 καὶ
3138 4298 3240 4359 ὧδε
3276 4304 3369 4356 τὸν
3398 4301 3618 4373 Πατέρα
3648 4296 3837 4355 ἑαυτοῦ

555 4392 684 4445 licet
716 4388 980 4452 Verbum,
1010 4390 1399 4443 universorum
1430 4385 1658 4442 eﬂ‘ector
1693 4394 1812 4452 est,
1854 4402 1950 4458 per
1988 4402 2150 4458 quem

2258 4400 2688 4473 συνδημιουργδν
2739 4399 2897 4453 καλεῖ
2927 4400 2986 4451 ὲν
3016 4396 3095 4468 τῷ
3119 4397 3302 4466 λέγειν
3326 4395 3504 4449 τοῦτο.
3548 4393 3716 4447 Ἀλλὰ
3747 4390 3839 4444 πά-

554 4479 720 4535 Pater
748 4480 935 4533 omnia
962 4479 1206 4535 molitur.
1248 4476 1492 4533 Audiant
1533 4478 1680 4532 enim
1727 4479 1907 4549 ipsum
1944 4480 2151 4537 diserte

2258 4492 2336 4544 λιν
2366 4492 2440 4563 μή
2474 4508 2534 4545 σε
2570 4490 2836 4545 ἀπατάτω
2862 4490 2895 4561 ἡ
2918 4488 3150 4548 διάνοια,
3176 4486 3273 4541 καὶ
3300 4482 3710 4575 προσέλθῃς
3731 4481 3839 4575 Titii

557 4573 661 4628 ista
685 4572 958 4627 dicentem
993 4589 1007 4627 :
1042 4570 1208 4626 Pater
1237 4587 1383 4625 meus
1415 4581 1685 4641 operatur,
1709 4581 1757 4626 et
1778 4589 1871 4644 ego
1894 4589 2081 4643 operor
2100 4584 2144 4632 ³.

2258 4582 2327 4647 ὡς
2350 4583 2544 4654 δούλῳ,
2584 4582 2679 4636 καὶ
2723 4582 2797 4652 μὴ
2824 4581 2900 4645 ὡς
2932 4578 3175 4651 ἀληθινῷ
3200 4577 3472 4648 Δεσπότῃ.
3498 4576 3562 4629 Ei
3589 4574 3705 4647 γὰρ
3733 4573 3837 4628 δοῦ-

556 4663 773 4730 Qnibus
824 4662 1009 4719 verbis
1060 4662 1428 4719 communiter
1471 4678 1658 4719 secum
1713 4664 1926 4721 etliccre
1962 4669 2148 4723 omnia

2258 4672 2343 4737 λος
2387 4670 2478 4744 ἦν,
2525 4674 2621 4727 καὶ
2662 4672 2765 4726 οὐκ
2804 4672 3057 4741 ἀληθινὸς
3086 4670 3404 4740 Δεσπότης,
3448 4667 3568 4729 πῶς
3598 4666 3836 4735 μηρφὴν

556 4758 775 4811 Patrem
820 4754 1112 4826 significat.
1145 4754 1347 4812 Verum
1392 4770 1526 4812 cave
1562 4772 1630 4811 ne
1676 4768 1728 4813 te
1772 4765 1864 4813 tua
1898 4774 2054 4814 mens
2090 4760 2144 4815 in

2258 4765 2480 4821 δούλου
2513 4768 2810 4822 ἀνέλαϐεν
2856 4764 3028 4819 ἐλθὼν
3066 4767 3096 4819 6
3139 4764 3209 4818 ἐν
3233 4761 3439 4833 μορφῇ
3472 4759 3622 4816 Θεοῦ
3650 4758 3839 4826 ὑπάρ-

554 4863 798 4904 errorem
821 4848 1081 4912 abducat,
1104 4855 1164 4902 ut
1190 4849 1256 4903 ad
1277 4846 1497 4915 Filium,
1521 4858 1783 4919 tanquam
1809 4849 1876 4904 ad
1901 4866 2144 4917 servum,

2258 4875 2415 4925 κων;
2462 4858 2581 4922 πῶς
2627 4858 2685 4911 δὲ
2731 4858 2941 4912 ἐκείνου
2994 4854 3428 4927 συνδημιουργδν
3485 4852 3673 4907 ἐκάλει
3718 4853 3837 4904 ἑαυ-

555 4956 666 4997 non
697 4956 885 4997 verum
918 4956 983 4996 ac
1024 4941 1330 5014 legitimum
1372 4940 1665 4998 Dominum
1708 4943 1962 5002 accedas.
2007 4944 2145 5001 Nam

2258 4950 2373 5015 τὸν,
2427 4950 2476 5002 εἰ
2530 4950 2605 5024 μὴ
2646 4946 2761 5021 εἶχε
2808 4951 2870 5004 τὸ
2919 4949 3159 5015 τέλειον;
3205 4946 3297 5012 Ὠς
3348 4944 3469 5017 Θεῷ
3516 4940 3611 4999 οὖν
3652 4942 3838 5008 τελείῳ

666 5123 683 5153 ί
720 5120 1015 5195 Joan._xx,
1057 5123 1145 5178 Π.
1229 5126 1250 5157 ²
1294 5123 1457 5179 Mieh.
1498 5141 1553 5191 ν,
1590 5123 1648 5179 2.
1734 5124 1757 5156 ³
1795 5123 1956 5182 Joan.
1998 5142 2099 5195 xu,
2137 5130 2152 5183 l

2305 5131 2326 5163 ⁸
2365 5130 2495 5195 Sap.
2538 5146 2638 5195 vn,
2674 5131 2763 5186 21.
2841 5129 3039 5186 'Joan.
3079 5144 3135 5193 v,
3178 5128 3266 5185 17.
3416 5126 3523 5182 ‘F.
3558 5121 3838 5181 ἀναλάϐω-

2305 5131 2326 5163 δ
2365 5130 2495 5202 Sap.
2538 5146 2638 5197 vn,
2674 5131 2763 5186 21.
2841 5129 3039 5186 'Joan.
3079 5144 3135 5193 v,
3178 5128 3266 5185 17.

557 5207 632 5259 σι,
658 5200 711 5249 et
737 5193 1082 5264 ἐρωτήσωσι.

628 5348 739 5433 (27)
780 5348 1107 5433 Communis
1144 5356 1243 5433 est
1275 5349 1511 5433 Patrnm_
1556 5350 1828 5433 sententia
1889 5360 2135 5433 sanctam
2242 5349 2569 5433 compendio
2620 5349 2768 5433 illam
2818 5347 3091 5433 expedire
3145 5361 3344 5433 avens,
3407 5346 3550 5433 inter

556 5416 885 5476 Trinitatem
925 5421 1017 5474 illo
1054 5420 1177 5475 libri
1203 5420 1481 5476 Gcneseos
1498 5422 1638 5481 loco,
1661 5419 1945 5475 Faciamus
1966 5422 2138 5474 Itomi-
2243 5416 2532 5475 consulere
2573 5419 2776 5485 poteris
2816 5416 3099 5472 Patavium
3146 5418 3199 5473 in
3246 5417 3343 5471 lib.
3393 5432 3408 5471 ι
3469 5416 3545 5471 De
3579 5416 3835 5470 Trinitale

555 5508 697 5554 nem,
740 5501 873 5557 etc.,
901 5490 1217 5546 adumbrari
1249 5492 1661 5561 signiﬁcatione
1687 5494 1923 5561 quadam
1973 5500 2140 5559 atque
2244 5506 2366 5559 cap.
2396 5491 2446 5552 7,
2469 5508 2497 5544 ιι
2521 5505 2753 5545 numero
2781 5490 2815 5544 4
2839 5490 2907 5544 ad
2940 5490 3031 5561 I5.
3060 5485 3348 5561 Neminem
3378 5487 3838 5561 latetcatliolicos

556 5561 831 5616 denotari.
880 5561 1038 5632 Quod
1074 5561 1165 5615 hic
1197 5557 1483 5632 coniendit
1525 5557 1888 5632 Epiphanius,
1944 5557 2143 5632 repetit
2246 5557 2534 5630 theologos
2559 5561 2612 5614 in
2640 5561 2937 5631 praesentia
2970 5558 3322 5632 adversarios
3348 5557 3586 5632 experiri
3618 5570 3838 5632 non_su—

556 5632 755 5685 deinde
802 5633 857 5686 in
906 5624 1143 5685 Panario
1191 5641 1245 5685 et
1285 5632 1354 5685 de
1396 5624 1681 5686 Samaritae
1729 5646 1898 5699 agens
1945 5624 2139 5687 hzéresi
2248 5632 2361 5699 lum
2394 5624 2778 5687 A'rianos'sive
2814 5638 3048 5695 veteres,
3092 5630 3209 5685 sive
3243 5624 3622 5694 recentiores,
3653 5624 3748 5680 sed
3787 5632 3836 5677 et

557 5714 788 5757 numero
828 5703 882 5767 5,
913 5712 966 5755 et
1000 5703 1066 5756 de
1113 5703 1307 5756 hmresi
1345 5700 1437 5763 23,
1485 5717 1716 5756 numero
1748 5698 1803 5755 ‘2.
1840 5699 2145 5757 Vide-antur
2248 5698 2488 5757 Judacos.

558 5784 621 5825 ea
649 5770 715 5827 de
745 5788 799 5828 re
836 5772 980 5828 sacri
1007 5774 1206 5827 divina:
1236 5771 1539 5841 Scriptura:
1568 5772 1931 5841 interpretes;
1964 5783 2053 5827 aut
2096 5774 2145 5829 si
