3950 6442
202 366 253 424 (ii
1620 373 2071 445 ANCORA'I‘US,
3308 396 3311 397 '
3441 373 3509 436 70

210 488 474 575 πρόσελθε
541 492 635 566 τῷ
696 491 817 567 Υίῷ
891 493 987 550 καὶ
1057 493 1170 567 Υίῷ
1224 493 1436 568 γνησίῳ
1484 494 1601 551 ὄντι
1664 496 1819 571 παρά

1931 497 1977 553 si
2012 513 2230 566 servus,
2265 515 2375 556 non
2416 512 2580 557 verus
2611 509 2759 559 esset
2796 502 3089 571 Dominus,
3120 506 3257 562 servi
3288 503 3522 577 formam

215 582 438 654 Πατρός.

1933 590 2209 661 quomodo
2249 592 2470 651 tandem
2524 594 2784 652 induisset
2832 598 2911 664 is,
2970 600 3060 668 qui
3094 600 3149 653 in
3206 600 3379 669 forma
3423 603 3528 659 Dei

225 653 326 730 erat
349 677 369 708 ι
394 674 423 730 2
466 685 576 732 aut
606 676 892 748 quomodo
938 691 999 733 se
1042 653 1187 733 cum.
1210 676 1302 733 illo
1352 694 1538 734 rerum
1576 678 1825 735 omnium
1870 653 2123 752 opiﬁcem
2155 699 2280 741 esse
2317 685 2550 753 diceret,
2580 689 2689 743 nisi
2725 653 2995 761 perlecta.
3027 698 3175 747 esset
3206 653 3520 748 Idivinitate

234 767 522 839 praeditus?
574 766 774 840 Itaque
817 769 885 825 ad
950 765 1150 825 Filium
1201 770 1284 827 sic
1334 778 1599 843 tauquam
1669 772 1736 827 ad
1784 773 2087 844 perfectum
2122 775 2291 833 Deum
2366 793 2432 835 ac
2489 780 2793 853 legitimum
2831 797 2860 837 a
2912 780 3078 839 Patre
3132 783 3518 855 procedentem

234 862 424 920 Filium
449 865 730 921 accedito.

299 952 430 1012 ΚΘ.
467 956 589 1011 Kal
622 955 701 1027 μὴ
727 956 816 1011 διὰ
851 956 1140 1013 κακόνοιαν
1174 957 1335 1030 εῐπῃς
1355 975 1368 989 ’
1434 958 1599 1013 Ἀλλά
1635 959 1665 1013 6
1705 960 1823 1014 Πα-

237 1050 339 1123 τὴρ
369 1045 493 1104 εἷπε
540 1048 621 1122 τῷ
652 1049 789 1123 Υίῷ,
838 1049 1211 1121 Ποιήσωμεν,
1241 1053 1270 1106 6
1314 1051 1372 1106 δὲ
1406 1052 1536 1117 Υἱὸς
1572 1052 1673 1107 οὐκ
1702 1048 1825 1107 εἶπε

237 1142 314 1214 τῷ
344 1143 550 1216 Πατρὶ,
598 1143 988 1215 Ποιήσωμεν·
1038 1145 1136 1200 καὶ
1174 1147 1204 1200 6
1235 1147 1365 1212 Υἱὸς
1415 1147 1477 1201 οὐ
1521 1148 1692 1218 λέγει,
1740 1150 1827 1204 ὃτι

248 1234 392 1304 Ἐγὼ
423 1237 732 1311 ἐργάζομαι
778 1237 875 1293 καὶ
911 1239 940 1293 6
972 1238 1165 1312 Πατήρ
1205 1257 1307 1312 μου
1341 1239 1654 1313 ἔργάζεται,
1686 1240 1824 1299 ἀλλὰ

231 1327 326 1383 τδν
361 1329 588 1402 Πατέρα
628 1329 814 1385 τάττει
847 1330 1065 1399 πρῶτον
1113 1331 1342 1403 λέγοντα
1373 1344 1468 1389 και
1512 1334 1823 1408 ὲργαζόμευ

231 1441 346 1479 νον.
400 1421 577 1477 Τοῦτο
615 1422 745 1503 γὰρΔ
768 1422 991 1494 ἠλιθίως
1016 1423 1222 1494 λέγεις,
1255 1427 1351 1480 καὶ
1402 1427 1604 1494 πολλὰς
1648 1429 1826 1503 ἀρχὰς

229 1515 416 1580 θέλεις
444 1519 597 1572 νοεῐν
619 1517 680 1571 τὸ
706 1499 858 1572 Θεϊον
878 1535 893 1549 ⁸
928 1518 1027 1590 μία
1057 1518 1115 1573 δέ
1138 1520 1286 1575 ἐστιν
1312 1520 1456 1593 ἀρχὴ
1489 1521 1585 1575 καὶ⁵
1631 1499 1824 1595 ήαὺτὴ

231 1608 339 1679 μία
388 1608 625 1681 Θεότης·
675 1608 912 1680 οὐδαμοῦ
957 1609 1014 1664 δὲ
1053 1610 1113 1665 ὲν
1143 1608 1221 1683 τῷ
1269 1612 1389 1684 Θεῷ
1421 1614 1451 1666 6
1490 1613 1617 1678 Υίὸς
1644 1613 1826 1684 λέγει’

228 1703 388 1771 Θεός
407 1720 554 1773 μου,
582 1702 684 1757 οὐκ
707 1701 1044 1774 ἀρνουμένου
1069 1703 1125 1758 δὲ
1148 1704 1245 1759 τοῦ
1277 1704 1409 1760 Υίοῦ
1438 1706 1539 1778 τὴν
1565 1707 1704 1781 πρὸς
1736 1709 1829 1764 τὸν

2002 953 2112 1030 34
2149 953 2342 1012 XXIX.
2381 956 2495 1013 Nec
2542 958 2676 1014 illud
2722 977 2789 1016 ex
2838 960 3137 1034 depravata
3182 967 3351 1024 animi
3389 985 3518 1026 sen-

1932 1052 2103 1105 tentia
2131 1050 2292 1107 nobis
2322 1050 2547 1122 objicito
2576 1071 2592 1110 :
2624 1051 2841 1111 Patrem
2869 1057 3088 1128 quidem
3121 1059 3262 1116 Filio
3289 1063 3517 1131 dixisse,

1932 1136 2264 1206 Faciamus;
2298 1138 2498 1197 Filium
2543 1151 2724 1201 autem
2755 1144 2900 1200 idem
2939 1147 3182 1204 vicissim
3215 1149 3366 1206 Patri
3405 1169 3516 1209 non

1930 1231 2162 1290 dixisse.
2219 1236 2693 1303 Quemadmodum
2745 1240 2888 1296 idem
2946 1241 3119 1298 Filius
3173 1260 3284 1299 non
3335 1246 3516 1303 dicit:

1932 1321 2045 1396 Ego
2086 1342 2306 1397 operor,
2337 1337 2393 1386 et
2431 1329 2593 1387 Pater
2635 1348 2790 1390 meus
2834 1343 3131 1405 operatur;
3171 1337 3268 1393 sed
3299 1338 3517 1396 Patrem

1931 1417 2116 1487 priore
2150 1421 2275 1476 loco
2311 1422 2583 1478 dicentem
2611 1435 3044 1498 operantemque
3080 1430 3337 1487 collocat.
3379 1432 3518 1488 Nam

1932 1505 2037 1562 hoc
2075 1508 2415 1579 ineptissime
2447 1510 2677 1579 dixeris,
2726 1523 2781 1571 et
2833 1517 2890 1571 in
2930 1518 3089 1587 plura
3120 1521 3387 1594 principia
3423 1522 3518 1577 Di-

1934 1598 2216 1657 vinitatem
2268 1603 2464 1673 partiri
2517 1605 2657 1661 velle
2719 1607 3014 1666 videberis.
3067 1608 3258 1667 Unum
3314 1615 3520 1685 quippe

1932 1693 2265 1767 principium
2295 1702 2381 1752 est
2427 1706 2483 1752 et
2520 1698 2708 1754 eadem
2751 1714 2816 1755 ac
2871 1700 3171 1773 singularis
3218 1703 3515 1772 Divinitas.

225 1794 463 1866 Πατέρα
497 1794 661 1867 τιμὴν
702 1793 868 1864 λέγω,
903 1795 1040 1851 ἀλλά
1081 1796 1201 1862 πῶς
1228 1797 1343 1869 ἔχει
1382 1799 1417 1871 ἠ
1445 1802 1548 1872 τῆς
1573 1799 1820 1873 θεότητος

1933 1802 2207 1858 nusquam
2246 1784 2377 1844 vero
2415 1792 2721 1847 secundum
2763 1791 3107 1851 divinitatem
3139 1795 3313 1856 Filius
3342 1797 3516 1865 dixit,

225 1886 556 1941 ἀκολουθία.
618 1886 728 1941 Kal
779 1887 941 1942 πάλιν
959 1903 974 1918 ο
1020 1890 1326 1945 Ἤκουσεν
1395 1890 1576 1963 Ἀδὰμ
1594 1933 1610 1957 ,
1665 1894 1823 1965 φησὶ,

222 1977 343 2032 τοῦ
402 1976 553 2032 Θεοῦ
600 1968 1073 2048 περιπατοῦντος
1122 1979 1194 2034 ἐν
1243 1979 1324 2048 τῷ
1367 1984 1714 2052 παραδείσῳ
1756 1986 1826 2042 τὸ

222 2067 508 2123 δειλινόν
525 2084 541 2099 ·
569 2070 666 2125 καὶ
698 2068 937 2141 οὐδαμοῦ
962 2088 1126 2144 φησιν
1164 2073 1194 2125 6
1224 2074 1372 2142 Υίὸς,
1409 2077 1559 2133 Θεόν
1577 2097 1699 2149 μου
1725 2080 1827 2135 καί

226 2159 393 2215 Θεὸν
434 2158 634 2230 ὑμῶν,
683 2160 819 2216 ἀλλὰ
866 2162 1003 2217 Θεὸν
1051 2165 1318 2238 αὐτοτελῆ
1362 2168 1609 2225 ’ἐνταῦθα
1654 2170 1821 2241 λέγει.

222 2253 347 2307 Kal
394 2252 564 2309 πάλιν
583 2270 597 2283 ·
645 2255 757 2310 Kal
808 2255 1122 2325 ἐλάλησεν
1171 2262 1206 2315 ό
1253 2259 1400 2328 Θεὸς
1430 2260 1512 2329 τῷ
1538 2262 1688 2326 Νῶε.
1728 2266 1825 2320 καὶ

221 2344 477 2417 οὐδαμοῦ
524 2346 828 2419 ἐμφέρεται
876 2349 910 2420 ἡ
963 2350 1191 2423 τοιαύτη
1240 2351 1408 2420 λέξις.
1465 2355 1578 2413 Kal
1630 2355 1823 2427 ὤφθη,

223 2436 427 2508 φησὶν.
464 2439 501 2492 δ
544 2437 690 2507 θεὸς
725 2438 807 2506 τῷ
865 2440 1156 2516 Ἀϐραὰμ,
1195 2443 1590 2516 καθεζομένου
1634 2448 1824 2504 αὐτοῦ

222 2530 390 2599 πρὸς
415 2529 498 2599 τῇ
534 2529 675 2599 δρυῒ
700 2530 778 2602 τῇ
802 2532 1082 2604 Μαμϐρῆ,
1111 2536 1211 2591 καὶ
1239 2536 1369 2592 ιδοὺ
1396 2536 1555 2606 τρεῖς
1584 2537 1822 2606 ἄνδρες,

222 2623 328 2679 καὶ
373 2621 635 2696 Wagner
671 2625 761 2691 είς
793 2626 1198 2695 συνάντησιν,
1229 2628 1330 2683 καί
1358 2630 1826 2699 προσεκύνησεν

220 2715 327 2769 ἐπὶ
360 2716 484 2785 τὴν
510 2717 648 2789 γῆν,
682 2721 784 2775 καὶ
810 2712 1014 2776 εἶπεν
1044 2721 1116 2778 El
1141 2715 1325 2794 εὖρον
1354 2720 1533 2789 χάριν
1567 2722 1827 2779 ἐνώπιόν

220 2821 366 2863 σου.
425 2808 547 2862 Ἰνα
584 2809 679 2864 τὸν
718 2810 815 2865 ἕνα
852 2811 1003 2886 δείξῃ
1039 2813 1196 2879 Θεὸν,
1243 2816 1375 2879 τοὺς
1414 2810 1474 2870 δὲ
1520 2813 1824 2885 συνεπομέ-

221 2915 349 2961 νους
392 2897 546 2968 αὐτῷ
594 2899 789 2964 ἄλλους
832 2900 927 2955 δύο
972 2902 1242 2971 ἀγγέλους
1283 2901 1475 2959 αὑτοῦ.
1533 2899 1673 2973 Περὶ
1715 2901 1823 2975 γᾴρ

219 2989 421 3043 τούτου
461 2991 578 3057 καὶ,
630 2993 839 3060 Ἀνέϐη
889 2996 924 3048 ό
972 2994 1119 3061 Θεὸς
1158 2995 1275 3068 ἀπὸ
1321 2996 1611 3067 Ἀϐραάμο
1657 2992 1824 3065 αὐτὸς

220 3084 322 3136 καὶ
353 3086 385 3137 ὁ
411 3082 587 3138 ἐλθὼν
620 3084 760 3156 πρὸς
802 3085 965 3140 αὐτὸν
1005 3085 1188 3155 λέγει’
1220 3086 1320 3156 Μὴ
1357 3090 1568 3158 κρύψω
1596 3105 1654 3145 τι
1699 3074 1821 3146 ἀπὸ

1932 1880 2073 1937 Deus
2105 1898 2270 1937 meus.
2308 1882 2465 1950 Quod
2507 1899 2618 1939 non
2655 1899 2723 1940 eo
2761 1885 2910 1952 dico,
2939 1887 3096 1959 quasi
3126 1885 3301 1947 Filius
3354 1905 3518 1948 suum

1927 1972 2079 2030 Patri
2112 1974 2377 2031 honorem
2427 1977 2697 2048 deneget;
2746 1978 2841 2036 sed
2888 1980 3036 2051 quod
3063 1981 3337 2037 divinitati
3377 2000 3518 2039 con-

1927 2076 2252 2124 sentaneum
2306 2075 2393 2124 est
2446 2084 2718 2140 propono.
2776 2071 3021 2128 Rursus:
3074 2071 3290 2129 Audiuit
3319 2075 3516 2145 Adam,

1925 2157 2140 2229 inquit,
2177 2158 2349 2214 Deum
2391 2160 2752 2218 ambulantem
2797 2164 2853 2218 in
2894 2166 3151 2233 paradiso
3196 2170 3292 2221 sub
3340 2184 3517 2238 vespe-

1926 2268 2042 2305 ram
2076 2254 2097 2285 ¹
2132 2270 2146 2307 :
2196 2268 2299 2309 nec
2338 2268 2571 2325 usquam
2614 2253 2816 2323 Filius,
2855 2255 3027 2311 Deum
3055 2274 3227 2313 meum
3254 2277 3318 2314 ac
3346 2260 3518 2316 Deum

1924 2354 2158 2400 uestrum
2192 2385 2209 2414 ,
2269 2346 2365 2403 sed
2424 2346 2595 2402 Deum
2627 2348 2880 2405 absolute
2922 2350 3085 2406 dixit.
3135 2350 3313 2409 Item:
3373 2354 3516 2411 Deus

1927 2435 2133 2493 Noemo
2176 2437 2383 2494 loculus
2431 2448 2509 2494 est
2540 2439 2583 2506 ³,
2635 2455 2737 2496 nec
2778 2441 2992 2510 uspiam
3032 2457 3136 2498 vox
3167 2444 3260 2498 illa
3297 2445 3515 2516 legitur.

1926 2526 1997 2581 Et
2031 2530 2311 2605 apparuit,
2350 2529 2567 2601 inquit,
2602 2531 2741 2586 Deus
2773 2532 3079 2589 Abraltamo
3103 2574 3119 2600 ,
3147 2536 3361 2592 sedente
3402 2540 3517 2607 ipso

1926 2619 1997 2675 ad
2036 2637 2287 2691 quercum
2317 2620 2561 2678 Humbre
2589 2639 2610 2679 :
2646 2633 2698 2680 et
2736 2641 2852 2681 ecce
2882 2634 2989 2681 tres
3027 2628 3157 2693 viri;
3198 2640 3249 2684 et
3280 2631 3517 2685 cucurrit

1924 2712 2131 2768 obviam
2171 2713 2306 2777 illis,
2333 2723 2384 2768 et
2407 2714 2656 2770 adoravit
2680 2730 2882 2782 pronus
2910 2717 2965 2771 in
2991 2725 3192 2772 terram
3222 2736 3286 2774 ac
3331 2720 3471 2776 dixit
3498 2741 3513 2778 :

1925 2803 1986 2860 Si
2019 2804 2191 2859 iuveni
2216 2805 2450 2876 gratiam
2487 2822 2669 2861 coram
2706 2818 2754 2862 te
2782 2807 2826 2862 ⁸.
2870 2806 3083 2876 Quibus
3118 2812 3303 2869 verbis
3344 2830 3515 2869 unum

1924 2894 2069 2950 inter
2098 2895 2221 2951 illos
2251 2911 2374 2952 esse
2391 2894 2582 2962 Deum,
2607 2898 2745 2954 alios
2774 2915 2901 2955 vero
2926 2899 3067 2957 duos
3088 2903 3318 2959 comites
3342 2904 3517 2974 ipsius

1926 2985 2149 3058 angelos
2169 3001 2314 3041 esse.
2344 2984 2481 3041 Nam
2511 2997 2565 3043 et
2591 2988 2784 3044 eodem
2812 2991 3070 3062 pertinet,
3101 2993 3248 3063 quod
3271 2994 3516 3051 dicitur:

1923 3075 2176 3137 Ascendit
2211 3076 2355 3139 Deus
2396 3076 2461 3138 ab
2505 3078 2832 3137 Abraltamo.
2889 3081 2995 3149 Qui
3040 3094 3224 3149 autem
3259 3087 3328 3142 ad
3360 3087 3514 3143 illum

220 3176 336 3232 τοῦ
368 3176 588 3245 παιδός
622 3195 745 3248 μου
801 3179 1097 3249 Ἀϐραάμ;
1144 3179 1412 3251 Κραυτὴ,
1448 3183 1603 3253 φησὶ,
1633 3182 1818 3237 Σοδό-

1927 3181 2149 3231 venerat
2199 3174 2283 3232 sic
2332 3190 2461 3232 eum
2515 3172 2866 3242 alloquitur:
2915 3173 3064 3229 Num
3108 3176 3280 3231 celare
3328 3188 3513 3249 potero

216 3286 355 3338 μων
386 3268 487 3323 καὶ
517 3268 830 3340 Γομόρρας
854 3270 1274 3340 πεπλήθυνται
1309 3269 1463 3341 πρὸς
1489 3270 1590 3342 με,
1613 3272 1708 3327 καὶ
1750 3274 1820 3327 τά

221 3361 380 3433 ἑξῆς.
407 3360 542 3433 (Καὶ
563 3361 802 3433 οὐδαμοῦ
822 3363 1123 3435 ἐμφέρεται
1152 3364 1211 3418 ὲν
1236 3366 1351 3430 τοῖς
1375 3364 1591 3437 χρόνοις
1611 3365 1821 3430 τούτοις

220 3453 461 3523 τδ,Θεός
479 3470 602 3524 μου
627 3453 727 3508 καὶ
745 3455 891 3522 Θεὸς
917 3453 1104 3525 ὑμῶν.
1122 3454 1141 3524 )
1162 3455 1271 3511 Kal
1301 3456 1597 3527 εἰσῆλθον
1624 3461 1678 3514 οί
1707 3459 1820 3515 δύο

220 3542 449 3612 ἄνδρες
477 3546 566 3611 είς
598 3544 835 3614 Σόδομα
856 3562 871 3577 ·
906 3545 983 3610 ὡς
1009 3546 1105 3601 τοῦ
1137 3546 1535 3620 ἀναϐεϐηκότος
1562 3549 1820 3623 ὑπεράνω

218 3635 322 3691 τοῦ
363 3635 619 3707 ’Δϐραὰμ
657 3635 1080 3707 ἀπολειφθέντος
1109 3638 1220 3694 ἀπὸ
1259 3638 1370 3694 τῶν
1411 3639 1507 3706 δύο
1548 3640 1820 3698 εἰσελθόν-

217 3746 335 3784 των
364 3732 450 3793 είς
496 3728 703 3801 Σόδομα
755 3730 848 3784 ἐπὶ
877 3733 944 3804 τῇ
992 3735 1377 3807 καταστροφῇ.
1421 3733 1562 3806 Περὶ
1613 3735 1675 3790 δὲ
1719 3735 1817 3789 τοῦ

218 3819 633 3891 ἀναϐεϐηκότος
662 3821 830 3893 φησὶν
871 3824 905 3895 ὴ
941 3823 1131 3897 Γραφή
1157 3840 1172 3856 ο
1201 3824 1315 3880 Kal
1352 3826 1561 3895 ἔϐρεξε
1599 3827 1819 3898 Κύριος

218 3913 324 3968 ἔπι
380 3912 617 3984 Σόδομα
659 3914 759 3969 καί
793 3912 1068 3986 Γόμορρα
1098 3917 1260 3986 παρὰ
1296 3920 1526 3989 Κυρίου
1562 3920 1684 3991 πῦρ
1716 3922 1818 3977 και

218 4008 408 4062 θεῖον.
470 4008 582 4061 Kal
624 4008 725 4062 οὐκ
750 4004 819 4080 ἦν
866 4012 966 4081 τῆς
1012 4007 1213 4076 λέξεως
1260 4012 1421 4084 χρεία
1474 4014 1574 4069 τοῦ
1617 4016 1816 4082 εἰπεῖν,

219 4100 380 4153 Θεόν
406 4116 529 4167 μου
557 4098 658 4153 καί
687 4099 836 4154 Θεὸν
863 4100 1054 4170 ὑμῶν.
1084 4101 1197 4156 Kal
1224 4104 1431 4177 Μωσῆς
1462 4122 1630 4177 φησιν
1660 4108 1721 4162 ἐν
1747 4109 1815 4179 τῇ

215 4191 334 4263 ᾠδῇ
359 4208 375 4223 ⁸
407 4191 519 4246 Kal
560 4191 1171 4261 προσκυνησάτωσαν
1194 4195 1356 4262 αὐτῷ
1383 4197 1609 4265 πάντες
1645 4198 1818 4271 ἀγγε-

212 4287 319 4339 Jac
344 4283 517 4340 Θεοῦ.
537 4284 663 4338 Ἐὰν
681 4284 739 4338 δὲ
761 4284 892 4358 εῐτιῃ
915 4286 1159 4358 ἄγγελοι
1184 4287 1355 4355 Θεοῦ,
1374 4290 1497 4359 πῦρ
1525 4292 1686 4359 παρὰ
1697 4294 1815 4348 Κυ-

212 4375 381 4443 ρίου,
423 4375 519 4429 καὶ
545 4376 620 4447 μὴ
652 4375 782 4449 εἴπῃ
823 4377 1065 4448 ἄγγελοι
1108 4377 1289 4450 μόνον.
1338 4380 1487 4451 λέγει
1518 4381 1697 4448 τοῦτο,
1732 4382 1819 4438 ἵνα

214 4465 372 4538 δείξῃ
410 4466 506 4520 τοῦ
534 4467 746 4539 Πατρδς
773 4469 985 4524 καὶτοῦ
1012 4470 1143 4526 Υίοῦ
1173 4470 1233 4525 ἓν
1264 4471 1557 4543 βασίλειον,
1591 4475 1688 4531 καὶ
1716 4475 1818 4546 ἀγ-

213 4559 399 4629 γέλων
430 4558 509 4631 μὴ
537 4560 909 4632 μεριζομένων
928 4564 1008 4630 είς
1026 4563 1224 4636 ἀρχὰς,
1246 4564 1386 4620 ἀλλά
1407 4566 1654 4636 ἀγγέλων
1668 4568 1820 4625 Θεοῦ

212 4652 415 4715 ὄντων,
451 4653 900 4725 προσκυνούντων
925 4655 984 4711 δὲ
1013 4656 1094 4730 τῷ
1125 4657 1242 4730 Υίῷ
1263 4658 1360 4712 καὶ
1403 4658 1525 4730 Θεῷ
1542 4675 1557 4689 θ
1588 4658 1818 4729 ἄγγελος

215 4744 331 4817 γὰρ
351 4744 575 4817 ἀγγέλῳ
622 4747 685 4802 οὐ
734 4750 1079 4819 προσκυνεῖ..
1108 4751 1223 4807 Καὶ
1266 4751 1509 4825 οὐδαμοῦ
1557 4753 1816 4820 ἐνταῦθα,

218 4837 372 4907 Θεός
388 4856 512 4909 μου
537 4838 641 4894 καί
662 4842 808 4908 Θεὸς
834 4841 1024 4913 ὑμῶν.

288 5013 379 5069 Δ’.
411 5012 578 5068 Δαϐὶδ
616 5013 673 5069 δέ
728 5032 864 5088 φησι
908 5032 925 5049 ο
950 5012 1139 5073 Elaeu-
1185 5019 1221 5073 ό
1258 5018 1477 5087 Κύριος
1500 5018 1583 5086 τῷ
1617 5021 1818 5090 Κυρίῳ

212 5122 360 5175 μου,
394 5104 594 5160 Κάθου
627 5106 697 5161 ἐκ
744 5104 962 5172 δεξιῶν
983 5125 1128 5180 μου,
1159 5107 1273 5177 ἕως
1316 5108 1397 5163 ἂν
1429 5107 1513 5165 θῶ
1541 5109 1685 5177 τοὺς
1711 5111 1814 5181 ἐκ·

213 5199 407 5269 θρούς
454 5215 573 5254 σου
619 5199 957 5256 ὑποπόδιον
1005 5198 1127 5255 τῶν
1172 5200 1377 5257 ποδῶν
1427 5218 1567 5258 σου.
1597 5203 1815 5274 Κύριος

212 5293 355 5364 γὰρ
395 5291 554 5364 φησιν
607 5291 687 5359 τῷ
723 5293 920 5363 κυρίῳ
961 5310 1120 5364 μου·
1159 5295 1195 5366 ἡ
1237 5292 1347 5364 γὰρ
1391 5295 1677 5366 οἰκονομία
1714 5296 1815 5367 τῆς

210 5384 429 5456 σαρκὸς
465 5383 622 5441 οὔπω
648 5381 738 5459 ἦν,
787 5381 859 5458 ἧς
900 5386 1062 5459 χάριν
1111 5388 1273 5461 χρεία
1317 5382 1387 5460 ἦν
1421 5389 1596 5443 εἰπεῖν
1629 5388 1815 5457 αὐτὸν,

210 5477 377 5532 Θεόν
404 5495 538 5548 μου
553 5478 655 5533 καί
676 5478 828 5534 Θεὸν
854 5479 1040 5549 ὑμῶν.
1079 5478 1214 5547 Kal,
1255 5479 1414 5536 Ἰδοὺ
1447 5480 1486 5549 ἠ
1517 5480 1819 5551 παρθένος

206 5567 289 5624 ὸν
311 5570 531 5642 γαστρί
571 5569 855 5641 λήψεται,
901 5569 1000 5627 καί
1024 5571 1260 5638 τέξεται
1288 5572 1426 5627 utor
1446 5588 1461 5602 ο
1488 5571 1589 5627 καὶ
1632 5571 1816 5628 me-

1846 4523 1897 4584 D

1921 3264 2206 3343 quidquam
2236 3280 2460 3334 puerum
2500 3280 2675 3323 meum
2711 3264 3079 3327 Abraltamum
3102 3271 3129 3326 2
3150 3268 3391 3336 Clamor,
3423 3271 3513 3326 in-

1920 3357 2074 3430 quit,
2124 3355 2478 3426 Sodomorum
2534 3370 2586 3416 et
2643 3359 2953 3419 Gomorrha:
2995 3361 3386 3436 multiplicatus
3431 3375 3514 3422 est

1921 3449 2063 3518 apud
2109 3466 2212 3505 me.
2261 3449 2344 3524 (In
2384 3452 2470 3510 his
2523 3455 2781 3515 omnibus
2836 3458 3179 3528 temporibus
3238 3473 3515 3528 nusquam

1920 3541 2070 3599 istud
2101 3542 2345 3616 legitur:
2392 3543 2537 3602 Deus
2575 3563 2722 3602 meus
2766 3557 2817 3602 et
2864 3547 3009 3604 Deus
3067 3549 3282 3620 vester.)
3321 3549 3391 3606 Et
3427 3551 3518 3607 in-

1918 3638 2091 3709 gressi
2118 3645 2244 3694 sunt
2282 3637 2388 3692 duo
2436 3637 2538 3694 viri
2583 3630 2841 3695 Sodoma.
2890 3639 3189 3711 Propterea
3230 3641 3376 3712 quod
3417 3640 3512 3713 qui

1920 3729 2210 3800 superiora
2250 3731 2635 3787 conscendens
2680 3731 2752 3788 ab
2793 3731 3112 3788 Abrahamo
3147 3731 3510 3798 discesserat.

1920 3821 2064 3878 duos
2101 3820 2230 3880 illos
2285 3822 2586 3894 reliquerat
2627 3822 2724 3895 qui
2768 3821 3009 3881 Sodoma
3053 3825 3122 3881 ad
3154 3824 3513 3882 evertendam

1922 3913 2163 3986 ingressi
2210 3913 2469 3983 fuerant;
2518 3914 2588 3972 de
2624 3930 2734 3987 quo
2774 3914 3057 3987 Scriptura
3092 3916 3173 3973 sic
3213 3918 3461 3988 loquitur
3494 3936 3509 3974 :

1921 4005 1990 4061 Et
2020 4006 2160 4079 pluit
2208 4005 2476 4063 Dominus
2524 4023 2682 4079 super
2720 4007 3016 4065 Sodomam
3059 4020 3110 4065 et
3161 4007 3517 4065 Gomorrbam

1919 4100 2091 4171 ignem
2123 4106 2175 4155 et
2211 4099 2437 4169 sulphur
2469 4116 2504 4154 α
2531 4098 2779 4156 Domino.
2819 4099 3011 4172 Neque
3041 4101 3130 4159 his
3162 4101 3346 4158 verbis
3381 4101 3514 4156 atti-

1921 4190 2088 4247 nebat
2115 4189 2218 4258 uti,
2253 4188 2397 4244 Deus
2424 4205 2571 4244 meus
2595 4198 2647 4244 et
2670 4189 2811 4245 Deus
2832 4200 3021 4246 vester.
3060 4190 3170 4246 Sed
3203 4180 3258 4248 et
3295 4190 3513 4263 Moyses

1920 4281 1978 4337 in
2006 4280 2252 4337 carmine
2297 4295 2435 4337 suo:
2477 4278 2549 4334 Et
2581 4279 2837 4347 adorent,
2884 4281 3099 4354 inquit,
3125 4283 3297 4350 ipsum
3329 4299 3515 4338 omnes

1919 4373 2096 4446 angeli
2129 4371 2227 4428 Dei
2258 4371 2302 4428 ⁸.
2326 4369 2485 4438 Quod
2521 4378 2705 4428 autem
2759 4372 2972 4445 angelos
3006 4370 3103 4426 Dei
3147 4379 3203 4427 et
3241 4372 3412 4443 ignem
3476 4389 3515 4426 α

1923 4467 2153 4524 Domino
2178 4466 2354 4534 dicit,
2396 4479 2576 4538 neque
2612 4465 2790 4522 solum
2823 4465 3063 4538 angelos;
3123 4464 3228 4519 hoc
3252 4478 3319 4521 eo
3350 4465 3515 4535 perti.

1918 4568 2046 4628 net,
2077 4567 2138 4616 ut
2167 4575 2340 4617 unum
2376 4557 2560 4614 Patris
2585 4555 2822 4629 Filiique
2852 4572 3079 4629 regnum
3109 4572 3236 4614 esse
3271 4556 3510 4625 doceat;

1918 4667 2045 4710 cum
2074 4651 2257 4723 angeli
2286 4650 2516 4708 minime
2546 4649 2605 4705 in
2638 4650 2871 4722 imperia
2898 4648 3244 4714 dividantur,
3278 4647 3375 4719 sed
3407 4664 3512 4703 an-

1917 4742 2029 4815 geli
2056 4741 2155 4798 Dei
2176 4742 2290 4799 sint
2324 4754 2393 4798 ac
2446 4739 2623 4796 Deum
2651 4741 2886 4796 adorent
2911 4747 2968 4797 et
3005 4726 3205 4796 Filium
3233 4758 3249 4795 :
3281 4738 3514 4811 angelus

1917 4834 2124 4908 quippe
2146 4834 2402 4906 angelum
2432 4848 2545 4890 non
2574 4832 2788 4888 adorat.
2819 4830 2930 4886 Nec
2950 4830 3064 4887 ullo
3089 4837 3221 4888 sunt
3250 4829 3356 4887 ista
3387 4830 3515 4886 loco

1919 4926 2131 4998 posita:
2169 4925 2316 4982 Deus
2334 4941 2481 4983 meus
2508 4933 2559 4981 et
2599 4923 2743 4980 Deus
2772 4933 2961 4978 vester.

1987 5013 2098 5090 35
2134 5013 2306 5072 XXX.
2356 5012 2444 5070 Ad
2480 5013 2598 5069 haec
2635 5010 2849 5067 David:
2896 5009 3053 5064 Dixit
3085 5006 3346 5064 Dominus
3407 5007 3515 5063 Do-

1921 5110 2068 5164 mino
2098 5124 2212 5164 meo
2238 5123 2258 5164 :
2294 5105 2430 5163 Sede
2473 5122 2508 5160 a
2548 5103 2753 5161 dextris
2805 5102 2959 5170 meis,
2989 5101 3154 5157 donec
3180 5116 3377 5174 ponam
3403 5101 3513 5155 iui-

1923 5203 2089 5257 micos
2131 5209 2249 5256 tuos
2296 5197 2588 5255 scabellum
2628 5196 2823 5268 pedum
2875 5204 3092 5251 tuorum
3118 5195 3162 5252 ⁸.
3215 5193 3518 5260 Dominus,

1921 5292 2126 5366 inquit,
2163 5290 2398 5347 Domino
2444 5305 2558 5345 meo
2582 5302 2603 5344 :
2632 5288 2879 5345 nondum
2928 5288 3076 5344 enim
3122 5287 3365 5347 hominis
3396 5293 3516 5342 erat
3591 5349 3597 5357 δ

1923 5392 2182 5457 suscepta
2221 5391 2448 5448 natura,
2493 5382 2570 5439 ob
2597 5396 2765 5453 quam
2820 5396 3050 5438 necesse
3087 5379 3341 5444 haberet,
3374 5377 3519 5433 Deus

1922 5494 2070 5535 meus
2099 5494 2164 5533 ac
2202 5475 2346 5534 Deus
2377 5485 2568 5542 vester,
2600 5475 2806 5532 dicere.
2831 5472 2964 5531 Item
2998 5493 3015 5530 :
3054 5472 3190 5528 Ecce
3216 5472 3363 5541 uirgo
3386 5487 3512 5525 ocn-

1921 5572 2102 5644 eipiet,
2145 5579 2198 5627 et
2234 5571 2405 5642 pariet
2434 5569 2645 5640 ﬁlium;
2680 5579 2731 5625 et
2768 5568 2977 5623 vocabis
3009 5581 3198 5622 nomen
3231 5565 3347 5635 ejus
3387 5561 3515 5619 Em-

308 5731 326 5763 ¹
353 5728 689 5808 Phi_lipp.n,
733 5731 791 5808 6.
870 5731 893 5763 ⁸
932 5730 1071 5808 Gen.
1112 5747 1194 5808 ut,
1226 5731 1282 5790 8.
1359 5731 1541 5796 ’Cen.
1579 5748 1659 5799 Vl,
1701 5732 1770 5789 12
1810 5747 1934 5806 sqq.
2010 5734 2033 5768 ⁸
2066 5732 2202 5790 Gen.
2245 5746 2404 5802 svnt,
2456 5729 2482 5786 1
2529 5747 2652 5805 sqq.
2695 5730 2832 5795 Gen.
2872 5744 2986 5796 xix,
3026 5728 3048 5784 Ι
3089 5742 3212 5802 sqq.
3289 5726 3315 5761 ⁸
3357 5720 3517 5777 Deut.

216 5815 397 5868 usu,
434 5803 521 5859 43.
599 5805 620 5837 ⁸
653 5803 809 5861 Psal.
850 5816 962 5868 ets,
1006 5804 1061 5858 l.
