3950 6412
481 340 543 394 ἸΙ
1889 336 1945 388 S.
1989 335 2073 390 ΕΡ

2181 335 2325 386 [ιλιι
3686 320 3752 370 72

481 430 692 485 naamtel
724 445 741 483 :
775 431 913 499 quod
945 437 1020 482 est
1059 429 1485 497 interpretatum,
1531 426 1822 481 Nobiscum
1859 425 1998 481 Deus
2027 428 2066 482 ί.

2181 442 2303 490 σεις
2332 423 2398 477 τὸ
2445 423 2631 491 ὄνομα
2680 421 2867 475 αὐτοῦ
2931 423 3313 491 Ἐμμανουήλ
3337 439 3350 453 ·
3403 423 3436 478 ὃ
3467 423 3637 480 ἐστιν
3667 424 3762 495 ἑρο

478 522 720 576 Necdum
743 521 992 590 usurpari
1023 530 1271 590 poterat:
1306 520 1442 575 Deus
1466 537 1606 574 meus
1637 531 1684 574 et
1717 519 1855 574 Deus
1883 528 2068 573 vester.

480 611 788 665 Praeterea:
819 611 1121 665 Betltleltem
1152 611 1341 666 domus
1378 610 1638 680 Epitrata,
1674 627 1736 665 ne
1768 611 2071 665 multesima

478 701 691 770 quidem
725 719 778 756 es
815 711 872 754 ut
901 704 973 756 sis
1007 704 1058 755 in
1090 703 1326 756 millibus
1364 703 1522 757 Juda:
1551 720 1568 756 :
1599 720 1662 757 ex
1691 713 1740 758 te
1764 704 1903 758 enim
1945 703 2076 758 mihi

477 794 614 846 cxiet
659 794 712 846 in
752 795 1044 862 principem
1083 795 1222 862 apud
1272 793 1572 849 Israelem:
1607 805 1656 849 et
1695 797 1868 849 exitus
1907 797 2072 864 ipsius

480 885 546 936 ab
600 886 753 938 initio
804 903 836 939 a
889 889 1071 940 diebus
1123 887 1508 942 sceculorum’.
1564 886 1658 942 Vel
1715 896 1775 941 ut
1835 889 1888 942 in
1951 890 2074 945 aliis

480 979 889 1046 exemplaribus
927 981 1124 1048 legitur
1155 999 1167 1034 :
1202 978 1266 1032 Et
1299 989 1375 1045 tu,
1403 978 2074 1050 Betl:lelzem,-nequaquam

483 1071 706 1123 minima
731 1088 783 1124 es
816 1072 867 1125 in
890 1073 1114 1126 ducibus
1145 1072 1326 1136 Judte,
1360 1063 1428 1126 eas}
1455 1082 1502 1126 te
1525 1075 1660 1126 enim
1697 1076 1832 1128 exiet
1863 1074 2070 1139 ductor,

481 1167 531 1212 et
574 1173 751 1228 pascet
785 1164 1034 1231 populum
1081 1180 1251 1217 meum
1291 1162 1484 1217 Israel.
1527 1162 1691 1218 Vides
1721 1164 1914 1216 horum
1964 1180 2075 1216 ver-

487 1254 680 1307 borum
728 1256 970 1308 nondum
1033 1271 1190 1311 usum
1243 1245 1618 1309 necessarium
1673 1253 1878 1321 fuisse,
1938 1254 2074 1307 Dens

484 1361 631 1400 meus
681 1357 730 1400 et
782 1346 924 1402 Deus
972 1350 1184 1404 vester?
1237 1345 1601 1416 Posteaquam
1649 1361 1782 1401 vero
1827 1345 2076 1401 Jeremize

483 1441 803 1493 vaticinium
854 1441 1137 1509 impletum
1183 1441 1291 1505 est,
1351 1457 1565 1498 necnon
1628 1447 1682 1495 et
1721 1438 1914 1506 Isaiae,
1966 1456 2076 1511 quo

483 1529 721 1583 Verbum
753 1545 782 1586 e
814 1527 1043 1602 Virgine
1089 1532 1336 1602 genitum
1373 1530 1466 1596 iri,
1514 1545 1853 1603 carnemque
1886 1548 2078 1589 susce-

480 1630 706 1691 pturum
746 1637 869 1678 esse
909 1623 1335 1691 praedicebatur,
1380 1631 1442 1677 ut
1472 1621 1742 1678 Jeremias
1778 1625 2026 1694 loquitur
2060 1643 2074 1681 :

2169 517 2607 584 μηνεινόμενον,
2645 517 2786 567 Μεθ’
2820 511 2991 582 ἡμῶν
3031 517 3064 567 ό
3120 515 3297 580 Θεός·
3348 517 3449 568 «καὶ
3497 517 3646 570 οὔπω
3692 512 3762 589 ἦν

2173 609 2366 670 εἰπεῖν,
2402 606 2545 671 Θεός
2571 623 2689 673 μου
2742 605 2836 660 καὶ
2875 605 3017 670 Θεὸς
3049 605 3237 674 ὑμῶν.
3269 638 3336 648 -
3359 606 3467 660 Καὶ
3499 607 3602 666 σὺ,
3640 611 3757 675 Βη-

2174 695 2353 764 θλεὲμ
2387 691 2552 760 οἶκος
2579 694 2684 748 τοῦ
2735 694 3041 762 Εὐφραθᾶ,
3077 697 3191 750 οὐκ
3225 697 3542 765 ὀλιγοστὸς
3579 694 3635 753 εἷ
3655 698 3764 752 τοῦ

2183 783 2334 841 εἶναι
2371 788 2442 840 ἐν
2494 787 2766 856 χιλιάσιν
2813 787 3008 842 Ἰούδα
3035 805 3048 818 ·
3091 790 3158 842 ἐκ
3207 790 3324 842 σοῦ
3375 790 3486 858 γάρ
3515 809 3614 860 μοι
3668 790 3767 855 ὲξο

2181 880 2494 932 ελεύσεται
2547 881 2635 944 εις
2681 879 2947 948 ἄρχοντα
2979 881 3049 933 ἐν
3097 880 3176 946 τῷ
3223 882 3502 950 Ἰσραὴλ,
3537 879 3652 936 ‘xal
3706 887 3767 939 al

2174 968 2435 1034 διέξοδοι
2481 970 2670 1023 αὑτοῦ
2703 971 2804 1023 ἀπ’
2839 970 3052 1040 ἀρχῆς,
3085 973 3184 1041 ἀφ’
3218 973 3454 1042 ἡμερῶν
3500 975 3764 1029 αἰώνων-ο

2175 1062 2269 1115 καὶ
2312 1060 2455 1116 κατά
2490 1063 2558 1115 τὰ
2611 1063 2747 1116 ἄλλα
2797 1065 3143 1136 ἀντίγραφα·
3192 1066 3302 1118 Καὶ
3333 1066 3436 1131 σὺ,
3470 1068 3768 1139 Βηθλεὲμ,

2175 1155 2309 1224 οὐχί
2339 1155 2636 1224 ἐλαχίστη
2676 1156 2745 1207 ἐν
2780 1156 2902 1222 τοῖς
2938 1157 3231 1225 Meae-cvm
3274 1157 3460 1211 Ἰούδα
3485 1173 3500 1188 ⁸
3549 1159 3618 1212 ἐκ
3648 1160 3768 1214 σοῦ

2175 1245 2286 1316 γὰρ
2343 1246 2728 1309 ἐξελεύσεται
2775 1245 3130 1316 ἡγούμενος,
3184 1249 3281 1302 καὶ
3339 1251 3621 1318 ποιμανεῖ
3663 1252 3771 1305 τὸν

2174 1338 2330 1390 λαόν
2350 1354 2470 1406 μου
2500 1336 2608 1390 τὸν
2649 1335 2918 1404 Ἰσραήλ.
2956 1338 3066 1390 Καὶ
3099 1339 3231 1409 ὁρᾷς
3252 1339 3333 1392 ὅτι
3359 1340 3570 1393 οὐδέπω
3610 1341 3770 1412 χρεία

2173 1424 2243 1500 ἦν
2290 1431 2487 1492 εἰπεῖν,
2535 1429 2684 1482 Θεόν
2710 1446 2829 1497 μου
2881 1429 2978 1481 καὶ
3027 1428 3176 1482 Θεὸν
3216 1430 3421 1499 umor;
3474 1432 3604 1484 Ὅτε
3642 1433 3702 1486 δὲ
3734 1435 3770 1504 ἡ

2177 1521 2484 1592 προφητεία
2531 1519 2836 1591 ἐπληροῦτο
2877 1519 3140 1594 Ἰερεμίου
3186 1524 3279 1576 καὶ
3321 1511 3548 1579 Ἡσαΐου
3588 1525 3774 1581 ὡσαύ-

2175 1627 2284 1672 τως
2326 1610 2407 1673 τὺ,
2476 1611 2541 1664 ὲκ
2592 1609 2864 1682 παρθένου
2919 1611 3246 1682 γεννηθῆναι
3293 1612 3385 1666 τὸν
3424 1614 3618 1681 Λόγον,
3677 1617 3773 1669 καὶ

483 1713 553 1768 Et
595 1714 748 1768 homo
792 1724 890 1780 est,
933 1724 981 1768 et
1031 1717 1146 1785 quis
1194 1725 1468 1784 cognoscet
1511 1715 1665 1768 illum
1693 1716 1753 1768 εἳ
1786 1723 1900 1770 tum
1943 1732 2076 1772 vero

2181 1701 2358 1772 σάρκα
2391 1703 2560 1772 σχεῖν,
2606 1700 2860 1772 καθάπερ
2899 1701 3170 1772 Ἱερεμίας
3205 1703 3360 1772 φησὶ,
3392 1705 3500 1757 Kal
3545 1704 3774 1774 ἄνθρω-

483 1805 575 1861 ubi
611 1807 797 1861 carnis
822 1807 1102 1877 particeps
1133 1806 1254 1871 fuit,
1283 1821 1346 1861 ac
1379 1807 1500 1862 sine
1530 1807 1672 1862 virili
1698 1819 1818 1864 satu
1851 1825 1880 1863 e
1905 1808 2071 1863 Maria

2181 1795 2291 1858 πός
2321 1794 2474 1858 ἐστι,
2505 1794 2602 1846 καί
2634 1794 2726 1858 τίς
2747 1791 3041 1863 γνώσεται
3072 1797 3260 1848 αὐτόν
3278 1811 3296 1859 ;
3325 1795 3445 1849 τότε
3481 1799 3773 1869 μετασχὼν

485 1895 579 1948 Dei
627 1904 801 1951 matre
850 1906 1269 1952 sacrosanctum
1325 1897 1430 1952 sibi
1471 1912 1676 1967 corpus
1720 1897 1946 1964 ellinxit,
1994 1901 2070 1953 ttli

485 1987 750 2055 scriptum
817 1995 926 2047 est.
970 1987 1148 2056 factus
1187 2003 1252 2041 ex
1285 1989 1502 2041 muliere
1528 1987 1549 2019 δ
1583 2005 1597 2040 :
1643 1995 1781 2053 tum,
1826 1989 2072 2058 inquam,

485 2087 696 2134 naturae
729 2087 936 2136 nostra:
967 2087 1192 2151 propter
1231 2095 1334 2136 nos
1367 2080 1664 2150 particeps,
1703 2079 1869 2135 Deum
1905 2097 2073 2134 meum

485 2189 754 2244 usurpare
800 2175 986 2242 erepit.
1047 2170 1118 2227 Ut
1162 2183 1340 2227 autem
1388 2181 1585 2227 natura
1651 2189 1974 2244 germanum
2017 2190 2076 2230 se

482 2282 546 2320 ac
579 2266 970 2336 sempiternum
1007 2264 1282 2328 ostendat,
1332 2264 1550 2318 Patrem
1587 2281 1758 2319 meum
1799 2265 1968 2332 dixit;
2007 2268 2072 2320 ad

483 2357 615 2412 illud
649 2373 779 2411 vero
811 2355 1136 2411 beneﬁcium
1175 2355 1595 2428 significandum
1631 2373 1740 2426 quo
1772 2357 2076 2428 discipulos

486 2445 765 2510 affecerat,
798 2445 1017 2499 Patrem
1043 2456 1271 2500 vestrum
1303 2447 1532 2502 addidit.
1569 2446 1702 2500 Nam
1735 2449 1880 2518 quod
1912 2449 2073 2513 dixit,

492 2538 656 2590 Deum
704 2545 956 2601 vestrum,
1003 2538 1107 2590 hoc
1155 2537 1303 2608 quod
1351 2538 1640 2608 discipulis
1692 2537 1758 2592 ad
1806 2555 1961 2594 suam
2013 2555 2078 2596 ac

486 2626 669 2683 Patris
701 2629 889 2683 teterni
937 2627 1282 2682 divinitatem
1321 2628 1678 2697 comparatis,
1716 2637 1914 2682 natura
1943 2645 2078 2683 con-

487 2718 764 2784 veniebat,
797 2718 1080 2774 declarare
1105 2720 1301 2774 voluit.
1333 2717 1476 2775 Deus
1504 2720 1649 2774 enim
1678 2720 2078 2791 discipulorum

488 2817 631 2866 est:
689 2809 854 2865 Pater
905 2825 1037 2866 vero
1085 2809 1340 2876 Domini,
1401 2819 1630 2878 natura;
1682 2811 2076 2882 discipulorum

490 2917 659 2972 porro
691 2901 875 2967 Pater,
904 2903 1077 2974 gratia
1113 2922 1126 2957 :
1164 2903 1418 2974 idemque
1440 2901 1564 2957 Filii
1597 2912 1818 2974 propter
1855 2920 2078 2959 carnem

492 2993 672 3059 Deus;
728 2992 891 3047 Pater
919 3007 1052 3046 vero
1089 3003 1312 3064 propter
1353 2993 1742 3064 sempiternam
1775 3003 1830 3050 et
1869 2995 2079 3049 incom-

490 3085 819 3155 prehensam
846 3085 995 3140 illius
1027 3086 1293 3158 originem
1327 3100 1391 3139 ac
1414 3088 1830 3155 germanitatem
1859 3107 1873 3144 :
1907 3104 2081 3159 quan-

488 3178 784 3248 doquidem
818 3194 945 3234 vere
985 3179 1160 3250 ipsius
1189 3177 1352 3234 Pater
1378 3188 1482 3244 est,
1514 3179 1607 3250 qui
1633 3179 1784 3235 illum
1806 3193 2083 3252 quatenus

490 3269 636 3326 Deus
663 3277 770 3335 est,
802 3271 923 3327 sine
951 3272 1064 3326 ullo
1102 3280 1344 3342 tempore
1377 3272 1644 3342 initioque
1666 3273 1876 3343 genuit.
1906 3272 2078 3341 Quem

492 3364 714 3433 quidem
746 3363 915 3418 Deum
943 3379 1096 3417 suum
1137 3365 1413 3435 appellare
1441 3364 1632 3420 debuit
1679 3365 1749 3420 ob
1781 3367 2079 3422 humanam

491 3459 747 3505 naturam
793 3461 985 3508 nostra
1037 3468 1205 3508 causa
1258 3461 1598 3524 susceptam,
1641 3470 1766 3509 cum
1813 3466 2082 3526 perpetuo

492 3544 636 3613 apud
663 3542 878 3597 Patrem
906 3543 1137 3598 exsistat
1186 3545 1429 3614 genitum
1470 3544 1589 3599 sine
1619 3545 1728 3598 ullo
1765 3545 1922 3600 initio
1951 3545 2084 3601 Ver-

491 3637 644 3699 bum,
682 3649 746 3689 ac
786 3635 1093 3690 secundum
1128 3650 1352 3690 carnem
1404 3636 1702 3705 postremis
1739 3637 2082 3707 temporibus

490 3743 521 3782 e
554 3728 722 3782 Maria
756 3727 982 3800 Virgine
1005 3728 1073 3784 de
1107 3727 1316 3798 Spiritu
1347 3739 1541 3785 saneto
1573 3732 1941 3801 progenitum.

565 3819 675 3890 36
711 3817 906 3875 XXXI.
947 3819 1082 3884 Quae
1108 3836 1233 3875 cum
1270 3822 1344 3875 ita
1379 3823 1511 3884 sint.
1549 3823 1819 3879 altissima
1855 3824 1945 3879 illa
1986 3823 2082 3880 Dei

494 3911 757 3981 mysteria
803 3912 1120 3982 concipiant
1162 3913 1368 3977 animo,
1421 3930 1596 3984 neque
1638 3914 1867 3986 gratiam
1901 3916 1964 3971 ad
2003 3918 2086 3971 in-

493 4003 634 4072 grati
673 4003 844 4058 animi
879 4003 1072 4057 vitium
1123 4013 1488 4070 convertant,
1537 4017 1596 4062 ut
1642 4007 2082 4062 administratam

494 4098 564 4151 ab
596 4096 690 4151 illo
722 4097 955 4151 salutem
989 4105 1236 4152 nostram
1267 4097 1334 4152 ad
1363 4097 1763 4169 inexplicabilis
1793 4110 1846 4155 et
1875 4101 2086 4155 incom-

2175 1884 2274 1955 τῆς
2301 1886 2524 1955 σαρκὸς,
2559 1885 2652 1938 καὶ
2681 1885 2760 1947 είς
2787 1884 2978 1938 ἑαυτὸν
3009 1886 3181 1956 χωρὶς
3219 1887 3539 1958 σπέρματος
3572 1891 3773 1964 ἀνδρὸς

2175 1976 2284 2029 ἀπὸ
2334 1977 2432 2047 τῆς
2492 1975 2743 2030 θεοτόκου
2795 1977 3015 2047 Μαρίας
3069 1977 3393 2042 ἀναπλάσας
3438 1982 3539 2052 τὴν
3601 1984 3773 2054 αὐτὴν

2175 2067 2337 2135 ἁγίαν
2390 2067 2589 2140 σάρκα,
2641 2069 2783 2122 κατά
2832 2069 2893 2121 τὸ
2943 2070 3268 2142 εἰρημένον,
3333 2075 3658 2143 γενόμενος
3705 2076 3774 2130 ἐκ

2179 2161 2488 2229 γυναικὸς,
2542 2162 2637 2214 καὶ
2685 2159 2970 2232 μετασχὼν
2998 2162 3093 2214 τοῦ
3128 2163 3398 2234 ἡμετέρου
3427 2165 3515 2218 διά
3543 2165 3605 2218 τὸ
3640 2167 3777 2238 ἠμέ-

2176 2269 2354 2324 τερον,
2389 2254 2544 2321 φησι,
2584 2256 2735 2306 Θεόν
2766 2271 2906 2323 μου.
2942 2253 3040 2306 Διά
3081 2254 3137 2307 δὲ
3166 2255 3225 2306 τὸ
3255 2256 3424 2309 ἀΐδιον
3462 2256 3574 2329 (28)
3605 2258 3775 2311 αὑτοῦ

2177 2347 2276 2414 τῆς
2310 2344 2666 2414 γνησιότητος
2716 2345 2859 2397 κατά
2901 2344 3083 2413 φύσιν,
3119 2345 3306 2413 λέγει,·
3335 2349 3570 2416 Πατέρα
3609 2368 3734 2419 μου
3758 2365 3771 2377 ·

2179 2434 2273 2487 καὶ
2309 2433 2395 2486 διὰ
2423 2434 2529 2503 τὴν
2559 2433 2725 2493 αὑτοῦ
2760 2434 2896 2506 πρὸς
2926 2436 3052 2498 τοὺς
3083 2436 3249 2488 αὐτοῦ
3301 2437 3550 2507 μαθητὰς
3589 2439 3774 2510 χάριν,

2178 2525 2413 2594 Πατέρα
2441 2526 2628 2594 ὑμῶν,
2662 2526 2750 2579 διὰ
2782 2526 2838 2578 δὲ
2868 2526 2930 2579 τὸ
2957 2527 3097 2580 κατά
3127 2527 3290 2597 φύσιν
3316 2529 3495 2582 αὐτῶν
3522 2530 3634 2583 τῶν
3670 2549 3776 2602 μα-

2179 2617 2359 2688 θητῶν
2394 2619 2533 2690 πρὺς
2562 2618 2659 2689 τὴν
2689 2617 2852 2671 αὐτοῦ
2885 2617 3118 2690 θεότητα
3146 2620 3241 2672 καὶ⁵
3275 2619 3369 2673 τοῦ
3406 2621 3579 2675 ἀϊδίου
3609 2623 3777 2678 αὐτοῦ

2183 2711 2417 2785 Πατρδς,
2466 2711 2616 2765 Θεὸν
2641 2710 2832 2781 ὑμῶν.
2861 2710 2995 2774 Θεὸς
3028 2711 3134 2782 γὰρ
3161 2712 3268 2766 τῶν
3319 2713 3612 2782 μαθητῶνο
3667 2717 3776 2769 Πα-

2182 2802 2286 2873 τὴρ
2334 2803 2391 2855 δὲ
2434 2805 2529 2855 τοῦ
2575 2803 2784 2875 Κυρίου
2839 2802 2982 2856 κατά
3027 2802 3208 2872 φύσιν,
3251 2803 3361 2857 τῶν
3414 2805 3473 2858 δὲ
3515 2805 3781 2875 μαθητῶν

2183 2894 2372 2966 Πατὴρ
2413 2895 2552 2949 κατά
2581 2895 2740 2966 χάριν
2762 2911 2775 2925 '
2811 2895 2945 2958 Θεὸς
2974 2894 3030 2948 δὲ
3069 2894 3163 2948 τοῦ
3190 2894 3320 2948 Υἱοῦ
3353 2897 3503 2950 ἐστιν
3532 2897 3561 2948 ὁ
3589 2897 3779 2969 Πατὴρ

2182 2988 2269 3041 διὰ
2293 2988 2394 3058 τὴν
2429 2989 2630 3059 σάρκα,
2663 2988 2852 3060 Πατὴρ
2901 2989 2956 3041 δὲ
3001 2988 3089 3041 διὰ
3129 2989 3195 3041 τὸ
3223 2988 3393 3042 ἀΐδιον
3436 2990 3532 3044 καὶ
3569 2991 3781 3044 ἀκατά‹

2182 3085 2386 3156 ληπτον
2417 3087 2518 3157 τῆς
2565 3084 2730 3139 αὐτοῦ
2779 3087 3086 3158 γεννήσεως
3115 3086 3212 3138 καὶ
3249 3087 3609 3158 γνησιότητος
3632 3105 3648 3120 °
3700 3089 3780 3143 ὅτι

2185 3180 2243 3232 ἐν
2275 3178 2506 3250 ἀληθείᾳ
2534 3179 2681 3231 ἐστὶν
2704 3177 2870 3231 αὑτοῦ
2898 3177 3109 3248 Πατὴρ,
3145 3178 3413 3246 γεννήσας
3437 3177 3601 3232 αὐτὸν
3625 3180 3781 3249 ἀχρό-

2184 3289 2288 3334 νως
2316 3272 2408 3324 καὶ
2431 3271 2684 3341 ἀνάρχως
2713 3269 2856 3323 κατά
2889 3269 2988 3339 τὴν
3015 3269 3269 3340 θεότητα.
3296 3269 3430 3322 Θεὸν
3471 3270 3528 3322 δὲ
3559 3271 3783 3342 ἐδέησεν

2183 3367 2360 3417 εἰπεῖν
2402 3361 2594 3428 αὐτοῦ,
2633 3361 2702 3415 δι’
2729 3361 2798 3432 ἢν
2845 3361 2912 3414 δι’
2941 3363 3089 3432 ἡμᾶς
3133 3361 3393 3432 εποίησεν
3441 3363 3780 3433 οἰκονομίαν,

2183 3458 2258 3509 ὢν
2304 3457 2391 3510 ἀεὶ
2423 3454 2560 3527 πρὸς
2600 3453 2680 3524 τῷ
2727 3454 2904 3524 Πατρὶ
2952 3452 3237 3523 γεννηθεὶς
3287 3452 3542 3524 ἀνάρχως
3585 3455 3782 3524 Λόγος,

2183 3551 2242 3603 ὲν
2278 3551 2442 3621 σαρκὶ
2485 3548 2542 3602 δὲ
2589 3547 2696 3601 ἀπὸ
2745 3547 2967 3616 Μαρίας
3012 3548 3099 3600 ἐπ’
3128 3547 3364 3618 ἐσχάτου
3413 3547 3522 3601 τῶν
3556 3549 3810 3620 ἡμερῶν

2183 3640 2466 3711 γεννηθεὶς
2517 3637 2660 3694 κατά
2705 3638 2904 3710 σάρκα,
2959 3640 3024 3691 ὲκ
3071 3638 3292 3708 Μαρίας
3347 3639 3405 3692 δὲ
3454 3639 3556 3710 τῆς
3609 3639 3783 3709 αὐτῆς

2185 3733 2346 3799 ἁγίας
2377 3729 2656 3802 Παρθένου
2691 3729 2779 3783 διὰ
2814 3729 3133 3801 Πνεύματος
3159 3731 3338 3798 ἁγίου.

2254 3825 2378 3877 AA'.
2438 3823 2749 3876 Νοείτωσαν
2795 3823 2978 3876 τοίνυν
3021 3822 3090 3876 τὰ
3138 3822 3306 3894 βαθέα
3353 3823 3453 3894 τῆς
3499 3822 3594 3876 τοῦ
3646 3822 3784 3876 Θεοῦ

2186 3917 2590 3990 πραγματείας,
2617 3916 2710 3970 καὶ
2744 3917 2818 3988 μὴ
2849 3915 2947 3987 τὴν
2989 3914 3150 3988 χάριν
3199 3917 3280 3979 είς
3307 3916 3633 3987 ἀχαριστίαν
3663 3915 3784 3988 τρέ-

2183 4008 2378 4078 ψωσιν,
2430 4007 2646 4074 ἀδοξίαν
2690 4005 3036 4078 λογιζόμενοι
3095 4007 3177 4070 είς
3219 4006 3318 4078 τὴν
3370 4007 3651 4076 ἄφραστον
3696 4005 3783 4060 καὶ

2184 4101 2568 4172 ἀκατάληπτον
2603 4099 2696 4154 τοῦ
2746 4099 2882 4152 Θεοῦ
2937 4098 3100 4168 φύσιν
3136 4099 3237 4168 τὴν
3289 4099 3368 4161 είς
3415 4098 3564 4168 ἡμᾶς
3603 4114 3785 4168 σωτη-

492 4189 778 4259 prehensa:
803 4189 894 4245 Dei
931 4200 1142 4244 naturae
1175 4190 1371 4247 cedere
1403 4192 1769 4263 ignominiam
1801 4195 2077 4251 arbitren-

2189 4192 2330 4262 ρίαν.
2391 4190 2573 4253 ’Δλλά,
2624 4189 2777 4255 φασὶ,
2821 4189 2952 4261 περὶ
2994 4188 3087 4242 τοῦ
3122 4188 3258 4242 Θεοῦ
3289 4187 3638 4259 γέγραπται·
3705 4190 3788 4243 Οὐ

492 4291 600 4334 tur.
637 4281 704 4334 At
733 4281 904 4344 enim,
938 4281 1215 4351 inquiunt,
1246 4282 1313 4336 de
1343 4281 1452 4336 Deo
1493 4284 1761 4353 scriptum
1783 4294 1868 4340 est
1899 4301 1914 4340 τ
1958 4285 2077 4342 Non

2185 4281 2481 4347 πεινάσει,
2510 4281 2652 4337 οὐδὲ
2670 4281 2942 4350 διψήσει,
2971 4282 3115 4336 οὐδέ
3141 4281 3318 4334 ἐστιν
3339 4281 3653 4348 ὲξεύρεσις
3680 4281 3782 4350 τῆς

491 4374 710 4434 esui-iet,
739 4389 902 4440 neque
929 4373 1068 4426 sitiet
1094 4388 1110 4424 :
1145 4388 1307 4442 neque
1329 4384 1405 4426 est
1434 4375 1767 4443 investigatio
1788 4377 2077 4441 prudentiae

2187 4374 2540 4444 φρονήσεως
2572 4374 2792 4428 αὑτοῦ·
2826 4375 2958 4446 περὶ
2990 4374 3046 4426 δὲ
3073 4373 3167 4426 τοῦ
3200 4371 3353 4436 Υἱοῦ,
3385 4373 3467 4425 ὅτι
3497 4371 3790 4426 ἐπείνασεν

493 4465 985 4527 ipsius';-eontra
1040 4477 1174 4516 vero
1217 4462 1285 4517 de
1336 4462 1478 4518 Filio
1525 4465 1778 4534 legimus,
1827 4467 1980 4522 illum
2027 4470 2077 4522 in

2191 4468 2248 4519 ὲν
2282 4469 2349 4538 τῇ
2399 4468 2594 4538 ὲρήμω
2639 4466 2780 4520 κατά
2805 4467 2898 4520 τὸν
2951 4464 3278 4537 πειρασμόν.
3311 4464 3418 4517 Καί
3465 4480 3632 4534 φησιν
3663 4483 3676 4494 ·
3727 4465 3789 4517 '0

496 4553 795 4609 solitudine
855 4563 976 4623 post
1037 4552 1390 4607 tentationem
1444 4555 1732 4612 esurisse‘.
1775 4557 2077 4614 Similiter:

2193 4559 2338 4626 Θεὸς
2366 4560 2534 4630 ὑμῶν
2563 4562 2634 4614 oi;
2662 4558 2940 4613 κοπιάσει
2965 4575 2978 4588 ο
3020 4559 3050 4611 ὁ
3076 4557 3133 4610 δὲ
3163 4557 3365 4629 Κύριος
3420 4556 3630 4626 Ἰησοῦς
3663 4559 3789 4611 ἐκο-

497 4631 661 4708 heus,
689 4644 890 4713 inquit,
925 4659 1026 4698 non
1063 4643 1441 4713 fatigabitur'.
1479 4645 1743 4703 Dominus
1773 4663 1900 4704 vero
1925 4648 2077 4707 Iesus

2189 4652 2386 4706 πίασεν
2437 4654 2494 4705 ὲν
2541 4654 2604 4722 τῇ
2655 4651 2956 4723 ὁδοιπορία.
3003 4651 3149 4714 Καὶ,
3187 4651 3274 4703 Οὐ
3312 4647 3615 4717 νυστάζει,
3642 4647 3792 4702 οὐδὲ

496 4737 548 4790 in
600 4737 796 4792 itinere
840 4735 1100 4806 fatigatus
1155 4736 1310 4792 cst'.
1369 4739 1526 4802 Item,
1582 4739 1702 4794 Non
1748 4741 2077 4810 dormitabit,

2185 4742 2455 4798 ὑπνώσει
2500 4747 2533 4797 ὀ
2573 4742 2918 4812 φυλάσσων
2963 4741 3076 4795 τὸν
3122 4741 3396 4809 Ἰσραήλο
3434 4739 3656 4796 ὕπνωσε
3711 4739 3788 4803 δὲ,

493 4847 654 4888 neque
694 4829 920 4883 dormiet
957 4829 1047 4900 qui
1081 4827 1312 4881 custodit
1348 4827 1524 4885 Israel
1547 4832 1589 4886 °.
1623 4831 1693 4886 At
1731 4831 1997 4890 Dominus
2027 4836 2077 4890 in

2203 4834 2392 4905 φησὶν,
2428 4837 2457 4887 ό
2483 4835 2689 4906 Κύριος
2720 4836 2779 4888 ὲν
2809 4837 2874 4906 τῇ
2904 4835 3015 4904 νηῒ,
3051 4829 3121 4886 Ὦ
3155 4832 3384 4903 μάταιαι
3410 4831 3657 4884 ὑπόνοιαι
3684 4830 3792 4884 τῶν

494 4925 616 4975 navi
641 4919 910 4974 dormisse
951 4925 1214 4973 narratur
1242 4916 1370 4972 ".0
1405 4920 1598 4976 inanes
1634 4935 1826 4976 eorum
1867 4924 2077 4996 cogita-

2186 4929 2254 4980 τὰ
2285 4927 2513 4981 τοιαῦτα
2548 4926 2947 4997 λογιζομένωνῑ
3002 4923 3078 4978 Οὐ
3132 4923 3292 4994 μόνον
3351 4923 3460 4993 γὰρ
3504 4921 3573 4974 τά
3623 4921 3788 4992 ἡμῶν

493 5013 694 5075 tiones,
732 5013 823 5080 qui
863 5013 976 5066 haec
1013 5010 1201 5064 animo
1233 5025 1335 5065 suo
1366 5016 1735 5082 pertractant!
1778 5012 1897 5069 Non
1930 5016 2077 5071 enim

2189 5018 2332 5090 βάρη
2378 5017 2664 5082 ἀνεδέξατο
2710 5019 2851 5089 ὑπὲρ
2898 5015 3056 5088 ἡμῶν
3104 5014 3277 5067 ἐλθὼν
3314 5016 3342 5067 ὁ
3387 5013 3543 5080 ἅγιος
3588 5014 3786 5082 Λόγος,

493 5120 661 5160 onera
684 5104 949 5159 duntaxat
980 5112 1168 5158 nostra
1203 5119 1301 5173 pro
1332 5106 1491 5162 nobis
1515 5106 1814 5164 adveniens
1837 5107 2077 5165 Verbum

2187 5108 2325 5162 ἀλλά
2358 5111 2452 5164 καὶ
2496 5109 2601 5163 ὑπὸ
2627 5108 2771 5180 ἁφὴν
2817 5108 3053 5177 ἐγένετο,
3107 5108 3204 5160 καὶ
3258 5107 3440 5177 σάρκα
3473 5104 3659 5170 ἔλαϐε,
3696 5105 3790 5158 καὶ

581 5263 596 5294 ¹
644 5261 748 5318 lsa.
791 5277 891 5326 vtt,
933 5262 1032 5327 H;
1088 5262 1282 5318 Matth.
1326 5281 1364 5324 ι,
1405 5264 1497 5318 23.

498 5335 519 5365 ⁶
555 5334 750 5388 Matth.
795 5349 869 5396 tv,
907 5334 962 5388 ‘2.

1589 5267 1609 5296 ¹
1652 5265 1815 5321 liii-lt.
1857 5284 1911 5327 ν,
1951 5267 2007 5323 2.

2181 5266 2364 5322 ἴοι-ειη.
2406 5284 2544 5334 xvtt,
2585 5268 2638 5323 9.
2754 5269 2778 5300 ⁸
2815 5267 2995 5323 Galat.
3038 5283 3113 5323 tv.
3152 5267 3208 5320 4.
3295 5265 3316 5296 ⁵
3359 5264 3463 5320 lsa.
3538 5279 3626 5327 χι..
3696 5263 3786 5318 28.

1055 5334 1074 5364 ⁷
1117 5335 1222 5390 lsa.
1253 5350 1339 5399 λι,
1366 5336 1456 5389 ‘18.
1538 5335 1560 5364 ⁸
1589 5336 1752 5392 Juan.
1799 5353 1872 5401 tv,
1913 5340 1968 5392 6.
2044 5339 2064 5369 ⁸

2181 5339 2239 5394 ιι.
2280 5354 2409 5408 cxx,
2457 5341 2506 5394 ι.
2600 5342 2643 5372 ¹⁰
2689 5337 2884 5394 Matth.
2928 5354 3050 5404 vni,
3093 5337 3181 5391 24.

568 5543 679 5611 (28')
719 5545 820 5597 Διὰ
850 5543 918 5595 δὲ
958 5548 1019 5596 τε·
1050 5541 1265 5601 ἀΐδιον.
1299 5551 1406 5596 etc.
1454 5541 1708 5596 Petavius
1757 5543 2087 5606 interpreta-

501 5622 588 5666 tur
617 5632 627 5664 :
659 5611 724 5666 Ut
758 5625 928 5666 autem
959 5625 1151 5666 natura
1181 5629 1486 5682 gert-uanum
1513 5629 1567 5682 se
1600 5627 1661 5662 ac
1712 5611 2086 5682 setttpiternum

504 5682 768 5737 ostendat.
808 5684 1018 5735 Patrem
1053 5679 1231 5736 Ineunt
1267 5681 1446 5734 dixit:
1483 5681 1622 5734 relut
1665 5680 1732 5732 ad
1768 5679 1902 5731 illud
1929 5680 2086 5732 benc-

514 5752 688 5821 lcium
720 5752 1144 5820 signiﬁcandum,
1175 5769 1276 5822 quo
1317 5751 1582 5819 apostolos
1618 5751 1884 5820 θίγοι-ενοι,
1915 5749 2087 5804 Deum

2197 5549 2442 5596 vestrum
2478 5541 2707 5595 addidit.
2753 5541 2926 5597 (ἓηοί
2969 5553 3150 5598 textus
3181 5543 3313 5606 vim,
3354 5541 3662 5610 argumenti
3689 5554 3789 5610 fro-

2197 5611 2300 5665 bur
2324 5626 2384 5692 ,οι
2435 5612 2725 5683 Epiphanii
2780 5621 3018 5670 mentem
3065 5614 3308 5683 apertius
3358 5609 3617 5683 exprimit
3653 5609 3791 5666 Τιω-

2200 5699 2427 5740 ιιιίιειυε.
