3950 6422
383 329 450 386 79
1782 315 1840 372 S.
1883 314 1981 371 ΕΡ]

2083 315 2227 371 ’ΛΝΙΙ
3604 320 3669 377 ao

366 439 499 502 'mea
528 444 741 501 turbata
757 450 854 508 est,
893 440 1091 513 inquit,
1121 449 1171 495 et
1200 440 1325 512 quid
1348 439 1547 495 dicam‘
1574 441 1598 495 7
1632 437 1758 493 Haec
1785 446 1969 493 autem

2083 456 2196 507 rep,
2236 438 2446 493 σῶσόν
2475 456 2552 509 με
2583 439 2700 495 ἀπὸ
2739 440 2851 508 τῆς
2885 440 3042 509 ὧρας
3078 440 3322 509 ταύτης.
3368 440 3547 496 Ἀλλὰ
3572 440 3671 519 διὰ

386 542 579 596 verba:
603 538 744 605 Quid
774 537 993 593 dicam?
1018 535 1245 591 dubium
1274 544 1329 590 et
1357 534 1673 605 ambiguum
1708 532 1968 603 quiddam

382 646 496 704 pra:
547 645 607 687 se
657 630 863 684 ferunt.
898 626 1082 693 Pater,
1114 644 1265 681 serva
1313 643 1395 681 me
1436 627 1499 679 ab
1541 627 1638 680 hac
1680 626 1832 680 hora.
1866 623 1970 679 Sed

381 732 657 793 propterea
696 722 810 776 verti
846 722 899 775 in
932 722 1069 774 hanc
1098 720 1286 774 lteram
1322 720 1364 783 ',
1403 726 1462 772 ut
1492 718 1807 775 ostenderet
1834 716 1971 771 divi-

383 818 611 872 nitatem
646 815 822 885 ipsius
863 820 1060 884 Sponte
1098 812 1165 866 ad
1199 812 1306 866 ista
1359 811 1597 865 venisse.
1648 807 1783 885 Nam
1836 808 1969 862 illud

384 906 637 969 verbum,
668 879 921 957 ἰω-ὀαιᾶ
949 912 1063 966 est,
1109 908 1436 970 usurpatum
1489 897 1608 953 ideo
1652 879 1755 965 est,
1796 905 1856 952 ut
1905 914 1972 952 ne

384 1004 655 1065 suscepta:
699 994 939 1048 hominis
996 1000 1207 1047 natura:
1257 1004 1384 1045 vera
1430 1004 1495 1045 ac
1542 990 1764 1069 propria
1797 988 1970 1042 forma

385 1088 801 1159 perturbaretur
835 1104 849 1141 :
880 1084 1151 1155 siquidem
1201 1099 1311 1138 non
1346 1083 1529 1152 specie
1571 1089 1735 1136 tenus
1780 1078 1973 1135 adiun-

388 1179 543 1232 brata
574 1176 880 1231 incarnatio
915 1176 1003 1229 illa
1035 1172 1156 1227 fuit.
1200 1171 1305 1226 Sed
1340 1170 1798 1241 quemadmodum
1836 1183 1973 1239 pne-

387 1277 582 1338 potens
612 1268 886 1339 quispiam
926 1281 1023 1320 rex
1058 1280 1183 1319 cum
1231 1262 1496 1317 inferiore
1539 1262 1726 1331 aliquo
1767 1260 1971 1313 bellum

386 1375 601 1431 gerens,
650 1373 826 1427 neque
868 1356 1126 1412 dubitans
1165 1354 1297 1425 quin
1324 1354 1368 1409 si
1404 1369 1529 1407 cum
1564 1352 1738 1422 copiis
1763 1351 1879 1406 suis
1910 1364 1973 1403 ac

387 1452 601 1524 magnis
637 1450 844 1506 viribus
877 1450 1179 1503 irruentem
1217 1462 1341 1502 sese
1373 1446 1547 1501 hostis
1578 1445 1668 1499 ille
1704 1443 1965 1508 senserit,

386 1545 790 1600 detrectaturus
822 1542 894 1599 sit
937 1542 1183 1613 praelium
1205 1581 1220 1605 ,
1257 1555 1320 1593 ac
1351 1538 1517 1594 saluti
1549 1553 1663 1594 suae
1691 1536 1818 1607 l'uga
1849 1551 1976 1591 con-

387 1636 666 1700 sulturus,
736 1634 1048 1703 multasque
1100 1631 1447 1687 subditorum
1503 1629 1607 1684 sibi
1660 1628 1975 1699 provincias

386 1734 704 1781 vastaturus
736 1743 747 1779 :
782 1739 904 1778 cum
938 1722 1075 1787 heec,
1112 1723 1357 1790 inquam,
1403 1718 1640 1782 noverit,
1677 1718 1977 1788 prudenter

2071 532 2249 586 τοῦτο
2282 528 2475 603 ἦλθον
2506 535 2595 599 εἰς
2628 534 2743 602 τὴν
2775 533 2937 602 ὥραν
2978 534 3225 601 ταύτην
3271 534 3361 601 ἵνα
3395 534 3547 607 δείξῃ
3591 536 3670 589 ὅτι

2072 622 2274 676 ἑκοῦσα
2309 626 2342 693 ἡ
2375 622 2539 675 αὑτοῦ
2587 623 2777 696 θεότης
2807 627 2885 687 εἰς
2923 624 3079 677 τοῦτο
3105 624 3349 695 ἐλήλυθε.
3380 625 3451 677 T6
3473 624 3550 688 δὲ,
3581 642 3671 679 τε·

2071 715 2379 782 τάρακται,
2423 715 2511 768 ἵνα
2553 714 2615 767 τὺ
2656 711 2797 779 εἶδος
2831 715 2928 786 τῆς
2959 714 3220 787 ἀληθείας
3260 715 3361 785 τῆς
3402 716 3670 787 ὲνσάρκου

2072 806 2238 861 αὑτοῦ
2280 807 2586 877 παρουσίας
2635 808 2708 878 μὴ
2748 796 3020 885 ταραχθῇ·
3054 808 3116 860 οὑ
3149 807 3258 878 γὰρ
3295 808 3517 878 δοκήσει
3540 803 3671 878 ἧνή

2072 900 2337 971 ἐνσαρκος
2384 899 2680 970 παρουσία.
2726 899 2888 951 Ἀλλὰ
2924 900 3083 970 δίκην
3118 899 3388 970 βασιλέως
3433 900 3670 971 μεγάλου

2075 992 2311 1063 πόλεμον
2340 990 2551 1061 ἔχοντος
2583 991 2719 1062 πρὸς
2740 978 3154 1063 ὑποδεέστερον,
3184 992 3280 1045 καὶ
3303 991 3669 1059 γινώσκοντος

2072 1087 2155 1139 ὅτι
2184 1088 2211 1138 6
2243 1084 2437 1156 ἐχθρὸς
2465 1081 2628 1135 αὑτοῦ
2665 1083 2825 1153 εἴπερ
2862 1082 2947 1153 ἴδῃ
2978 1082 3142 1135 αὑτὸν
3173 1083 3230 1135 ὲν
3256 1082 3485 1152 δυνάμει
3516 1081 3673 1151 ἐρχό-

2078 1194 2237 1248 μενον
2259 1176 2353 1229 καὶ
2382 1175 2526 1245 ἰσχύϊ
2556 1175 2747 1245 πολλῇ,
2777 1176 3178 1245 παραιτήσεται
3214 1173 3309 1227 καὶ
3329 1174 3675 1244 τραπήσεται

2076 1270 2213 1339 πρὸς
2243 1268 2444 1339 φυγὴν,
2471 1268 2564 1321 καὶ
2597 1266 2799 1331 πολλὰς
2827 1266 3014 1338 χώρας
3048 1266 3155 1319 τῶν
3192 1266 3521 1336 ὑποχειρίων
3541 1266 3677 1336 ἀφα-

2074 1360 2235 1425 νίσει,
2267 1361 2361 1413 καὶ
2400 1359 2488 1413 διά
2534 1359 2693 1412 τοῦτο
2742 1358 3216 1430 σχηματιζομένου
3259 1360 3326 1429 τῇ
3368 1357 3475 1428 ἰδία
3510 1356 3677 1428 σοφίᾳ

2076 1453 2401 1525 προφάσεις,
2446 1454 2541 1505 καὶ
2579 1451 2725 1505 νῶτα
2766 1452 3001 1515 διδόντος
3038 1452 3133 1503 καὶ
3162 1451 3675 1521 ἀποδιδράσκοντας,

2075 1546 2181 1608 ἕως
2218 1544 2473 1615 δὲχθρδς
2506 1542 2687 1596 λαϐὼν
2720 1542 2923 1615 θάρσος
2964 1542 3349 1612 κατεπιθῆται,
3386 1542 3461 1605 ὡς
3498 1540 3676 1595 δειλοῦ

2077 1639 2173 1692 καὶ
2208 1638 2470 1691 ἀδυνάτου
2502 1636 2596 1690 τοῦ
2645 1636 2934 1707 βασιλέως,
2976 1636 3071 1689 καὶ
3117 1634 3297 1700 διώξει
3332 1634 3514 1687 αὑτόν·
3558 1637 3587 1687 6
3620 1633 3677 1687 δὲ

2081 1728 2333 1800 βασιλεὺς
2371 1729 2633 1799 στραφεὶς
2668 1726 2951 1795 αἰφνιδίως
2996 1725 3136 1797 μετά
3174 1726 3276 1794 τῆς
3314 1725 3480 1779 αὑτοῦ
3511 1726 3678 1779 δυνά-

387 1822 542 1875 illum
575 1818 785 1873 artibus
819 1815 937 1872 suis
971 1828 1035 1868 ac
1066 1812 1250 1883 specie
1280 1811 1522 1876 deludit,
1572 1818 1724 1880 terga
1757 1820 1976 1864 vertens

2083 1840 2228 1892 μεως
2261 1822 2379 1875 ὅλον
2425 1820 2739 1890 ὑποχείριον
2768 1816 2979 1883 δέξεται
3013 1818 3104 1871 τὸν
3143 1817 3345 1887 ἀσθενῆ
3378 1817 3475 1869 καὶ
3515 1818 3681 1870 ὑπεν-

387 1919 441 1966 et
474 1909 709 1980 fugiens,
739 1907 913 1961 donec
940 1905 1115 1960 hostis
1142 1901 1470 1957 confirmato
1494 1900 1679 1954 animo
1708 1899 1763 1953 in
1796 1899 1976 1969 ipsum

387 2004 538 2060 velut
585 1999 836 2056 timidum
874 2006 928 2054 et
962 1996 1299 2051 imbecillum
1347 1993 1767 2065 impressionem
1812 1990 1978 2045 faciat

390 2112 455 2152 ac
518 2102 920 2165 persequatur:
974 2097 1089 2144 tum
1136 2103 1231 2142 rex
1281 2087 1372 2141 ille
1418 2093 1641 2155 repente
1678 2098 1978 2138 conversus

388 2186 723 2244 imbecillum
760 2184 922 2238 istum
955 2188 1119 2251 atque
1146 2179 1357 2233 hostem
1388 2177 1508 2232 suis
1536 2176 1711 2246 c0piis
1741 2174 1978 2229 circum-

388 2286 613 2335 ventum
656 2277 711 2330 in
744 2280 1070 2345 potestatem
1103 2270 1338 2340 redigit:
1380 2270 1453 2322 ita
1490 2268 1754 2321 Dominus
1792 2275 1979 2320 noster

390 2378 623 2425 mortem
657 2368 880 2423 minime
904 2363 1204 2437 pertimuit,
1237 2361 1330 2432 qui
1364 2361 1436 2425 id,
1472 2367 1764 2429 antequam
1792 2358 1857 2411 ad
1883 2372 1979 2427 pa-

390 2462 639 2517 tiendum
680 2458 986 2524 accederet,
1020 2456 1076 2510 in
1108 2455 1307 2508 itinere
1341 2452 1700 2523 signiﬁcaret,
1730 2450 1978 2504 futurum

391 2553 647 2607 videlicet
682 2558 739 2603 ut
782 2548 952 2603 Filius
985 2544 1227 2601 hominis
1263 2542 1572 2597 traderetur
1605 2550 1659 2596 et
1692 2540 1974 2611 cruciﬁge-

391 2656 566 2706 retur,
599 2656 664 2696 ac
705 2642 866 2696 tertia
897 2638 986 2693 die
1011 2640 1345 2707 resurgeret.
1386 2632 1549 2688 Petro
1580 2646 1711 2687 vero
1742 2631 1977 2694 dicente,

390 2736 502 2810 40
540 2734 813 2803 Propitius
842 2730 937 2785 tibi
967 2730 1057 2796 sit,
1096 2727 1350 2789 Domine;
1383 2725 1479 2779 hoc
1507 2724 1598 2777 tibi
1620 2722 1834 2776 minime
1856 2737 1983 2775 con-

395 2828 556 2897 tinget
582 2825 637 2891 ³;
669 2823 922 2879 Christus
969 2821 1057 2877 his
1088 2820 1242 2874 illum
1274 2817 1455 2872 verbis
1486 2816 1732 2885 increpat
1764 2831 1779 2869 :
1838 2810 1983 2867 Vade

392 2926 509 2983 post
538 2933 641 2984 me,
681 2915 907 2979 Satana,
936 2914 1060 2985 quia
1090 2928 1192 2966 non
1225 2910 1367 2980 sapis
1414 2924 1531 2978 qua:
1562 2906 1658 2960 Dei
1699 2914 1855 2971 sunt,
1892 2903 1983 2959 sed

391 3026 509 3081 qua:
550 3018 672 3064 sunt
719 3007 1009 3062 hominum.
1058 3003 1173 3071 ‘Qui
1222 3002 1337 3056 haec
1382 3000 1549 3071 igitur
1610 2997 1793 3051 futura
1844 3011 1984 3066 pra:-

393 3104 638 3162 dixcrat,
689 3098 783 3170 qui
839 3096 1004 3167 hujus
1052 3095 1131 3150 rei
1173 3107 1341 3149 causa
1384 3097 1651 3156 venerat,
1705 3089 1983 3160 quomodo

2076 1913 2277 1968 αντίονο
2312 1912 2485 1975 οὑτως
2520 1912 2615 1965 καὶ
2655 1913 2683 1963 6
2728 1910 2935 1981 Κύριος
2972 1908 3130 1980 ήμῶν
3165 1908 3265 1961 οὑκ
3303 1908 3549 1979 ἐφοϐήθη
3586 1908 3679 1962 τὸν

2078 2004 2330 2071 θάνατον,
2360 2005 2389 2057 6
2413 2002 2520 2075 πρὸ
2548 2000 2640 2055 τοῦ
2675 2001 2849 2056 ἐλθεῖν
2882 2000 3045 2055 αὑτὸν
3075 2002 3155 2063 εἰς
3180 1998 3241 2052 τὸ
3267 1999 3461 2052 παθεῖν
3497 1998 3683 2070 σημὰ-

2077 2113 2171 2159 νας
2201 2096 2259 2148 ὲν
2292 2097 2360 2165 τῇ
2389 2092 2671 2164 ὁδοιπορίᾳ
2699 2093 2780 2145 ὅτι
2820 2091 3001 2162 μέλλει
3033 2093 3061 2144 6
3096 2089 3225 2153 Υἱὸς
3257 2090 3352 2143 τοῦ
3380 2089 3679 2162 ἀνθρώπου

2079 2182 2470 2256 παραδίδοσθαι
2505 2184 2601 2237 καὶ
2631 2181 3035 2252 σταυρωθῆναι,
3068 2180 3165 2232 καὶ
3194 2181 3258 2250 τῇ
3300 2178 3458 2249 τρίτῃ
3494 2178 3680 2251 ἡμέρᾳ

2078 2274 2394 2344 ἀναστῆναιο
2445 2272 2539 2325 καὶ
2584 2270 2680 2324 τοῦ
2732 2270 2939 2341 Πέτρου
2985 2269 3259 2337 λέγοντος⁸
3299 2268 3511 2334 Ἵλεώς
3554 2283 3679 2337 σοι,

2078 2367 2277 2434 Κύριε,
2308 2366 2379 2418 οὺ
2399 2363 2487 2434 μὴ
2515 2364 2688 2417 ἐσται
2716 2377 2814 2416 σοι
2845 2360 3045 2427 τοῦτο,
3070 2361 3427 2433 ἐπιτιμήσας,
3456 2361 3683 2433 Ὕπαγε

2080 2460 2275 2512 ὀπίσω
2303 2476 2445 2527 μου.
2482 2455 2739 2522 Σατανᾶ,
2778 2455 2968 2519 εἰπὼν,
2995 2457 3083 2509 ὅτι
3108 2458 3181 2509 οὺ
3206 2455 3447 2524 φρονεῖς
3475 2456 3546 2510 τὰ
3571 2456 3683 2512 τοῦ

2084 2549 2255 2613 Θεοῦ,
2286 2548 2448 2602 ἀλλὰ
2477 2549 2549 2601 τὰ
2582 2547 2701 2600 τῶν
2727 2545 3076 2615 ἀνθρώπιον.
3133 2546 3191 2599 Ὀ
3213 2542 3307 2599 οὖν
3340 2545 3515 2599 ταῦτα
3545 2564 3684 2618 προ-

2080 2641 2277 2709 λέγων,
2309 2641 2403 2693 καὶ
2431 2640 2520 2693 διὰ
2551 2635 2709 2693 τοῦτο
2742 2638 2875 2692 αὑτὸ
2900 2639 3073 2709 ήκων,
3110 2637 3233 2702 πῶς
3264 2637 3493 2710 ὕστερον
3520 2640 3681 2711 εῡχε-

2084 2750 2173 2787 ται
2201 2730 2492 2803 παρελθεῖν
2508 2732 2569 2785 τὸ
2593 2733 2877 2803 ποτήριον,
2903 2731 2988 2783 ἵνα
3014 2732 3088 2803 μὴ
3118 2732 3215 2803 πίῃ
3238 2748 3251 2797 ;
3288 2730 3346 2784 Ὀ
3376 2731 3545 2785 εἰπὼν
3575 2732 3686 2803 πρὸ

2082 2822 2178 2877 τοῦ
2205 2822 2385 2876 θανεῖν
2416 2822 2541 2893 περὶ
2577 2823 2671 2875 τοῦ
2716 2823 2969 2886 θανάτου,
3011 2822 3115 2876 κᾶν
3155 2823 3243 2877 διά
3282 2823 3342 2876 1:6
3375 2822 3449 2895 μὴ
3474 2824 3683 2895 ὑπολη-

2085 2913 2287 2983 φθῆναι
2312 2913 2553 2985 ψεύστην
2580 2913 2765 2978 αὑτὸν,
2794 2914 2895 2966 οὑκ
2923 2912 3156 2984 ⁴ηδύνατο
3188 2913 3448 2978 εὔξασθαι
3472 2916 3687 2987 παρελ-

2085 3005 2197 3059 θεῖν
2218 3005 2279 3058 τὸ
2303 3007 2581 3077 ποτήριον.
2625 3004 2786 3057 Ἀλλά
2811 3006 3168 3076 προκαλεῖται
3194 3005 3285 3059 διὰ
3312 3006 3406 3060 τοῦ
3435 3008 3686 3061 τοιούτου

2086 3098 2289 3169 τρόπου
2312 3096 2403 3150 τὸν
2430 3096 2720 3163 ἀντίδικον,
2752 3096 2840 3149 ἵνα
2878 3097 3090 3149 ἐκείνου
3120 3096 3482 3162 ὑπολαϐόντος
3514 3098 3687 3153 δεδιέ-

393 3203 580 3265 postea
610 3157 845 3247 transire
874 3157 993 3245 a'se
1016 3188 1239 3243 calicem
1270 3191 1528 3254 precatur
1550 3189 1610 3236 ut
1638 3196 1707 3236 ne
1723 3157 1981 3236 biberet?

2086 3157 2173 3242 ναι
2204 3188 2295 3243 τὸν
2330 3187 2561 3260 Σωτῆρα
2591 3187 2683 3240 τὸν
2708 3157 2964 3253 θάνατον,
2995 3188 3255 3261 ἐπαγάγῃ
3278 3188 3427 3259 αὑτῷ
3450 3157 3685 3243 θάνατον

392 3289 495 3356 Qui
531 3287 598 3342 de
632 3292 808 3341 morte
852 3298 975 3348 sua,
1025 3282 1347 3352 priusquam
1392 3282 1723 3340 moreretur,
1770 3288 1982 3329 sermo-

394 3396 516 3437 nem
550 3378 854 3440 habuerat,
896 3375 981 3429 vel
1021 3374 1091 3428 ob
1127 3373 1179 3426 id
1226 3383 1396 3425 unum
1439 3385 1507 3423 ne
1541 3367 1815 3422 mendacii
1848 3382 1982 3421 con-

394 3470 540 3525 xinci
578 3475 787 3538 posset,
822 3475 881 3519 ut
907 3480 936 3519 a
966 3479 1025 3520 se
1063 3462 1204 3517 calix
1235 3463 1324 3516 ille
1355 3460 1653 3529 praeteriret
1684 3474 1843 3513 orare
1871 3473 1981 3513 non

396 3570 629 3636 poterat.
668 3562 867 3616 Verum
895 3557 997 3610 hac
1025 3554 1402 3610 adversarium
1434 3566 1593 3607 suum
1625 3550 1839 3604 ratione
1862 3565 1985 3619 pro-
2016 3624 2021 3635 .

395 3663 579 3720 vocat,
612 3662 672 3707 ut
702 3668 828 3707 cum
859 3650 948 3703 ille
978 3646 1319 3702 Salvatorcm
1350 3651 1579 3697 mortem
1613 3650 1853 3696 metuere
1878 3641 1983 3697 sibi

396 3746 787 3821 persuasisset,
824 3743 967 3796 hanc
1000 3742 1105 3810 ipsi
1141 3737 1208 3792 ad
1235 3752 1425 3793 eorum
1460 3737 1553 3806 qui
1597 3736 1847 3790 morituri
1894 3752 1984 3791 es-

396 3849 540 3906 sent,
576 3840 807 3895 salutem
849 3834 1122 3905 inﬂigeret
1148 3852 1161 3887 :
1192 3832 1242 3885 id
1272 3831 1417 3901 quod
1448 3830 1712 3899 singulari
1745 3827 1984 3899 quadam

394 3944 478 3990 est
520 3930 810 4004 prudentia
856 3927 1178 3998 perlectum.
1221 3924 1374 3991 Quod
1414 3924 1460 3978 si
1505 3922 1651 3977 istud
1686 3923 1852 3977 etiam
1882 3936 1984 3975 au-

396 4026 518 4082 dias
540 4032 816 4079 mortuum
835 4035 957 4075 esse
983 4017 1295 4080 Dominum,
1327 4015 1477 4070 disce
1494 4014 1584 4069 ubi
1609 4015 1680 4069 sit
1710 4029 1858 4068 mors
1893 4012 1985 4068 illa

396 4126 673 4189 suscepta.
691 4115 809 4171 Tibi
836 4113 981 4170 enim
1018 4111 1387 4183 apostolorum
1407 4108 1662 4180 princeps
1688 4106 1879 4163 Petrus
1901 4114 1985 4161 to.

395 4223 510 4268 tum
536 4210 667 4266 illud
697 4207 890 4264 mortis
918 4206 1194 4277 negotium
1247 4204 1333 4257 his
1356 4202 1537 4259 verbis
1588 4202 1812 4272 exponit
1860 4219 1873 4255 :

2083 3282 2164 3345 εἰς
2196 3280 2467 3351 σωτηρίαν
2490 3282 2604 3343 τοῖς
2627 3278 2926 3349 θνήσκουσι
2957 3279 3047 3332 διὰ
3071 3280 3171 3351 τῆς
3200 3282 3533 3352 οἰκονομίας.
3572 3282 3687 3335 Ἀλ-

2082 3373 2151 3427 λά
2173 3374 2275 3427 κᾶν
2302 3374 2542 3444 ἀκούσῃς
2572 3372 2653 3425 ὃτι
2686 3372 2948 3443 τέθνηκεν
2978 3373 3006 3425 6
3036 3372 3267 3444 Κύριος,
3302 3374 3475 3442 γνῶθι
3498 3374 3559 3427 τὸ
3581 3375 3688 3429 πά-

2086 3464 2178 3528 θος
2216 3463 2311 3518 τοῦ
2347 3464 2576 3518 θανάτου
2622 3463 2727 3517 ποῦ
2778 3464 3155 3535 πεπλήρωται.
3208 3466 3534 3537 Ἐρμηνεύει
3576 3468 3687 3539 γάρ

2085 3574 2167 3610 σοι
2192 3558 2219 3610 6
2246 3555 2679 3628 κορυφαιότατος
2708 3556 2817 3609 τῶν
2850 3558 3167 3611 ἀποστόλων
3192 3558 3399 3631 Πέτρος
3428 3560 3527 3631 τὴν
3558 3564 3689 3632 περὶ

2081 3648 2175 3701 τοῦ
2225 3646 2455 3701 θανάτου
2505 3645 2671 3703 αὑτοῦ
2724 3647 3011 3713 ὑπόθεσιν,
3064 3647 3258 3718 λέγων·
3316 3653 3688 3718 Θανατωθεὶς

2082 3738 2285 3807 σαρκὶ,
2341 3738 2716 3805 ζωοποιηθεὶς
2766 3739 2835 3793 δὲ
2882 3742 3197 3809 πνεύματι.
3253 3742 3317 3796 Ἦ
3362 3743 3470 3814 γὰρ
3510 3744 3680 3800 αὑτοῦ

2084 3834 2275 3905 θεότης
2323 3834 2697 3905 ἀναδεξαμένη
2750 3834 2812 3887 τὸ
2866 3836 2923 3888 ὲν
2979 3837 3143 3907 σαρκὶ
3197 3836 3409 3901 παθεῖν,
3468 3840 3690 3911 ἀπαθής

2091 3925 2227 3986 ἐστι,
2261 3926 2352 3978 καὶ
2389 3925 2605 3995 ἀπαθὴς
2645 3920 2734 3996 ἦν,
2771 3926 2867 3978 καὶ
2902 3927 3119 3999 ἀπαθὴς
3144 3928 3400 3999 διέμεινε,
3440 3929 3516 4003 μὴ
3547 3948 3691 4001 τρα-

2094 4015 2288 4089 πείσης
2326 4019 2425 4090 τῆς
2465 4017 2753 4086 ἀπαθείας,
2786 4019 2921 4089 μηδὲ
2961 4020 3362 4093 ἀχρειωθείσης
3388 4025 3487 4095 τῆς
3530 4021 3691 4077 ἀῐδιὸ-

2092 4126 2273 4179 τητος.

1921 4198 2283 4271 Morti/icatus
2330 4218 2511 4271 carne,
2562 4201 2859 4273 vivi/icatus
2920 4212 3096 4259 autem
3140 4205 3332 4274 spiritu
3380 4207 3422 4261 ³.
3469 4205 3688 4262 Etenim

394 4308 654 4364 divinitas
694 4304 867 4375 ipsius
904 4300 1312 4373 perpessionem
1350 4299 1536 4354 carnis
1568 4297 1818 4362 subiens,
1863 4297 2243 4367 perpessionis
2272 4296 2630 4352 nihilominus
2671 4305 2758 4352 est
2822 4312 3041 4366 expers,
3078 4306 3131 4351 et
3188 4313 3387 4369 expers
3452 4306 3591 4365 erat,
3635 4310 3691 4354 ct

394 4416 591 4471 expers
631 4396 954 4467 permansit,
988 4410 1111 4449 cum
1150 4408 1327 4464 neque
1365 4392 1437 4447 sit
1472 4392 1565 4446 illa
1593 4407 1703 4446 non
1734 4392 1979 4462 patiendi
2006 4400 2217 4449 mutata
2250 4393 2518 4459 conditio,
2549 4407 2651 4449 nec
2680 4392 2963 4448 aeternitas
2992 4393 3288 4448 exstincta.

465 4490 684 4546 XXXV.
729 4489 797 4544 At
840 4490 985 4544 enim
1032 4487 1641 4542 inanissimivhomines
1669 4488 1981 4559 objiciunt:

2161 4490 2286 4545 AE'.
2334 4489 2507 4544 Πάλιν
2540 4505 2601 4543 τε
2640 4488 2735 4542 ἐὰν
2763 4490 2991 4543 εἴπωσιν
3020 4490 3069 4542 οἱ
3101 4487 3390 4553 κενόδοξον
3432 4489 3547 4543 Οὑκ
3581 4489 3690 4543 ἀπὸ

395 4584 679 4642 Christum
721 4582 903 4636 anima
946 4579 1117 4635 fuisse
1149 4579 1472 4649 praeditum,
1514 4579 1601 4635 his
1641 4581 1825 4635 verbis
1866 4596 1991 4651 per-

400 4675 634 4730 suadere
706 4686 817 4726 non
891 4677 1069 4741 potes,
1124 4669 1392 4741 siquidem
1435 4670 1488 4723 in
1533 4672 1708 4726 sacris
1772 4671 1994 4729 Litteris

400 4766 595 4824 Isaiam
624 4780 687 4821 ex
711 4763 807 4818 Dei
826 4778 889 4818 ac
911 4762 1088 4819 Patris
1117 4777 1349 4833 persona
1374 4763 1441 4818 de
1465 4762 1756 4834 Unigenito
1782 4765 1993 4821 dixisse

398 4859 666 4929 legimus:
704 4855 804 4910 llic
830 4866 905 4910 est
938 4854 1115 4910 Filius
1140 4870 1283 4909 meus
1315 4853 1538 4910 dilectus
1563 4895 1577 4919 ,
1616 4856 1671 4909 iu
1714 4873 1816 4927 quo
1858 4856 1988 4910 mihi

400 4951 579 5021 placui
604 4958 801 5020 :‘quem
826 4948 1013 5003 dilexit
1044 4948 1226 5001 anima
1266 4963 1381 5001 mea
1406 4946 1446 5000 ⁸.
1486 4946 1588 5002 Ubi
1620 4948 1752 5018 quid
1787 4949 1853 5004 de
1881 4946 1988 5001 Pa-

398 5050 482 5096 tre
524 5041 743 5095 tandem
791 5038 1264 5094 existimabimus?
1299 5046 1617 5092 utrumnam
1665 5041 1900 5094 animam
1933 5041 1989 5095 in

400 5134 585 5203 seipso
624 5131 903 5195 habuisse,
949 5137 1043 5183 aut
1071 5132 1369 5185 etiamnum
1406 5132 1646 5187 habere?
1683 5134 1808 5203 quis
1853 5134 1988 5188 adeo

400 5226 624 5281 demens
656 5231 761 5290 est,
794 5230 853 5278 ut
894 5221 1009 5277 haec
1038 5223 1105 5276 de
1131 5221 1290 5277 Patre
1332 5223 1683 5292 suspicetur?
1714 5223 1853 5289 Quid
1888 5224 1990 5293 igi-

475 5383 490 5412 ¹
516 5380 674 5436 Joan.
706 5396 804 5445 xu,
834 5379 926 5433 2'7.
988 5376 1183 5433 ’Joan.
1208 5393 1308 5443 xu,
1338 5378 1430 5432 27.
1510 5379 1530 5410 ³
1564 5378 1755 5434 Matth.
1799 5395 1911 5443 XVI,
1950 5378 2023 5432 22
2062 5396 2183 5450 sqq.

473 5534 586 5655 (ΒΞ)
631 5534 788 5590 Edita
834 5548 864 5588 a
912 5530 1137 5589 Petavio
1168 5532 1393 5602 habent,
1434 5534 1544 5587 ἀπὸ
1580 5533 1689 5586 τῶν
1730 5532 1987 5587 τοιούτων

415 5610 518 5655 anu
562 5621 686 5655 των.

404 5621 786 5739 ρηξὲῗῖαίῖὲριο
809 5672 900 5727 hic
927 5673 1249 5729 emendatur
1270 5670 1463 5725 Latina
1493 5672 1697 5726 Petavii
1724 5673 1987 5739 interpre-

410 5744 565 5811 tatio,
604 5758 724 5812 qua:
772 5743 953 5809 habet,
994 5759 1059 5797 ex
1116 5742 1213 5797 Dei
1260 5759 1321 5795 ac
1354 5742 1539 5796 Putris
1570 5743 1825 5812 unigeniti
1862 5742 1999 5797 Filii

2096 4581 2206 4635 τῶν
2227 4580 2484 4635 τοιούτων
2522 4582 2633 4653 (55)
2660 4581 2886 4636 δύνασαι
2920 4582 3067 4653 ἡμᾶς
3115 4582 3299 4635 πεῖσαι
3332 4581 3423 4635 τὸν
3454 4582 3690 4652 Χριστὸν

2099 4670 2277 4743 ψυχὴν
2303 4672 2614 4743 ἐσχηκέναι·
2652 4674 2967 4744 εὑρήκαμεν
3006 4672 3117 4742 γὰρ
3144 4671 3257 4725 ἀνω
3289 4673 3346 4726 ὲν
3378 4672 3497 4735 ταῖς
3520 4671 3691 4736 θείαις

2102 4764 2363 4835 Γραφαῖς,
2395 4762 2471 4828 ὥς
2501 4780 2668 4834 φησιν
2708 4764 2935 4827 Ἡσαΐας
2963 4762 3073 4831 (54)
3120 4762 3227 4816 ἀπὸ
3267 4761 3561 4835 προσώπου
3594 4763 3690 4816 τοῦ

2105 4854 2243 4908 Θεοῦ
2269 4856 2360 4908 καὶ
2395 4854 2607 4927 Πατρδς
2636 4854 2763 4927 περὶ
2790 4852 2885 4907 τοῦ
2906 4853 3267 4921 Μονογενοῦς·
3305 4849 3497 4921 Οὗτός
3521 4854 3693 4909 ἐστιν

2099 4949 2132 5000 ὀ
2171 4947 2302 5013 Υἱός
2326 4964 2446 5016 μου
2475 4950 2507 5001 ὁ
2534 4947 2863 5018 ἀγαπητός,
2893 4948 2980 5010 εἰς
3014 4944 3086 4999 ὃν
3112 4945 3227 5015 ἐγὼ
3257 4945 3595 5015 ηὐδόκησα,
3620 4945 3693 5000 ὃν

2095 5040 2416 5107 ἠγάπησεν
2441 5041 2479 5108 ἡ
2505 5039 2677 5110 ψυχή
2713 5059 2856 5110 μου.
2893 5038 2957 5092 Τί
3011 5041 3280 5111 νοήσομεν
3310 5041 3437 5111 περὶ
3456 5040 3688 5113 Πατρὸς,

2094 5132 2272 5203 ψυχὴν
2320 5132 2602 5203 εἰληφέναι
2649 5134 2706 5186 ὲν
2756 5130 2955 5201 ἑαυτῷ,
3002 5131 3035 5202 ἢ
3086 5130 3265 5205 ψυχὴν
3298 5131 3475 5202 ἐχειν;
3512 5133 3608 5195 Τίς
3633 5133 3691 5185 δὲ

2096 5224 2280 5294 ληρῶν
2314 5225 2471 5279 τοῦτο
2504 5228 2689 5297 νοήσει
2722 5225 2851 5295 1:591
2873 5225 2965 5279 τὸν
3000 5226 3252 5295 Πατέρα;
3295 5224 3360 5278 Τί
3394 5222 3493 5281 οὖν
3529 5244 3691 5297 eam;

2264 5379 2325 5433 ⁸1
2360 5380 2508 5438 Petr.
2533 5384 2722 5448 Iu,18.
2797 5384 2820 5415 ⁸
2854 5386 2960 5439 lsa.
3000 5399 3133 5449 χιιι,
3170 5382 3456 5447 t;Mattb.
3495 5398 3577 5452 ιιι,
3603 5384 3689 5437 17.

2096 5550 2325 5603 persona
2368 5535 2591 5595 dixisse,
2641 5544 2773 5599 τις..
2819 5554 2929 5591 non
2977 5536 3124 5591 enim
3175 5538 3338 5592 habet
3378 5537 3491 5592 ullo
3532 5538 3693 5592 modo

2095 5605 2345 5679 Gratcum
2378 5608 2816 5679 exemplumma‘t
2850 5608 3067 5679 [Ιατρὺς
3086 5608 3179 5662 τοῦ
3204 5608 3565 5679 Μονογενοῦς·
3597 5608 3691 5666 θαι

2095 5676 2433 5749 ευιιιιιι,περ“ι
2463 5676 2558 5730 τοῦ
2582 5675 2942 5747 Μονογενοῦς.
