3950 6410
222 407 287 462 81⁵
1633 406 2014 466 ᾹΝίῖΟῐὶΔΤῐ]
2025 409 2083 465 S.
3425 417 3497 475 82

222 512 634 592 τροπιπώτερον
672 512 924 591 εἰρῆσθαι
958 517 1020 574 sb
1053 518 1209 592 ῥῆμα
1236 517 1501 592 δηλονότι.
1532 520 1598 575 El
1622 521 1786 579 roivut

1908 530 1998 581 tur
2021 524 2254 581 dicunt?
2291 523 2397 582 Per
2423 533 2640 598 tropum
2673 527 2934 587 nimirum
2980 531 3311 590 vocabulum
3342 533 3494 592 istud

221 614 341 682 περὶ
380 611 599 683 Πατρδς
641 608 1046 685 τροπικώτερον
1082 610 1336 684 είρῆσθαι
1377 612 1650 683 λέγουσιν,
1691 613 1802 686 ἄρα

223 710 308 763 καὶ
342 708 474 780 rupi
499 706 640 761 Υξοῢ
669 706 732 762 τὸ
763 706 896 761 αὐτὸ
940 706 1241 779 λαμϐάνειν
1280 710 1412 782 χρή.
1452 710 1573 766 Κάν
1603 728 1664 765 τε
1689 711 1801 782 γὰρ

221 800 362 875 εἴπῃ,
389 801 472 855 ὅτι
508 800 577 857 Ἠ
602 799 776 871 ψυχή
809 816 932 870 μου
976 798 1349 873 τετάρακται,
1394 802 1513 867 καὶ,
1553 801 1800 875 [Ἑξου-

220 888 356 944 alar
377 885 522 960 ἔχω]
548 886 669 957 τὴν
692 885 906 958 ψυχήν
927 905 1050 959 μου
1073 887 1308 956 δοῦναι,
1338 890 1435 945 και
1462 890 1675 946 λαϐεῖν
1693 892 1802 947 αὐ-

219 981 342 1048 τήν*
370 980 473 1035 οὐκ
505 974 651 1050 εἶχε,
692 980 849 1050 φασὶ,
885 979 1086 1053 ψυχὴν,
1120 980 1259 1036 ἀλλὰ
1284 981 1695 1054 τροπικώτερον
1722 982 1801 1036 εί-

222 1088 388 1145 ρηται.
428 1072 543 1127 Καὶ
578 1072 727 1128 δοκεῖ
765 1072 828 1128 τδ
865 1073 1273 1144 συλλογιστικὸν
1314 1073 1482 1130 αὐτοῦ
1515 1075 1626 1147 (55)
1662 1076 1800 1149 φρό-

218 1179 355 1236 νημα
379 1163 564 1234 λέγειν
586 1181 664 1231 τι,
689 1168 790 1237 τῇς
818 1165 1078 1237 ἀληθείας
1107 1166 1511 1223 αὐτοσνστάτου
1541 1165 1711 1239 οὔσης
1732 1169 1799 1223 ὲκ

218 1253 415 1309 πολλῶν
442 1254 786 1327 τεκμηρίων.
831 1255 967 1309 Ἀπὸ
992 1256 1113 1327 γὰρ
1137 1255 1231 1311 τοῦ
1257 1255 1435 1322 εἴδους
1459 1254 1798 1328 λαμϐάνεται

215 1346 431 1411 latas-eo;
456 1345 683 1418 τρόπος.
726 1345 851 1401 Ἐπὶ
882 1346 983 1419 μὲν
1009 1346 1118 1421 γὰρ
1159 1346 1238 1419 τῷ
1274 1348 1452 1421 Πατρὶ
1492 1351 1556 1405 οὐ
1594 1349 1798 1424 τολμη-

215 1438 324 1495 τέον
352 1437 491 1503 ἐστὶ,
529 1438 668 1493 διότι
693 1438 814 1492 οὐδὲ
848 1439 1028 1510 σάρκα
1059 1440 1343 1513 ὲφόρεσεν.
1390 1442 1794 1516 Ὀμολογουμέ-

216 1540 305 1595 νης
338 1523 394 1578 δὲ
425 1526 525 1597 τῆς
555 1525 761 1597 σαρκὸς
793 1526 958 1597 περἰί
991 1529 1105 1592 τοῖς
1130 1530 1574 1598 Λουκιανισταῖς,
1605 1533 1656 1586 εἰ
1685 1532 1798 1588 τοί-

215 1630 300 1669 νυν
320 1615 340 1645 ⁸
374 1613 696 1686 ’Δρειανοίς,
738 1615 841 1668 οὐκ
874 1614 955 1669 ἔνι
986 1615 1375 1689 ἀμφιϐολογία.
1422 1620 1604 1687 Ἀλλὰ,
1636 1622 1792 1693 φησὶ,

223 1705 282 1761 '0
305 1706 493 1777 Λόγος
531 1705 695 1777 σὰρξ
736 1707 994 1780 ἐγένετο,
1035 1710 1129 1764 καὶ
1165 1712 1269 1766 οὐκ
1295 1707 1471 1781 εἶπεν,
1513 1716 1576 1767 '0
1601 1716 1795 1785 Δότος

214 1798 357 1868 σὰρξ
400 1801 496 1855 καὶ
539 1799 691 1873 ψυχὴ
731 1801 992 1871 ἐγένετο.
1038 1803 1186 1875 Πρὸς
1214 1804 1272 1859 δὲ
1303 1805 1405 1878 τὴν
1432 1805 1612 1861 αὐτῶν
1641 1808 1791 1881 ἀμα-

1907 626 2234 688 usurpatum
2298 618 2488 677 fuisse.
2538 619 2696 688 Quod
2737 622 2784 678 si
2826 636 2924 694 per
2961 630 3181 694 tropum
3222 624 3290 682 de
3331 621 3496 681 Patre

1902 706 2111 764 dictum
2141 708 2279 765 illud
2318 723 2432 780 est,
2472 711 2541 768 de
2566 710 2708 768 Filio
2735 728 2959 785 quoque
3000 714 3083 770 sic
3112 713 3490 787 accipiendum

1901 815 2026 859 esse
2062 802 2441 873 pronuntiant.
2503 804 2664 862 Unde
2707 806 2963 877 quamvis
3006 806 3083 862 ita
3134 808 3489 879 loqueretur:

1901 893 2100 948 Anima
2122 910 2239 950 mea
2262 894 2477 951 turbata
2498 896 2576 951 est
2598 896 2622 929 ⁸
2646 913 2662 952 :
2685 904 2762 962 et,
2787 894 3113 953 Potestatem
3138 898 3301 953 habeo
3328 896 3493 952 dandi

1902 988 2135 1042 animam
2176 1004 2379 1055 meam,
2412 996 2464 1045 et
2502 990 2746 1045 sumendi
2791 1007 2911 1047 eam
2934 992 2956 1024 ⁸
2987 1004 3003 1046 :
3035 1005 3147 1046 non
3176 997 3491 1063 propterea,

1900 1076 2179 1149 inquiunt,
2214 1079 2457 1134 animam
2493 1079 2756 1138 habuisse
2802 1081 3080 1154 putandus
3125 1088 3247 1147 est,
3280 1081 3377 1138 sed
3424 1081 3494 1137 ad

1898 1176 2121 1240 tropum
2153 1178 2238 1228 est
2270 1187 2337 1228 ac
2391 1173 2770 1245 metaphoram
2808 1173 3180 1231 referendum.
3232 1173 3496 1230 Nonnihil

1897 1260 2266 1318 ratiocinandi
2320 1263 2411 1320 illa
2459 1265 2764 1323 subtilitate
2807 1282 2873 1322 ac
2910 1267 3259 1324 cavillatione
3311 1266 3498 1323 dicere

1896 1351 2188 1408 Videntur:
2222 1369 2349 1410 cum
2380 1361 2565 1412 tamen
2605 1357 2724 1428 ipsa
2756 1372 2816 1415 se
2844 1373 2943 1429 per
2969 1374 3092 1415 sese
3120 1359 3329 1415 veritas
3353 1358 3499 1413 mul-

1896 1442 1972 1499 tis
2013 1445 2352 1516 argumentis
2382 1456 2615 1509 asserat.
2652 1445 2789 1504 Nam
2819 1464 2885 1504 ex
2928 1450 3150 1521 propria
3196 1451 3278 1505 rei
3318 1449 3495 1514 forma

1898 1549 1965 1590 ac
2004 1536 2188 1607 specie
2220 1550 2563 1610 unaquaeque
2598 1539 2857 1611 loquendi
2889 1539 3032 1596 ratio
3059 1540 3399 1599 desumenda
3429 1557 3494 1598 ac

1896 1627 2300 1684 consideranda
2341 1628 2579 1688 videtur.
2626 1630 2809 1698 Quare
2838 1633 2893 1687 in
2927 1629 3091 1689 Patre
3132 1634 3351 1704 quidem
3384 1634 3493 1690 hac

1896 1717 1978 1773 uti
2031 1718 2290 1790 loquendi
2338 1719 2572 1777 formula
2624 1738 2787 1778 nemo
2845 1722 3038 1793 debet,
3085 1726 3231 1797 quod
3267 1740 3496 1781 carnem

1895 1821 2181 1880 nunquam
2230 1810 2323 1866 ille
2386 1813 2713 1883 susceperit.
2781 1811 2919 1869 Cum
2970 1821 3155 1871 autem
3200 1830 3387 1872 veram
3434 1804 3535 1871 in‘

215 1885 276 1960 Θῆ
320 1882 480 1943 οὖσαν
529 1889 844 1959 ἀντιλογίαν
889 1891 1047 1961 κάγὼ
1078 1892 1244 1962 λέγω,
1286 1894 1370 1948 ὅτι
1415 1896 1786 1952 Ἔπλασενό

1896 1899 2119 1957 Christo
2168 1899 2343 1959 fuisse
2390 1882 2613 1960 carnem
2657 1903 2991 1962 Lucianistae
3036 1906 3152 1963 sive
3192 1907 3384 1962 Ariani
3417 1906 3494 1961 fa-

215 1979 347 2046 Θεὸς
373 1978 482 2034 τὸν
531 1979 875 2050 ἄνθρωπον,
931 1982 1088 2053 χοῦν
1117 1983 1321 2039 λαϐὼν
1362 1984 1481 2040 ἀπὸ
1515 1986 1628 2056 τῆς
1655 1987 1791 2059 γῆς’

214 2070 310 2125 ἀπὸ
333 2070 388 2125 δὲ
411 2069 506 2126 τοῦ
533 2072 772 2128 ἔπλασε
787 2073 856 2128 τὰ
884 2073 1061 2129 πάντα
1080 2092 1142 2129 συ
1149 2093 1259 2148 μπε
1267 2076 1533 2149 ριείληφε,
1563 2080 1659 2133 καὶ
1684 2080 1793 2135 ἀπὸ

212 2163 317 2231 τοῦ,
363 2165 425 2218 'O
467 2164 667 2236 Λόγος
706 2164 865 2235 σὰρξ
909 2164 1168 2237 ἐγένετο,
1214 2168 1282 2224 τὰ
1313 2170 1493 2225 πάντα
1522 2171 1788 2243 περιέχει.

212 2252 354 2309 Κατὰ
372 2253 479 2327 γὰρ
499 2255 596 2309 τὸν
616 2254 781 2310 αὐτὸν
810 2255 969 2327 λόγον
1004 2258 1456 2332 ἀνθυποφέρομεν
1484 2261 1670 2328 αὐτοῖς
1694 2262 1792 2317 καὶ

212 2340 351 2395 αὐτοὶ
380 2341 653 2412 λέγοντες·
704 2341 833 2398 Ἰδοὺ
866 2343 1035 2414 λέγει,
1082 2346 1401 2402 "Exsian
1438 2352 1471 2404 ὁ
1511 2350 1656 2417 Θεὸς
1683 2352 1792 2405 τὸν

212 2430 528 2501 ἄνθρωπον,
555 2434 655 2488 καὶ
688 2435 788 2489 οὐκ
808 2429 980 2504 εἶπεν,
1017 2436 1304 2510 Ἐποίησεν
1363 2440 1518 2513 αὑτῷ
1550 2436 1726 2515 ἧπαρ.
1754 2442 1788 2514 ἢ

213 2523 490 2596 πνεύμονα,
526 2526 558 2598 ἢ
593 2526 846 2598 καρδίαν,
882 2527 915 2600 ἢ
949 2527 1172 2598 φλέϐας,
1200 2531 1443 2604 ἢνεῦρα,
1479 2534 1511 2607 ἢ
1542 2534 1612 2590 τὰ
1653 2534 1789 2590 ἄλλα

214 2612 405 2685 ὅσαπέρ
436 2615 588 2693 ἐστιν
618 2616 681 2670 ὲν
703 2615 780 2687 τῷ
804 2614 1041 2687 σώματι·
1072 2617 1226 2690 παρὰ
1251 2619 1411 2673 τοῦτο
1431 2623 1698 2693 νοήσομεν
1729 2623 1789 2679 ἓν

214 2719 261 2756 τι
281 2699 410 2759 εἶναι
431 2692 806 2779 ὁλοσφύρητον
830 2707 851 2739 ³
868 2707 960 2762 τὸν
980 2706 1288 2780 ἄνθρωπον,
1315 2710 1403 2765 διὰ
1424 2711 1485 2766 τὸ
1508 2713 1585 2785 μὴ
1604 2692 1792 2770 λεπτοι

216 2794 380 2866 μερῶς
399 2795 496 2869 τὴν
529 2796 787 2853 σύνθεσιν
815 2796 908 2852 τοῦ
942 2799 1144 2865 παντὸς
1168 2801 1308 2866 ζὼου
1333 2803 1433 2876 τὴν
1455 2804 1678 2878 Γραφὴν
1703 2807 1790 2863 λε-

211 2887 555 2960 πτολογῆσαις
602 2890 683 2945 Οὐ
726 2891 963 2957 πάντως.
1005 2893 1094 2959 Ὠς
1133 2895 1265 2963 γοῦν
1297 2896 1407 2951 ἀπὸ
1434 2896 1529 2951 τοῦ
1562 2899 1683 2965 ἑνὸς
1712 2900 1792 2956 ετ-

210 2977 317 3043 ῶυς
343 2980 411 3034 τὰ
437 2981 534 3036 ὅλα
565 2984 1066 3057 συμπεριείληφεν,
1100 2986 1244 3042 οὕτω
1263 2988 1358 3043 καὶ
1393 2989 1501 3044 ἀπὸ
1527 2992 1627 3064 τῆς
1657 3010 1788 3067 σαρ-

212 3068 294 3135 ab;
318 3071 410 3144 τὴν
435 3072 621 3146 ψυχὴν
644 3073 923 3147 εἰληφέναι
949 3076 1039 3132 τὸν
1074 3078 1305 3151 Σωτῆρα
1329 3080 1507 3136 ἔνεστι
1530 3083 1711 3155 δῆλον.

1899 2000 2140 2059 teantur,
2169 1994 2322 2050 nulla
2353 2004 2535 2066 potest
2557 2012 2622 2054 ea
2649 1998 2719 2055 de
2746 2014 2808 2056 re
2840 2014 2966 2057 esse
2997 1999 3291 2057 dubitatio.
3324 2002 3493 2073 Atqui

1895 2084 2160 2155 scriptum
2177 2091 2283 2151 est,
2302 2084 2578 2156 inquiunt,
2613 2087 2833 2143 Verbum
2851 2105 2977 2144 caro
2996 2089 3197 2159 factum
3220 2089 3325 2162 41
3344 2099 3420 2145 est
3440 2091 3491 2156 ⁸;

1894 2190 2007 2232 non
2033 2182 2240 2240 autem,
2291 2175 2519 2231 Verbum
2560 2193 2684 2232 caro
2718 2188 2771 2233 et
2808 2179 2991 2233 anima
3027 2179 3231 2249 factum
3259 2189 3358 2234 est.
3391 2178 3497 2233 Ad-

1894 2283 2092 2325 versus
2114 2269 2422 2341 imperitam
2449 2270 2595 2326 hanc
2629 2272 2852 2327 illorum
2889 2272 3256 2341 objectioncm
3287 2272 3362 2325 ita
3390 2287 3494 2342 ego

1893 2362 2194 2431 prmscribo
2224 2380 2238 2417 :
2282 2361 2424 2417 Deus
2452 2362 2716 2417 hominem
2746 2363 3021 2434 formavit,
3068 2379 3187 2417 cum
3228 2362 3493 2433 pulverem

1892 2462 2101 2509 eterra
2147 2457 2477 2525 sumpsisset.
2523 2458 2643 2523 Qua
2706 2455 2979 2513 formandi
3033 2471 3168 2513 voce
3230 2455 3492 2511 universa

1891 2546 2266 2602 continentur.
2327 2547 2594 2606 Similiter
2637 2565 2769 2621 ergo
2830 2564 2997 2606 voces
3041 2548 3200 2615 istae,
3260 2547 3490 2603 Verbum

1892 2653 2019 2692 caro
2069 2638 2268 2709 factum
2314 2651 2415 2709 est,
2461 2643 2646 2699 omnia
2680 2641 3179 2713 comprehendunt.
3235 2639 3373 2695 Nam
3422 2640 3490 2695 ad

1891 2728 2147 2785 eumdem
2178 2734 2400 2789 modum
2440 2750 2546 2791 nos
2590 2734 2723 2790 illud
2750 2734 2885 2804 ipsis
2933 2734 3305 2805 opponimus:
3350 2731 3494 2788 Ecce

1892 2819 1993 2876 tibi
2050 2820 2340 2894 Scriptura
2398 2824 2881 2883 dicitzFormavit
2940 2824 3205 2880 hominem
3265 2820 3407 2878 Deus
3445 2823 3489 2878 ⁷.

1901 2926 2081 2981 neque
2128 2911 2288 2983 dixit,
2312 2914 2475 2974 Jecur
2497 2915 2626 2975 huic
2651 2916 2877 2984 eﬂinxit,
2909 2924 3004 2973 aut
3030 2917 3365 2989 pulmonem,
3397 2922 3493 2969 aut

1892 3016 2011 3069 cor,
2067 3012 2164 3060 aut
2216 3022 2422 3074 venas,
2478 3019 2575 3066 aut
2627 3025 2827 3068 nervos
2882 3017 3210 3080 caeteraque,
3236 3006 3491 3079 corporis

1905 3099 2177 3156 membra.
2230 3100 2414 3168 Quare
2465 3113 2649 3160 utrum
2708 3104 2931 3161 tandem
2993 3112 3165 3159 totum
3212 3102 3491 3159 hominem

210 3160 340 3271 velut
380 3164 909 3271 molem-quamdam
949 3168 1148 3271 malleo
1191 3172 1452 3229 ductilem
1502 3188 1568 3230 ac
1617 3177 1851 3238 solidam
1891 3187 2067 3255 fuisse
2105 3160 2446 3261 putabimus,
2487 3196 2633 3266 quod
2675 3197 2920 3268 singulas
2948 3203 3134 3271 partes
3193 3210 3259 3250 ex
3289 3193 3492 3265 quibus

210 3255 722 3364 conflatummnimal
776 3271 881 3331 est,
916 3265 1249 3364 minutatim
1296 3268 1582 3342 Scriptura
1639 3290 1751 3332 non
1799 3288 2175 3354 expresserit?
2220 3289 2342 3346 Non
2381 3255 2597 3363 opin-or.
2668 3255 2968 3364 Utigitur’
2991 3290 3259 3363 singulari
3308 3290 3489 3361 aliqua

209 3351 369 3457 ξβθοῖς
400 3353 671 3457 ,υηίνθΐεδ
719 3358 1167 3429 comprehcndit.
1207 3361 1289 3419 8ίο
1322 3377 1392 3419 ex
1434 3364 1552 3421 sola
1598 3369 1786 3427 carnis
1843 3380 2121 3437 mentione
2161 3351 2514 3457 perspicuum
2558 3394 2665 3453 est,
2707 3351 2871 3442 etiam
2913 3378 3169 3453 animam
3213 3401 3245 3440 a
3298 3382 3490 3441 Salva-

209 3449 313 3500 tore
341 3444 507 3503 fuisse
537 3458 877 3519 susceptam.

263 3534 389 3640 AF”:
422 3538 487 3591 Εί
513 3537 702 3593 τοίνυν
745 3539 924 3614 ψυχὴν
958 3542 1148 3615 εἴληφε
1181 3546 1276 3600 καὶ
1313 3547 1489 3621 σῶμα,
1521 3552 1774 3629 καθάπερ

1948 3562 2193 3622 XXXVI.
2235 3569 2511 3635 Quocirca
2537 3583 2664 3626 cum
2693 3569 2933 3625 animam
2962 3577 3016 3625 et
3045 3583 3249 3640 corpus
3279 3569 3489 3625 habue~

206 3625 579 3720 ἀποδέδεικται,
616 3630 724 3705 ἄρα
757 3632 857 3704 οὐχ
888 3634 923 3706 ἡ
965 3634 1156 3708 θεότης
1195 3632 1264 3709 ἦν
1294 3639 1652 3718 ὴλαττωμένη
1680 3625 1782 3720 τῆς

205 3716 287 3808 τοῦ
320 3720 527 3795 Πατρδς
564 3721 757 3787 οὐσίας
795 3724 926 3780 εἴσω
969 3726 1160 3781 παθῶν
1206 3734 1595 3808 περιεχομένη,
1632 3716 1781 3803 imm;

425 3813 520 3867 καὶ
565 3813 812 3887 κοπιάσῃ
857 3816 952 3870 καὶ
1000 3819 1266 3891 πεινάσῃ,
1316 3823 1410 3876 καὶ
1452 3806 1661 3900 ὅσαπερ
1700 3827 1781 3905 τῷ

205 3898 451 3976 ἀνθρώπῳ
478 3905 593 3959 εἰσὶ
624 3905 879 3980 χρειώδη.
923 3909 1035 3963 Καὶ
1061 3910 1166 3977 ὅτι,
1200 3914 1282 3968 Οὐ
1304 3916 1610 3984 κοπιάσει,
1632 3898 1776 3974 οὐδ’

205 3990 359 4047 ἐστιν
374 3995 688 4066 ἐξεύρεσις
718 3998 830 4069 τῆς
860 4001 1215 4073 φρονήσεως
1240 4007 1457 4078 αὐτοῦ,
1494 4026 1758 4065 κεκοπια-

206 4084 304 4149 κὼς
344 4086 399 4141 δὲ
438 4090 466 4143 ό
503 4089 702 4162 Σωτὴρ
747 4091 1099 4165 εὑρίσκεται,
1151 4097 1213 4150 οὐ
1271 4099 1424 4170 παρὰ
1472 4099 1632 4155 τοῦτο
1678 4104 1780 4158 οὐκ

205 4173 336 4231 ἔστιν
371 4179 433 4234 ἐκ
475 4182 578 4254 τῆς
626 4182 720 4237 τοῦ
758 4183 974 4257 Πατρὸς
1008 4186 1218 4255 οὐσίας,
1253 4187 1460 4245 ἄνωθεν
1500 4192 1778 4248 κατελθὼν

203 4266 230 4319 ὁ
256 4267 426 4338 Λόγος.
486 4273 581 4327 06'
617 4272 726 4347 γὰρ
763 4273 875 4330 ἄνω
914 4279 1275 4350 κεκοπίακεν,
1329 4281 1444 4335 ἀλλ’
1491 4284 1548 4338 ὲν
1578 4283 1775 4357 σαρκί.

207 4357 334 4413 Ἔδει
358 4361 463 4436 γὰρ
484 4364 588 4437 τῆν
618 4365 798 4438 σάρκα
824 4369 1111 4437 κοπιάσαι,
1153 4373 1241 4428 ΰθα
1276 4373 1352 4447 μὴ
1379 4373 1597 4448 δοκήσει
1623 4376 1778 4448 νομίο

205 4448 377 4521 Caret,
421 4456 539 4511 ἀλλ’
554 4457 811 4532 ἀληθείᾳ.
875 4459 983 4515 Καὶ
1019 4462 1088 4517 τὰ
1112 4463 1249 4524 ἄλλα
1278 4465 1487 4539 ὅσαπερ
1513 4466 1776 4539 τοιαύτην

204 4543 301 4617 ἔχει
340 4548 565 4623 δύναμιν
586 4592 601 4618 ,
634 4551 697 4606 τὺ
737 4550 1032 4620 νυστάξαι,
1065 4554 1128 4609 τὸ
1153 4554 1402 4611 ὑπνῶσαι
1422 4595 1438 4623 ,
1484 4556 1775 4631 ἀνθρώπου

204 4639 332 4696 ἐστὶν
349 4644 711 4717 ὖποφαντικά,
729 4645 827 4700 καὶ
840 4644 910 4699 τὰ
926 4645 1032 4700 ὑπὸ
1052 4647 1219 4719 ἁφήν.
1237 4647 1440 4702 Ἔλαϐε
1455 4647 1564 4721 γὰρ
1578 4648 1772 4716 ταῦτα,

206 4733 284 4787 καὶ
316 4735 599 4810 ἄνθρωπος
639 4736 860 4810 εὑρέθη.
908 4737 1271 4809 Εὑρήκαμεν
1316 4739 1426 4813 γὰρ
1471 4741 1774 4807 Μεσσίαν,

1886 3657 1982 3725 rit,
2014 3659 2095 3714 uti
2129 3658 2569 3717 demonstratum
2616 3670 2734 3728 est,
2789 3676 3140 3731 consequens
3183 3668 3269 3717 cst
3317 3659 3485 3718 Verbi

1886 3747 2228 3804 divinitatem
2263 3765 2295 3805 a
2342 3749 2525 3807 Patris
2578 3751 2890 3807 substantia
2943 3750 3081 3805 nihil
3135 3749 3484 3805 imminutam

1884 3841 2054 3897 nullis
2082 3841 2471 3902 affectionibus
2502 3843 2797 3900 obnoxiam
2831 3843 3001 3900 fuisse
3027 3858 3042 3898 :
3071 3849 3131 3897 ut
3165 3842 3351 3910 sitim,
3384 3843 3486 3898 las-

1883 3934 2205 4004 situdinem,
2239 3935 2464 4002 famem,
2499 3953 2565 3993 ac
2594 3945 2824 3995 cmteras
2848 3936 3090 3993 hominis
3120 3935 3483 3992 necessitates

1882 4024 2113 4081 subiret.
2148 4023 2338 4096 Neque
2379 4026 2526 4099 quod
2557 4029 2821 4100 scriptum
2866 4027 2939 4082 sit
2969 4045 2981 4082 :
3016 4025 3140 4079 Non
3170 4024 3480 4093 laborabit,

1882 4132 2044 4186 neque
2098 4118 2432 4189 investigatio
2479 4129 2557 4175 est
2599 4119 2897 4188 prudentia:
2942 4121 3109 4190 ipsius
3137 4120 3191 4174 δε
3231 4119 3483 4175 Salvator

1883 4217 2065 4264 autem
2102 4207 2358 4280 fatigatus
2390 4211 2562 4267 fuisse
2593 4211 2868 4283 legatur’,
2906 4219 3197 4282 propterea
3240 4210 3478 4267 Verbum

1881 4300 2103 4358 caelitus
2150 4302 2420 4373 allapsum
2450 4318 2481 4358 e
2506 4302 2686 4357 Patris
2734 4302 3045 4358 substantia
3079 4302 3305 4357 minime
3355 4317 3482 4372 pro-

1883 4393 2076 4448 cessit.
2112 4391 2300 4463 Neque
2328 4393 2473 4449 enim
2511 4406 2756 4457 sursum,
2801 4392 2897 4448 sed
2930 4391 2985 4446 in
3013 4405 3183 4447 carne
3221 4389 3484 4461 fatigatus

1879 4490 1988 4541 est.
2023 4482 2199 4551 Quam
2231 4482 2357 4540 ideo
2383 4483 2585 4540 lassari
2609 4483 2874 4555 oportuit,
2901 4491 2960 4536 ut
2984 4498 3094 4539 non
3125 4482 3307 4555 specie
3337 4481 3478 4549 sola,

1883 4576 1977 4635 sed
2001 4577 2231 4632 veritate
2252 4585 2513 4633 constare
2534 4577 2877 4634 crederetur.
2908 4575 3323 4647 Ejusdemmodi
3350 4583 3482 4633 sunt

1881 4678 2077 4726 caetera
2111 4671 2327 4738 omnia;
2373 4671 2543 4728 veluti
2579 4671 2907 4736 dormitare,
2955 4686 3211 4728 somnum
3243 4684 3478 4742 capere;

1880 4774 2004 4830 quae
2053 4759 2309 4814 humana:
2361 4759 2697 4817 conditionis
2749 4758 2953 4816 indicia
2989 4767 3142 4825 sunt,
3189 4766 3250 4815 ut
3283 4767 3338 4814 et
3387 4758 3480 4814 illa

205 4820 267 4876 ὃν
303 4825 517 4899 ἔγραψε
549 4827 836 4900 Μωῢσῆς.
887 4830 949 4884 Οἱ
976 4829 1035 4883 δὲ
1067 4830 1323 4904 εὑρόντες
1358 4831 1524 4887 αὐτὸν
1556 4830 1645 4886 διὰ
1676 4832 1776 4905 τῆς

1892 4820 2003 4926 quae
2031 4860 2183 4909 tactu
2218 4853 2624 4926 percipiuntur.
2666 4855 2800 4920 Quae
2829 4852 3051 4925 quidem
3096 4852 3188 4908 ille
3231 4851 3479 4922 suscepit

204 4918 521 4992 καταληπτοῦ
547 4922 785 4992 φύσεως,
807 4921 1055 4977 τούτεστι
1085 4924 1184 4996 τῆς
1212 4924 1500 4999 ὲνσάρκου.
1551 4926 1771 4999 Ἐπειδὴ

1892 4945 2086 5010 )mnia,
2115 4953 2170 5002 et
2198 4946 2459 5002 inventus
2489 4956 2574 5001 est
2606 4945 2790 5000 homo.
2831 4942 3137 4999 Invenimus
3166 4942 3336 5011 enim,
3390 4944 3477 4999 in-

333 5012 422 5067 ὲπὶ
445 5017 512 5086 τῇ
565 5015 919 5088 ἀκαταληψίᾳ
969 5016 1069 5088 οὐχ
1121 5017 1448 5091 ηὑρίσκετο,
1490 5017 1581 5073 διὰ
1617 5018 1777 5074 τοῦτο

1892 5035 2029 5108 quit,
2060 5006 2337 5102 Messium,
2366 5035 2431 5091 de
2457 5051 2558 5107 quo
2574 5033 2786 5105 Moyses
2801 5035 3166 5104 scripserat”.
3190 5034 3349 5092 Hunc
3381 5050 3479 5090 au-

207 5096 298 5151 ὑπὸ
339 5101 713 5177 Γῳμματέων
759 5105 1198 5178 συλλαμϐάνεται
1220 5147 1236 5175 ,
1293 5110 1389 5164 καὶ
1432 5108 1542 5164 τὸν
1581 5107 1779 5164 νῶτον

1892 5135 1988 5183 lem
2037 5142 2136 5199 per
2176 5142 2297 5184 eam
2331 5134 2612 5192 naturam,
2649 5142 2775 5198 quae
2815 5127 3207 5199 comprehendi
3259 5138 3478 5200 potest,

407 5195 632 5251 ἔδωκεν
669 5198 758 5265 είς
804 5197 1139 5268 μάστιγας,
1191 5198 1293 5253 καὶ
1332 5198 1401 5253 τό
1448 5199 1776 5270 πρόσωπον

1892 5218 1985 5273 boc
2015 5225 2135 5284 est,
2180 5232 2346 5274 carne
2382 5216 2675 5290 praeditam
2719 5217 3072 5287 invenerunt,
3109 5234 3235 5275 cum
3279 5219 3337 5274 in
3386 5219 3477 5274 illa

205 5286 371 5336 αὐτοῦ
405 5287 517 5341 οὐκ
551 5286 893 5358 ἀπέτρεψεν
924 5288 1046 5345 ἀπὸ
1080 5291 1386 5361 αἰσχύνης
1422 5291 1773 5362 ἐμπτυσμάέ-

1892 5325 2003 5383 qua:
2054 5310 2450 5383 comprehendi
2516 5312 2747 5384 nequit,
2806 5312 3041 5369 inveniri
3096 5328 3206 5370 non
3266 5320 3476 5384 posset.

206 5383 338 5476 10'”,-
364 5373 612 5442 ἔκλαυσε,
657 5379 756 5433 καὶ
783 5380 994 5451 ὅσαπερ
1030 5379 1167 5436 ἄλλα
1197 5382 1327 5454 περὶ
1358 5382 1526 5437 αὐτοῦ
1561 5382 1769 5455 ᾅδεται.

1892 5403 2058 5473 Quam
2086 5403 2157 5461 ob
2186 5419 2411 5462 causam
2434 5413 2488 5462 et
2513 5420 2544 5461 a
2575 5404 2787 5463 Scribis
2814 5414 3106 5476 correptus
3134 5414 3247 5474 est;
3277 5412 3333 5460 et
3354 5404 3474 5459 dor-

208 5456 291 5525 Τίς
313 5463 365 5519 δὲ
389 5467 618 5538 ἠδύνατο
645 5470 738 5527 τὸν
758 5472 893 5527 Θεοῦ
916 5472 1092 5543 Λόγον
1126 5475 1185 5529 ὲν
1221 5474 1437 5548 οὐρανῷ
1465 5475 1773 5549 μαστίζειν,

1892 5468 2002 5554 tum
2047 5514 2203 5555 suum
2245 5497 2476 5572 ﬂageilis
2510 5498 2730 5571 objecit,
2769 5510 2819 5556 et
2865 5499 3068 5555 vultum
3116 5514 3151 5552 a
3200 5506 3475 5570 sputorttm

263 5632 426 5731 ‘qur;
457 5642 657 5731 παρὰ(
703 5643 815 5731 ’3".
844 5647 1043 5731 είτρυν.
1133 5649 1168 5682 ³·
1185 5667 1277 5721 γρ.
1293 5652 1688 5731 δλοσιρῄρητον.
1763 5653 1786 5687 ⁸

1892 5657 2196 5731 tn.xu,27.
2273 5659 2295 5692 ⁸
2326 5656 2485 5715 Joan.
2519 5672 2575 5714 tt.
2619 5656 2706 5714 l8.
2783 5657 2804 5690 ⁸
2836 5653 2998 5713 Joan.
3035 5671 3077 5725 ι,
3113 5654 3204 5711 Η.
3279 5654 3302 5689 ⁷
3339 5653 3471 5712 Gen.

203 5705 351 5775 11,7.
399 5710 423 5744 ι
462 5705 563 5770 Ιιιί.
604 5730 695 5781 ιι,
733 5716 823 5775 es.
924 5717 945 5753 ο
982 5716 1141 5776 toan.
1184 5705 1274 5788 ii;
1302 5705 1687 5781 egents;
1719 5739 1759 5796 ι,
1798 5705 1889 5785 is.

261 5843 364 5922 (35)
393 5847 595 5913 Forsan
630 5856 923 5931 legendum
954 5860 1156 5917 αὐτῶν.
1189 5861 1361 5920 Enn.
