3950 6434
176 407 238 467 ε,
1553 404 1998 466 ANCORATUS.
3176 415 3190 473 ι
3339 412 3415 470 as

178 521 269 594 γὰρ
293 518 615 577 iuth
646 518 834 589 ὄνομά
873 531 991 586 σοι,
1031 516 1342 589 φησίνοοῦκ
1382 516 1562 589 εἶπεν,
1593 542 1611 575 ι
1634 524 1713 578 ὲκ-

1830 526 2054 582 cmlitus
2084 522 2239 580 illum
2287 522 2344 580 in
2381 520 2636 579 homines
2672 520 2905 579 ell‘usum
2959 532 3126 594 atque
3161 524 3419 580 exinani-

179 615 330 686 χυθὲν,
353 632 370 666 ι
401 610 514 667 ἀλλ’
549 610 905 679 ἑκκενωθὲν,
935 609 1032 664 ἀπ’
1070 609 1306 682 οὐρανοῦ
1346 612 1430 676 εἰς
1457 611 1562 684 γῆν
1583 630 1597 645 °
1628 613 1716 668 ἶνα

179 706 265 761 ἀπὸ
285 705 379 776 γῆς
405 705 483 769 εἰς
505 705 746 776 Μαρίαν,
775 703 869 759 καὶ
894 703 1003 757 ἀπὺ
1022 703 1243 776 Μαρίας
1264 704 1400 777 σὰρξ
1426 706 1718 778 γενόμενος

176 798 442 863 κυΐσκεται,
476 798 559 862 είς
587 797 831 869 Βηθλεὲμ
876 798 1162 867 γεννᾶται,
1202 797 1311 852 ἀπὸ
1344 797 1592 872 Βηθλεὲμ
1635 802 1718 866 είς

174 886 395 960 Ναζαρὲτ
421 888 757 960 μεταϐαίνει,
786 886 894 943 ἀπὸ
916 886 1177 961 Ναζαρὲτ
1213 890 1293 954 είς
1314 890 1712 963 Καπερναοὺμ,

172 980 263 1039 ἀπὸ
286 978 651 1052 Καπερναοὺμ
686 981 767 1045 είς
827 978 1187 1053 Ἰερουσαλὴμ
1225 979 1321 1034 καὶ
1353 980 1629 1035 θάλασσαν
1657 983 1716 1036 ὲν

171 1073 237 1144 τῷ
273 1072 492 1144 βαδίζειν
549 1073 711 1127 αὐτὸν
743 1073 838 1128 ἐπὶ
888 1071 999 1127 τῶν
1027 1073 1270 1141 ὑδάτων,
1320 1074 1521 1129 καὶτὰ
1570 1074 1713 1147 μέρη

170 1162 340 1235 Τύρου,
363 1164 456 1218 καὶ
481 1162 645 1229 Ναῒν,
673 1164 770 1218 καὶ
795 1163 896 1237 τὴν
927 1163 1190 1218 Ἰουδαίαν
1222 1164 1318 1219 καὶ
1351 1164 1583 1238 Ἰεριχὼ,
1616 1167 1712 1220 καὶ

170 1257 236 1320 είς
258 1256 506 1327 Βηθφαγὴ
545 1254 641 1310 καὶ
671 1254 965 1336 Βηθανίαν,
1010 1257 1093 1320 είς
1132 1255 1490 1329 Ἰερουσαλήμ
1527 1273 1589 1310 τε
1616 1256 1711 1312 τὸν

169 1346 290 1411 ναὸν,
317 1346 408 1403 καὶ
436 1347 497 1401 τὸ
521 1346 649 1420 ὅρος
675 1346 787 1401 τῶν
829 1346 1081 1415 Ἐλαιῶν,
1106 1349 1204 1402 καὶ
1239 1347 1588 1422 Γεθσημανῆ,
1631 1338 1723 1416 είς

168 1436 289 1499 οἶκον
306 1439 546 1508 Καῖάφα,
571 1441 652 1505 είς
673 1438 736 1493 τὸ
760 1438 1115 1513 πραιτώριον,
1141 1441 1236 1496 καὶ
1259 1441 1399 1515 πρὸς
1427 1441 1675 1515 Ἡρώδην
1691 1484 1709 1510 ,

168 1532 233 1597 είς
256 1530 405 1585 τόπον
427 1530 687 1601 Γολγοθᾶ,
716 1532 798 1596 είς
825 1531 888 1585 τὸ
926 1532 1137 1604 μνῆμα,
1172 1533 1267 1587 καὶ
1297 1532 1404 1598 ἕως
1429 1532 1526 1587 τοῦ
1556 1532 1708 1605 ᾅδου,

166 1625 231 1687 εἰς
247 1624 342 1695 γῆν
366 1623 502 1695 μετὰ
529 1624 632 1696 τὴν
651 1624 972 1688 ἀνάστασιν,
999 1622 1097 1678 καὶ
1118 1625 1199 1689 είς
1220 1623 1504 1696 οὐρανούς.
1521 1626 1711 1699 Μύρον

165 1711 255 1785 γὰρ
291 1713 583 1768 ἑκκενωθὲν
633 1713 743 1768 ἀπὸ
796 1712 1003 1784 ἄγγους
1038 1714 1121 1778 είς
1161 1713 1333 1785 ἄγγος
1350 1756 1366 1780 ,
1412 1716 1593 1772 πάντα
1640 1717 1711 1773 τὰ

163 1807 284 1878 ἄγγη
318 1807 549 1880 μυρίζει.
582 1808 695 1861 Καὶ
716 1807 959 1881 Χριστοῦ
988 1809 1022 1880 ἡ
1056 1809 1331 1880 παρουσία
1360 1809 1457 1864 ἀπ’
1478 1810 1710 1882 οὐρανοῦ

1825 629 1942 673 tum
1976 617 2177 682 fuisse,
2209 616 2314 672 hoc
2337 623 2445 682 est,
2496 615 2550 670 in
2603 615 2896 686 quamdam
2945 615 3129 671 Maria:
3180 615 3409 687 virginis

1823 708 2117 765 ollicinam.
2156 707 2492 780 Unguentum
2525 707 2697 775 enim,
2722 707 2923 778 inquit,
2949 708 3278 762 exinanitum
3319 725 3411 763 no-

1824 817 1943 856 men
1980 810 2127 855 tuum
2153 800 2196 856 ².
2234 799 2354 855 Νοιι
2387 798 2528 854 dixit
2558 816 2579 850 ι
2601 797 2890 860 είΐιιειιηι,ι
2930 798 3027 855 sed
3055 800 3406 866 exinanitum,
3482 806 3487 811 '

1823 911 1855 952 e
1879 894 2022 950 coelo
2052 891 2313 949 videlicet
2350 892 2406 947 in
2437 898 2679 959 terram;
2708 890 2804 947 ubi
2831 896 3029 948 eterra
3060 890 3116 945 in
3152 889 3403 954 Mariam,

1823 994 1878 1043 et
1911 989 1977 1043 ex'
2036 984 2208 1041 Maria
2251 997 2385 1041 caro
2429 982 2637 1039 factum
2676 983 2735 1038 in
2768 990 2928 1039 utero
2959 981 3222 1054 gignitur,
3250 980 3410 1037 Beth-

1821 1078 2024 1135 leliemi
2079 1077 2364 1143 nascitur,
2410 1075 2540 1132 inde
2592 1074 2926 1132 Nazaretum
2979 1074 3407 1145 transgreditur,

1817 1171 2088 1228 Nazareto
2117 1168 2530 1243 Capharnaum,
2576 1169 2708 1226 hinc
2747 1184 2916 1242 porro
2946 1167 3410 1240 Hierosolymam,

1817 1273 1874 1323 et
1899 1264 1966 1320 ad
1998 1278 2151 1321 mare
2176 1261 2538 1326 transfertur.
2570 1270 2688 1317 tum
2718 1277 2845 1318 cum
2882 1276 3055 1331 supra
3086 1275 3261 1331 aquas
3289 1274 3410 1315 amo

1818 1357 2054 1425 hulavit,
2080 1362 2136 1413 et
2160 1355 2230 1411 ad
2265 1361 2454 1427 partes
2489 1352 2643 1427 Tyri,
2680 1353 2748 1408 ad
2781 1351 2943 1416 Nain,
2976 1351 3223 1409 Iudaeam
3251 1352 3409 1417 item,

1831 1447 2234 1516 Jericliuntem,
2286 1446 2668 1517 Bethphagen,
2720 1444 3067 1511 Bethaniam,
3110 1444 3182 1499 ad
3222 1442 3413 1499 lliero-

1817 1540 2211 1612 solymitanum
2264 1537 2556 1608 templum,
2605 1536 2674 1592 ad
2721 1535 3003 1593 Olivarum
3038 1544 3302 1601 mentem,
3347 1535 3408 1591 in

1815 1632 2004 1689 villam
2043 1629 2421 1695 Gethsemani,
2458 1629 2516 1685 in
2546 1629 2770 1700 Caiphae
2805 1628 3053 1693 domum,
3097 1628 3169 1684 ad
3207 1634 3410 1699 praeto-

1814 1724 1980 1789 rium,
2007 1721 2076 1778 ad
2106 1720 2399 1795 Herodem,
2438 1720 2510 1776 ad
2552 1719 2821 1776 Calvarite
2864 1720 3072 1784 locum,
3112 1719 3185 1775 ad
3217 1717 3406 1790 sepul-

1820 1828 2001 1878 crum,
2049 1811 2118 1868 ad
2166 1810 2399 1875 inferos,
2427 1817 2555 1882 post
2578 1809 3045 1867 resurrectionem
3076 1808 3145 1863 ad
3177 1817 3412 1878 terram,

162 1897 268 1969 ὅλην
299 1898 391 1970 τὴν
448 1899 552 1973 γῆν
592 1898 828 1971 ήγίασε,
862 1901 990 1966 τοὺς
1023 1898 1186 1954 αὑτὸν
1229 1899 1606 1973 λαμϐάνοντας
1652 1903 1712 1957 ὲν

1818 1913 1867 1962 et
1900 1905 1957 1960 in
1988 1904 2191 1961 coelum
2235 1902 2477 1974 denique
2512 1908 2929 1973 transportatus
2973 1907 3081 1957 est.
3131 1899 3270 1957 Nam
3304 1915 3410 1955 un-

162 1989 390 2063 ἀληθείᾳι
418 1990 448 2045 δ
473 1991 601 2063 ιθριος
624 1992 640 2023 ¹
672 1990 750 2046 ῶν
778 2033 793 2059 ,
827 1991 903 2058 ὡς
932 1993 990 2046 ἐν
1159 1992 1389 2065 Δανιὴλ,
1435 1994 1531 2049 καὶ
1569 1994 1715 2066 μέγα

164 2081 497 2154 Κροςηίιθος
526 2082 898 2153 τεμνόμενος
932 2084 1080 2139 ἄνευ
1115 2082 1351 2153 χειρῶν,
1382 2085 1512 2139 ἄνευ
1545 2087 1714 2161 σπέρ-

164 2190 308 2245 ματος
324 2174 512 2247 ἀνδρὸς
531 2174 983 2246 ὑπαινιττόμενος
1003 2189 1019 2204 ·
1040 2174 1103 2229 τὸ
1128 2174 1313 2247 μεῖζον
1336 2171 1494 2241 αὖθις
1519 2177 1716 2250 μικρὸν

161 2265 510 2338 εὑρισκόμενον
529 2282 545 2297 ⁸
572 2267 747 2334 λίθος
770 2267 932 2321 πάλιν
951 2266 1356 2339 ἀναλαμϐάνων
1381 2268 1443 2323 τὺ
1461 2269 1710 2340 μέγεθος,

159 2358 239 2411 καὶ
263 2358 535 2432 γινόμενος
560 2355 722 2424 αὖθις
753 2359 880 2433 ὅρος
911 2360 1055 2433 μέγα
1075 2379 1093 2399 ε
1123 2361 1219 2416 καὶ
1244 2362 1326 2416 ὅτι
1353 2362 1415 2416 τὸ
1452 2363 1580 2436 ὅρος
1612 2364 1714 2419 οὐκ

158 2446 225 2499 ενι
273 2446 442 2520 τόπῳ,
472 2448 616 2504 ἀλλὰ
668 2449 900 2520 πληρῶν
948 2450 1168 2505 ἅπασαν
1209 2451 1311 2523 τὴν
1360 2453 1711 2526 οἰκουμένην.

158 2528 356 2602 οὗτοςό
403 2538 566 2609 σοφία
606 2537 717 2604 ὢν,
760 2540 855 2594 καὶ
903 2539 1196 2613 γενόμενος
1236 2542 1544 2614 ἄνθρωπος,
1610 2546 1713 2598 ὲπο

160 2629 381 2685 ικτείνων
396 2630 591 2687 ἑαυτοῦ
626 2631 726 2705 τὴν
744 2632 974 2705 δύναμιν
992 2633 1069 2705 τῷ
1098 2634 1311 2705 κόσμῳ,
1334 2635 1423 2689 ἵνα
1446 2635 1554 2707 πλη
1563 2634 1714 2708 ρώσῃ

160 2723 242 2794 τὴν
281 2725 608 2797 οἰκουμένην
654 2724 914 2797 χάριτπ,
965 2726 1342 2795 προέκοπτεν
1371 2727 1581 2795 ἡλικίᾳ
1612 2727 1714 2782 καὶ

1813 2002 2082 2071 guentum
2135 1996 2202 2052 de
2221 2010 2335 2051 uno
2378 2008 2511 2051 vase
2535 1993 2593 2049 in
2642 1992 2795 2049 aliud
2846 1990 3218 2058 exinanitum,
3277 2004 3410 2047 vasa

1818 2088 2008 2144 omnia
2043 2086 2133 2144 sui
2175 2085 2481 2157 fragrantia
2509 2083 2826 2157 perfundit;
2862 2083 2937 2138 ita
2968 2083 3176 2141 Christi
3206 2098 3238 2139 e
3266 2082 3419 2139 cmlo.

1813 2177 2097 2248 delapsus,
2127 2184 2334 2232 terram
2361 2189 2582 2231 omnem
2605 2174 2844 2246 quadam
2880 2174 3178 2230 sanctitate
3212 2188 3413 2231 conse-

1813 2271 2014 2334 cravit,
2045 2271 2151 2327 hoc
2174 2277 2280 2337 est,
2323 2284 2422 2326 eos
2448 2269 2542 2340 qui
2574 2269 2792 2324 sincere
2823 2274 2880 2323 et
2911 2283 2979 2323 ex
3011 2267 3196 2322 animo
3223 2267 3413 2338 ipsum

1812 2364 2153 2434 exciperent.
2207 2361 2307 2416 Hic
2356 2369 2443 2417 est
2489 2359 2582 2415 ille
2603 2374 2787 2424 mons,
2820 2356 3123 2429 etquidem
3150 2371 3408 2427 magnus.

1815 2454 1975 2525 cujus
1999 2453 2190 2509 Daniel
2220 2452 2472 2509 meminit
2498 2469 2512 2505 :
2536 2450 2705 2521 Lapis
2730 2452 2845 2506 sine
2868 2449 3111 2505 manibus
3135 2448 3344 2504 excisus
3363 2448 3408 2512 ³,

1814 2543 1929 2617 46
1958 2544 2064 2599 hoc
2090 2552 2197 2609 est,
2226 2543 2350 2600 sine
2375 2542 2525 2598 virili
2555 2537 2683 2598 satu'
2713 2540 2958 2614 genitus.
2988 2538 3094 2607 Qui
3129 2542 3254 2595 cu‘m
3286 2551 3414 2608 par-

1815 2652 1918 2694 vus
1956 2644 2126 2704 esset,
2158 2635 2337 2706 major
2377 2642 2464 2691 est
2509 2641 2699 2706 postea
2743 2642 3028 2704 repertus;
3086 2630 3226 2700 lapis
3251 2670 3268 2693 ,
3324 2629 3416 2684 ina

1815 2744 2009 2802 quam,
2062 2729 2159 2802 qui
2207 2728 2278 2784 ad
2323 2726 2760 2801 magnitudinem
2817 2732 3008 2797 postea
3054 2723 3323 2797 pervenit,
3358 2731 3415 2780 et

160 2815 330 2882 σοφίᾳ.
363 2814 512 2869 Ἐπεὶ
550 2815 720 2885 σοφία
762 2814 841 2869 ῶν
868 2814 963 2870 τοῦ
1017 2815 1253 2889 Πατρδς,
1299 2818 1396 2871 καὶ
1446 2816 1713 2872 διδάσκων

1818 2825 1873 2880 in
1903 2832 2144 2880 montem
2191 2823 2428 2880 arduum
2461 2822 2758 2879 ‘succrevit
2783 2865 2798 2891 ,
2848 2821 2942 2894 qui
2977 2819 3201 2891 quidem
3252 2833 3415 2874 mons

160 2905 441 2978 ἀνθρώπους
458 2906 672 2973 λαλεῖν,
698 2907 796 2962 καὶ
816 2906 1127 2981 ἀνθρώποις
1158 2908 1509 2982 διαρθρώσας
1534 2910 1713 2980 γλῶσ-

1818 2932 1929 2973 non
1962 2924 2115 2971 certo
2160 2915 2282 2971 loco
2317 2914 2780 2986 circumscriptus
2818 2921 2925 2978 est,
2959 2912 3055 2969 sed
3089 2911 3414 2967 universum

160 3012 269 3062 σαν,
294 2999 382 3052 καὶ
418 2998 702 3069 φυτεύσας
751 2998 814 3053 τὺ
855 2994 949 3065 οὖς
1000 3001 1112 3064 τοῖς
1144 2999 1440 3067 ἀκούουσι,
1470 3000 1590 3066 πῶς
1614 3003 1713 3056 οὐκ

1818 3013 2091 3061 terrarum
2136 3006 2325 3062 orbem
2374 3005 2740 3078 amplitudine
2793 3019 2894 3060 sua
2926 3002 3244 3074 complevit.
3301 2998 3400 3054 llle

158 3089 253 3163 εδει
280 3091 448 3147 καλεῖν
479 3091 704 3164 πατέρα
739 3091 774 3164 ἢ
809 3092 1049 3165 μητέρας
1086 3091 1198 3164 (38)
1232 3092 1465 3165 λήψεται
1487 3094 1713 3166 δύναμιν

1818 3112 1945 3154 eum
1986 3098 2261 3170 sapientia
2311 3098 2408 3164 sit,
2458 3097 2627 3154 homo
2658 3097 2839 3153 factus
2878 3096 2990 3152 vim
3032 3109 3188 3151 suam
3227 3106 3292 3149 ac
3321 3108 3422 3164 po-

158 3181 443 3249 Δαμασκοῦ,
482 3182 582 3236 καὶ
632 3181 705 3235 τὰ
741 3180 914 3235 σκύλα
942 3183 1289 3255 Σαμαρείας,
1312 3184 1409 3238 καὶ
1452 3184 1521 3239 τὰ
1564 3185 1712 3257 ἑξῆς.

1819 3192 2049 3249 tentiam
2097 3200 2213 3248 toto
2253 3192 2445 3249 mundi
2476 3194 2688 3248 ambitu
2724 3192 3089 3264 propagavit;
3129 3201 3188 3246 ut
3217 3191 3413 3245 orbem

166 3243 283 3324 uir
308 3243 488 3345 ἐπειδὴ
520 3271 816 3343 γεννηθεὶς
843 3272 952 3326 ἀπὸ
978 3243 1210 3339 κοιλίας,
1239 3243 1406 3339 suos;
1433 3243 1632 3340 λαλῶν,
1648 3243 1712 3330 ’ἐξ

2100 3243 2204 3248 -νη
2254 3243 2445 3249 ῆ--η-
2478 3243 2688 3248 -η-η-η-
2725 3243 3043 3264 τ--ι-νορ--τ
3076 3243 3089 3257 ,
3227 3243 3240 3245 τ

1818 3289 2094 3338 terrarum
2130 3282 2308 3355 gratia
2351 3298 2454 3338 sua
2493 3280 2817 3354 compleret,
2849 3289 3007 3336 letale
3062 3297 3129 3334 ac
3145 3279 3410 3348 sapientia

156 3362 413 3431 ἑδεὲκνυτο,
441 3365 539 3420 καὶ
567 3364 835 3437 καθαρῶς
873 3361 963 3420 οἷα
991 3364 1059 3443 δὴ
1095 3366 1360 3439 ἀρτίπαις
1390 3367 1710 3438 ἐφθέγγετο,

1818 3389 2129 3444 progressus
2176 3383 2254 3428 est
2282 3411 2297 3428 .
2337 3371 2443 3440 Qui
2488 3371 2637 3431 enim
2683 3371 2888 3442 alioqui
2916 3370 3197 3434 convenit,
3229 3376 3289 3423 ut
3318 3366 3415 3439 qui

157 3459 388 3526 φαντασία
416 3460 483 3516 ἂν
534 3459 843 3533 ἐνομίσθη,
881 3460 976 3515 καὶ
1014 3460 1116 3514 οὐκ
1162 3460 1391 3535 ἀληθὴς,
1431 3462 1468 3540 ἢ
1512 3462 1712 3535 μᾶλλον

1821 3465 2004 3522 Patris
2053 3466 2323 3537 sapientia
2374 3468 2470 3533 sit,
2518 3471 2574 3520 et
2614 3463 2965 3520 articulatam
3005 3463 3289 3518 hominum
3319 3460 3417 3515 lin-
3535 3481 3539 3486 ν

157 3548 338 3621 δοκήσει
386 3553 423 3628 ὴ
464 3551 740 3623 Ενσαρκος
788 3550 956 3604 αὐτοῦ
1000 3551 1218 3625 κύησις.
1267 3554 1367 3615 Διᾲ
1407 3571 1490 3608 τοι
1552 3553 1712 3609 τοῦτο

1820 3574 1983 3631 guam
2024 3557 2237 3625 fecerit,
2287 3565 2342 3615 et
2383 3557 2738 3613 audientibus
2785 3572 2950 3613 aures
2986 3556 3272 3621 inseverit,
3310 3569 3414 3626 pa-

156 3642 380 3716 θπομένει
408 3646 468 3700 τὺ
502 3644 695 3715 ὀλίγον
735 3645 838 3716 τῆς
871 3643 1110 3717 ἡλικίας,
1139 3645 1227 3701 ἵνα
1265 3646 1340 3723 μὴ
1380 3648 1621 3723 ἀφανίσῃ
1649 3650 1710 3703 τὸ

1818 3637 1958 3706 trem
1988 3660 2084 3706 aut
2106 3659 2334 3705 matrem
2364 3666 2474 3706 non
2498 3650 2653 3720 prius
2671 3649 2949 3720 appellare
2979 3648 3222 3711 sciverit,
3246 3661 3417 3718 quam

152 3733 319 3805 ἀληθὲς
344 3737 441 3809 τῆς
470 3736 829 3801 ἀκολουθίας.

1823 3741 2079 3798 Damasci
2108 3741 2219 3796 vim
2244 3755 2310 3796 ac
2338 3734 2605 3796 Samaria:
2634 3739 2808 3809 spolia
2844 3737 3141 3809 diriperet?
3160 3743 3268 3791 etc.
3292 3733 3416 3790 Ve-

152 3841 251 3883 rum
274 3831 518 3901 quoniam
542 3831 591 3889 si
632 3845 699 3887 ex
730 3838 888 3887 utero
908 3831 1101 3888 matris
1124 3830 1306 3889 editus
1336 3832 1523 3889 statim
1553 3832 1897 3904 loqueretur,
1925 3850 1988 3891 ac
2014 3842 2274 3911 tanquam
2315 3832 2542 3889 adultus
2571 3848 2709 3904 puer
2735 3831 3028 3887 articulate
3058 3845 3122 3886 ae
3150 3829 3414 3885 distincte

152 3918 290 3973 verba
335 3920 625 3998 fumaret,
658 3936 769 3977 non
795 3936 924 3978 vera
955 3923 1145 3978 carnis
1177 3923 1324 3980 illius
1342 3924 1518 3996 origo,
1545 3924 1641 3981 sed
1678 3925 2008 3982 adumbrata
2056 3926 2354 3998 specieque
2399 3924 2517 3981 sola
2564 3930 2830 3979 constans
2879 3921 3053 3976 videri
3113 3921 3414 3991 potuisset;

149 4012 301 4071 etatis
341 4014 458 4074 ideo
490 4016 826 4089 parvitatem
862 4018 1121 4087 sustinet,
1151 4034 1222 4075 ne
1249 4020 1371 4091 ejus
1395 4022 1540 4092 quod
1575 4030 2009 4080 consentaneum
2042 4036 2107 4079 ac
2136 4037 2487 4094 consequens
2518 4027 2659 4089 erat,
2699 4017 2985 4075 veritatem
3010 4018 3342 4074 destrueret.

207 4107 330 4162 MA’.
371 4109 599 4180 Ἐτέρας
629 4109 688 4164 δὲ
715 4108 878 4164 πάλιν
915 4102 1193 4184 θηρῶνται
1227 4114 1462 4184 ματαίας
1501 4114 1710 4189 ὑπολή-

1888 4113 2027 4170 XLI.
2067 4115 2312 4185 Pergunt
2356 4113 2436 4169 illi
2477 4127 2630 4177 vero,
2683 4126 2747 4165 ac
2795 4110 3001 4165 divinis
3051 4108 3274 4163 Litteris
3315 4107 3414 4162 ab-

147 4195 251 4264 ψεις
278 4201 656 4271 παραπλέκειν
696 4203 812 4265 τοῖς
846 4201 1013 4267 θείοις
1049 4202 1247 4273 λόγοις.
1289 4205 1403 4258 Καὶ
1448 4206 1711 4271 ἐναντίως

1819 4209 2021 4265 surdas
2051 4206 2320 4279 quasdam
2348 4204 2640 4274 opiniones
2676 4203 2892 4271 illigare
2921 4209 3219 4265 conantur,
3250 4206 3416 4270 atque

150 4286 473 4360 διανοοῦνται,
513 4293 623 4348 καί
664 4310 798 4363 φασι
818 4310 833 4326 ·
865 4294 991 4358 Πῶς
1020 4289 1112 4349 οὖν
1161 4295 1496 4369 γέγραπται,
1526 4297 1711 4363 Δέξα-

1819 4298 1967 4356 istud
2012 4297 2283 4368 objiciunt
2313 4313 2328 4351 :
2357 4293 2495 4350 Illud
2555 4309 2688 4365 ergo
2736 4307 2843 4364 qua
2897 4291 3112 4346 ratione
3149 4289 3413 4361 scriptum

151 4381 244 4435 σθε
266 4382 366 4438 τὸν
390 4382 676 4455 ἀρχιερέα
707 4387 1033 4456 ὁμολογίας
1069 4386 1262 4457 ἡμῶν,
1312 4389 1535 4444 πιστὸν
1565 4388 1712 4445 ὄντα

1818 4398 1935 4448 est:
1968 4388 2231 4458 Suscipite
2255 4387 2557 4458 pontiﬁcem
2583 4383 2929 4454 confessionis
2959 4391 3175 4445 nostrae,
3206 4379 3416 4451 ﬁdelem

149 4469 219 4569 τιῖι
239 4476 547 4542 ποιήσαντι
572 4477 805 4545 auter;
842 4478 976 4544 Καὶ,
1015 4480 1308 4535 Γνωστὸν
1348 4480 1492 4551 ὑμῖν
1530 4482 1708 4547 ἔστω,

1818 4482 1865 4536 ei
1890 4482 1980 4552 qui
2015 4496 2070 4534 se
2100 4479 2224 4550 fecit
2248 4475 2300 4529 ⁸7
2320 4477 2389 4532 Et
2426 4495 2439 4532 :
2472 4475 2675 4531 Notum
2713 4477 2782 4529 sit
2811 4473 2981 4541 vobis,
3015 4473 3187 4528 omnis
3225 4471 3415 4527 domus

149 4562 250 4628 πᾶς
280 4565 440 4634 alicae
477 4567 765 4639 Ἰσραὴλ,
811 4570 903 4624 ὅτι
943 4571 1163 4626 τοῦτον
1207 4573 1316 4627 τὸν
1370 4573 1608 4642 Ἰησοῦν
1639 4573 1713 4628 ὃν

1821 4570 2015 4634 Israel,
2053 4568 2192 4641 quod
2212 4568 2350 4622 hunc
2369 4565 2554 4623 Iesum
2580 4582 2733 4638 quem
2765 4565 2819 4619 in
2849 4579 3058 4618 crucem
3084 4562 3408 4626 sustulistis,

150 4655 293 4723 ὑμεῖς
322 4659 768 4731 ἐσταυρώσατε,
803 4663 1029 4731 Κύριον
1083 4662 1185 4719 καί
1224 4665 1485 4739 Χριστὸν
1529 4664 1716 4721 αὐτὸν

151 4746 180 4801 ό
203 4747 328 4816 Θεὸς
353 4752 655 4821 ἐποίησε;
686 4754 800 4807 Καὶ
840 4752 1029 4827 θαῦμά
1068 4772 1164 4826 μοι
1200 4755 1345 4827 μέγα
1394 4755 1712 4828 ἐπέρχεται,

151 4838 251 4903 mit;
271 4842 317 4895 οί
350 4844 456 4900 τῶν
489 4844 835 4900 ἁκολουθιιῖιν
865 4845 1259 4917 ἐφαπτόμενοι,
1293 4848 1393 4919 τὴν
1426 4850 1486 4902 ἐν
1530 4848 1717 4912 αὐτοῖς

152 4932 469 5010 θραζομένην
514 4938 757 5009 δύναμιν
792 4936 1071 5007 ἀγνοοῦσι.
1117 4938 1194 4993 Τδ
1233 4939 1345 5011 γὰρ
1382 4941 1583 5006 είπείν,
1614 4938 1716 4993 Δέ-

151 5022 312 5086 {aut}:
352 5029 460 5084 τὸν
494 5029 786 5100 ἀρχιερέα
816 5030 1042 5086 πιστόν
1090 5031 1237 5087 ὄντα
1277 5029 1359 5101 τῷ
1390 5030 1715 5100 ποιήσαντι

149 5117 326 5187 αἰτόν,
343 5122 405 5178 οὐ
444 5124 583 5196 περὶ
619 5123 721 5194 τῆς
766 5123 1020 5196 θεότητος
1052 5122 1291 5197 εἴρηται.
1334 5124 1394 5178 '0
1437 5123 1570 5189 Θεὸς
1602 5123 1715 5195 γὰρ

148 5201 369 5276 ἧλθε,καὶ
384 5216 466 5279 είς
484 5215 673 5270 πάντα
688 5216 822 5287 ἡμῖν
843 5215 1228 5288 σαφηνίζουσιν
1248 5216 1305 5271 αἱ
1319 5216 1462 5270 θεῖαι
1476 5214 1713 5288 Γραφαί·

148 5298 277 5357 οὐδὲν
300 5304 403 5377 γὰρ
440 5308 501 5359 tv
539 5307 741 5370 αὐταῖς
774 5306 891 5360 ἔστι
925 5307 1141 5361 σκολιὸν
1169 5305 1205 5378 ἢ
1247 5306 1711 5380 στραγγαλιῶδες,

146 5388 327 5449 Πάντα
372 5395 429 5450 δὲ
472 5396 705 5455 ἐνώπια
746 5396 873 5464 τοῖς
898 5398 1187 5453 συνιοῦσι
1208 5439 1225 5466 ,
1256 5398 1358 5453 καί
1409 5398 1555 5467 ὀρθὰ
1589 5397 1716 5465 τοῖς

146 5483 475 5553 εὑρίσκουσι
503 5490 763 5562 γνῶσιν.
807 5489 1030 5547 Λάϐετε
1062 5490 1194 5565 γὰρ,
1225 5491 1385 5565 φησὶ,
1411 5490 1714 5558 παιδείαν,

1818 4663 2104 4725 Dominum
2132 4670 2181 4719 et
2224 4661 2495 4717 Christum
2524 4661 2697 4730 ipsum
2734 4657 2876 4711 Deus
2906 4656 3030 4728 fecit
3053 4653 3108 4708 ‘1’
3134 4652 3240 4709 Sed
3281 4653 3416 4708 illud

1819 4768 2153 4827 magnopere
2181 4751 2314 4808 mihi
2354 4744 2741 4806 admirandum
2771 4747 3008 4810 videtur,
3042 4743 3321 4817 quomodo
3353 4742 3414 4809 ii,

1821 4848 1918 4918 qui
1955 4847 2259 4917 Scriptura:
2288 4845 2535 4900 locorum
2585 4839 3036 4911 consequentiam
3080 4844 3321 4891 tractare
3355 4849 3418 4890 se

1822 4937 2171 5007 proﬁtentur,
2210 4937 2323 4991 vim
2354 4949 2419 4989 ac
2452 4948 2676 4989 sensum
2711 4930 2808 5002 qui
2841 4930 2895 4984 in
2927 4928 3037 4983 illis
3074 4927 3413 4991 continetur,

1820 5031 2096 5101 ignorent.
2159 5026 2286 5083 llaec
2326 5026 2469 5081 enim
2501 5024 2665 5080 verba
2712 5041 2726 5078 :
2766 5019 3031 5089 Suscipite
3089 5018 3413 5092 pontiﬁcem,

1820 5123 2027 5195 ﬁdelem
2076 5121 2126 5177 ei
2165 5120 2257 5191 qui
2304 5135 2360 5175 se
2406 5117 2550 5187 fecit,
2594 5115 2734 5171 nihil
2787 5114 2856 5170 ad
2913 5113 3256 5169 divinitatem
3291 5126 3419 5183 spe-

1820 5220 1997 5270 ctant.
2036 5211 2320 5282 Siquidem
2363 5207 2510 5264 Deus
2563 5206 2809 5271 advenit,
2864 5205 3163 5276 omniaque
3201 5202 3416 5277 perspi-

1822 5322 1929 5363 cue
1968 5305 2130 5361 nobis
2163 5302 2339 5360 sacris
2367 5301 2423 5358 in
2455 5300 2681 5357 Litteris
2715 5298 3062 5369 explicantur
3087 5311 3102 5350 :
3130 5295 3186 5349 in
3214 5293 3416 5365 quibus

1822 5396 2105 5467 obliquum
2139 5393 2277 5449 nihil
2315 5400 2401 5450 est
2444 5402 2539 5448 aut
2569 5391 2910 5463 perplexum,
2942 5386 3039 5444 sed
3068 5387 3248 5442 omnia
3275 5398 3416 5454 pne-

1821 5489 1997 5545 sentin
2030 5484 2488 5560 intelligentiam;
2531 5491 2582 5539 et
2621 5491 2770 5539 recta
2828 5477 3210 5537 invenientibus
3239 5476 3415 5531 scienc-

211 5639 306 5706 ‘F.
334 5646 536 5724 οὖρος.
623 5652 645 5684 ³
681 5648 843 5714 Cant.
885 5665 927 5715 ι,
967 5650 1023 5704 2.
1103 5650 1125 5685 ³
1166 5638 1303 5705 Dan.
1345 5664 1408 5719 ιι,
1451 5647 1543 5706 55.
1618 5646 1642 5680 ⁸⁵
1679 5645 1713 5703 1-1

1881 5654 1966 5715 ιιι,
2010 5645 2062 5701 ί.
2150 5645 2171 5678 ⁸
2211 5643 2334 5700 Act.
2379 5658 2452 5710 Iv,
2494 5639 2579 5702 10.

210 5799 310 5871 (ὃὸ)
349 5800 548 5865 Deesse
581 5809 796 5869 videtur
834 5805 1103 5867 nonnihiL
