3950 6420
477 421 547 479 γε
1869 407 1928 463 s.
1969 407 2327 466 El‘ll‘ﬂANlr
3695 410 3762 469 at;

470 538 522 592 si
572 534 639 590 ad
690 544 955 591 aeternam
1007 531 1159 588 illam
1214 529 1552 602 Sapientiam
1594 528 1927 585 referantur.
1975 529 2069 586 Sic

2179 529 2415 596 λιοῦταις
2465 528 2580 593 πῶς
2632 528 2689 582 δὲ
2732 527 2792 581 τὸ
2843 526 3167 599 κτιζόμενον
3213 528 3508 598 γεννᾶταις
3554 530 3617 585 Ei
3662 532 3765 605 γὲιρ

473 628 620 683 enim
654 626 901 696 loquitur
933 642 946 679 :
987 623 1200 679 Creavit
1238 640 1319 676 me
1358 622 1676 692 principium
1701 622 1911 676 viarum
1942 639 2070 675 sua-

472 736 595 774 rum
644 720 697 772 in
746 735 907 787 opera
943 718 1132 785 ipsius,
1191 724 1314 770 ante
1366 715 1623 769 sa'culum
1662 713 1907 783 fundavit
1944 728 2068 768 me:

472 820 595 868 ante
628 811 788 867 colles
819 828 1000 866 omnes
1048 810 1227 881 genuit
1265 824 1347 862 me
1371 808 1416 861 ¹.
1477 804 1599 861 Iam
1633 822 1763 862 vero
1812 806 1957 877 quod
1992 806 2072 876 gi-

470 906 679 977 gnitur,
728 919 839 976 qua
891 902 1114 957 tandem
1163 900 1381 957 ratione
1426 898 1725 953 fundatur?
1784 896 2071 965 Quomodo

473 1012 609 1052 vero
647 996 892 1067 gignitur
924 993 981 1050 id
1009 993 1157 1064 quod
1189 992 1364 1048 creari
1393 989 1633 1047 dicitur?
1659 988 1795 1044 Nam
1826 990 1873 1045 si
1915 1004 2072 1043 erea-

476 1096 593 1143 tnm
619 1096 729 1153 est,
763 1104 872 1143 non
906 1096 993 1142 est
1036 1085 1289 1158 profecto
1318 1083 1563 1156 genitum
1592 1101 1606 1139 :
1642 1097 1747 1139 nos
1773 1082 1917 1138 enim
1948 1097 2069 1153 quae

476 1180 779 1253 gignimus,
836 1194 1116 1242 creamus,
1181 1183 1237 1232 et
1287 1193 1410 1248 qua:
1458 1189 1836 1246 procreantus,
1892 1174 2070 1245 gigni-

479 1287 603 1328 mus
635 1292 650 1328 :
682 1273 885 1342 quippe
930 1270 1100 1326 creati
1140 1284 1242 1324 nos
1280 1284 1497 1333 sumus,
1532 1275 1586 1322 ct
1613 1284 1736 1339 quae
1770 1269 2072 1339 gignuntur

479 1378 511 1417 a
543 1364 722 1429 nobis,
773 1372 956 1417 creata
1006 1368 1159 1416 sunt.
1210 1360 1269 1415 In
1302 1360 1551 1415 increato
1605 1376 1736 1415 vero
1770 1357 1881 1414 Deo
1919 1358 2068 1429 quod

476 1456 739 1525 gignitur,
773 1461 1017 1509 creatum
1044 1468 1167 1509 esse
1195 1468 1305 1507 non
1340 1461 1551 1523 potest;
1588 1453 1635 1508 si
1665 1452 1814 1507 enim
1854 1450 2069 1523 genuit,

476 1562 588 1601 non
649 1547 876 1601 creavit.
901 1545 1119 1612 .Quodsi
1163 1556 1454 1616 postquam
1488 1545 1699 1599 ereavit
1739 1544 1938 1598 iterum
1979 1558 2073 1613 ge-

474 1637 666 1695 nuisse
698 1636 938 1701 dicatur,
975 1636 1255 1706 quomodo
1299 1637 1353 1690 id
1394 1635 1542 1707 quod
1596 1635 1867 1706 principio
1912 1650 2069 1690 crea-

475 1738 590 1784 tum
618 1736 725 1793 est,
763 1738 955 1798 postea
991 1728 1275 1799 gignitur?
1303 1726 1670 1793 Quamobrem
1729 1726 1775 1781 si
1822 1725 1889 1780 de
1916 1726 2074 1781 Chri-

477 1826 567 1874 sto
608 1835 732 1891 quaa
766 1820 820 1873 in
858 1819 953 1873 illo
984 1819 1106 1873 loco
1137 1820 1423 1883 dicuntur,
1456 1817 1778 1888 accipienda
1814 1828 1963 1883 sunt,
2002 1818 2069 1873 ad

2174 621 2429 688 κτιστδν,
2476 619 2538 673 οὐ
2586 619 2877 690 γεννητόν·
2924 620 3092 689 ἡμεῖς
3132 620 3243 691 γὰρ
3286 617 3323 674 ἃ
3376 621 3658 694 γεννῶμεν
3706 626 3763 678 οὐ

2173 711 2433 784 κτίζομεν
2467 711 2605 783 (45),
2644 710 2740 765 καὶ
2771 710 2807 764 ἃ.
2840 711 3103 781 κτίζομεν
3144 712 3205 765 οὐ
3242 714 3558 785 γεννῶμεν
3602 715 3767 785 ἐσμὲν

2171 804 2281 875 γὰρ
2302 803 2639 869 κτιστο“ι,καὶ
2686 801 2757 855 τὰ
2783 802 2871 871 ὑφ’
2892 803 3053 873 ἡμῶν
3073 802 3390 875 γεννώμενα
3419 806 3617 860 κτιστά
3633 807 3766 876 (ιδ).

2185 896 2275 950 Ἐν
2301 894 2423 967 Θεῷ
2464 894 2520 949 δὲ
2552 893 2630 966 τῷ
2673 893 2939 963 ἀκτίστῳ,
2973 892 3036 947 τὸ
3066 893 3314 965 γέννημα
3342 894 3403 948 οὐ
3438 897 3691 950 κτιστόψ
3724 900 3772 952 εί

2170 989 2283 1060 γὰρ
2316 987 2647 1058 ἐγέννησεν,
2684 985 2786 1039 οὐκ
2827 985 3079 1039 ἔκτισεν·
3114 986 3166 1038 εί
3219 985 3277 1039 δὲ
3310 983 3451 1056 μετὰ
3486 986 3547 1040 τὸ
3588 988 3771 1043 κτίσαι

2171 1080 2335 1134 πάλιν
2364 1078 2690 1151 γεγέννηκε,
2724 1077 2842 1142 πῶς
2872 1078 2980 1150 ἄρα
3004 1077 3068 1132 τὸ
3107 1078 3323 1151 πρῶτον
3356 1080 3578 1133 κτισθὲν
3613 1080 3771 1133 ὔστε-

2173 1190 2268 1245 ρον
2300 1174 2600 1243 γεννᾶταις
2646 1171 2709 1225 El
2752 1171 2934 1225 τοίνυν
2966 1173 3097 1245 περὶ
3128 1170 3297 1225 αὑτοῦ
3337 1171 3456 1225 ἐστι
3496 1172 3569 1226 τὰ
3616 1172 3770 1243 λεγό-

2173 1282 2333 1337 μενα,
2375 1266 2454 1327 είς
2483 1262 2584 1335 τὴν
2619 1262 2887 1334 ἔνσαρκον
2936 1264 3257 1335 οἰκονομίαν
3298 1263 3635 1336 πληροῦται.
3665 1265 3773 1319 Καὶ

2170 1358 2259 1412 διὰ
2289 1356 2449 1411 τοῦτο
2476 1356 2547 1411 τὰ
2574 1356 2848 1429 ὲγγύτερα
2882 1356 3099 1430 πρῶτον
3129 1357 3299 1427 λέγει,
3331 1358 3428 1411 καὶ
3460 1358 3529 1412 τὰ
3554 1357 3774 1430 ἀρχαιό-

2172 1466 2309 1521 τερα
2340 1448 2568 1522 ὕστερον
2600 1448 2892 1519 διηγεῖται.
2924 1450 3131 1503 Πεῖσαι
3151 1449 3261 1521 γὰρ
3291 1448 3617 1521 ἀνθρώπους
3649 1451 3772 1515 τοὺς

2172 1542 2458 1611 ἐγγυτάτω
2512 1540 2873 1612 βουλόμενος,
2920 1541 3030 1594 ἀπὸ
3072 1541 3277 1613 σαρκὸς
3314 1542 3579 1613 ἄρχεταιο
3631 1542 3773 1614 ἀρχὴ

2172 1634 2285 1705 γὰρ
2318 1632 2455 1686 ὁδῶν
2484 1633 2584 1704 τῆς
2624 1632 2976 1703 δικαιοσύνης
3004 1631 3096 1685 τοῦ
3129 1632 3467 1701 Εὑαγγελίου
3497 1632 3583 1699 τὸ,
3613 1632 3773 1700 Σὰρξ

2174 1724 2305 1794 ἡμῖν
2338 1726 2371 1778 ό
2424 1725 2617 1793 Λόγος
2668 1724 2726 1776 ὲν
2782 1722 2975 1793 Μαρίᾳ
3006 1721 3266 1792 ἐγένετο,
3309 1722 3456 1794 ψυχή
3491 1734 3554 1774 τε
3604 1722 3664 1775 ἐν
3708 1723 3773 1793 τῇ

2173 1815 2343 1886 αὐτῆς
2382 1815 2547 1888 σαρκὶ⁸
2584 1813 3007 1883 τεθεμελίωται·
3055 1814 3141 1868 ἵνα
3175 1813 3243 1866 τὰ
3277 1812 3528 1885 ἀνώτερα
3570 1811 3776 1883 ὕστερα

477 1888 642 1965 illius.
694 1908 1132 1963 incarnationem
1195 1907 1532 1963 referuntur.
1590 1905 1885 1977 Propterea
1948 1919 2072 1975 qum

2179 1908 2350 1981 δείξῃ.
2398 1908 2649 1979 Λέγομεν
2707 1907 2764 1961 δὲ
2808 1909 2874 1961 ὲκ
2925 1906 3144 1960 κόλπων
3191 1906 3462 1978 πατρῴων
3511 1905 3624 1960 ἀπὸ
3662 1906 3772 1960 τῶν

476 2000 874 2073 propinquiora
917 2008 1070 2064 sunt,
1103 2000 1282 2071 primo
1323 2000 1444 2053 loco
1482 2004 1879 2054 conunemorat
1902 2036 1918 2061 ,
1953 2003 2069 2051 tum

478 2091 791 2159 antiquiora
817 2089 1064 2160 subiicit.
1086 2089 1222 2144 Nam
1252 2106 1377 2144 cum
1402 2089 1607 2143 citimis
1628 2088 1945 2145 hominibus
1964 2086 2075 2159 5.9

478 2183 813 2251 persuadere
854 2182 1005 2246 velit,
1056 2196 1086 2234 a
1126 2164 1481 2235 carne‘ducit
1518 2179 1827 2235 exordium.
1861 2179 2075 2249 Quippe

462 2272 806 2341 evangelica:
848 2273 1078 2342 iustitia:
1104 2274 1320 2327 viarum
1353 2272 1568 2326 initium
1603 2270 1749 2326 istud
1778 2279 1863 2325 est
1898 2288 1909 2325 :
1950 2270 2075 2323 Ver-

476 2362 601 2416 bum
636 2380 762 2418 caro
799 2364 959 2420 nobis
992 2366 1046 2419 in
1080 2364 1249 2419 Maria
1280 2365 1483 2433 factum
1516 2374 1593 2418 est
1620 2368 1678 2429 ¹;
1712 2364 1894 2417 anima
1942 2377 2075 2418 vero

2179 1996 2428 2069 οὐρανῶν
2462 1996 2717 2065 γενέσθαι
2766 1997 2861 2051 ὲπὶ
2920 1997 3020 2070 τὴν
3058 1997 3197 2067 γῆν·
3249 1997 3377 2051 ἐπεῖ
3428 1992 3595 2068 ἦλθεν
3647 1998 3778 2067 ἡμῖν

2179 2088 2407 2161 ὕστερον
2452 2088 2554 2159 τὴν
2606 2089 2788 2143 πᾶσαν
2842 2089 3159 2160 οἰκονομίαν
3194 2088 3441 2153 τελέσας.
3491 2088 3611 2143 Οὐκ
3672 2088 3780 2159 ἄρα

2176 2181 2356 2235 τοίνυν
2404 2180 2623 2244 κτιστδς
2650 2181 2678 2233 ὁ
2711 2180 2906 2249 Λόγος,
2941 2181 3016 2253 μὴ
3044 2180 3285 2249 γένοιτοί
3333 2180 3430 2234 καὶ
3468 2180 3627 2234 οὐδὲν
3655 2196 3780 2232 σκο-

2174 2272 2289 2325 λιὸν
2319 2274 2633 2344 γεννήσειεν
2680 2273 2715 2343 ἡ
2758 2271 2878 2326 θεία
2921 2272 3116 2344 ι’ραφὴ
3168 2276 3249 2338 είς
3288 2273 3443 2328 οὐδὲν
3488 2273 3555 2327 τὸ·
3599 2272 3778 2344 παρά-

2180 2382 2312 2418 παν.

476 2452 535 2506 in
591 2454 767 2524 ipsius
825 2471 995 2511 carne
1047 2454 1301 2521 fundata,
1348 2464 1408 2510 ut
1466 2472 1589 2526 qua:
1643 2457 1931 2526 superiora
1980 2463 2131 2522 sunt,
2185 2456 2493 2528 posteriora
2548 2445 2911 2514 demonstret.
2960 2456 3228 2513 Catemm
3290 2474 3321 2515 e
3376 2465 3613 2529 paterno
3659 2457 3780 2512 sinu

477 2546 697 2605 coalitus
737 2550 1003 2620 allapsum
1053 2551 1109 2605 in
1150 2559 1330 2605 terras
1361 2550 1532 2606 fuisse
1572 2551 1808 2607 dicimus
1857 2570 1871 2606 :

1931 2551 2377 2623 quandoquidem
2409 2550 2476 2606 ad
2523 2566 2624 2607 nos
2657 2557 2846 2622 postea
2882 2565 2941 2605 se
2967 2550 3218 2614 contulit,
3264 2566 3419 2605 suam
3458 2559 3517 2605 ut
3551 2566 3772 2607 omnem

478 2640 1011 2695 administrationem
1040 2640 1346 2710 perliceret.
1397 2640 1668 2706 Quocirca
1712 2639 1950 2695 \‘erbum
1993 2652 2240 2697 creatum
2285 2645 2403 2697 non‘
2444 2641 2548 2697 fuit

2612 2660 2627 2697 :
2683 2641 2907 2696 minime
2952 2640 3002 2695 id
3050 2655 3213 2709 vero;
3262 2656 3437 2711 neque
3473 2642 3774 2713 quidquam

477 2740 788 2789 tortuosum
833 2740 889 2789 et
929 2733 1213 2804 obliquum
1246 2732 1413 2786 ullam
1455 2732 1511 2786 in
1564 2747 1677 2786 rem
1714 2732 1875 2787 nobis
1922 2731 2209 2803 Scriptura
2242 2733 2547 2805 proposuit.

549 2850 735 2905 XLIV.
778 2850 891 2905 lmo
924 2865 1056 2906 vero
1096 2851 1318 2921 proprie
1360 2850 1511 2921 loqui
1543 2850 1590 2905 si
1624 2849 1881 2913 velimus,
1920 2850 2066 2922 apud

477 2943 809 3014 interpretes
858 2957 970 2995 non
1036 2941 1112 2995 ita
1174 2941 1335 2996 lectio
1385 2942 1492 2998 ista
1554 2942 1884 3013 concipitur.
1931 2940 2093 2996 Nam‘

477 3035 677 3105 Aquila
712 3034 793 3089 sic
823 3033 1062 3089 reddidit
1099 3051 1113 3088 :
1147 3033 1406 3088 Dominus
1439 3035 1715 3106 acquisivit
1750 3050 1851 3091 me.
1880 3033 2069 3101 Quan-

478 3125 773 3195 doquidem
832 3126 888 3180 in
936 3126 1167 3181 Ilcbrzco
1215 3128 1297 3182 sic
1346 3127 1817 3199 legiturtAdonai
1853 3129 2068 3185 cauani.

478 3217 634 3285 Quod
667 3218 739 3273 ita
784 3218 862 3273 uti
908 3219 1167 3285 diximus,
1210 3220 1561 3289 interpretari
1596 3237 1917 3291 possumus.
1961 3221 2069 3277 Sed

478 3319 533 3365 et
565 3325 666 3365 nos
694 3325 819 3364 cum
854 3309 923 3365 de
957 3311 1235 3381 susceptis
1277 3311 1467 3367 liberis
1498 3312 1735 3381 agimus,
1773 3312 2074 3381 acquisitos

481 3403 553 3457 ab
591 3403 779 3474 aliquo
819 3420 943 3459 esse
979 3405 1163 3461 dicere
1198 3407 1461 3462 solemus.
1492 3405 1596 3472 Qui
1619 3408 1839 3478 quidem
1876 3424 2075 3464 sensus

481 3495 589 3549 loci
620 3495 767 3551 illius
816 3497 1146 3552 sententiam
1200 3513 1308 3550 non
1351 3498 1431 3553 sic
1460 3498 1795 3568 obsignavit,
1826 3508 1883 3554 ut
1934 3501 2075 3555 alius

481 3587 889 3643 accommodari
938 3596 1194 3659 nequeat.
1238 3588 1453 3660 Quippe
1502 3590 1690 3645 eadem
1732 3591 1842 3655 illa,
1860 3591 2070 3646 Adonei

487 3680 723 3745 canani,
796 3679 1058 3748 explicari
1126 3680 1231 3733 hoc
1281 3682 1445 3735 modo
1509 3682 2072 3751 possunt:Dominus

481 3768 638 3840 quasi
678 3768 883 3837 pullum
930 3770 1107 3839 genuit
1158 3787 1258 3824 me.
1303 3770 1441 3825 llinc
1493 3771 1691 3827 Petrus
1733 3773 1938 3828 diserte
1987 3774 2073 3830 his

485 3857 675 3912 verbis
705 3857 838 3911 illud
875 3860 1149 3928 expressit
1182 3877 1198 3914 :
1231 3857 1387 3912 llum:
1411 3859 1617 3926 Jesum,
1648 3878 1799 3931 quem
1836 3879 1923 3917 vos
1950 3879 2076 3917 cru-

483 3948 734 4016 ciﬁxistis
756 3948 800 4001 ³.
844 3947 963 4002 Non
1011 3949 1149 4003 dixit
1180 3949 1347 4003 Deum
1377 3948 1617 4005 Verbum
1669 3953 1888 4008 cmlitns
1937 3955 2075 4008 alla-

485 4054 667 4110 psum,
709 4039 802 4094 scd
832 4055 960 4094 eum
1005 4041 1097 4110 qui
1136 4055 1304 4095 carne
1351 4049 1591 4106 constat,
1631 4059 1796 4113 quam
1838 4060 1901 4098 ex
1934 4045 2075 4100 coelo

484 4128 825 4185 descendens
870 4129 1110 4185 Verbum
1157 4132 1210 4187 in
1248 4131 1432 4187 Mariae
1480 4142 1637 4190 utere
1679 4135 1923 4206 genitam
1966 4136 2071 4191 sibi

479 4220 758 4290 copulavit
792 4239 806 4276 :
837 4222 1008 4291 hunc,
1043 4222 1266 4293 inquam
1292 4264 1308 4288 ,
1357 4225 1431 4279 ita
1464 4225 1669 4280 dictum
1713 4234 1936 4297 propter
1975 4229 2075 4283 lIo-

485 4315 652 4371 minis
686 4325 1026 4387 assumptum
1052 4330 1082 4369 a
1122 4314 1355 4372 Domino
1391 4328 1669 4372 naturam.
1706 4318 1988 4390 Siquidem
2021 4328 2075 4375 et

567 4493 582 4523 ι
617 4490 774 4543 Prov.
814 4503 937 4543 VIII.
972 4488 1045 4557 2‘2
1114 4504 1234 4557 ερα-

481 4565 503 4595 ⁸
525 4560 589 4617 F.
622 4557 835 4613 κανανί.
915 4558 936 4587 ⁸
962 4556 1025 4612 F.
1054 4556 1527 4630 ἀποκτεινόμενον.

490 4810 625 4865 diat.

1312 4492 1339 4561 ‘_
1367 4488 1525 4543 Joan.
1569 4507 1608 4557 ι,
1652 4492 1740 4548 l4.
1814 4493 1839 4523 ⁸
1894 4494 2016 4548 Act.
2059 4508 2120 4561 ll,

2246 2848 2377 2905 MA’.
2418 2849 2579 2903 ’Λλλὶι
2603 2849 2697 2903 καὶ
2752 2848 2914 2918 φύσει
2954 2847 3107 2919 παρᾶ
3136 2851 3249 2913 τοῖς
3284 2849 3653 2921 ἐρμηνευταῖς
3685 2852 3783 2924 οὐχ

2175 2941 2346 3007 οὓτως
2370 2941 2643 2995 ὲκδέδοται
2673 2941 2705 3011 ή
2738 2940 2907 3005 λέξις.
2942 2938 3179 3005 Ἀκύλας
3200 2942 3299 3011 μὲν
3324 2942 3433 3014 γάρ
3463 2960 3599 3013 φησι
3630 2962 3643 2975 ·
3672 2948 3781 2999 Κύ-

2169 3053 2304 3104 ριος
2335 3035 2621 3091 ἐκτίσατό
2648 3038 2667 3067 ⁸
2684 3055 2761 3107 με
2793 3037 2933 3109 (47)·
2966 3037 3267 3108 ἐπειδήπερ
3299 3039 3358 3092 ὲν
3386 3038 3464 3111 τῷ
3502 3040 3779 3113 Ἐϐραῖκῷ

2178 3128 2361 3195 λέγει’
2405 3127 2647 3183 Ἄδωναῒ
2714 3132 2927 3185 uarat”
2983 3130 3121 3201 ὅπερ
3180 3130 3341 3183 τοῦτο
3388 3132 3779 3203 ἑρμηνεύεται,

2174 3219 2312 3291 ὅπερ
2346 3220 2669 3291 εἰρήκαμεν.
2737 3221 2849 3275 Καὶ
2884 3223 3046 3293 ἡμεῖς
3090 3223 3147 3275 δὲ
3177 3222 3321 3276 κατὰ
3353 3224 3453 3293 τὴν
3485 3226 3779 3295 συνήθειαν

2172 3309 2404 3382 λέγομεν
2438 3312 2697 3383 περὶτῶν
2724 3314 3054 3382 γενομένων,
3085 3316 3372 3369 Ἐκτίσατο
3403 3316 3595 3370 τέκνα.
3639 3319 3776 3372 Ἀλλ’

2172 3403 2293 3456 οὐδὲ
2344 3404 2489 3458 οὕτω
2522 3403 2623 3477 τὴν
2682 3403 2913 3477 δύναμιν
2953 3407 3055 3476 τῆς
3106 3408 3402 3479 ἑρμηνείας
3447 3411 3776 3481 ὲσφράγισε.

2174 3494 2249 3547 Τὸ
2270 3496 2379 3566 γὰρ
2422 3494 2672 3550 Ἀδωναῒ
2720 3499 2900 3552 ararat
2933 3506 2976 3561 ⁵,
3024 3500 3119 3552 καὶ
3174 3500 3318 3553 οὕτω
3347 3500 3566 3554 δύναται
3602 3504 3778 3573 ἑρμη-

2176 3586 2449 3652 νεύεσθαι,
2490 3590 2704 3656 Κύριος
2725 3589 3155 3661 ἐνόσσευσέμε
3186 3591 3320 3661 (48).
3346 3593 3456 3645 Καὶ
3492 3592 3583 3646 διὰ
3614 3593 3779 3646 τοῦτο

2176 3681 2206 3732 ό
2264 3680 2471 3752 Πέτρος
2538 3680 2727 3748 σαφῶς
2792 3681 3099 3754 διαγορεύει
3142 3682 3350 3752 λέγων·
3400 3683 3631 3738 Τοῦτον
3678 3686 3779 3738 τὸν

2192 3771 2454 3837 Ἰησοῦν,
2514 3772 2587 3825 ὃν
2631 3773 2802 3842 ὑμεῖς
2851 3773 3297 3844 ἐσταυρώσατε.
3356 3776 3470 3828 Οὐκ
3522 3771 3652 3829 εἷπε
3694 3775 3780 3830 τὸν

2180 3865 2385 3919 ἄνωθεν
2436 3866 2569 3920 Θεὸν
2612 3867 2806 3936 Λόγον,
2858 3868 3014 3933 ἀλλὰ,
3088 3868 3307 3924 τοῦτον
3368 3868 3458 3923 τὸν
3503 3870 3639 3923 ὄντα
3687 3870 3780 3940 τὴν

2184 3958 2384 4028 σάρκα,
2443 3957 2544 4029 τὴν
2592 3958 2671 4029 τῷ
2722 3959 2928 4013 ἄνωθεν
2988 3960 3149 4032 Λόγῳ
3200 3962 3259 4013 ὲν
3307 3960 3507 4031 γαστρὶ
3556 3962 3779 4031 Μαρίας

2182 4049 2653 4121 συνειλημμένηνο
2716 4049 2932 4105 τοῦτον
2973 4051 3029 4104 δὲ
3082 4051 3376 4121 λεγόμενον
3424 4051 3513 4105 διὰ
3550 4052 3647 4104 τὸν
3676 4052 3780 4105 ἀπὸ

2184 4138 2406 4209 Μαρίας
2442 4139 2720 4210 κυριακὸν
2784 4138 3106 4215 ἄνθρωπον
3149 4142 3207 4194 ὲν
3231 4141 3409 4211 τούτῳ
3445 4140 3556 4211 γὰρ
3588 4143 3685 4195 καὶ
3722 4140 3779 4193 τὸ

2183 4231 2615 4301 ἀποκτιςόμενον
2647 4232 2667 4263 ⁸
2699 4232 3029 4304 πληροῦται,
3054 4233 3128 4297 ὥς
3164 4252 3297 4305 φησι
3328 4235 3554 4303 Πέτρος*
3588 4237 3780 4288 Θανα-

2181 4323 2390 4390 τωθεὶς
2420 4323 2623 4392 σαρκὶ,
2668 4323 3048 4392 ζωοποιηθεὶς
3078 4325 3146 4379 δὲ
3182 4327 3476 4396 πνεύματι
3496 4342 3511 4359 ·
3554 4327 3653 4379 καὶ
3679 4326 3779 4380 πᾶ.-

2180 4496 2272 4552 56.
2368 4497 2391 4527 ⁸
2424 4495 2487 4551 F.
2525 4499 2815 4572 ἐκτήσατο.
2848 4507 2908 4556 ut
2939 4507 2994 4557 et
3041 4509 3231 4572 postea
3288 4502 3559 4574 ἐκτήσατο
3587 4504 3778 4559 τέκνα.

565 4738 679 4825 (i5)
718 4736 1009 4810 Negativas
1063 4740 1367 4810 particulas
1419 4744 1693 4799 sententia
1748 4744 1868 4817 ipsa
1917 4762 2084 4819 repu-
2115 4758 2159 4815 ι)
2188 4752 2363 4825 nostri
2389 4753 2683 4825 aliquando
2709 4770 2923 4818 creare,
2970 4756 3261 4825 aliquando
3290 4758 3647 4823 constituere,
3678 4759 3776 4812 aii-

2182 4824 2397 4898 quando
2426 4823 2665 4898 condere
2696 4823 3131 4895 interpretantur,
3156 4827 3295 4898 quod
3316 4830 3609 4898 sepissime
3640 4831 3773 4884 idem

560 4880 673 4962 (i6)
715 4877 931 4966 Optima
964 4882 1054 4937 illa
1069 4882 1385 4966 Epiplranii
1416 4884 1803 4966 ratiocinatio,
1839 4895 1893 4942 et
1924 4888 2082 4943 tlIeo-
2182 4877 2451 4961 signiﬁcat
2485 4895 2542 4946 in
2563 4877 2681 4966 illis
2709 4877 3094 4966 (nimiaque—ii
3117 4877 3608 4952 ἐὲῑῖέὲέιῖέῖϊιξίὲ
3639 4877 3778 4965 ξόῐέέ,

489 4949 647 5029 logia:
695 4952 972 5029 studiosis
1000 4949 1156 5029 valde
1192 4949 1383 5011 utilis:
1427 4956 1621 5029 nititur
1668 4965 1848 5013 tamen
1896 4974 2080 5029 gram-

490 5020 816 5099 maticorum
854 5024 1030 5099 tricis,
1061 5027 1153 5099 eti
1182 5028 1480 5081 Iconstanti
1513 5027 1803 5099 verborum
1843 5020 2078 5099 usvurpa-

491 5092 659 5144 tione.
689 5089 762 5143 De
794 5089 987 5147 Latino
1018 5097 1183 5149 verbo
1216 5113 1393 5149 creare
1440 5097 1641 5151 nemini
1667 5097 1922 5153 dubitare
1950 5089 2076 5153 licet

491 5160 627 5239 quin
661 5168 858 5239 praeter
896 5164 1701 5239 propriam_signiﬁeationent
1732 5184 1873 5222 verae
1916 5184 2068 5223 crea-

493 5231 683 5305 tionis,
712 5231 827 5283 sive
857 5231 1361 5305 productionisr'ei,
1394 5237 1462 5291 de
1491 5253 1597 5305 qua
1629 5237 1707 5290 nil
1739 5249 1896 5292 antea
1926 5239 2076 5293 exsi-

489 5301 669 5354 stebat
718 5314 983 5369 prorsus,
1017 5300 1146 5357 illud
1188 5300 1539 5361 adhibuerin't
1583 5308 1649 5360 ad
1700 5308 2073 5361 denotandum

490 5370 691 5442 facere.
726 5371 1083 5442 constituere,
1115 5372 1334 5442 eligere.
1373 5375 1446 5430 De
1495 5376 1686 5431 Graeco
1728 5387 1910 5431 autem
1954 5377 2075 5431 κτί-

490 5437 627 5516 ζειν,
657 5455 727 5495 ne
759 5439 912 5494 multi
947 5441 1123 5516 simus
1155 5437 1257 5516 hac
1286 5444 1346 5516 in
1383 5461 1463 5508 re,
1500 5454 1726 5516 praestat
1768 5448 1834 5501 ad
1871 5464 2075 5503 memo-

489 5508 628 5584 riam
668 5524 928 5584 revocare
969 5512 1149 5584 locum
1185 5508 1560 5584 S.Augusti'ni
1591 5517 1645 5571 in
1685 5518 1827 5571 libro
1870 5516 2076 5575 Contra

490 5578 855 5658 adversarium
879 5581 1006 5651 legis
1033 5578 1628 5658 et_prophhetarun_t,cap.
1649 5587 1739 5652 9.5,
1780 5603 1902 5658 pag.
1964 5586 2067 5642 576

490 5645 630 5722 torni
675 5644 787 5726 νιμ
836 5644 1002 5726 ῃοιῖᾳεΔ
1038 5644 1170 5726 edit.
1205 5644 1401 5726 Paris.
1435 5644 1537 5709 Ubi
1570 5644 1691 5709 eum
1728 5644 1901 5726 'plnr'a
1933 5658 2065 5712 scri-

516 5717 698 5798 isisset
727 5717 797 5798 de
827 5720 1227 5798 significatione
1256 5725 1405 5779 verbi
1441 5740 1622 5798 creare
1660 5717 1979 5798 denotantis
2018 5737 2073 5783 et

521 5794 701 5863 acere,
736 5794 978 5863 gignere.
1017 5794 1381 5863 constituere,
1434 5802 1488 5849 ct
1531 5796 1617 5848 bis
1656 5796 1892 5863 similia;
1940 5799 2073 5853 sub-

494 5848 922 5937 im'ﬁiitvouod
968 5848 1144 5915 autem
1192 5848 1671 5935 Gr'wei'appellartt
1703 5848 2071 5931 κτίζεινξίιοο

1146 5970 1324 5979 ..ι-νου

2181 4978 2357 5032 eaqne
2403 4964 2816 5033 expeditissima
2872 4964 3358 5023 animadversione
3416 4968 3563 5022 elndi
3616 4964 3773 5025 facile

2178 5044 2412 5101 possunt
2461 5050 2652 5104 omnes
2692 5036 3069 5092 cavillationes
3096 5080 3109 5104 ,
3148 5052 3283 5103 quas
3318 5038 3505 5091 Ariani
3540 5040 3774 5093 moliun-

2177 5112 2265 5184 tur
2289 5120 2350 5157 ex
2378 5119 2443 5158 eo
2476 5103 2895 5185 Proverbiorum
2938 5108 3081 5173 loco,
3114 5109 3204 5163 ubi
3237 5109 3500 5177 sapientia
3529 5109 3629 5174 ait,
3663 5110 3771 5163 Do-

2174 5189 2347 5226 Inmus
2370 5184 2565 5228 creavit
2594 5190 2694 5239 me,
2722 5184 2829 5231 etc.

2174 5244 2360 5367 59(47)
2416 5243 2618 5313 Repete
2645 5262 2768 5317 qua:
2810 5246 3125 5302 monuimus
3149 5262 3315 5316 supra
3368 5247 3475 5302 col.
3523 5248 3615 5312 91.
3648 5256 3768 5305 not.

2248 5384 2359 5453 (48)
2384 5385 2601 5452 Κύριος
2623 5385 2967 5440 ἐνόσσευσέ
2996 5404 3092 5455 με.
3120 5386 3251 5442 Eam
3276 5385 3565 5457 Epiphanii
3599 5387 3768 5441 inter-

2175 5456 2565 5526 pretationem,
2590 5472 2755 5526 quam
2789 5457 3057 5513 habemus
3084 5466 3138 5511 et
3163 5460 3215 5511 in
3241 5456 3476 5512 Panario
3500 5458 3565 5510 ad
3591 5457 3765 5513 haere-

2176 5524 2289 5597 sim‘
2340 5525 2430 5589 69,
2481 5524 2635 5580 num'.
2667 5526 2760 5591 25,
2802 5528 2983 5597 reiicit
3023 5526 3283 5583 Petavius
3324 5528 3463 5597 libro
3490 5526 3567 5580 De
3586 5526 3766 5581 Incor-

2176 5594 2393 5649 natione
2428 5610 2487 5661 II,
2522 5612 2645 5663 cap.
2676 5590 2751 5661 l,’
2780 5590 2933 5653 nuin.
2959 5597 3013 5652 2.
3050 5598 3133 5652 An
3160 5601 3285 5666 jure
3306 5590 3386 5666 vel
3413 5596 3633 5665 injuria,
3653 5606 3763 5653 sta-

2175 5671 2331 5718 tnant
2355 5666 2468 5720 alii.
2515 5666 2667 5720 Satis
2712 5668 2873 5722 nobis
2904 5674 3025 5724 esto
3074 5665 3323 5723 sanctum
3373 5665 3766 5724 Hieronvmum

2176 5684 2331 5718 munt
2355 5684 2468 5720 am.
2519 5684 2667 5720 anus
2712 5684 2873 5722 noms
2904 5684 3025 5724 esto
3074 5684 3323 5723 sanctum
3373 5684 3761 5721 meron'mum

2175 5737 2467 5815 consulere
2497 5736 2565 5815 in.
2600 5752 2667 5815 eo
2724 5737 2969 5815 epistolae
3006 5738 3155 5797 illius
3184 5738 3330 5807 loco,
3367 5752 3529 5809 quem
3578 5684 3761 5795 laude

2171 5807 2354 5863 vimus
2386 5807 2655 5877 superiori
2684 5807 3053 5865 adnotatione.
