3950 6414
558 286 633 301 ’ρων
658 287 677 295 ·-
738 292 747 299 .

182 358 241 417 97

1622 363 2083 426 ANCORATUS.
2120 414 2131 423 ,

3430 383 3502 443 93

184 472 288 530 λινο
335 476 621 547 Χριστοῦ
675 470 795 570 οῇν
820 478 971 549 ὑπὲρ
1018 478 1190 551 ἡμῶν
1233 484 1538 551 παθόντος
1573 488 1760 554 σαρκί
1778 506 1784 521 ε

1902 489 1970 544 ad
1998 504 2119 543 eam
2151 488 2300 560 quod
2330 490 2690 549 interfectum
2726 493 2953 566 dicitur,
2981 497 3147 556 debet
3187 499 3408 570 referri,
3440 510 3502 561 ut

192 567 276 623 καὶ
302 568 473 623 πάλιν
498 585 511 600 ·
566 570 676 635 Ἐξ
699 564 791 625 ὧν
820 574 853 626 ό
876 572 1131 640 Χριστὸς
1165 575 1231 628 τὸ
1264 575 1419 629 κατὰ
1461 575 1683 646 σάρκα,
1719 578 1794 646 ὦς

194 677 317 732 φησι
375 659 623 727 Παῦλος.
674 662 788 718 Καὶ
846 663 1008 729 αὐτὸς
1048 668 1077 719 ὁ
1116 666 1309 740 Σωτὴρ
1371 668 1560 738 ἔλεγεν
1620 674 1678 727 ὲν
1720 673 1796 746 τῷ

195 751 508 824 Εὐαγγελίῳ
532 754 710 808 ’Νῦν
742 753 810 809 δέ
835 773 914 826 με
948 754 1169 825 ζητεῖτε
1190 760 1547 817 ἀποκτεῖναι
1567 763 1796 834 ἅνθρω-

191 861 328 908 xor,
358 845 427 913 ὃς
445 847 567 916 τὴν
585 848 884 917 ἀλήθειαν
910 851 1056 920 ὑμῖν
1073 850 1417 923 λελάληκα,
1433 855 1535 908 καὶ
1553 855 1797 924 ἤκουσα

188 938 350 1006 παρὰ
375 938 483 993 τοῦ
511 942 768 1011 Πατρός,
798 943 886 996 ἵνα
919 942 1071 1015 δείξῃ
1098 943 1161 996 τὸ
1196 942 1369 1009 πάθος
1397 948 1502 1001 ἀπὸ
1547 948 1649 1020 τῆς
1698 951 1795 1003 ἅν-

187 1027 558 1102 θρωπότητος,
580 1033 748 1087 αὑτὸν
781 1032 838 1086 δὲ
854 1033 1053 1087 εἰδέναι
1088 1036 1102 1066 ¹
1137 1036 1365 1104 φυσικὸν
1406 1038 1526 1093 Γίὸν
1558 1039 1651 1093 τοῦ
1678 1042 1795 1094 Πα-

186 1121 322 1193 τρδς
346 1122 458 1176 ἀπὸ
480 1122 592 1177 τῶν
619 1124 848 1180 ἄνωθεν.
883 1125 1109 1197 Συνᾲδει
1135 1126 1307 1180 δὲκαὶ
1334 1127 1511 1200 τούτῳ
1543 1129 1619 1202 τῷ
1649 1130 1794 1203 λόγῳ

184 1214 416 1283 φάσκων
457 1217 486 1269 ὀ
546 1215 702 1285 ἅγιος
733 1215 1031 1280 ἀπόστολος
1071 1218 1283 1283 Παῦλος
1306 1237 1319 1250 ·
1365 1215 1471 1287 Εἷς
1498 1222 1664 1288 Θεὸς,
1704 1219 1794 1290 εἷς

180 1304 283 1359 καὶ
302 1306 559 1375 μεσίτης
607 1307 758 1362 Θεοῦ
798 1306 895 1361 καί
929 1308 1278 1388 ἀνθρῴπων,
1320 1309 1631 1380 ἅνθρωπος
1683 1314 1795 1383 Ἰη-

181 1398 344 1464 σοῦς
400 1399 694 1467 Χριστός-
746 1398 816 1466 ὃς
874 1401 989 1469 οὐχ
1042 1400 1364 1472 ἁρπαγμὸν
1406 1401 1681 1472 ἡγήσατο
1722 1404 1792 1460 τὸ

176 1485 339 1544 εἶναι
367 1489 477 1545 ica
500 1489 643 1556 Θεῷ,
661 1491 799 1545 ἀλλ’
830 1491 1052 1545 ἑαυτὸν
1074 1492 1360 1556 ἐκένωσε,
1386 1491 1634 1563 μορφὴν
1654 1494 1793 1549 δού-

173 1584 296 1637 λου
315 1581 544 1638 λαϐὼν.
595 1583 759 1655 Ὁρᾷς
800 1583 877 1647 ὡς
914 1582 1205 1654 ἄνθρωπον
1247 1584 1412 1638 αὐτὸν
1447 1586 1788 1658 ἀπεφήνατο,

174 1666 394 1729 ἀλλτού
422 1673 616 1745 tactv;
662 1674 737 1728 Τὸ
778 1674 911 1749 γὰρ,
949 1676 1222 1745 Μεσίτης
1257 1677 1407 1732 Θεοῦ
1431 1678 1531 1732 καὶ
1563 1677 1791 1748 ἀνθρώ-

172 1783 335 1831 πων,
372 1766 595 1827 ἐπειδὰν
611 1769 726 1832 τοῖς
755 1767 1037 1840 ἑκατέροις
1066 1767 1345 1839 μεσιτεύει
1378 1770 1514 1843 πρὸς
1546 1772 1640 1826 τὸν
1670 1773 1787 1827 Πα-

1901 578 2097 635 Petrus
2142 588 2376 637 testatur
2405 600 2419 637 :
2452 582 2505 636 Μ
2515 585 2838 655 orti/icatus,
2868 589 3068 659 inquit,
3102 608 3260 648 carne
3282 631 3298 659 ,
3328 595 3499 664 viui/i-

1901 680 2052 725 ratus
2083 680 2259 727 autem
2294 674 2490 742 spiritu
2510 674 2553 728 ³.
2582 674 2716 732 Item
2750 695 2763 731 :
2792 676 3006 733 Christo
3032 680 3197 750 igitur
3223 699 3319 753 pro
3349 685 3499 739 nobis

1898 779 2057 817 carne
2095 764 2320 832 passo‘.
2357 764 2497 822 Tum
2530 766 2666 823 illud
2698 788 2712 824 :
2746 768 2794 823 E
2819 771 3008 840 quibus
3034 769 3280 827 Christus
3311 788 3500 827 secun-

1906 855 2032 907 dum
2064 872 2298 925 carnem,
2332 857 2407 911 :iit
2442 856 2742 929 Apostolus
2765 861 2808 915 ⁵.
2848 862 2992 928 Quin
3025 873 3077 917 et
3107 861 3358 925 Salvator
3381 867 3500 935 ipse

1900 948 1954 1002 in
2011 946 2307 1019 Evangelio
2354 950 2568 1006 dicebat
2607 951 2811 1007 :Nunc
2866 966 3043 1010 autem
3077 956 3373 1025 interﬁcere
3418 973 3500 1010 me

1895 1040 2077 1105 vultis,
2121 1040 2383 1097 hominem
2425 1045 2514 1114 qui
2560 1060 2681 1099 vera
2717 1042 2834 1100 dixi
2880 1047 3023 1103 vobis
3049 1048 3091 1102 ⁸.
3152 1047 3221 1103 Et
3256 1049 3436 1102 audivi
3465 1063 3500 1102 a

1895 1130 2120 1188 Patre".
2169 1134 2407 1215 Quibus
2436 1134 2622 1193 verbis
2696 1147 2751 1193 et
2805 1140 3216 1211 perpessionem
3264 1141 3333 1195 ab
3388 1136 3499 1195 bu-

1895 1238 2059 1278 mana
2114 1240 2239 1282 esse
2283 1216 2504 1293 natura,
2552 1237 2606 1283 et
2651 1231 2960 1287 naturalem
3007 1226 3191 1287 Patris
3219 1225 3420 1287 Filium
3467 1246 3498 1286 e

1892 1315 2034 1369 curio
2094 1315 2333 1387 lapsum,
2391 1320 2535 1374 seire
2581 1334 2641 1376 se
2697 1321 3067 1376 demonstrat.
3112 1322 3221 1387 _Cui
3266 1320 3494 1394 quidem

1893 1409 2181 1464 sententia:
2226 1412 2512 1482 apostolus
2542 1408 2747 1467 Paulus
2783 1412 3118 1486 suﬂragatur
3144 1415 3231 1470 his
3265 1412 3491 1471 verbis:

1896 1497 2044 1554 Unus
2090 1499 2259 1566 Deus,
2300 1516 2436 1557 unus
2467 1498 2736 1558 Mediator
2763 1503 2864 1559 Dei
2913 1514 2964 1558 et
3009 1504 3303 1572 hominum,
3336 1504 3495 1559 homo

1887 1587 2049 1646 Iesus
2096 1588 2346 1647 Christus
2369 1591 2414 1648 ⁸.
2492 1593 2599 1662 Qui
2641 1612 2746 1650 non
2780 1598 3025 1668 rapinam
3077 1596 3370 1651 arbitratus
3412 1582 3494 1651 est

1889 1682 2149 1752 (aqualem
2173 1701 2227 1738 se
2250 1702 2362 1740 esse
2390 1685 2495 1742 Deo
2514 1728 2528 1746 .
2555 1687 2644 1742 sed
2668 1688 2903 1759 seipsum
2924 1688 3239 1753 exinanivit,
3256 1687 3492 1758 formam

1887 1774 2026 1829 servi
2086 1777 2413 1847 accipiens’.
2471 1777 2713 1835 Videsne
2771 1779 2850 1835 uti
2903 1796 2965 1837 se
3022 1780 3297 1836 hominem
3344 1794 3491 1846 esse,

174 1857 318 1929 τέρα
350 1858 542 1927 αὐτοῦ,
576 1856 711 1923 Θεὸς
765 1858 844 1912 ὢν
887 1859 1049 1929 φύσει
1093 1860 1319 1932 γνήσιος
1361 1863 1784 1935 γεγεννημένος.

1892 1883 2002 1922 non
2062 1868 2245 1923 tamen
2305 1870 2513 1926 nudum
2552 1872 2973 1945 simplicemque
3016 1872 3308 1928 docuerit?
3352 1870 3493 1927 Nam

171 1949 332 2021 Πρὸς
369 1949 428 2003 δὲ
458 1950 584 2015 τοὺς
639 1948 984 2022 ἀνθρώπους,
1032 1950 1323 2024 ἅνθρωπος
1362 1953 1611 2022 φυσικὸς,
1648 1956 1785 2028 γνή-

171 2058 298 2105 σιος
338 2042 404 2095 ἐκ
447 2041 669 2115 Μαρίας
709 2042 834 2114 δίχα
868 2042 1186 2116 σπέρματος
1222 2045 1417 2120 ἀνδρὸς
1446 2047 1785 2120 γεγεννημέ-

168 2146 289 2198 νσς.
319 2132 482 2188 Οὕτω
512 2133 624 2206 γάρ
675 2136 1079 2205 ὲστιΜεσίτης
1117 2137 1267 2192 Θεοῦ
1306 2137 1405 2191 καὶ
1428 2138 1781 2208 ἀνθρώπων,

169 2224 314 2288 Θεὸς
355 2224 454 2291 ὣν,
506 2224 602 2279 καὶ
636 2225 922 2299 ἄνθρωπος
952 2226 1230 2296 γεγονὼς,
1275 2228 1337 2281 οὐ
1396 2231 1627 2300 τραπεὶς
1687 2231 1786 2305 τὴν

169 2314 366 2386 φύσιν,
406 2316 548 2371 ἀλλὰ
586 2317 729 2375 κατὰ
779 2319 1021 2391 ἑκάτερα
1051 2320 1189 2390 πρὸς
1210 2318 1280 2374 τὰ
1306 2320 1600 2395 ἀμφότερα
1631 2339 1786 2396 μεσι-

167 2425 371 2464 τευων.

1886 1961 2034 2032 quod
2064 1960 2163 2016 Dei
2192 1971 2242 2016 et
2284 1963 2560 2043 hominum
2588 1963 2858 2021 Medialor
2897 1966 3127 2031 dicitur,
3164 1965 3376 2022 idcirco
3410 1963 3495 2021 di-

1850 2118 1853 2121 _
1887 2053 2055 2122 citur,
2092 2054 2237 2126 quod
2268 2056 2558 2128 utriusque
2587 2057 2760 2127 partis
2788 2057 2862 2112 ita
2892 2067 3182 2129 sequester
3208 2059 3304 2124 sit,
3330 2064 3390 2113 ut
3418 2056 3490 2113 ad

1888 2143 2109 2202 Patrem
2145 2157 2527 2219 comparatus,
2567 2159 2766 2205 natura
2808 2150 2952 2206 Deus
3006 2151 3079 2207 sit
3113 2166 3180 2207 ac
3209 2152 3490 2223 legitimus

1893 2239 1961 2293 ab
1989 2255 2055 2294 eo
2085 2240 2306 2311 genitus
2334 2261 2348 2298 :
2382 2242 2450 2297 ad
2483 2243 2733 2299 homines
2768 2258 2934 2314 porro
2971 2244 3019 2300 si
3059 2243 3354 2310 referatur,
3388 2259 3491 2299 na-

1890 2331 2089 2386 turalis
2142 2332 2309 2387 homo
2361 2337 2456 2396 sit,
2494 2332 2603 2404 50
2624 2341 2681 2389 et
2722 2349 2789 2390 ex
2829 2332 3002 2389 Maria
3045 2335 3322 2406 legitimus
3368 2336 3491 2391 sine
3524 2324 3529 2329 ’

1892 2424 2005 2478 ullo
2034 2425 2139 2479 viri
2173 2434 2298 2481 satu
2346 2434 2662 2498 susceptus.
2694 2423 2775 2480 Ita
2818 2427 3019 2497 quippe
3059 2430 3156 2485 Dei
3182 2428 3481 2485 hominum-

166 2523 277 2577 que
312 2505 578 2561 Hediator
605 2518 703 2583 est,
749 2508 844 2577 qui
876 2521 1002 2563 cum
1027 2515 1176 2569 esset
1207 2506 1374 2577 Deus,
1398 2508 1568 2565 homo
1592 2506 1772 2568 factus
1808 2524 1926 2586 est;
1973 2534 2083 2574 non
2128 2530 2328 2576 natura
2372 2527 2642 2587 mutatus,
2694 2519 2793 2576 sed
2864 2527 3103 2591 utraque
3151 2531 3308 2593 parte
3375 2531 3491 2574 me-

169 2598 304 2654 dius
333 2599 531 2655 ambos
571 2598 735 2662 inter,
767 2612 834 2653 ac
862 2599 1012 2655 velut
1050 2599 1347 2672 interpres.

241 2691 388 2747 ΜΕ.
435 2690 599 2746 Ἀλλὰ
635 2692 732 2747 καὶ
780 2692 944 2748 πάλιν
992 2693 1225 2766 ἀμαθῶς
1262 2713 1461 2765 φασιν·
1512 2697 1678 2770 Ὁρᾷς
1703 2699 1786 2754 ὅτι

171 2785 289 2854 οὐχ
351 2785 674 2855 ἁρπαγμὸν
727 2784 1007 2856 ἡγήσατο
1056 2787 1124 2842 τὸ
1149 2783 1306 2842 εἶναι
1354 2788 1463 2843 ἴσα
1499 2789 1622 2856 Θεῷ
1645 2806 1665 2854 ;
1690 2790 1786 2845 καὶ

171 2874 299 2932 οὐδὲ
330 2875 434 2947 τὴν
468 2875 660 2947 κλῆσιν
688 2874 895 2930 οἴδασιν
922 2877 970 2930 οἱ
1005 2877 1325 2947 φιλόνεικοι.
1354 2879 1429 2934 Οὐ
1463 2879 1574 2953 γὰρ
1604 2875 1780 2949 εἶπεν,

170 2969 293 3023 οὐκ
352 2967 590 3040 ἠθέλησε
649 2967 909 3038 γενέσθαι
969 2968 1085 3034 ἶσος
1144 2968 1264 3039 Θεῷ
1314 2969 1382 3024 δι’
1440 2971 1741 3044 ἁρπαγμοῦ
1766 2986 1783 3005 ο

169 3061 316 3174 ἐλλέ
353 3062 480 3174 Oi)!
879 3060 1157 3174 ﬂtﬂa’f’to
1174 3057 1353 3174 leiulat
1380 3061 1508 3174 tIo'a
1548 3062 1690 3168 θεῷ,
1723 3061 1786 3117 τδ
1809 3115 1853 3174 C

169 3154 317 3209 Θεοῦ
351 3157 372 3186 ³
403 3147 550 3209 εἶναι
576 3153 760 3223 φύσει,
796 3154 879 3208 ὅτι
905 3149 995 3225 ἦν.
1032 3154 1095 3207 Εἰ
1130 3153 1206 3226 μὴ
1239 3152 1350 3226 γὰρ
1378 3149 1468 3226 ἦν,
1502 3154 1619 3219 πῶς
1646 3175 1789 3228 μορ-

163 3244 301 3315 pip
313 3242 542 3300 δούλου
556 3247 769 3313 ἔλαϐε;
792 3247 900 3302 Καὶ
929 3244 991 3299 τὸ
1033 3244 1358 3317 πρόσφατον
1388 3246 1655 3317 ὲσήμανε,
1685 3245 1781 3299 καὶ

168 3335 237 3389 ἐκ
256 3335 458 3390 τούτου
495 3338 595 3409 τὴν
624 3336 934 3411 ὑπερϐολὴν
968 3336 1271 3410 θαυμάζων
1306 3337 1584 3393 ἐδείκνυτο
1604 3355 1617 3369 ⁸
1652 3339 1778 3393 καί-

170 3441 283 3499 περ
330 3425 409 3480 ὣν
471 3426 586 3491 ῐσος
633 3426 776 3500 Θεῷ,
812 3426 1008 3482 ἑαυτὸν
1049 3428 1309 3493 ὲκένωσε,
1344 3429 1559 3501 μορφὴν
1593 3428 1779 3482 δούλου

169 3517 384 3583 λαϐὼν,
439 3518 540 3590 οὐχ
608 3519 696 3574 ἵνα
732 3519 793 3574 τὸ
851 3519 1136 3592 ἐλεύθερον
1186 3519 1450 3594 δουλώσῃ,
1483 3521 1598 3576 ἀλλ’
1650 3522 1709 3575 ὲν

171 3611 366 3679 μορφῇ
395 3607 557 3662 ἔλασε
576 3611 703 3675 τοὺς
738 3609 1117 3674 ὑπακούοντας
1147 3609 1371 3676 δούλους
1409 3610 1775 3686 ἐλευθερώσῃ.

169 3702 287 3774 καὶ
341 3703 709 3776 μαρτυροῦσιν
749 3696 1015 3759 Ἰουδαῖοι¹
1057 3705 1141 3759 ὅτι
1199 3704 1300 3759 οὐκ
1358 3706 1539 3778 ᾐδεῖτο
1576 3690 1780 3776 λέγειν

173 3792 294 3857 ἴσος
331 3792 475 3864 Θεῷ,
512 3793 636 3848 οὐδὲ
691 3792 994 3862 ἑδίσταζεν,
1041 3795 1178 3851 ἀλλὰ
1203 3796 1311 3851 ἀπὸ
1330 3796 1427 3851 τοῦ
1461 3797 1780 3872 θαρραλεώ-

170 3904 339 3960 τερον
363 3885 509 3941 οὓτω
547 3885 816 3942 δεικνύειν
840 3888 900 3944 ὲν
932 3888 1013 3961 τῷ
1046 3887 1260 3959 λέγειν·
1311 3890 1455 3945 Ἐὰν
1489 3888 1577 3961 μὴ
1608 3891 1775 3960 εἴπω,

168 3980 395 4050 ἔσομαι
422 3980 557 4035 καθ’
585 3978 745 4051 ὑμᾶς
775 3982 1050 4050 ψεύστης
1069 3994 1090 4013 ⁸
1135 3981 1230 4036 καὶ
1293 3979 1383 4035 διὰ
1417 3980 1576 4035 τοῦτό
1643 3998 1778 4052 φασι

168 4074 317 4148 πρὸς
341 4073 507 4128 αὐτόν
526 4089 540 4103 ·
584 4074 668 4128 Δι’
705 4073 936 4146 ἀγαθὸν
972 4074 1153 4145 ἔργον
1184 4075 1299 4128 οὐκ
1335 4071 1779 4144 ἀποκτείνομέν

169 4184 270 4232 σε,
320 4166 463 4222 ἀλλ’
502 4166 594 4221 ὅτι
641 4166 958 4237 ἄνθρωπος
999 4163 1086 4221 ὢν
1118 4167 1384 4222 σεαυτὸν
1420 4165 1612 4234 ποιεῖς
1636 4166 1779 4221 ισον

172 4258 302 4325 Θεῷ
369 4258 529 4315 Ἀλλά
582 4277 774 4330 φασιν·
808 4260 871 4315 Εἰ
903 4258 1193 4332 ὀφείλομεν
1218 4258 1291 4313 τὰ
1319 4258 1559 4331 τροπικὰ
1606 4256 1775 4314 αὑτοῦ

170 4347 487 4419 ὁμολογεῖν,
526 4349 622 4403 καὶ
652 4349 823 4405 πολλὰ
855 4349 1097 4423 τροπικὰ
1126 4349 1350 4422 εἴρηκεν
1374 4350 1408 4421 ἡ
1433 4348 1650 4422 Γραφὴ,
1680 4349 1777 4404 καὶ

1962 2696 2127 2755 XLV.
2173 2699 2279 2754 Sed
2312 2699 2567 2771 imperite
2604 2717 2804 2758 rursus
2838 2700 3108 2771 objiciunt
3140 2721 3155 2759 :
3187 2700 3356 2761 Vides
3384 2721 3491 2761 non

1892 2792 2141 2860 rapinam
2173 2791 2498 2847 arbitratum
2526 2810 2640 2849 esse
2665 2795 2921 2865 wqualem
2953 2811 3008 2849 se
3048 2812 3161 2850 esse
3193 2795 3341 2853 Deo?
3380 2794 3489 2853 Sed

1888 2881 2205 2939 inauissimi
2267 2883 2520 2939 homines
2572 2884 2957 2954 appellationis
3022 2884 3200 2956 ipsius
3256 2902 3489 2958 prorsus

1887 2976 2069 3047 ignari
2124 2985 2274 3034 sunt.
2327 2975 2466 3031 Nam
2520 2990 2629 3031 non
2677 2976 2856 3032 dixit:
2911 2975 3098 3033 Noluit
3150 2980 3343 3050 rapina
3394 2980 3488 3035 illa

1885 3067 2117 3138 aequalis
2145 3083 2270 3125 esse
2304 3068 2445 3136 Deo;
2475 3069 2593 3137 sed,
2632 3068 2755 3124 Non
2792 3070 3039 3139 rapinam
3080 3069 3373 3125 arbitratus
3407 3079 3489 3126 est

1885 3174 2000 3213 esse
2036 3175 2091 3213 se
2114 3157 2374 3228 aqualem
2409 3159 2518 3214 Deo
2542 3200 2556 3224 ,
2586 3159 2691 3214 hoc
2722 3167 2808 3215 est
2828 3169 3027 3214 natura
3055 3175 3115 3217 se
3142 3158 3312 3214 Deum
3332 3175 3485 3229 esse,

1885 3247 2035 3319 quod
2069 3256 2187 3304 erat
2220 3264 2278 3303 re
2309 3249 2457 3319 ipsa.
2492 3248 2608 3304 Nisi
2656 3250 2803 3304 enim
2836 3256 3007 3313 esset,
3041 3247 3320 3318 quomodo
3346 3247 3485 3303 serui

1877 3341 2109 3409 formam
2150 3339 2433 3398 indueret?
2463 3338 2834 3408 Quamobrem
2865 3341 3167 3411 Apostolus
3207 3341 3357 3412 quod
3392 3356 3484 3397 re-

1882 3433 2208 3493 centius_ac
2254 3433 2539 3504 posterius
2586 3439 2727 3498 erat,
2776 3431 3024 3486 indicare
3052 3431 3251 3497 voluit,
3294 3446 3362 3487 ae
3400 3431 3484 3488 rei

1882 3524 2316 3595 magnitudinem
2348 3539 2459 3580 non
2500 3524 2622 3580 sine
2668 3523 2881 3594 ingenti
2923 3522 3291 3579 admiratione
3325 3534 3485 3578 mon-

1881 3615 2100 3672 stravit.
2141 3614 2356 3686 Quippe
2389 3613 2613 3670 tametsi
2641 3612 2757 3669 Deo
2787 3619 2935 3670 esset
2959 3608 3208 3683 aequalis,
3236 3612 3481 3684 seipsum

1879 3705 2246 3763 nihilominus
2276 3706 2604 3773 exinanivit,
2632 3705 2779 3763 servi
2812 3704 3045 3760 formam
3077 3704 3333 3771 induens,
3367 3719 3480 3760 non

1881 3806 1943 3854 ut
1971 3799 2120 3869 quod
2163 3799 2399 3855 liberum
2436 3807 2581 3864 erat,
2631 3798 2885 3854 servituti
2917 3797 3240 3877 subjiceret,
3282 3796 3380 3852 sed
3418 3803 3482 3851 ut

1881 3889 1938 3947 in
1970 3907 2034 3947 ea
2069 3891 2245 3946 forma
2272 3908 2438 3963 quam
2469 3891 2692 3947 sibimet
2722 3891 3083 3962 imposuerat,
3112 3889 3479 3960 obsequentes

1881 3983 1988 4040 sibi
2037 3998 2229 4040 servos
2271 3984 2325 4038 in
2374 3982 2682 4039 libertatem
2724 3991 3022 4038 assereret.
3070 3980 3214 4037 Sane
3251 3978 3477 4053 quidem

1879 4074 1966 4130 vel
2006 4072 2323 4129 Judteorum
2383 4072 2780 4128 testiﬁcatione
2830 4079 3068 4139 constat,
3128 4070 3266 4126 nihil
3320 4071 3475 4125 illum

1880 4166 2114 4221 veritum
2151 4164 2346 4230 fuisse,
2399 4178 2583 4232 neque
2624 4162 2913 4219 dubitasse
2957 4162 3223 4233 aequalem
3267 4177 3327 4217 se
3362 4160 3475 4216 Deo

1878 4253 2142 4325 proﬁteri.
2169 4253 2431 4323 Adeoque
2453 4250 2821 4306 conﬁdentius
2846 4250 3014 4306 etiam
3040 4249 3095 4305 id
3115 4250 3270 4305 hisce
3288 4249 3475 4306 verbis

1878 4345 2154 4401 ostendit:
2191 4343 2317 4398 Α·ἱεὶ
2346 4343 2553 4407 dixero,
2577 4357 2667 4396 ero
2695 4341 2910 4412 perinde
2943 4358 3006 4395 ac
3035 4357 3123 4397 eos
3147 4340 3377 4394 mendax
3404 4338 3472 4395 '°.

172 4441 233 4494 οὐ
263 4442 355 4496 δεῖ
378 4441 660 4514 ἀρνεῖσθαι
698 4442 770 4499 τὰ
819 4444 903 4509 εἰς
939 4442 1103 4498 αὑτὸν
1142 4442 1562 4515 αἰνιγματωδῶς
1606 4445 1772 4516 εἰρη-

1886 4434 2019 4491 [line
2064 4434 2144 4490 illi
2189 4433 2273 4491 sic
2325 4434 2507 4506 ipsum
2557 4433 2969 4504 alloquuntur:
3011 4430 3239 4513 Prepter
3278 4430 3474 4487 bonum

174 4532 344 4603 μένα,
374 4533 463 4587 ὅτι
481 4536 576 4589 καὶ
605 4532 746 4615 δὺρα
780 4532 1065 4607 κέκληται,
1107 4534 1204 4588 καὶ
1227 4533 1378 4599 λίθος
1413 4532 1653 4607 εἴρηται,
1682 4535 1780 4589 καὶ

169 4624 400 4693 στύλος,
450 4626 547 4680 καὶ
597 4627 816 4699 νεφέλη,
865 4627 963 4682 καὶ
994 4626 1156 4693 λέων,
1207 4626 1304 4681 καὶ
1337 4626 1632 4699 πρόϐατον,
1682 4627 1780 4682 καὶ

169 4717 396 4789 λύχνος,
458 4719 554 4774 καὶ
598 4718 846 4791 λαμπὰς,
893 4719 992 4774 καί⁵
1038 4719 1214 4792 ἥλιος,
1255 4719 1351 4774 καὶ
1396 4719 1650 4790 ἄγγελος,
1681 4721 1779 4775 καὶ

173 4808 422 4883 σκώληξ,
454 4810 550 4866 καὶ
576 4810 774 4884 πέτρα,
803 4812 899 4866 καὶ
944 4811 1362 4883 ἀκρογωνιαῖος,
1390 4810 1486 4866 καὶ
1509 4811 1650 4877 ὁδὸς,
1680 4813 1777 4868 καὶ

170 4901 404 4976 ταῦρος,
458 4904 552 4958 καὶ
595 4902 817 4975 μόσχος,
858 4903 952 4959 καὶ
987 4903 1058 4957 τὰ
1099 4902 1326 4957 τοιαῦτα
1369 4902 1635 4975 δηλονότι.
1665 4903 1776 4958 Καὶ

171 4997 343 5069 ἡμεῖς
390 4995 495 5050 οὐκ
544 4995 860 5068 ἀρνούμεθα
911 4994 983 5050 τὰ
1030 4995 1113 5060 εἰς
1153 4995 1318 5050 αὐτὸν
1359 4995 1776 5067 αἰνιγματωδῶς

172 5086 590 5160 πεπληρωμένα
611 5102 627 5118 °
660 5087 884 5156 οἴδαμεν
939 5085 997 5141 δὲ
1031 5085 1100 5141 δι’
1148 5086 1216 5159 ἢν
1248 5085 1429 5141 αἰτίαν
1465 5085 1641 5140 ταῦτα
1684 5086 1780 5156 γέ-

173 5196 425 5253 γραπται
444 5194 461 5211 ο
485 5179 626 5246 ὁδὸς,
660 5180 743 5235 ὅτι
771 5179 839 5234 δι’
870 5179 1036 5234 αὐτοῦ
1063 5178 1357 5251 βαδίζομεν
1384 5178 1522 5251 πρὸς
1548 5178 1649 5250 τὴν
1679 5178 1778 5250 βα·-

176 5272 408 5338 σιλειαν,
437 5272 575 5345 πρὸς
627 5272 815 5337 αὑτὸν,
847 5272 943 5326 καὶ
974 5271 1069 5326 τὸν
1111 5271 1337 5343 Πατέρα
1358 5288 1374 5304 ο
1404 5268 1548 5343 θύρα
1581 5270 1659 5336 δὲ,
1691 5269 1774 5324 ὅτι

170 5364 242 5421 δι’
273 5362 447 5419 αὐτοῦ
492 5362 893 5437 εἰσερχόμεθαο
926 5361 1141 5429 στύλος,
1194 5363 1278 5417 ὅτι
1324 5360 1488 5426 αὐτός
1529 5362 1647 5416 ἐστι
1676 5359 1777 5432 τῆς

174 5453 457 5528 ἡμετέρας
489 5453 728 5518 πίστεως
756 5452 1042 5525 ἑδραίωμα
1062 5469 1078 5485 ο
1111 5451 1311 5523 πέτρα,
1343 5449 1433 5505 διὰ
1464 5450 1527 5504 τδ
1567 5451 1777 5523 ἀμετα-

179 5547 435 5620 κίνητονο
466 5545 638 5616 λίθος,
677 5545 743 5601 τὸ
780 5543 1278 5618 τεθεμελιωμένονο
1312 5543 1464 5617 ἥλιος
1499 5541 1779 5598 δικαιοσύ-

253 5726 363 5786 'F.
397 5723 560 5785 εἶναι.
642 5729 664 5761 ¹
698 5724 766 5784 ιε’.
820 5726 973 5783 Θεόν.
1051 5725 1133 5781 ⁸1
1204 5725 1353 5783 Petr.
1415 5740 1499 5789 ιιι,
1564 5724 1654 5781 i8.
1732 5721 1813 5778 ⁸1

183 5799 205 5837 ²
239 5798 389 5862 Joau.
434 5818 522 5871 xv,
566 5800 657 5859 15.
743 5799 766 5831 ⁸
805 5798 827 5854 ι
861 5796 1005 5855 Tim.
1047 5814 1110 5869 ti,
1152 5797 1208 5855 5.
1285 5799 1305 5830 ’
1344 5795 1585 5869 Philipp.
1630 5810 1695 5866 ιι,
1734 5792 1789 5852 6.

917 5917 1045 5940 \uc...

1876 4545 2008 4603 opus
2043 4545 2148 4584 non
2194 4528 2545 4598 interﬁciatus
2587 4535 2655 4595 te,
2694 4525 2788 4581 sed
2825 4526 2965 4597 quod
3006 4523 3162 4581 homo
3206 4541 3327 4580 cum
3371 4526 3473 4593 sis,

1877 4622 2099 4691 teipsum
2133 4619 2270 4691 facis
2295 4619 2550 4691 aqualem
2569 4618 2678 4675 Deo
2702 4618 2766 4672 “.
2793 4616 3012 4674 Rursus
3040 4619 3249 4674 instant
3274 4618 3474 4673 adver-
3590 4658 3595 4663 -

1877 4712 2009 4771 sarii
2040 4732 2054 4767 :
2085 4712 2144 4769 Si
2180 4726 2305 4783 qua:
2349 4726 2447 4783 per
2492 4718 2711 4781 tropum
2738 4710 2807 4765 de
2836 4710 2932 4764 illo
2970 4708 3118 4764 dicta
3151 4715 3282 4765 sunt
3312 4708 3473 4765 fateri

1874 4805 2170 4870 convenit,
2228 4803 2402 4859 multa
2452 4803 2663 4874 tropice
2718 4799 3008 4872 Scriptura
3063 4800 3468 4871 pronuntiavit,

1872 4910 2054 4968 neque
2080 4909 2205 4967 qua:
2239 4893 2549 4965 aenigmatis
2565 4906 2720 4948 more
2733 4890 2803 4947 de
2820 4904 2889 4946 eo
2915 4889 3063 4945 dicta
3084 4891 3214 4944 sunt
3231 4887 3468 4943 iniiciari

1873 4994 2122 5061 oportet:
2144 4985 2291 5059 quod
2310 4986 2480 5055 ianua
2506 4989 2759 5046 vocatur,
2787 4980 2948 5052 lapis,
2967 4979 3245 5045 columna,
3270 4978 3467 5045 nubes,

1875 5082 1981 5149 leo,
2010 5079 2151 5148 ovis,
2183 5080 2431 5142 lucerna,
2466 5074 2576 5142 iax,
2610 5074 2717 5140 sol,
2749 5073 3001 5146 angelus,
3030 5071 3257 5136 vermis,
3282 5078 3463 5142 petra,

1877 5170 2167 5243 angularia
2210 5168 2376 5240 lapis,
2417 5166 2529 5233 via,
2575 5173 2792 5229 taurus,
2828 5163 3060 5232 vitulus,
3101 5171 3158 5219 et
3200 5162 3253 5218 id
3295 5174 3470 5234 genus

1874 5265 2004 5320 alia.
2036 5261 2148 5319 Nos
2179 5268 2363 5316 autem
2397 5273 2522 5339 qua:
2551 5257 2606 5313 in
2637 5257 2731 5312 illo
2762 5254 2997 5328 ﬁgurate
3017 5254 3165 5310 dicta
3195 5261 3327 5309 sunt
3364 5253 3469 5306 im-

1875 5358 2019 5429 pleta
2042 5371 2154 5411 non
2184 5367 2488 5426 negamus;
2524 5349 2618 5407 sed
2648 5364 2916 5420 quorsum
2943 5355 3205 5418 usurpata
3231 5345 3323 5400 illa
3355 5343 3468 5400 sint

1874 5449 2257 5520 intelligimus.
2292 5446 2432 5500 Nam
2463 5444 2552 5500 via
2591 5450 2884 5515 propterea
2923 5440 3150 5504 dicitur,
3189 5436 3341 5519 quod.
3371 5450 3469 5506 per

1876 5540 2032 5597 illum
2062 5539 2131 5597 ad
2165 5552 2418 5611 regnum,
2464 5544 2519 5593 et
2553 5536 2621 5593 ad
2668 5537 2851 5607 ipsum
2894 5530 3223 5601 Patremque
3273 5542 3467 5601 perve-

1873 5719 2019 5776 Petr.
2092 5734 2170 5783 ιν,
2234 5719 2287 5774 1.
2363 5718 2384 5750 ⁸
2428 5715 2582 5772 Rom.
2631 5732 2711 5777 ix.
2750 5715 2808 5771 5.
2909 5714 2930 5746 ⁶
2967 5711 3132 5769 toan.
3205 5726 3332 5783 vin,
3369 5710 3464 5770 ιο.

1871 5793 1914 5869 f°
1955 5790 2114 5848 Joan.
2161 5806 2282 5861 vui,
2328 5789 2417 5847 55.
2497 5789 2539 5822 ¹¹
2582 5786 2741 5844 Joan.
2785 5801 2841 5855 ι,
2878 5784 2969 5842 53.
