3950 6438
504 427 572 485 99
857 383 861 387 ’
1917 411 1977 468 s.
2021 405 2362 464 EPlPllANll
2764 481 2776 493 .
3686 391 3772 449 un

500 544 714 604 nimus;
763 537 963 609 ianua,
1008 536 1265 606 quoniam
1307 549 1402 604 per
1449 533 1599 587 illum
1644 531 1953 594 intramus;
1997 545 2084 582 eo-

2201 543 2307 594 mc.
2359 525 2388 576 ὁ
2443 520 2795 588 καταυγὰσας
2823 517 2920 581 τας
2962 515 3239 588 ἡμετέρας
3269 512 3647 576 σκοτισοείσας
3674 511 3775 564 δια-

501 635 710 696 lumua,
757 631 906 699 quod
959 630 1075 699 ipse.
1111 629 1525 681 fumlamentum
1577 624 1645 678 sit
1684 622 1804 676 ﬁdei
1847 632 2085 685 nostrae;

2195 618 2364 679 νοίας.

498 733 673 794 petra,
727 698 873 793 quod
926 698 1223 776 immobilis
1259 721 1370 786 sit;
1410 721 1570 788 lapis,
1626 717 1914 770 fundatum
1968 730 2090 770 esse
2118 713 2408 785 signiﬁcat.
2461 709 2602 765 Idem
2644 723 2770 762 vero
2808 704 3040 775 iustitia:
3115 703 3196 756 sol
3263 710 3369 762 ρει,
3424 698 3518 768 qui
3585 706 3778 750 mentes

497 823 723 870 nostras
749 815 993 868 tenebris
1022 813 1293 867 obductas
1325 829 1420 868 sua
1460 813 1582 866 luce
1611 810 1920 871 collustrat.

571 907 756 962 XLVI.
800 906 937 960 Tum
991 909 1062 960 ita
1113 909 1428 978 colligunt:
1481 905 1608 961 Cum
1663 905 1926 974 scriptum
1992 902 2084 966 sit,

497 1009 809 1054 creaturam
849 1000 998 1052 ἱΙΙιιηι
1039 1015 1183 1065 esse,
1237 1000 1400 1052 etiam
1445 1001 1511 1051 de
1547 1008 1800 1050 creatura
1842 993 2088 1047 conﬁteri

505 1098 782 1158 oportere.
817 1087 1019 1142 Verum
1052 1104 1152 1158 ego
1193 1098 1401 1157 partem
1447 1087 1686 1156 aliquam
1735 1101 1932 1138 usuum
1971 1083 2089 1136 illo-

508 1195 626 1233 rum
655 1181 906 1248 exposui,
939 1180 1031 1248 qui
1073 1196 1138 1232 ex
1174 1180 1294 1233 istis
1321 1179 1669 1248 arnigmatam
1701 1174 1998 1228 involucris
2034 1173 2087 1226 in

509 1279 612 1326 nes
644 1270 1043 1328 redundarunt.
1081 1269 1181 1338 51
1219 1269 1411 1322 Dicant
1453 1269 1618 1338 igitur
1651 1268 1840 1336 ecquis
1871 1264 2086 1318 tandem

507 1364 787 1416 translata:
835 1365 983 1416 illius
1026 1363 1445 1432 signiﬁcationis
1489 1378 1625 1416 usus
1659 1377 1783 1415 esse
1813 1360 2007 1430 possit,
2043 1358 2091 1412 si

503 1463 756 1507 creatura
809 1455 1162 1508 nominetur?
1221 1453 1358 1506 Nam
1414 1453 1581 1522 jauua
1639 1453 1858 1524 quidem
1911 1465 2092 1504 nonne

504 1546 700 1600 merito
727 1545 950 1608 dicitur,
978 1546 1134 1616 quasi
1159 1547 1316 1600 nobis
1343 1547 1626 1598 introitum
1686 1544 2094 1612 utilitatemque

507 1639 777 1708 prteheat;
823 1639 909 1692 via
942 1652 1129 1707 porro,
1179 1645 1237 1690 ut
1289 1654 1382 1706 per
1426 1638 1572 1690 illam
1633 1637 1952 1689 incedentes
2001 1650 2095 1688 ne-

506 1745 782 1800 quaquam
833 1731 1155 1784 aberremus
1183 1731 1206 1782 ?
1234 1731 1500 1783 Creatura
1545 1743 1675 1781 vero
1724 1742 1828 1780 cur
1875 1725 2091 1780 tandem

2265 895 2416 961 NG".
2454 887 2587 945 Εἶτά
2609 906 2770 959 φασιν
2791 903 2802 916 ·
2845 888 2963 938 Ὀτι
2999 885 3313 954 γέγραπται
3354 882 3482 952 περί
3515 880 3680 934 αὑτοῦ
3711 881 3781 932 ὅτι

2196 989 2405 1058 κτίσμα
2456 987 2623 1047 ἐστὶν,
2677 982 2959 1054 ὁμολογεῖν
3018 979 3098 1031 δεῖ
3132 979 3224 1031 καλ⁸
3265 977 3328 1029 τὸ
3375 976 3612 1046 κτίσμα.
3660 975 3781 1028 ’1δοῦ

2197 1078 2352 1147 κάγὼ
2380 1078 2727 1147 διηγησάμην
2787 1073 2952 1144 μέρος
2999 1089 3051 1124 τι
3109 1071 3217 1123 τῶν
3256 1071 3508 1140 χρήσεων
3555 1066 3668 1120 τῶν
3707 1067 3785 1120 διὰ

2197 1173 2306 1225 τῶν
2355 1169 2696 1239 αἰνιγμάτων
2756 1164 2922 1219 αὑτοῦ
2986 1165 3065 1228 εἰς
3124 1164 3269 1232 ἡμᾶς
3320 1158 3783 1231 πεπληρωμένων.

2197 1266 2438 1318 Εἴπωσιν
2467 1265 2597 1333 ἡμῖν
2624 1263 2680 1313 ὲν
2709 1258 2785 1329 τῷ
2833 1259 3012 1325 λέγειν
3045 1255 3204 1308 αὑτὸν
3233 1253 3464 1322 κτίσμα,
3511 1250 3565 1303 τί
3604 1265 3787 1321 χρησι-

2202 1356 2394 1428 μεύει;
2427 1356 2500 1407 Οὐ
2532 1353 2671 1424 ούρα
2696 1351 2920 1412 εἰκότως
2951 1349 3164 1419 εἴρηται
3194 1344 3495 1418 τροπικῶς,
3526 1344 3618 1396 ἵνα
3645 1342 3791 1410 γένη-

2197 1465 2286 1500 ται
2309 1445 2512 1507 εἴσοδος
2540 1443 2695 1514 ἡμῶν
2729 1443 2823 1496 καὶ
2853 1441 3089 1508 ὠφέλεια
3114 1457 3128 1505 ;
3182 1440 3276 1490 καὶ
3305 1437 3447 1500 ὁδὸς,
3478 1436 3570 1489 ἵνα
3605 1435 3676 1487 δι’
3704 1435 3792 1486 αὑ-

2199 1539 2294 1593 τοῦ
2315 1538 2619 1608 βαδίζοντες
2651 1535 2726 1606 μὴ
2762 1533 3164 1603 π).ανηοί“ομεν;
3197 1531 3419 1600 Κτίσμα
3463 1529 3552 1582 διὰ
3580 1527 3635 1581 τί
3670 1528 3792 1598 ἡμῖν

2201 1632 2410 1700 γίνεται
2432 1647 2446 1696 ;
2472 1630 2535 1682 Τί
2553 1630 2700 1700 ἡμᾶς
2717 1627 2946 1697 dimisi;
2973 1625 3102 1690 Ναὶ,
3126 1624 3289 1693 φησιν
3305 1624 3333 1676 ὁ
3351 1621 3636 1685 κενόδοξος
3655 1618 3794 1686 φιλο-

2201 1721 2397 1775 νεικῶν
2416 1737 2428 1751 ·
2455 1723 2502 1774 εἰ
2528 1722 2602 1792 μὴ
2616 1718 2724 1791 γὰρ
2740 1717 2900 1771 αὑτὸν
2927 1715 3088 1786 εἴπῃς
3124 1714 3350 1784 κτίσμα,
3387 1712 3465 1782 τῷ
3489 1710 3670 1782 Πατρὶ
3698 1708 3787 1761 td-

507 1821 670 1876 nobis
703 1819 882 1875 factus
912 1836 1036 1875 esse
1063 1821 1310 1874 dicitur?
1344 1829 1436 1873 aut
1464 1820 1593 1890 quid
1629 1833 1692 1873 ea
1729 1833 1816 1872 res
1843 1818 2094 1872 utilitatis

2201 1814 2290 1876 Θος
2312 1813 2594 1885 περιτίυης
2611 1827 2623 1842 ·
2645 1813 2751 1874 πᾶς
2776 1811 2887 1881 γὰρ
2913 1809 3115 1877 γεννῶν
3134 1805 3326 1878 (πάοη)
3359 1804 3505 1874 παθη
3535 1805 3556 1833 ⁹
3577 1801 3793 1873 περιϐέ-

510 1912 743 1966 afferet?
775 1911 887 1966 lmo
923 1927 1053 1966 vero
1082 1927 1349 1983 arrogans
1382 1913 1472 1966 ille
1497 1927 1560 1966 ac
1597 1912 1846 1982 pertinax
1875 1910 2052 1980 inquit
2080 1928 2092 1964 :

507 2001 626 2059 Nisi
663 2005 808 2058 enim
845 2013 1156 2058 creaturam
1199 2006 1352 2058 illum
1385 2020 1508 2059 esse
1545 2004 1806 2068 fatebere,
1859 2003 2098 2057 affectio-

510 2114 636 2152 nem
658 2097 950 2163 quamdam
976 2096 1122 2150 Patri
1148 2097 1376 2151 tribues.
1404 2095 1667 2164 Quisquis
1688 2095 1832 2149 enim
1852 2101 2094 2164 generat,

510 2187 897 2242 affectionibus
931 2195 1014 2242 est
1063 2187 1374 2252 obnoxius;
1415 2203 1541 2240 nam
1597 2186 1962 2251 contrahitur,
2005 2193 2098 2239 aut

507 2280 823 2342 collatatur,
871 2287 965 2331 aut
1007 2278 1361 2350 expanditur,
1409 2285 1503 2330 aut
1542 2275 1786 2346 proﬂuit,
1825 2285 1920 2330 aut
1955 2276 2098 2330 mole

504 2360 863 2434 distenditur,
896 2377 989 2422 aut
1019 2369 1292 2438 ejusmodi
1334 2369 1540 2438 aliquid
1574 2369 1877 2437 experitur.
1916 2368 2098 2438 Apage

507 2471 614 2513 tam
652 2464 971 2515 sceleratam
1023 2461 1326 2529 falsamque
1366 2461 1737 2513 sententiam!
1772 2459 1908 2525 Quis
1949 2461 2094 2514 enim

510 2551 626 2606 haec
670 2551 736 2606 tle
772 2552 882 2606 Deo
926 2551 1170 2620 cogitare
1221 2552 1456 2604 audeat?
1504 2559 1601 2604 aut
1647 2567 1769 2620 qua:
1818 2551 2096 2620 opinionis

519 2644 805 2698 temeritas
834 2657 900 2698 eo
937 2643 1114 2713 possit
1141 2641 1493 2711 pertingere?
1530 2641 1609 2696 Ne
1629 2640 1938 2695 daemonum
1975 2643 2098 2711 qui-

509 2737 634 2790 dem
687 2736 833 2788 ullus
889 2735 1034 2798 haac,
1087 2735 1304 2803 Opinor,
1367 2733 1652 2803 cogitabit.
1714 2733 1792 2786 Ae
1846 2733 2098 2803 quisquis

509 2826 731 2881 Patrem
759 2827 1074 2890 conﬁtetur,
1115 2839 1308 2880 revera
1350 2823 1550 2878 Filium
1582 2824 1650 2877 ah
1676 2840 1742 2879 eo
1770 2825 1947 2881 credit
1978 2842 2100 2882 esse

508 2921 775 2990 genitum.
805 2917 923 2974 Non
958 2919 1104 2972 enim
1149 2921 1292 2973 mole
1324 2926 1491 2987 atque
1528 2918 1888 2986 amplitudine
1922 2919 2100 2988 porri-

509 3013 658 3079 gitur
697 3009 862 3076 Deus,
910 3027 1088 3080 neque
1121 3025 1356 3080 corpore
1391 3010 1644 3078 parturit,
1678 3017 1735 3062 ut
1782 3011 1965 3064 omnia
2008 3011 2099 3064 illa

507 3105 776 3160 sustineat
805 3121 818 3158 :
844 3101 1079 3170 Spiritus
1114 3102 1252 3156 Deus
1280 3111 1358 3156 est
1386 3102 1424 3155 '.
1461 3085 1702 3171 Spiritus
1729 3116 1857 3156 vero
1888 3101 2096 3156 nullum

2201 1907 2395 1976 ὄληται
2417 1925 2427 1935 ·
2504 1905 2612 1976 γὰρ
2632 1903 3000 1965 συστέλλεται,
3019 1903 3052 1972 ἢ
3071 1900 3419 1961 πλατύνεται,
3443 1898 3475 1967 ἢ
3495 1896 3791 1954 ἁπλοῦται,

2200 1998 2232 2068 ἦ
2258 1998 2528 2070 ἀπορροίη
2557 1997 2599 2062 ³,
2630 1997 2662 2066 ἢ
2691 1991 2968 2063 ὀγκοῦται,
3015 1993 3050 2063 ἡ
3096 2010 3148 2045 τι
3175 1991 3283 2045 τῶν
3310 1989 3590 2043 τοιούτων.
3627 1987 3796 2054 Φεῦγε

2199 2090 2297 2159 τῆς
2332 2086 2589 2158 τοιαύτης
2617 2087 2855 2148 διανοίας
2873 2085 3116 2156 πονηρᾶς
3145 2082 3330 2153 οὔσης,
3350 2082 3446 2135 καὶ
3476 2082 3578 2134 οὑκ
3607 2079 3796 2150 ἀληοεο

2204 2183 2423 2253 στὰτης.
2463 2183 2558 2245 Τίς
2579 2181 2752 2234 ταῦτα
2776 2182 2905 2252 περὶ
2931 2179 3065 2232 Θεοῦ
3095 2177 3548 2248 διανοηθήσεται;
3580 2176 3713 2228 ποία
3744 2165 3794 2226 tt

2203 2277 2430 2329 ὑπόνοια
2463 2275 2687 2328 τοιαῦτα
2726 2273 2987 2345 τολμήσει
3013 2289 3026 2338 ;
3058 2271 3310 2342 Δηλονὸτι
3344 2270 3521 2331 οὐδεὶς
3540 2269 3668 2321 οὑδὲ
3697 2268 3794 2320 τῶν

2201 2369 2471 2438 δαιμόνων
2522 2367 2761 2420 τοιοῦτον
2807 2365 3241 2435 διανοηθήσεται.
3277 2364 3394 2418 Κᾶν
3424 2379 3511 2426 τις
3546 2362 3796 2432 ὁμολογεῖ

2201 2462 2293 2516 τὸν
2351 2459 2590 2532 Πατέρα,
2644 2459 2893 2513 πιστεύει
2950 2458 3115 2511 αὑτὸν
3169 2457 3260 2508 τὸν
3303 2455 3432 2517 Υίίιν
3472 2456 3529 2508 ὲν
3569 2454 3796 2525 ἀληθείᾳ

2201 2555 2623 2625 γεγεννηκέναι·
2657 2553 2718 2605 ού
2750 2551 2858 2623 γὰρ
2912 2552 3098 2620 ὄγκοις
3124 2549 3484 2620 περιφέρεται
3528 2548 3590 2599 τὸ
3620 2547 3794 2607 Θεῖον,

2201 2645 2322 2700 οὑδὲ
2351 2644 2515 2714 σῶμά
2556 2646 2706 2697 ἐστιν
2759 2643 2977 2711 ἔγκυον,
3015 2643 3100 2694 ἵνα
3133 2641 3401 2713 ὑπομείνῃ
3432 2640 3504 2694 τὰ
3535 2657 3797 2710 προειρη-

2205 2737 2382 2808 μένα,-
2420 2736 2665 2805 Πνεῦμα
2711 2735 2821 2805 γὰρ
2870 2738 2902 2788 ό
2945 2735 3125 2800 Θεός·
3175 2733 3394 2802 πνεῦμα
3426 2731 3482 2784 δὲ
3508 2731 3672 2802 ῥύσιν
3707 2731 3796 2800 οὐχ

2204 2827 2516 2896 ὑφίσταται,
2543 2830 2603 2881 οὑ
2636 2827 2828 2898 τομὴν,
2889 2826 2951 2879 οὑ
3007 2825 3198 2894 στολὴν
3228 2825 3268 2889 ⁸,
3301 2825 3363 2877 οὑ
3409 2824 3662 2893 μείωσιν,
3705 2825 3795 2894 οὐκ

2202 2919 2471 2985 ἆπλωσιν,
2503 2920 2626 2974 οὔτε
2655 2920 2840 2974 τιτῶν
2875 2918 3150 2986 τοιούτων.
3179 2918 3330 2971 Καϐὸ
3355 2919 3580 2971 τοίνννὸ
3610 2917 3796 2988 Πατὴρ

2207 3012 2428 3083 πνεῦμά
2461 3016 2597 3078 ἐστι,
2629 3015 2719 3068 τὸν
2776 3012 2904 3070 Υίὸν
2933 3014 3064 3068 Θεὸν
3094 3015 3268 3084 Λόγον
3305 3012 3604 3082 γεγέννηκε
3639 3029 3797 3065 πνευ-

2208 3106 2476 3173 ματικῶς,
2503 3103 2771 3177 ἀχρόνως,
2798 3106 3195 3179 ἀκαταλήπτως
3220 3106 3314 3161 καὶ
3349 3105 3624 3176 ἀνάρχως.

502 3197 728 3250 omnino
778 3193 1126 3264 profluvium,
1179 3210 1358 3264 neque
1389 3195 1716 3259 sectionem,
1750 3209 1931 3264 neque
1991 3198 2448 3266 contractionem,
2496 3210 2591 3254 aut
2635 3201 3097 3267 imminutionem,
3149 3216 3326 3270 neque
3378 3190 3793 3269 expansioaem.

503 3293 590 3346 vel
651 3291 798 3344 aliud
847 3291 1149 3360 quidquam
1199 3291 1367 3360 hujus
1406 3291 1624 3360 generis
1663 3291 1922 3345 admittit.
1957 3289 2101 3362 Ergo
2140 3303 2414 3364 quatenus
2445 3297 2670 3366 spiritus
2712 3305 2797 3353 est
2854 3296 3053 3363 Pater,
3111 3296 3278 3352 Deum
3337 3295 3534 3350 Filium
3575 3296 3794 3366 spirita~

505 3391 632 3443 liter
664 3387 977 3459 progenuit,
1030 3388 1151 3442 sine
1203 3388 1317 3441 ullo
1371 3395 1636 3457 tempore,
1688 3402 1755 3442 eo
1799 3389 1964 3443 modo
2034 3390 2131 3458 qui
2203 3393 2588 3462 conprehendi
2641 3409 2750 3449 non
2797 3401 2996 3466 potest,
3045 3395 3248 3464 quique
3291 3393 3430 3447 iuitii
3477 3393 3550 3447 sit
3616 3391 3794 3446 omnis

505 3498 725 3552 expers.

579 3577 787 3632 XLVII.
829 3578 934 3634 Sed
965 3587 1024 3633 ut
1048 3579 1114 3635 iis
1143 3581 1234 3648 qui
1259 3580 1445 3635 animo
1476 3580 1578 3634 ista
1607 3588 1852 3644 versant,
1881 3579 2094 3636 facilius

2272 3574 2528 3634 ΜΖ⁹.Ἴνα
2543 3575 2597 3630 δὲ
2613 3576 2838 3640 τούτους
2865 3577 3144 3647 πείσωμεν
3166 3578 3291 3639 τοὺς
3313 3576 3487 3631 ταῦτα
3514 3579 3793 3646 νοοῦντας,

509 3669 846 3740 persuadere
877 3669 1180 3740 possimus,
1209 3669 1388 3723 dicam
1431 3669 1660 3738 aliquid,
1695 3670 1840 3737 quod
1868 3669 1971 3725 etsi
2004 3686 2097 3725 nc-

507 3775 784 3831 quaquam
825 3761 1005 3815 simile
1045 3761 1136 3824 sit,
1189 3761 1240 3814 in
1277 3761 1550 3816 similibus
1597 3770 1778 3815 tamen
1828 3762 1992 3816 rebus
2033 3764 2098 3818 ad

509 3851 822 3921 improbam
897 3851 1116 3906 illorum
1175 3850 1687 3918 tergiversationem
1745 3849 2096 3905 refellendam

509 3942 693 3996 valet:
727 3938 924 3994 Creata
955 3939 1158 4010 quippe
1201 3955 1290 3993 res
1328 3938 1509 3994 omnis
1542 3939 1756 3994 infinite
1783 3940 1851 3993 ab
1882 3939 2099 3994 Domini

507 4035 595 4089 sui
639 4033 932 4102 majestate
969 4033 1162 4087 distat.
1205 4033 1378 4104 Igitur
1418 4033 1664 4101 plerique
1714 4033 1766 4086 in
1804 4033 2099 4089 solitudine

507 4126 629 4197 igne
673 4134 926 4180 carentes
985 4126 1221 4180 vitreum
1268 4140 1365 4179 vas
1411 4140 1555 4194 aqua
1607 4125 1930 4195 complent:
1982 4134 2095 4179 tum

506 4220 792 4274 materiam
849 4221 1092 4291 aliquam
1142 4219 1470 4274 adhibentes
1533 4234 1655 4289 qua:
1708 4219 1886 4290 ignem
1942 4219 2098 4272 facile

503 4310 768 4378 concipit,
799 4319 929 4378 puta
965 4326 996 4364 e
1041 4309 1175 4376 lino,
1208 4310 1290 4363 vel
1338 4316 1534 4378 stuppa
1603 4309 1926 4373 conflatam,
1969 4310 2101 4363 solis

513 4399 687 4454 radiis
715 4410 1020 4468 exponunt.
1057 4401 1094 4454 li
1131 4416 1227 4467 per
1250 4400 1454 4452 vitrum
1501 4401 1556 4452 in
1585 4399 1887 4467 subiectam
1920 4409 2097 4453 mate-

505 4490 647 4542 riam
687 4490 871 4543 lumen
922 4489 1262 4541 immittunt:
1313 4505 1437 4557 qua:
1481 4489 1666 4541 statim
1713 4504 1744 4542 e
1794 4489 1929 4542 solis
1974 4489 2099 4558 igne

505 4580 780 4632 flammam
821 4579 1064 4647 concipit
1110 4586 1165 4632 et
1227 4579 1559 4635 exardescit.
1605 4577 1928 4633 Utrumnam
1967 4595 2098 4650 ergo

505 4669 601 4723 illa
632 4669 960 4724 substantia:
989 4671 1414 4740 participatione
1446 4669 1654 4746 aliquid
1699 4671 1765 4725 de
1798 4671 1912 4726 sole
1946 4687 2092 4746 prae—

502 4763 746 4818 ciditur?
789 4779 858 4818 an
897 4779 1026 4817 vero
1062 4763 1286 4821 deﬁcit?
1332 4779 1401 4817 an
1448 4743 1833 4818 innniuuitur?
1875 4743 2096 4834 Nequa-

501 4871 691 4926 quam,
730 4854 1012 4926 inquiunt.
1045 4855 1249 4922 Quare,
1293 4856 1341 4910 si
1381 4855 1516 4910 nihil
1543 4864 1813 4910 creatura:
1849 4856 2096 4912 detrahi-

2199 3673 2298 3742 οὑχ
2320 3672 2481 3742 ὃμοια
2519 3669 2620 3742 μὲν
2669 3670 2990 3738 φάσκοντες,
3029 3664 3122 3737 ἀφ’
3153 3669 3355 3739 ὁμοίων
3398 3671 3454 3722 δὲ
3481 3669 3590 3722 τῶν
3615 3673 3794 3727 αὐτῶν

2199 3764 2636 3835 ἀποστρέφοντες
2690 3762 2865 3833 κακὴν
2895 3761 3214 3829 ἀπολογίαν,
3263 3763 3508 3832 εἴπωμεν
3530 3781 3544 3795 ο
3573 3766 3794 3836 Κτίσμα

2201 3854 2317 3907 ἐστὶ
2359 3854 2422 3908 τὸ
2476 3853 2721 3925 ἀπείρως
2778 3854 2873 3906 καὶ
2933 3851 3444 3925 μυριονταπλασίως
3486 3853 3580 3906 τοῦ
3624 3856 3794 3909 αὑτοῦ

2200 3946 2466 3999 Δεσπότω)
2526 3945 2774 3999 ἀποδέον.
2825 3945 2935 3998 Καὶ
2987 3943 3170 3996 πολλοί
3206 3959 3350 4006 τινες
3387 3945 3446 3997 ἐν
3476 3947 3670 4016 ἐρήμῳ
3706 3949 3793 4000 ὲν-

2199 4037 2442 4108 δεόμενοι
2471 4033 2664 4108 πυρὸς,
2706 4031 3037 4106 γεμίσαντες
3083 4034 3229 4106 ὕδωρ
3274 4037 3332 4088 ἐν
3365 4035 3525 4104 ἄγγει
3572 4036 3802 4108 ὑελίνῳ.

2199 4130 2294 4182 καὶ
2326 4128 2460 4199 ὓλην
2493 4127 2963 4199 προσενέγκαντες
3007 4125 3430 4195 εὑθυφλόγιστον
3478 4129 3544 4180 ὲκ
3574 4127 3722 4182 λίνου
3754 4127 3788 4199 ἢ

2201 4223 2265 4273 ἐκ
2308 4221 2610 4274 στυππείου
2670 4220 3068 4290 πεποιημένην,
3111 4220 3358 4272 ἵστανται
3407 4220 3638 4292 ἀντικρὺ
3694 4220 3788 4274 τοῦ

2199 4311 2350 4382 ἡλίου
2382 4311 2483 4380 τῆς
2531 4311 2923 4381 μαρμαρυγῆς,
2958 4309 3066 4362 ἀπὸ
3093 4310 3188 4380 τῆς
3233 4309 3388 4362 ὑέλου
3422 4307 3790 4379 καταυγαζού-

2201 4421 2301 4473 σης
2338 4404 2417 4467 είς
2459 4403 2561 4473 τὴν
2611 4403 2979 4473 ὑποκειμένην
3015 4400 3168 4472 ὓλην,
3209 4401 3304 4455 καλ⁸
3343 4401 3506 4464 εὐθὺς
3543 4402 3654 4454 ἀπὸ
3695 4402 3786 4454 τοῦ

2199 4493 2370 4564 πυρὸς
2407 4491 2502 4545 τοῦ
2565 4491 2716 4562 ἡλίου
2767 4491 3126 4562 λαμϐάνεται,
3169 4491 3262 4544 καὶ
3302 4491 3524 4556 ἐξάπτει
3559 4491 3619 4544 τὺ
3658 4491 3784 4562 πῦρ.

2196 4580 2345 4655 *Λρα
2369 4585 2627 4654 τέμνεται
2664 4585 2692 4636 ὁ
2739 4583 2891 4654 ἥλιος
2913 4583 3000 4637 διὰ
3032 4584 3133 4654 τῆς
3169 4583 3404 4653 μετοχῆς
3435 4583 3537 4653 τῆς
3562 4585 3783 4647 οὐσίας;

2198 4669 2348 4746 τΛρα
2403 4673 2717 4743 ὲνέλειψεν;
2763 4669 2911 4743 τΛροι
2949 4671 3228 4742 litamen;
3289 4671 3444 4740 Οὐχὶ,
3504 4671 3694 4740 φασίν.
3727 4672 3784 4724 Εἰ

2197 4766 2376 4818 τοίνυν
2404 4765 2612 4835 κτίσμα
2656 4763 2733 4819 ὣν
2777 4764 2878 4817 οὐκ
2924 4762 3183 4833 ὲμειώϐη,
3231 4762 3383 4831 πόσῳ
3428 4778 3491 4829 γε
3521 4761 3782 4831 μᾶλλονό

2199 4859 2426 4929 ἄπειρος
2455 4857 2549 4909 καὶ
2592 4855 2974 4925 ἀκατάληπτος
3016 4855 3109 4907 καὶ
3140 4854 3405 4924 ἄχραντος
3434 4852 3510 4906 ὢν
3550 4853 3704 4916 Θεὸς.
3732 4853 3782 4918 ἐξ

503 4957 597 5003 tur
618 4993 632 5013 ,
665 4959 873 5019 quanto
903 4952 1077 5021 magis
1103 4951 1350 5005 inﬁnitus
1376 4951 1486 5016 ille,
1516 4943 2005 5019 iueompi'eliensiis
2035 4959 2090 5006 et

2201 4949 2391 5003 ἑαυτοῦ
2428 4950 2716 5019 γεννήσας,
2743 4948 2960 5018 πνεῦμα
2989 4946 3084 5012 ὣν,
3117 4946 3249 5000 Θεὸν
3278 4946 3472 5014 Λόγον,
3507 4946 3781 5018 ἄφραστον

505 5039 977 5097 iucontaminatus
1024 5043 1190 5110 Deus,
1239 5058 1270 5098 e
1316 5059 1376 5099 se
1417 5043 1538 5113 ipso
1579 5044 1830 5112 gignens,
1861 5059 1984 5097 cum
2021 5044 2093 5097 sit

506 5131 754 5201 spiritus,
785 5131 956 5188 Deum
981 5132 1246 5198 Verbum,
1271 5135 1364 5206 qui
1398 5153 1498 5190 nec
1521 5136 1772 5189 oratione
1800 5135 2090 5200 declarari,

503 5237 608 5277 nec
639 5225 990 5294 intelligentia
1023 5227 1410 5295 comprehendi
1437 5237 1634 5298 potest,
1660 5236 1713 5281 et
1737 5228 2092 5298 incorruptus

502 5322 608 5379 est,
651 5315 902 5370 eumdem
951 5316 1130 5384 ipsum
1172 5319 1291 5371 sine
1321 5319 1410 5371 illa
1441 5320 1753 5390 corruptela
1806 5321 1993 5390 genuit
2029 5336 2094 5375 ac

503 5406 624 5460 sine
663 5405 955 5460 aﬂectione
1005 5406 1087 5460 vel
1139 5407 1383 5462 sectione
1417 5411 1502 5463 vel
1555 5410 1939 5473 diminutione,
1993 5412 2088 5466 sed

505 5497 784 5561 perfectus
836 5497 1137 5567 perfectum
1175 5498 1523 5570 perfecteque
1553 5501 1848 5571 produxit?
1880 5504 1956 5554 Ar.
1993 5520 2090 5556 na-

507 5591 629 5640 tura
669 5588 888 5658 quidem
929 5589 1073 5658 iguis
1109 5591 1297 5660 plures
1340 5590 1408 5644 ab
1442 5607 1548 5645 una
1597 5593 1854 5648 lucernas
1890 5609 2089 5647 accen-

508 5673 628 5741 dit;
673 5677 778 5747 52
837 5697 1014 5752 neque
1069 5682 1247 5751 prima
1299 5675 1594 5749 minuitur;
1659 5701 1848 5739 verum
1908 5694 2090 5753 potest

2200 5043 2294 5097 καὶ
2331 5042 2718 5113 ἀκατάληπτον
2765 5043 2859 5094 καὶ
2900 5039 3176 5111 ἄφθαρτον
3213 5041 3270 5091 ὲν
3313 5039 3598 5111 ἀφθαρσίᾳ
3637 5040 3782 5110 ἐγένι

2200 5152 2382 5206 νησεν,
2417 5136 2476 5187 οὑ
2509 5135 2597 5187 διὰ
2624 5133 2849 5196 πάθους,
2883 5134 2944 5186 ού
2978 5133 3066 5185 διὰ
3087 5133 3279 5203 τομῆς,
3309 5132 3453 5184 οὑδι⁵
3473 5131 3778 5202 ἐλλείψεως.

2202 5227 2338 5280 ἀλλὰ
2370 5227 2575 5290 τέλειος
2611 5226 2815 5278 τέλειον
2855 5226 2910 5279 ὲν
2949 5224 3279 5294 τελειότητι;
3316 5225 3423 5276 Καὶ
3461 5225 3494 5294 ὴ
3551 5225 3652 5295 μὲν
3695 5223 3779 5277 τοῦ

2202 5318 2373 5388 πυρὸς
2411 5316 2569 5386 φύσις
2591 5315 2821 5378 πολλοὺς
2845 5315 3069 5386 λύχνους
3099 5314 3259 5369 ἅπτει
3293 5315 3400 5368 ἀπὸ
3435 5316 3572 5380 ἐνὸς,
3622 5318 3715 5368 καὶ
3758 5316 3782 5365 ὁ

2198 5409 2412 5479 πρῶτος
2446 5409 2708 5480 ὑπάρχων
2737 5409 2837 5462 οὐκ
2887 5408 3151 5480 ὲμειὼοη.
3191 5408 3360 5462 Πάλιν
3407 5408 3463 5460 δὲ
3497 5407 3721 5461 δύναται
3753 5405 3780 5475 ἡ

2197 5500 2335 5571 αὑτὴ
2363 5499 2519 5553 οὐσία
2550 5503 2614 5552 ἐκ
2627 5499 2836 5553 πολλῶν
2863 5499 3103 5570 μερικῶν
3127 5495 3288 5561 εἶναι,
3318 5499 3464 5569 φημὶ
3483 5498 3546 5569 δὴ
3579 5498 3777 5568 λύχνων

2196 5589 2228 5662 ἢ
2291 5590 2608 5660 λαμπάδων.
2657 5591 2795 5643 Ἀλλ’
2823 5592 2922 5662 οὑχ
2953 5591 3170 5644 οὕτωτί)
3196 5591 3370 5652 Θεῖον,
3405 5591 3479 5661 μὴ
3528 5591 3738 5658 γένοιτο
3765 5588 3775 5638 l

2197 5684 2272 5736 Οὑ
2302 5683 2462 5738 πάλιν
2520 5683 2625 5753 γὰρ
2679 5680 2841 5754 ἦλθεν
2878 5686 2906 5736 ὁ
2953 5684 3144 5752 Λόγος,
3185 5683 3278 5737 καὶ
3322 5683 3651 5755 συναλοιφὴν
3705 5677 3779 5748 ’τῷ

587 5843 606 5878 ⁸
642 5844 801 5903 Joan.
848 5866 921 5919 tv,
960 5852 1050 5913 24.
1128 5859 1148 5887 ²
1180 5856 1310 5926 Reg.
1354 5854 1523 5927 πάθη,
1553 5857 1712 5912 πάθε.
1790 5858 1809 5888 ³
1844 5859 1972 5914 Cor.
2006 5857 2094 5912 ἀπ·

2201 5864 2268 5916 ii.
2337 5859 2359 5891 ⁸
2387 5859 2448 5913 F.
2491 5859 2790 5930 συστολὴν..
