3950 6428
188 419 268 477 ιρι
1088 378 1099 463 ζ
1569 408 2020 470 ANCORATUS.

3141 367 3201 403 ην

3334 397 3451 474 ius

182 538 337 609 Πατρὶ
391 534 717 608 είργάσατοθ
765 535 880 590 ἀλλ’
931 538 962 590 ό
1004 534 1195 607 Πατὴρ
1234 535 1429 606 Πατήρ
1461 535 1599 600 ἐστι,
1648 534 1743 587 καὶ

1855 534 2035 589 eadem
2083 531 2396 589 substantia
2446 530 2701 603 pluribus
2752 546 2783 588 c
2831 532 3261 602 particularibus
3306 548 3444 590 con-

184 630 345 693 όΥίὸς
392 628 541 693 Υἱὸς,
573 628 753 684 καὶτὸ
795 629 949 697 ἅγιον
1002 627 1231 700 Πνεῦμα
1292 626 1519 698 Πνεῦμα
1563 625 1740 695 ἅγιον.

1851 624 1993 690 flari,
2041 637 2174 696 puta
2222 625 2490 691 lucernis,
2531 636 2625 681 aut
2666 625 2904 683 facibus.
2952 627 3057 684 Sed
3098 643 3208 683 non
3250 628 3441 684 eadem

184 721 461 778 divinitatis
484 728 575 777 est
597 721 774 788 ratio;
815 736 927 776 non
958 721 1104 777 enim
1144 729 1338 791 postea
1372 718 1606 776 Verbum
1641 719 1899 785 accessit,
1932 726 1988 775 et
2027 734 2155 775 cum
2219 718 2383 775 Patre
2421 719 2649 787 coaluit,
2720 719 2816 777 sed
2873 719 3038 777 Pater
3095 720 3259 777 Pater
3324 727 3436 779 est,

183 826 227 873 et
249 815 407 873 Filius
432 815 639 883 Filius,
668 823 722 872 et
753 815 992 887 Spiritus
1021 823 1247 873 sanetus
1268 815 1507 887 Spiritus
1534 825 1783 873 sanctus.

239 913 366 967 MH'.
394 913 597 985 Μωρδν
634 912 745 986 γάρ
767 912 829 966 τὸ
871 913 1023 986 παρὰ
1070 916 1183 978 τοῖς
1221 911 1550 989 Μανιχαίοις
1592 914 1748 985 εἰρη-

182 1004 321 1075 μένον
376 1004 511 1075 (59),
556 1006 641 1060 ὅτι
686 1007 744 1059 ὲν
777 1005 856 1078 τῷ
891 1004 972 1061 νοῒ
1000 1000 1096 1059 τοῦ
1144 1006 1307 1077 Μάνη
1346 1008 1401 1059 αἱ
1437 1004 1609 1077 ψυχαὶ
1635 1002 1746 1058 ἀπὸ

182 1097 260 1150 τοῦ
286 1097 469 1151 στόλου
508 1096 606 1152 τοῦ
657 1098 835 1169 φωτὸς
882 1097 1175 1170 γενόμεναι
1201 1096 1260 1152 ἐν
1294 1096 1456 1169 σῶμά
1475 1098 1616 1161 ἐστι,
1648 1097 1744 1150 καὶ

180 1189 411 1260 λυόμεναι
458 1190 571 1243 ἀπὸ
614 1189 722 1245 τῶν
776 1190 1069 1262 σωμάτων,
1115 1188 1274 1255 αὖθις
1308 1189 1742 1245 άναπλάττονται

178 1282 241 1352 τῇ
258 1282 350 1353 μιᾷ
374 1281 534 1354 οὐσίᾳ
555 1281 630 1346 ὡς
658 1283 739 1347 εἰς
763 1281 856 1337 τὸν
883 1281 981 1336 ἕνα
1005 1282 1216 1348 στύλον,
1248 1283 1391 1337 κατά
1408 1281 1470 1335 τὸ
1500 1279 1746 1352 μυθῶδες

181 1372 336 1426 αὐτῶν
350 1372 443 1426 τοῦ
458 1372 794 1445 πλάσματος.
834 1372 971 1427 Ἀλλ’
987 1374 1086 1444 οὐχ
1100 1373 1272 1438 οὕτως
1294 1373 1462 1439 ἔδειξε
1477 1372 1538 1426 τὸ
1568 1371 1749 1441 Εὐαγ-

180 1461 334 1532 γέλιον
353 1479 366 1493 ·
399 1464 515 1518 ἀλλ’
537 1464 765 1519 ἔκλασεν
785 1466 895 1519 ἀπὸ
921 1464 1083 1520 πέντε
1109 1467 1314 1537 ἄρτων,
1349 1466 1446 1520 καὶ
1484 1466 1746 1538 ὲχόρτασε

182 1554 647 1627 πεντακισχιλίους,
703 1557 800 1611 καὶ
835 1557 934 1610 οὐκ
969 1558 1183 1628 ἀφῆκεν
1228 1557 1411 1612 αὐτῶν
1443 1557 1514 1611 τὰ
1546 1573 1745 1629 περισ-

176 1645 424 1718 σεύματα,
454 1647 615 1714 ἀλλὰ,
647 1648 1045 1720 Συναγάγετε,
1074 1649 1229 1721 φησὶ,
1262 1648 1361 1703 καὶ
1378 1648 1578 1719 μηδὲν
1603 1649 1748 1703 ἀπο-

180 1741 374 1809 Μπητε
408 1740 527 1796 τῶν
554 1741 951 1812 κλασμάτων·
989 1743 1090 1798 καὶ
1126 1742 1488 1814 συνήγαγον
1519 1741 1751 1797 δώδεκα

180 1835 470 1902 κοφίνους·
504 1834 602 1888 καὶ
657 1837 739 1898 είς
782 1835 882 1900 τὰς
919 1835 1017 1908 μὲν
1045 1835 1219 1908 θήκας
1249 1836 1384 1907 ὁμοῦ
1420 1837 1748 1908 συνήγαγον,

182 1924 241 1979 τὰ
261 1922 311 1979 δὲ
335 1924 622 1998 κλάσματα
669 1921 827 1992 αὖθις
877 1928 982 1983 οὐκ
1015 1931 1096 1995 είς
1124 1929 1423 1998 συνάφειαν
1454 1930 1637 2004 ἄρτων
1674 1929 1753 1994 ὡς

183 2010 304 2086 ἦσαν
343 2018 588 2091 ἐποίησε.
645 2020 961 2091 Συνήγαγον
1013 2021 1113 2093 μὲν
1160 2020 1223 2075 τὸ
1256 2022 1483 2094 πλῆθος,
1508 2021 1629 2078 ἀλλ’
1669 2023 1752 2086 είς

182 2107 330 2163 πολλὰ
383 2109 698 2182 κλάσματα,
730 2113 812 2176 εἰς
852 2111 982 2187 μίαν
1012 2112 1071 2166 δὲ
1111 2114 1437 2186 συναγωγὴν
1455 2112 1627 2181 ἔδειξε
1655 2130 1752 2166 κο-

184 2199 343 2269 φίνων.
367 2201 476 2256 Καὶ
532 2201 598 2256 οὐ
653 2201 779 2257 καθ’
815 2202 1075 2258 ὑπόθεσιν
1135 2205 1369 2277 θεωρίας
1399 2207 1566 2277 ἡμεῖς
1589 2204 1752 2259 τοῦτο

181 2290 632 2366 ὴλληγορήσαμεν,
665 2295 763 2349 καὶ
790 2294 854 2349 τὸ
882 2296 1285 2368 προειρημένον
1311 2294 1405 2350 τοῦ
1430 2296 1584 2369 ἡλίου
1618 2295 1754 2350 61:6-

183 2382 373 2456 δειγμα.
407 2386 481 2440 Οὐ
513 2388 624 2460 γὰρ
678 2388 807 2452 τοὺς
854 2389 1053 2461 ἄρτους
1091 2388 1276 2462 ψυχὰς
1326 2389 1582 2462 λέγομεν,
1622 2389 1749 2443 οὔτε

186 2473 460 2546 κλάσματα,
493 2476 570 2549 μὴ
625 2468 871 2546 γένοιτοὶ
901 2474 1027 2531 οὔτε
1052 2476 1145 2532 τὸν
1185 2476 1320 2531 Θεὸν
1361 2476 1648 2548 ἐξισοῦμεν
1674 2476 1754 2547 τῷ

185 2565 300 2637 ἡλίῳ
327 2568 412 2621 ὑπ’
445 2566 613 2623 αὑτοῦ
640 2569 966 2641 ὲκτισμένῳ,
1002 2567 1127 2623 οὔτε
1147 2567 1245 2622 τὸν
1267 2568 1554 2638 Μονογενῆ
1587 2566 1752 2638 αἴγλῃ

186 2658 241 2728 τῇ
263 2656 355 2712 ὑπὸ
382 2659 473 2713 τοῦ
490 2658 650 2732 ἡλίου
670 2661 755 2725 είς
771 2659 834 2713 τὺ
869 2663 1177 2715 στυππεῖον
1212 2660 1568 2732 πεμπομένη.
1592 2659 1752 2715 Κατὰ

188 2746 240 2819 δὴ
262 2749 314 2803 τὺ
332 2750 509 2821 ὅμοιον
550 2753 650 2807 καὶ
677 2752 850 2824 ψυχαὶ
881 2754 938 2807 αἱ
966 2752 1312 2825 γεννηθεῖσαι
1356 2754 1417 2806 οὐ
1455 2753 1753 2807 συνάπτον-

190 2854 262 2891 ται
279 2840 350 2904 είς
370 2842 495 2913 μίαν
526 2844 882 2916 συναλοιφὴν,
906 2844 981 2916 μὴ
1010 2845 1256 2914 γένοιτοῑ
1290 2843 1405 2899 ἀλλ’
1422 2846 1504 2909 εἰς
1528 2845 1631 2908 τὰς
1656 2843 1751 2899 τοῦ

186 2928 300 2984 Θεοῦ
330 2934 485 3003 μονὰς
545 2934 650 3000 τὰς
706 2938 1126 3010 γεγραμμένας,
1174 2939 1259 2991 ὅτι
1298 2936 1533 2992 Πολλαὶ
1566 2936 1750 3006 μοναὶ

192 3026 324 3091 παρὰ
351 3024 426 3092 τῷ
453 3029 677 3098 Πατρίο
734 3029 837 3083 οὐκ
878 3031 959 3093 είς
1002 3030 1099 3084 ἕνα
1128 3029 1187 3083 δὲ
1215 3029 1405 3101 βουνὸν
1433 3030 1751 3100 γενόμεναι,

194 3110 517 3172 maan
549 3117 866 3185 ἰδιαζόντως
882 3120 1327 3194 ἀριθμουμένους
1355 3122 1394 3177 ¹.
1421 3122 1555 3177 Οὐδὲ
1585 3125 1645 3177 ὲν
1672 3122 1754 3194 τῷ

1848 954 1853 959 .
1923 907 2152 967 XLVIII.
2191 909 2428 967 Stultum
2478 911 2626 967 enim
2699 921 2787 969 est
2832 914 2981 985 quod
3023 929 3053 968 a
3128 912 3442 969 Manicliatis

1852 1005 2209 1075 proponitur,
2263 1004 2478 1060 animas
2511 1020 2579 1060 ex
2618 1005 2879 1075 opinione
2909 1005 3086 1062 Manis
3117 1022 3147 1061 a
3182 1008 3438 1061 columna

1852 1097 1998 1167 ignis
2042 1106 2267 1153 cxortas
2314 1113 2482 1152 unum
2536 1113 2739 1169 corpus
2786 1099 3023 1168 eflicere,
3069 1116 3135 1156 ac
3180 1102 3443 1173 deinceps

1848 1190 2175 1258 corporibus
2199 1192 2481 1246 exsolutus
2506 1206 2611 1245 una
2641 1208 2840 1249 rursus
2866 1193 3153 1248 reformari
3183 1194 3445 1251 substam

1854 1279 1927 1333 tia
1963 1279 2017 1334 in
2053 1295 2219 1335 unam
2269 1283 2419 1335 illam
2466 1282 2780 1338 columnam
2814 1285 3051 1350 scilicet,
3101 1293 3161 1340 ut
3202 1301 3445 1356 nugaces

1852 1373 2072 1428 illorum
2102 1372 2302 1429 fabulae
2331 1383 2788 1431 commemorant.
2825 1375 2930 1433 Sed
2967 1378 3127 1449 longe
3164 1379 3444 1434 contraria

1853 1464 2039 1517 omnia
2077 1463 2239 1520 docet
2288 1464 2663 1536 Evangelium,
2712 1469 2803 1525 ubi
2846 1469 3091 1540 quinque
3120 1485 3291 1541 panes
3330 1470 3444 1525 fre-

1851 1556 2001 1628 gisse
2030 1557 2253 1628 legitur,
2292 1573 2357 1613 ae
2382 1559 2610 1616 totidem
2647 1572 2926 1619 saturasse
2954 1563 3148 1631 millia,
3186 1579 3288 1619 nec
3316 1564 3447 1619 reli-

1855 1650 2017 1721 quias
2046 1650 2354 1730 abiecisse;
2385 1652 2503 1720 sed,
2543 1652 2807 1725 Colligite,
2844 1654 3045 1725 inquit,
3077 1664 3136 1709 ut
3170 1657 3304 1711 nihil
3331 1658 3447 1726 [ra-

1855 1750 2189 1812 gmentorum
2247 1742 2620 1814 relinquatur;
2680 1753 2731 1798 et
2796 1744 3118 1817 collegerunt
3173 1747 3445 1803 duodenos

1857 1832 2110 1901 cophinos
2146 1833 2190 1888 ³.
2221 1831 2413 1905 Itaque
2451 1835 2507 1888 in
2567 1835 2764 1891 corbes
2828 1839 3216 1906 contulerunt;
3270 1854 3449 1910 neque

1858 1934 2043 1981 tamen
2090 1925 2398 1998 fragmenta
2428 1941 2620 1983 rursus
2669 1929 2911 1999 integros
2960 1930 3014 1984 in
3063 1945 3233 2000 panes
3260 1931 3449 2001 cujus-

1854 2019 2004 2074 modi
2032 2029 2191 2074 erant
2232 2025 2397 2075 antea
2457 2018 2699 2076 conﬂare
2728 2022 2902 2077 voluit
2930 2041 2943 2077 :
2975 2030 3168 2090 totam,
3198 2024 3446 2095 inquam,

1855 2110 2004 2166 illam
2048 2112 2264 2183 copiam
2312 2124 2735 2184 congesserunt,
2781 2116 2878 2171 sed
2930 2125 2990 2170 ut
3026 2117 3212 2187 plures
3259 2126 3448 2173 essent

1858 2202 2109 2273 rcliquim
2136 2205 2191 2257 in
2227 2219 2390 2258 unam
2424 2205 2784 2273 copliinorum
2830 2209 3144 2277 congeriem
3180 2209 3442 2265 collectae.

1854 2288 2181 2361 Quanquam
2225 2293 2498 2363 ejusmodi
2541 2296 2858 2366 allegoriam
2907 2296 2983 2350 ita
3034 2299 3446 2368 proposuimus,

1854 2398 1965 2438 non
1992 2393 2053 2438 ιιι
2083 2399 2211 2440 cum
2243 2403 2309 2442 eo
2350 2388 2420 2442 de
2451 2403 2561 2458 quo
2594 2389 2756 2443 modo
2791 2389 3027 2460 agimus.
3061 2406 3286 2461 prorsus
3315 2406 3449 2446 con-

1854 2479 2061 2533 veniat.
2090 2476 2248 2544 Quod
2274 2479 2417 2535 idem
2443 2488 2496 2535 et
2521 2479 2590 2536 de
2616 2483 2903 2551 superiore
2923 2482 3017 2539 illo
3041 2483 3175 2539 solis
3199 2484 3449 2554 exemplo

1855 2568 2205 2625 sentiendum
2237 2579 2323 2626 est
2353 2589 2365 2623 :
2399 2586 2507 2625 non
2535 2572 2683 2626 enim
2713 2570 2887 2643 'pancs
2910 2573 3127 2628 animas
3155 2588 3281 2629 esse
3310 2573 3453 2628 dici-

1854 2647 1980 2717 mus
2019 2670 2133 2739 aut
2160 2661 2489 2735 fragmenta.
2534 2662 2695 2719 Absit
2739 2671 2799 2718 ut
2839 2664 2972 2718 illud
3025 2665 3448 2721 existimemus!

1855 2753 1952 2808 sed
1985 2768 2164 2824 neque
2198 2753 2368 2809 Deum
2397 2768 2521 2810 cum
2555 2754 2672 2809 sole
2699 2769 2862 2826 quem
2912 2755 3004 2810 ille
3059 2755 3327 2817 condidit,
3364 2771 3453 2811 ex-

1855 2860 2073 2915 aequare
2101 2847 2379 2911 volumus,
2400 2861 2504 2901 nec
2534 2843 2889 2914 Unigenitum
2925 2861 3049 2900 cum
3081 2847 3216 2903 solis
3242 2848 3330 2911 illo
3348 2847 3453 2900 ful-

1856 2952 1989 3009 gore
2016 2938 2110 3008 qui
2150 2938 2207 2992 in
2248 2945 2503 3008 stuppam
2542 2938 2878 2991 immittitur.
2926 2935 3031 2991 Sed
3072 2936 3238 2992 in‘eo
3269 2950 3452 2992 tamen

1856 3028 2108 3083 nonnihil
2159 3036 2245 3084 est
2295 3028 2493 3094 simile,
2550 3027 2695 3098 quod
2752 3027 2950 3083 auium
3004 3029 3110 3083 ὶειω
3156 3028 3453 3100 progenitas

1855 3136 2205 3193 nequaquam
2255 3123 2311 3176 in
2358 3136 2529 3176 unum
2581 3120 2829 3177 confusae
2865 3121 3206 3185 coalescunt,
3249 3121 3343 3176 sed
3398 3122 3453 3175 in

194 3203 340 3274 λέγειν
389 3212 784 3283 γεγεννηκέναι
840 3213 935 3268 τὸν
967 3214 1102 3269 Θεὸν
1150 3215 1243 3269 τὸν
1276 3216 1542 3287 μονογενῆ
1585 3214 1752 3269 αὐτοῦ

1856 3213 2046 3283 plures
2093 3211 2189 3267 Dei
2243 3212 2563 3267 mansiones
2607 3212 3020 3266 distribuuntur
3060 3230 3073 3265 :
3129 3213 3199 3265 de
3254 3211 3453 3281 quibus

197 3296 320 3366 Υἱδν,
344 3302 505 3370 πάθος
543 3304 703 3377 αὐτῷ
739 3306 1156 3379 προσάπτομεν,
1195 3307 1338 3363 κατὰ
1386 3308 1487 3380 τὴν
1528 3307 1757 3362 ἐκείνων

196 3393 343 3465 κακὴν
376 3394 746 3470 βλασφημίαν.
796 3400 913 3464 Πᾶς
957 3400 1068 3474 γὰρ
1119 3402 1326 3471 γεννῶν
1355 3400 1622 3473 ἐμπαθῶς
1655 3400 1759 3455 κά-

194 3496 297 3549 μνει
323 3499 336 3514 ·
364 3488 528 3541 καὶού
558 3487 674 3560 χρὴ
707 3486 832 3542 οὔτε
878 3488 1087 3561 κτίσμα
1116 3489 1296 3561 λέγειν
1327 3490 1451 3546 οῦτε
1488 3491 1759 3564 γέννημα,

194 3573 311 3630 κατὰ
330 3576 413 3632 τὸν
451 3581 682 3635 ἐκείνων
696 3580 877 3651 λόγον,
910 3581 997 3638 ἵνα
1021 3583 1097 3655 μὴ
1116 3582 1300 3655 δῶμεν
1327 3583 1461 3638 Θεὸν
1483 3584 1762 3656 κάμνοντα

197 3662 521 3738 ῆπάσχοντα.
558 3670 737 3725 Πόθεν
791 3665 887 3726 οὖν
917 3672 1163 3745 εὕραμεν
1199 3674 1294 3728 τὸν
1333 3675 1483 3743 Υίὸν,
1516 3675 1552 3747 ἢ
1586 3674 1677 3730 διὰ
1706 3674 1760 3728 τί

194 3750 339 3827 ὗνομα
351 3757 477 3814 Θεοῦ
497 3761 618 3841 ἔχει
639 3777 653 3827 ;
679 3755 840 3817 Οὗτοι
855 3762 914 3817 δὲ
931 3763 1288 3836 συλλογισμοὶ
1309 3765 1637 3838 ἀνθρώπιον,
1665 3766 1763 3821 καὶ

196 3842 286 3896 ἀπὸ
308 3848 499 3918 γηΐνων
557 3852 931 3923 φρονημάτων
969 3851 1306 3925 ὁρμώμενοι.
1353 3855 1436 3910 Τὰ
1466 3855 1578 3927 γὰρ
1603 3855 1762 3928 ήμῶν

197 3934 321 4009 πάθη
346 3939 445 3995 τῶν
497 3942 807 4015 ἀνθρώπων
840 3945 923 4010 είς
967 3945 1102 4001 Θεὸν
1145 3946 1410 4018 ἀθέμιτόν
1462 3947 1582 4001 ἔστι
1617 3946 1765 4017 λογί-

199 4024 377 4096 ζεσθαι,
426 4032 517 4087 τοῦ
552 4033 696 4090 Θεοῦ
734 4033 924 4104 σαφῶς
968 4034 1239 4107 λέγοντος·
1281 4038 1408 4108 Οὐχ
1432 4037 1516 4104 ὡς
1541 4040 1601 4091 αἱ
1634 4037 1764 4093 διά·

197 4133 329 4176 νοιαι
346 4125 503 4195 ὑμῶν
527 4128 569 4198 ὴ
602 4126 841 4184 διάνοιὰ
863 4146 1007 4201 μου.
1036 4128 1148 4183 Καὶ
1174 4129 1337 4185 πάλιν
1356 4147 1373 4164 ι
1403 4132 1527 4201 Οὐχ
1551 4130 1633 4197 ὡς
1659 4130 1766 4185 ἄν·

199 4217 416 4287 opem.
441 4222 600 4277 σῦτω
618 4223 719 4277 καὶ
743 4225 910 4291 Θεός.

1854 3303 2121 3373 scriptum
2149 3314 2235 3359 est
2264 3321 2279 3357 :
2315 3301 2504 3356 Multa:
2528 3303 2829 3357 mansiones
2846 3303 2989 3372 apud
3020 3302 3276 3357 Patrem‘
3297 3318 3317 3356 :
3355 3319 3453 3358 nec

1857 3397 1915 3452 in
1955 3412 2126 3452 unum
2156 3378 2367 3451 clivum
2401 3406 2741 3451 coacervatae
2777 3407 2939 3461 sum;
2990 3395 3087 3451 sed
3134 3396 3453 3466 singillatim

1856 3505 2093 3561 qumque
2119 3496 2462 3543 numeratur.
2492 3488 2571 3541 lta
2602 3503 2729 3544 cum
2760 3488 2929 3545 Deum
2966 3489 3203 3543 dicimus
3232 3490 3455 3542 unicum

1857 3580 2120 3652 genuisse
2157 3579 2383 3645 Filium,
2428 3596 2540 3635 non
2590 3580 2802 3635 idcirco
2851 3579 3193 3636 affectionem
3232 3580 3311 3634 illi
3355 3579 3454 3634 tri-

1860 3673 2105 3737 buimus,
2168 3681 2231 3727 ut
2281 3673 2687 3728 contumeliosa
2745 3673 2800 3727 in
2852 3672 3022 3729 Deum
3077 3673 3295 3727 illorum
3354 3671 3456 3727 fert

1859 3764 2069 3835 opinio.
2104 3763 2436 3835 Quicunque
2469 3772 2721 3836 generat,
2771 3764 3060 3821 allectioue
3089 3767 3272 3836 aliqua
3304 3764 3456 3820 labo-

1862 3862 1972 3909 rat.
1999 3855 2161 3911 Unde
2186 3871 2257 3912 ει
2287 3856 2507 3910 illorum
2533 3856 2947 3911 asseveratione
2971 3870 3151 3926 neque
3179 3864 3456 3918 creatura,

1861 3958 2041 4014 neque
2078 3945 2264 4016 genita
2297 3945 2518 4001 soboles
2553 3946 3001 4016 pronuntiandus
3039 3955 3126 4002 est
3158 3943 3357 4013 Filius,
3400 3952 3456 3999 ut

1864 4052 1935 4092 ne
1976 4037 2234 4093 laborare
2275 4037 2468 4103 Deum,
2507 4046 2605 4093 aut
2646 4039 2855 4109 aliquid
2900 4038 3113 4108 perpeti
3161 4036 3457 4093 fateamur.

1866 4126 2154 4184 Undenam
2183 4130 2353 4199 igitur
2378 4127 2577 4184 Filium
2600 4130 2914 4187 invenimus
2942 4145 3071 4186 esse
3096 4130 3330 4197 dictum,
3364 4138 3458 4184 aut

1867 4237 1971 4277 cur
2033 4220 2129 4276 Dei
2183 4222 2290 4278 sibi
2348 4221 2772 4293 appellationem
2827 4221 3111 4276 vindicat?
3171 4211 3308 4276 Nam
3362 4222 3456 4277 isti

200 4323 364 4369 sumes
383 4316 447 4371 ab
477 4316 799 4373 hominibus
835 4316 1135 4391 exeogitati
1177 4317 1486 4391 syllogismi
1517 4324 1667 4383 sunt,
1704 4320 1761 4371 et
1800 4315 1870 4371 ab
1895 4316 2136 4370 bumana
2167 4315 2439 4385 sapientia
2474 4312 2731 4384 profecti.
2779 4312 3116 4370 All'ectiones
3183 4329 3315 4371 vero
3354 4329 3458 4369 nuo

200 4410 326 4461 atras
353 4405 407 4461 in
443 4406 621 4465 Deum
668 4407 976 4465 transferre
1014 4408 1288 4465 nefarium
1324 4423 1392 4464 ac
1422 4408 1754 4480 sacrilegum
1796 4414 1904 4474 cst,
1946 4421 2071 4461 eum
2106 4405 2250 4462 Deus
2285 4405 2513 4462 disertis
2550 4404 2737 4462 verbis
2771 4412 3028 4461 asserat:
3076 4401 3206 4459 Non
3271 4404 3458 4477 quales

200 4505 303 4550 sunt
326 4501 660 4571 cogitationes
686 4511 893 4567 vestrm,
933 4502 1187 4573 cogitatio
1225 4519 1344 4557 mea
1380 4511 1460 4557 est
1481 4502 1527 4559 ³.
1569 4503 1704 4558 Item
1739 4520 1753 4556 :
1794 4498 1919 4556 Non
1944 4501 2081 4554 sicut
2114 4499 2292 4565 homo,
2326 4499 2403 4553 ita
2430 4507 2482 4553 et
2507 4497 2652 4554 Deus
2668 4498 2711 4553 ⁸.

258 4587 376 4647 ΜΘπ.
413 4591 606 4649 Τοίνυν
636 4593 1041 4649 παυσάσθωσαν
1073 4594 1184 4648 ἀπὺ
1236 4594 1332 4665 τῆς
1377 4593 1753 4665 βλασφημίας,

1934 4591 2042 4664 53
2092 4589 2282 4647 XLIX.
2342 4589 2612 4647 Desinant
2668 4590 2859 4662 itaque
2921 4588 3275 4646 contumeliis
3335 4589 3462 4646 istis

204 4678 281 4731 καὶ
303 4682 615 4752 μαθέτωσαν
645 4686 797 4759 παρὰ
828 4686 923 4741 τοῦ
958 4687 1073 4741 Πατ
1082 4687 1173 4758 pb;
1199 4686 1297 4740 τοῦ
1323 4686 1581 4757 ,λέγοντος
1598 4704 1612 4719 ·
1657 4681 1753 4742 05-

1862 4688 2111 4744 divinum
2150 4701 2389 4743 onerare
2421 4701 2669 4742 numen:
2716 4681 2929 4754 etquid
2975 4680 3325 4739 sentiendum
3362 4682 3458 4747 sit,

204 4771 290 4839 τός
312 4773 471 4831 ἐστιν
510 4782 544 4834 δ
608 4779 743 4845 Υἱός
770 4796 893 4848 μου
937 4782 972 4835 ὁ
1019 4780 1363 4852 ἀγαπητὸς,
1400 4780 1472 4834 ἐν
1495 4772 1545 4847 ᾧ
1583 4778 1753 4848 ηὐδό-

1860 4796 1927 4838 ex
1964 4796 2032 4838 eo
2072 4779 2255 4837 Patris
2297 4793 2557 4835 sermone
2601 4767 2933 4834 condiscant
2965 4774 3113 4829 :Hic
3148 4781 3230 4828 est
3282 4771 3458 4826 Filius

205 4877 357 4931 mea.
377 4868 540 4925 Πάλιν
571 4870 652 4934 ὡς
678 4871 772 4924 ἐπὶ
807 4858 1109 4944 μελλόντων
1146 4872 1261 4943 (50)
1292 4871 1473 4942 λέγει·
1505 4873 1579 4926 El
1606 4874 1626 4904 '
1650 4869 1753 4940 γὰι

1863 4890 2007 4929 meus
2051 4873 2297 4938 dilectus,
2344 4873 2398 4927 in
2440 4887 2545 4943 quo
2594 4870 2727 4925 mihi
2778 4868 2961 4939 placui
2983 4868 3024 4920 ⁷.
3064 4865 3278 4921 Rursus
3323 4878 3459 4918 vero

206 4954 235 5006 ὀ
258 4956 375 5024 Υἱός
393 4976 509 5028 μου
536 4963 571 5015 ὁ
601 4960 929 5031 ἀγαπητὸς,
964 4961 1038 5016 ὃν
1063 4960 1463 5031 ἐξελεξάμην.
1500 4962 1611 5016 Καὶ
1640 4961 1753 5015 τότε

1863 4969 2126 5033 tanquam
2178 4962 2325 5032 apud
2364 4966 2697 5016 cunctantes
2731 4976 2748 5012 :
2793 4957 2875 5014 Tu
2912 4972 2992 5019 es,
3030 4955 3234 5024 inquit,
3278 4951 3458 5008 Filius

206 5042 255 5095 ὲν
278 5051 377 5115 τοῖς
400 5052 699 5125 ’ᾼσμασιν,
740 5053 1271 5126 Ἐκλελογισμένος
1295 5054 1415 5110 ἀπὸ
1431 5053 1753 5124 μυριάδων.

1863 5070 2011 5110 meus
2048 5053 2275 5108 dilectus
2305 5068 2459 5124 quem
2492 5049 2709 5121 elegi’;
2753 5058 2810 5105 et
2850 5055 2910 5102 ut
2952 5046 3012 5102 in
3044 5045 3291 5102 Canticis
3323 5043 3465 5118 legi-

264 5204 366 5282 1‘?-
381 5208 828 5282 ἀριθμουμένας).
893 5212 916 5244 ⁹
942 5208 1004 5265 F.
1033 5211 1098 5266 σὺ
1133 5206 1202 5267 εἴ.
1309 5211 1331 5244 ³
1367 5208 1528 5269 Joan.
1567 5223 1648 5278 γι,
1688 5208 1753 5264 li

1855 5208 1899 5268 ἃ
2000 5210 2023 5243 ⁸
2058 5209 2219 5266 Joan.
2261 5223 2375 5274 xiv,
2414 5206 2471 5262 2.
2549 5206 2571 5239 '
2597 5203 2703 5262 lsa.
2742 5220 2832 5271 LV,
2874 5202 2930 5261 9.
3011 5204 3033 5236 ⁸
3069 5202 3248 5275 Illeg.
3283 5200 3459 5260 “1.7.

207 5271 225 5302 '
260 5271 674 5349 Μαιιιιίκιὶιιβ.
766 5281 920 5338 ⁸183.
962 5296 1109 5349 xuv,
1147 5283 1204 5337 2.

268 5432 498 5563 (ιθᾶριιο
542 5440 669 5511 jure
723 5440 829 5496 dici
857 5441 1037 5513 possit
1064 5440 1318 5498 insanam
1356 5438 1507 5496 illam
1540 5439 1759 5510 opinio-
1855 5436 2099 5494 articulo
2142 5435 2326 5508 primo
2352 5432 2423 5489 de
2460 5432 2782 5488 Maniehteis
2823 5432 3020 5513 iisdem
3074 5441 3245 5499 agens
3291 5432 3338 5507 Ι(

268 5516 315 5557 tu
370 5510 582 5563 ocuisse
626 5511 917 5563 Manetem.
948 5525 1128 5563 aunve
1169 5528 1358 5563 sensu.
1382 5509 1567 5563 collisi
1597 5510 1759 5563 facile
1855 5519 2006 5563 tomo
2032 5506 2121 5563 IV.
2148 5523 2271 5563 nae.
2298 5506 2401 5560 567
2441 5515 2497 5561 et
2533 5509 2789 5563 scauent.
2842 5500 3051 5563 Hisque
3101 5498 3241 5553 adde
3291 5511 3338 5551 sn

209 5496 315 5583 netu
337 5496 589 5583 docuisse
618 5496 917 5583 illanetern,
940 5496 1358 5583 lquoreisensu,
1382 5496 1759 5583 colligi'l'aeile
1854 5519 2006 5583 tomo
2032 5506 2121 5572 IV,
2147 5496 2271 5583 pag.
2298 5506 2401 5583 5(ῑῖ
2441 5515 2512 5583 et_
2533 5509 2789 5583 sequent.
2842 5496 3241 5583 Hisquewa‘dde
3291 5496 3339 5551 si
3380 5496 3465 5550 lu-

209 5580 542 5653 potestvelex
576 5580 699 5651 ipso
723 5567 1033 5653 Epiphanio
1058 5567 1126 5637 de
1157 5567 1463 5653 haeresilifi.
1495 5567 1549 5635 in
1583 5581 1760 5653 Rana-
1854 5579 2009 5653 beat,
2032 5567 2466 5653 _qu':é_l}aro‘niu‘s
2500 5567 2663 5653 liabet
2688 5574 2760 5653 ad
2793 5567 3000 5653 annuli}
3036 5567 3219 5653 277.”
3292 5651 3301 5653 Α
3370 5586 3385 5653 ς

212 5636 280 5697 rio
303 5658 501 5723 agente,
533 5636 843 5723 nurmeris'S'
856 5660 911 5707 et
936 5652 972 5707 9
995 5636 1021 5715 ,ί
1041 5636 1124 5709 vel
1145 5636 1300 5706 exis.
1316 5636 1632 5723 Augustini
1661 5651 1753 5705 ad-

1932 5636 2285 5723 (5D)'Hd.1_t_if
2314 5645 2524 5723 eligeret
2543 5646 2924 5723 μελλόντων.
2955 5637 3073 5723 No‘n
3111 5637 3253 5693 satis
3281 5636 3458 5723 expli:

213 5706 381 5793 verst
418 5706 739 5793 Manichaeos
802 5706 1047 5793 Scriptis,
1085 5706 1162 5776 wex
1201 5724 1323 5777 aliis
1363 5706 1593 5793 insuper
1623 5729 1767 5775 Vt'le-
1858 5706 1985 5777 cala
2024 5706 2116 5793 est
2153 5719 2293 5793 mihi
2329 5706 2497 5784 huius
2543 5706 2646 5793 [cci
2685 5713 2982 5793 sententia.
3026 5709 3155 5793 mox
3186 5724 3324 5793 pro,
3354 5706 3467 5793 καὶ

215 5781 592 5865 ι’ψνβηυξεσιιι
632 5781 1328 5865 impugnarunthaeresiuk
1362 5791 1457 5865 Vel
1490 5781 1676 5865 etiam,
1706 5799 1753 5865 _ct

1857 5793 1984 5848 τότε
2014 5792 2074 5846 ἐν
2099 5792 2215 5854 τοῖς
2244 5781 2514 5861 ᾊσμασι,
2542 5785 2648 5843 for.
2678 5782 2820 5839 κατὰ
2847 5781 2911 5836 τὸ
2941 5782 3001 5835 ὲν
3028 5782 3165 5847 τοῖς.
3191 5781 3401 5836 Psnv.

215 5855 409 5923 quidem
435 5859 670 5935 facilius,
697 5855 765 5922 ex
788 5855 869 5923 iis
899 5877 1025 5935 qua
1073 5862 1252 5935 coegit
1285 5858 1678 5921 Tiltemomius
1704 5861 1762 5917 iu

1855 5436 2099 5508 articulo
2142 5435 2327 5508 primo
2352 5432 2423 5508 d_e
2460 5428 2782 5488 Maniehteis
2823 5429 3020 5508 iisdem
3074 5441 3245 5508 agens
3551 5435 3559 5439 '
