  <div class='ocr_page' id='page_1' title='image "/cluster/home/n/w/nwhite01/storage/ocr_20150623/43:no.3/coo.31924054869429/059.png"; bbox 0 0 3950 6442; ppageno 0'>
   <div class='ocr_carea' id='block_1_1' title="bbox 469 395 577 453">
    <p class='ocr_par' dir='ltr' id='par_1_1' title="bbox 469 395 577 453">
     <span class='ocr_line' id='line_1_1' title="bbox 469 395 577 453; baseline 0.009 -1"><span class='ocrx_word' id='word_1_1' title='bbox 469 395 577 453; x_wconf 72' lang='grc' dir='ltr'><strong>Ιυὸ</strong></span> 
     </span>
    </p>
   </div>
   <div class='ocr_carea' id='block_1_2' title="bbox 1864 382 2315 443">
    <p class='ocr_par' dir='ltr' id='par_1_2' title="bbox 1864 382 2315 443">
     <span class='ocr_line' id='line_1_2' title="bbox 1864 382 2315 443; baseline -0.004 -2"><span class='ocrx_word' id='word_1_2' title='bbox 1864 384 1925 441; x_wconf 82' lang='lat' dir='ltr'><strong>S.</strong></span> <span class='ocrx_word' id='word_1_3' title='bbox 1970 382 2315 443; x_wconf 75' lang='lat' dir='ltr'><strong>Ei‘ll‘llANll</strong></span> 
     </span>
    </p>
   </div>
   <div class='ocr_carea' id='block_1_3' title="bbox 3660 380 3765 438">
    <p class='ocr_par' dir='ltr' id='par_1_3' title="bbox 3660 380 3765 438">
     <span class='ocr_line' id='line_1_3' title="bbox 3660 380 3765 438; baseline 0.029 -3"><span class='ocrx_word' id='word_1_4' title='bbox 3660 380 3765 438; x_wconf 63' lang='lat'><strong>131</strong></span> 
     </span>
    </p>
   </div>
   <div class='ocr_carea' id='block_1_4' title="bbox 468 498 2080 586">
    <p class='ocr_par' dir='ltr' id='par_1_4' title="bbox 468 506 2064 586">
     <span class='ocr_line' id='line_1_4' title="bbox 468 506 2064 586; baseline -0.008 -13"><span class='ocrx_word' id='word_1_5' title='bbox 468 533 612 586; x_wconf 90' lang='lat' dir='ltr'><strong>mus,</strong></span> <span class='ocrx_word' id='word_1_6' title='bbox 644 516 857 571; x_wconf 80' lang='lat' dir='ltr'><strong>Electus</strong></span> <span class='ocrx_word' id='word_1_7' title='bbox 880 530 910 569; x_wconf 91' lang='lat' dir='ltr'><strong>e</strong></span> <span class='ocrx_word' id='word_1_8' title='bbox 940 512 1176 568; x_wconf 85' lang='lat' dir='ltr'><strong>millibus</strong></span> <span class='ocrx_word' id='word_1_9' title='bbox 1204 511 1247 565; x_wconf 89' lang='grc'><strong>¹.</strong></span> <span class='ocrx_word' id='word_1_10' title='bbox 1278 508 1562 565; x_wconf 84' lang='lat' dir='ltr'><strong>Undenam</strong></span> <span class='ocrx_word' id='word_1_11' title='bbox 1590 523 1724 579; x_wconf 84' lang='lat' dir='ltr'><strong>ergo</strong></span> <span class='ocrx_word' id='word_1_12' title='bbox 1752 506 1942 563; x_wconf 86' lang='lat' dir='ltr'><strong>habita</strong></span> <span class='ocrx_word' id='word_1_13' title='bbox 1973 509 2064 563; x_wconf 86' lang='lat' dir='ltr'><strong>illa</strong></span> 
     </span>
    </p>
   </div>
   <div class='ocr_carea' id='block_1_5' title="bbox 2182 498 3771 586">
    <p class='ocr_par' dir='ltr' id='par_1_5' title="bbox 2182 498 3771 575">
     <span class='ocr_line' id='line_1_5' title="bbox 2182 498 3771 575; baseline -0.004 -16"><span class='ocrx_word' id='word_1_14' title='bbox 2182 506 2350 560; x_wconf 80' lang='grc' dir='ltr'><strong>Πὸθεν</strong></span> <span class='ocrx_word' id='word_1_15' title='bbox 2395 498 2488 559; x_wconf 77' lang='grc' dir='ltr'>οὗν</span> <span class='ocrx_word' id='word_1_16' title='bbox 2538 504 2738 575; x_wconf 74' lang='grc' dir='ltr'>ἐκλογὴ</span> <span class='ocrx_word' id='word_1_17' title='bbox 2786 503 3028 572; x_wconf 80' lang='grc' dir='ltr'>γίνεται,</span> <span class='ocrx_word' id='word_1_18' title='bbox 3075 500 3408 571; x_wconf 79' lang='grc' dir='ltr'>λεγέτωσαν.</span> <span class='ocrx_word' id='word_1_19' title='bbox 3460 500 3771 572; x_wconf 76' lang='grc' dir='ltr'>Νομίξουσι</span> 
     </span>
    </p>
   </div>
   <div class='ocr_carea' id='block_1_6' title="bbox 464 599 2064 675">
    <p class='ocr_par' dir='ltr' id='par_1_6' title="bbox 464 599 2064 675">
     <span class='ocr_line' id='line_1_6' title="bbox 464 599 2064 675; baseline -0.008 -10"><span class='ocrx_word' id='word_1_20' title='bbox 464 622 550 665; x_wconf 89' lang='lat' dir='ltr'><strong>est</strong></span> <span class='ocrx_word' id='word_1_21' title='bbox 591 605 829 663; x_wconf 88' lang='lat' dir='ltr'><strong>electio?</strong></span> <span class='ocrx_word' id='word_1_22' title='bbox 862 606 1052 660; x_wconf 97' lang='lat' dir='ltr'><strong>dicant</strong></span> <span class='ocrx_word' id='word_1_23' title='bbox 1097 604 1145 659; x_wconf 90' lang='lat' dir='ltr'><strong>si</strong></span> <span class='ocrx_word' id='word_1_24' title='bbox 1191 608 1446 675; x_wconf 89' lang='lat' dir='ltr'><strong>possunt.</strong></span> <span class='ocrx_word' id='word_1_25' title='bbox 1514 599 1652 655; x_wconf 85' lang='lat' dir='ltr'><strong>Nam</strong></span> <span class='ocrx_word' id='word_1_26' title='bbox 1696 600 1868 671; x_wconf 88' lang='lat' dir='ltr'><strong>quod,</strong></span> <span class='ocrx_word' id='word_1_27' title='bbox 1910 600 2064 671; x_wconf 83' lang='lat' dir='ltr'><strong>elegi,</strong></span> 
     </span>
    </p>
   </div>
   <div class='ocr_carea' id='block_1_7' title="bbox 467 691 2065 763">
    <p class='ocr_par' dir='ltr' id='par_1_7' title="bbox 467 691 2065 763">
     <span class='ocr_line' id='line_1_7' title="bbox 467 691 2065 763; baseline -0.007 -8"><span class='ocrx_word' id='word_1_28' title='bbox 467 701 627 763; x_wconf 79' lang='lat' dir='ltr'><strong>dixit,</strong></span> <span class='ocrx_word' id='word_1_29' title='bbox 669 699 895 755; x_wconf 90' lang='lat' dir='ltr'><strong>absurdi</strong></span> <span class='ocrx_word' id='word_1_30' title='bbox 931 697 1185 752; x_wconf 85' lang='lat' dir='ltr'><strong>homines</strong></span> <span class='ocrx_word' id='word_1_31' title='bbox 1220 695 1541 749; x_wconf 78' lang='lat' dir='ltr'><strong>existimant</strong></span> <span class='ocrx_word' id='word_1_32' title='bbox 1578 699 1637 747; x_wconf 92' lang='lat' dir='ltr'><strong>ut</strong></span> <span class='ocrx_word' id='word_1_33' title='bbox 1667 691 1841 747; x_wconf 78' lang='lat' dir='ltr'><strong>Filius</strong></span> <span class='ocrx_word' id='word_1_34' title='bbox 1881 692 2065 762; x_wconf 81' lang='lat' dir='ltr'><strong>appel-</strong></span> 
     </span>
    </p>
   </div>
   <div class='ocr_carea' id='block_1_8' title="bbox 470 785 2069 859">
    <p class='ocr_par' dir='ltr' id='par_1_8' title="bbox 470 785 2069 859">
     <span class='ocr_line' id='line_1_8' title="bbox 470 785 2069 859; baseline -0.006 -14"><span class='ocrx_word' id='word_1_35' title='bbox 470 793 700 857; x_wconf 89' lang='lat' dir='ltr'><strong>laretur,</strong></span> <span class='ocrx_word' id='word_1_36' title='bbox 733 789 972 859; x_wconf 88' lang='lat' dir='ltr'><strong>quadam</strong></span> <span class='ocrx_word' id='word_1_37' title='bbox 1012 788 1107 842; x_wconf 89' lang='lat' dir='ltr'><strong>Dei</strong></span> <span class='ocrx_word' id='word_1_38' title='bbox 1155 786 1333 857; x_wconf 73' lang='lat' dir='ltr'><strong>gratia</strong></span> <span class='ocrx_word' id='word_1_39' title='bbox 1357 800 1422 839; x_wconf 89' lang='lat' dir='ltr'><strong>ac</strong></span> <span class='ocrx_word' id='word_1_40' title='bbox 1456 785 1726 839; x_wconf 82' lang='lat' dir='ltr'><strong>beneﬁcio</strong></span> <span class='ocrx_word' id='word_1_41' title='bbox 1769 798 1913 847; x_wconf 87' lang='lat' dir='ltr'><strong>esse,</strong></span> <span class='ocrx_word' id='word_1_42' title='bbox 1958 796 2069 836; x_wconf 92' lang='lat' dir='ltr'><strong>non</strong></span> 
     </span>
    </p>
   </div>
   <div class='ocr_carea' id='block_1_9' title="bbox 469 873 2069 945">
    <p class='ocr_par' dir='ltr' id='par_1_9' title="bbox 469 873 2069 945">
     <span class='ocr_line' id='line_1_9' title="bbox 469 873 2069 945; baseline -0.005 -8"><span class='ocrx_word' id='word_1_43' title='bbox 469 891 670 937; x_wconf 88' lang='lat' dir='ltr'><strong>natura</strong></span> <span class='ocrx_word' id='word_1_44' title='bbox 701 887 1081 937; x_wconf 89' lang='lat' dir='ltr'><strong>consecutum.</strong></span> <span class='ocrx_word' id='word_1_45' title='bbox 1122 876 1429 933; x_wconf 84' lang='lat' dir='ltr'><strong>Ostendaut</strong></span> <span class='ocrx_word' id='word_1_46' title='bbox 1454 875 1714 945; x_wconf 90' lang='lat' dir='ltr'><strong>aliquem,</strong></span> <span class='ocrx_word' id='word_1_47' title='bbox 1750 875 1843 945; x_wconf 86' lang='lat' dir='ltr'><strong>qui</strong></span> <span class='ocrx_word' id='word_1_48' title='bbox 1869 873 2069 930; x_wconf 88' lang='lat' dir='ltr'><strong>similis</strong></span> 
     </span>
    </p>
   </div>
   <div class='ocr_carea' id='block_1_10' title="bbox 472 965 2071 1044">
    <p class='ocr_par' dir='ltr' id='par_1_10' title="bbox 472 965 2071 1044">
     <span class='ocr_line' id='line_1_10' title="bbox 472 965 2071 1044; baseline -0.006 -16"><span class='ocrx_word' id='word_1_49' title='bbox 472 974 638 1044; x_wconf 89' lang='lat' dir='ltr'><strong>hujus</strong></span> <span class='ocrx_word' id='word_1_50' title='bbox 668 971 965 1034; x_wconf 80' lang='lat' dir='ltr'><strong>exstiterit,</strong></span> <span class='ocrx_word' id='word_1_51' title='bbox 1000 979 1058 1025; x_wconf 88' lang='lat' dir='ltr'><strong>ut</strong></span> <span class='ocrx_word' id='word_1_52' title='bbox 1108 969 1359 1040; x_wconf 80' lang='lat' dir='ltr'><strong>probatis</strong></span> <span class='ocrx_word' id='word_1_53' title='bbox 1410 983 1474 1021; x_wconf 87' lang='lat' dir='ltr'><strong>ac</strong></span> <span class='ocrx_word' id='word_1_54' title='bbox 1517 967 1842 1038; x_wconf 80' lang='lat' dir='ltr'><strong>periclitatis</strong></span> <span class='ocrx_word' id='word_1_55' title='bbox 1890 965 2071 1019; x_wconf 81' lang='lat' dir='ltr'><strong>ontul-</strong></span> 
     </span>
    </p>
   </div>
   <div class='ocr_carea' id='block_1_11' title="bbox 471 1059 2071 1133">
    <p class='ocr_par' dir='ltr' id='par_1_11' title="bbox 471 1059 2071 1133">
     <span class='ocr_line' id='line_1_11' title="bbox 471 1059 2071 1133; baseline -0.004 -15"><span class='ocrx_word' id='word_1_56' title='bbox 471 1065 606 1120; x_wconf 62' lang='lat' dir='ltr'><strong>bus</strong></span> <span class='ocrx_word' id='word_1_57' title='bbox 647 1066 801 1119; x_wconf 89' lang='lat' dir='ltr'><strong>illum</strong></span> <span class='ocrx_word' id='word_1_58' title='bbox 865 1062 1148 1133; x_wconf 82' lang='lat' dir='ltr'><strong>delegerit.</strong></span> <span class='ocrx_word' id='word_1_59' title='bbox 1205 1060 1463 1116; x_wconf 84' lang='lat' dir='ltr'><strong>Profecto</strong></span> <span class='ocrx_word' id='word_1_60' title='bbox 1514 1060 1562 1114; x_wconf 89' lang='lat' dir='ltr'><strong>si</strong></span> <span class='ocrx_word' id='word_1_61' title='bbox 1622 1059 1941 1129; x_wconf 86' lang='lat' dir='ltr'><strong>unigenitus</strong></span> <span class='ocrx_word' id='word_1_62' title='bbox 1985 1064 2071 1112; x_wconf 87' lang='lat' dir='ltr'><strong>est</strong></span> 
     </span>
    </p>
   </div>
   <div class='ocr_carea' id='block_1_12' title="bbox 475 1156 2071 1227">
    <p class='ocr_par' dir='ltr' id='par_1_12' title="bbox 475 1156 2071 1227">
     <span class='ocr_line' id='line_1_12' title="bbox 475 1156 2071 1227; baseline -0.004 -16"><span class='ocrx_word' id='word_1_63' title='bbox 475 1156 673 1223; x_wconf 85' lang='lat' dir='ltr'><strong>Filius,</strong></span> <span class='ocrx_word' id='word_1_64' title='bbox 701 1156 931 1227; x_wconf 79' lang='lat' dir='ltr'><strong>aequalis</strong></span> <span class='ocrx_word' id='word_1_65' title='bbox 966 1156 1093 1208; x_wconf 88' lang='lat' dir='ltr'><strong>huic</strong></span> <span class='ocrx_word' id='word_1_66' title='bbox 1132 1169 1257 1209; x_wconf 85' lang='lat' dir='ltr'><strong>esse</strong></span> <span class='ocrx_word' id='word_1_67' title='bbox 1289 1168 1452 1207; x_wconf 82' lang='lat' dir='ltr'><strong>neruo</strong></span> <span class='ocrx_word' id='word_1_68' title='bbox 1482 1160 1688 1223; x_wconf 90' lang='lat' dir='ltr'><strong>potest,</strong></span> <span class='ocrx_word' id='word_1_69' title='bbox 1719 1159 1814 1205; x_wconf 89' lang='lat' dir='ltr'><strong>aut</strong></span> <span class='ocrx_word' id='word_1_70' title='bbox 1846 1165 1972 1205; x_wconf 89' lang='lat' dir='ltr'><strong>cum</strong></span> <span class='ocrx_word' id='word_1_71' title='bbox 2002 1163 2071 1204; x_wconf 90' lang='lat' dir='ltr'><strong>eo</strong></span> 
     </span>
    </p>
   </div>
   <div class='ocr_carea' id='block_1_13' title="bbox 473 1242 2074 1319">
    <p class='ocr_par' dir='ltr' id='par_1_13' title="bbox 473 1242 2074 1319">
     <span class='ocr_line' id='line_1_13' title="bbox 473 1242 2074 1319; baseline -0.004 -15"><span class='ocrx_word' id='word_1_72' title='bbox 473 1249 787 1319; x_wconf 88' lang='lat' dir='ltr'><strong>comparari</strong></span> <span class='ocrx_word' id='word_1_73' title='bbox 818 1248 914 1317; x_wconf 86' lang='lat' dir='ltr'><strong>qui</strong></span> <span class='ocrx_word' id='word_1_74' title='bbox 952 1244 1144 1300; x_wconf 81' lang='lat' dir='ltr'><strong>similis</strong></span> <span class='ocrx_word' id='word_1_75' title='bbox 1178 1243 1322 1298; x_wconf 82' lang='lat' dir='ltr'><strong>Filio</strong></span> <span class='ocrx_word' id='word_1_76' title='bbox 1347 1245 1417 1298; x_wconf 96' lang='lat' dir='ltr'><strong>sit</strong></span> <span class='ocrx_word' id='word_1_77' title='bbox 1451 1245 1506 1297; x_wconf 84' lang='lat' dir='ltr'><strong>in</strong></span> <span class='ocrx_word' id='word_1_78' title='bbox 1531 1244 1662 1313; x_wconf 80' lang='lat' dir='ltr'><strong>[iliis</strong></span> <span class='ocrx_word' id='word_1_79' title='bbox 1698 1242 1799 1297; x_wconf 87' lang='lat' dir='ltr'><strong>Dei</strong></span> <span class='ocrx_word' id='word_1_80' title='bbox 1829 1246 1870 1297; x_wconf 72' lang='grc'>⁸.</span> <span class='ocrx_word' id='word_1_81' title='bbox 1907 1242 2074 1313; x_wconf 84' lang='lat' dir='ltr'><strong>Ejus-</strong></span> 
     </span>
    </p>
   </div>
   <div class='ocr_carea' id='block_1_14' title="bbox 473 1335 2069 1410">
    <p class='ocr_par' dir='ltr' id='par_1_14' title="bbox 473 1335 2069 1410">
     <span class='ocr_line' id='line_1_14' title="bbox 473 1335 2069 1410; baseline -0.003 -15"><span class='ocrx_word' id='word_1_82' title='bbox 473 1341 626 1395; x_wconf 86' lang='lat' dir='ltr'><strong>modi</strong></span> <span class='ocrx_word' id='word_1_83' title='bbox 669 1340 871 1410; x_wconf 84' lang='lat' dir='ltr'><strong>quippe</strong></span> <span class='ocrx_word' id='word_1_84' title='bbox 919 1339 1095 1409; x_wconf 83' lang='lat' dir='ltr'><strong>gratia</strong></span> <span class='ocrx_word' id='word_1_85' title='bbox 1135 1338 1274 1391; x_wconf 80' lang='lat' dir='ltr'><strong>illius</strong></span> <span class='ocrx_word' id='word_1_86' title='bbox 1324 1335 1611 1405; x_wconf 79' lang='lat' dir='ltr'><strong>Scriptura</strong></span> <span class='ocrx_word' id='word_1_87' title='bbox 1652 1344 2069 1399; x_wconf 84' lang='lat' dir='ltr'><strong>commemorat,</strong></span> 
     </span>
    </p>
   </div>
   <div class='ocr_carea' id='block_1_15' title="bbox 474 1422 2072 1500">
    <p class='ocr_par' dir='ltr' id='par_1_15' title="bbox 474 1422 2072 1500">
     <span class='ocr_line' id='line_1_15' title="bbox 474 1422 2072 1500; baseline -0.004 -16"><span class='ocrx_word' id='word_1_88' title='bbox 474 1446 708 1500; x_wconf 90' lang='lat' dir='ltr'><strong>quorum</strong></span> <span class='ocrx_word' id='word_1_89' title='bbox 772 1444 932 1483; x_wconf 86' lang='lat' dir='ltr'><strong>nemo</strong></span> <span class='ocrx_word' id='word_1_90' title='bbox 984 1442 1111 1481; x_wconf 92' lang='lat' dir='ltr'><strong>cum</strong></span> <span class='ocrx_word' id='word_1_91' title='bbox 1158 1426 1253 1480; x_wconf 89' lang='lat' dir='ltr'><strong>illo</strong></span> <span class='ocrx_word' id='word_1_92' title='bbox 1302 1424 1396 1495; x_wconf 91' lang='lat' dir='ltr'><strong>qui</strong></span> <span class='ocrx_word' id='word_1_93' title='bbox 1450 1423 1725 1479; x_wconf 80' lang='lat' dir='ltr'><strong>naturalis</strong></span> <span class='ocrx_word' id='word_1_94' title='bbox 1774 1422 1950 1480; x_wconf 85' lang='lat' dir='ltr'><strong>Filius</strong></span> <span class='ocrx_word' id='word_1_95' title='bbox 1984 1431 2072 1480; x_wconf 88' lang='lat' dir='ltr'><strong>est</strong></span> 
     </span>
    </p>
   </div>
   <div class='ocr_carea' id='block_1_16' title="bbox 474 1516 2073 1593">
    <p class='ocr_par' dir='ltr' id='par_1_16' title="bbox 474 1516 2073 1593">
     <span class='ocr_line' id='line_1_16' title="bbox 474 1516 2073 1593; baseline -0.003 -16"><span class='ocrx_word' id='word_1_96' title='bbox 474 1523 751 1593; x_wconf 59' lang='lat' dir='ltr'><strong>adaquari</strong></span> <span class='ocrx_word' id='word_1_97' title='bbox 801 1521 994 1592; x_wconf 87' lang='lat' dir='ltr'><strong>possit.</strong></span> <span class='ocrx_word' id='word_1_98' title='bbox 1064 1518 1347 1589; x_wconf 88' lang='lat' dir='ltr'><strong>Siquidem</strong></span> <span class='ocrx_word' id='word_1_99' title='bbox 1398 1516 1752 1573; x_wconf 80' lang='lat' dir='ltr'><strong>inanilestum</strong></span> <span class='ocrx_word' id='word_1_100' title='bbox 1798 1526 1884 1573; x_wconf 85' lang='lat' dir='ltr'><strong>est</strong></span> <span class='ocrx_word' id='word_1_101' title='bbox 1927 1517 2073 1572; x_wconf 83' lang='lat' dir='ltr'><strong>unde</strong></span> 
     </span>
    </p>
   </div>
   <div class='ocr_carea' id='block_1_17' title="bbox 473 1609 2072 1680">
    <p class='ocr_par' dir='ltr' id='par_1_17' title="bbox 473 1609 2072 1680">
     <span class='ocr_line' id='line_1_17' title="bbox 473 1609 2072 1680; baseline -0.004 -10"><span class='ocrx_word' id='word_1_102' title='bbox 473 1618 682 1672; x_wconf 88' lang='lat' dir='ltr'><strong>electus</strong></span> <span class='ocrx_word' id='word_1_103' title='bbox 705 1616 800 1680; x_wconf 87' lang='lat' dir='ltr'><strong>sit,</strong></span> <span class='ocrx_word' id='word_1_104' title='bbox 839 1620 896 1666; x_wconf 89' lang='lat' dir='ltr'><strong>et</strong></span> <span class='ocrx_word' id='word_1_105' title='bbox 929 1612 1077 1666; x_wconf 90' lang='lat' dir='ltr'><strong>unde</strong></span> <span class='ocrx_word' id='word_1_106' title='bbox 1101 1612 1300 1665; x_wconf 86' lang='lat' dir='ltr'><strong>electio</strong></span> <span class='ocrx_word' id='word_1_107' title='bbox 1343 1609 1633 1665; x_wconf 82' lang='lat' dir='ltr'><strong>habeatur.</strong></span> <span class='ocrx_word' id='word_1_108' title='bbox 1670 1610 1890 1665; x_wconf 82' lang='lat' dir='ltr'><strong>Inﬁnita</strong></span> <span class='ocrx_word' id='word_1_109' title='bbox 1921 1609 2072 1664; x_wconf 88' lang='lat' dir='ltr'><strong>enim</strong></span> 
     </span>
    </p>
   </div>
   <div class='ocr_carea' id='block_1_18' title="bbox 476 1701 2075 1773">
    <p class='ocr_par' dir='ltr' id='par_1_18' title="bbox 476 1701 2075 1773">
     <span class='ocr_line' id='line_1_18' title="bbox 476 1701 2075 1773; baseline -0.004 -10"><span class='ocrx_word' id='word_1_110' title='bbox 476 1715 636 1763; x_wconf 84' lang='lat' dir='ltr'><strong>erant</strong></span> <span class='ocrx_word' id='word_1_111' title='bbox 678 1708 733 1760; x_wconf 88' lang='lat' dir='ltr'><strong>in</strong></span> <span class='ocrx_word' id='word_1_112' title='bbox 779 1705 946 1759; x_wconf 88' lang='lat' dir='ltr'><strong>terris</strong></span> <span class='ocrx_word' id='word_1_113' title='bbox 985 1703 1198 1758; x_wconf 81' lang='lat' dir='ltr'><strong>millia:</strong></span> <span class='ocrx_word' id='word_1_114' title='bbox 1250 1717 1318 1757; x_wconf 81' lang='lat' dir='ltr'><strong>ex</strong></span> <span class='ocrx_word' id='word_1_115' title='bbox 1357 1702 1559 1772; x_wconf 86' lang='lat' dir='ltr'><strong>quibus</strong></span> <span class='ocrx_word' id='word_1_116' title='bbox 1588 1701 1763 1756; x_wconf 83' lang='lat' dir='ltr'><strong>Maria</strong></span> <span class='ocrx_word' id='word_1_117' title='bbox 1796 1702 1913 1756; x_wconf 90' lang='lat' dir='ltr'><strong>sola</strong></span> <span class='ocrx_word' id='word_1_118' title='bbox 1950 1720 2075 1773; x_wconf 86' lang='lat' dir='ltr'><strong>gra-</strong></span> 
     </span>
    </p>
   </div>
   <div class='ocr_carea' id='block_1_19' title="bbox 2171 594 3774 671">
    <p class='ocr_par' dir='ltr' id='par_1_19' title="bbox 2171 594 3774 671">
     <span class='ocr_line' id='line_1_19' title="bbox 2171 594 3774 671; baseline -0.003 -18"><span class='ocrx_word' id='word_1_119' title='bbox 2171 600 2280 671; x_wconf 71' lang='grc' dir='ltr'>γὰρ</span> <span class='ocrx_word' id='word_1_120' title='bbox 2324 601 2376 653; x_wconf 83' lang='grc' dir='ltr'>οἱ</span> <span class='ocrx_word' id='word_1_121' title='bbox 2408 598 2675 671; x_wconf 80' lang='grc' dir='ltr'><strong>ληρώδεις</strong></span> <span class='ocrx_word' id='word_1_122' title='bbox 2708 600 2766 653; x_wconf 83' lang='grc' dir='ltr'>ὲν</span> <span class='ocrx_word' id='word_1_123' title='bbox 2815 597 2893 668; x_wconf 84' lang='grc' dir='ltr'>τῷ</span> <span class='ocrx_word' id='word_1_124' title='bbox 2942 598 3139 660; x_wconf 79' lang='grc' dir='ltr'>εἰπεῖν,</span> <span class='ocrx_word' id='word_1_125' title='bbox 3186 594 3583 665; x_wconf 76' lang='grc' dir='ltr'><strong>ἐξελεξάμην,</strong></span> <span class='ocrx_word' id='word_1_126' title='bbox 3620 594 3774 648; x_wconf 81' lang='grc' dir='ltr'><strong>κατὰ</strong></span> 
     </span>
    </p>
   </div>
   <div class='ocr_carea' id='block_1_20' title="bbox 2171 686 3769 763">
    <p class='ocr_par' dir='ltr' id='par_1_20' title="bbox 2171 686 3769 763">
     <span class='ocr_line' id='line_1_20' title="bbox 2171 686 3769 763; baseline -0.003 -19"><span class='ocrx_word' id='word_1_127' title='bbox 2171 693 2334 763; x_wconf 93' lang='grc' dir='ltr'>χάριν</span> <span class='ocrx_word' id='word_1_128' title='bbox 2386 692 2549 745; x_wconf 73' lang='grc' dir='ltr'>αὑτὸν</span> <span class='ocrx_word' id='word_1_129' title='bbox 2604 691 2733 744; x_wconf 84' lang='grc' dir='ltr'>Υίὸν</span> <span class='ocrx_word' id='word_1_130' title='bbox 2780 689 3085 753; x_wconf 76' lang='grc' dir='ltr'>καλεῖσθαι,</span> <span class='ocrx_word' id='word_1_131' title='bbox 3132 690 3228 742; x_wconf 70' lang='grc' dir='ltr'><strong>καὶ</strong></span> <span class='ocrx_word' id='word_1_132' title='bbox 3276 688 3337 741; x_wconf 73' lang='grc' dir='ltr'>οὗ</span> <span class='ocrx_word' id='word_1_133' title='bbox 3388 687 3532 742; x_wconf 83' lang='grc' dir='ltr'>κατὰ</span> <span class='ocrx_word' id='word_1_134' title='bbox 3578 686 3769 757; x_wconf 77' lang='grc' dir='ltr'>φύσιν.</span> 
     </span>
    </p>
   </div>
   <div class='ocr_carea' id='block_1_21' title="bbox 2170 779 3776 853">
    <p class='ocr_par' dir='ltr' id='par_1_21' title="bbox 2170 779 3776 853">
     <span class='ocr_line' id='line_1_21' title="bbox 2170 779 3776 853; baseline -0.004 -16"><span class='ocrx_word' id='word_1_135' title='bbox 2170 783 2515 850; x_wconf 80' lang='grc' dir='ltr'>Δειξάτωσαν</span> <span class='ocrx_word' id='word_1_136' title='bbox 2549 784 2635 847; x_wconf 87' lang='grc' dir='ltr'><strong>τίς</strong></span> <span class='ocrx_word' id='word_1_137' title='bbox 2660 782 2811 853; x_wconf 85' lang='grc' dir='ltr'>αὺτῷ</span> <span class='ocrx_word' id='word_1_138' title='bbox 2847 784 3069 853; x_wconf 82' lang='grc' dir='ltr'>ὅμοιος,</span> <span class='ocrx_word' id='word_1_139' title='bbox 3102 781 3191 834; x_wconf 78' lang='grc' dir='ltr'>ἵνα</span> <span class='ocrx_word' id='word_1_140' title='bbox 3218 782 3344 843; x_wconf 63' lang='grc' dir='ltr'>τοὺς</span> <span class='ocrx_word' id='word_1_141' title='bbox 3375 780 3588 843; x_wconf 78' lang='grc' dir='ltr'>πάντας</span> <span class='ocrx_word' id='word_1_142' title='bbox 3627 779 3776 832; x_wconf 72' lang='grc' dir='ltr'>δοκι-</span> 
     </span>
    </p>
   </div>
   <div class='ocr_carea' id='block_1_22' title="bbox 2174 872 3773 946">
    <p class='ocr_par' dir='ltr' id='par_1_22' title="bbox 2174 872 3773 946">
     <span class='ocr_line' id='line_1_22' title="bbox 2174 872 3773 946; baseline -0.005 -15"><span class='ocrx_word' id='word_1_143' title='bbox 2174 877 2388 946; x_wconf 83' lang='grc' dir='ltr'>μάσας,</span> <span class='ocrx_word' id='word_1_144' title='bbox 2422 877 2629 929; x_wconf 77' lang='grc' dir='ltr'>ἐκεῖνον</span> <span class='ocrx_word' id='word_1_145' title='bbox 2676 874 2983 945; x_wconf 78' lang='grc' dir='ltr'><strong>ἐκλέξηται.</strong></span> <span class='ocrx_word' id='word_1_146' title='bbox 3028 875 3092 927; x_wconf 85' lang='lat' dir='ltr'><strong>El</strong></span> <span class='ocrx_word' id='word_1_147' title='bbox 3130 874 3240 945; x_wconf 78' lang='grc' dir='ltr'>γάρ</span> <span class='ocrx_word' id='word_1_148' title='bbox 3282 872 3411 936; x_wconf 85' lang='grc' dir='ltr'><strong>Υἱός</strong></span> <span class='ocrx_word' id='word_1_149' title='bbox 3441 873 3560 925; x_wconf 71' lang='grc' dir='ltr'>ἑστι</span> <span class='ocrx_word' id='word_1_150' title='bbox 3610 888 3773 942; x_wconf 83' lang='grc' dir='ltr'>μονο-</span> 
     </span>
    </p>
   </div>
   <div class='ocr_carea' id='block_1_23' title="bbox 2172 959 3776 1037">
    <p class='ocr_par' dir='ltr' id='par_1_23' title="bbox 2172 959 3776 1037">
     <span class='ocr_line' id='line_1_23' title="bbox 2172 959 3776 1037; baseline -0.004 -19"><span class='ocrx_word' id='word_1_151' title='bbox 2172 964 2359 1037; x_wconf 79' lang='grc' dir='ltr'>γενὴς,</span> <span class='ocrx_word' id='word_1_152' title='bbox 2395 965 2497 1017; x_wconf 75' lang='grc' dir='ltr'><strong>οὐκ</strong></span> <span class='ocrx_word' id='word_1_153' title='bbox 2528 963 2645 1018; x_wconf 81' lang='grc' dir='ltr'>εστι</span> <span class='ocrx_word' id='word_1_154' title='bbox 2674 982 2760 1029; x_wconf 84' lang='grc' dir='ltr'><strong>τις</strong></span> <span class='ocrx_word' id='word_1_155' title='bbox 2791 965 2903 1028; x_wconf 78' lang='grc' dir='ltr'>ἶσος</span> <span class='ocrx_word' id='word_1_156' title='bbox 2934 963 3103 1017; x_wconf 83' lang='grc' dir='ltr'>αὑτοῦ</span> <span class='ocrx_word' id='word_1_157' title='bbox 3127 1004 3141 1029; x_wconf 95' lang='grc'><strong>,</strong></span> <span class='ocrx_word' id='word_1_158' title='bbox 3178 962 3303 1016; x_wconf 77' lang='grc' dir='ltr'>οὕτε</span> <span class='ocrx_word' id='word_1_159' title='bbox 3333 959 3776 1032; x_wconf 67' lang='grc' dir='ltr'>άνττπαράθετος</span> 
     </span>
    </p>
   </div>
   <div class='ocr_carea' id='block_1_24' title="bbox 2172 1050 3777 1129">
    <p class='ocr_par' dir='ltr' id='par_1_24' title="bbox 2172 1050 3777 1129">
     <span class='ocr_line' id='line_1_24' title="bbox 2172 1050 3777 1129; baseline -0.003 -18"><span class='ocrx_word' id='word_1_160' title='bbox 2172 1060 2357 1129; x_wconf 79' lang='grc' dir='ltr'>ὅμοιος</span> <span class='ocrx_word' id='word_1_161' title='bbox 2399 1056 2475 1111; x_wconf 87' lang='grc' dir='ltr'><strong>ὣν</strong></span> <span class='ocrx_word' id='word_1_162' title='bbox 2505 1056 2584 1127; x_wconf 84' lang='grc' dir='ltr'>τῷ</span> <span class='ocrx_word' id='word_1_163' title='bbox 2615 1056 2732 1127; x_wconf 80' lang='grc' dir='ltr'>Υἱῴ</span> <span class='ocrx_word' id='word_1_164' title='bbox 2768 1058 2826 1109; x_wconf 78' lang='grc' dir='ltr'><strong>ὲν</strong></span> <span class='ocrx_word' id='word_1_165' title='bbox 2854 1058 2993 1119; x_wconf 81' lang='grc' dir='ltr'>υίοίς</span> <span class='ocrx_word' id='word_1_166' title='bbox 3033 1054 3190 1109; x_wconf 84' lang='grc' dir='ltr'>Θεοῦ.</span> <span class='ocrx_word' id='word_1_167' title='bbox 3241 1055 3481 1118; x_wconf 82' lang='grc' dir='ltr'>Τούτους</span> <span class='ocrx_word' id='word_1_168' title='bbox 3520 1056 3635 1124; x_wconf 76' lang='grc' dir='ltr'><strong>γὰρ</strong></span> <span class='ocrx_word' id='word_1_169' title='bbox 3663 1050 3777 1106; x_wconf 76' lang='grc' dir='ltr'>οἶδε</span> 
     </span>
    </p>
   </div>
   <div class='ocr_carea' id='block_1_25' title="bbox 2171 1144 3773 1222">
    <p class='ocr_par' dir='ltr' id='par_1_25' title="bbox 2171 1144 3773 1222">
     <span class='ocr_line' id='line_1_25' title="bbox 2171 1144 3773 1222; baseline -0.004 -18"><span class='ocrx_word' id='word_1_170' title='bbox 2171 1150 2315 1204; x_wconf 78' lang='grc' dir='ltr'>κατὰ</span> <span class='ocrx_word' id='word_1_171' title='bbox 2342 1150 2524 1222; x_wconf 89' lang='grc' dir='ltr'>χάριν,</span> <span class='ocrx_word' id='word_1_172' title='bbox 2550 1149 2747 1219; x_wconf 76' lang='grc' dir='ltr'>ἐκείνῳ</span> <span class='ocrx_word' id='word_1_173' title='bbox 2772 1148 2828 1202; x_wconf 84' lang='grc' dir='ltr'><strong>δὲ</strong></span> <span class='ocrx_word' id='word_1_174' title='bbox 2858 1150 2937 1220; x_wconf 82' lang='grc' dir='ltr'>μὴ</span> <span class='ocrx_word' id='word_1_175' title='bbox 2956 1149 3256 1219; x_wconf 80' lang='grc' dir='ltr'>δυνάμενὸν</span> <span class='ocrx_word' id='word_1_176' title='bbox 3283 1165 3407 1202; x_wconf 84' lang='grc' dir='ltr'>τινα</span> <span class='ocrx_word' id='word_1_177' title='bbox 3433 1144 3773 1214; x_wconf 72' lang='grc' dir='ltr'><strong>ἐξισοῦσθαι,</strong></span> 
     </span>
    </p>
   </div>
   <div class='ocr_carea' id='block_1_26' title="bbox 2171 1238 3776 1313">
    <p class='ocr_par' dir='ltr' id='par_1_26' title="bbox 2171 1238 3776 1313">
     <span class='ocr_line' id='line_1_26' title="bbox 2171 1238 3776 1313; baseline -0.003 -17"><span class='ocrx_word' id='word_1_178' title='bbox 2171 1242 2251 1313; x_wconf 85' lang='grc' dir='ltr'>τῷ</span> <span class='ocrx_word' id='word_1_179' title='bbox 2300 1238 2441 1296; x_wconf 79' lang='grc' dir='ltr'>εἶναι</span> <span class='ocrx_word' id='word_1_180' title='bbox 2488 1242 2655 1296; x_wconf 76' lang='grc' dir='ltr'>αὑτὸν</span> <span class='ocrx_word' id='word_1_181' title='bbox 2690 1240 2937 1311; x_wconf 79' lang='grc' dir='ltr'><strong>φυσικῶς</strong></span> <span class='ocrx_word' id='word_1_182' title='bbox 2979 1242 3128 1295; x_wconf 81' lang='grc' dir='ltr'><strong>Υίὸν.</strong></span> <span class='ocrx_word' id='word_1_183' title='bbox 3170 1240 3411 1311; x_wconf 77' lang='grc' dir='ltr'>Φανερδν</span> <span class='ocrx_word' id='word_1_184' title='bbox 3453 1239 3565 1311; x_wconf 72' lang='grc' dir='ltr'><strong>γὰρ</strong></span> <span class='ocrx_word' id='word_1_185' title='bbox 3603 1238 3776 1292; x_wconf 76' lang='grc' dir='ltr'>πόθεν</span> 
     </span>
    </p>
   </div>
   <div class='ocr_carea' id='block_1_27' title="bbox 2174 1332 3779 1406">
    <p class='ocr_par' dir='ltr' id='par_1_27' title="bbox 2174 1332 3779 1406">
     <span class='ocr_line' id='line_1_27' title="bbox 2174 1332 3779 1406; baseline -0.002 -17"><span class='ocrx_word' id='word_1_186' title='bbox 2174 1336 2622 1406; x_wconf 83' lang='grc' dir='ltr'>ὲκλελογισμένον</span> <span class='ocrx_word' id='word_1_187' title='bbox 2639 1336 2681 1401; x_wconf 80' lang='grc'>⁸,</span> <span class='ocrx_word' id='word_1_188' title='bbox 2712 1336 2808 1390; x_wconf 76' lang='grc' dir='ltr'><strong>καὶ</strong></span> <span class='ocrx_word' id='word_1_189' title='bbox 2848 1334 3011 1389; x_wconf 76' lang='grc' dir='ltr'>πόθεν</span> <span class='ocrx_word' id='word_1_190' title='bbox 3048 1335 3249 1406; x_wconf 77' lang='grc' dir='ltr'>ἐκλογή</span> <span class='ocrx_word' id='word_1_191' title='bbox 3270 1350 3285 1365; x_wconf 75' lang='grc' dir='ltr'><strong>ο</strong></span> <span class='ocrx_word' id='word_1_192' title='bbox 3329 1336 3409 1388; x_wconf 83' lang='grc' dir='ltr'>ὅτι</span> <span class='ocrx_word' id='word_1_193' title='bbox 3446 1332 3642 1387; x_wconf 71' lang='grc' dir='ltr'>πολλαὶ</span> <span class='ocrx_word' id='word_1_194' title='bbox 3676 1350 3779 1403; x_wconf 84' lang='grc' dir='ltr'>μυ-</span> 
     </span>
    </p>
   </div>
   <div class='ocr_carea' id='block_1_28' title="bbox 2174 1420 3777 1501">
    <p class='ocr_par' dir='ltr' id='par_1_28' title="bbox 2174 1420 3777 1501">
     <span class='ocr_line' id='line_1_28' title="bbox 2174 1420 3777 1501; baseline -0.004 -18"><span class='ocrx_word' id='word_1_195' title='bbox 2174 1428 2358 1501; x_wconf 86' lang='grc' dir='ltr'>ριάδες</span> <span class='ocrx_word' id='word_1_196' title='bbox 2380 1430 2477 1482; x_wconf 76' lang='grc' dir='ltr'><strong>ἐπὶ</strong></span> <span class='ocrx_word' id='word_1_197' title='bbox 2502 1429 2601 1499; x_wconf 74' lang='grc' dir='ltr'>τῆς</span> <span class='ocrx_word' id='word_1_198' title='bbox 2636 1429 2741 1498; x_wconf 78' lang='grc' dir='ltr'><strong>γῆς</strong></span> <span class='ocrx_word' id='word_1_199' title='bbox 2771 1423 2935 1500; x_wconf 75' lang='grc' dir='ltr'>ἦσαν,</span> <span class='ocrx_word' id='word_1_200' title='bbox 2973 1426 3069 1481; x_wconf 76' lang='grc' dir='ltr'>καὶ</span> <span class='ocrx_word' id='word_1_201' title='bbox 3100 1427 3293 1497; x_wconf 86' lang='grc' dir='ltr'>Μαρία</span> <span class='ocrx_word' id='word_1_202' title='bbox 3328 1426 3472 1497; x_wconf 82' lang='grc' dir='ltr'><strong>μόνη</strong></span> <span class='ocrx_word' id='word_1_203' title='bbox 3507 1420 3640 1495; x_wconf 68' lang='grc' dir='ltr'>εὗρε</span> <span class='ocrx_word' id='word_1_204' title='bbox 3674 1426 3777 1495; x_wconf 61' lang='grc' dir='ltr'>χάι</span> 
     </span>
    </p>
   </div>
   <div class='ocr_carea' id='block_1_29' title="bbox 2178 1517 3779 1593">
    <p class='ocr_par' dir='ltr' id='par_1_29' title="bbox 2178 1517 3779 1593">
     <span class='ocr_line' id='line_1_29' title="bbox 2178 1517 3779 1593; baseline -0.002 -18"><span class='ocrx_word' id='word_1_205' title='bbox 2178 1539 2291 1593; x_wconf 87' lang='grc' dir='ltr'>ριν,</span> <span class='ocrx_word' id='word_1_206' title='bbox 2336 1522 2433 1574; x_wconf 78' lang='grc' dir='ltr'><strong>καὶ</strong></span> <span class='ocrx_word' id='word_1_207' title='bbox 2475 1522 2535 1574; x_wconf 80' lang='grc' dir='ltr'><strong>ὲν</strong></span> <span class='ocrx_word' id='word_1_208' title='bbox 2580 1523 2720 1592; x_wconf 72' lang='grc' dir='ltr'>αὐτῇ</span> <span class='ocrx_word' id='word_1_209' title='bbox 2763 1520 3049 1585; x_wconf 75' lang='grc' dir='ltr'><strong>ἐξελέξατο</strong></span> <span class='ocrx_word' id='word_1_210' title='bbox 3093 1521 3194 1592; x_wconf 84' lang='grc' dir='ltr'><strong>τὴν</strong></span> <span class='ocrx_word' id='word_1_211' title='bbox 3241 1519 3405 1588; x_wconf 82' lang='grc' dir='ltr'>ἁγίαν</span> <span class='ocrx_word' id='word_1_212' title='bbox 3436 1519 3655 1589; x_wconf 85' lang='grc' dir='ltr'>σάρκα,</span> <span class='ocrx_word' id='word_1_213' title='bbox 3684 1517 3779 1572; x_wconf 72' lang='grc' dir='ltr'><strong>διὰ</strong></span> 
     </span>
    </p>
   </div>
   <div class='ocr_carea' id='block_1_30' title="bbox 2174 1610 3780 1685">
    <p class='ocr_par' dir='ltr' id='par_1_30' title="bbox 2174 1610 3780 1685">
     <span class='ocr_line' id='line_1_30' title="bbox 2174 1610 3780 1685; baseline -0.002 -19"><span class='ocrx_word' id='word_1_214' title='bbox 2174 1614 2355 1677; x_wconf 84' lang='grc' dir='ltr'>τοῦτο,</span> <span class='ocrx_word' id='word_1_215' title='bbox 2408 1615 2495 1683; x_wconf 74' lang='grc' dir='ltr'><strong>ἐφ’</strong></span> <span class='ocrx_word' id='word_1_216' title='bbox 2547 1613 2616 1684; x_wconf 75' lang='grc' dir='ltr'><strong>ἣν</strong></span> <span class='ocrx_word' id='word_1_217' title='bbox 2672 1613 2997 1685; x_wconf 78' lang='grc' dir='ltr'>ηὐδόκησεν,</span> <span class='ocrx_word' id='word_1_218' title='bbox 3037 1612 3114 1675; x_wconf 87' lang='grc' dir='ltr'><strong>ὼς</strong></span> <span class='ocrx_word' id='word_1_219' title='bbox 3159 1611 3255 1665; x_wconf 80' lang='grc' dir='ltr'><strong>καὶ</strong></span> <span class='ocrx_word' id='word_1_220' title='bbox 3303 1611 3471 1665; x_wconf 74' lang='grc' dir='ltr'><strong>Δαὸὶδ</strong></span> <span class='ocrx_word' id='word_1_221' title='bbox 3508 1611 3662 1679; x_wconf 83' lang='grc' dir='ltr'>λέγει</span> <span class='ocrx_word' id='word_1_222' title='bbox 3712 1610 3780 1663; x_wconf 70' lang='grc' dir='ltr'>ἐκ</span> 
     </span>
    </p>
   </div>
   <div class='ocr_carea' id='block_1_31' title="bbox 2175 1703 3780 1776">
    <p class='ocr_par' dir='ltr' id='par_1_31' title="bbox 2175 1703 3780 1776">
     <span class='ocr_line' id='line_1_31' title="bbox 2175 1703 3780 1776; baseline -0.001 -19"><span class='ocrx_word' id='word_1_223' title='bbox 2175 1704 2473 1776; x_wconf 79' lang='grc' dir='ltr'><strong>προσώπου</strong></span> <span class='ocrx_word' id='word_1_224' title='bbox 2505 1704 2615 1758; x_wconf 85' lang='grc' dir='ltr'><strong>τῶν</strong></span> <span class='ocrx_word' id='word_1_225' title='bbox 2642 1703 2960 1758; x_wconf 80' lang='grc' dir='ltr'><strong>ἀποστόλων</strong></span> <span class='ocrx_word' id='word_1_226' title='bbox 2988 1704 3097 1758; x_wconf 82' lang='grc' dir='ltr'>τῶν</span> <span class='ocrx_word' id='word_1_227' title='bbox 3125 1705 3205 1767; x_wconf 78' lang='grc' dir='ltr'><strong>εἰς</strong></span> <span class='ocrx_word' id='word_1_228' title='bbox 3234 1704 3327 1773; x_wconf 75' lang='grc' dir='ltr'>τὸν</span> <span class='ocrx_word' id='word_1_229' title='bbox 3362 1703 3569 1775; x_wconf 79' lang='grc' dir='ltr'>Κύριον</span> <span class='ocrx_word' id='word_1_230' title='bbox 3608 1720 3780 1755; x_wconf 81' lang='grc' dir='ltr'>πεπι-</span> 
     </span>
    </p>
   </div>
   <div class='ocr_carea' id='block_1_32' title="bbox 481 1794 2080 1868">
    <p class='ocr_par' dir='ltr' id='par_1_32' title="bbox 481 1794 2070 1865">
     <span class='ocr_line' id='line_1_32' title="bbox 481 1794 2070 1865; baseline -0.003 -11"><span class='ocrx_word' id='word_1_231' title='bbox 481 1803 612 1854; x_wconf 87' lang='lat' dir='ltr'><strong>tiam</strong></span> <span class='ocrx_word' id='word_1_232' title='bbox 671 1797 960 1851; x_wconf 76' lang='lat' dir='ltr'><strong>invenit&#39;:</strong></span> <span class='ocrx_word' id='word_1_233' title='bbox 1013 1811 1079 1850; x_wconf 81' lang='lat' dir='ltr'><strong>ex</strong></span> <span class='ocrx_word' id='word_1_234' title='bbox 1140 1810 1250 1865; x_wconf 87' lang='lat' dir='ltr'><strong>qua</strong></span> <span class='ocrx_word' id='word_1_235' title='bbox 1310 1802 1600 1865; x_wconf 80' lang='lat' dir='ltr'><strong>prOpterca</strong></span> <span class='ocrx_word' id='word_1_236' title='bbox 1657 1794 2070 1851; x_wconf 87' lang='lat' dir='ltr'><strong>sanctissimam</strong></span> 
     </span>
    </p>
   </div>
   <div class='ocr_carea' id='block_1_33' title="bbox 2182 1794 3778 1868">
    <p class='ocr_par' dir='ltr' id='par_1_33' title="bbox 2182 1794 3778 1868">
     <span class='ocr_line' id='line_1_33' title="bbox 2182 1794 3778 1868; baseline -0.001 -19"><span class='ocrx_word' id='word_1_237' title='bbox 2182 1798 2513 1863; x_wconf 82' lang='grc' dir='ltr'>στευκότων,</span> <span class='ocrx_word' id='word_1_238' title='bbox 2555 1798 2652 1850; x_wconf 75' lang='grc' dir='ltr'><strong>καὶ</strong></span> <span class='ocrx_word' id='word_1_239' title='bbox 2698 1796 2843 1851; x_wconf 80' lang='grc' dir='ltr'>κατὰ</span> <span class='ocrx_word' id='word_1_240' title='bbox 2876 1798 3052 1868; x_wconf 78' lang='grc' dir='ltr'>χαρᾶς</span> <span class='ocrx_word' id='word_1_241' title='bbox 3088 1798 3201 1859; x_wconf 87' lang='grc' dir='ltr'>τοῖς</span> <span class='ocrx_word' id='word_1_242' title='bbox 3246 1795 3425 1849; x_wconf 77' lang='grc' dir='ltr'>ἔθνεσι</span> <span class='ocrx_word' id='word_1_243' title='bbox 3464 1795 3562 1867; x_wconf 76' lang='grc' dir='ltr'>τὴν</span> <span class='ocrx_word' id='word_1_244' title='bbox 3605 1794 3778 1848; x_wconf 76' lang='grc' dir='ltr'>αὐτοῦ</span> 
     </span>
    </p>
   </div>
   <div class='ocr_carea' id='block_1_34' title="bbox 464 1859 2080 1960">
    <p class='ocr_par' dir='ltr' id='par_1_34' title="bbox 464 1859 2073 1957">
     <span class='ocr_line' id='line_1_34' title="bbox 464 1859 2073 1957; baseline -0.004 -9"><span class='ocrx_word' id='word_1_245' title='bbox 464 1867 637 1947; x_wconf 84' lang='lat' dir='ltr'><strong>suam</strong></span> <span class='ocrx_word' id='word_1_246' title='bbox 670 1903 892 1945; x_wconf 83' lang='lat' dir='ltr'><strong>carnem</strong></span> <span class='ocrx_word' id='word_1_247' title='bbox 930 1888 1119 1957; x_wconf 89' lang='lat' dir='ltr'><strong>elegit,</strong></span> <span class='ocrx_word' id='word_1_248' title='bbox 1156 1859 1216 1941; x_wconf 77' lang='lat' dir='ltr'><strong>in</strong></span> <span class='ocrx_word' id='word_1_249' title='bbox 1260 1859 1367 1957; x_wconf 79' lang='lat' dir='ltr'><strong>qua</strong></span> <span class='ocrx_word' id='word_1_250' title='bbox 1404 1859 1508 1941; x_wconf 63' lang='lat' dir='ltr'><strong>sibi</strong></span> <span class='ocrx_word' id='word_1_251' title='bbox 1540 1886 1765 1956; x_wconf 81' lang='lat' dir='ltr'><strong>placuit.</strong></span> <span class='ocrx_word' id='word_1_252' title='bbox 1797 1885 2073 1953; x_wconf 85' lang='lat' dir='ltr'><strong>Quemad-</strong></span> 
     </span>
    </p>
   </div>
   <div class='ocr_carea' id='block_1_35' title="bbox 2182 1859 3779 1960">
    <p class='ocr_par' dir='ltr' id='par_1_35' title="bbox 2182 1859 3779 1960">
     <span class='ocr_line' id='line_1_35' title="bbox 2182 1859 3779 1960; baseline -0.002 -17"><span class='ocrx_word' id='word_1_253' title='bbox 2182 1892 2341 1960; x_wconf 84' lang='grc' dir='ltr'>χάριν</span> <span class='ocrx_word' id='word_1_254' title='bbox 2381 1859 3044 1953; x_wconf 48' lang='grc' dir='ltr'><strong>ιζνιτοοεικνυόντων,η”ότι⁷</strong></span> <span class='ocrx_word' id='word_1_255' title='bbox 3067 1888 3333 1953; x_wconf 79' lang='grc' dir='ltr'><strong>ὑπέταξε</strong></span> <span class='ocrx_word' id='word_1_256' title='bbox 3374 1859 3566 1955; x_wconf 52' lang='grc' dir='ltr'>,λαοαίίς</span> <span class='ocrx_word' id='word_1_257' title='bbox 3607 1888 3779 1958; x_wconf 70' lang='grc' dir='ltr'>ἡμῖν,</span> 
     </span>
    </p>
   </div>
   <div class='ocr_carea' id='block_1_36' title="bbox 481 1981 2074 2052">
    <p class='ocr_par' dir='ltr' id='par_1_36' title="bbox 481 1981 2074 2052">
     <span class='ocr_line' id='line_1_36' title="bbox 481 1981 2074 2052; baseline -0.003 -13"><span class='ocrx_word' id='word_1_258' title='bbox 481 1983 707 2039; x_wconf 87' lang='lat' dir='ltr'><strong>modum</strong></span> <span class='ocrx_word' id='word_1_259' title='bbox 733 1982 906 2037; x_wconf 82' lang='lat' dir='ltr'><strong>David</strong></span> <span class='ocrx_word' id='word_1_260' title='bbox 935 1998 1001 2036; x_wconf 79' lang='lat' dir='ltr'><strong>ex</strong></span> <span class='ocrx_word' id='word_1_261' title='bbox 1028 1982 1407 2051; x_wconf 86' lang='lat' dir='ltr'><strong>apostolorum</strong></span> <span class='ocrx_word' id='word_1_262' title='bbox 1438 1996 1676 2052; x_wconf 89' lang='lat' dir='ltr'><strong>persona</strong></span> <span class='ocrx_word' id='word_1_263' title='bbox 1706 1981 1951 2051; x_wconf 86' lang='lat' dir='ltr'><strong>loquitur</strong></span> <span class='ocrx_word' id='word_1_264' title='bbox 1977 1981 2074 2051; x_wconf 90' lang='lat' dir='ltr'><strong>qui</strong></span> 
     </span>
    </p>
   </div>
   <div class='ocr_carea' id='block_1_37' title="bbox 479 2072 2075 2143">
    <p class='ocr_par' dir='ltr' id='par_1_37' title="bbox 479 2072 2075 2143">
     <span class='ocr_line' id='line_1_37' title="bbox 479 2072 2075 2143; baseline -0.001 -14"><span class='ocrx_word' id='word_1_265' title='bbox 479 2077 537 2131; x_wconf 90' lang='lat' dir='ltr'><strong>in</strong></span> <span class='ocrx_word' id='word_1_266' title='bbox 567 2075 859 2130; x_wconf 90' lang='lat' dir='ltr'><strong>Dominum</strong></span> <span class='ocrx_word' id='word_1_267' title='bbox 894 2074 1266 2138; x_wconf 88' lang='lat' dir='ltr'><strong>crediderant,</strong></span> <span class='ocrx_word' id='word_1_268' title='bbox 1312 2074 1544 2143; x_wconf 88' lang='lat' dir='ltr'><strong>ejusque</strong></span> <span class='ocrx_word' id='word_1_269' title='bbox 1568 2074 1799 2143; x_wconf 83' lang='lat' dir='ltr'><strong>gratiam</strong></span> <span class='ocrx_word' id='word_1_270' title='bbox 1834 2072 2075 2127; x_wconf 88' lang='lat' dir='ltr'><strong>nationi-</strong></span> 
     </span>
    </p>
   </div>
   <div class='ocr_carea' id='block_1_38' title="bbox 479 2162 2074 2233">
    <p class='ocr_par' dir='ltr' id='par_1_38' title="bbox 479 2162 2074 2233">
     <span class='ocr_line' id='line_1_38' title="bbox 479 2162 2074 2233; baseline -0.001 -14"><span class='ocrx_word' id='word_1_271' title='bbox 479 2165 584 2220; x_wconf 90' lang='lat' dir='ltr'><strong>bus</strong></span> <span class='ocrx_word' id='word_1_272' title='bbox 614 2164 817 2221; x_wconf 82' lang='lat' dir='ltr'><strong>exteris</strong></span> <span class='ocrx_word' id='word_1_273' title='bbox 849 2164 1223 2233; x_wconf 80' lang='lat' dir='ltr'><strong>praedicabant</strong></span> <span class='ocrx_word' id='word_1_274' title='bbox 1256 2182 1268 2217; x_wconf 94' lang='lat'><strong>:</strong></span> <span class='ocrx_word' id='word_1_275' title='bbox 1301 2163 1570 2231; x_wconf 83' lang='lat' dir='ltr'><strong>Quoniam</strong></span> <span class='ocrx_word' id='word_1_276' title='bbox 1598 2162 1821 2233; x_wconf 76' lang='lat' dir='ltr'><strong>subjecit</strong></span> <span class='ocrx_word' id='word_1_277' title='bbox 1849 2163 2074 2233; x_wconf 84' lang='lat' dir='ltr'><strong>populos</strong></span> 
     </span>
    </p>
   </div>
   <div class='ocr_carea' id='block_1_39' title="bbox 480 2253 2073 2325">
    <p class='ocr_par' dir='ltr' id='par_1_39' title="bbox 480 2253 2073 2325">
     <span class='ocr_line' id='line_1_39' title="bbox 480 2253 2073 2325; baseline -0.001 -15"><span class='ocrx_word' id='word_1_278' title='bbox 480 2257 653 2322; x_wconf 86' lang='lat' dir='ltr'><strong>nobis,</strong></span> <span class='ocrx_word' id='word_1_279' title='bbox 682 2265 732 2309; x_wconf 89' lang='lat' dir='ltr'><strong>et</strong></span> <span class='ocrx_word' id='word_1_280' title='bbox 762 2266 940 2325; x_wconf 81' lang='lat' dir='ltr'><strong>gentes</strong></span> <span class='ocrx_word' id='word_1_281' title='bbox 974 2253 1069 2308; x_wconf 84' lang='lat' dir='ltr'><strong>sub</strong></span> <span class='ocrx_word' id='word_1_282' title='bbox 1102 2255 1322 2323; x_wconf 78' lang='lat' dir='ltr'><strong>pedibus</strong></span> <span class='ocrx_word' id='word_1_283' title='bbox 1367 2255 1605 2319; x_wconf 80' lang='lat' dir='ltr'><strong>nostris;</strong></span> <span class='ocrx_word' id='word_1_284' title='bbox 1648 2257 1868 2323; x_wconf 78' lang='lat' dir='ltr'><strong>speciem</strong></span> <span class='ocrx_word' id='word_1_285' title='bbox 1902 2254 2073 2311; x_wconf 81' lang='lat' dir='ltr'><strong>Jucob</strong></span> 
     </span>
    </p>
   </div>
   <div class='ocr_carea' id='block_1_40' title="bbox 476 2346 2076 2421">
    <p class='ocr_par' dir='ltr' id='par_1_40' title="bbox 476 2346 2076 2421">
     <span class='ocr_line' id='line_1_40' title="bbox 476 2346 2076 2421; baseline 0.001 -19"><span class='ocrx_word' id='word_1_286' title='bbox 476 2366 639 2421; x_wconf 83' lang='lat' dir='ltr'><strong>quam</strong></span> <span class='ocrx_word' id='word_1_287' title='bbox 680 2348 867 2403; x_wconf 74' lang='lat' dir='ltr'><strong>dilexit</strong></span> <span class='ocrx_word' id='word_1_288' title='bbox 894 2348 938 2416; x_wconf 70' lang='grc'>⁸,</span> <span class='ocrx_word' id='word_1_289' title='bbox 978 2346 1082 2402; x_wconf 84' lang='lat' dir='ltr'><strong>hoc</strong></span> <span class='ocrx_word' id='word_1_290' title='bbox 1126 2356 1212 2403; x_wconf 92' lang='lat' dir='ltr'><strong>est</strong></span> <span class='ocrx_word' id='word_1_291' title='bbox 1255 2347 1527 2403; x_wconf 88' lang='lat' dir='ltr'><strong>sinceram</strong></span> <span class='ocrx_word' id='word_1_292' title='bbox 1558 2348 1680 2420; x_wconf 89' lang='lat' dir='ltr'><strong>ejus</strong></span> <span class='ocrx_word' id='word_1_293' title='bbox 1711 2349 1969 2419; x_wconf 90' lang='lat' dir='ltr'><strong>speciem,</strong></span> <span class='ocrx_word' id='word_1_294' title='bbox 2009 2363 2076 2404; x_wconf 90' lang='lat' dir='ltr'><strong>ac</strong></span> 
     </span>
    </p>
   </div>
   <div class='ocr_carea' id='block_1_41' title="bbox 476 2436 2072 2512">
    <p class='ocr_par' dir='ltr' id='par_1_41' title="bbox 476 2436 2072 2512">
     <span class='ocr_line' id='line_1_41' title="bbox 476 2436 2072 2512; baseline 0.001 -17"><span class='ocrx_word' id='word_1_295' title='bbox 476 2442 648 2496; x_wconf 83' lang='lat' dir='ltr'><strong>totius</strong></span> <span class='ocrx_word' id='word_1_296' title='bbox 675 2436 866 2496; x_wconf 83' lang='lat' dir='ltr'><strong>Jacobi</strong></span> <span class='ocrx_word' id='word_1_297' title='bbox 910 2440 1399 2510; x_wconf 87' lang='lat' dir='ltr'><strong>pulchritudinem,</strong></span> <span class='ocrx_word' id='word_1_298' title='bbox 1422 2456 1618 2512; x_wconf 87' lang='lat' dir='ltr'><strong>nempe</strong></span> <span class='ocrx_word' id='word_1_299' title='bbox 1645 2456 1867 2497; x_wconf 89' lang='lat' dir='ltr'><strong>carnem</strong></span> <span class='ocrx_word' id='word_1_300' title='bbox 1901 2441 2072 2508; x_wconf 78' lang='lat' dir='ltr'><strong>illam,</strong></span> 
     </span>
    </p>
   </div>
   <div class='ocr_carea' id='block_1_42' title="bbox 480 2530 2072 2603">
    <p class='ocr_par' dir='ltr' id='par_1_42' title="bbox 480 2530 2072 2603">
     <span class='ocr_line' id='line_1_42' title="bbox 480 2530 2072 2603; baseline 0.001 -17"><span class='ocrx_word' id='word_1_301' title='bbox 480 2548 647 2602; x_wconf 91' lang='lat' dir='ltr'><strong>quam</strong></span> <span class='ocrx_word' id='word_1_302' title='bbox 690 2547 722 2586; x_wconf 90' lang='lat' dir='ltr'><strong>e</strong></span> <span class='ocrx_word' id='word_1_303' title='bbox 753 2532 919 2585; x_wconf 80' lang='lat' dir='ltr'><strong>Maria</strong></span> <span class='ocrx_word' id='word_1_304' title='bbox 957 2546 1051 2600; x_wconf 90' lang='lat' dir='ltr'><strong>per</strong></span> <span class='ocrx_word' id='word_1_305' title='bbox 1094 2530 1363 2601; x_wconf 87' lang='lat' dir='ltr'><strong>Spiritum</strong></span> <span class='ocrx_word' id='word_1_306' title='bbox 1407 2540 1661 2587; x_wconf 88' lang='lat' dir='ltr'><strong>sanctum</strong></span> <span class='ocrx_word' id='word_1_307' title='bbox 1711 2534 1815 2589; x_wconf 88' lang='lat' dir='ltr'><strong>sibi</strong></span> <span class='ocrx_word' id='word_1_308' title='bbox 1849 2533 2072 2603; x_wconf 87' lang='lat' dir='ltr'><strong>delegit.</strong></span> 
     </span>
    </p>
   </div>
   <div class='ocr_carea' id='block_1_43' title="bbox 479 2622 2077 2698">
    <p class='ocr_par' dir='ltr' id='par_1_43' title="bbox 479 2622 2077 2698">
     <span class='ocr_line' id='line_1_43' title="bbox 479 2622 2077 2698; baseline 0.003 -21"><span class='ocrx_word' id='word_1_309' title='bbox 479 2623 771 2694; x_wconf 87' lang='lat' dir='ltr'><strong>Ejusmodi</strong></span> <span class='ocrx_word' id='word_1_310' title='bbox 801 2622 1205 2698; x_wconf 84' lang='lat' dir='ltr'><strong>incarnationis</strong></span> <span class='ocrx_word' id='word_1_311' title='bbox 1236 2625 1557 2694; x_wconf 75' lang='lat' dir='ltr'><strong>mysterium</strong></span> <span class='ocrx_word' id='word_1_312' title='bbox 1587 2624 1786 2679; x_wconf 84' lang='lat' dir='ltr'><strong>Joanni</strong></span> <span class='ocrx_word' id='word_1_313' title='bbox 1816 2625 2077 2696; x_wconf 62' lang='lat' dir='ltr'><strong>Baptista</strong></span> 
     </span>
    </p>
   </div>
   <div class='ocr_carea' id='block_1_44' title="bbox 482 2705 2078 2774">
    <p class='ocr_par' dir='ltr' id='par_1_44' title="bbox 482 2705 2078 2774">
     <span class='ocr_line' id='line_1_44' title="bbox 482 2705 2078 2774; baseline 0.001 -2"><span class='ocrx_word' id='word_1_314' title='bbox 482 2733 513 2772; x_wconf 89' lang='lat' dir='ltr'><strong>e</strong></span> <span class='ocrx_word' id='word_1_315' title='bbox 549 2716 691 2772; x_wconf 76' lang='lat' dir='ltr'><strong>cmlo</strong></span> <span class='ocrx_word' id='word_1_316' title='bbox 727 2714 890 2771; x_wconf 86' lang='lat' dir='ltr'><strong>Pater</strong></span> <span class='ocrx_word' id='word_1_317' title='bbox 933 2716 1179 2771; x_wconf 88' lang='lat' dir='ltr'><strong>ostendit</strong></span> <span class='ocrx_word' id='word_1_318' title='bbox 1208 2734 1222 2771; x_wconf 90' lang='lat'><strong>:</strong></span> <span class='ocrx_word' id='word_1_319' title='bbox 1255 2715 1417 2772; x_wconf 83' lang='lat' dir='ltr'><strong>Pater</strong></span> <span class='ocrx_word' id='word_1_320' title='bbox 1453 2717 1601 2773; x_wconf 89' lang='lat' dir='ltr'><strong>enim</strong></span> <span class='ocrx_word' id='word_1_321' title='bbox 1648 2720 1703 2772; x_wconf 88' lang='lat' dir='ltr'><strong>in</strong></span> <span class='ocrx_word' id='word_1_322' title='bbox 1738 2717 1944 2774; x_wconf 87' lang='lat' dir='ltr'><strong>Christi</strong></span> <span class='ocrx_word' id='word_1_323' title='bbox 1978 2705 2078 2774; x_wconf 81' lang='lat' dir='ltr'><strong>ad-</strong></span> 
     </span>
    </p>
   </div>
   <div class='ocr_carea' id='block_1_45' title="bbox 482 2808 2079 2880">
    <p class='ocr_par' dir='ltr' id='par_1_45' title="bbox 482 2808 2079 2880">
     <span class='ocr_line' id='line_1_45' title="bbox 482 2808 2079 2880; baseline 0.002 -15"><span class='ocrx_word' id='word_1_324' title='bbox 482 2817 648 2865; x_wconf 89' lang='lat' dir='ltr'><strong>ventu</strong></span> <span class='ocrx_word' id='word_1_325' title='bbox 682 2808 737 2863; x_wconf 92' lang='lat' dir='ltr'><strong>in</strong></span> <span class='ocrx_word' id='word_1_326' title='bbox 787 2824 954 2864; x_wconf 87' lang='lat' dir='ltr'><strong>carne</strong></span> <span class='ocrx_word' id='word_1_327' title='bbox 998 2809 1104 2864; x_wconf 92' lang='lat' dir='ltr'><strong>sibi</strong></span> <span class='ocrx_word' id='word_1_328' title='bbox 1138 2809 1367 2880; x_wconf 85' lang='lat' dir='ltr'><strong>placuit.</strong></span> <span class='ocrx_word' id='word_1_329' title='bbox 1412 2808 1548 2864; x_wconf 88' lang='lat' dir='ltr'><strong>Nam</strong></span> <span class='ocrx_word' id='word_1_330' title='bbox 1604 2808 1865 2867; x_wconf 77' lang='lat' dir='ltr'><strong>divinitas</strong></span> <span class='ocrx_word' id='word_1_331' title='bbox 1892 2810 2079 2868; x_wconf 75' lang='lat' dir='ltr'><strong>inﬁni-</strong></span> 
     </span>
    </p>
   </div>
   <div class='ocr_carea' id='block_1_46' title="bbox 485 2898 1824 2970">
    <p class='ocr_par' dir='ltr' id='par_1_46' title="bbox 485 2898 1824 2970">
     <span class='ocr_line' id='line_1_46' title="bbox 485 2898 1824 2970; baseline 0 -16"><span class='ocrx_word' id='word_1_332' title='bbox 485 2908 598 2954; x_wconf 87' lang='lat' dir='ltr'><strong>tam</strong></span> <span class='ocrx_word' id='word_1_333' title='bbox 628 2898 924 2970; x_wconf 89' lang='lat' dir='ltr'><strong>quamdam</strong></span> <span class='ocrx_word' id='word_1_334' title='bbox 953 2906 1164 2953; x_wconf 70' lang='lat' dir='ltr'><strong>naturae</strong></span> <span class='ocrx_word' id='word_1_335' title='bbox 1194 2899 1358 2954; x_wconf 85' lang='lat' dir='ltr'><strong>habet</strong></span> <span class='ocrx_word' id='word_1_336' title='bbox 1389 2900 1824 2970; x_wconf 88' lang='lat' dir='ltr'><strong>amplitudinem.</strong></span> 
     </span>
    </p>
   </div>
   <div class='ocr_carea' id='block_1_47' title="bbox 556 2990 2082 3066">
    <p class='ocr_par' dir='ltr' id='par_1_47' title="bbox 556 2990 2082 3066">
     <span class='ocr_line' id='line_1_47' title="bbox 556 2990 2082 3066; baseline 0.003 -20"><span class='ocrx_word' id='word_1_337' title='bbox 556 2992 619 3046; x_wconf 78' lang='lat' dir='ltr'><strong>L.</strong></span> <span class='ocrx_word' id='word_1_338' title='bbox 662 2992 934 3047; x_wconf 75' lang='lat' dir='ltr'><strong>Caeterum</strong></span> <span class='ocrx_word' id='word_1_339' title='bbox 993 2990 1293 3062; x_wconf 85' lang='lat' dir='ltr'><strong>Apostolus</strong></span> <span class='ocrx_word' id='word_1_340' title='bbox 1342 2991 1594 3048; x_wconf 85' lang='lat' dir='ltr'><strong>eumdem</strong></span> <span class='ocrx_word' id='word_1_341' title='bbox 1644 2993 1942 3050; x_wconf 83' lang='lat' dir='ltr'><strong>dilectionis</strong></span> <span class='ocrx_word' id='word_1_342' title='bbox 1990 3011 2082 3066; x_wconf 85' lang='lat' dir='ltr'><strong>ap-</strong></span> 
     </span>
    </p>
   </div>
   <div class='ocr_carea' id='block_1_48' title="bbox 486 3082 2080 3157">
    <p class='ocr_par' dir='ltr' id='par_1_48' title="bbox 486 3082 2080 3157">
     <span class='ocr_line' id='line_1_48' title="bbox 486 3082 2080 3157; baseline 0.001 -17"><span class='ocrx_word' id='word_1_343' title='bbox 486 3086 651 3157; x_wconf 83' lang='lat' dir='ltr'><strong>pellat</strong></span> <span class='ocrx_word' id='word_1_344' title='bbox 675 3084 881 3138; x_wconf 86' lang='lat' dir='ltr'><strong>Filium</strong></span> <span class='ocrx_word' id='word_1_345' title='bbox 906 3100 925 3138; x_wconf 88' lang='lat'><strong><em>:</em></strong></span> <span class='ocrx_word' id='word_1_346' title='bbox 960 3082 1066 3149; x_wconf 84' lang='lat' dir='ltr'><strong>Qui</strong></span> <span class='ocrx_word' id='word_1_347' title='bbox 1093 3083 1339 3138; x_wconf 77' lang='lat' dir='ltr'><strong>liberavit</strong></span> <span class='ocrx_word' id='word_1_348' title='bbox 1370 3100 1488 3150; x_wconf 84' lang='lat' dir='ltr'><strong>nos,</strong></span> <span class='ocrx_word' id='word_1_349' title='bbox 1525 3084 1726 3155; x_wconf 90' lang='lat' dir='ltr'><strong>inquit,</strong></span> <span class='ocrx_word' id='word_1_350' title='bbox 1769 3103 1797 3141; x_wconf 90' lang='lat' dir='ltr'><strong>e</strong></span> <span class='ocrx_word' id='word_1_351' title='bbox 1821 3097 2080 3156; x_wconf 86' lang='lat' dir='ltr'><strong>potestate</strong></span> 
     </span>
    </p>
   </div>
   <div class='ocr_carea' id='block_1_49' title="bbox 2180 1980 3783 2051">
    <p class='ocr_par' dir='ltr' id='par_1_49' title="bbox 2180 1980 3783 2051">
     <span class='ocr_line' id='line_1_49' title="bbox 2180 1980 3783 2051; baseline 0 -17"><span class='ocrx_word' id='word_1_352' title='bbox 2180 1982 2281 2034; x_wconf 78' lang='grc' dir='ltr'>καὶ</span> <span class='ocrx_word' id='word_1_353' title='bbox 2307 1981 2454 2050; x_wconf 79' lang='grc' dir='ltr'><strong>ἔθνη</strong></span> <span class='ocrx_word' id='word_1_354' title='bbox 2490 1983 2611 2037; x_wconf 81' lang='grc' dir='ltr'><strong>ὑπὸ</strong></span> <span class='ocrx_word' id='word_1_355' title='bbox 2646 1981 2789 2048; x_wconf 84' lang='grc' dir='ltr'>τοὺς</span> <span class='ocrx_word' id='word_1_356' title='bbox 2828 1980 3021 2048; x_wconf 77' lang='grc' dir='ltr'>πόδας</span> <span class='ocrx_word' id='word_1_357' title='bbox 3065 1980 3256 2051; x_wconf 74' lang='grc' dir='ltr'>ἡμῶν,</span> <span class='ocrx_word' id='word_1_358' title='bbox 3298 1981 3416 2050; x_wconf 76' lang='grc' dir='ltr'><strong>τὴν</strong></span> <span class='ocrx_word' id='word_1_359' title='bbox 3458 1981 3783 2049; x_wconf 72' lang='grc' dir='ltr'>καλλονήν</span> 
     </span>
    </p>
   </div>
   <div class='ocr_carea' id='block_1_50' title="bbox 2194 2073 3781 2145">
    <p class='ocr_par' dir='ltr' id='par_1_50' title="bbox 2194 2073 3781 2145">
     <span class='ocr_line' id='line_1_50' title="bbox 2194 2073 3781 2145; baseline -0.003 -14"><span class='ocrx_word' id='word_1_360' title='bbox 2194 2075 2408 2131; x_wconf 80' lang='grc' dir='ltr'>Ἰακὼὸ</span> <span class='ocrx_word' id='word_1_361' title='bbox 2448 2075 2530 2143; x_wconf 74' lang='grc' dir='ltr'><strong>ἣν</strong></span> <span class='ocrx_word' id='word_1_362' title='bbox 2572 2074 2886 2145; x_wconf 73' lang='grc' dir='ltr'><strong>ἠγάπησε,</strong></span> <span class='ocrx_word' id='word_1_363' title='bbox 2920 2074 3171 2129; x_wconf 80' lang='grc' dir='ltr'><strong>τουτέστι</strong></span> <span class='ocrx_word' id='word_1_364' title='bbox 3218 2075 3280 2127; x_wconf 84' lang='grc' dir='ltr'><strong>τὸ</strong></span> <span class='ocrx_word' id='word_1_365' title='bbox 3328 2074 3639 2145; x_wconf 80' lang='grc' dir='ltr'>ἀκραιφνὲς</span> <span class='ocrx_word' id='word_1_366' title='bbox 3680 2073 3781 2142; x_wconf 67' lang='grc' dir='ltr'><strong>τῆς</strong></span> 
     </span>
    </p>
   </div>
   <div class='ocr_carea' id='block_1_51' title="bbox 2182 2166 3781 2242">
    <p class='ocr_par' dir='ltr' id='par_1_51' title="bbox 2182 2166 3781 2242">
     <span class='ocr_line' id='line_1_51' title="bbox 2182 2166 3781 2242; baseline -0.003 -20"><span class='ocrx_word' id='word_1_367' title='bbox 2182 2168 2447 2242; x_wconf 76' lang='grc' dir='ltr'><strong>καλλονῆς</strong></span> <span class='ocrx_word' id='word_1_368' title='bbox 2471 2168 2665 2233; x_wconf 83' lang='grc' dir='ltr'>αὐτοῦ,</span> <span class='ocrx_word' id='word_1_369' title='bbox 2698 2168 2822 2222; x_wconf 82' lang='grc' dir='ltr'>ὅλου</span> <span class='ocrx_word' id='word_1_370' title='bbox 2858 2167 2954 2221; x_wconf 90' lang='grc' dir='ltr'><strong>τοῦ</strong></span> <span class='ocrx_word' id='word_1_371' title='bbox 2994 2166 3192 2221; x_wconf 83' lang='grc' dir='ltr'>Ἰακὼό</span> <span class='ocrx_word' id='word_1_372' title='bbox 3230 2168 3333 2239; x_wconf 78' lang='grc' dir='ltr'>τὴν</span> <span class='ocrx_word' id='word_1_373' title='bbox 3360 2166 3652 2237; x_wconf 80' lang='grc' dir='ltr'>καλλονὴν,</span> <span class='ocrx_word' id='word_1_374' title='bbox 3682 2167 3781 2236; x_wconf 80' lang='grc' dir='ltr'>τὴν</span> 
     </span>
    </p>
   </div>
   <div class='ocr_carea' id='block_1_52' title="bbox 2184 2258 3782 2333">
    <p class='ocr_par' dir='ltr' id='par_1_52' title="bbox 2184 2258 3782 2333">
     <span class='ocr_line' id='line_1_52' title="bbox 2184 2258 3782 2333; baseline -0.002 -19"><span class='ocrx_word' id='word_1_375' title='bbox 2184 2262 2365 2333; x_wconf 83' lang='grc' dir='ltr'>σάρκα</span> <span class='ocrx_word' id='word_1_376' title='bbox 2394 2261 2492 2333; x_wconf 81' lang='grc' dir='ltr'>τὴν</span> <span class='ocrx_word' id='word_1_377' title='bbox 2520 2262 2629 2315; x_wconf 79' lang='grc' dir='ltr'><strong>ἀπὸ</strong></span> <span class='ocrx_word' id='word_1_378' title='bbox 2658 2261 2878 2333; x_wconf 83' lang='grc' dir='ltr'>Μαρίας</span> <span class='ocrx_word' id='word_1_379' title='bbox 2909 2260 3001 2315; x_wconf 84' lang='grc' dir='ltr'>διὰ</span> <span class='ocrx_word' id='word_1_380' title='bbox 3042 2260 3367 2332; x_wconf 74' lang='grc' dir='ltr'>Πνεῦματος</span> <span class='ocrx_word' id='word_1_381' title='bbox 3414 2260 3573 2328; x_wconf 80' lang='grc' dir='ltr'>ἁγίου</span> <span class='ocrx_word' id='word_1_382' title='bbox 3623 2258 3782 2314; x_wconf 66' lang='grc' dir='ltr'>ἐκλε-</span> 
     </span>
    </p>
   </div>
   <div class='ocr_carea' id='block_1_53' title="bbox 2181 2353 3781 2426">
    <p class='ocr_par' dir='ltr' id='par_1_53' title="bbox 2181 2353 3781 2426">
     <span class='ocr_line' id='line_1_53' title="bbox 2181 2353 3781 2426; baseline -0.002 -18"><span class='ocrx_word' id='word_1_383' title='bbox 2181 2355 2475 2426; x_wconf 84' lang='grc' dir='ltr'>λεγμένην.</span> <span class='ocrx_word' id='word_1_384' title='bbox 2510 2356 2583 2408; x_wconf 85' lang='grc' dir='ltr'><strong>Τὸ</strong></span> <span class='ocrx_word' id='word_1_385' title='bbox 2616 2356 2910 2426; x_wconf 84' lang='grc' dir='ltr'>γενόμενον</span> <span class='ocrx_word' id='word_1_386' title='bbox 2941 2355 3044 2426; x_wconf 82' lang='grc' dir='ltr'>τῆς</span> <span class='ocrx_word' id='word_1_387' title='bbox 3084 2355 3398 2425; x_wconf 75' lang='grc' dir='ltr'>οἰκονομίας</span> <span class='ocrx_word' id='word_1_388' title='bbox 3436 2355 3538 2424; x_wconf 82' lang='grc' dir='ltr'>τῆς</span> <span class='ocrx_word' id='word_1_389' title='bbox 3574 2353 3781 2423; x_wconf 67' lang='grc' dir='ltr'>σαρκὸς</span> 
     </span>
    </p>
   </div>
   <div class='ocr_carea' id='block_1_54' title="bbox 2182 2445 3784 2521">
    <p class='ocr_par' dir='ltr' id='par_1_54' title="bbox 2182 2445 3784 2521">
     <span class='ocr_line' id='line_1_54' title="bbox 2182 2445 3784 2521; baseline -0.002 -21"><span class='ocrx_word' id='word_1_390' title='bbox 2182 2447 2321 2519; x_wconf 86' lang='grc' dir='ltr'>πρὸς</span> <span class='ocrx_word' id='word_1_391' title='bbox 2361 2448 2615 2520; x_wconf 74' lang='grc' dir='ltr'><strong>Ἰωάννην</strong></span> <span class='ocrx_word' id='word_1_392' title='bbox 2640 2448 2733 2503; x_wconf 76' lang='grc' dir='ltr'>τὸν</span> <span class='ocrx_word' id='word_1_393' title='bbox 2765 2447 3081 2519; x_wconf 84' lang='grc' dir='ltr'>Βαπτιστὴν</span> <span class='ocrx_word' id='word_1_394' title='bbox 3116 2447 3339 2514; x_wconf 78' lang='grc' dir='ltr'><strong>ἔδειξεν.</strong></span> <span class='ocrx_word' id='word_1_395' title='bbox 3361 2445 3571 2500; x_wconf 78' lang='grc' dir='ltr'>ἄνωθεν</span> <span class='ocrx_word' id='word_1_396' title='bbox 3602 2448 3639 2521; x_wconf 21' lang='grc' dir='ltr'>,ὁ</span> <span class='ocrx_word' id='word_1_397' title='bbox 3670 2446 3784 2497; x_wconf 75' lang='lat' dir='ltr'><strong>D2.-</strong></span> 
     </span>
    </p>
   </div>
   <div class='ocr_carea' id='block_1_55' title="bbox 2180 2535 3780 2613">
    <p class='ocr_par' dir='ltr' id='par_1_55' title="bbox 2180 2535 3780 2613">
     <span class='ocr_line' id='line_1_55' title="bbox 2180 2535 3780 2613; baseline -0.003 -20"><span class='ocrx_word' id='word_1_398' title='bbox 2180 2540 2325 2613; x_wconf 82' lang='grc' dir='ltr'><strong>τήρ·</strong></span> <span class='ocrx_word' id='word_1_399' title='bbox 2381 2540 2651 2613; x_wconf 81' lang='grc' dir='ltr'><strong>ηὐδόκησε</strong></span> <span class='ocrx_word' id='word_1_400' title='bbox 2694 2543 2803 2612; x_wconf 77' lang='grc' dir='ltr'><strong>γὰρ</strong></span> <span class='ocrx_word' id='word_1_401' title='bbox 2843 2541 2873 2592; x_wconf 87' lang='grc' dir='ltr'>ὁ</span> <span class='ocrx_word' id='word_1_402' title='bbox 2921 2538 3112 2610; x_wconf 78' lang='grc' dir='ltr'>Πατὴρ</span> <span class='ocrx_word' id='word_1_403' title='bbox 3162 2540 3221 2593; x_wconf 82' lang='grc' dir='ltr'>ὲν</span> <span class='ocrx_word' id='word_1_404' title='bbox 3269 2540 3337 2609; x_wconf 80' lang='grc' dir='ltr'>τῇ</span> <span class='ocrx_word' id='word_1_405' title='bbox 3390 2538 3645 2609; x_wconf 74' lang='grc' dir='ltr'>ὲνσάρκῳ</span> <span class='ocrx_word' id='word_1_406' title='bbox 3685 2535 3780 2589; x_wconf 85' lang='grc' dir='ltr'><strong>τοῦ</strong></span> 
     </span>
    </p>
   </div>
   <div class='ocr_carea' id='block_1_56' title="bbox 2183 2627 3783 2711">
    <p class='ocr_par' dir='ltr' id='par_1_56' title="bbox 2183 2627 3783 2711">
     <span class='ocr_line' id='line_1_56' title="bbox 2183 2627 3783 2711; baseline -0.004 -21"><span class='ocrx_word' id='word_1_407' title='bbox 2183 2634 2427 2708; x_wconf 77' lang='grc' dir='ltr'>Χριστοῦ</span> <span class='ocrx_word' id='word_1_408' title='bbox 2467 2634 2773 2711; x_wconf 75' lang='grc' dir='ltr'>παρουσίᾳο</span> <span class='ocrx_word' id='word_1_409' title='bbox 2806 2635 2843 2705; x_wconf 76' lang='grc' dir='ltr'>ἡ</span> <span class='ocrx_word' id='word_1_410' title='bbox 2890 2632 2948 2688; x_wconf 79' lang='grc' dir='ltr'><strong>δὲ</strong></span> <span class='ocrx_word' id='word_1_411' title='bbox 2993 2632 3185 2705; x_wconf 83' lang='grc' dir='ltr'>θεότης</span> <span class='ocrx_word' id='word_1_412' title='bbox 3232 2630 3479 2703; x_wconf 77' lang='grc' dir='ltr'><strong>ἀπείρως</strong></span> <span class='ocrx_word' id='word_1_413' title='bbox 3527 2629 3647 2702; x_wconf 74' lang='grc' dir='ltr'>ἔχει</span> <span class='ocrx_word' id='word_1_414' title='bbox 3683 2627 3783 2700; x_wconf 73' lang='grc' dir='ltr'><strong>τῆς</strong></span> 
     </span>
    </p>
   </div>
   <div class='ocr_carea' id='block_1_57' title="bbox 2181 2728 2424 2799">
    <p class='ocr_par' dir='ltr' id='par_1_57' title="bbox 2181 2728 2424 2799">
     <span class='ocr_line' id='line_1_57' title="bbox 2181 2728 2424 2799; baseline 0.016 -18"><span class='ocrx_word' id='word_1_415' title='bbox 2181 2728 2424 2799; x_wconf 74' lang='grc' dir='ltr'>φύσεως.</span> 
     </span>
    </p>
   </div>
   <div class='ocr_carea' id='block_1_58' title="bbox 2186 2988 3781 3063">
    <p class='ocr_par' dir='ltr' id='par_1_58' title="bbox 2186 2988 3781 3063">
     <span class='ocr_line' id='line_1_58' title="bbox 2186 2988 3781 3063; baseline 0.003 -20"><span class='ocrx_word' id='word_1_416' title='bbox 2186 2990 2193 2998; x_wconf 83' lang='grc'><em>’</em></span> <span class='ocrx_word' id='word_1_417' title='bbox 2256 2989 2339 3043; x_wconf 83' lang='grc' dir='ltr'><strong>Ν’.</strong></span> <span class='ocrx_word' id='word_1_418' title='bbox 2382 2989 2547 3057; x_wconf 75' lang='grc' dir='ltr'>Λέγει</span> <span class='ocrx_word' id='word_1_419' title='bbox 2577 2988 2635 3041; x_wconf 79' lang='grc' dir='ltr'><strong>δὲ</strong></span> <span class='ocrx_word' id='word_1_420' title='bbox 2676 2989 2839 3045; x_wconf 75' lang='grc' dir='ltr'>αὑτὸν</span> <span class='ocrx_word' id='word_1_421' title='bbox 2876 2992 2906 3045; x_wconf 79' lang='grc' dir='ltr'><strong>ό</strong></span> <span class='ocrx_word' id='word_1_422' title='bbox 2955 2990 3279 3056; x_wconf 79' lang='grc' dir='ltr'>’Δπόστολος</span> <span class='ocrx_word' id='word_1_423' title='bbox 3322 2992 3418 3046; x_wconf 72' lang='grc' dir='ltr'><strong>καὶ</strong></span> <span class='ocrx_word' id='word_1_424' title='bbox 3461 2992 3600 3054; x_wconf 53' lang='lat' dir='ltr'><strong>fit}?</strong></span> <span class='ocrx_word' id='word_1_425' title='bbox 3647 2992 3781 3063; x_wconf 71' lang='grc' dir='ltr'><strong>ἀγὸ-</strong></span> 
     </span>
    </p>
   </div>
   <div class='ocr_carea' id='block_1_59' title="bbox 2185 3083 3781 3155">
    <p class='ocr_par' dir='ltr' id='par_1_59' title="bbox 2185 3083 3781 3155">
     <span class='ocr_line' id='line_1_59' title="bbox 2185 3083 3781 3155; baseline 0.003 -18"><span class='ocrx_word' id='word_1_426' title='bbox 2185 3102 2311 3152; x_wconf 65' lang='lat' dir='ltr'><strong>anc</strong></span> <span class='ocrx_word' id='word_1_427' title='bbox 2335 3100 2349 3114; x_wconf 90' lang='grc'><strong>·</strong></span> <span class='ocrx_word' id='word_1_428' title='bbox 2381 3085 2480 3149; x_wconf 77' lang='grc' dir='ltr'><strong>’⁸ος</strong></span> <span class='ocrx_word' id='word_1_429' title='bbox 2511 3083 2809 3152; x_wconf 75' lang='grc' dir='ltr'>ὲῤῥύσατο</span> <span class='ocrx_word' id='word_1_430' title='bbox 2841 3083 3001 3154; x_wconf 74' lang='grc' dir='ltr'>ἡμᾶς</span> <span class='ocrx_word' id='word_1_431' title='bbox 3019 3124 3035 3149; x_wconf 87' lang='grc'><strong>,</strong></span> <span class='ocrx_word' id='word_1_432' title='bbox 3064 3086 3219 3155; x_wconf 64' lang='grc' dir='ltr'>φησι,</span> <span class='ocrx_word' id='word_1_433' title='bbox 3261 3086 3329 3139; x_wconf 72' lang='grc' dir='ltr'>ἐκ</span> <span class='ocrx_word' id='word_1_434' title='bbox 3355 3086 3469 3155; x_wconf 80' lang='grc' dir='ltr'>τῆς</span> <span class='ocrx_word' id='word_1_435' title='bbox 3491 3086 3781 3153; x_wconf 81' lang='grc' dir='ltr'>ἐξουσίας</span> 
     </span>
    </p>
   </div>
   <div class='ocr_carea' id='block_1_60' title="bbox 487 3177 2080 3251">
    <p class='ocr_par' dir='ltr' id='par_1_60' title="bbox 487 3178 2079 3251">
     <span class='ocr_line' id='line_1_60' title="bbox 487 3178 2079 3251; baseline -0.001 -16"><span class='ocrx_word' id='word_1_436' title='bbox 487 3180 845 3246; x_wconf 81' lang='lat' dir='ltr'><strong>tenebrarum,</strong></span> <span class='ocrx_word' id='word_1_437' title='bbox 871 3189 922 3234; x_wconf 89' lang='lat' dir='ltr'><strong>et</strong></span> <span class='ocrx_word' id='word_1_438' title='bbox 950 3180 1232 3235; x_wconf 84' lang='lat' dir='ltr'><strong>transtulit</strong></span> <span class='ocrx_word' id='word_1_439' title='bbox 1261 3181 1317 3234; x_wconf 88' lang='lat' dir='ltr'><strong>in</strong></span> <span class='ocrx_word' id='word_1_440' title='bbox 1351 3196 1574 3251; x_wconf 80' lang='lat' dir='ltr'><strong>regnum</strong></span> <span class='ocrx_word' id='word_1_441' title='bbox 1614 3178 1745 3234; x_wconf 80' lang='lat' dir='ltr'><strong>Filii</strong></span> <span class='ocrx_word' id='word_1_442' title='bbox 1775 3180 2079 3233; x_wconf 71' lang='lat' dir='ltr'><strong>dilectionis</strong></span> 
     </span>
    </p>
   </div>
   <div class='ocr_carea' id='block_1_61' title="bbox 2182 3177 3783 3251">
    <p class='ocr_par' dir='ltr' id='par_1_61' title="bbox 2188 3177 3783 3247">
     <span class='ocr_line' id='line_1_61' title="bbox 2188 3177 3783 3247; baseline 0.003 -16"><span class='ocrx_word' id='word_1_443' title='bbox 2188 3178 2297 3231; x_wconf 84' lang='grc' dir='ltr'><strong>τοῦ</strong></span> <span class='ocrx_word' id='word_1_444' title='bbox 2320 3179 2589 3244; x_wconf 81' lang='grc' dir='ltr'>σκότους</span> <span class='ocrx_word' id='word_1_445' title='bbox 2605 3215 2623 3241; x_wconf 86' lang='lat'><strong>,</strong></span> <span class='ocrx_word' id='word_1_446' title='bbox 2659 3177 2760 3231; x_wconf 79' lang='grc' dir='ltr'>καὶ</span> <span class='ocrx_word' id='word_1_447' title='bbox 2787 3178 3169 3247; x_wconf 76' lang='grc' dir='ltr'>μετέστησεν</span> <span class='ocrx_word' id='word_1_448' title='bbox 3198 3181 3286 3245; x_wconf 82' lang='grc' dir='ltr'><strong>εὶς</strong></span> <span class='ocrx_word' id='word_1_449' title='bbox 3311 3179 3427 3247; x_wconf 80' lang='grc' dir='ltr'><strong>τὴν</strong></span> <span class='ocrx_word' id='word_1_450' title='bbox 3449 3181 3783 3245; x_wconf 71' lang='grc' dir='ltr'>,Βασιλείαν</span> 
     </span>
    </p>
   </div>
   <div class='ocr_carea' id='block_1_62' title="bbox 485 3272 2085 3367">
    <p class='ocr_par' dir='ltr' id='par_1_62' title="bbox 485 3272 2085 3367">
     <span class='ocr_line' id='line_1_62' title="bbox 485 3272 2085 3367; baseline -0.001 -37"><span class='ocrx_word' id='word_1_451' title='bbox 485 3292 598 3337; x_wconf 80' lang='lat' dir='ltr'><strong>sua:</strong></span> <span class='ocrx_word' id='word_1_452' title='bbox 621 3274 665 3329; x_wconf 82' lang='lat'><strong>&#39;.</strong></span> <span class='ocrx_word' id='word_1_453' title='bbox 695 3274 868 3345; x_wconf 88' lang='lat' dir='ltr'><strong>Cujus</strong></span> <span class='ocrx_word' id='word_1_454' title='bbox 894 3274 1156 3330; x_wconf 87' lang='lat' dir='ltr'><strong>dictionis</strong></span> <span class='ocrx_word' id='word_1_455' title='bbox 1182 3274 1292 3329; x_wconf 86' lang='lat' dir='ltr'><strong>vim</strong></span> <span class='ocrx_word' id='word_1_456' title='bbox 1319 3274 1659 3367; x_wconf 71' lang='lat' dir='ltr'><strong>ignorantes,</strong></span> <span class='ocrx_word' id='word_1_457' title='bbox 1687 3272 1925 3344; x_wconf 90' lang='lat' dir='ltr'><strong>quadam</strong></span> <span class='ocrx_word' id='word_1_458' title='bbox 1957 3278 2085 3344; x_wconf 86' lang='lat' dir='ltr'><strong>pro-</strong></span> 
     </span>
    </p>
   </div>
   <div class='ocr_carea' id='block_1_63' title="bbox 484 3362 2103 3438">
    <p class='ocr_par' dir='ltr' id='par_1_63' title="bbox 484 3362 2103 3438">
     <span class='ocr_line' id='line_1_63' title="bbox 484 3362 2103 3438; baseline 0.001 -17"><span class='ocrx_word' id='word_1_459' title='bbox 484 3369 775 3438; x_wconf 79' lang='lat' dir='ltr'><strong>gressione</strong></span> <span class='ocrx_word' id='word_1_460' title='bbox 804 3367 1095 3422; x_wconf 85' lang='lat' dir='ltr'><strong>charitatis</strong></span> <span class='ocrx_word' id='word_1_461' title='bbox 1130 3366 1226 3421; x_wconf 90' lang='lat' dir='ltr'><strong>Dei</strong></span> <span class='ocrx_word' id='word_1_462' title='bbox 1257 3362 1458 3421; x_wconf 81' lang='lat' dir='ltr'><strong>Filium</strong></span> <span class='ocrx_word' id='word_1_463' title='bbox 1492 3367 1776 3423; x_wconf 81' lang='lat' dir='ltr'><strong>exstitisse</strong></span> <span class='ocrx_word' id='word_1_464' title='bbox 1809 3374 2039 3422; x_wconf 87' lang='lat' dir='ltr'><strong>censent</strong></span> <span class='ocrx_word' id='word_1_465' title='bbox 2069 3362 2103 3422; x_wconf 23' lang='lat'><strong>:‘</strong></span> 
     </span>
    </p>
   </div>
   <div class='ocr_carea' id='block_1_64' title="bbox 490 3455 2088 3527">
    <p class='ocr_par' dir='ltr' id='par_1_64' title="bbox 490 3455 2088 3527">
     <span class='ocr_line' id='line_1_64' title="bbox 490 3455 2088 3527; baseline 0 -18"><span class='ocrx_word' id='word_1_466' title='bbox 490 3472 673 3525; x_wconf 87' lang='lat' dir='ltr'><strong>neque</strong></span> <span class='ocrx_word' id='word_1_467' title='bbox 701 3455 805 3509; x_wconf 90' lang='lat' dir='ltr'><strong>loci</strong></span> <span class='ocrx_word' id='word_1_468' title='bbox 841 3456 990 3510; x_wconf 90' lang='lat' dir='ltr'><strong>illius</strong></span> <span class='ocrx_word' id='word_1_469' title='bbox 1026 3470 1153 3509; x_wconf 89' lang='lat' dir='ltr'><strong>cum</strong></span> <span class='ocrx_word' id='word_1_470' title='bbox 1184 3456 1359 3509; x_wconf 88' lang='lat' dir='ltr'><strong>altero</strong></span> <span class='ocrx_word' id='word_1_471' title='bbox 1393 3456 1864 3526; x_wconf 89' lang='lat' dir='ltr'><strong>comparationem</strong></span> <span class='ocrx_word' id='word_1_472' title='bbox 1912 3456 2088 3527; x_wconf 90' lang='lat' dir='ltr'><strong>impe-</strong></span> 
     </span>
    </p>
   </div>
   <div class='ocr_carea' id='block_1_65' title="bbox 489 3546 2087 3620">
    <p class='ocr_par' dir='ltr' id='par_1_65' title="bbox 489 3546 2087 3620">
     <span class='ocr_line' id='line_1_65' title="bbox 489 3546 2087 3620; baseline 0.001 -19"><span class='ocrx_word' id='word_1_473' title='bbox 489 3548 583 3602; x_wconf 88' lang='lat' dir='ltr'><strong>riti</strong></span> <span class='ocrx_word' id='word_1_474' title='bbox 616 3547 867 3604; x_wconf 87' lang='lat' dir='ltr'><strong>homines</strong></span> <span class='ocrx_word' id='word_1_475' title='bbox 900 3547 1232 3618; x_wconf 88' lang='lat' dir='ltr'><strong>intelligunt.</strong></span> <span class='ocrx_word' id='word_1_476' title='bbox 1265 3546 1401 3603; x_wconf 88' lang='lat' dir='ltr'><strong>Nam</strong></span> <span class='ocrx_word' id='word_1_477' title='bbox 1430 3550 1540 3603; x_wconf 89' lang='lat' dir='ltr'><strong>alio</strong></span> <span class='ocrx_word' id='word_1_478' title='bbox 1574 3549 1630 3603; x_wconf 92' lang='lat' dir='ltr'><strong>in</strong></span> <span class='ocrx_word' id='word_1_479' title='bbox 1658 3550 1783 3603; x_wconf 92' lang='lat' dir='ltr'><strong>loco</strong></span> <span class='ocrx_word' id='word_1_480' title='bbox 1820 3550 1901 3604; x_wconf 91' lang='lat' dir='ltr'><strong>sic</strong></span> <span class='ocrx_word' id='word_1_481' title='bbox 1938 3550 2087 3620; x_wconf 87' lang='lat' dir='ltr'><strong>Apo-</strong></span> 
     </span>
    </p>
   </div>
   <div class='ocr_carea' id='block_1_66' title="bbox 490 3639 2088 3710">
    <p class='ocr_par' dir='ltr' id='par_1_66' title="bbox 490 3639 2088 3710">
     <span class='ocr_line' id='line_1_66' title="bbox 490 3639 2088 3710; baseline 0 -14"><span class='ocrx_word' id='word_1_482' title='bbox 490 3640 669 3696; x_wconf 85' lang='lat' dir='ltr'><strong>stolus</strong></span> <span class='ocrx_word' id='word_1_483' title='bbox 710 3640 989 3710; x_wconf 89' lang='lat' dir='ltr'><strong>loquitur:</strong></span> <span class='ocrx_word' id='word_1_484' title='bbox 1022 3639 1166 3694; x_wconf 86' lang='lat' dir='ltr'><strong>Deus</strong></span> <span class='ocrx_word' id='word_1_485' title='bbox 1200 3640 1387 3695; x_wconf 75' lang='lat' dir='ltr'><strong>dilexit</strong></span> <span class='ocrx_word' id='word_1_486' title='bbox 1421 3657 1516 3696; x_wconf 87' lang='lat' dir='ltr'><strong>nos</strong></span> <span class='ocrx_word' id='word_1_487' title='bbox 1549 3642 1605 3695; x_wconf 78' lang='lat' dir='ltr'><strong>in</strong></span> <span class='ocrx_word' id='word_1_488' title='bbox 1636 3640 1850 3696; x_wconf 79' lang='lat' dir='ltr'><strong>Christo</strong></span> <span class='ocrx_word' id='word_1_489' title='bbox 1872 3642 1914 3695; x_wconf 80' lang='grc'><strong>⁸.</strong></span> <span class='ocrx_word' id='word_1_490' title='bbox 1947 3640 2088 3696; x_wconf 76' lang='lat' dir='ltr'><strong>Vere</strong></span> 
     </span>
    </p>
   </div>
   <div class='ocr_carea' id='block_1_67' title="bbox 489 3731 2085 3803">
    <p class='ocr_par' dir='ltr' id='par_1_67' title="bbox 489 3731 2085 3803">
     <span class='ocr_line' id='line_1_67' title="bbox 489 3731 2085 3803; baseline -0.001 -15"><span class='ocrx_word' id='word_1_491' title='bbox 489 3732 640 3788; x_wconf 89' lang='lat' dir='ltr'><strong>enim</strong></span> <span class='ocrx_word' id='word_1_492' title='bbox 677 3731 852 3787; x_wconf 87' lang='lat' dir='ltr'><strong>Filius</strong></span> <span class='ocrx_word' id='word_1_493' title='bbox 907 3732 1141 3787; x_wconf 80' lang='lat' dir='ltr'><strong>dilectus</strong></span> <span class='ocrx_word' id='word_1_494' title='bbox 1179 3743 1265 3787; x_wconf 89' lang='lat' dir='ltr'><strong>cst</strong></span> <span class='ocrx_word' id='word_1_495' title='bbox 1321 3733 1639 3802; x_wconf 78' lang='lat' dir='ltr'><strong>unigenitus</strong></span> <span class='ocrx_word' id='word_1_496' title='bbox 1670 3733 1783 3799; x_wconf 90' lang='lat' dir='ltr'><strong>ille,</strong></span> <span class='ocrx_word' id='word_1_497' title='bbox 1823 3733 2085 3803; x_wconf 84' lang='lat' dir='ltr'><strong>quoniam</strong></span> 
     </span>
    </p>
   </div>
   <div class='ocr_carea' id='block_1_68' title="bbox 491 3824 2088 3891">
    <p class='ocr_par' dir='ltr' id='par_1_68' title="bbox 491 3824 2088 3891">
     <span class='ocr_line' id='line_1_68' title="bbox 491 3824 2088 3891; baseline 0.001 -12"><span class='ocrx_word' id='word_1_498' title='bbox 491 3824 715 3879; x_wconf 87' lang='lat' dir='ltr'><strong>dilectio</strong></span> <span class='ocrx_word' id='word_1_499' title='bbox 746 3832 834 3879; x_wconf 89' lang='lat' dir='ltr'><strong>est</strong></span> <span class='ocrx_word' id='word_1_500' title='bbox 874 3824 1058 3890; x_wconf 84' lang='lat' dir='ltr'><strong>Pater,</strong></span> <span class='ocrx_word' id='word_1_501' title='bbox 1110 3824 1337 3880; x_wconf 83' lang='lat' dir='ltr'><strong>dilectio</strong></span> <span class='ocrx_word' id='word_1_502' title='bbox 1381 3824 1578 3891; x_wconf 88' lang='lat' dir='ltr'><strong>Filius,</strong></span> <span class='ocrx_word' id='word_1_503' title='bbox 1622 3835 1679 3881; x_wconf 91' lang='lat' dir='ltr'><strong>et</strong></span> <span class='ocrx_word' id='word_1_504' title='bbox 1721 3841 1751 3880; x_wconf 90' lang='lat' dir='ltr'><strong>a</strong></span> <span class='ocrx_word' id='word_1_505' title='bbox 1791 3825 2088 3881; x_wconf 87' lang='lat' dir='ltr'><strong>dilectione</strong></span> 
     </span>
    </p>
   </div>
   <div class='ocr_carea' id='block_1_69' title="bbox 490 3916 2089 3983">
    <p class='ocr_par' dir='ltr' id='par_1_69' title="bbox 490 3916 2089 3983">
     <span class='ocr_line' id='line_1_69' title="bbox 490 3916 2089 3983; baseline 0.001 -11"><span class='ocrx_word' id='word_1_506' title='bbox 490 3924 578 3973; x_wconf 88' lang='lat' dir='ltr'><strong>cst</strong></span> <span class='ocrx_word' id='word_1_507' title='bbox 604 3927 725 3972; x_wconf 90' lang='lat' dir='ltr'><strong>orta</strong></span> <span class='ocrx_word' id='word_1_508' title='bbox 764 3916 1009 3972; x_wconf 86' lang='lat' dir='ltr'><strong>dilectio.</strong></span> <span class='ocrx_word' id='word_1_509' title='bbox 1051 3916 1419 3983; x_wconf 86' lang='lat' dir='ltr'><strong>Quamobrem</strong></span> <span class='ocrx_word' id='word_1_510' title='bbox 1461 3917 1764 3973; x_wconf 79' lang='lat' dir='ltr'><strong>dilectionis</strong></span> <span class='ocrx_word' id='word_1_511' title='bbox 1794 3916 1971 3972; x_wconf 82' lang='lat' dir='ltr'><strong>Filius</strong></span> <span class='ocrx_word' id='word_1_512' title='bbox 2003 3927 2089 3973; x_wconf 88' lang='lat' dir='ltr'><strong>est</strong></span> 
     </span>
    </p>
   </div>
   <div class='ocr_carea' id='block_1_70' title="bbox 494 4010 2087 4082">
    <p class='ocr_par' dir='ltr' id='par_1_70' title="bbox 494 4010 2087 4082">
     <span class='ocr_line' id='line_1_70' title="bbox 494 4010 2087 4082; baseline 0.003 -19"><span class='ocrx_word' id='word_1_513' title='bbox 494 4017 604 4063; x_wconf 87' lang='lat' dir='ltr'><strong>tam</strong></span> <span class='ocrx_word' id='word_1_514' title='bbox 633 4016 857 4081; x_wconf 90' lang='lat' dir='ltr'><strong>propter</strong></span> <span class='ocrx_word' id='word_1_515' title='bbox 886 4024 1011 4072; x_wconf 89' lang='lat' dir='ltr'><strong>nos,</strong></span> <span class='ocrx_word' id='word_1_516' title='bbox 1045 4025 1208 4081; x_wconf 86' lang='lat' dir='ltr'><strong>quam</strong></span> <span class='ocrx_word' id='word_1_517' title='bbox 1249 4010 1319 4066; x_wconf 90' lang='lat' dir='ltr'><strong>ob</strong></span> <span class='ocrx_word' id='word_1_518' title='bbox 1345 4011 1556 4081; x_wconf 90' lang='lat' dir='ltr'><strong>ipsum;</strong></span> <span class='ocrx_word' id='word_1_519' title='bbox 1591 4010 1738 4082; x_wconf 89' lang='lat' dir='ltr'><strong>quod</strong></span> <span class='ocrx_word' id='word_1_520' title='bbox 1768 4012 1824 4066; x_wconf 93' lang='lat' dir='ltr'><strong>in</strong></span> <span class='ocrx_word' id='word_1_521' title='bbox 1847 4010 1943 4066; x_wconf 91' lang='lat' dir='ltr'><strong>illo</strong></span> <span class='ocrx_word' id='word_1_522' title='bbox 1983 4026 2087 4068; x_wconf 85' lang='lat' dir='ltr'><strong>nos</strong></span> 
     </span>
    </p>
   </div>
   <div class='ocr_carea' id='block_1_71' title="bbox 493 4102 2085 4176">
    <p class='ocr_par' dir='ltr' id='par_1_71' title="bbox 493 4102 2085 4176">
     <span class='ocr_line' id='line_1_71' title="bbox 493 4102 2085 4176; baseline 0.002 -20"><span class='ocrx_word' id='word_1_523' title='bbox 493 4103 767 4169; x_wconf 79' lang='lat' dir='ltr'><strong>dilexerit,</strong></span> <span class='ocrx_word' id='word_1_524' title='bbox 812 4113 873 4159; x_wconf 91' lang='lat' dir='ltr'><strong>et</strong></span> <span class='ocrx_word' id='word_1_525' title='bbox 904 4103 1127 4160; x_wconf 89' lang='lat' dir='ltr'><strong>unicum</strong></span> <span class='ocrx_word' id='word_1_526' title='bbox 1163 4102 1360 4159; x_wconf 90' lang='lat' dir='ltr'><strong>Filium</strong></span> <span class='ocrx_word' id='word_1_527' title='bbox 1392 4120 1555 4161; x_wconf 89' lang='lat' dir='ltr'><strong>suum</strong></span> <span class='ocrx_word' id='word_1_528' title='bbox 1588 4120 1686 4176; x_wconf 88' lang='lat' dir='ltr'><strong>pro</strong></span> <span class='ocrx_word' id='word_1_529' title='bbox 1712 4104 1876 4161; x_wconf 88' lang='lat' dir='ltr'><strong>nobis</strong></span> <span class='ocrx_word' id='word_1_530' title='bbox 1909 4105 2085 4161; x_wconf 88' lang='lat' dir='ltr'><strong>tradi-</strong></span> 
     </span>
    </p>
   </div>
   <div class='ocr_carea' id='block_1_72' title="bbox 492 4194 2087 4271">
    <p class='ocr_par' dir='ltr' id='par_1_72' title="bbox 492 4194 2087 4271">
     <span class='ocr_line' id='line_1_72' title="bbox 492 4194 2087 4271; baseline 0.004 -22"><span class='ocrx_word' id='word_1_531' title='bbox 492 4194 653 4252; x_wconf 89' lang='lat' dir='ltr'><strong>derit.</strong></span> <span class='ocrx_word' id='word_1_532' title='bbox 684 4194 802 4251; x_wconf 85' lang='lat' dir='ltr'><strong>Non</strong></span> <span class='ocrx_word' id='word_1_533' title='bbox 829 4197 997 4270; x_wconf 79' lang='lat' dir='ltr'><strong>igitur</strong></span> <span class='ocrx_word' id='word_1_534' title='bbox 1026 4199 1079 4252; x_wconf 93' lang='lat' dir='ltr'><strong>in</strong></span> <span class='ocrx_word' id='word_1_535' title='bbox 1099 4213 1265 4268; x_wconf 89' lang='lat' dir='ltr'><strong>opere</strong></span> <span class='ocrx_word' id='word_1_536' title='bbox 1288 4198 1567 4255; x_wconf 90' lang='lat' dir='ltr'><strong>moliendo</strong></span> <span class='ocrx_word' id='word_1_537' title='bbox 1594 4199 1880 4271; x_wconf 77' lang='lat' dir='ltr'><strong>fatigatur,</strong></span> <span class='ocrx_word' id='word_1_538' title='bbox 1905 4214 2087 4271; x_wconf 88' lang='lat' dir='ltr'><strong>neque</strong></span> 
     </span>
    </p>
   </div>
   <div class='ocr_carea' id='block_1_73' title="bbox 491 4287 2088 4361">
    <p class='ocr_par' dir='ltr' id='par_1_73' title="bbox 491 4287 2088 4361">
     <span class='ocr_line' id='line_1_73' title="bbox 491 4287 2088 4361; baseline 0.003 -17"><span class='ocrx_word' id='word_1_539' title='bbox 491 4287 602 4361; x_wconf 64' lang='grc'><strong>54</strong></span> <span class='ocrx_word' id='word_1_540' title='bbox 628 4290 856 4361; x_wconf 75' lang='lat' dir='ltr'><strong>gignens</strong></span> <span class='ocrx_word' id='word_1_541' title='bbox 888 4292 1116 4361; x_wconf 90' lang='lat' dir='ltr'><strong>patitur.</strong></span> <span class='ocrx_word' id='word_1_542' title='bbox 1157 4291 1423 4347; x_wconf 89' lang='lat' dir='ltr'><strong>Desinant</strong></span> <span class='ocrx_word' id='word_1_543' title='bbox 1461 4293 1774 4348; x_wconf 89' lang='lat' dir='ltr'><strong>istiusmodi</strong></span> <span class='ocrx_word' id='word_1_544' title='bbox 1798 4302 2088 4349; x_wconf 83' lang='lat' dir='ltr'><strong>contume-</strong></span> 
     </span>
    </p>
   </div>
   <div class='ocr_carea' id='block_1_74' title="bbox 491 4380 2086 4453">
    <p class='ocr_par' dir='ltr' id='par_1_74' title="bbox 491 4380 2086 4453">
     <span class='ocr_line' id='line_1_74' title="bbox 491 4380 2086 4453; baseline 0.004 -20"><span class='ocrx_word' id='word_1_545' title='bbox 491 4380 598 4434; x_wconf 88' lang='lat' dir='ltr'><strong>lias</strong></span> <span class='ocrx_word' id='word_1_546' title='bbox 637 4382 690 4435; x_wconf 90' lang='lat' dir='ltr'><strong>in</strong></span> <span class='ocrx_word' id='word_1_547' title='bbox 719 4383 1019 4452; x_wconf 84' lang='lat' dir='ltr'><strong>perniciem</strong></span> <span class='ocrx_word' id='word_1_548' title='bbox 1060 4398 1218 4439; x_wconf 89' lang='lat' dir='ltr'><strong>suam</strong></span> <span class='ocrx_word' id='word_1_549' title='bbox 1258 4383 1465 4439; x_wconf 81' lang='lat' dir='ltr'><strong>frustra</strong></span> <span class='ocrx_word' id='word_1_550' title='bbox 1494 4384 1792 4453; x_wconf 89' lang='lat' dir='ltr'><strong>conjicere.</strong></span> <span class='ocrx_word' id='word_1_551' title='bbox 1840 4383 1898 4439; x_wconf 92' lang='lat' dir='ltr'><strong>Si</strong></span> <span class='ocrx_word' id='word_1_552' title='bbox 1928 4399 2086 4440; x_wconf 85' lang='lat' dir='ltr'><strong>crea-</strong></span> 
     </span>
    </p>
   </div>
   <div class='ocr_carea' id='block_1_75' title="bbox 492 4471 2084 4546">
    <p class='ocr_par' dir='ltr' id='par_1_75' title="bbox 492 4471 2084 4546">
     <span class='ocr_line' id='line_1_75' title="bbox 492 4471 2084 4546; baseline 0.006 -22"><span class='ocrx_word' id='word_1_553' title='bbox 492 4481 587 4527; x_wconf 89' lang='lat' dir='ltr'><strong>tus</strong></span> <span class='ocrx_word' id='word_1_554' title='bbox 616 4481 700 4527; x_wconf 86' lang='lat' dir='ltr'><strong>est</strong></span> <span class='ocrx_word' id='word_1_555' title='bbox 730 4471 927 4538; x_wconf 86' lang='lat' dir='ltr'><strong>Filius,</strong></span> <span class='ocrx_word' id='word_1_556' title='bbox 958 4489 1070 4529; x_wconf 90' lang='lat' dir='ltr'><strong>non</strong></span> <span class='ocrx_word' id='word_1_557' title='bbox 1095 4483 1180 4529; x_wconf 92' lang='lat' dir='ltr'><strong>est</strong></span> <span class='ocrx_word' id='word_1_558' title='bbox 1209 4474 1561 4541; x_wconf 86' lang='lat' dir='ltr'><strong>adorandus;</strong></span> <span class='ocrx_word' id='word_1_559' title='bbox 1589 4491 1710 4546; x_wconf 73' lang='lat' dir='ltr'><strong>qua:</strong></span> <span class='ocrx_word' id='word_1_560' title='bbox 1737 4484 1823 4532; x_wconf 87' lang='lat' dir='ltr'><strong>est</strong></span> <span class='ocrx_word' id='word_1_561' title='bbox 1852 4477 2084 4533; x_wconf 89' lang='lat' dir='ltr'><strong>istorum</strong></span> 
     </span>
    </p>
   </div>
   <div class='ocr_carea' id='block_1_76' title="bbox 2188 3269 3781 3342">
    <p class='ocr_par' dir='ltr' id='par_1_76' title="bbox 2188 3269 3781 3342">
     <span class='ocr_line' id='line_1_76' title="bbox 2188 3269 3781 3342; baseline -0.006 -17"><span class='ocrx_word' id='word_1_562' title='bbox 2188 3270 2297 3325; x_wconf 83' lang='grc' dir='ltr'><strong>τοῦ</strong></span> <span class='ocrx_word' id='word_1_563' title='bbox 2349 3271 2488 3325; x_wconf 78' lang='grc' dir='ltr'>Υίοῦ</span> <span class='ocrx_word' id='word_1_564' title='bbox 2534 3269 2645 3338; x_wconf 81' lang='grc' dir='ltr'>τῆς</span> <span class='ocrx_word' id='word_1_565' title='bbox 2676 3270 2917 3339; x_wconf 76' lang='grc' dir='ltr'>ἀγάπης</span> <span class='ocrx_word' id='word_1_566' title='bbox 2954 3271 3165 3327; x_wconf 79' lang='grc' dir='ltr'>αὐτοῦ.</span> <span class='ocrx_word' id='word_1_567' title='bbox 3219 3273 3326 3324; x_wconf 72' lang='grc' dir='ltr'><strong>Καὶ</strong></span> <span class='ocrx_word' id='word_1_568' title='bbox 3363 3274 3448 3342; x_wconf 78' lang='grc' dir='ltr'>(οἱ</span> <span class='ocrx_word' id='word_1_569' title='bbox 3486 3272 3781 3338; x_wconf 64' lang='grc' dir='ltr'>νυοῦ-ηςς)</span> 
     </span>
    </p>
   </div>
   <div class='ocr_carea' id='block_1_77' title="bbox 2188 3362 3783 3438">
    <p class='ocr_par' dir='ltr' id='par_1_77' title="bbox 2188 3362 3783 3438">
     <span class='ocr_line' id='line_1_77' title="bbox 2188 3362 3783 3438; baseline 0 -21"><span class='ocrx_word' id='word_1_570' title='bbox 2188 3362 2458 3427; x_wconf 70' lang='grc' dir='ltr'>ἐνταῦθα,</span> <span class='ocrx_word' id='word_1_571' title='bbox 2506 3362 2581 3435; x_wconf 80' lang='grc' dir='ltr'>μὴ</span> <span class='ocrx_word' id='word_1_572' title='bbox 2632 3364 2884 3428; x_wconf 76' lang='grc' dir='ltr'>νοοῦντες</span> <span class='ocrx_word' id='word_1_573' title='bbox 2931 3364 3031 3434; x_wconf 77' lang='grc' dir='ltr'><strong>τὴν</strong></span> <span class='ocrx_word' id='word_1_574' title='bbox 3074 3364 3254 3432; x_wconf 78' lang='grc' dir='ltr'>λέξιν,</span> <span class='ocrx_word' id='word_1_575' title='bbox 3302 3366 3446 3420; x_wconf 81' lang='grc' dir='ltr'>κατὰ</span> <span class='ocrx_word' id='word_1_576' title='bbox 3494 3369 3783 3438; x_wconf 78' lang='grc' dir='ltr'>προκοπὴν</span> 
     </span>
    </p>
   </div>
   <div class='ocr_carea' id='block_1_78' title="bbox 2188 3453 3781 3530">
    <p class='ocr_par' dir='ltr' id='par_1_78' title="bbox 2188 3453 3781 3530">
     <span class='ocr_line' id='line_1_78' title="bbox 2188 3453 3781 3530; baseline 0.002 -19"><span class='ocrx_word' id='word_1_577' title='bbox 2188 3457 2412 3528; x_wconf 78' lang='grc' dir='ltr'><strong>ἀγάπης</strong></span> <span class='ocrx_word' id='word_1_578' title='bbox 2442 3456 2578 3510; x_wconf 86' lang='grc' dir='ltr'>Θεοῦ</span> <span class='ocrx_word' id='word_1_579' title='bbox 2607 3453 2747 3512; x_wconf 80' lang='grc' dir='ltr'>εἶναι</span> <span class='ocrx_word' id='word_1_580' title='bbox 2774 3459 2869 3511; x_wconf 75' lang='grc' dir='ltr'><strong>τὸν</strong></span> <span class='ocrx_word' id='word_1_581' title='bbox 2904 3458 3037 3512; x_wconf 80' lang='grc' dir='ltr'>Υίόν</span> <span class='ocrx_word' id='word_1_582' title='bbox 3066 3478 3201 3530; x_wconf 75' lang='grc' dir='ltr'>φασι</span> <span class='ocrx_word' id='word_1_583' title='bbox 3221 3478 3235 3492; x_wconf 72' lang='grc' dir='ltr'><strong>ο</strong></span> <span class='ocrx_word' id='word_1_584' title='bbox 3267 3462 3362 3514; x_wconf 71' lang='grc' dir='ltr'><strong>καὶ</strong></span> <span class='ocrx_word' id='word_1_585' title='bbox 3387 3462 3489 3514; x_wconf 69' lang='grc' dir='ltr'><strong>οὐκ</strong></span> <span class='ocrx_word' id='word_1_586' title='bbox 3524 3463 3709 3515; x_wconf 76' lang='grc' dir='ltr'>ἴσασιν</span> <span class='ocrx_word' id='word_1_587' title='bbox 3736 3462 3781 3514; x_wconf 83' lang='lat' dir='ltr'><strong>oi</strong></span> 
     </span>
    </p>
   </div>
   <div class='ocr_carea' id='block_1_79' title="bbox 2188 3549 3782 3624">
    <p class='ocr_par' dir='ltr' id='par_1_79' title="bbox 2188 3549 3782 3624">
     <span class='ocr_line' id='line_1_79' title="bbox 2188 3549 3782 3624; baseline 0.001 -22"><span class='ocrx_word' id='word_1_588' title='bbox 2188 3550 2423 3620; x_wconf 78' lang='grc' dir='ltr'>ἀμαθεῖς</span> <span class='ocrx_word' id='word_1_589' title='bbox 2471 3549 2572 3622; x_wconf 74' lang='grc' dir='ltr'>τὴν</span> <span class='ocrx_word' id='word_1_590' title='bbox 2626 3551 3067 3623; x_wconf 76' lang='grc' dir='ltr'>ἀντιπαράθεσιν</span> <span class='ocrx_word' id='word_1_591' title='bbox 3113 3552 3208 3606; x_wconf 87' lang='grc' dir='ltr'><strong>τοῦ</strong></span> <span class='ocrx_word' id='word_1_592' title='bbox 3261 3552 3446 3621; x_wconf 77' lang='grc' dir='ltr'>λόγου.</span> <span class='ocrx_word' id='word_1_593' title='bbox 3503 3554 3595 3607; x_wconf 88' lang='grc' dir='ltr'>Ἐν</span> <span class='ocrx_word' id='word_1_594' title='bbox 3637 3553 3782 3624; x_wconf 71' lang='grc' dir='ltr'>ἄλλῳ</span> 
     </span>
    </p>
   </div>
   <div class='ocr_carea' id='block_1_80' title="bbox 2189 3641 3781 3717">
    <p class='ocr_par' dir='ltr' id='par_1_80' title="bbox 2189 3641 3781 3717">
     <span class='ocr_line' id='line_1_80' title="bbox 2189 3641 3781 3717; baseline 0.003 -24"><span class='ocrx_word' id='word_1_595' title='bbox 2189 3641 2300 3711; x_wconf 80' lang='grc' dir='ltr'><strong>γὰρ</strong></span> <span class='ocrx_word' id='word_1_596' title='bbox 2327 3641 2499 3713; x_wconf 82' lang='grc' dir='ltr'>τόπῳ,</span> <span class='ocrx_word' id='word_1_597' title='bbox 2536 3642 2757 3712; x_wconf 59' lang='grc' dir='ltr'><strong>φησὶνῤ</strong></span> <span class='ocrx_word' id='word_1_598' title='bbox 2795 3643 3139 3707; x_wconf 77' lang='grc' dir='ltr'>Ἀπόστο).ος,</span> <span class='ocrx_word' id='word_1_599' title='bbox 3174 3644 3421 3711; x_wconf 80' lang='grc' dir='ltr'><strong>ὅτιθεὸς</strong></span> <span class='ocrx_word' id='word_1_600' title='bbox 3459 3646 3781 3717; x_wconf 70' lang='grc' dir='ltr'><strong>ἠγάπησεν</strong></span> 
     </span>
    </p>
   </div>
   <div class='ocr_carea' id='block_1_81' title="bbox 2190 3732 3782 3809">
    <p class='ocr_par' dir='ltr' id='par_1_81' title="bbox 2190 3732 3782 3809">
     <span class='ocr_line' id='line_1_81' title="bbox 2190 3732 3782 3809; baseline 0.004 -22"><span class='ocrx_word' id='word_1_601' title='bbox 2190 3732 2349 3802; x_wconf 73' lang='grc' dir='ltr'>ἡμᾶς</span> <span class='ocrx_word' id='word_1_602' title='bbox 2380 3733 2452 3787; x_wconf 82' lang='grc' dir='ltr'><strong>ἐν</strong></span> <span class='ocrx_word' id='word_1_603' title='bbox 2494 3734 2745 3803; x_wconf 85' lang='grc' dir='ltr'><strong>Χριστῷ.</strong></span> <span class='ocrx_word' id='word_1_604' title='bbox 2805 3736 3047 3808; x_wconf 75' lang='grc' dir='ltr'>Ἀληθῶς</span> <span class='ocrx_word' id='word_1_605' title='bbox 3092 3737 3203 3808; x_wconf 83' lang='grc' dir='ltr'><strong>γὰρ</strong></span> <span class='ocrx_word' id='word_1_606' title='bbox 3252 3738 3378 3801; x_wconf 82' lang='grc' dir='ltr'><strong>Υἱὸς</strong></span> <span class='ocrx_word' id='word_1_607' title='bbox 3420 3739 3709 3809; x_wconf 72' lang='grc' dir='ltr'><strong>ἀγαπητὸς</strong></span> <span class='ocrx_word' id='word_1_608' title='bbox 3756 3739 3782 3793; x_wconf 71' lang='grc' dir='ltr'><strong>ὁ</strong></span> 
     </span>
    </p>
   </div>
   <div class='ocr_carea' id='block_1_82' title="bbox 2192 3828 3780 3903">
    <p class='ocr_par' dir='ltr' id='par_1_82' title="bbox 2192 3828 3780 3903">
     <span class='ocr_line' id='line_1_82' title="bbox 2192 3828 3780 3903; baseline 0.004 -24"><span class='ocrx_word' id='word_1_609' title='bbox 2192 3830 2526 3899; x_wconf 74' lang='grc' dir='ltr'>μονογενὴςο</span> <span class='ocrx_word' id='word_1_610' title='bbox 2555 3829 2747 3901; x_wconf 78' lang='grc' dir='ltr'>ἐπειδὴ</span> <span class='ocrx_word' id='word_1_611' title='bbox 2788 3830 2981 3900; x_wconf 82' lang='grc' dir='ltr'><strong>ἀγάπη</strong></span> <span class='ocrx_word' id='word_1_612' title='bbox 3018 3833 3046 3885; x_wconf 82' lang='grc'>6</span> <span class='ocrx_word' id='word_1_613' title='bbox 3082 3831 3294 3902; x_wconf 71' lang='grc' dir='ltr'>Πατὴρ,</span> <span class='ocrx_word' id='word_1_614' title='bbox 3336 3831 3526 3903; x_wconf 81' lang='grc' dir='ltr'><strong>ἀγάπη</strong></span> <span class='ocrx_word' id='word_1_615' title='bbox 3568 3834 3596 3885; x_wconf 80' lang='grc' dir='ltr'>ὁ</span> <span class='ocrx_word' id='word_1_616' title='bbox 3632 3828 3780 3896; x_wconf 71' lang='grc' dir='ltr'>Υἱὸς,</span> 
     </span>
    </p>
   </div>
   <div class='ocr_carea' id='block_1_83' title="bbox 2189 3920 3781 3995">
    <p class='ocr_par' dir='ltr' id='par_1_83' title="bbox 2189 3920 3781 3995">
     <span class='ocr_line' id='line_1_83' title="bbox 2189 3920 3781 3995; baseline 0.003 -22"><span class='ocrx_word' id='word_1_617' title='bbox 2189 3922 2380 3993; x_wconf 75' lang='grc' dir='ltr'><strong>ἐπειδὴ</strong></span> <span class='ocrx_word' id='word_1_618' title='bbox 2444 3922 2634 3994; x_wconf 81' lang='grc' dir='ltr'>ἀγάπη</span> <span class='ocrx_word' id='word_1_619' title='bbox 2697 3924 2760 3990; x_wconf 76' lang='grc' dir='ltr'>ἐξ</span> <span class='ocrx_word' id='word_1_620' title='bbox 2810 3925 3033 3995; x_wconf 80' lang='grc' dir='ltr'>ἀγάπης</span> <span class='ocrx_word' id='word_1_621' title='bbox 3079 3924 3249 3979; x_wconf 76' lang='grc' dir='ltr'>ἐστίν.</span> <span class='ocrx_word' id='word_1_622' title='bbox 3310 3924 3443 3990; x_wconf 74' lang='grc' dir='ltr'><strong>Υἱὸς</strong></span> <span class='ocrx_word' id='word_1_623' title='bbox 3490 3920 3585 3978; x_wconf 74' lang='grc' dir='ltr'>οὖν</span> <span class='ocrx_word' id='word_1_624' title='bbox 3634 3926 3781 3978; x_wconf 76' lang='grc' dir='ltr'>ἐστιν</span> 
     </span>
    </p>
   </div>
   <div class='ocr_carea' id='block_1_84' title="bbox 2189 4012 3781 4091">
    <p class='ocr_par' dir='ltr' id='par_1_84' title="bbox 2189 4012 3781 4091">
     <span class='ocr_line' id='line_1_84' title="bbox 2189 4012 3781 4091; baseline 0.003 -22"><span class='ocrx_word' id='word_1_625' title='bbox 2189 4012 2428 4084; x_wconf 78' lang='grc' dir='ltr'>ἀγάπης</span> <span class='ocrx_word' id='word_1_626' title='bbox 2455 4014 2521 4068; x_wconf 87' lang='grc' dir='ltr'><strong>δι’</strong></span> <span class='ocrx_word' id='word_1_627' title='bbox 2553 4018 2701 4086; x_wconf 81' lang='grc' dir='ltr'>ἡμᾶς</span> <span class='ocrx_word' id='word_1_628' title='bbox 2737 4017 2831 4070; x_wconf 70' lang='grc' dir='ltr'>καὶ</span> <span class='ocrx_word' id='word_1_629' title='bbox 2860 4018 2926 4071; x_wconf 86' lang='grc' dir='ltr'><strong>δι’</strong></span> <span class='ocrx_word' id='word_1_630' title='bbox 2963 4016 3149 4083; x_wconf 70' lang='grc' dir='ltr'>αὐτὸν,</span> <span class='ocrx_word' id='word_1_631' title='bbox 3183 4018 3264 4071; x_wconf 80' lang='grc' dir='ltr'>ὅτι</span> <span class='ocrx_word' id='word_1_632' title='bbox 3299 4019 3356 4071; x_wconf 83' lang='grc' dir='ltr'>ὲν</span> <span class='ocrx_word' id='word_1_633' title='bbox 3384 4016 3534 4089; x_wconf 77' lang='grc' dir='ltr'><strong>αὐτῷ</strong></span> <span class='ocrx_word' id='word_1_634' title='bbox 3563 4020 3781 4091; x_wconf 68' lang='grc' dir='ltr'><strong>ἠγάπη-</strong></span> 
     </span>
    </p>
   </div>
   <div class='ocr_carea' id='block_1_85' title="bbox 2190 4109 3779 4185">
    <p class='ocr_par' dir='ltr' id='par_1_85' title="bbox 2190 4109 3779 4185">
     <span class='ocr_line' id='line_1_85' title="bbox 2190 4109 3779 4185; baseline 0.004 -25"><span class='ocrx_word' id='word_1_635' title='bbox 2190 4124 2284 4162; x_wconf 88' lang='grc' dir='ltr'><strong>σεν</strong></span> <span class='ocrx_word' id='word_1_636' title='bbox 2315 4111 2484 4181; x_wconf 76' lang='grc' dir='ltr'>ἡμᾶς,</span> <span class='ocrx_word' id='word_1_637' title='bbox 2526 4111 2626 4164; x_wconf 70' lang='grc' dir='ltr'><strong>καὶ</strong></span> <span class='ocrx_word' id='word_1_638' title='bbox 2669 4111 2762 4164; x_wconf 75' lang='grc' dir='ltr'>τὸν</span> <span class='ocrx_word' id='word_1_639' title='bbox 2793 4112 2925 4165; x_wconf 85' lang='grc' dir='ltr'>Υἱὸν</span> <span class='ocrx_word' id='word_1_640' title='bbox 2966 4111 3133 4165; x_wconf 85' lang='grc' dir='ltr'>αὑτοῦ</span> <span class='ocrx_word' id='word_1_641' title='bbox 3182 4109 3274 4164; x_wconf 76' lang='grc' dir='ltr'>τὸν</span> <span class='ocrx_word' id='word_1_642' title='bbox 3326 4111 3591 4184; x_wconf 74' lang='grc' dir='ltr'>μονογενῆ</span> <span class='ocrx_word' id='word_1_643' title='bbox 3641 4126 3779 4185; x_wconf 71' lang='grc' dir='ltr'>παρ-</span> 
     </span>
    </p>
   </div>
   <div class='ocr_carea' id='block_1_86' title="bbox 2188 4202 3779 4278">
    <p class='ocr_par' dir='ltr' id='par_1_86' title="bbox 2188 4202 3779 4278">
     <span class='ocr_line' id='line_1_86' title="bbox 2188 4202 3779 4278; baseline 0.004 -23"><span class='ocrx_word' id='word_1_644' title='bbox 2188 4202 2391 4257; x_wconf 81' lang='grc' dir='ltr'>έδωκεν</span> <span class='ocrx_word' id='word_1_645' title='bbox 2422 4204 2564 4275; x_wconf 82' lang='grc' dir='ltr'>ὑπὲρ</span> <span class='ocrx_word' id='word_1_646' title='bbox 2590 4204 2771 4275; x_wconf 82' lang='grc' dir='ltr'>ήμῶν.</span> <span class='ocrx_word' id='word_1_647' title='bbox 2816 4204 2956 4259; x_wconf 78' lang='grc' dir='ltr'><strong>Οὔτε</strong></span> <span class='ocrx_word' id='word_1_648' title='bbox 2999 4202 3094 4259; x_wconf 77' lang='grc' dir='ltr'><strong>οὖν</strong></span> <span class='ocrx_word' id='word_1_649' title='bbox 3122 4206 3323 4277; x_wconf 81' lang='grc' dir='ltr'>κάμνει</span> <span class='ocrx_word' id='word_1_650' title='bbox 3369 4206 3741 4278; x_wconf 77' lang='grc' dir='ltr'><strong>ἐργαζόμενος</strong></span> <span class='ocrx_word' id='word_1_651' title='bbox 3764 4247 3779 4271; x_wconf 84' lang='grc'><strong>.</strong></span> 
     </span>
    </p>
   </div>
   <div class='ocr_carea' id='block_1_87' title="bbox 2186 4294 3780 4372">
    <p class='ocr_par' dir='ltr' id='par_1_87' title="bbox 2186 4294 3780 4372">
     <span class='ocr_line' id='line_1_87' title="bbox 2186 4294 3780 4372; baseline 0.003 -24"><span class='ocrx_word' id='word_1_652' title='bbox 2186 4294 2313 4349; x_wconf 71' lang='grc' dir='ltr'>οὔτε</span> <span class='ocrx_word' id='word_1_653' title='bbox 2352 4296 2551 4367; x_wconf 80' lang='grc' dir='ltr'>πάσχει</span> <span class='ocrx_word' id='word_1_654' title='bbox 2593 4299 2818 4366; x_wconf 84' lang='grc' dir='ltr'>γεννῶν.</span> <span class='ocrx_word' id='word_1_655' title='bbox 2865 4300 2977 4354; x_wconf 81' lang='grc' dir='ltr'><strong>Καὶ</strong></span> <span class='ocrx_word' id='word_1_656' title='bbox 3027 4299 3103 4371; x_wconf 83' lang='grc' dir='ltr'>μὴ</span> <span class='ocrx_word' id='word_1_657' title='bbox 3147 4300 3327 4371; x_wconf 79' lang='grc' dir='ltr'>μάτην</span> <span class='ocrx_word' id='word_1_658' title='bbox 3370 4302 3780 4372; x_wconf 76' lang='grc' dir='ltr'><strong>ὲπισωρεῠωσιν</strong></span> 
     </span>
    </p>
   </div>
   <div class='ocr_carea' id='block_1_88' title="bbox 2188 4387 3779 4463">
    <p class='ocr_par' dir='ltr' id='par_1_88' title="bbox 2188 4387 3779 4463">
     <span class='ocr_line' id='line_1_88' title="bbox 2188 4387 3779 4463; baseline 0.004 -23"><span class='ocrx_word' id='word_1_659' title='bbox 2188 4387 2405 4451; x_wconf 79' lang='grc' dir='ltr'>ἑαυτοῖς</span> <span class='ocrx_word' id='word_1_660' title='bbox 2451 4388 2823 4461; x_wconf 79' lang='grc' dir='ltr'>βλασφημίας.</span> <span class='ocrx_word' id='word_1_661' title='bbox 2875 4392 2941 4445; x_wconf 78' lang='lat' dir='ltr'><strong>Et</strong></span> <span class='ocrx_word' id='word_1_662' title='bbox 2979 4391 3089 4463; x_wconf 77' lang='grc' dir='ltr'>γὰρ</span> <span class='ocrx_word' id='word_1_663' title='bbox 3124 4394 3343 4457; x_wconf 78' lang='grc' dir='ltr'>κτιστός</span> <span class='ocrx_word' id='word_1_664' title='bbox 3383 4394 3534 4446; x_wconf 74' lang='grc' dir='ltr'>ἐστιν</span> <span class='ocrx_word' id='word_1_665' title='bbox 3565 4394 3596 4445; x_wconf 80' lang='grc' dir='ltr'><em>ὁ</em></span> <span class='ocrx_word' id='word_1_666' title='bbox 3631 4389 3779 4457; x_wconf 73' lang='grc' dir='ltr'>Υἱὸς,</span> 
     </span>
    </p>
   </div>
   <div class='ocr_carea' id='block_1_89' title="bbox 2187 4481 3781 4560">
    <p class='ocr_par' dir='ltr' id='par_1_89' title="bbox 2187 4481 3781 4560">
     <span class='ocr_line' id='line_1_89' title="bbox 2187 4481 3781 4560; baseline 0.005 -27"><span class='ocrx_word' id='word_1_667' title='bbox 2187 4481 2250 4533; x_wconf 75' lang='grc' dir='ltr'>οὐ</span> <span class='ocrx_word' id='word_1_668' title='bbox 2289 4484 2695 4554; x_wconf 80' lang='grc' dir='ltr'>προσκυνητὸς,</span> <span class='ocrx_word' id='word_1_669' title='bbox 2753 4482 2895 4539; x_wconf 83' lang='grc' dir='ltr'>κατὰ</span> <span class='ocrx_word' id='word_1_670' title='bbox 2945 4484 3038 4539; x_wconf 76' lang='grc' dir='ltr'><strong>τὸν</strong></span> <span class='ocrx_word' id='word_1_671' title='bbox 3081 4486 3306 4542; x_wconf 77' lang='grc' dir='ltr'>ἐκείνων</span> <span class='ocrx_word' id='word_1_672' title='bbox 3348 4486 3526 4555; x_wconf 87' lang='grc' dir='ltr'>λόγον.</span> <span class='ocrx_word' id='word_1_673' title='bbox 3581 4487 3781 4560; x_wconf 69' lang='lat' dir='ltr'><strong>Mcopr</strong></span> 
     </span>
    </p>
   </div>
   <div class='ocr_carea' id='block_1_90' title="bbox 492 4563 2080 4651">
    <p class='ocr_par' dir='ltr' id='par_1_90' title="bbox 492 4563 2080 4635">
     <span class='ocr_line' id='line_1_90' title="bbox 492 4563 2080 4635; baseline 0.005 -18"><span class='ocrx_word' id='word_1_674' title='bbox 492 4563 694 4618; x_wconf 85' lang='lat' dir='ltr'><strong>oratio.</strong></span> <span class='ocrx_word' id='word_1_675' title='bbox 738 4563 957 4635; x_wconf 85' lang='lat' dir='ltr'><strong>Quippe</strong></span> <span class='ocrx_word' id='word_1_676' title='bbox 996 4565 1226 4622; x_wconf 89' lang='lat' dir='ltr'><strong>stultum</strong></span> <span class='ocrx_word' id='word_1_677' title='bbox 1284 4575 1371 4625; x_wconf 84' lang='lat' dir='ltr'><strong>est</strong></span> <span class='ocrx_word' id='word_1_678' title='bbox 1430 4576 1742 4624; x_wconf 86' lang='lat' dir='ltr'><strong>creaturam</strong></span> <span class='ocrx_word' id='word_1_679' title='bbox 1783 4568 1949 4624; x_wconf 87' lang='lat' dir='ltr'><strong>ullam</strong></span> <span class='ocrx_word' id='word_1_680' title='bbox 1989 4570 2080 4626; x_wconf 88' lang='lat' dir='ltr'><strong>ad-</strong></span> 
     </span>
    </p>
   </div>
   <div class='ocr_carea' id='block_1_91' title="bbox 2182 4563 3781 4651">
    <p class='ocr_par' dir='ltr' id='par_1_91' title="bbox 2193 4572 3781 4651">
     <span class='ocr_line' id='line_1_91' title="bbox 2193 4572 3781 4651; baseline 0.004 -26"><span class='ocrx_word' id='word_1_681' title='bbox 2193 4572 2304 4645; x_wconf 87' lang='grc' dir='ltr'>γάρ</span> <span class='ocrx_word' id='word_1_682' title='bbox 2329 4574 2480 4627; x_wconf 74' lang='grc' dir='ltr'>ἐστιν</span> <span class='ocrx_word' id='word_1_683' title='bbox 2502 4575 2681 4628; x_wconf 86' lang='grc' dir='ltr'>κτίσιν</span> <span class='ocrx_word' id='word_1_684' title='bbox 2699 4576 2743 4608; x_wconf 83' lang='grc'><strong>¹⁰</strong></span> <span class='ocrx_word' id='word_1_685' title='bbox 2772 4580 3121 4649; x_wconf 81' lang='grc' dir='ltr'>προσκυνεῖν,</span> <span class='ocrx_word' id='word_1_686' title='bbox 3152 4576 3248 4633; x_wconf 72' lang='grc' dir='ltr'><strong>καὶ</strong></span> <span class='ocrx_word' id='word_1_687' title='bbox 3273 4578 3489 4633; x_wconf 79' lang='grc' dir='ltr'>ἀθετεῖν</span> <span class='ocrx_word' id='word_1_688' title='bbox 3518 4576 3615 4650; x_wconf 78' lang='grc' dir='ltr'>τὴν</span> <span class='ocrx_word' id='word_1_689' title='bbox 3636 4578 3781 4651; x_wconf 76' lang='grc' dir='ltr'><strong>πρώ-</strong></span> 
     </span>
    </p>
   </div>
   <div class='ocr_carea' id='block_1_92' title="bbox 493 4655 2087 4737">
    <p class='ocr_par' dir='ltr' id='par_1_92' title="bbox 493 4655 2087 4737">
     <span class='ocr_line' id='line_1_92' title="bbox 493 4655 2087 4737; baseline 0.004 -28"><span class='ocrx_word' id='word_1_690' title='bbox 493 4668 678 4719; x_wconf 83' lang='lat' dir='ltr'><strong>orare,</strong></span> <span class='ocrx_word' id='word_1_691' title='bbox 703 4669 768 4709; x_wconf 87' lang='lat' dir='ltr'><strong>ac</strong></span> <span class='ocrx_word' id='word_1_692' title='bbox 804 4655 1043 4726; x_wconf 87' lang='lat' dir='ltr'><strong>primum</strong></span> <span class='ocrx_word' id='word_1_693' title='bbox 1092 4656 1226 4714; x_wconf 88' lang='lat' dir='ltr'><strong>illud</strong></span> <span class='ocrx_word' id='word_1_694' title='bbox 1270 4659 1480 4714; x_wconf 86' lang='lat' dir='ltr'><strong>violare</strong></span> <span class='ocrx_word' id='word_1_695' title='bbox 1522 4665 1856 4737; x_wconf 66' lang='lat' dir='ltr'><strong>praeceptum</strong></span> <span class='ocrx_word' id='word_1_696' title='bbox 1886 4660 2087 4729; x_wconf 86' lang='lat' dir='ltr'><strong>:Audi,</strong></span> 
     </span>
    </p>
   </div>
   <div class='ocr_carea' id='block_1_93' title="bbox 496 4745 2086 4817">
    <p class='ocr_par' dir='ltr' id='par_1_93' title="bbox 496 4745 2086 4817">
     <span class='ocr_line' id='line_1_93' title="bbox 496 4745 2086 4817; baseline 0.005 -16"><span class='ocrx_word' id='word_1_697' title='bbox 496 4745 1023 4817; x_wconf 46' lang='lat' dir='ltr'><strong>Isracl:,Dominus</strong></span> <span class='ocrx_word' id='word_1_698' title='bbox 1064 4749 1207 4805; x_wconf 75' lang='lat' dir='ltr'><strong>Deus</strong></span> <span class='ocrx_word' id='word_1_699' title='bbox 1263 4761 1384 4808; x_wconf 87' lang='lat' dir='ltr'><strong>tuus</strong></span> <span class='ocrx_word' id='word_1_700' title='bbox 1449 4751 1713 4808; x_wconf 86' lang='lat' dir='ltr'><strong>Dominus</strong></span> <span class='ocrx_word' id='word_1_701' title='bbox 1764 4768 1901 4808; x_wconf 81' lang='lat' dir='ltr'><strong>unus</strong></span> <span class='ocrx_word' id='word_1_702' title='bbox 1938 4754 2086 4809; x_wconf 87' lang='lat' dir='ltr'><strong>est&quot;.</strong></span> 
     </span>
    </p>
   </div>
   <div class='ocr_carea' id='block_1_94' title="bbox 494 4836 2088 4911">
    <p class='ocr_par' dir='ltr' id='par_1_94' title="bbox 494 4836 2088 4911">
     <span class='ocr_line' id='line_1_94' title="bbox 494 4836 2088 4911; baseline 0.005 -18"><span class='ocrx_word' id='word_1_703' title='bbox 494 4836 737 4896; x_wconf 85' lang='lat' dir='ltr'><strong>Proinde</strong></span> <span class='ocrx_word' id='word_1_704' title='bbox 761 4849 1015 4898; x_wconf 82' lang='lat' dir='ltr'><strong>sanctum</strong></span> <span class='ocrx_word' id='word_1_705' title='bbox 1043 4841 1141 4898; x_wconf 90' lang='lat' dir='ltr'><strong>Dei</strong></span> <span class='ocrx_word' id='word_1_706' title='bbox 1171 4842 1434 4910; x_wconf 82' lang='lat' dir='ltr'><strong>Verbum,</strong></span> <span class='ocrx_word' id='word_1_707' title='bbox 1465 4860 1592 4900; x_wconf 88' lang='lat' dir='ltr'><strong>cum</strong></span> <span class='ocrx_word' id='word_1_708' title='bbox 1618 4845 1691 4901; x_wconf 90' lang='lat' dir='ltr'><strong>sit</strong></span> <span class='ocrx_word' id='word_1_709' title='bbox 1718 4844 2088 4911; x_wconf 86' lang='lat' dir='ltr'><strong>adorandum,</strong></span> 
     </span>
    </p>
   </div>
   <div class='ocr_carea' id='block_1_95' title="bbox 486 4938 2088 5008">
    <p class='ocr_par' dir='ltr' id='par_1_95' title="bbox 486 4938 2088 5008">
     <span class='ocr_line' id='line_1_95' title="bbox 486 4938 2088 5008; baseline 0.006 -22"><span class='ocrx_word' id='word_1_710' title='bbox 486 4938 746 4988; x_wconf 69' lang='lat' dir='ltr'><strong>&#39;creatum</strong></span> <span class='ocrx_word' id='word_1_711' title='bbox 795 4950 922 4991; x_wconf 89' lang='lat' dir='ltr'><strong>esse</strong></span> <span class='ocrx_word' id='word_1_712' title='bbox 969 4950 1079 4991; x_wconf 91' lang='lat' dir='ltr'><strong>non</strong></span> <span class='ocrx_word' id='word_1_713' title='bbox 1126 4945 1326 5008; x_wconf 89' lang='lat' dir='ltr'><strong>potest.</strong></span> <span class='ocrx_word' id='word_1_714' title='bbox 1372 4938 1675 4994; x_wconf 85' lang='lat' dir='ltr'><strong>Adoratum</strong></span> <span class='ocrx_word' id='word_1_715' title='bbox 1712 4948 1800 4996; x_wconf 88' lang='lat' dir='ltr'><strong>est</strong></span> <span class='ocrx_word' id='word_1_716' title='bbox 1835 4948 2018 4997; x_wconf 88' lang='lat' dir='ltr'><strong>autem</strong></span> <span class='ocrx_word' id='word_1_717' title='bbox 2055 4955 2088 4995; x_wconf 91' lang='lat' dir='ltr'><strong>a</strong></span> 
     </span>
    </p>
   </div>
   <div class='ocr_carea' id='block_1_96' title="bbox 498 5023 2091 5099">
    <p class='ocr_par' dir='ltr' id='par_1_96' title="bbox 498 5023 2091 5099">
     <span class='ocr_line' id='line_1_96' title="bbox 498 5023 2091 5099; baseline 0.006 -22"><span class='ocrx_word' id='word_1_718' title='bbox 498 5023 819 5093; x_wconf 70' lang='lat' dir='ltr'><strong>discipulis,~.</strong></span> <span class='ocrx_word' id='word_1_719' title='bbox 851 5026 922 5081; x_wconf 90' lang='lat' dir='ltr'><strong>ab</strong></span> <span class='ocrx_word' id='word_1_720' title='bbox 965 5028 1177 5099; x_wconf 84' lang='lat' dir='ltr'><strong>angelis</strong></span> <span class='ocrx_word' id='word_1_721' title='bbox 1220 5029 1486 5085; x_wconf 85' lang='lat' dir='ltr'><strong>adoratur</strong></span> <span class='ocrx_word' id='word_1_722' title='bbox 1538 5031 1594 5086; x_wconf 92' lang='lat' dir='ltr'><strong>in</strong></span> <span class='ocrx_word' id='word_1_723' title='bbox 1636 5032 1817 5087; x_wconf 75' lang='lat' dir='ltr'><strong>cmlo:</strong></span> <span class='ocrx_word' id='word_1_724' title='bbox 1868 5030 1940 5086; x_wconf 87' lang='lat' dir='ltr'><strong>Et</strong></span> <span class='ocrx_word' id='word_1_725' title='bbox 1988 5032 2091 5086; x_wconf 83' lang='lat' dir='ltr'><strong>ad-</strong></span> 
     </span>
    </p>
   </div>
   <div class='ocr_carea' id='block_1_97' title="bbox 496 5114 2089 5193">
    <p class='ocr_par' dir='ltr' id='par_1_97' title="bbox 496 5114 2089 5193">
     <span class='ocr_line' id='line_1_97' title="bbox 496 5114 2089 5193; baseline 0.007 -24"><span class='ocrx_word' id='word_1_726' title='bbox 496 5124 666 5173; x_wconf 84' lang='lat' dir='ltr'><strong>orent.</strong></span> <span class='ocrx_word' id='word_1_727' title='bbox 694 5114 891 5185; x_wconf 86' lang='lat' dir='ltr'><strong>inquit,</strong></span> <span class='ocrx_word' id='word_1_728' title='bbox 931 5134 1051 5171; x_wconf 87' lang='lat' dir='ltr'><strong>eum</strong></span> <span class='ocrx_word' id='word_1_729' title='bbox 1073 5136 1249 5175; x_wconf 87' lang='lat' dir='ltr'><strong>omnes</strong></span> <span class='ocrx_word' id='word_1_730' title='bbox 1269 5123 1441 5193; x_wconf 82' lang='lat' dir='ltr'><strong>angeli</strong></span> <span class='ocrx_word' id='word_1_731' title='bbox 1477 5122 1571 5177; x_wconf 86' lang='lat' dir='ltr'><strong>Dei</strong></span> <span class='ocrx_word' id='word_1_732' title='bbox 1598 5125 1641 5179; x_wconf 83' lang='grc'><strong>⁸.</strong></span> <span class='ocrx_word' id='word_1_733' title='bbox 1678 5124 1811 5181; x_wconf 87' lang='lat' dir='ltr'><strong>Item</strong></span> <span class='ocrx_word' id='word_1_734' title='bbox 1837 5143 1852 5180; x_wconf 88' lang='lat'><strong>:</strong></span> <span class='ocrx_word' id='word_1_735' title='bbox 1890 5126 2089 5181; x_wconf 85' lang='lat' dir='ltr'><strong>Adoret</strong></span> 
     </span>
    </p>
   </div>
   <div class='ocr_carea' id='block_1_98' title="bbox 499 5204 2089 5287">
    <p class='ocr_par' dir='ltr' id='par_1_98' title="bbox 499 5204 2089 5287">
     <span class='ocr_line' id='line_1_98' title="bbox 499 5204 2089 5287; baseline 0.008 -28"><span class='ocrx_word' id='word_1_736' title='bbox 499 5215 568 5271; x_wconf 79' lang='lat' dir='ltr'><strong>te,</strong></span> <span class='ocrx_word' id='word_1_737' title='bbox 606 5204 852 5270; x_wconf 81' lang='lat' dir='ltr'><strong>Domine,</strong></span> <span class='ocrx_word' id='word_1_738' title='bbox 902 5209 1069 5263; x_wconf 84' lang='lat' dir='ltr'><strong>virtus</strong></span> <span class='ocrx_word' id='word_1_739' title='bbox 1110 5227 1248 5266; x_wconf 86' lang='lat' dir='ltr'><strong>mea.</strong></span> <span class='ocrx_word' id='word_1_740' title='bbox 1297 5212 1561 5284; x_wconf 87' lang='lat' dir='ltr'><strong>Superest</strong></span> <span class='ocrx_word' id='word_1_741' title='bbox 1613 5230 1782 5270; x_wconf 84' lang='lat' dir='ltr'><strong>unum</strong></span> <span class='ocrx_word' id='word_1_742' title='bbox 1829 5218 2089 5287; x_wconf 88' lang='lat' dir='ltr'><strong>quiddam</strong></span> 
     </span>
    </p>
   </div>
   <div class='ocr_carea' id='block_1_99' title="bbox 498 5297 2091 5374">
    <p class='ocr_par' dir='ltr' id='par_1_99' title="bbox 498 5297 2091 5374">
     <span class='ocr_line' id='line_1_99' title="bbox 498 5297 2091 5374; baseline 0.009 -23"><span class='ocrx_word' id='word_1_743' title='bbox 498 5298 567 5351; x_wconf 86' lang='lat' dir='ltr'><strong>ad</strong></span> <span class='ocrx_word' id='word_1_744' title='bbox 610 5297 934 5363; x_wconf 89' lang='lat' dir='ltr'><strong>dicendum,</strong></span> <span class='ocrx_word' id='word_1_745' title='bbox 975 5299 1141 5371; x_wconf 89' lang='lat' dir='ltr'><strong>idque</strong></span> <span class='ocrx_word' id='word_1_746' title='bbox 1182 5305 1467 5374; x_wconf 86' lang='lat' dir='ltr'><strong>perbreve,</strong></span> <span class='ocrx_word' id='word_1_747' title='bbox 1512 5306 1600 5362; x_wconf 90' lang='lat' dir='ltr'><strong>cui</strong></span> <span class='ocrx_word' id='word_1_748' title='bbox 1644 5308 1947 5363; x_wconf 88' lang='lat' dir='ltr'><strong>contradici</strong></span> <span class='ocrx_word' id='word_1_749' title='bbox 1980 5326 2091 5365; x_wconf 88' lang='lat' dir='ltr'><strong>non</strong></span> 
     </span>
    </p>
   </div>
   <div class='ocr_carea' id='block_1_100' title="bbox 497 5390 2088 5468">
    <p class='ocr_par' dir='ltr' id='par_1_100' title="bbox 497 5390 2088 5468">
     <span class='ocr_line' id='line_1_100' title="bbox 497 5390 2088 5468; baseline 0.011 -27"><span class='ocrx_word' id='word_1_750' title='bbox 497 5391 693 5459; x_wconf 90' lang='lat' dir='ltr'><strong>possit.</strong></span> <span class='ocrx_word' id='word_1_751' title='bbox 725 5390 1016 5447; x_wconf 79' lang='lat' dir='ltr'><strong>Proferant</strong></span> <span class='ocrx_word' id='word_1_752' title='bbox 1043 5395 1192 5450; x_wconf 89' lang='lat' dir='ltr'><strong>enim</strong></span> <span class='ocrx_word' id='word_1_753' title='bbox 1228 5396 1274 5451; x_wconf 90' lang='lat' dir='ltr'><strong>si</strong></span> <span class='ocrx_word' id='word_1_754' title='bbox 1314 5399 1459 5468; x_wconf 91' lang='lat' dir='ltr'><strong>quod</strong></span> <span class='ocrx_word' id='word_1_755' title='bbox 1496 5399 1740 5455; x_wconf 87' lang='lat' dir='ltr'><strong>habeant</strong></span> <span class='ocrx_word' id='word_1_756' title='bbox 1776 5401 1966 5457; x_wconf 89' lang='lat' dir='ltr'><strong>hostes</strong></span> <span class='ocrx_word' id='word_1_757' title='bbox 2008 5403 2088 5458; x_wconf 89' lang='lat' dir='ltr'><strong>illi</strong></span> 
     </span>
    </p>
   </div>
   <div class='ocr_carea' id='block_1_101' title="bbox 499 5478 2086 5564">
    <p class='ocr_par' dir='ltr' id='par_1_101' title="bbox 499 5478 2086 5564">
     <span class='ocr_line' id='line_1_101' title="bbox 499 5478 2086 5564; baseline 0.012 -32"><span class='ocrx_word' id='word_1_758' title='bbox 499 5478 623 5534; x_wconf 83' lang='lat' dir='ltr'><strong>Filii</strong></span> <span class='ocrx_word' id='word_1_759' title='bbox 676 5479 770 5537; x_wconf 86' lang='lat' dir='ltr'><strong>Dei</strong></span> <span class='ocrx_word' id='word_1_760' title='bbox 820 5485 1241 5555; x_wconf 87' lang='lat' dir='ltr'><strong>testimonium,</strong></span> <span class='ocrx_word' id='word_1_761' title='bbox 1288 5491 1696 5560; x_wconf 79' lang='lat' dir='ltr'><strong>ostendantque</strong></span> <span class='ocrx_word' id='word_1_762' title='bbox 1733 5507 1973 5564; x_wconf 90' lang='lat' dir='ltr'><strong>quonam</strong></span> <span class='ocrx_word' id='word_1_763' title='bbox 2029 5495 2086 5551; x_wconf 91' lang='lat' dir='ltr'><strong>in</strong></span> 
     </span>
    </p>
   </div>
   <div class='ocr_carea' id='block_1_102' title="bbox 498 5570 2083 5647">
    <p class='ocr_par' dir='ltr' id='par_1_102' title="bbox 498 5570 2083 5647">
     <span class='ocr_line' id='line_1_102' title="bbox 498 5570 2083 5647; baseline 0.013 -23"><span class='ocrx_word' id='word_1_764' title='bbox 498 5570 621 5626; x_wconf 89' lang='lat' dir='ltr'><strong>loco</strong></span> <span class='ocrx_word' id='word_1_765' title='bbox 656 5572 816 5629; x_wconf 87' lang='lat' dir='ltr'><strong>Pater</strong></span> <span class='ocrx_word' id='word_1_766' title='bbox 839 5576 1079 5635; x_wconf 80' lang='lat' dir='ltr'><strong>dixerit:</strong></span> <span class='ocrx_word' id='word_1_767' title='bbox 1114 5578 1408 5639; x_wconf 87' lang='lat' dir='ltr'><strong>Procreavi</strong></span> <span class='ocrx_word' id='word_1_768' title='bbox 1443 5585 1578 5640; x_wconf 88' lang='lat' dir='ltr'><strong>mibi</strong></span> <span class='ocrx_word' id='word_1_769' title='bbox 1617 5582 1840 5647; x_wconf 84' lang='lat' dir='ltr'><strong>Filium.</strong></span> <span class='ocrx_word' id='word_1_770' title='bbox 1882 5587 1999 5644; x_wconf 79' lang='lat' dir='ltr'><strong>sive</strong></span> <span class='ocrx_word' id='word_1_771' title='bbox 2027 5589 2083 5644; x_wconf 91' lang='lat' dir='ltr'><strong>in</strong></span> 
     </span>
    </p>
   </div>
   <div class='ocr_carea' id='block_1_103' title="bbox 562 5702 1278 5771">
    <p class='ocr_par' dir='ltr' id='par_1_103' title="bbox 562 5702 1278 5771">
     <span class='ocr_line' id='line_1_103' title="bbox 562 5702 1278 5771; baseline 0.017 -14"><span class='ocrx_word' id='word_1_772' title='bbox 562 5702 584 5736; x_wconf 83' lang='grc'>¹</span> <span class='ocrx_word' id='word_1_773' title='bbox 622 5702 782 5760; x_wconf 82' lang='lat' dir='ltr'><strong>Cant.</strong></span> <span class='ocrx_word' id='word_1_774' title='bbox 820 5703 1005 5771; x_wconf 42' lang='lat' dir='ltr'><strong>villi.</strong></span> <span class='ocrx_word' id='word_1_775' title='bbox 1093 5712 1278 5769; x_wconf 75' lang='lat' dir='ltr'><strong>&#39;Psal.</strong></span> 
     </span>
    </p>
   </div>
   <div class='ocr_carea' id='block_1_104' title="bbox 501 5771 929 5841">
    <p class='ocr_par' dir='ltr' id='par_1_104' title="bbox 501 5771 929 5841">
     <span class='ocr_line' id='line_1_104' title="bbox 501 5771 929 5841; baseline 0.016 -16"><span class='ocrx_word' id='word_1_776' title='bbox 501 5779 526 5811; x_wconf 75' lang='grc' dir='ltr'><strong>ν</strong></span> <span class='ocrx_word' id='word_1_777' title='bbox 565 5771 724 5827; x_wconf 77' lang='lat' dir='ltr'><strong>Deut.</strong></span> <span class='ocrx_word' id='word_1_778' title='bbox 761 5792 838 5841; x_wconf 76' lang='lat' dir='ltr'><strong>vr,</strong></span> <span class='ocrx_word' id='word_1_779' title='bbox 873 5778 929 5832; x_wconf 74' lang='grc'><strong>4.</strong></span> 
     </span>
    </p>
   </div>
   <div class='ocr_carea' id='block_1_105' title="bbox 1064 5784 1631 5859">
    <p class='ocr_par' dir='ltr' id='par_1_105' title="bbox 1064 5784 1631 5859">
     <span class='ocr_line' id='line_1_105' title="bbox 1064 5784 1631 5859; baseline 0.014 -22"><span class='ocrx_word' id='word_1_780' title='bbox 1064 5784 1085 5817; x_wconf 78' lang='grc'>⁸</span> <span class='ocrx_word' id='word_1_781' title='bbox 1116 5784 1273 5841; x_wconf 84' lang='lat' dir='ltr'><strong>Deut.</strong></span> <span class='ocrx_word' id='word_1_782' title='bbox 1323 5802 1496 5859; x_wconf 74' lang='lat' dir='ltr'><strong>xxx&quot;,</strong></span> <span class='ocrx_word' id='word_1_783' title='bbox 1538 5789 1631 5845; x_wconf 72' lang='grc'><strong>45.</strong></span> 
     </span>
    </p>
   </div>
   <div class='ocr_carea' id='block_1_106' title="bbox 490 5854 947 5926">
    <p class='ocr_par' dir='ltr' id='par_1_106' title="bbox 490 5854 947 5926">
     <span class='ocr_line' id='line_1_106' title="bbox 490 5854 947 5926; baseline 0.02 -29"><span class='ocrx_word' id='word_1_784' title='bbox 490 5854 626 5926; x_wconf 35' lang='lat' dir='ltr'><strong>&#39;mus</strong></span> <span class='ocrx_word' id='word_1_785' title='bbox 650 5858 752 5916; x_wconf 90' lang='lat' dir='ltr'><strong>pro</strong></span> <span class='ocrx_word' id='word_1_786' title='bbox 781 5862 947 5906; x_wconf 85' lang='grc' dir='ltr'>τισιν.</span> 
     </span>
    </p>
   </div>
   <div class='ocr_carea' id='block_1_107' title="bbox 2185 4667 3779 4744">
    <p class='ocr_par' dir='ltr' id='par_1_107' title="bbox 2185 4667 3779 4744">
     <span class='ocr_line' id='line_1_107' title="bbox 2185 4667 3779 4744; baseline 0.006 -24"><span class='ocrx_word' id='word_1_787' title='bbox 2185 4683 2288 4737; x_wconf 79' lang='grc' dir='ltr'>την</span> <span class='ocrx_word' id='word_1_788' title='bbox 2313 4667 2533 4740; x_wconf 76' lang='grc' dir='ltr'>ἐντολὴν</span> <span class='ocrx_word' id='word_1_789' title='bbox 2556 4668 2656 4740; x_wconf 83' lang='grc' dir='ltr'><strong>τὴν</strong></span> <span class='ocrx_word' id='word_1_790' title='bbox 2681 4668 2949 4739; x_wconf 82' lang='grc' dir='ltr'>λέγουσαν</span> <span class='ocrx_word' id='word_1_791' title='bbox 2966 4687 2981 4702; x_wconf 79' lang='lat'><strong><em>°</em></strong></span> <span class='ocrx_word' id='word_1_792' title='bbox 3017 4673 3245 4736; x_wconf 80' lang='grc' dir='ltr'>Ἄκουε,</span> <span class='ocrx_word' id='word_1_793' title='bbox 3287 4673 3549 4742; x_wconf 79' lang='grc' dir='ltr'>Ἰσραὴλ,</span> <span class='ocrx_word' id='word_1_794' title='bbox 3566 4676 3779 4744; x_wconf 76' lang='grc' dir='ltr'>Κύριος</span> 
     </span>
    </p>
   </div>
   <div class='ocr_carea' id='block_1_108' title="bbox 2186 4756 3779 4829">
    <p class='ocr_par' dir='ltr' id='par_1_108' title="bbox 2186 4756 3779 4829">
     <span class='ocr_line' id='line_1_108' title="bbox 2186 4756 3779 4829; baseline 0.005 -19"><span class='ocrx_word' id='word_1_795' title='bbox 2186 4759 2221 4810; x_wconf 76' lang='grc' dir='ltr'><em>ὁ</em></span> <span class='ocrx_word' id='word_1_796' title='bbox 2251 4758 2397 4824; x_wconf 81' lang='grc' dir='ltr'><strong>Θεός</strong></span> <span class='ocrx_word' id='word_1_797' title='bbox 2426 4773 2545 4813; x_wconf 85' lang='grc' dir='ltr'><strong>σου</strong></span> <span class='ocrx_word' id='word_1_798' title='bbox 2572 4760 2789 4828; x_wconf 82' lang='grc' dir='ltr'>Κύριος</span> <span class='ocrx_word' id='word_1_799' title='bbox 2820 4756 2908 4827; x_wconf 83' lang='grc' dir='ltr'><strong>εἷς</strong></span> <span class='ocrx_word' id='word_1_800' title='bbox 2946 4762 3140 4825; x_wconf 72' lang='grc' dir='ltr'><strong>ἐστιν.</strong></span> <span class='ocrx_word' id='word_1_801' title='bbox 3180 4765 3255 4817; x_wconf 78' lang='grc' dir='ltr'><strong>Οὐ</strong></span> <span class='ocrx_word' id='word_1_802' title='bbox 3292 4764 3510 4829; x_wconf 83' lang='grc' dir='ltr'>κτιστὺς</span> <span class='ocrx_word' id='word_1_803' title='bbox 3537 4763 3721 4820; x_wconf 87' lang='grc' dir='ltr'>τοίνυν</span> <span class='ocrx_word' id='word_1_804' title='bbox 3751 4763 3779 4818; x_wconf 77' lang='grc' dir='ltr'>ὁ</span> 
     </span>
    </p>
   </div>
   <div class='ocr_carea' id='block_1_109' title="bbox 2187 4850 3779 4929">
    <p class='ocr_par' dir='ltr' id='par_1_109' title="bbox 2187 4850 3779 4929">
     <span class='ocr_line' id='line_1_109' title="bbox 2187 4850 3779 4929; baseline 0.006 -27"><span class='ocrx_word' id='word_1_805' title='bbox 2187 4850 2344 4917; x_wconf 77' lang='grc' dir='ltr'>ἅγιος</span> <span class='ocrx_word' id='word_1_806' title='bbox 2381 4850 2578 4920; x_wconf 76' lang='grc' dir='ltr'>Λόγος,</span> <span class='ocrx_word' id='word_1_807' title='bbox 2607 4852 2690 4905; x_wconf 79' lang='grc' dir='ltr'><strong>ὅτι</strong></span> <span class='ocrx_word' id='word_1_808' title='bbox 2735 4853 3131 4927; x_wconf 82' lang='grc' dir='ltr'>προσκυνητός.</span> <span class='ocrx_word' id='word_1_809' title='bbox 3170 4856 3599 4929; x_wconf 79' lang='grc' dir='ltr'>Προσεκῦνησαν</span> <span class='ocrx_word' id='word_1_810' title='bbox 3630 4853 3779 4929; x_wconf 76' lang='grc' dir='ltr'>αὐτῷ</span> 
     </span>
    </p>
   </div>
   <div class='ocr_carea' id='block_1_110' title="bbox 2186 4942 3774 5024">
    <p class='ocr_par' dir='ltr' id='par_1_110' title="bbox 2186 4942 3774 5024">
     <span class='ocr_line' id='line_1_110' title="bbox 2186 4942 3774 5024; baseline 0.009 -30"><span class='ocrx_word' id='word_1_811' title='bbox 2186 4943 2237 4995; x_wconf 80' lang='grc' dir='ltr'>οἱ</span> <span class='ocrx_word' id='word_1_812' title='bbox 2268 4942 2545 5015; x_wconf 84' lang='grc' dir='ltr'>μαθηταί·</span> <span class='ocrx_word' id='word_1_813' title='bbox 2575 4947 2977 5017; x_wconf 79' lang='grc' dir='ltr'>προσκυνοῦσιν</span> <span class='ocrx_word' id='word_1_814' title='bbox 3004 4948 3155 5019; x_wconf 85' lang='grc' dir='ltr'>αὑτῷ</span> <span class='ocrx_word' id='word_1_815' title='bbox 3187 4949 3410 5018; x_wconf 82' lang='grc' dir='ltr'>ἄγγελοι</span> <span class='ocrx_word' id='word_1_816' title='bbox 3436 4950 3495 5005; x_wconf 84' lang='grc' dir='ltr'><strong>ὲν</strong></span> <span class='ocrx_word' id='word_1_817' title='bbox 3528 4951 3774 5024; x_wconf 82' lang='grc' dir='ltr'>οὐρανῷ·</span> 
     </span>
    </p>
   </div>
   <div class='ocr_carea' id='block_1_111' title="bbox 2188 5036 3777 5115">
    <p class='ocr_par' dir='ltr' id='par_1_111' title="bbox 2188 5036 3777 5115">
     <span class='ocr_line' id='line_1_111' title="bbox 2188 5036 3777 5115; baseline 0.006 -24"><span class='ocrx_word' id='word_1_818' title='bbox 2188 5036 2299 5091; x_wconf 80' lang='grc' dir='ltr'><strong>Καὶ</strong></span> <span class='ocrx_word' id='word_1_819' title='bbox 2358 5040 2969 5107; x_wconf 77' lang='grc' dir='ltr'>προσκυνησάτωσαν</span> <span class='ocrx_word' id='word_1_820' title='bbox 3037 5036 3198 5109; x_wconf 81' lang='grc' dir='ltr'>αὐτῷ</span> <span class='ocrx_word' id='word_1_821' title='bbox 3254 5038 3481 5110; x_wconf 77' lang='grc' dir='ltr'>πάντες</span> <span class='ocrx_word' id='word_1_822' title='bbox 3539 5045 3777 5115; x_wconf 74' lang='grc' dir='ltr'>ἄγγελοι</span> 
     </span>
    </p>
   </div>
   <div class='ocr_carea' id='block_1_112' title="bbox 2193 5128 3780 5210">
    <p class='ocr_par' dir='ltr' id='par_1_112' title="bbox 2193 5128 3780 5210">
     <span class='ocr_line' id='line_1_112' title="bbox 2193 5128 3780 5210; baseline 0.012 -26"><span class='ocrx_word' id='word_1_823' title='bbox 2193 5128 2343 5184; x_wconf 79' lang='grc' dir='ltr'>Θεοῦ</span> <span class='ocrx_word' id='word_1_824' title='bbox 2367 5148 2383 5164; x_wconf 78' lang='grc' dir='ltr'><strong><em>ο</em></strong></span> <span class='ocrx_word' id='word_1_825' title='bbox 2414 5133 2532 5193; x_wconf 78' lang='grc' dir='ltr'>καὶ,</span> <span class='ocrx_word' id='word_1_826' title='bbox 2572 5134 3069 5205; x_wconf 75' lang='grc' dir='ltr'>Προσκυνησάτω</span> <span class='ocrx_word' id='word_1_827' title='bbox 3107 5151 3216 5203; x_wconf 84' lang='grc' dir='ltr'>σε,</span> <span class='ocrx_word' id='word_1_828' title='bbox 3251 5140 3429 5206; x_wconf 82' lang='grc' dir='ltr'>Κύριε</span> <span class='ocrx_word' id='word_1_829' title='bbox 3452 5180 3467 5203; x_wconf 88' lang='grc'><strong>,</strong></span> <span class='ocrx_word' id='word_1_830' title='bbox 3516 5142 3554 5210; x_wconf 76' lang='grc' dir='ltr'><strong><em>ἡ</em></strong></span> <span class='ocrx_word' id='word_1_831' title='bbox 3602 5141 3780 5209; x_wconf 73' lang='grc' dir='ltr'>ισχύς</span> 
     </span>
    </p>
   </div>
   <div class='ocr_carea' id='block_1_113' title="bbox 2184 5223 3778 5304">
    <p class='ocr_par' dir='ltr' id='par_1_113' title="bbox 2184 5223 3778 5304">
     <span class='ocr_line' id='line_1_113' title="bbox 2184 5223 3778 5304; baseline 0.006 -28"><span class='ocrx_word' id='word_1_832' title='bbox 2184 5236 2325 5290; x_wconf 74' lang='grc' dir='ltr'>μου.</span> <span class='ocrx_word' id='word_1_833' title='bbox 2365 5224 2461 5277; x_wconf 85' lang='grc' dir='ltr'><strong>Ἓν</strong></span> <span class='ocrx_word' id='word_1_834' title='bbox 2510 5223 2567 5278; x_wconf 86' lang='grc' dir='ltr'><strong>δὲ</strong></span> <span class='ocrx_word' id='word_1_835' title='bbox 2611 5228 2847 5299; x_wconf 79' lang='grc' dir='ltr'>πρᾶγμά</span> <span class='ocrx_word' id='word_1_836' title='bbox 2876 5224 3005 5283; x_wconf 64' lang='grc' dir='ltr'><strong>¹ἐστι</strong></span> <span class='ocrx_word' id='word_1_837' title='bbox 3050 5231 3216 5302; x_wconf 73' lang='grc' dir='ltr'>ῥητὸν</span> <span class='ocrx_word' id='word_1_838' title='bbox 3245 5232 3341 5285; x_wconf 78' lang='grc' dir='ltr'><strong>καὶ</strong></span> <span class='ocrx_word' id='word_1_839' title='bbox 3387 5233 3654 5304; x_wconf 80' lang='grc' dir='ltr'>σύντομον</span> <span class='ocrx_word' id='word_1_840' title='bbox 3689 5232 3778 5287; x_wconf 64' lang='grc' dir='ltr'><strong>καὶ⁴</strong></span> 
     </span>
    </p>
   </div>
   <div class='ocr_carea' id='block_1_114' title="bbox 2190 5311 3775 5396">
    <p class='ocr_par' dir='ltr' id='par_1_114' title="bbox 2190 5311 3775 5396">
     <span class='ocr_line' id='line_1_114' title="bbox 2190 5311 3775 5396; baseline 0.006 -29"><span class='ocrx_word' id='word_1_841' title='bbox 2190 5314 2560 5383; x_wconf 84' lang='grc' dir='ltr'>ἁναντίθετον,</span> <span class='ocrx_word' id='word_1_842' title='bbox 2596 5311 2641 5387; x_wconf 81' lang='grc' dir='ltr'>ᾧ</span> <span class='ocrx_word' id='word_1_843' title='bbox 2686 5335 2773 5383; x_wconf 88' lang='grc' dir='ltr'><strong>τις</strong></span> <span class='ocrx_word' id='word_1_844' title='bbox 2820 5321 3093 5376; x_wconf 82' lang='grc' dir='ltr'>ἀντειπεῖν</span> <span class='ocrx_word' id='word_1_845' title='bbox 3119 5324 3180 5376; x_wconf 81' lang='grc' dir='ltr'>οὐ</span> <span class='ocrx_word' id='word_1_846' title='bbox 3214 5324 3461 5380; x_wconf 76' lang='grc' dir='ltr'>δύναται.</span> <span class='ocrx_word' id='word_1_847' title='bbox 3502 5327 3567 5379; x_wconf 81' lang='grc' dir='ltr'><strong>Εἰ</strong></span> <span class='ocrx_word' id='word_1_848' title='bbox 3599 5325 3775 5396; x_wconf 76' lang='grc' dir='ltr'>ἔχουσι</span> 
     </span>
    </p>
   </div>
   <div class='ocr_carea' id='block_1_115' title="bbox 2192 5409 3774 5487">
    <p class='ocr_par' dir='ltr' id='par_1_115' title="bbox 2192 5409 3774 5487">
     <span class='ocr_line' id='line_1_115' title="bbox 2192 5409 3774 5487; baseline 0.007 -29"><span class='ocrx_word' id='word_1_849' title='bbox 2192 5409 2501 5479; x_wconf 85' lang='grc' dir='ltr'>μαρτυρίαν</span> <span class='ocrx_word' id='word_1_850' title='bbox 2535 5411 2586 5463; x_wconf 81' lang='grc' dir='ltr'>οι</span> <span class='ocrx_word' id='word_1_851' title='bbox 2621 5411 2999 5484; x_wconf 75' lang='grc' dir='ltr'>ἐχθραίνοντες</span> <span class='ocrx_word' id='word_1_852' title='bbox 3026 5414 3104 5486; x_wconf 83' lang='grc' dir='ltr'><strong>τῷ</strong></span> <span class='ocrx_word' id='word_1_853' title='bbox 3140 5414 3258 5487; x_wconf 80' lang='grc' dir='ltr'>Υίῷ</span> <span class='ocrx_word' id='word_1_854' title='bbox 3283 5416 3377 5470; x_wconf 77' lang='grc' dir='ltr'><strong>τοῦ</strong></span> <span class='ocrx_word' id='word_1_855' title='bbox 3418 5416 3556 5471; x_wconf 83' lang='grc' dir='ltr'>Θεοῦ</span> <span class='ocrx_word' id='word_1_856' title='bbox 3590 5417 3774 5482; x_wconf 80' lang='grc' dir='ltr'>δείξαι,</span> 
     </span>
    </p>
   </div>
   <div class='ocr_carea' id='block_1_116' title="bbox 2184 5495 3775 5579">
    <p class='ocr_par' dir='ltr' id='par_1_116' title="bbox 2184 5495 3775 5579">
     <span class='ocr_line' id='line_1_116' title="bbox 2184 5495 3775 5579; baseline 0.006 -28"><span class='ocrx_word' id='word_1_857' title='bbox 2184 5498 2289 5552; x_wconf 79' lang='grc' dir='ltr'><strong>ποῦ</strong></span> <span class='ocrx_word' id='word_1_858' title='bbox 2324 5495 2476 5555; x_wconf 71' lang='grc' dir='ltr'>εἶπεν</span> <span class='ocrx_word' id='word_1_859' title='bbox 2500 5501 2527 5555; x_wconf 81' lang='grc' dir='ltr'>ὁ</span> <span class='ocrx_word' id='word_1_860' title='bbox 2552 5504 2766 5575; x_wconf 83' lang='grc' dir='ltr'>Πατὴρ,</span> <span class='ocrx_word' id='word_1_861' title='bbox 2798 5495 2881 5559; x_wconf 75' lang='grc' dir='ltr'><strong>ὅτι</strong></span> <span class='ocrx_word' id='word_1_862' title='bbox 2911 5507 3145 5561; x_wconf 87' lang='grc' dir='ltr'>Ἔκτισά</span> <span class='ocrx_word' id='word_1_863' title='bbox 3178 5526 3267 5579; x_wconf 87' lang='grc' dir='ltr'><strong>μοι</strong></span> <span class='ocrx_word' id='word_1_864' title='bbox 3300 5507 3451 5573; x_wconf 77' lang='grc' dir='ltr'>Υίὸν,</span> <span class='ocrx_word' id='word_1_865' title='bbox 3481 5511 3539 5563; x_wconf 81' lang='grc' dir='ltr'>ὲν</span> <span class='ocrx_word' id='word_1_866' title='bbox 3570 5508 3775 5575; x_wconf 76' lang='grc' dir='ltr'>Παλαιᾷ</span> 
     </span>
    </p>
   </div>
   <div class='ocr_carea' id='block_1_117' title="bbox 2184 5591 3773 5670">
    <p class='ocr_par' dir='ltr' id='par_1_117' title="bbox 2184 5591 3773 5670">
     <span class='ocr_line' id='line_1_117' title="bbox 2184 5591 3773 5670; baseline 0.007 -27"><span class='ocrx_word' id='word_1_867' title='bbox 2184 5591 2280 5644; x_wconf 78' lang='grc' dir='ltr'>καὶ</span> <span class='ocrx_word' id='word_1_868' title='bbox 2313 5594 2371 5647; x_wconf 82' lang='grc' dir='ltr'>ὲν</span> <span class='ocrx_word' id='word_1_869' title='bbox 2402 5594 2577 5667; x_wconf 83' lang='grc' dir='ltr'>Καινῇ</span> <span class='ocrx_word' id='word_1_870' title='bbox 2604 5596 2849 5670; x_wconf 76' lang='grc' dir='ltr'>Διαοήκῃ</span> <span class='ocrx_word' id='word_1_871' title='bbox 2876 5615 2890 5662; x_wconf 90' lang='grc'>;</span> <span class='ocrx_word' id='word_1_872' title='bbox 2922 5596 2955 5668; x_wconf 81' lang='grc' dir='ltr'>ἢ</span> <span class='ocrx_word' id='word_1_873' title='bbox 2984 5598 3087 5653; x_wconf 85' lang='grc' dir='ltr'><strong>ποῦ</strong></span> <span class='ocrx_word' id='word_1_874' title='bbox 3119 5592 3272 5654; x_wconf 73' lang='grc' dir='ltr'>εἶπεν</span> <span class='ocrx_word' id='word_1_875' title='bbox 3299 5603 3328 5655; x_wconf 88' lang='grc' dir='ltr'>ὁ</span> <span class='ocrx_word' id='word_1_876' title='bbox 3358 5602 3506 5669; x_wconf 83' lang='grc' dir='ltr'>Υἱὸς,</span> <span class='ocrx_word' id='word_1_877' title='bbox 3533 5602 3617 5657; x_wconf 84' lang='grc' dir='ltr'>ὃτι</span> <span class='ocrx_word' id='word_1_878' title='bbox 3646 5600 3773 5655; x_wconf 69' lang='lat' dir='ltr'><strong>&quot;E7.-</strong></span> 
     </span>
    </p>
   </div>
   <div class='ocr_carea' id='block_1_118' title="bbox 1318 5717 3771 5809">
    <p class='ocr_par' dir='ltr' id='par_1_118' title="bbox 1318 5717 3771 5809">
     <span class='ocr_line' id='line_1_118' title="bbox 1318 5717 3771 5809; baseline 0.009 -40"><span class='ocrx_word' id='word_1_879' title='bbox 1318 5717 1675 5809; x_wconf 35' lang='lat' dir='ltr'><strong>risuavmlgl</strong></span> <span class='ocrx_word' id='word_1_880' title='bbox 1727 5720 1937 5809; x_wconf 47' lang='lat' dir='ltr'><strong>&#39;_L___t‘tc..</strong></span> <span class='ocrx_word' id='word_1_881' title='bbox 1963 5739 2005 5809; x_wconf 62' lang='grc' dir='ltr'><strong>ιζ</strong></span> <span class='ocrx_word' id='word_1_882' title='bbox 2041 5723 2131 5809; x_wconf 63' lang='grc' dir='ltr'><strong>ξο.</strong></span> <span class='ocrx_word' id='word_1_883' title='bbox 2206 5727 2227 5758; x_wconf 73' lang='grc'>⁸</span> <span class='ocrx_word' id='word_1_884' title='bbox 2266 5726 2414 5809; x_wconf 65' lang='lat' dir='ltr'><strong>Psal.</strong></span> <span class='ocrx_word' id='word_1_885' title='bbox 2455 5748 2603 5809; x_wconf 55' lang='lat' dir='ltr'><strong>xcvi,</strong></span> <span class='ocrx_word' id='word_1_886' title='bbox 2648 5733 2708 5809; x_wconf 76' lang='lat'><strong>5_._</strong></span> <span class='ocrx_word' id='word_1_887' title='bbox 2778 5734 2800 5766; x_wconf 83' lang='grc'><strong><em>⁸</em></strong></span> <span class='ocrx_word' id='word_1_888' title='bbox 2834 5734 3049 5793; x_wconf 88' lang='lat' dir='ltr'><strong>Coloss.</strong></span> <span class='ocrx_word' id='word_1_889' title='bbox 3097 5739 3244 5806; x_wconf 69' lang='lat'><strong>1,15.</strong></span> <span class='ocrx_word' id='word_1_890' title='bbox 3324 5739 3345 5770; x_wconf 79' lang='lat'><em>‘</em></span> <span class='ocrx_word' id='word_1_891' title='bbox 3382 5738 3685 5809; x_wconf 82' lang='lat' dir='ltr'><strong>Ephes.‘u.</strong></span> <span class='ocrx_word' id='word_1_892' title='bbox 3718 5734 3771 5809; x_wconf 66' lang='grc'>4.</span> 
     </span>
    </p>
   </div>
   <div class='ocr_carea' id='block_1_119' title="bbox 1752 5790 2391 5869">
    <p class='ocr_par' dir='ltr' id='par_1_119' title="bbox 1752 5790 2391 5869">
     <span class='ocr_line' id='line_1_119' title="bbox 1752 5790 2391 5869; baseline 0.016 -23"><span class='ocrx_word' id='word_1_893' title='bbox 1752 5794 1774 5825; x_wconf 88' lang='grc'><strong>⁹</strong></span> <span class='ocrx_word' id='word_1_894' title='bbox 1812 5790 1875 5848; x_wconf 84' lang='lat' dir='ltr'><strong>F.</strong></span> <span class='ocrx_word' id='word_1_895' title='bbox 1921 5792 2391 5869; x_wconf 77' lang='grc' dir='ltr'>ὲκλελογισμένος.</span> 
     </span>
    </p>
   </div>
   <div class='ocr_carea' id='block_1_120' title="bbox 2448 5801 3774 5884">
    <p class='ocr_par' dir='ltr' id='par_1_120' title="bbox 2448 5801 3774 5884">
     <span class='ocr_line' id='line_1_120' title="bbox 2448 5801 3774 5884; baseline 0.005 -26"><span class='ocrx_word' id='word_1_896' title='bbox 2448 5802 2554 5881; x_wconf 28' lang='lat' dir='ltr'><strong>ﬂ“</strong></span> <span class='ocrx_word' id='word_1_897' title='bbox 2580 5801 2641 5860; x_wconf 88' lang='lat' dir='ltr'><strong>ln</strong></span> <span class='ocrx_word' id='word_1_898' title='bbox 2673 5804 2808 5877; x_wconf 76' lang='lat' dir='ltr'><strong>Reg.</strong></span> <span class='ocrx_word' id='word_1_899' title='bbox 2842 5809 3076 5880; x_wconf 84' lang='grc' dir='ltr'>κτίστιν,</span> <span class='ocrx_word' id='word_1_900' title='bbox 3121 5801 3202 5867; x_wconf 79' lang='lat' dir='ltr'><strong>ex</strong></span> <span class='ocrx_word' id='word_1_901' title='bbox 3247 5826 3359 5884; x_wconf 87' lang='lat' dir='ltr'><strong>quo</strong></span> <span class='ocrx_word' id='word_1_902' title='bbox 3426 5801 3607 5867; x_wconf 71' lang='grc' dir='ltr'>κτίσιν</span> <span class='ocrx_word' id='word_1_903' title='bbox 3649 5807 3774 5864; x_wconf 80' lang='lat' dir='ltr'><strong>ieci-</strong></span> 
     </span>
    </p>
   </div>
  </div>
