3950 6416
331 400 437 456 1‘05

1786 400 2232 460 ANCORATUS.

3541 407 3644 463 106

334 517 456 574 τισέ
498 534 568 589 με
613 519 645 571 6
691 516 924 593 Πατήρς
971 516 1227 591 Τέσσαρά
1271 521 1410 574 εἰσιν
1455 518 1767 588 Εὑαγγέλια
1808 520 1938 592 (51)1

2053 517 2249 574 Vetere
2264 518 2388 585 sive
2428 515 2581 572 Novo
2613 515 3000 582 Testamento;
3035 528 3127 573 aut
3161 519 3251 574 ubi
3288 518 3463 577 Filius
3486 519 3644 577 dixe-

340 610 659 681 κεφαλαίων
680 610 872 682 χιλίων
900 610 1097 665 ἑκατὸν
1114 610 1132 641 ¹
1165 609 1544 683 ἑξηκονταδύο,
1572 613 1667 665 καὶ
1694 612 1949 684 ἀπαρχῆς

342 704 451 767 ἕως
480 701 676 766 τέλους
703 702 973 774 ἐλάλησεν
1013 706 1041 757 6
1073 703 1221 769 Υἱὸς,
1258 705 1352 758 καὶ
1386 703 1524 774 πρὸς
1558 704 1721 759 αὐτὸν
1762 705 1791 758 6
1839 706 1951 758 Πα-

347 794 488 869 τὴρ,
523 795 620 849 καὶ
650 794 894 867 οὐδαμοῦ
930 790 1106 863 εἶπεν,
1136 794 1360 849 Ἐκτισέ
1406 812 1473 867 με
1511 797 1538 850 ὁ
1582 797 1795 869 Πατὴρ,
1824 796 1947 851 οὐδὲ

348 889 379 942 6
425 887 652 962 Πατὴρ,
684 887 919 945 Ἔκτισά
958 906 1050 961 μοι
1096 887 1261 954 Υἱὸν,
1307 888 1381 960 ἦ,
1413 890 1649 945 Ἕκτισα
1686 890 1776 945 τὸν
1817 890 1947 945 Υἱόν

351 998 485 1053 μου.

423 1160 557 1215 NA'.
606 1158 769 1214 Ἀλλά
804 1172 968 1230 φησιν
999 1156 1028 1213 ὁ
1060 1154 1362 1230 φιλόνεικος
1395 1158 1489 1213 καὶ
1536 1155 1832 1230 φιλόδοξος·
1875 1158 1943 1214 Τί

346 1248 448 1307 οὖν
473 1252 686 1322 λέγεις;
718 1252 779 1305 τὸ
804 1252 967 1321 σῶμα
1004 1252 1113 1306 ἀπὸ
1157 1250 1378 1324 Μαρίας
1405 1251 1649 1323 δηλονότι
1677 1252 1941 1324 ἀνειλημ-

351 1347 552 1420 μένον;
585 1346 777 1419 Μαρία
823 1344 879 1399 δὲ
928 1346 1017 1411 τίς
1065 1344 1265 1417 φησιν,
1310 1344 1567 1409 ἄκτιστος
1612 1344 1647 1417 ἢ
1690 1347 1942 1415 κτιστόςς

346 1440 587 1505 Kac-r6;
613 1438 877 1513 δηλονότι,
922 1438 1017 1492 καὶ
1036 1436 1196 1492 αὐτοὶ⁵
1231 1437 1485 1510 λέγομεν,
1516 1437 1845 1510 γεννηθεῖσα
1882 1438 1942 1505 ἐξ

345 1533 549 1606 ἀνδρδς
588 1533 683 1589 καὶ
708 1527 986 1603 γυναικός.
1021 1531 1095 1585 Τὸ
1124 1528 1234 1585 ἀπὸ
1276 1528 1493 1601 Μαρίας
1526 1524 1619 1583 οὖν
1645 1528 1701 1582 τι
1730 1528 1939 1598 λέγειςς

348 1628 682 1697 προσκυνεῖς
702 1624 797 1679 τὸν
819 1623 1050 1696 Σωτῆρα
1072 1623 1130 1676 ὲν
1160 1620 1397 1694 σώματι,
1420 1620 1454 1694 ἢ
1481 1623 1543 1677 οὐ
1576 1624 1938 1694 προσκυνεῖς;

347 1718 478 1783 Πῶς
518 1712 613 1773 οὖν
658 1717 736 1789 μὴ
782 1715 1180 1788 προσκυνήσω;
1239 1715 1367 1769 Ἐὰν
1410 1715 1520 1787 γὰρ
1574 1715 1651 1786 μὴ
1702 1732 1944 1786 προσκυ-

345 1813 535 1884 νήσω,
565 1811 664 1865 οὐκ
696 1810 805 1881 ἔχω
849 1809 1019 1881 ζωήν.
1067 1809 1202 1862 Ἰδοὺ
1249 1803 1343 1862 οὖν
1375 1807 1582 1878 κτίσμα
1611 1808 1942 1876 προσκυνεῖς

2054 609 2128 662 rit
2155 627 2168 664 :
2202 607 2523 663 Procrcavit
2553 622 2639 663 me
2670 606 2850 662 Pater.
2884 608 3133 674 Quatuor
3165 608 3457 679 Evangelia
3489 614 3641 669 sunt.

2051 701 2107 755 in
2148 701 2328 771 iisque
2378 701 2557 770 capita
2605 699 2755 753 mille
2776 711 2992 754 centum
3018 707 3071 753 et
3098 701 3379 771 sexaginta
3409 700 3519 755 duo
3545 720 3556 755 :
3582 701 3644 757 in

2049 790 2253 861 quibus
2290 789 2358 843 ab
2390 789 2549 843 iuilio
2584 788 2649 842 ad
2683 788 2844 843 linem
2878 798 2988 842 tam
3022 787 3197 843 Filius
3235 791 3350 860 ipse
3374 790 3640 860 loquitur,

2048 895 2217 950 quam
2249 896 2376 935 cum
2418 879 2556 935 Filio
2602 882 2780 936 Pater.
2824 880 2937 937 Nec
2967 896 3199 951 usquam
3249 889 3430 937 tamen
3472 880 3645 937 Filius

2048 973 2209 1036 dixit,
2256 972 2477 1029 Creavit
2515 989 2601 1029 me
2642 973 2836 1041 Pater;
2869 989 3047 1045 neque
3081 974 3241 1029 Pater
3274 975 3411 1044 ipse,
3446 973 3644 1029 Creavi

2047 1066 2182 1121 mihi
2219 1065 2442 1131 Filium,
2471 1069 2576 1133 vel,
2610 1065 2806 1122 Creavi
2837 1066 3037 1122 Filium
3065 1083 3272 1122 meum.

2119 1155 2206 1211 LI.
2251 1156 2420 1230 Urget
2444 1174 2574 1215 vero
2603 1160 2855 1230 pertinax
2878 1167 2932 1214 et
2960 1160 3149 1231 gloriae
3181 1160 3417 1229 cupidus
3446 1158 3644 1212 adver-

2047 1251 2253 1306 sarius.
2284 1250 2429 1317 Quid
2464 1251 2631 1323 igitur
2657 1251 2838 1307 dicis?
2858 1251 3052 1308 Nonne
3084 1267 3289 1322 corpus
3322 1250 3581 1305 videlicet
3612 1265 3646 1304 e

2045 1340 2220 1398 Maria
2275 1351 2554 1413 sumptum
2611 1344 2861 1400 asseris?
2913 1342 3226 1415 cuiusmodi
3284 1358 3415 1398 vero
3465 1342 3642 1397 Maria

2045 1432 2193 1489 fuit?
2233 1433 2500 1499 inereata,
2532 1448 2601 1487 an
2636 1432 2991 1489 ci‘eata?Nos
3032 1450 3161 1489 vero
3191 1442 3433 1487 creatam
3470 1432 3646 1487 fuisse

2043 1525 2393 1591 confitemur,
2425 1536 2591 1597 atque
2619 1542 2651 1582 e
2674 1526 2796 1582 viro
2827 1526 3140 1597 feminaque
3174 1526 3435 1598 genitam.
3480 1524 3643 1593 Quod

2044 1619 2212 1691 igitur
2252 1619 2524 1690 originem
2559 1634 2589 1674 a
2625 1618 2795 1675 Maria
2835 1620 3032 1687 traxit,
3066 1620 3378 1690 cuiusmodi
3420 1621 3643 1675 tandem

2043 1729 2167 1770 esse
2207 1712 2450 1771 statuis?
2481 1729 2615 1789 num
2660 1712 3001 1770 Salvatorem
3049 1713 3246 1769 adoras
3283 1713 3339 1769 in
3370 1728 3642 1785 corpore.

2045 1821 2113 1860 an
2139 1822 2247 1862 non
2274 1805 2512 1863 adoras?
2540 1806 2661 1874 Quo
2684 1806 2902 1863 tandem
2926 1815 3089 1878 pacto
3116 1822 3226 1863 non
3247 1807 3510 1862 adorem?
3535 1807 3645 1862 nisi

345 1902 412 1957 τὸ
446 1901 627 1974 σῶμα.
660 1900 838 1973 Πολλὴ
855 1895 914 1953 δὲ
936 1898 1332 1971 φρενοδλάϐεια
1361 1897 1472 1951 τῶν
1503 1898 1574 1951 τὰ
1600 1895 1827 1951 τοιαῦτα
1853 1896 1938 1950 λε-

2048 1899 2192 1955 enim
2233 1898 2557 1968 adoravero,
2612 1902 2776 1956 vitam
2827 1917 2937 1956 non
2982 1916 3314 1972 consequar.
3350 1900 3509 1973 Ergo,
3560 1900 3647 1955 in-

348 1992 580 2063 γόντων.
627 1988 740 2047 Καὶ
781 1992 891 2064 γὰρ
934 1989 1189 2061 βασιλεὺς
1233 1988 1522 2061 πορφύραν
1566 1987 1940 2059 ἐνδεδυμένος,

347 2085 458 2138 ὑπὸ
488 2083 711 2138 πάντων
744 2086 1155 2155 προσκυνεῖται,
1195 2076 1307 2157 ἆρα
1336 2085 1370 2157 ἡ
1408 2083 1666 2157 πορφύρα
1701 2102 1943 2157 προσκυ-

344 2178 547 2242 νεῖται,
594 2177 628 2249 ἧ
656 2179 684 2231 6
719 2174 1008 2248 βασιλεύς;
1049 2176 1287 2249 Εὔδηλον
1322 2179 1403 2232 ὅτι
1430 2179 1459 2231 6
1491 2179 1768 2251 βασιλεὺς,
1799 2196 1941 2249 συμ-

346 2270 739 2336 προσκυνεῖται
769 2267 829 2320 δὲ
868 2265 1018 2339 αὐτῷ
1062 2268 1159 2321 καὶ
1203 2269 1237 2339 ἡ
1286 2267 1543 2342 πορφύρα
1590 2267 1937 2340 φορουμένη·

345 2357 719 2430 ἔκδυσαμένου
750 2358 809 2412 δὲ
841 2356 1048 2430 ταύτην
1080 2358 1174 2412 τοῦ
1209 2358 1497 2430 βασιλέως,
1528 2360 1622 2413 καὶ
1656 2361 1736 2423 εἰς
1777 2359 1943 2412 τόπον

347 2451 602 2523 θεμένου,
621 2452 805 2506 οὐκέτι
837 2457 1225 2524 προσκυνεῖται
1253 2457 1287 2525 ἡ
1318 2454 1616 2525 πορφυρίς.
1634 2452 1943 2517 Καθέζεται

346 2545 445 2597 καὶ
467 2546 528 2597 ὲν
555 2543 669 2615 ναῷ
701 2544 815 2615 (52)
848 2544 1110 2611 πολλάκις
1143 2545 1398 2617 βασιλεὺς
1427 2547 1522 2599 ἐπὶ
1552 2544 1746 2616 θρόνου
1786 2545 1940 2607 ἰδίου,

344 2635 446 2689 καὶ
494 2636 547 2689 οἱ
593 2638 1028 2708 προσκυνοῦντες
1060 2639 1431 2712 προσκυνοῦσι
1478 2637 1569 2692 τὸν
1622 2637 1844 2709 βασιλέα
1885 2641 1942 2693 ἐν

343 2723 428 2793 τῷ
458 2723 573 2794 ναῷ
603 2724 681 2795 τῷ
713 2725 830 2798 ἰδίῳ
856 2728 955 2783 καὶ
982 2727 1061 2800 τῷ
1094 2728 1291 2801 θρόνῳ.
1335 2728 1747 2802 Ἑξεγερθέντος
1768 2729 1824 2783 δὲ
1845 2730 1941 2783 τοῦ

346 2812 642 2886 βασιλέως,
675 2817 852 2882 οὐδεὶς
879 2816 1003 2873 οὔτε
1042 2820 1135 2873 τὸν
1160 2821 1288 2875 ναὸν
1319 2821 1433 2893 (55)
1467 2822 1592 2877 οὔτε
1625 2821 1721 2876 τὸν
1750 2820 1943 2894 θρόνον

347 2910 670 2979 προσκυνεῖ.
702 2909 895 2974 Οὐδεὶς
941 2910 998 2963 δὲ
1049 2913 1310 2984 μεμηνὼς
1353 2912 1524 2968 θέλων
1562 2914 1942 2988 προσκυνῆσαι

343 2999 441 3051 τὸν
489 2998 716 3069 βασιλέα
770 3001 830 3054 ὲν
876 3000 953 3074 τῷ
992 3002 1107 3075 ναῷ
1150 3004 1340 3069 αὐτοῦ,
1388 3005 1538 3075 λέγει
1582 3006 1661 3078 τῷ
1706 3008 1940 3079 βασιλεῖ,

2044 1992 2271 2063 quiunt,
2325 2001 2663 2057 creaturam,
2712 1993 2819 2048 hoc
2866 2002 2972 2059 est,
3017 2009 3222 2065 corpus
3273 1994 3491 2050 adoras.
3536 1992 3643 2049 Sed

2045 2100 2262 2151 eorum,
2286 2087 2381 2157 qui
2420 2087 2496 2141 ita
2536 2086 2841 2157 disputant,
2878 2087 3224 2143 admirabilis
3269 2087 3517 2158 quaedam
3558 2096 3646 2143 est

2043 2177 2323 2233 vecordia.
2384 2176 2598 2232 Etenim
2645 2192 2769 2232 cum
2818 2186 3159 2248 purpuratus
3216 2179 3519 2248 imperator
3568 2179 3642 2232 ab

2043 2267 2303 2323 omnibus
2321 2266 2609 2333 aduratur,
2633 2276 2814 2323 utrum
2840 2284 3108 2338 purpura,
3129 2283 3197 2323 an
3227 2270 3526 2339 imperator
3546 2268 3645 2322 ad-

2043 2360 2273 2414 oratur?
2308 2358 2564 2415 Profecto
2597 2361 2901 2431 imperator
2927 2361 3063 2430 ipse,
3103 2376 3228 2415 cum
3256 2376 3366 2431 quo
3398 2376 3643 2432 purpura

2043 2451 2161 2517 illa,
2181 2466 2345 2521 quam
2369 2458 2571 2523 gestat,
2609 2452 2893 2507 adoratur.
2914 2452 3068 2507 llanc
3102 2467 3226 2507 cum
3253 2452 3468 2507 exuerit
3489 2453 3645 2523 prin-

2040 2558 2173 2615 ceps
2200 2553 2255 2600 et
2283 2560 2383 2600 suo
2419 2545 2543 2600 loco
2574 2546 2908 2615 reposuerit,
2942 2561 3050 2599 non
3079 2545 3317 2618 amplius
3364 2559 3642 2615 purpurea

2042 2637 2214 2692 vestis
2244 2636 2528 2691 adoratur.
2573 2636 2726 2707 S.rpe
2769 2654 3002 2693 numero
3048 2638 3273 2701 accidit,
3308 2647 3368 2692 ut
3409 2640 3646 2709 impera-

2045 2736 2134 2783 tor
2162 2728 2217 2783 in
2247 2729 2546 2801 augustali,
2581 2744 2684 2785 suo
2716 2729 2769 2783 in
2803 2731 2945 2785 solio
2976 2731 3260 2786 cousideat
3282 2770 3298 2795 ,
3336 2730 3524 2801 ibique
3549 2731 3641 2801 qui

2048 2818 2438 2890 imperatorem
2486 2830 2844 2883 venerantur,
2885 2827 2995 2874 tam
3042 2821 3221 2890 ipsum
3256 2822 3310 2875 in
3345 2821 3643 2890 augustali,

2046 2927 2213 2981 quam
2260 2912 2462 2967 solium
2513 2913 2689 2982 ipsius
2736 2913 2991 2968 adorent.
3043 2914 3162 2967 Mox
3203 2913 3294 2967 ubi
3345 2913 3648 2985 imperator

2046 3007 2418 3061 assurrexerit
2447 3020 2511 3060 ac
2541 3006 2881 3070 discesserit,
2909 3021 3072 3061 nemo
3095 3007 3383 3077 augustale
3406 3005 3645 3076 amplius

351 3091 578 3158 Ἔξελθε
605 3095 670 3147 ὲκ
695 3092 789 3147 τοῦ
822 3092 953 3149 ναοῦ
988 3113 1081 3150 σου
1119 3097 1208 3151 ἴνα
1247 3114 1308 3151 σε
1350 3102 1741 3173 προσκυνήσω.
1780 3099 1938 3155 Οὕτω

2048 3105 2141 3152 aut
2172 3098 2369 3153 solium
2400 3097 2611 3152 adorat.
2642 3097 2815 3153 Nemo
2850 3114 2981 3153 vero
3011 3099 3150 3154 adeo
3181 3098 3412 3153 insanus
3443 3107 3551 3161 est,
3583 3105 3644 3151 ut

345 3184 480 3253 γοῦν
507 3184 684 3248 οὐδεὶς
715 3187 844 3258 εἴπῃ
882 3186 960 3259 τῷ
988 3184 1305 3259 Μονογενεῖ,
1343 3191 1516 3261 ’Δφες
1555 3191 1617 3245 τὸ
1653 3191 1813 3263 σῶμα
1853 3194 1938 3248 ἵνα

2049 3190 2435 3259 imperatorem
2480 3190 2714 3246 adorare
2757 3192 3014 3261 cupiens,
3057 3191 3106 3246 ei
3155 3190 3341 3245 dicere
3390 3190 3590 3244 audeat
3627 3208 3641 3243 :

344 3293 414 3330 σε
448 3278 817 3351 προσκυνήσω
837 3296 851 3309 ’
875 3280 1012 3334 ἀλλὰ
1040 3285 1341 3354 προσκυνεῖ
1372 3283 1469 3336 σὺν
1492 3282 1571 3356 τῷ
1603 3283 1818 3355 σώματι
1845 3286 1937 3339 τὸν

2053 3251 2346 3353 Digredere
2380 3298 2446 3337 ex
2486 3282 2581 3339 illo
2619 3292 2715 3337 tuo
2750 3251 3025 3353 augustali
3067 3292 3126 3337 ut
3166 3283 3390 3338 adorem
3430 3290 3503 3336 te.
3536 3282 3644 3353 55

348 3365 629 3440 Μονογενῆ
661 3368 916 3424 ἄκτιστον
950 3372 1047 3425 σὺν
1071 3371 1184 3443 ναῷ
1216 3371 1294 3443 τῷ
1335 3370 1500 3446 ἁγίῳ,
1531 3373 1591 3427 ὃν
1624 3374 1815 3429 ἔλαϐεν
1854 3376 1941 3429 ἑλ-

356 3457 480 3514 εὼν.
515 3460 628 3513 Καὶ
660 3459 837 3524 οὐδεὶς
882 3460 1031 3531 λέγει
1076 3462 1154 3534 τῷ
1184 3462 1428 3535 βασιλεῖ,
1470 3465 1704 3519 ’Δνάστα
1743 3468 1807 3519 ὲκ
1846 3468 1937 3522 τοῦ

351 3547 542 3620 θρόνου
594 3567 709 3614 σου,
758 3550 846 3604 ἵνα
881 3568 941 3604 σε
988 3556 1354 3625 προσκυνήσω
1398 3554 1522 3625 δίχα
1565 3554 1662 3608 τοῦ
1712 3555 1935 3629 θρόνου’

346 3640 483 3694 ἀλλὰ
516 3644 817 3714 προσκυνεί
841 3641 932 3696 τὸν
962 3642 1190 3713 βασιλέα
1209 3645 1308 3698 σὺν
1328 3644 1405 3715 τῷ
1436 3645 1612 3717 Θρὸνῳ
1637 3665 1650 3678 ·
1685 3648 1780 3701 καὶ
1804 3647 1938 3717 γοῦν

348 3735 445 3788 καὶ
473 3737 503 3789 6
533 3736 767 3807 Χριστὸς
800 3742 1191 3809 προσκυνεῖται
1241 3740 1339 3795 σὺν
1372 3739 1451 3811 τῷ
1482 3738 1696 3812 σώματι
1734 3741 1812 3814 τῷ
1842 3760 1938 3798 τα-

345 3825 505 3897 φέντι
541 3828 636 3883 καὶ
663 3830 1040 3902 ὲτηγερμένῳ.

422 4096 549 4152 NB‘.
601 4098 762 4153 Ἀλλά
803 4115 963 4169 φασι’
1014 4100 1078 4154 Τί
1115 4097 1209 4156 οὖν
1240 4103 1447 4172 λέγεις;
1486 4104 1668 4158 Θέλων
1714 4106 1939 4177 ἐγέννη-

343 4207 446 4244 trav
473 4191 588 4263 (δι)
626 4193 656 4245 ὁ
686 4193 876 4266 Πατὴρ
918 4193 1011 4248 τὸν
1048 4193 1199 4260 Υἱὸν,
1250 4195 1283 4266 ἢ
1330 4197 1409 4267 μὴ
1462 4197 1668 4264 οέλων;
1716 4198 1937 4269 Ἐπειδὴ

426 4351 445 4383 ¹
480 4368 573 4421 γρ.
602 4351 854 4410 ἕκαστον.

392 4507 535 4634 ἐξ)
582 4506 856 4592 Τᾷσοςαρά
881 4508 1045 4564 εἰσιν
1075 4512 1434 4593 Εὺαηαέλιρ.
1468 4508 1718 4567 Totidem
1752 4513 1809 4567 in
1839 4527 1934 4565 κε-

344 4596 387 4648 φ
502 4594 561 4631 ια
592 4580 886 4634 distributa
919 4591 1078 4636 erant
1127 4581 1418 4648 Evangelia
1467 4591 1727 4648 quatuor,
1762 4590 1824 4638 ut
1862 4598 1930 4637 ex

2048 4520 2126 4570 est
2163 4525 2285 4568 eam
2339 4510 2763 4569 similitudinem
2793 4554 2809 4579 ,

2048 4586 2312 4648 phanius,
2356 4580 2414 4635 in
2443 4597 2513 4636 eo
2560 4583 2809 4647 deﬁcere,

502 4594 561 4653 ια
592 4580 886 4634 distributa
919 4591 1078 4636 erant
1127 4580 1727 4653 Evangeliadquatuor,
1762 4590 1824 4638 ut
1862 4598 1930 4637 ex

349 4649 666 4725 l-lusebiano
697 4665 909 4706 canone
939 4660 1190 4716 constat,
1233 4649 1394 4721 quem
1427 4649 1798 4725 Hieronymus
1835 4669 1933 4725 ex-

346 4721 588 4793 ιιι-θεῆς,
633 4735 946 4793 quanquam
977 4738 1088 4777 uno
1126 4725 1359 4793 amplius
1396 4724 1541 4793 apud
1588 4721 1789 4793 ipsum,
1815 4724 1930 4789 sit;

349 4806 481 4863 pani
522 4789 764 4863 glutthzei
801 4789 984 4863 capita
1031 4802 1162 4849 sunt
1203 4789 1331 4854 335.
1379 4789 1544 4848 Marci
1587 4789 1739 4863 2'35,
1770 4792 1934 4848 Lucae

347 4861 480 4922 543,
513 4858 743 4917 Joannis
774 4858 900 4917 232'.
934 4862 1282 4933 Colliguntur
1311 4864 1487 4933 capita
1520 4864 1682 4919 H65.
1719 4862 1930 4919 Psnv.

345 4933 691 5006 -—f’ercurre
721 4948 842 5002 quae
885 4934 1036 5006 apud
1052 4931 1415 5006 Thomasium
1448 4943 1700 4991 nostrum
1744 4937 1934 5006 legum-

346 5010 445 5056 tur
481 5001 538 5054 in
591 5001 877 5058 sacrorum
920 5001 1228 5059 Bibliorum
1274 5006 1554 5060 veteribus
1600 5001 1818 5068 titulis;
1845 5022 1934 5061 se-

345 5072 634 5157 ctiopibus
666 5083 728 5157 et.
752 5074 1170 5157 _stic_liometriis
1192 5076 1312 5157 ,Aihn-
1334 5083 1483 5129 tomo
1510 5076 1691 5157 primo
1716 5085 1933 5157 nostra:

346 5142 803 5217 editionis.__Vide
847 5145 1014 5200 etiam
1055 5160 1179 5216 pag.
1211 5145 1321 5200 204
1392 5142 1527 5200 torni
1562 5144 1652 5199 Vll
1682 5147 1932 5217 ejusdem

349 5225 559 5269 nostra
587 5213 866 5270 editionis.

421 5284 540 5351 (52)
577 5282 885 5356 Καθέζεται
904 5285 1001 5339 καὶ
1033 5284 1098 5339 ἐν
1134 5284 1279 5351 ναῷ.
1315 5284 1481 5349 Ναὸς,
1513 5294 1572 5341 ιιι
1598 5287 1817 5356 opinor,
1844 5288 1934 5344 hic

342 5364 432 5428 est
479 5354 777 5428 «egestate,
808 5355 888 5410 vel
915 5354 1697 5428 quidpiam:edicuqlzeiinsta'r,
1726 5358 1781 5412 in
1819 5374 1931 5428 quo

344 5424 618 5495 principis
647 5426 844 5480 solium
879 5424 1121 5495 pcinitur.
1159 5425 1252 5482 Sic
1277 5424 1440 5490 ναούς
1466 5427 1640 5482 ϐιτθαί
1688 5424 1933 5482 armaria

346 5506 590 5568 vocant:
617 5495 927 5568 cuiusmodi
955 5498 1009 5550 in
1046 5497 1205 5551 atriis
1236 5505 1395 5568 erant
1422 5498 1477 5551 in
1506 5497 1712 5568 quibus
1753 5499 1933 5568 genti-

348 5564 480 5636 litia:
513 5564 778 5636 imagines
810 5567 1240 5622 collocabantur.
1275 5564 1401 5621 Haec
1425 5564 1572 5623 enim
1620 5564 1798 5621 ναῖδιῐι
1832 5567 1934 5624 Ρο-

344 5635 534 5766 abitis
553 5635 808 5717 appellat.
838 5636 957 5718 Qua
986 5638 1207 5692 notione
1230 5638 1454 5707 quidam
1489 5639 1624 5693 illud
1660 5641 1780 5693 Act.
1810 5655 1928 5703 xix,

472 5713 739 5766 scriptum
771 5708 1052 5766 accipiunt
1073 5726 1087 5761 :
1107 5710 1420 5766 Δημήτριος
1458 5708 1566 5766 γάρ
1594 5725 1680 5766 τις
1706 5709 1928 5766 ὀνόματι

472 5704 739 5781 scriptum
771 5707 1087 5781 accipiunt:
1107 5704 1420 5781 Δημήτριος
1458 5708 1566 5781 γάρ
1594 5725 1680 5781 τις
1706 5709 1930 5781 ονόματι

345 5777 726 5855 ἀργυροκόπος
757 5777 931 5831 ποιῶν
956 5780 1132 5855 ναοὴς-
1167 5777 1442 5855 amplis;
1472 5777 1814 5855 ⁷’Ᾱρτέμιδιζ
1850 5781 1929 5835 fa~

345 5846 509 5901 cicns’
550 5846 686 5903 teda
732 5855 1028 5920 argenteas
1077 5846 1281 5904 Dianae.
1317 5846 1928 5906 'Puan—JPlanum

549 5940 829 6006 ΡΑτιιοι..
862 5941 978 6007 Gn.
1018 5944 1240 6007 XLIII.

2049 3374 2124 3428 lta
2152 3391 2281 3445 ergo
2304 3373 2599 3446 Unigenito
2626 3374 2761 3429 Filio
2798 3391 2958 3430 nemo
2993 3376 3196 3430 dixerit
3226 3394 3239 3429 :
3274 3374 3493 3445 Depone
3520 3391 3646 3429 eor-

2048 3483 2152 3537 pus
2193 3476 2252 3522 ut
2304 3468 2527 3524 adorem
2568 3476 2642 3524 te.
2692 3467 2799 3523 Sed
2850 3468 3209 3538 Unigeuitum
3264 3468 3459 3523 adorat
3517 3483 3644 3523 eum

2048 3574 2302 3631 corpore,
2338 3561 2440 3616 hoc
2470 3570 2574 3624 est,
2610 3561 2915 3616 increatum
2949 3561 3102 3616 illum
3129 3576 3254 3615 cum
3288 3562 3646 3617 sanctissimo

2048 3654 2271 3723 templo,
2303 3654 2449 3723 quod
2494 3656 2598 3710 sibi
2634 3655 2934 3711 adveniens
2977 3656 3246 3726 adjunxit.
3286 3656 3460 3709 Nemo
3512 3655 3641 3710 item

2047 3744 2366 3815 imperatori
2397 3746 2530 3800 dicit
2558 3765 2572 3800 :
2605 3747 2779 3816 Surge
2811 3762 2877 3802 ex
2906 3748 3000 3801 illo
3027 3754 3123 3801 tuo
3154 3746 3313 3807 solio.
3341 3755 3400 3799 ut
3431 3753 3483 3799 te
3503 3747 3640 3799 citra

2049 3838 2249 3894 solium
2284 3838 2540 3900 adorem;
2576 3840 2671 3894 sed
2699 3854 2823 3893 cum
2848 3841 2987 3894 solio
3011 3840 3397 3910 imperatorem
3426 3838 3641 3892 adorat.

2051 3926 2132 3980 Ad
2163 3929 2416 3983 eumdem
2450 3930 2635 4000 itaque
2672 3929 2895 3985 modum
2943 3945 3069 3985 cum
3112 3930 3331 4000 sepulto
3371 3928 3643 3984 excitato-

2049 4034 2157 4088 que
2185 4034 2416 4089 corpore
2445 4021 2702 4077 Christus
2742 4021 3023 4077 aduratur.

2119 4109 2232 4164 LII.
2278 4112 2345 4164 At
2373 4113 2520 4166 enim
2551 4114 2823 4183 objiciunt
2852 4134 2865 4168 :
2899 4114 3039 4180 Quid
3071 4113 3289 4167 tandem
3318 4112 3496 4167 dicis?
3528 4110 3642 4166 Vo-

2046 4200 2168 4257 lens
2198 4200 2362 4259 Pater
2389 4201 2589 4259 Filium
2618 4206 2831 4276 genuit,
2861 4219 2929 4259 an
2960 4206 3184 4259 minime
3209 4206 3403 4259 volens
3421 4204 3443 4256 ?
3464 4203 3645 4269 Quan-

2859 4525 2969 4581 qua
3020 4510 3109 4565 hic
3157 4510 3345 4581 utitur
3385 4508 3444 4566 S.
3510 4510 3642 4581 Epi—

2040 4586 2312 4655 phanius,
2356 4580 2414 4635 in
2443 4597 2513 4636 eo
2560 4583 2820 4648 deﬁcere,
2856 4580 3003 4655 quod
3058 4580 3443 4655 admirabilem
3490 4580 3642 4636 illam

2039 4652 2275 4724 duplicis
2331 4660 2586 4717 naturae,
2652 4652 3166 4709 (livinaa’videlicet
3227 4662 3284 4707 et
3340 4652 3640 4724 lmmame.

2039 4723 2337 4785 unionem,
2382 4739 2493 4777 non
2539 4726 2814 4794 explicet,
2849 4740 2957 4794 qua
2986 4724 3116 4794 illas
3163 4723 3547 4786 ὑποστατικῶς
3584 4723 3642 4775 in

2036 4810 2204 4851 uuam
2260 4809 2555 4864 personam
2616 4793 2907 4850 uniuntur.
2970 4793 3103 4860 Quae
3170 4808 3304 4849 sane
3367 4794 3503 4864 unio
3554 4800 3643 4864 est

2036 4867 2181 4991 {ratio
2217 4860 2359 4921 verae
2386 4864 2752 4932 adorationis,
2799 4880 2923 4935 quae
2952 4873 3008 4919 et
3039 4864 3242 4919 Christi
3284 4862 3508 4933 corpori
3544 4860 3642 4916 de-

2109 4948 2218 4991 tur.

2109 4948 2163 4993 lll
2172 4952 2218 4989 τ.

2109 5006 2226 5075 (55)
2269 5003 2481 5069 Οὐδεὶς
2509 5005 2650 5059 οὔτε
2681 5005 2790 5058 τὸν
2819 5006 2994 5058 ναόν.
3031 5002 3107 5058 De
3144 5001 3281 5059 Filio
3315 5001 3412 5059 Dei
3453 5003 3636 5059 simile

2034 5074 2244 5159 aliquid
2285 5076 2472 5159 dicere
2518 5091 2638 5159 non.
2681 5089 3012 5159 possumus:
3061 5090 3127 5129 co
3162 5074 3309 5159 quod
3358 5089 3633 5157 nusquam

2032 5143 2281 5201 divinum
2311 5143 2551 5216 Verbum
2587 5143 2817 5216 dimisit,
2853 5146 2999 5216 quod
3035 5143 3205 5200 semel
3234 5143 3555 5216 assumpsit.

2106 5217 2221 5290 (54)
2264 5214 2468 5290 Θέλῳν
2503 5214 3021 5290 ἐγέννησεκίθιο.
3072 5216 3260 5290 Inanis
3293 5214 3476 5290 est__ae
3528 5215 3633 5290 im:

2034 5284 2276 5359 portuna
2309 5284 2643 5341 Arianorum
2664 5326 2680 5349 ,
2721 5288 2862 5359 Aetii
2910 5287 3260 5359 potissimum
3278 5294 3344 5359 et
3374 5284 3629 5359 Eunomii

2030 5355 2347 5427 cavillatio,
2403 5372 2570 5425 quam
2605 5364 2661 5411 et
2704 5355 2991 5427 explicare
3040 5367 3089 5412 et
3134 5357 3385 5427 refellere
3434 5355 3631 5423 incipit

2034 5431 2125 5485 hic
2175 5425 2235 5482 S.
2287 5424 2647 5496 Epiphanius.
2702 5424 3218 5498 Eaindeiuegregie
3269 5426 3525 5498 refellunt
3574 5435 3630 5478 et

2037 5499 2096 5555 S.
2139 5498 2478 5552 Athanasius
2510 5499 2764 5554 oratione
2789 5500 2843 5562 6,
2880 5508 2938 5553 et
2971 5495 3364 5567 SCGregorius
3395 5495 3629 5549 Nazian-

2034 5584 2206 5627 zenus
2239 5566 2493 5640 oratione
2525 5567 2633 5640 55A,
2669 5578 2723 5624 et
2754 5569 2813 5624 S.
2848 5568 3090 5640 Cyr-illus
3110 5566 3530 5640 Alexandrinus
3572 5568 3627 5621 in

2034 5642 2133 5697 lib.
2165 5654 2205 5693 tt
2251 5636 2467 5708 Dialogi
2498 5638 2564 5692 de
2588 5638 2853 5694 Trinitate
2886 5636 2985 5703 {et
3016 5641 3072 5694 in
3106 5637 3366 5691 Thesauri
3396 5639 3491 5692 lib.
3521 5653 3622 5708 vit.

2036 5709 2098 5766 S.
2170 5707 2806 5781 insuper’Augustinus
2855 5719 2971 5764 tum
3023 5708 3454 5781 capiteu‘primo
3496 5707 3627 5781 libri

2035 5781 2242 5837 Contra
2271 5775 2574 5861 “sermone;
2599 5775 3117 5861 Arianorumhpa‘g}
3166 5775 3285 5861 βΞῖ
3325 5775 3627 5861 ιρηιιῃιζιιι

2037 5866 2193 5909 nova:
2220 5848 2353 5906 edit.
2383 5849 2568 5908 Paris.
2595 5858 2711 5907 tum
2739 5850 2919 5921 capite
2958 5848 3030 5907 9.0
3057 5848 3183 5905 libri
3234 5867 3305 5905 xv
3350 5848 3423 5902 De
3459 5850 3627 5901 Triui-

3228 5944 3267 6005 ll-
