3950 6434
479 372 584 427 ΗΠ

1869 363 1925 418 S.
1971 364 2311 422 EPIPHANH

3637 376 3726 435 l08

469 488 761 561 doquidcm
804 486 949 542 istud
982 485 1182 541 asseris
1217 505 1227 539 :
1261 482 1497 538 Verbum
1540 496 1753 550 semper
1789 482 1995 534 exstitit
2026 522 2038 545 ,

2149 484 2347 551 λέγεις,
2378 479 2483 537 ’Ἦν
2524 485 2610 537 ἀεὶ
2658 485 2848 554 Λόγος,
2905 484 2998 537 καὶ
3026 483 3130 538 οὐκ
3157 483 3234 537 ἔνι
3273 482 3463 557 χρόνος
3498 484 3603 558 πρὸ
3642 486 3731 541 τοῦ

469 597 645 651 neque
671 587 889 649 tempus
920 576 1160 633 Verbum
1191 578 1506 634 antecessit.
1538 575 1700 646 Atqui
1732 575 1814 628 vel
1855 573 2048 627 Ariani

466 674 595 743 ipsi,
630 688 742 744 quo
772 670 987 725 facilius
1021 671 1330 735 illudercnt,
1374 670 1490 725 sine
1522 670 1633 724 ullo
1668 675 1911 737 tempore
1951 681 2045 736 ge-

465 763 640 817 nitqu
663 777 783 817 esse
806 760 1003 814 Filium
1034 760 1324 828 dixerunt;
1367 775 1542 830 neque
1566 767 1749 813 tamen
1782 768 2046 811 mternum

469 855 626 910 l‘ate‘ri
680 856 996 916 voluerunt,
1051 855 1144 910 sed
1187 854 1444 909 dixerunt
1500 852 1668 906 fuisse
1719 848 2049 919 quandoque

465 962 592 1001 cum
625 962 736 1003 non
770 953 950 1014 esset;
990 946 1121 1000 illud
1166 954 1346 1000 autetn
1386 942 1715 1015 quandoque,
1768 957 1878 995 non
1927 956 2049 996 esse

466 1049 683 1107 tempus
711 1037 956 1091 arbitrati
990 1044 1138 1091 sunt.
1176 1035 1378 1090 Verum
1415 1035 1460 1090 si
1505 1034 1560 1086 in
1593 1048 1712 1087 eam
1746 1031 2040 1086 dictionem

464 1128 784 1199 diligentius
828 1128 1098 1197 inquiras,
1150 1126 1307 1181 facile
1351 1126 1631 1196 imperitos
1662 1125 1798 1180 istos
1853 1124 2045 1179 redar-

465 1233 622 1288 guns.
651 1217 863 1288 Quippe
894 1218 1062 1272 dictio
1100 1218 1235 1279 haec,
1281 1214 1590 1285 aliquando,
1625 1226 1841 1285 tempus
1873 1214 2046 1286 signi-

462 1310 629 1365 ficat:
658 1325 896 1380 cumque
929 1317 1144 1379 tempus
1175 1309 1345 1362 ullum
1370 1323 1430 1361 se
1453 1308 1791 1361 constituere
1822 1312 2042 1377 negent,

460 1416 733 1457 summam
759 1402 811 1455 in
846 1400 1122 1469 epiniouis
1147 1398 1543 1452 absurditatem
1569 1414 1693 1452 cum
1728 1398 2047 1452 inﬁdelitate

460 1490 814 1558 conjunctam
852 1487 1123 1542 incidunt.
1166 1484 1300 1539 Nam
1339 1486 1564 1541 vocibus
1604 1485 1713 1541 illis
1756 1502 1852 1556 per
1883 1487 2047 1541 cavil-

461 1581 716 1634 lationem
737 1586 790 1634 et
812 1577 1138 1633 calumniam
1169 1576 1503 1643 abutuntur;
1534 1584 1589 1631 et
1611 1575 1831 1630 interim
1864 1584 2047 1631 mente

459 1686 525 1727 ac
550 1687 713 1728 sensu
755 1686 856 1726 suo
895 1669 989 1725 Dei
1034 1667 1231 1724 Filium
1281 1669 1637 1724 vehementer
1686 1675 2041 1739 oppugnant:

460 1780 622 1836 quem
660 1778 692 1817 a
726 1761 905 1818 Patris
950 1761 1236 1816 divinitate
1280 1760 1497 1831 penitus
1547 1760 1786 1815 alienum
1838 1759 2042 1829 perab-

2152 578 2353 647 Λόγουο
2379 607 2449 618 -
2476 579 2719 646 καίτοιγε
2778 579 2873 631 καὶ
2903 576 3082 631 αὑτῶν
3119 577 3227 630 τῶν
3269 575 3567 650 Ἀρειανῶν
3605 578 3730 650 πρὸς

2153 668 2368 739 ἀπάτην
2397 668 2557 722 τινῶν
2585 669 2830 741 ἀχρόνως
2863 669 2953 722 τὸν
2984 668 3115 722 Υἱὸν
3139 668 3230 722 τοῦ
3258 668 3392 722 Θεοῦ
3419 669 3731 738 φασκόντων

2150 760 2528 830 γεγεννῆσθαι,
2565 762 2639 831 μὴ
2674 761 3015 832 βουλομένων
3048 762 3104 814 δὲ
3137 761 3299 814 αὑτὸν
3333 761 3505 814 ἀΐδιον
3533 761 3731 831 λέγειν,

2150 850 2284 904 ἀλλά
2317 850 2603 918 λεγόντων,
2633 846 2740 903 Ἦν
2779 868 2909 903 ποτε
2941 851 3029 903 ὅτε
3064 852 3166 905 οὐκ
3217 846 3315 922 ἦν’
3361 852 3644 922 νομίζουσι
3677 852 3732 906 δὲ

2148 942 2208 995 τὸ
2238 942 2383 995 ποτὲ
2418 943 2492 1012 μὴ
2546 938 2684 995 εἶναι
2717 942 2927 1013 χρόνον.
2969 942 3395 1014 ’Λνεταζομένης
3424 943 3481 996 δὲ
3508 943 3609 1014 τῆς
3640 943 3731 997 λέ-

2155 1032 2291 1099 ξεως
2315 1073 2329 1097 ,
2365 1032 2608 1102 ἐλέγχεις
2650 1034 2776 1096 τοὺς
2806 1032 3057 1104 ἀμαθεῖς.
3095 1035 3168 1086 Τὸ
3201 1033 3346 1087 ποτὲ
3371 1034 3481 1106 γὰρ
3510 1034 3733 1102 λεξικῶς

2149 1124 2460 1195 λεγόμενον,
2491 1126 2683 1196 χρόνου
2721 1126 2837 1177 ἐστὶ
2876 1125 3228 1196 σημαντικὴ»,
3265 1126 3360 1180 καὶ
3390 1126 3636 1194 λέγοντες
3673 1125 3733 1180 τδ

2151 1218 2225 1288 μὴ
2251 1216 2426 1286 λέγειν
2455 1217 2665 1288 χρόνον,
2692 1221 2770 1282 εἰς
2795 1219 3025 1272 ἀτοπίαν
3053 1219 3390 1289 ἐμπίπτουσι
3423 1218 3515 1272 τοῦ
3546 1218 3727 1271 αὐτῶν

2149 1309 2496 1380 φρονήματος
2525 1310 2581 1360 ἐν
2610 1310 2956 1380 κακοπιστίᾳ.
2988 1309 3254 1382 Εἱρωνείᾳ
3284 1309 3394 1381 γάρ
3419 1312 3541 1373 ταῖς
3559 1308 3732 1376 λέξεσι

2148 1401 2475 1470 κέχρηνται,
2508 1399 2586 1470 τῷ
2621 1405 2929 1472 φρονήματι
2962 1401 3153 1466 δεινῶς
3176 1402 3318 1456 κατὰ
3347 1401 3442 1455 τοῦ
3476 1402 3607 1457 Υἱοῦ
3643 1402 3731 1457 τοῦ

2149 1488 2286 1541 ΘΞοὖ
2320 1492 2777 1560 ἐστρατευμένοι,
2823 1491 3101 1563 ἀλλότριον
3145 1491 3461 1545 παντάπασι
3498 1492 3598 1564 τῆς
3642 1492 3733 1545 τοῦ

2150 1580 2360 1650 Harpe;
2407 1579 2658 1649 θεότητος
2722 1580 3253 1654 ἀπηλλοτριωμένως
3301 1582 3735 1649 δοξάζοντες.-

2147 1670 2328 1724 Θέλων
2371 1667 2463 1725 οὖν
2512 1674 2832 1744 ἐγέννησεν,
2874 1674 2905 1744 ἢ
2955 1674 3030 1746 μὴ
3064 1674 3265 1740 θέλων;
3310 1674 3437 1729 Ἐὰν
3467 1676 3730 1747 εἴπωμεν,

2148 1762 2239 1832 Μὴ
2274 1761 2465 1824 θέλων,
2514 1764 2726 1835 ἀνάγκη
2773 1765 3172 1836 περιϐάλλομεν
3214 1766 3273 1818 τὸ
3300 1766 3484 1819 Θεῖον·
3521 1769 3618 1821 καὶ
3643 1768 3734 1821 ἐὰν

462 1834 628 1909 surde
663 1850 888 1905 faciunt.
931 1847 1037 1903 Sed
1064 1849 1194 1903 illud
1226 1855 1480 1920 quaerunt
1503 1866 1517 1901 :
1542 1846 1817 1902 Volensne
1847 1862 2038 1918 gentle

2149 1853 2412 1924 εἴπωμεν,
2440 1856 2522 1908 ὅτι
2550 1834 2750 1922 eam,
2778 1834 3029 1927 διδόαμεν
3062 1834 3143 1911 ὅτι
3189 1853 3256 1930 ἦν
3284 1858 3346 1912 τὸ
3374 1858 3589 1930 θέλημα
3631 1861 3734 1931 πρὸ

462 1946 555 2011 rit,
585 1961 654 1999 an
687 1945 910 2001 minime
942 1943 1172 1997 volens?
1203 1941 1259 1997 Si
1300 1944 1525 1997 minime
1545 1942 1813 1996 volentem
1849 1940 2047 1995 dixeri-

462 2052 611 2103 mus,
656 2034 823 2090 Deum
868 2035 1184 2090 necessitati
1234 2034 1595 2102 subiicimus;
1642 2033 1728 2087 sin
1769 2033 2043 2087 volentem

461 2125 734 2189 dicamus,
766 2125 1101 2180 voluntatem
1140 2123 1316 2193 ipsam
1350 2121 1530 2177 Verbo
1565 2121 1799 2192 priorem
1846 2120 2045 2175 statui-

460 2234 611 2284 mus;
648 2231 713 2271 ac
745 2215 960 2270 tametsi
1000 2215 1083 2269 vel
1131 2222 1393 2284 punctum
1442 2211 1738 2285 temporis,
1785 2220 1877 2267 aut
1923 2226 2043 2266 mo-

459 2320 702 2367 mentum
736 2311 882 2364 horae
916 2308 1261 2371 dei‘miamus,
1292 2322 1421 2378 pars
1444 2307 1533 2361 illa
1554 2306 1805 2377 quamvis
1840 2305 2037 2375 exigua

458 2416 673 2478 tempus
704 2405 921 2475 aliquod
964 2403 1201 2459 Verbum
1234 2402 1599 2458 antecessisse
1631 2401 1902 2471 signiﬁcat
1923 2439 1938 2465 ,
1971 2405 2047 2452 at-

458 2513 565 2568 que
611 2495 685 2550 ita
729 2496 783 2549 in
835 2496 1049 2549 illorum
1100 2494 1412 2563 Opinionem
1465 2491 1863 2562 compellimur.
1898 2490 1965 2543 At
1997 2489 2043 2544 si

460 2585 685 2640 minime
709 2586 975 2638 volentem
1012 2583 1266 2653 genuisse
1295 2583 1546 2646 velimus,
1581 2596 1928 2651 consequens
1960 2588 2045 2635 est

461 2685 673 2731 naturae
695 2675 1024 2729 necessitate
1057 2673 1223 2729 Deum
1252 2688 1397 2738 esse,
1429 2688 1537 2727 non
1567 2673 1817 2726 libertate
1848 2672 2045 2725 volun-

462 2769 595 2823 tatis
635 2767 942 2822 inductum.
996 2767 1158 2838 Atqui
1220 2767 1414 2822 horum
1472 2775 1727 2820 neutrum
1776 2766 1829 2824 in
1877 2764 2044 2819 Deum

459 2862 757 2915 convenire
803 2867 999 2929 potest,
1050 2856 1336 2929 quidquid,
1383 2858 1546 2911 homo
1586 2857 1903 2920 vanissime,
1962 2873 2045 2910 su-

461 2950 863 3023 Spiceris.Nam
893 2950 1036 3021 apud
1066 2949 1233 3005 Deum
1263 2963 1606 3020 nequaquam
1636 2948 1751 3002 haec
1775 2963 1898 3003 esse
1916 2963 2045 3018 pos-

462 3049 609 3097 sunt.
649 3041 1015 3109 Quamobrem
1054 3056 1231 3111 neque
1260 3041 1451 3095 volens
1482 3039 1690 3110 genuit,
1725 3054 1904 3109 neque
1935 3039 2037 3092 mi-

461 3135 604 3189 nime
626 3134 835 3197 volens,
858 3132 952 3188 sed
974 3133 1205 3203 quadam
1238 3140 1445 3186 natura:
1475 3132 1788 3202 praestantia
1808 3146 1822 3184 :
1841 3129 2042 3201 quippe

458 3225 642 3281 divina
689 3234 884 3280 natura
942 3225 1172 3280 consilio
1215 3231 1299 3279 est
1343 3223 1491 3278 omni
1532 3222 1815 3293 superior,
1858 3236 2036 3291 neque

454 3325 703 3386 tempore
723 3316 1217 3382 circumscribitur,
1241 3330 1421 3385 neque
1447 3315 1773 3371 necessitate
1795 3313 2030 3384 cogitur.

458 3409 513 3464 In
546 3409 704 3463 nobis
743 3409 960 3478 quidem
985 3415 1298 3478 promptum
1329 3408 1464 3462 nihil
1493 3414 1578 3461 est
1606 3415 1659 3461 et
1702 3405 2040 3476 expeditum,

457 3505 746 3566 propterea
792 3495 935 3567 quod
965 3496 1258 3565 aliquando
1291 3509 1397 3548 non
1447 3494 1671 3549 fuimus.
1716 3493 1869 3548 Unde
1902 3492 2041 3545 deli-

458 3587 653 3642 berare
685 3594 843 3643 antea
870 3586 1135 3652 solemus,
1164 3585 1361 3640 deinde
1389 3586 1536 3655 quod
1573 3584 1752 3640 facere
1780 3585 2036 3638 volumus

2146 1944 2238 1997 τοῦ
2270 1946 2442 2015 Λόγου
2465 1964 2479 1978 ’
2521 1948 2621 2000 κᾶν
2648 1965 2699 1999 τι
2745 1946 2945 2018 ἄτομον
2981 1950 3075 2001 καὶ
3102 1950 3233 2021 ῥιπὴ
3268 1949 3734 2021 πολλοστημόριον

2147 2034 2296 2105 ὥρας
2327 2036 2432 2107 εἴη,
2459 2037 2520 2089 τὸ
2552 2036 3014 2108 πολλοστημόριον
3039 2039 3232 2111 χρόνου
3254 2040 3372 2093 ἐστὶ
3402 2040 3734 2112 σημαντικὸν

2149 2128 2254 2197 πρὸ
2289 2127 2483 2195 Λόγου,
2515 2129 2614 2181 καὶ
2655 2128 2815 2183 πάλιν
2866 2131 3330 2202 παρεμπίπτομεν
3359 2131 3436 2203 τῷ
3464 2133 3610 2205 λόγῳ
3648 2134 3735 2188 αὑ-

2144 2219 2275 2272 τῶν.
2329 2220 2439 2272 Καὶ
2474 2220 2569 2273 ἐὰν
2596 2222 2839 2292 εἴπωμεν
2873 2223 2955 2276 ὅτι
2988 2223 3048 2275 οὐ
3082 2222 3249 2276 θέλων
3283 2225 3595 2295 ἐγέννησεν,
3629 2226 3734 2298 ἄρα

2145 2310 2357 2382 ἀνάγκῃ
2406 2310 2619 2382 φύσεως
2649 2309 2815 2385 ἦκται
2849 2316 2911 2368 τὸ
2951 2315 3124 2382 Θεῖον,
3174 2316 3270 2371 καὶ
3298 2317 3398 2370 οὑκ
3431 2317 3735 2389 ἐλευθεριό-

2145 2417 2267 2470 τητι
2307 2400 2639 2472 θελήματος.
2674 2404 2789 2457 Οὑκ
2828 2404 3021 2458 ἔστιδὲ
3048 2407 3255 2461 τούτων
3283 2408 3434 2461 οὐδὲν
3465 2410 3545 2472 εἰς
3576 2408 3731 2473 Θεὸν,

2145 2490 2219 2552 ὡς
2253 2489 2674 2561 ὑπολαμϐάνεις,
2712 2485 2757 2545 ὦ
2800 2494 3042 2561 κενόδοξε
3061 2512 3074 2525 ·
3106 2496 3257 2566 παρὰ
3280 2496 3400 2567 Θεῷ
3429 2497 3539 2568 γὰρ
3563 2497 3733 2551 ταῦτα

2146 2580 2247 2632 οὑκ
2280 2580 2443 2633 ἐστιν.
2469 2580 2607 2633 Οὑτε
2636 2581 2804 2635 θέλων
2837 2583 3013 2637 τοίνυν
3043 2584 3355 2656 ἐγέννησεν,
3388 2585 3512 2639 οὔτε
3542 2587 3620 2659 μὴ
3656 2588 3734 2641 θέ-

2144 2669 2272 2735 λων,
2303 2669 2415 2722 me
2450 2671 2723 2744 ὑπερϐολῇ
2774 2671 2989 2741 φύσεως
3016 2673 3127 2745 (55)
3148 2691 3161 2704 ’
3193 2675 3513 2747 ὑπερϐαίνει
3546 2676 3661 2748 γὰρ
3697 2679 3729 2747 ἠ

2147 2761 2264 2813 Θεία
2309 2760 2467 2831 φύσις
2521 2762 2733 2833 βουλὴν,
2780 2763 2876 2817 καὶ
2922 2764 3019 2834 οὑχ
3052 2765 3349 2819 ὑποπίπτει
3377 2766 3577 2838 χρόνῳ,
3611 2766 3731 2820 οὔτε

2147 2854 2359 2925 ἀνάγκῃ
2408 2854 2620 2922 ἄγεται.
2674 2857 2760 2908 Ἐν
2802 2858 2933 2927 ἡμῖν
2975 2857 3084 2929 γὰρ
3119 2858 3270 2911 οὐδέν
3309 2859 3458 2913 ἐστιν
3491 2859 3729 2931 ἕτοιμον,

2145 2945 2226 2997 ὅτι
2277 2946 2376 2998 οὑκ
2429 2941 2571 3016 ἦμέν
2619 2962 2782 2999 ποτε·
2847 2947 2937 3000 καὶ
2982 2949 3195 3019 πρῶτόν
3240 2966 3293 3002 τι
3338 2948 3728 3020 βουλευόμεθα,

2146 3037 2336 3089 ἔπειτα
2385 3035 2646 3106 ποιοῦμεν
2673 3037 2700 3089 ὃ
2731 3038 3065 3109 πράττομεν,
3100 3039 3133 3111 ἢ
3170 3040 3243 3112 μὴ
3280 3040 3730 3111 βουλευσαμένων

2144 3127 2301 3198 ἡμῶν
2340 3128 2439 3180 οὑκ
2472 3128 2619 3180 ἔστιν
2659 3127 2688 3181 ὃ
2729 3128 2955 3199 μηδέπω
2994 3131 3125 3202 παρ’
3170 3130 3325 3202 ἡμῶν
3374 3132 3727 3203 πέπρακται·

2144 3219 2295 3290 παρὰ
2318 3219 2374 3271 δὲ
2407 3219 2525 3290 Θεῷ
2550 3220 2727 3273 πάντα
2754 3220 2936 3273 τέλεια
2982 3221 3077 3274 καὶ
3118 3221 3253 3285 λεῖα,
3304 3226 3401 3275 καὶ
3447 3223 3627 3277 πάντα
3672 3225 3730 3278 ἔν

2144 3308 2292 3379 αὑτῷ
2339 3309 2727 3381 πεπλήρωται,
2781 3312 2875 3363 κοιλ¹
2920 3312 3045 3363 οὑτε
3098 3313 3170 3384 μὴ
3218 3313 3385 3365 θέλων
3412 3314 3426 3343 ¹
3468 3314 3730 3385 ὲγέννησι

2141 3400 2233 3452 τὸν
2263 3401 2448 3464 ἁῖδὶως
2470 3401 2597 3455 ὄντα
2622 3404 3020 3474 γεγεννημένον
3055 3403 3114 3469 ἐξ
3145 3404 3312 3458 αὑτοῦ
3365 3405 3519 3475 ἆγιον
3550 3408 3727 3478 Λόγον

2143 3491 2236 3543 καὶ
2263 3492 2416 3559 θεὸν,
2450 3492 2565 3545 ἀλλ’
2592 3495 2649 3548 ὲν
2679 3497 2745 3565 τῇ
2783 3496 3236 3567 ὑπερϐολικῇ“καὶ
3263 3498 3532 3570 ἀφράστῳ
3556 3499 3727 3554 αὑτοῦ

2146 3596 2325 3649 φυςει.

457 3676 1066 3750 exsequimurmlioqui
1095 3677 1198 3731 nisi
1228 3677 1515 3731 consilium
1545 3676 1876 3747 ceperimus,
1948 3671 2190 3727 nondum
2235 3673 2444 3727 exstitit
2490 3674 2541 3729 id
2613 3676 2760 3747 quod
2823 3680 3065 3733 nondum
3113 3678 3221 3752 56
3258 3696 3288 3735 a
3334 3682 3491 3738 nobis
3533 3691 3621 3739 est
3653 3686 3730 3739 fa-

459 3782 628 3826 ctum.
673 3771 826 3841 Apud
859 3768 1366 3826 Deumecontrario
1403 3770 1643 3838 perfecta
1700 3768 1883 3824 omnia
1949 3767 2221 3836 planaque
2270 3774 2421 3833 sunt,
2476 3771 2768 3841 omniaque
2822 3772 2874 3825 in
2915 3772 3034 3842 ipso
3082 3774 3369 3845 completa.
3410 3777 3488 3831 Ac
3553 3793 3730 3849 neque

460 3866 683 3920 minime
752 3866 939 3920 volens
1000 3880 1176 3937 neque
1238 3864 1425 3919 volens
1491 3872 1741 3919 sanctum
1800 3860 2038 3917 Verbum
2081 3856 2357 3929 Deumque
2393 3864 2537 3933 quod
2587 3865 2656 3918 ab
2717 3876 2919 3920 aeterno
2965 3873 3051 3922 est
3102 3876 3158 3923 et
3221 3882 3254 3922 a
3292 3884 3352 3924 se
3412 3871 3532 3940 ipso
3575 3872 3730 3941 geni-

458 3976 597 4027 tum,
636 3962 913 4032 produxit,
961 3963 1054 4017 sed
1092 3961 1379 4016 excellenti
1416 3959 1650 4031 quadam
1680 3968 1735 4014 et
1767 3952 2137 4027 inexplicabili
2171 3964 2380 4011 natura:
2404 3959 2719 4015 conditione
2748 3976 2812 4015 ac
2841 3962 3177 4032 praestantia.

530 4051 661 4107 Llll.
705 4051 818 4123 Ego
858 4068 988 4107 vero
1022 4052 1364 4107 vehementer
1401 4051 1534 4107 illud
1574 4051 1831 4107 admirari
1864 4051 2036 4112 soleo,

461 4161 495 4199 ο
522 4145 644 4200 lidei
675 4155 726 4200 et
763 4143 1023 4199 Ecclesiae
1056 4144 1146 4197 lilii
1168 4185 1182 4210 ,
1224 4144 1354 4200 dum
1381 4144 1514 4199 illud
1538 4144 1679 4215 apud
1709 4159 1794 4199 me
1818 4145 2034 4216 cogito,

455 4253 619 4309 quam
671 4246 873 4292 temere
919 4250 982 4292 ea
1027 4251 1148 4306 quae
1189 4250 1314 4291 vera
1374 4236 1703 4307 propriaque
1765 4247 1927 4301 sunt,
1979 4237 2035 4293 in

531 4398 545 4426 ¹
589 4395 749 4450 Deest
780 4394 904 4448 οὗτε
940 4394 1127 4447 θέλων.

2216 4049 2337 4102 Nl".
2382 4050 2579 4122 Θαῦμά
2620 4072 2709 4124 μοι
2763 4053 3018 4125 μέγιστον
3054 4055 3345 4128 ἐπέρχεται
3369 4097 3382 4119 ,
3411 4050 3456 4110 ὧ
3483 4058 3593 4112 uiol.
3632 4060 3730 4132 τῆς

2146 4142 2381 4206 πίστεως
2410 4145 2502 4198 καὶ
2529 4144 2872 4217 Ἐκκλησίας,
2900 4146 3017 4209 πῶς
3052 4145 3119 4199 τά
3146 4146 3375 4217 ἀληθινὰ
3397 4146 3729 4219 ὲξέστρεψαν

2143 4240 2191 4291 οἱ
2224 4237 2515 4306 φιλόνεικοι
2561 4238 2640 4299 εἰς
2674 4235 2947 4307 ἀλλότρια,
2998 4237 3093 4290 καὶ
3145 4239 3218 4290 τὰ
3262 4238 3538 4309 τροπικῶς
3582 4241 3730 4313 εἰρη-

458 4524 587 4578 tate,
637 4529 760 4589 pag.
805 4513 911 4589 995
953 4513 1197 4589 ejusdem
1237 4528 1359 4567 mox
1396 4514 1599 4568 laudati
1634 4515 1786 4572 tomi.
1835 4519 2035 4589 Omnes
2072 4523 2112 4577 D
2143 4514 2523 4589 rogationibus
2546 4524 2835 4585 postquam
2858 4513 3125 4589 latigatos
3157 4514 3223 4570 ad
3257 4515 3456 4570 incitas
3494 4516 3724 4589 redege-

458 4594 641 4655 tamen
680 4584 820 4638 inter
850 4584 985 4655 istos
1023 4584 1282 4655 opinione
1302 4592 1499 4655 nostra
1537 4592 1796 4655 praestare
1821 4586 2035 4641 videtur

456 4652 859 4723 Nazianzenus,
884 4652 977 4721 qui
999 4667 1063 4707 ea
1088 4654 1141 4707 in
1173 4654 1440 4718 oratione,
1467 4652 1629 4723 quam
1668 4654 2030 4722 laudavimus,

459 4726 700 4792 ineptum
733 4722 866 4777 illud
907 4723 1146 4793 σόφισμα
1176 4724 1426 4793 pluribus
1462 4722 1767 4779 submovet.
1821 4724 2033 4781 Princi-

457 4794 547 4864 pio
574 4793 878 4865 ἐνστάσεις,
915 4793 1205 4865 instantias
1230 4793 1563 4865 adversariis
1594 4796 1946 4865 opponendo,
1978 4806 2032 4852 et

454 4862 587 4918 illud
635 4867 957 4933 praasertim,
984 4863 1126 4931 quod
1160 4878 1189 4916 a
1223 4862 1279 4918 S.
1312 4862 1918 4932 Angustino'l’audatur
1950 4867 2032 4921 in-

455 4934 638 4988 dicato
664 4949 837 5004 nuper
866 4934 919 4987 in
953 4934 1071 4989 loco
1102 4933 1221 4987 libri
1249 4950 1315 4987 xv
1345 4933 1422 4988 De
1447 4934 1743 5000 Trinitate;
1777 4951 1807 4989 e
1842 4952 1900 4989 re
1932 4953 2031 4991 sua

457 5006 723 5072 repetitur
775 5007 829 5058 in
878 5004 1052 5073 eapite
1108 5004 1283 5072 primo
1339 5005 1463 5058 libri
1511 5004 1712 5059 Contra
1766 5022 2029 5061 sermones

456 5075 803 5145 Arianorum.
844 5073 1123 5145 Celebrent
1174 5073 1311 5145 adeo
1348 5075 1525 5129 locum
1573 5084 1881 5145 opportune
1932 5078 2029 5129 de-

456 5143 650 5213 scribit
684 5141 940 5213 Petavius
962 5157 1065 5213 sua
1098 5142 1151 5194 in
1179 5141 1665 5199 animadversione
1685 5146 1750 5197 ad
1788 5154 2030 5213 praesen-

455 5220 562 5266 tem
600 5212 659 5265 S.
684 5210 975 5281 Epipltanii
1003 5213 1203 5265 locum.
1228 5214 1420 5267 Aiebat
1451 5214 1596 5269 enim
1626 5210 2025 5280 Nazianzenus,

453 5291 509 5337 et
533 5291 655 5352 post
681 5281 1084 5353 Nazianzenum
1115 5282 1449 5353 A_ugustinus
1472 5324 1485 5344 ,
1517 5284 1646 5337 dum
1676 5292 1905 5353 uterque
1936 5287 2030 5339 ad-

452 5350 730 5423 versarios
779 5351 1042 5423 urgebant
1076 5369 1089 5423 ξ
1128 5350 1235 5423 Sed
1280 5362 1336 5404 ut
1377 5355 1612 5407 noverint
1640 5350 2028 5423 quam'inania

454 5422 755 5492 loquantur,
790 5420 952 5475 etiam
986 5420 1086 5488 ipsi
1118 5422 1476 5492 interrogandi
1502 5420 1852 5484 sunt.'utrum
1886 5424 2027 5479 Deus

456 5491 619 5546 Pater
646 5493 844 5553 volens,
893 5508 962 5543 an
1006 5492 1185 5555 nolens
1228 5494 1298 5545 sit
1319 5491 1505 5546 ’Deus.
1538 5492 1661 5545 Non
1689 5495 1829 5547 enim
1860 5494 2027 5547 aude-

454 5561 582 5615 bunt
619 5564 823 5625 dicere,
860 5562 996 5614 nolle
1025 5576 1080 5614 se
1118 5576 1230 5614 esse
1274 5561 1463 5616 Deum.
1497 5561 1556 5615 Si
1589 5578 1712 5628 ergo
1743 5565 2028 5629 responde-

455 5633 592 5694 rint,
635 5631 772 5698 quod
820 5631 998 5685 volens
1031 5630 1096 5682 sit
1135 5630 1299 5702 Deus,
1337 5648 1397 5685 eo
1429 5632 1581 5684 modo
1608 5633 1716 5685 illis
1751 5634 2026 5702 inferenda

455 5708 533 5769 est
562 5703 765 5754 vanitas
812 5716 931 5762 sua,
978 5715 1081 5769 qua
1109 5699 1216 5751 dici
1261 5710 1429 5768 potest
1458 5704 1607 5768 prior
1640 5702 1735 5754 illo
1778 5699 1890 5757 esse
1938 5720 2026 5756 vo-

455 5768 634 5824 luntas
663 5770 815 5837 ejus;
853 5786 953 5839 quo
979 5768 1104 5839 quid
1137 5769 1334 5822 dicitur
1365 5772 1627 5826 stultius?
1658 5771 1819 5828 Hisce
1853 5773 2024 5828 inter-

2140 4586 2228 4641 rat
2286 4586 2672 4649 adversarios,
2729 4586 3034 4639 orationem
3087 4600 3241 4638 suam
3290 4588 3559 4640 convertit
3619 4586 3728 4643 Na-

2135 4659 2432 4712 zianzenus
2483 4657 2548 4709 ad
2591 4658 2710 4711 illas
2750 4656 3023 4717 rationes,
3054 4655 3256 4724 quibus
3287 4657 3492 4710 directe
3530 4672 3724 4713 corium

2133 4728 2346 4796 impetit
2383 4728 2675 4779 insaniam.
2734 4725 2910 4796 Etiam
2947 4726 3392 4796 si_permittatur
3441 4728 3724 4783 voluntate

2133 4794 2373 4867 genitum
2408 4812 2529 4850 esse
2570 4812 2600 4850 a
2634 4797 2741 4851 Deo
2770 4794 2932 4867 Patre
2972 4794 3212 4867 AFllium,
3249 4810 3355 4849 non
3406 4805 3590 4852 tamen
3633 4814 3723 4853 se--

2132 4865 2319 4937 quitur
2352 4868 2689 4921 voluntatem
2726 4866 2873 4920 illam
2909 4865 3079 4920 fuisse
3111 4866 3298 4935 aliquo
3328 4876 3600 4937 tempore.
3636 4871 3723 4924 vel

2137 4935 2455 5001 momento,
2490 4939 2570 4990 vel
2631 4937 2858 4990 instanti
2910 4936 3172 5005 priorem.
3225 4938 3293 4989 At
3341 4935 3505 4991 Verbi
3545 4939 3721 4993 divini

2131 5008 2413 5076 generatio
2476 5006 2890 5069 inscrutabilis,
2954 5006 3246 5061 inell'abilis
3304 5014 3423 5073 est;
3499 5023 3721 5065 omnem

2131 5078 2303 5131 vincit
2343 5078 2593 5130 humana:
2620 5077 2833 5147 mentis
2878 5077 2983 5129 vim
3017 5091 3030 5126 :
3072 5076 3252 5147 ipsum
3297 5079 3465 5130 etiam
3496 5087 3722 5147 superat

2131 5149 2492 5215 angelorum,
2545 5146 2976 5214 sublimiumque
3030 5146 3296 5200 virtutum
3355 5146 3575 5215 captum
3657 5163 3723 5201 ac

2127 5219 2382 5270 eximiam
2438 5216 2565 5270 licet
2616 5216 2952 5286 intelligendi
3014 5218 3145 5269 vim.
3198 5216 3379 5286 Ipsum
3432 5217 3555 5272 vide
3611 5217 3722 5271 Dia—

2127 5301 2470 5339 Zianzenum.

2208 5355 2319 5428 (55)
2339 5353 2659 5423 ’Υπερϐοληῇ
2685 5356 2943 5428 ςίύσεως.
2961 5354 3012 5428 Ν
3019 5364 3188 5428 alarm
3208 5356 3524 5424 prcestantia
3547 5355 3717 5411 Deum

2127 5423 2344 5497 Patrem
2392 5427 2651 5493 genuisse
2696 5424 2893 5479 Filium
2943 5423 3236 5480 dicendum
3288 5436 3374 5481 est
3417 5442 3541 5481 cum
3588 5428 3719 5497 Epi-

2127 5495 2360 5567 phanio,
2406 5498 2857 5567 quemrsequitur
2910 5497 3314 5550 Alexandrinus
3343 5497 3585 5567 Cyrillus
3624 5495 3718 5567 su-

2125 5565 2323 5633 periori
2357 5566 2712 5619 adnotatione
2747 5576 3104 5621 memoratus.
3137 5564 3401 5635 Sequitur
3443 5576 3498 5621 et
3530 5565 3590 5619 ε.
3619 5564 3719 5619 Jo-

2125 5650 2297 5707 annes
2332 5635 2705 5707 Damast:euus
2737 5637 2877 5692 libro
2908 5638 3087 5707 primo
3116 5636 3192 5691 De
3227 5636 3365 5692 Fide
3391 5636 3713 5702 orthodoxa,

2126 5719 2248 5775 cap.
2272 5706 2336 5774 8;
2370 5721 2511 5775 quos
2542 5706 2686 5760 vide.
