3950 6458
304 418 402 474 169

1715 411 2154 471 ANCORATUS.

3459 419 3560 478 110

303 534 438 608 μένα
461 535 543 600 εἰς
564 533 637 588 τά
664 533 898 606 ἀληθινά
923 533 1258 606 λαμϐάνουσι
1284 531 1665 603 σφαλλόμενοι.
1684 533 1758 585 Τὸ
1785 533 1882 604 μὲν

2002 533 2164 588 aliena
2189 573 2202 595 ,
2241 540 2294 586 et
2326 547 2444 602 qua:
2490 546 2586 603 per
2616 539 2836 603 tropum
2875 546 2926 592 et
2963 535 3272 606 allegoriam
3301 545 3563 607 usurpata

299 625 407 699 γὰρ
434 627 827 698 γεγεννῆσθαι,
859 629 994 697 ὅπερ
1028 627 1176 680 ἐστὶν
1206 625 1356 696 αὐτῷ
1388 625 1528 680 κατὰ
1565 625 1748 696 φύσιν,
1778 629 1880 698 ἀρ-

309 719 539 782 δοῦνται,
584 719 837 788 λέγοντες
867 721 964 790 οὐχ
995 718 1107 790 (56)
1149 718 1226 782 ὡς
1270 718 1328 772 ἓν
1368 735 1422 770 τι
1467 716 1576 771 τῶν
1606 719 1880 789 γεννημά-

309 809 516 863 nov/1'6
544 809 604 863 δὲ
628 811 900 880 ἐκτίσθη,
930 811 1069 882 ὅπερ
1099 809 1246 862 ἐστὶν
1281 809 1560 880 ἀλλότριον
1589 811 1690 880 τῆς
1715 809 1880 865 αὐτοῦ

303 899 576 972 ὂεότητος,
610 902 728 971 εῐγε
758 902 852 957 καὶ
879 903 940 956 ἐν
971 901 1271 973 ἀλληγορία
1293 901 1424 954 ποτὲ
1449 902 1685 973 εἴρηται,
1707 905 1884 956 ἐκεῖνο

300 991 554 1062 ἀληθινὸν
577 993 818 1062 λέγουσι.
857 993 932 1046 Τὸ
962 993 1020 1048 δὲ
1044 992 1298 1063 ἀληθινὸν
1329 993 1684 1062 ἀφανίζουσιν
1715 995 1774 1047 ὲν
1806 993 1886 1064 τῷ

303 1083 478 1136 sine!»
519 1083 775 1138 Ἡσαΐαν·
809 1079 991 1138 Εἶδον
1033 1083 1142 1137 τὸν
1182 1085 1405 1152 Κύριον
1432 1084 1672 1139 σαϐαώο
1693 1101 1708 1118 ·
1767 1086 1882 1150 καὶ,

306 1165 500 1243 ⁵Ωφθη
549 1176 766 1244 Κύριος
806 1175 886 1240 τῷ
934 1173 1191 1243 Μωῢσῇ·
1243 1175 1370 1240 καὶ,
1432 1177 1620 1245 Ὠφθη
1666 1177 1886 1244 Κύριος

315 1265 566 1336 Ἀϐραάμ
582 1284 596 1296 ·
643 1267 738 1320 καὶ
756 1307 774 1332 ,
829 1262 1004 1320 Οἶδεν
1041 1264 1256 1334 ὅρασιν
1304 1266 1529 1336 Δανιὴλ
1575 1268 1846 1323 παλαιῶν
1867 1270 1884 1301 ι

301 1355 560 1426 ἡμερῶν,
606 1356 703 1409 καὶ
741 1355 811 1409 τὰ
851 1355 1075 1410 τοιαῦτα
1100 1371 1114 1386 ·
1161 1357 1256 1410 καὶ
1295 1355 1450 1428 ὤφθη
1485 1356 1690 1429 Κύριος
1730 1358 1890 1424 Ἰεζε-

302 1447 452 1518 κιὴλ,
495 1447 590 1500 καὶ
617 1443 772 1500 εἶπεν
791 1464 804 1477 ·
839 1443 1025 1502 Εἶδον
1053 1443 1212 1514 εἶδος
1243 1450 1412 1505 Θεοῦ.
1442 1453 1580 1504 Φασὶ
1609 1451 1783 1506 ταῦτα
1811 1452 1886 1525 μὴ

304 1534 466 1602 εἶναι,
494 1537 570 1601 ὡς
589 1536 698 1591 τῶν
727 1539 1021 1610 προφητῶν
1049 1539 1512 1608 καταψεύδεσθαι,
1543 1541 1758 1614 (μηδὲν)
1779 1542 1888 1596 ἀπὸ

302 1628 398 1682 τοῦ
428 1628 594 1700 ῥητοῦ
628 1627 720 1682 τοῦ
753 1626 1111 1696 Εὑαγγελιου,
1165 1623 1226 1683 οὗ
1258 1627 1410 1684 εἶπεν
1449 1633 1478 1684 ὁ
1523 1631 1713 1703 Σωτὴρ
1741 1631 1887 1686 διδά-

307 1736 476 1783 σκων,
517 1719 599 1772 ὅτι
633 1718 780 1772 Θεὸν
808 1718 1008 1784 οὐδεὶς
1051 1719 1288 1774 πώποτε
1329 1719 1570 1789 ἑώρακε.
1605 1723 1888 1794 Προφῆται

305 1809 363 1862 δὲ
413 1808 661 1879 λέγουσιν
720 1811 1054 1879 ἑωρακέναι·
1107 1813 1320 1883 ἀνάγκη
1369 1813 1661 1882 ψεύδεσθαι
1709 1815 1742 1886 ἢ
1794 1817 1888 1868 τὸν

1989 633 2138 690 sunt,
2177 625 2232 679 in
2266 625 2484 696 propria
2527 641 2622 696 per
2657 641 2931 682 summum
2969 643 3212 682 errorem
3255 629 3564 696 pertinaces

1989 717 2228 772 hmrctiei
2257 725 2595 772 commutare
2624 719 2856 774 soleam.
2899 719 3112 774 Etenim
3143 720 3286 790 quod
3319 721 3564 791 genitum

1991 825 2114 866 esse
2148 807 2390 865 Verbum
2431 810 2654 874 dicitur,
2696 813 2950 882 quodque
2981 813 3198 884 proprie
3223 813 3350 868 huic
3376 822 3430 869 et
3475 827 3570 868 na-

1990 907 2115 955 tura
2145 903 2421 970 convenit,
2447 901 2502 956 id
2534 903 2714 974 ipsum
2743 913 2964 976 negant,
2991 920 3055 958 ac
3085 905 3412 974 productum
3443 920 3570 961 esse

1990 989 2218 1054 dicunt,
2275 1003 2532 1061 tanquam
2581 1008 2772 1048 eorum
2817 1009 2938 1064 quae
2983 994 3320 1065 gignuntur,
3361 1006 3566 1060 unum;

1992 1083 2315 1153 procreandi
2346 1097 2476 1138 vero
2503 1084 2828 1139 vocabulum
2855 1086 2998 1154 quod
3023 1101 3051 1138 a
3077 1083 3368 1138 divinitate
3397 1083 3572 1155 ipsius

1993 1173 2232 1229 alienum
2272 1180 2375 1239 est,
2408 1173 2454 1228 si
2489 1173 2688 1230 alicubi
2729 1173 2962 1229 fortasse
3000 1189 3098 1246 per
3144 1173 3457 1244 allegoriam
3489 1174 3572 1228 di-

1993 1273 2140 1316 ctum
2167 1271 2275 1325 est,
2307 1263 2526 1334 proprie
2555 1279 2792 1334 vereque
2821 1265 3196 1334 accipiendum
3227 1264 3570 1318 existimant.

1993 1352 2148 1419 Quod
2166 1361 2346 1408 autem
2370 1370 2554 1410 verum
2583 1363 2687 1420 est,
2715 1355 2770 1408 id
2797 1355 3118 1410 subtrahere
3149 1363 3440 1418 conantur,
3463 1354 3577 1410 vel-

1997 1443 2076 1498 uti
2101 1443 2250 1514 quod
2275 1445 2446 1499 Isaias
2487 1445 2625 1499 dixit
2651 1463 2666 1500 :
2701 1444 2821 1498 Vidi
2851 1445 3136 1499 Dominum
3159 1446 3487 1499 exercituum
3515 1446 3572 1508 ’ς

1997 1534 2122 1587 item
2155 1553 2166 1586 :
2201 1535 2466 1604 Apparuit
2509 1534 2768 1590 Dominus
2811 1535 2988 1605 Moysi
3012 1537 3065 1603 8;
3112 1545 3226 1591 tum
3265 1555 3277 1590 :
3314 1537 3576 1604 Apparuit

1996 1621 2254 1678 Dominus
2297 1622 2605 1677 Abrahamo
2627 1625 2678 1688 ις
2715 1632 2804 1688 et,
2865 1625 3008 1679 Vidit
3049 1625 3242 1680 Daniel
3276 1637 3367 1693 per
3404 1627 3576 1680 uisum

1994 1715 2281 1786 Antiquam
2320 1715 2526 1770 dierum
2562 1716 2604 1769 ⁸.
2644 1717 2912 1788 Apparuit
2958 1716 3220 1772 Dominus
3263 1717 3572 1780 Ezechieli,

1995 1813 2049 1861 et
2075 1806 2247 1860 dixit:
2288 1805 2409 1860 Vidi
2432 1809 2656 1876 speciem
2681 1807 2778 1862 Dei
2801 1810 2842 1864 ⁸.
2881 1809 3007 1865 11ωο
3028 1810 3211 1864 omnia
3245 1825 3418 1881 usque
3439 1810 3577 1866 adeo

305 1902 624 1971 Μονογενῆ,
664 1901 699 1972 ἦ
748 1903 874 1966 τοὺς
913 1905 1219 1974 προφήτας.
1269 1905 1381 1957 Καὶ
1423 1906 1566 1959 κατά
1597 1907 1687 1960 τὸν
1730 1907 1887 1976 λόγον

2002 1907 2230 1968 negant,
2271 1906 2334 1954 ut
2373 1901 2671 1971 prophetas
2706 1901 2976 1956 mendacii
3011 1909 3340 1970 coarguant,
3381 1902 3448 1957 ad
3497 1903 3582 1958 id-

305 1991 416 2044 τῶν
447 1991 590 2044 οὕτω
619 1991 884 2060 λεγόντων
912 1994 1008 2048 καὶ
1035 1994 1144 2049 τῶν
1189 1996 1508 2066 Μανιχαίων
1537 1997 1692 2052 ἔσται
1729 1997 1794 2052 τὰ
1833 1999 1891 2050 ὲν

308 2083 616 2154 προφήταις
643 2083 838 2154 ψευδῆ.
893 2085 957 2138 El
991 2085 1051 2138 δὲ
1093 2086 1152 2138 οὐ
1185 2086 1470 2156 ψεύδονται
1513 2089 1563 2142 ol
1591 2089 1890 2160 προφῆται,

307 2173 426 2226 ἀλλ’
472 2173 798 2244 ἀληθεύουσι
855 2175 997 2230 κατὰ
1043 2177 1134 2229 τὸν
1180 2177 1431 2248 Σωτῆρος
1475 2177 1663 2246 λόγον,
1717 2179 1798 2232 ὅτι
1839 2179 1892 2230 '0

305 2265 518 2319 ,καλῶν
542 2267 612 2319 ἐν
642 2267 978 2336 προφήταις
998 2305 1013 2331 ,
1046 2262 1174 2322 ὶδοὺ
1199 2269 1440 2340 πάρειμι
1458 2285 1473 2299 ·
1500 2269 1738 2340 νοήσεὼς
1775 2271 1894 2324 ἐστι

306 2359 368 2410 τὸ
417 2359 670 2429 πρᾶγμα,
711 2359 807 2412 καὶ
831 2358 1167 2430 ,ἀλληγορίας
1208 2359 1388 2431 χρεία.
1450 2362 1560 2415 Kal
1601 2361 1710 2432 γὰρ
1753 2361 1893 2414 οὕτω

311 2445 574 2512 πολλάκις
645 2445 804 2502 τοῦτο
860 2449 1200 2520 πληροῦται·
1261 2450 1478 2522 ὁρῶμεν
1532 2451 1632 2522 τὴν
1695 2451 1898 2505 θάλασ-

313 2555 416 2591 σαν
450 2537 562 2609 (57)
585 2539 652 2591 ὲκ
682 2539 882 2610 μέρους
915 2538 1058 2602 τινὸς
1085 2537 1244 2610 ὅρους
1274 2538 1308 2609 ἢ
1339 2539 1604 2602 πεδιάδος,
1633 2540 1728 2593 καὶ
1759 2540 1894 2610 ἀλη-

312 2629 545 2702 θεύομεν
581 2631 639 2682 ὲν
679 2629 756 2702 τῷ
787 2630 1086 2702 ἑωρακέναι
1107 2647 1120 2662 ·
1168 2631 1271 2685 κᾶν
1297 2631 1354 2685 δέ
1387 2649 1470 2694 τις
1505 2633 1646 2686 εἴποι
1678 2632 1758 2685 ὅτι
1797 2623 1896 2702 οὐχ

317 2723 566 2794 ἑώρακεν
586 2763 600 2786 ,
629 2723 688 2775 οὐ
719 2722 1010 2792 ψεύδεται,
1039 2722 1152 2776 ἀλλ’
1187 2721 1468 2796 ἀληθεύει·
1515 2723 1614 2776 οὐκ
1647 2718 1755 2776 οἶδε
1789 2723 1896 2794 γὰρ

315 2815 420 2868 ποῦ
468 2816 530 2868 τὸ
579 2814 780 2885 βάθος,
828 2813 932 2868 ποῦ
970 2813 1082 2884 (58)
1140 2813 1200 2867 τὸ
1259 2814 1452 2886 μῆκος,
1504 2815 1605 2868 οὐκ
1649 2811 1758 2868 οἵδε
1807 2815 1896 2868 τὶν

310 2907 499 2976 ὄγκον,
517 2906 618 2960 οὐκ
649 2901 759 2960 οἶδε
779 2906 840 2960 τὸ
865 2907 1044 2970 κῦτος.
1080 2907 1189 2960 Καὶ
1213 2905 1320 2959 ἀπὸ
1341 2906 1482 2978 ὀπῆς
1508 2923 1654 2970 τινος
1678 2905 1896 2978 ὁρῶμεν

313 2993 602 3072 ἄνθρωπον
623 2999 754 3068 (59),
772 2998 870 3070 τὴν
891 2998 950 3052 δὲ
969 2997 1262 3052 ὲπὲκτασιν
1280 2999 1380 3052 οὐκ
1401 2997 1740 3068 ἐπιστάμεθα
1756 3014 1770 3029 ·
1793 2997 1898 3051 κᾶν

321 3092 464 3144 εἴποι
499 3108 584 3156 τις
603 3131 617 3157 ,
650 3085 826 3154 Εἶδον,
853 3085 989 3143 εἶδεν
1012 3105 1027 3121 ·
1061 3088 1164 3142 κᾶν
1197 3088 1356 3153 ἄλλος
1383 3089 1510 3160 εἴπῃ
1531 3128 1544 3151 ,
1590 3090 1703 3142 Οὐκ
1735 3084 1896 3152 εἶδον,

316 3182 418 3236 οὐκ
462 3174 603 3234 εἶδεν
625 3198 638 3210 ·
673 3178 888 3252 εἴδομεν
920 3180 1030 3252 γὰρ
1067 3180 1282 3252 ἀληθῶς
1319 3181 1396 3240 ὼς
1443 3179 1750 3252 χωροῦμεν,
1797 3180 1897 3232 οὐκ

1994 2005 2100 2059 que
2147 1989 2426 2062 Evangelii
2472 1993 2791 2048 testimonio
2839 1993 3118 2057 nituntur,
3166 2007 3277 2064 quo
3328 1992 3581 2048 Salvator

1994 2084 2112 2154 ipse
2152 2082 2290 2137 dixit
2325 2083 2572 2140 docens:
2601 2085 2766 2144 Deum
2797 2101 2946 2140 nemo
2984 2087 3111 2140 vidit
3151 2103 3383 2156 unquam
3407 2085 3450 2139 ⁷.
3483 2085 3582 2138 At-

1995 2175 2086 2246 qui
2117 2174 2394 2245 propheta:
2423 2177 2631 2231 vidisse
2661 2192 2720 2232 se
2749 2185 2996 2232 narrant.
3027 2176 3266 2232 Necesse
3293 2186 3377 2232 est
3409 2176 3578 2248 igitur

1993 2275 2090 2322 aut
2118 2269 2342 2322 unicum
2375 2267 2470 2323 Dei
2515 2267 2736 2334 Filium,
2766 2278 2860 2323 aut
2893 2269 3189 2338 prophetas
3231 2284 3358 2325 esse
3380 2267 3576 2323 mentis

1997 2368 2103 2414 tos.
2132 2357 2494 2425 Quamobrem
2519 2377 2588 2416 ex
2635 2361 2868 2416 istorum
2899 2358 3432 2430 Manichaeorumque
3456 2373 3579 2414 sen-

1995 2449 2190 2513 tentia,
2227 2449 2362 2504 falsa
2399 2457 2564 2504 erunt
2605 2444 2786 2505 omnia
2822 2466 2943 2520 qua;
2976 2465 3005 2504 a
3051 2450 3331 2520 prophetis
3381 2449 3582 2507 dicun-

1997 2547 2106 2594 tur.
2137 2539 2346 2605 Quodsi
2390 2540 2668 2610 prophetae
2691 2539 2917 2595 minime
2943 2542 3301 2602 mentiuntur,
3331 2541 3425 2595 sed
3452 2557 3581 2596 vera

2001 2631 2301 2701 praedicant
2333 2649 2347 2685 :
2381 2631 2434 2686 id
2477 2633 2622 2701 quod
2667 2629 2920 2686 Salvator
2959 2632 3078 2702 ipse
3117 2647 3217 2688 sua
3251 2636 3582 2688 auctoritate

2000 2724 2350 2794 comprobat.
2395 2723 2584 2779 dicens
2611 2742 2624 2778 :
2654 2723 2766 2794 Ego
2797 2725 2889 2794 qui
2915 2725 3101 2795 loquor
3141 2742 3230 2792 per
3266 2727 3580 2794 prophetat,

1999 2833 2113 2871 ecce
2155 2819 2300 2872 ve’m‘o
2329 2817 2351 2848 ³
2375 2857 2388 2880 ,
2417 2817 2701 2871 recondito
2739 2817 2974 2887 quodam
3027 2833 3192 2876 sensu
3239 2827 3292 2872 et
3322 2819 3583 2889 allegoria

2001 2909 2257 2964 videlicet
2283 2923 2423 2978 opus
2457 2909 2580 2963 erit.
2611 2907 2894 2976 Ejusmodi
2925 2924 3058 2963 sane
3079 2909 3337 2980 quiddam
3371 2927 3471 2964 usu
3497 2925 3586 2966 ve-

2000 3000 2122 3056 nire
2155 3000 2400 3070 quotidie
2427 3000 2724 3055 cernimus.
2767 2999 3011 3070 Exempli
3045 3015 3234 3066 causa,
3271 3017 3395 3056 cum
3432 3015 3583 3056 mare

2001 3107 2068 3148 ex
2103 3092 2338 3162 alicujus
2367 3092 2572 3147 montis
2613 3092 2892 3160 crepidine
2921 3092 3004 3146 vel
3036 3092 3263 3160 planitie
3309 3092 3584 3162 prospici-

2003 3200 2150 3246 mus,
2189 3195 2300 3238 tam
2328 3200 2428 3239 nos
2457 3200 2584 3238 vera
2613 3184 2847 3239 dicimus
2873 3185 3001 3238 dum
3036 3185 3242 3240 vidisse
3269 3199 3586 3249 narramus.

317 3275 531 3347 εἴδομεν
574 3273 711 3328 καθὸ
742 3277 909 3328 ἐστιν.
955 3271 1112 3326 Οὕτω
1153 3273 1250 3327 καὶ
1290 3275 1339 3326 οἱ
1393 3274 1666 3346 προφῆται
1710 3273 1784 3338 ὡς
1835 3273 1895 3325 δι’

2008 3292 2172 3348 quam
2199 3275 2293 3346 qui
2334 3291 2442 3330 non
2475 3275 2678 3331 vidisse
2723 3293 2782 3331 se
2816 3276 3090 3330 fateatur:
3121 3275 3212 3330 hic
3247 3275 3392 3330 enim
3437 3277 3590 3331 nullo

315 3366 460 3437 ὀπῆς
490 3365 584 3419 τοῦ
631 3364 907 3421 στενωποῦ
954 3363 1050 3418 τοῦ
1091 3363 1221 3418 ἰδίου
1261 3363 1513 3436 σώματος
1558 3363 1899 3436 κατηξιώθη-

326 3477 420 3516 σαν
451 3461 598 3522 ἰδεῖν,
627 3460 722 3512 καὶ
748 3456 1004 3530 ἀλήθειαν
1032 3453 1193 3524 εἶδον,
1217 3459 1314 3530 οὐχ
1339 3459 1416 3523 ὡς
1441 3458 1554 3530 ἔχει
1578 3458 1640 3512 τὸ
1669 3458 1898 3528 ἄπειρον

322 3551 418 3622 τῆς
475 3548 741 3621 θεωρίας·
797 3548 890 3602 καὶ
939 3546 1082 3601 οὕτω
1132 3548 1520 3619 πεπλήρωνται
1579 3547 1900 3618 συνᾴδουσαι

321 3641 459 3713 πρὸς
488 3640 726 3713 ἀλλήλας
767 3640 824 3692 αἱ
854 3638 995 3692 θεῖαι
1031 3638 1246 3711 Γραφαὶ
1278 3639 1337 3692 τό
1365 3657 1424 3692 τε
1455 3639 1582 3703 τοὺς
1610 3640 1898 3710 προφήτας

319 3729 499 3800 λέγειν
526 3731 862 3804 ἑωρακέναι,
895 3726 1032 3785 εἶδον
1060 3729 1172 3801 γὰρ
1215 3731 1272 3784 ὲν
1301 3729 1557 3801 ἀληθείᾳ·
1591 3731 1687 3784 κού⁹
1714 3725 1776 3782 τὸ
1807 3729 1896 3781 τὸν

322 3820 552 3896 Σωτῆρα
598 3822 815 3892 λέγειν,
864 3820 1015 3876 Θεὸν
1067 3819 1268 3887 οὐδεὶς
1318 3819 1555 3874 πώποτε
1609 3818 1892 3888 ἑώρακεν,

2008 3365 2171 3420 modo
2201 3365 2481 3432 mentitur,
2517 3366 2786 3436 siquidem
2824 3382 3002 3434 neque
3043 3363 3372 3436 profundum
3411 3365 3586 3430 illius,

2007 3473 2185 3526 neque
2228 3457 2644 3527 longitudinem,
2688 3473 2866 3528 neque
2903 3459 3126 3523 molem,
3173 3473 3238 3513 ac
3277 3460 3592 3516 vastitatem

2007 3547 2313 3617 prospexit.
2366 3545 2458 3600 Sic
2504 3548 2824 3619 plerumque
2869 3563 2967 3618 per
3011 3557 3301 3619 angustum
3345 3550 3592 3606 foramen

2009 3639 2283 3695 hominem
2309 3638 2632 3709 aspicimus,
2657 3641 2816 3710 cujus
2846 3643 3218 3698 extensionem
3243 3644 3586 3713 ignoramus.

2004 3729 2210 3797 Quodsi
2259 3729 2380 3800 quis
2430 3731 2638 3787 vidisse.
2684 3746 2744 3788 se
2802 3731 2962 3798 dicat,
3039 3734 3226 3804 utique
3274 3735 3441 3803 vidit;
3505 3737 3592 3792 sin

2005 3820 2146 3876 alius
2177 3820 2381 3877 vidisse
2413 3831 2594 3893 neget,
2627 3838 2738 3878 non
2769 3822 2926 3878 vidit.
2957 3823 3167 3895 Quippe
3199 3833 3465 3895 quantum
3498 3841 3589 3881 ca-

397 3978 416 4010 ²
443 3977 620 4034 Scrib.
653 3976 902 4032 παλαιόν.
975 3977 996 4007 ¹
1036 3975 1136 4031 lsa.
1166 3991 1244 4040 vt,
1271 3973 1322 4030 5.
1402 3974 1422 4006 ³
1462 3973 1632 4028 Exod.
1669 3986 1748 4038 ιιι,
1779 3973 1834 4027 2.

2002 3987 2095 4028 en.
2134 3989 2230 4039 xu,
2272 3969 2324 4029 7.
2401 3977 2423 4008 ⁸
2458 3975 2596 4031 Dan.
2636 3993 2731 4044 vn,
2754 3977 2806 4034 9.
2886 3979 2907 4010 ⁸
2943 3974 3140 4034 Ezech.
3181 3997 3220 4045 ι,
3251 3975 3306 4035 ι.
3381 3979 3402 4014 τ
3432 3979 3593 4038 Joan.

326 4066 368 4117 1,
408 4050 493 4104 18.
567 4051 590 4080 ⁸
628 4050 732 4103 Isa.
766 4063 860 4101 LII.
892 4046 944 4101 6.

400 4164 513 4236 (56)
555 4161 731 4218 Locus
761 4159 1010 4216 vitiosus.
1056 4158 1136 4214 An
1171 4156 1454 4231 legendum
1494 4159 1576 4212 ὃτι
1623 4174 1722 4229 pro
1759 4157 1904 4228 οὐχῖ

523 4296 780 4376 ἶορῶμεςν
793 4301 910 4368 τὴν·
927 4301 1270 4376 θάλασσαν.
1291 4297 1498 4376 Eadem
1513 4297 1900 4376 similitudine,

282 4425 290 4437 ,
326 4389 377 4442 ιιι
407 4369 631 4442 quidem
661 4369 724 4426 ad
752 4389 864 4428 rem
891 4371 1162 4442 eamdem,
1197 4371 1366 4442 utitur
1381 4369 1446 4442 ξ.
1473 4369 1821 4442 Epiphanius
1847 4369 1900 4422 in

333 4434 572 4498 I’auario
611 4443 676 4496 ad
716 4443 962 4498 hagresim
987 4434 1076 4506 70,
1109 4455 1257 4494 num.
1295 4440 1348 4494 8.
1381 4438 1483 4493 Ubi
1519 4434 1754 4494 ét'illam
1783 4446 1900 4492 tra-

329 4516 483 4570 ducit
512 4513 580 4568 ad
621 4527 777 4577 eum,
829 4513 920 4580 qui
968 4525 1061 4580 per
1089 4517 1379 4578 angustum
1417 4508 1658 4564 foramen
1697 4509 1898 4564 caelum

2013 4159 2112 4223 tis,
2165 4161 2430 4228 apostolis
2478 4159 2645 4214 Deum
2699 4175 2758 4216 se
2809 4159 3098 4215 videndum
3153 4163 3472 4230 przebuisse.
3534 4163 3593 4220 id

2009 4237 2277 4300 astruunt
2326 4230 2508 4282 divina
2574 4231 2820 4300 eloquia;
2871 4229 3069 4300 refelli
3099 4229 3198 4284 nec
3246 4239 3442 4300 potest.
3497 4232 3590 4288 Dei

2009 4298 2280 4355 voluntati
2335 4299 2554 4353 obsistit
2587 4299 2722 4352 nihil
2759 4318 2771 4354 :
2808 4299 3072 4368 quidquid
3117 4300 3207 4354 ille
3235 4298 3369 4362 vult,
3411 4302 3594 4358 facere

2013 4373 2210 4438 potest.
2241 4368 2326 4423 Nil
2352 4369 2616 4438 hactenus
2643 4370 3071 4438 astruiturquod
3100 4369 3168 4424 ab
3197 4371 3456 4428 omnibus
3480 4389 3588 4428 non

2012 4437 2348 4510 admittatur.
2392 4437 2665 4510 Viderunt
2691 4439 2854 4510 igitur
2892 4437 3060 4510 Deum
3095 4439 3345 4510 homines
3378 4452 3590 4496 morta-

2013 4509 2113 4562 les.
2165 4509 2232 4562 At
2275 4509 2583 4580 quomodo?
2615 4509 2691 4563 nil
2716 4507 2862 4580 certi
2897 4509 2964 4564 de
3007 4507 3110 4580 hac
3145 4527 3239 4574 re;
3291 4509 3358 4566 de
3409 4512 3592 4576 modo,

331 4585 555 4654 inspicit
577 4625 592 4648 ,
644 4592 698 4638 et
736 4572 1082 4654 inspiciendo
1129 4572 1274 4654 videt
1317 4580 1499 4654 aliquo
1547 4581 1739 4654 modo,
1793 4580 1900 4632 alio
1938 4572 1978 4624 1)
2004 4595 2114 4648 ιιιιο
2139 4572 2414 4642 viderunt.
2444 4582 2684 4654 molitur.
2718 4579 2835 4634 Non
2865 4581 2942 4654 ait
2972 4575 3173 4654 vidisse
3216 4572 3384 4636 Deum
3419 4583 3472 4636 in
3505 4572 3596 4638 sui

329 4650 496 4709 modo
524 4667 632 4708 non
666 4651 808 4708 videt
824 4650 848 4715 ξ
874 4667 1049 4720 neque
1074 4650 1216 4705 enim
1246 4651 1542 4720 oculorum
1563 4651 1904 4720 aciem_pro-

328 4726 558 4780 tendere
587 4723 728 4778 valet
751 4721 815 4776 ad
846 4717 1062 4774 omnem
1103 4721 1226 4775 cceli
1265 4719 1700 4788 amplitmlinem.
1737 4717 1811 4771 Ea
1843 4719 1894 4772 in

333 4795 528 4850 hmresi
560 4793 646 4852 70,
673 4807 822 4847 num.
850 4791 905 4854 6,
931 4787 962 4844 7
989 4799 1043 4845 et
1079 4790 1132 4855 8,
1162 4787 1418 4855 tuentem,
1445 4803 1770 4857 omnemque
1801 4789 1903 4842 do-

331 4866 566 4918 ctrinam
612 4875 764 4916 suam
817 4862 1084 4932 pluribus
1114 4861 1288 4930 aperit
1335 4857 1392 4932 Sp.
1457 4857 1792 4932 Epiphanius
1837 4858 1905 4932 de

331 4933 732 5004 diser-ptatione
757 4927 870 4996 illa,
899 4945 1007 5002 qua
1036 4927 1324 5004 disserunt
1344 4929 1603 5004 theologi,
1627 4944 1696 4982 an
1725 4927 1904 4980 homi-

333 5021 436 5060 nes
493 5000 751 5056 inortales
807 5000 1005 5063 adhuc,
1071 5001 1396 5069 patriarchae
1446 5000 1728 5056 nimirum.
1777 5013 1904 5069 pro-

329 5077 511 5145 pheta:
551 5073 766 5145 veteris,
790 5068 1260 5145 legis,‘ap05t_ol_i,
1302 5068 1467 5121 Deum
1495 5069 1791 5145 aliquando
1827 5068 1908 5119 vi-

333 5136 515 5198 }Ieriul
541 5183 554 5205 ,
585 5143 668 5195 vel
699 5136 938 5197 minime.
973 5136 1100 5192 Tria
1145 5140 1312 5208 igitur
1341 5138 1534 5191 statuit
1575 5136 1640 5192 eo
1671 5137 1724 5189 in
1759 5136 1903 5197 loco,

257 5261 266 5266 -
331 5227 528 5285 quma
564 5227 623 5266 se
667 5213 900 5285 invicem
941 5211 1352 5285 distinguantur
1383 5209 1578 5285 velim,
1615 5211 1670 5285 et
1697 5215 1904 5285 attente

332 5277 752 5338 considerentur
789 5283 860 5336 ob
886 5296 946 5336 ea
968 5321 983 5344 ,
1015 5277 1136 5348 quze
1183 5280 1266 5333 hic
1300 5278 1460 5348 paulo
1495 5277 1722 5332 inferius
1749 5277 1904 5348 idem

335 5353 670 5423 Epiphanius
727 5351 976 5423 affirmat.
1033 5345 1315 5418 Principio
1357 5348 1548 5423 Deu_I_n__
1575 5361 1674 5402 nec
1703 5345 1906 5423 videri,

337 5415 456 5478 néc'
477 5422 860 5493 comprehendi
887 5415 1271 5493 iposse;_esse
1312 5417 1663 5493 invisibilem.
1703 5415 1911 5493 Deinde

337 5505 429 5548 res
472 5486 686 5548 creaias
708 5533 724 5554 ,
757 5486 1002 5547 homines
1035 5486 1380 5561 potissimum
1426 5487 1704 5561 mortales,
1736 5486 1817 5561 ad
1838 5487 1913 5561 vi-

337 5561 574 5618 dendum
617 5563 786 5617 Deum
839 5555 1079 5630 impares
1123 5575 1277 5630 esse;
1328 5557 1474 5630 quod
1516 5555 1911 5630 enimuvisibile

337 5633 503 5688 cst.id
536 5631 736 5686 intueri
783 5646 894 5686 non
919 5625 1106 5700 potest
1133 5629 1279 5698 quod
1321 5625 1406 5684 est
1451 5627 1744 5700 invisibile.
1785 5625 1912 5682 Haec

809 5697 1000 5757 rors‘us
1033 5697 1344 5762 involvunt,
1377 5697 1523 5767 quod
1566 5697 1841 5767 discrepet
1879 5711 1911 5750 a

799 5779 980 5826 atrum
1020 5778 1182 5840 atque
1219 5766 1595 5840 theologorum
1635 5766 1909 5840 doctrina.

337 5701 446 5758 duo
474 5720 605 5758 sane
643 5704 720 5757 nil

337 5775 708 5842 receptissima

2004 4655 2202 4704 natura
2255 4658 2315 4721 et
2375 4651 2682 4704 substantia
2714 4690 2728 4714 ,
2768 4659 2864 4721 aut
2897 4650 2951 4704 in
3009 4653 3191 4721 aliqua
3234 4667 3498 4721 corporea
3539 4661 3595 4706 et

2005 4717 2288 4789 Spectabili
2325 4721 2506 4789 specie
2540 4722 2762 4775 vidisse.
2808 4717 2895 4773 Ait
2929 4717 3134 4776 vidisse
3169 4717 3413 4789 quidem,
3451 4718 3594 4775 εἶδον

2004 4781 2096 4851 δέ,
2134 4789 2229 4844 sed
2263 4781 2399 4844 καθὸ
2434 4789 2726 4858 ἠδύναντο,
2771 4792 2914 4844 sicut
2960 4781 3292 4858 potuerunt:
3331 4781 3424 4844 ml.
3457 4791 3594 4844 καθὸ

2005 4858 2284 4932 ενεὲχῴρει,
2319 4870 2375 4932 et
2399 4869 2661 4932 quantum
2702 4860 2835 4929 ipsis
2865 4861 3023 4932 licuit
3046 4879 3058 4914 :
3080 4861 3189 4932 aut
3217 4858 3372 4932 ᾤφθη
3405 4862 3593 4923 αὐτοῖς

2005 4930 2033 4980 ὁ
2065 4926 2196 5000 Θεὸς
2221 4931 2296 4994 ὡς
2319 4926 2580 5000 ἠθέλησεν
2613 4945 2628 4982 :
2663 4926 2818 5000 visus
2850 4937 2934 4982 est
2977 4929 3045 5000 ab
3071 4927 3184 5000 illis
3207 4926 3392 4990 .Deus'.
3437 4939 3491 4984 at
3525 4947 3592 4985 eo

2007 4999 2202 5068 modo,
2259 4998 2598 5059 ea‘rationc,
2648 5015 2754 5068 qua
2802 4999 2954 5068 Deus
2997 4998 3168 5054 videri
3219 5000 3410 5054 voluit.
3467 5000 3594 5054 11ωο

2009 5064 2295 5136 Epiphanii
2351 5064 2824 5136 doctriuafquze
2871 5067 3090 5123 videndi
3142 5068 3308 5124 Deum
3369 5069 3593 5124 modum

2009 5087 2295 5136 nptpnamt
2351 5087 2640 5130 (lOCll‘llla,
2743 5087 2824 5121 U28
2871 5087 3090 5123 Vltlelltﬂ
3143 5087 3308 5124 ueum
3369 5087 3593 5124 mettum

2009 5139 2216 5210 nullum
2254 5138 2465 5210 definit,
2515 5153 2635 5210 qua:
2679 5087 2908 5192 liberam
2945 5139 3218 5210 latamque
3255 5140 3377 5196 aliis
3427 5143 3594 5194 relin«-

2010 5209 2129 5280 quit
2176 5211 2316 5280 viarn
2357 5209 2634 5280 opinandi,
2675 5209 2960 5264 dicendive
3007 5225 3116 5280 quo
3153 5209 3332 5274 modo,
3367 5209 3459 5280 qui
3511 5212 3593 5262 vi-

2009 5279 2208 5332 derunt
2258 5278 2424 5334 Deum
2473 5278 2722 5334 homines
2773 5278 3065 5344 mortales,
3103 5280 3360 5334 viderint.
3388 5278 3590 5332 Notari

2010 5348 2176 5416 igitur
2222 5355 2317 5402 aut
2363 5348 2686 5416 reprehendi
2735 5349 2826 5402 illa
2897 5364 3004 5403 nou
3066 5357 3339 5412 meretur,
3405 5357 3594 5418 utpote

2009 5433 2132 5488 qua:
2176 5433 2278 5474 nec
2323 5419 2497 5474 hilum
2539 5418 2788 5474 discedat
2825 5434 2858 5473 a
2893 5420 3170 5474 communi
3201 5417 3425 5472 Patrum
3465 5417 3595 5473 seu-

2012 5489 2201 5542 tentia.

2011 5629 2054 5684 Ε
2082 5553 2194 5629 (58)
2226 5557 2352 5612 Ποῦ
2375 5598 2390 5613 .
2413 5596 2428 5613 .
2450 5598 2464 5612 .
2483 5598 2497 5614 .
2517 5599 2530 5614 .
2556 5556 2697 5614 ποῦ.
2722 5557 2974 5614 Forsitan
2998 5557 3284 5629 legendum
3308 5557 3393 5614 bis
3415 5561 3592 5615 ποῖον.

2061 5645 2174 5682 orr.

2061 5645 2174 5682 DIT.

2083 5696 2540 5771 (59)“Legenﬁum
2569 5697 2798 5771 οὐρανόν
2825 5706 3034 5771 mone__t_
3049 5697 3358 5771 Cotelerius
3391 5698 3447 5756 in
3479 5694 3598 5754 Illo--

2015 5767 2344 5826 ηιιιιιζΕεεί.
2377 5767 2573 5840 erc.,
2609 5767 2652 5826 ιζ
2681 5769 2772 5837 111,
2807 5785 2930 5840 pag.
2969 5769 3095 5826 555.
3128 5768 3207 5826 In.

340 5836 516 5902 Tertio
559 5844 615 5900 in
652 5845 774 5900 loco
813 5844 891 5898 ait
923 5836 1265 5915 Epiphanius
1295 5836 1642 5910 patriarchis,
1675 5837 1912 5912 prophe-
2009 5901 2020 5910 ,
