3950 6434
394 402 489 461 111

1785 402 1841 457 S.
1892 400 2234 456 EPIPIIANII

3571 404 3676 463 ΗΞ.

387 531 515 586 pere
566 532 888 588 possumus.
940 535 995 573 re
1043 519 1158 588 ipsa
1200 519 1478 574 vidimus:
1545 527 1815 590 quatenus
1870 518 1954 588 5']

2081 523 2180 573 οὐκ
2208 517 2343 572 είδον
2385 519 2439 572 δὲ
2468 520 2602 572 καθὸ
2642 521 2810 574 ἐστιν.
2851 520 3010 574 Ἀλλὰ
3041 521 3135 574 καὶ
3162 521 3322 585 αὐτὸς
3363 515 3543 575 εῖδενδ
3582 524 3678 577 ἀο-

386 617 568 663 autem
599 609 652 663 in
677 624 799 665 sese
825 618 929 674 est,
965 626 1070 664 non
1104 611 1364 666 vidimus.
1409 609 1674 666 Similiter
1701 611 1975 680 propheta:

385 714 481 769 per
519 711 809 772 angustum
862 703 1024 757 veluti
1069 704 1317 772 corporis
1369 705 1453 757 sui
1509 703 1754 758 foramen
1802 701 1971 758 Deum

383 790 571 848 videre
615 802 957 854 meruerunt,
1002 803 1055 848 et
1101 797 1280 864 reipsa
1315 795 1602 861 viderunt;
1645 809 1753 849 non
1797 810 1972 865 quan-

2097 613 2275 682 ρὰτως
2317 613 2416 681 τὴν
2459 611 2641 680 φύσιν,
2677 612 2876 666 δέδωκε
2904 613 2962 666 δὲ
2996 613 3074 683 τῷ
3106 614 3181 684 μὴ
3221 615 3509 687 δυναμένῳ
3543 618 3682 688 ὁρᾷν

2080 704 2310 772 δύναμιν
2364 703 2704 774 χαρίσματος
2742 705 2822 767 εἰς
2869 704 2931 756 τὸ
2987 705 3116 758 ἰδεῖν
3164 705 3262 776 τὴν
3309 705 3539 777 δύναμιν
3576 708 3681 779 τῆς

2082 795 2336 866 Θεωρίας.

385 892 500 939 tum
533 884 745 940 infinita
778 887 898 956 ejus
933 888 1318 956 contemplatio
1367 888 1625 956 postulat.
1666 887 1846 955 Atque
1873 889 1975 942 hoc
2017 897 2176 956 pacto
2215 885 2626 942 consentientes
2692 885 2833 941 inter
2874 902 3014 949 sese,
3051 886 3464 954 concordesque
3533 887 3679 942 Scri'

382 981 558 1043 pturae
599 977 882 1031 veritatem
931 979 1133 1047 ubique
1173 984 1464 1046 praestant;
1517 979 1631 1032 sive
1678 978 1977 1048 prophetas
2017 978 2184 1033 Deum
2213 977 2417 1031 vidisse
2449 986 2739 1042 testentur,
2799 993 2923 1031 nam
2986 979 3166 1047 rcipsa
3201 979 3486 1044 viderunt;
3556 979 3674 1033 sive

383 1068 527 1140 quod
571 1068 820 1124 Salvator
852 1071 1068 1136 asserit,
1111 1071 1273 1124 Deum
1339 1087 1487 1124 nemo
1543 1071 1670 1125 vidit
1737 1074 2045 1142 unquam‘,
2083 1088 2192 1127 non
2232 1074 2376 1128 enim
2424 1083 2695 1141 quatenus
2739 1083 2823 1128 est
2874 1075 2925 1128 in
2976 1090 3116 1138 sese,
3171 1075 3446 1131 viderunt.
3501 1077 3675 1137 Porro

329 1241 332 1244 ρ
384 1165 475 1220 ille
515 1165 634 1235 ipse
662 1166 874 1220 ratione
903 1165 1142 1235 quadam
1175 1181 1294 1236 qua:
1325 1175 1610 1236 aspectum
1643 1181 1862 1221 omnem
1894 1176 2139 1238 supcrat,
2211 1177 2465 1222 naturam
2508 1177 2592 1222 est
2643 1169 2816 1238 ipsam
2863 1169 3128 1234 intuitus;
3169 1177 3222 1224 et
3287 1171 3335 1225 ei
3370 1171 3465 1242 qui
3537 1187 3671 1228 con-

384 1257 524 1310 tueri
570 1271 680 1310 non
725 1264 957 1326 poterat,
1005 1257 1111 1310 vim
1145 1256 1438 1326 quamdam
1485 1257 1748 1327 elargitus
1776 1264 1891 1323 est,
1933 1265 1992 1311 ut
2040 1259 2396 1327 contemplari
2437 1259 2629 1329 possit.

450 1344 584 1400 LIV.
631 1344 828 1402 Verum
874 1362 943 1400 ne
977 1347 1220 1400 cavillari
1259 1361 1324 1400 ac
1361 1361 1557 1400 novam
1591 1347 1760 1401 ordiri
1803 1346 1960 1400 fabu-

378 1439 484 1492 lam
521 1439 677 1502 velis,
705 1455 767 1492 ac
796 1439 1090 1508 prophetas
1123 1437 1278 1494 dicas
1306 1455 1413 1493 non
1444 1440 1618 1495 oculis
1646 1455 1964 1510 usurpasse,

376 1531 471 1586 sed
504 1541 708 1595 mente,
739 1531 809 1586 ita
841 1540 899 1586 ut
941 1531 1308 1602 intelligerent
1357 1532 1754 1602 propemodum
1787 1547 1852 1588 ac
1886 1532 1970 1586 vi-

374 1623 567 1679 derent
596 1637 612 1677 :
637 1622 808 1680 Isaias
852 1625 1129 1679 accuratis
1179 1625 1332 1680 hisce
1375 1625 1601 1680 vocibus
1641 1625 1968 1694 tergiversa-

377 1716 581 1770 tionem
603 1714 846 1770 excludit
879 1730 1100 1770 omnem
1130 1733 1142 1769 :
1177 1713 1379 1781 Infelix
1411 1732 1524 1786 ego,
1559 1717 1812 1786 quoniam
1834 1732 1969 1770 com-

2140 1348 2263 1404 ΝΣ.
2293 1349 2452 1402 Ἀλλὰ
2476 1349 2550 1419 μὴ
2569 1348 2728 1402 πάλιν
2749 1347 3308 1419 δραματουργῶν(60)
3331 1348 3515 1418 λέγεις
3531 1348 3661 1421 (61)·

2070 1435 2226 1493 Εἶδον
2278 1440 2376 1510 μὲν
2405 1441 2453 1494 οἱ
2496 1443 2772 1511 προφῆται
2801 1441 2903 1493 οὐκ
2942 1439 3228 1510 ὀφθαλμῷ,
3262 1439 3399 1493 ἀλλά
3436 1439 3668 1511 διανοίᾳ,

2073 1531 2344 1594 συνιέντες
2373 1532 2653 1602 μονονουχὶ
2675 1531 2769 1583 καὶ
2795 1529 3050 1600 ὁρῶντες.
3083 1530 3181 1582 Διὰ
3200 1528 3359 1582 τοῦτο
3377 1531 3485 1601 γὰρ
3509 1532 3668 1602 ἀκριο

2071 1622 2180 1686 ὁῶς
2212 1622 2360 1690 λέγει
2394 1623 2622 1686 Ἡσαΐας
2643 1640 2656 1652 ο
2697 1621 2888 1687 Triviae
2913 1620 3050 1691 ἐγὼ,
3075 1621 3164 1674 ὅτι
3202 1621 3665 1691 κατανένυγμαι,

2071 1717 2159 1770 ὅτι
2187 1715 2495 1786 ἅνθρωπος
2527 1714 2630 1777 ὢν,
2683 1714 2784 1770 καὶ
2821 1715 3127 1784 ἀκάθαρτα
3171 1714 3347 1782 χείλη
3378 1713 3559 1782 ἔχων,
3597 1717 3670 1768 ἐν

374 1816 599 1877 punetus
638 1823 791 1871 sum;
831 1808 1080 1877 quoniam
1127 1823 1247 1861 cum
1298 1808 1452 1862 homo
1496 1809 1619 1872 sim,
1665 1817 1715 1861 et
1760 1809 1954 1875 impura

2070 1806 2149 1872 τῷ
2175 1805 2302 1871 ,λαῷ
2327 1805 2632 1873 ἀκάθαρτα
2655 1807 2829 1876 χείλη
2853 1805 3057 1875 ἔχοντι
3092 1804 3209 1875 ἐγὼ
3241 1803 3402 1866 οἰκῶ,
3429 1805 3528 1857 καὶ
3551 1805 3666 1860 Κύ-

375 1899 509 1952 milti
536 1899 642 1951 sint
672 1897 839 1965 labia,
867 1899 923 1951 in
948 1897 1118 1951 medio
1143 1897 1326 1967 populi
1356 1899 1567 1966 impura
1599 1898 1745 1952 labia
1773 1898 1967 1953 haben-

377 1992 445 2058 tis
483 2007 576 2062 ego
615 1991 795 2044 Itdbito
823 2006 842 2045 :
873 2000 922 2045 et
950 1989 1234 2044 Dominum
1280 1991 1606 2045 exercituum
1640 1990 1746 2044 vidi
1775 1993 1820 2054 ³,
1853 2007 1962 2045 non

373 2083 535 2149 dixit,
568 2082 745 2138 Mente
774 2083 902 2149 vidi,
928 2081 1046 2146 sed,
1091 2083 1258 2136 oculis
1294 2083 1444 2138 meis.
1476 2081 1664 2152 Itaque
1689 2083 1962 2147 viderunt,

372 2188 426 2231 et
465 2193 570 2232 non
607 2177 860 2232 viderunt
897 2176 1175 2247 prophetae
1215 2175 1518 2230 :nimirum
1571 2187 1859 2246 quantum-
1886 2175 1966 2229 vi-

372 2267 488 2322 deri
526 2275 774 2336 poterat,
807 2270 985 2336 reipsa
1020 2267 1312 2332 viderunt;
1349 2283 1460 2322 non
1503 2268 1758 2323 viderunt
1783 2277 1964 2324 autem

369 2366 634 2429 quantum
673 2359 1143 2429 incomprehensae
1183 2359 1305 2429 ejus
1334 2369 1548 2414 natura:
1579 2359 1822 2416 infinitas
1855 2375 1954 2431 po-

370 2451 630 2506 stulabat.
657 2450 740 2504 Ad
780 2451 1033 2505 eumdem
1083 2449 1302 2504 modmn
1332 2451 1578 2521 plerique
1609 2451 1676 2506 de
1705 2452 1964 2522 paradiso

371 2541 667 2609 allegorice
695 2539 1003 2609 disputant,
1045 2548 1210 2608 atque
1249 2540 1393 2594 inter
1437 2549 1668 2597 caeteros
1717 2542 1964 2598 furiosus

370 2630 636 2701 Origenes
665 2631 1045 2685 adumbratam
1073 2631 1262 2686 nescio
1289 2645 1453 2701 quam
1478 2633 1717 2701 speciem
1753 2649 1851 2702 pro
1877 2649 1966 2689 ve-

371 2723 537 2779 ritate
574 2722 628 2775 in
661 2721 925 2777 mundum
965 2722 1188 2778 invexit.
1231 2723 1323 2777 Sic
1356 2723 1503 2778 enim
1546 2723 1767 2779 disserit
1802 2743 1816 2780 :
1846 2724 1966 2779 Non

369 2822 460 2869 est
487 2813 774 2884 paradisus
809 2813 866 2867 in
896 2813 1085 2880 terris;
1136 2821 1191 2869 et
1231 2813 1335 2869 hoc
1372 2813 1618 2884 Apostoli
1655 2817 1968 2870 testimonio

370 2908 600 2964 nititur:
629 2905 748 2960 Vidi
774 2908 1036 2961 hominem
1066 2917 1186 2964 ante
1211 2923 1376 2961 annos
1413 2907 1812 2976 qualuordecim
1837 2908 1967 2977 (sive

370 3003 428 3056 in
449 3015 672 3070 corpore
713 3000 908 3066 nescio,
950 3000 1055 3055 sive
1099 3009 1252 3055 extra
1293 3015 1521 3069 corpus,
1569 3001 1778 3062 nescio;
1821 2999 1965 3055 Deus

371 3093 502 3163 scil)
528 3101 741 3162 raptum
781 3091 1084 3162 hujusmodi
1125 3109 1290 3162 usque
1332 3092 1400 3146 ad
1446 3093 1662 3147 tertium
1693 3092 1960 3148 ctelum'.

2061 1918 2199 1968 ριον
2229 1900 2469 1954 σαὸαὼθ
2503 1896 2701 1962 εἶδον,
2761 1899 2855 1952 καὶ
2882 1898 2982 1951 οὐκ
3015 1893 3167 1950 εἶπεν
3190 1938 3206 1961 ,
3258 1892 3413 1950 Εἶδον
3452 1899 3520 1968 τῇ
3550 1897 3662 1950 δια-

2069 1993 2210 2063 νοίᾳ,
2241 1991 2399 2056 ἀλλὰ,
2425 1991 2548 2056 τοῖς
2575 1989 2904 2060 ὀφθαλμοῖς
2918 2007 3058 2061 μου.
3101 1985 3255 2042 Εἶδον
3280 1988 3390 2057 (62)
3420 1984 3536 2052 οὖν,
3567 1989 3662 2042 καὶ

2067 2086 2167 2138 οὐκ
2203 2081 2340 2138 εἶδον
2368 2104 2380 2116 -
2410 2084 2525 2138 ἀλλ’
2556 2084 2632 2147 ὼς
2656 2084 2908 2154 ἠδύνατο,
2945 2083 3002 2135 ὲν
3031 2081 3261 2154 ἀληθείᾳ
3289 2082 3347 2134 δὲ
3371 2077 3532 2146 εἶδον,
3561 2081 3664 2136 οὐκ

2069 2171 2205 2230 εἶδον
2237 2177 2294 2229 δὲ
2322 2177 2396 2240 ὡς
2425 2176 2537 2246 ἔχει
2565 2175 2624 2228 τὸ
2657 2175 2884 2246 ἄπειρον
2914 2174 3012 2244 τῆς
3046 2172 3446 2245 ἀκαταληψίας.
3474 2171 3663 2238 Uine);

2066 2269 2114 2321 οἱ
2149 2268 2334 2321 πολλοὶ
2373 2268 2467 2320 καὶ
2509 2267 2638 2337 περὶ
2696 2265 3025 2337 παραδείσου
3068 2264 3482 2336 ἁλληγοροῦσιν,
3527 2265 3603 2329 ὡς
3635 2266 3664 2319 ὁ

2068 2361 2328 2431 θεήλατος
2371 2359 2651 2430 Ὠριγένης
2692 2357 2927 2428 ἠθέλησε
2963 2358 3262 2426 φαντασίαν
3295 2357 3493 2429 μᾶλλον
3517 2358 3663 2430 ἥπερ

2068 2453 2327 2524 ἀλήθειαν
2379 2451 2456 2522 τῷ
2528 2439 2628 2522 βίῳ
2691 2449 3240 2519 συνεισενέγκασθαι’
3298 2449 3392 2504 καί
3450 2466 3658 2521 φησιν’

2068 2547 2184 2600 Οὐκ
2224 2545 2338 2598 ἔστι
2368 2543 2697 2615 παράδεισος
2729 2541 2841 2612 (65)
2892 2542 2984 2596 ἐπὶ
3029 2541 3131 2610 τῆς
3181 2543 3308 2613 τῆς,
3353 2541 3515 2612 δῆθεν
3545 2541 3654 2596 ἀπὺ

2065 2639 2160 2692 τοῦ
2191 2638 2356 2712 ῥητοῦ
2384 2637 2478 2692 τοῦ
2504 2636 2654 2708 παρὰ
2682 2634 2774 2689 τοῦ
2799 2634 2954 2704 ἁγίου
2995 2635 3321 2688 Ἀποστόλου
3343 2634 3661 2704 εἰρημένου,

2067 2731 2150 2783 ὃτι
2204 2728 2388 2784 Εἶδον
2447 2729 2762 2797 ἄνθρωπον
2805 2726 2919 2796 πρὸ
2984 2725 3137 2781 ἐτῶν
3195 2725 3664 2794 δεκατεσσάρων

2071 2821 2209 2892 (εἴτε
2233 2821 2301 2874 ὲν
2329 2819 2554 2890 σώματι
2579 2821 2694 2872 οὐκ
2725 2814 2879 2880 οῖδα,
2904 2819 2959 2871 el
2963 2835 3022 2872 τε
3054 2817 3229 2884 ἐκτὸς
3256 2817 3362 2871 τοῦ
3387 2817 3662 2886 σώματος

2069 2918 2179 2969 οὐκ
2216 2909 2369 2978 (ἷὸα,
2408 2915 2439 2966 ό
2472 2910 2616 2977 Θεὸς
2651 2907 2838 2977 οἶδεν)
2873 2909 3220 2978 ἁρπαγέντα
3249 2908 3356 2962 τὸν
3386 2907 3662 2962 τοιοῦτον

2068 3008 2178 3074 ἕως
2205 3009 2404 3075 τρίτου
2433 3003 2715 3073 οὐρανοῦ.
2783 3001 2941 3055 Ἀλλὰ
2976 3001 3051 3072 μὴ
3091 2999 3481 3072 παραγίνωσκε
3503 3038 3517 3062 ,
3564 2999 3662 3052 καὶ

2068 3101 2194 3170 λέγε
2232 3101 2312 3152 δτι
2358 3099 2419 3152 τὸ
2462 3096 2680 3170 τρίτον⁸
2724 3094 2818 3148 τοῦ
2857 3094 3018 3166 ἀέρος
3089 3093 3164 3146 Οὐ
3206 3093 3314 3166 γὰρ
3346 3089 3516 3144 εἰπὼν
3549 3090 3662 3157 ἕως

369 3185 449 3240 Ac
486 3199 553 3240 ne
591 3183 733 3240 forte
761 3199 1047 3255 perperam
1090 3185 1297 3240 sentias
1350 3199 1415 3240 ac
1447 3185 1623 3252 dicas,
1659 3200 1836 3256 usque
1886 3184 1953 3240 ad

2070 3195 2268 3263 τρίτου
2303 3189 2589 3258 οὐρανοῦ,
2632 3188 2760 3256 περὶ
2807 3187 3005 3258 μέρους
3063 3185 3246 3258 τρίτου
3298 3183 3465 3252 λέγει,
3522 3181 3662 3236 ἀλλὰ

370 3279 587 3334 tertiam
626 3277 750 3333 caeli
783 3289 990 3349 partem
1025 3277 1268 3334 dixisse:
1301 3293 1428 3333 cum
1466 3278 1604 3333 dixit
1633 3279 1702 3333 ad
1744 3279 1958 3344 tertium

373 3386 534 3441 usque
573 3372 795 3435 caelum,
832 3371 1036 3426 nullam
1075 3371 1248 3426 tertia:
1283 3373 1456 3442 partis
1504 3372 1838 3428 mentionem
1889 3370 1961 3427 fe-

373 3463 471 3526 cit,
500 3461 596 3517 sed
626 3462 729 3516 tria
757 3463 1004 3530 quaedam
1037 3477 1265 3517 numero
1301 3464 1619 3533 complexus
1647 3471 1752 3518 est.
1790 3463 1956 3518 Addit

373 3569 505 3610 vero
537 3573 550 3607 :
581 3552 702 3609 Scio
743 3551 1046 3622 hujusmodi
1079 3553 1341 3609 hominem
1387 3565 1600 3623 raptum
1643 3555 1698 3608 in
1730 3553 1958 3622 paradi-

373 3663 491 3702 sum
520 3687 534 3712 ,
575 3656 624 3700 et
654 3647 866 3700 audisse
895 3645 1071 3710 verba,
1116 3662 1233 3716 quae
1271 3664 1375 3701 non
1414 3647 1534 3701 licet
1563 3647 1761 3702 homini
1790 3647 1952 3717 loqui.

372 3737 574 3794 Verum
596 3739 780 3808 gratiae
800 3739 1159 3809 omnipotenti
1188 3738 1297 3793 Deo
1319 3738 1478 3794 nobis
1511 3738 1774 3795 habenda:
1803 3745 1953 3805 sunt,

371 3832 464 3902 qui
495 3831 909 3887 accuratissime
939 3832 1121 3886 omnia
1166 3832 1331 3887 etiam
1365 3832 1575 3885 minuta
1605 3846 1836 3902 quaeque
1868 3830 1958 3886 de-

371 3923 584 3978 clarare
626 3922 817 3988 voluit,
859 3928 920 3976 ut
957 3937 1025 3976 ne
1069 3921 1312 3977 veritatis
1362 3921 1595 3976 studiosi
1645 3920 1958 3992 deciperen-

448 4081 462 4110 ¹
505 4078 664 4132 Joan.
699 4095 736 4140 I,
773 4079 857 4132 18.

438 4237 550 4309 (60)
565 4237 771 4309 _aaaa
795 4238 882 4308 μὴ
911 4237 1098 4292 πάλιν
1126 4235 1605 4309 δραματουργῶν,
1639 4237 1697 4290 1η
1725 4251 1786 4291 ea
1821 4249 1948 4291 sen-

366 4307 534 4366 tentia
562 4307 897 4379 Epiphanius
923 4325 1050 4379 esse
1085 4309 1318 4371 videtur,
1356 4317 1413 4360 ut
1448 4308 1724 4376 prophch
1754 4322 1818 4379 ac
1852 4321 1948 4379 pa-

366 4377 620 4434 triarchre
666 4377 880 4448 veteres
919 4378 1085 4434 Deum
1133 4379 1308 4448 ipsum
1337 4379 1617 4448 corporeis
1652 4377 1828 4448 oculis
1860 4377 1945 4448 vi-

365 4448 567 4510 derint,
603 4448 705 4501 etsi
740 4447 964 4502 miuime
1005 4446 1536 4516 comprehenderint.
1573 4446 1706 4513 Quae
1734 4447 1942 4516 opinio,

2066 3283 2194 3354 περὶ
2221 3280 2386 3353 τριῶν
2412 3277 2684 3350 ἀριθμῶν,
2717 3275 2809 3329 καί
2841 3293 3005 3346 φησιν
3026 3292 3040 3305 ο
3072 3270 3217 3328 οῖδα
3244 3273 3350 3327 τὸν
3385 3271 3662 3327 τοιοῦτον

2063 3373 2380 3442 ἄνθρωπον
2433 3368 2774 3439 ἁρπαγέντα
2831 3369 2917 3432 εις
2961 3365 3070 3420 τὸν
3113 3363 3502 3433 παράδεισον,
3557 3361 3661 3418 καὶ

2061 3467 2413 3521 ἀκούσαντα
2430 3461 2692 3531 ῥήματα,
2721 3459 2760 3513 ἁ
2798 3461 2912 3514 οὐκ
2948 3457 3094 3522 ἐξὸν
3135 3455 3424 3526 ἀνθρώπῳ
3444 3454 3657 3510 εἰπεῖν.

2062 3559 2200 3625 Δόξα
2249 3557 2328 3628 τῷ
2376 3554 2782 3626 παντοκράτορι
2821 3551 2936 3620 (δι)
2982 3549 3122 3621 Θεῷ,
3169 3548 3248 3619 τῷ
3295 3547 3439 3602 κατὰ
3479 3547 3662 3602 πάντα

2064 3648 2264 3719 τρόπον
2305 3643 2682 3715 διατρανοῦντι
2726 3641 2820 3696 καὶ
2849 3637 3287 3706 λεπτολογοῦντι,
3333 3638 3420 3691 ἵνα
3448 3638 3497 3690 οἱ
3525 3637 3662 3706 ἀληο

2066 3737 2202 3791 θινοί⁸
2247 3737 2321 3808 μὴ
2351 3735 2713 3804 σφάλλωνται.
2769 3732 2843 3787 Οὐ
2889 3730 3001 3802 γὰρ
3048 3732 3106 3784 ἐν
3137 3730 3238 3801 μιᾷ
3271 3728 3536 3801 συντομία
3565 3727 3661 3782 τὸν

2063 3827 2293 3899 οὐρανὸν
2308 3827 2401 3880 καὶ
2431 3826 2521 3880 τὸν
2553 3823 2884 3897 παράδεισον
2912 3821 3168 3893 συνῆψεν,
3199 3820 3355 3889 ἀλλὰ,
3385 3816 3530 3874 Οἶδα
3557 3819 3661 3874 dr-

2065 3923 2322 3988 θρωπον,
2367 3917 2554 3989 φησὶν,
2587 3915 2930 3987 ἁρπαγέντα
2968 3913 3080 3982 ἕως
3127 3914 3328 3982 τρίτου
3371 3911 3657 3982 οὐρανοῦ,

958 4079 978 4108 ⁸
1021 4077 1204 4140 lsa.v1,
1245 4079 1297 4131 5.
1379 4076 1470 4130 ³11
1505 4077 1631 4132 Cor.
1670 4092 1769 4141 xu,
1798 4076 1850 4130 2.
1931 4077 1952 4108 ⁸

2066 4092 2117 4148 g.
2149 4073 2308 4130 οἶδεν.
2384 4075 2406 4107 ³
2427 4073 2557 4130 Cor.
2588 4073 2649 4126 τὸ
2677 4073 2861 4145 τρίτον
2898 4070 3062 4143 μέρος
3100 4071 3246 4142 legit.

2121 4234 2230 4306 (65)
2266 4234 2389 4289 Οὐκ
2423 4232 2983 4306 ἐστιπαράδεισοςΣ
3022 4239 3131 4306 etc.
3156 4232 3344 4306 _Quam
3369 4225 3469 4306 _hic
3503 4225 3655 4306 refu-

2045 4296 2538 4379 tandamsuscipit
2561 4296 2898 4374 Epiphanius
2932 4296 3208 4379 'Otjigeuis’
3233 4298 3555 4379 opinionem
3587 4296 3656 4379 de

2045 4376 2294 4445 terrestri
2339 4369 2628 4445 paradiso,
2662 4369 2902 4445 'iconstat
2951 4369 3212 4445 reiecisse
3265 4369 3559 4445 deindenet
3599 4369 3676 4422 in-

2045 4435 2479 4510 Panario,num.
2521 4435 2624 4498 Μ’
2676 4444 2949 4500 haereseos
2989 4435 3092 4508 6i,
3147 4457 3270 4512 qua:
3328 4447 3413 4495 est
3461 4435 3656 4513 Orige-

447 4518 614 4572 Dcum
657 4517 834 4596 ipsum
872 4518 1047 4571 oculis
1074 4525 1396 4596 usurpatum
1431 4517 1727 4596 existimet,
1766 4517 1945 4572 falsis-
1979 4541 2021 4596 ο
2051 4517 2362 4596 triariorum.

366 4590 505 4644 sima
530 4594 633 4641 est.
668 4585 990 4656 Quanquam
1017 4586 1132 4641 scio
1153 4586 1454 4639 dubitatum
1481 4601 1510 4638 a
1533 4584 1785 4642 Patrtbus
1809 4603 1938 4640 non-

367 4659 574 4719 nullis,
645 4655 960 4711 utrumnam
1018 4657 1158 4711 beati
1214 4655 1493 4724 corporeis
1547 4657 1723 4710 oculis
1777 4656 1947 4710 Deum

365 4731 738 4784 intuerentur:
789 4735 849 4780 ut
893 4727 961 4781 ab
993 4727 1319 4797 Augustino.
1368 4725 1538 4790 Quem
1587 4727 1812 4782 consule
1848 4727 1942 4782 Iib.

364 4815 476 4853 xxu
516 4798 594 4852 De
613 4798 755 4852 civit.
787 4797 901 4860 Dei,
930 4813 1052 4868 cap.
1085 4797 1230 4856 “2.9,et
1254 4797 1538 4868 _epist._t;xr
1569 4804 1622 4850 et
1643 4811 1776 4851 cxu.

433 4869 542 4940 (6|)
573 4867 880 4940 Legendum
912 4865 1078 4939 Zéfn;
1109 4865 1594 4940 δίνε-λέγεηΕοιτ.

430 4936 541 5010 (62)
587 4936 850 5010 Viderunt
890 4936 1064 4993 oculis
1094 4938 1371 5008 prophetae
1407 4936 1596 5010 Deum,
1635 4947 1688 4993 et
1717 4953 1823 4992 non
1853 4939 1942 4993 vi-

360 5008 579 5065 derunt.
611 5009 879 5065 Viderunt
907 5026 1040 5065 sane
1070 5011 1223 5064 illum
1255 5017 1520 5078 quantum
1549 5008 1628 5062 fas
1654 5018 1738 5064 est
1764 5011 1943 5064 oculis

361 5081 578 5135 carneis
599 5120 613 5144 ,
665 5096 859 5148 nempe
889 5095 1211 5149 corpoream
1244 5088 1297 5135 et
1330 5078 1718 5147 aspectabilem
1754 5081 1944 5149 imagi-

361 5167 483 5204 nem
520 5165 585 5203 ac
619 5149 1032 5205 similitudinem
1063 5150 1160 5204 Dei
1191 5151 1243 5202 in
1275 5149 1499 5217 figuram
1528 5149 1766 5217 aliquam
1798 5150 1941 5202 divi-

361 5223 509 5288 nitus
544 5221 854 5282 formatam,
905 5226 957 5284 et
992 5235 1180 5272 eorum
1218 5222 1390 5274 oculis
1418 5219 1721 5288 objectam:
1752 5221 1943 5288 sicque

362 5285 485 5361 ipsi,
515 5293 885 5363 qualicunque
929 5290 1215 5363 oculorum
1265 5291 1456 5363 obtutu
1492 5285 1668 5344 'videri
1705 5285 1939 5363 pater—at,

360 5359 546 5432 r—eipsa'
571 5362 739 5417 Deum
777 5359 1051 5414 viderunt.
1100 5359 1218 5412 Non
1256 5361 1522 5432 viderunt
1557 5359 1736 5413 autem
1772 5359 1938 5432 Deum

359 5427 536 5499 ipsum
560 5440 828 5502 quatenus
847 5439 931 5484 est
959 5432 1010 5482 in
1026 5445 1169 5494 sese,
1190 5431 1266 5482 uti
1295 5431 1383 5483 hic
1402 5433 1694 5502 superiore
1715 5446 1827 5499 cap.
1858 5427 1942 5502 753

361 5499 850 5570 dicturii'estthtnt
875 5502 1083 5568 ubique,
1101 5511 1158 5553 ut
1185 5508 1372 5554 noster
1399 5501 1577 5569 inquit
1605 5500 1941 5570 Epiphanius

359 5571 415 5644 in
451 5569 685 5626 Panario
740 5575 923 5644 (quem
953 5571 1151 5624 librum
1179 5570 1393 5644 (I_u_ol)us
1426 5571 1594 5644 ferme
1629 5569 1788 5624 anuis
1817 5575 1942 5639 post

359 5641 684 5714 Ancoraturn
718 5640 1165 5714 scripsit),saerre
1199 5640 1410 5694 Littera:
1432 5641 1496 5694 de
1527 5640 1631 5714 Deo
1665 5649 1937 5714 testentur,

361 5725 521 5778 neque
547 5711 712 5764 oculis
740 5711 911 5780 ipsum
936 5713 1151 5781 percipi,
1185 5726 1347 5780 neque
1375 5711 1757 5781 comprehendi,
1779 5727 1942 5780 neque

361 5783 537 5832 animo
560 5780 965 5849 cogitari'posse.
991 5781 1080 5835 sed
1103 5781 1332 5834 iri-unum
1350 5780 1412 5832 de
1438 5782 1530 5834 illo
1545 5796 1609 5834 ea:
1632 5783 1706 5834 rei
1725 5783 1941 5834 veritate

357 5849 573 5919 percipi,
602 5851 739 5921 quod
765 5854 853 5918 sit,
896 5853 1135 5920 quodque
1172 5852 1446 5920 diligentes
1478 5868 1530 5906 se
1555 5861 1935 5905 remuneretur.

2122 4586 2236 4653 (65)
2269 4585 2426 4650 Δόξα
2466 4582 2546 4649 τῷ
2575 4583 3030 4652 παντοκράτορι.
3072 4581 3132 4637 In
3163 4581 3258 4636 illo
3289 4579 3539 4650 Apostoli
3572 4592 3654 4639 te.

2049 4656 2330 4713 stimouio.
2365 4672 2473 4724 quo
2495 4669 2554 4708 se
2574 4655 2792 4709 tertium
2817 4655 2870 4708 in
2897 4655 3096 4708 ccelum
3125 4668 3298 4724 usque
3320 4655 3652 4708 translatum

2049 4729 2283 4788 asserit,
2326 4723 2454 4780 sunt
2497 4725 2591 4794 qui
2636 4725 2952 4792 paradisum
3001 4740 3031 4778 a
3067 4726 3207 4778 cutio
3242 4723 3649 4788 discernentes,

2047 4797 2300 4851 eumdem
2349 4797 2499 4848 illum
2551 4796 2728 4850 Iocmn
2779 4810 2902 4850 esse
2935 4796 3199 4855 sentiant,
3227 4809 3258 4848 e
3287 4807 3398 4863 quo
3434 4795 3648 4862 primus

2047 4881 2248 4936 parens
2292 4866 2501 4936 ejectus
2546 4876 2648 4930 est,
2699 4874 2754 4919 et
2821 4865 2875 4919 in
2921 4865 3285 4936 quem_lat_ro,
3342 4878 3457 4936 pro,
3491 4880 3559 4919 eo
3587 4880 3652 4919 ac

2046 4934 2300 4992 Christus
2321 4934 2670 5005 promiserat,
2693 4943 2948 5004 receptus
2970 4943 3074 4989 est.
3092 4934 3168 4988 Ita
3184 4934 3650 5004 'l‘heophylactus,

2045 5016 2101 5076 et
2135 5007 2226 5061 alii
2261 5006 2480 5076 quidam
2527 5007 2852 5075 interpretes
2888 5021 2952 5060 ac
2988 5005 3202 5069 Patres,
3265 5005 3470 5072 quibus
3510 5006 3652 5060 favet

2047 5075 2407 5148 Epiphanius.
2447 5075 2553 5131 Sed
2579 5077 2890 5148 communis
2929 5076 3470 5148 aliorumsententia
3505 5077 3651 5131 veri-

2047 5145 2278 5202 similior
2311 5155 2394 5203 est
2421 5189 2434 5212 ,
2479 5145 2792 5216 paradisum
2831 5162 2930 5215 pro
2973 5146 3186 5201 ccelesti
3224 5145 3398 5214 gloria
3431 5155 3485 5199 et
3518 5163 3653 5202 sua-

2045 5221 2273 5272 vissima
2325 5219 2558 5288 quadam
2608 5219 2886 5286 voluptate
2927 5223 3112 5272 sumi:
3183 5231 3360 5288 neque
3410 5225 3649 5272 veterem

2048 5289 2198 5342 illum
2225 5287 2543 5342 aum’nnlate
2573 5303 2636 5341 ac
2671 5288 2886 5358 deliciis
2913 5288 3175 5343 refertum
3205 5287 3386 5340 locum
3412 5289 3652 5358 amplius

2047 5359 2102 5412 in
2137 5375 2314 5413 l'ct‘tltll
2343 5375 2467 5413 esse
2508 5369 2722 5412 natura.
2762 5357 2970 5412 Psnv.

2119 5429 2251 5484 Vide
2282 5429 2338 5483 S.
2381 5429 2741 5498 Epiphanium
2781 5438 3028 5483 nostrum
3063 5427 3114 5481 in
3153 5443 3252 5482 sua
3294 5425 3536 5495 Epistola
3580 5427 3652 5480 ad

2042 5497 2303 5554 Joannem
2325 5497 2623 5569 episcopum
2651 5498 3220 5569 Ηειξνοςυίμιηίιαηιιηι,
3249 5499 3339 5552 ubi
3373 5499 3648 5569 eamdem,

2043 5587 2208 5639 quam
2239 5573 2292 5623 iu
2320 5566 2575 5641 praesenti
2611 5566 3483 5641 exhib.:t,_gipiniquem_renovat.
3510 5566 3651 5641 Vide

2043 5636 2095 5712 et
2122 5636 2425 5695 Calmeium
2461 5641 2528 5694 ad
2568 5655 2691 5712 cap.
2723 5656 2808 5712 Mt
2855 5636 3029 5712 Epist.
3059 5639 3099 5692 II
3134 5638 3220 5712 _ad
3242 5637 3527 5712 Corinth,
3553 5636 3646 5691 ubi

2045 5711 2360 5765 indicantur
2391 5713 2607 5782 Patres,
2640 5707 2748 5781 qua
2771 5707 2969 5765 Gratci.
3001 5725 3110 5778 qua
3134 5707 3340 5773 Latini,
3371 5710 3467 5782 qui
3499 5709 3554 5764 in
3585 5725 3641 5767 re

2045 5783 2301 5852 praesenti
2336 5797 2460 5836 cum
2493 5780 2801 5853 Epiphanio
2841 5782 3114 5837 sentiunt.
