3950 6408
359 431 452 489 113

1772 417 2213 476 ANCORATUS.

3516 424 3616 478 114

352 541 444 598 καὶ
463 539 650 603 πάλιν,
697 537 1043 610 ἁρπαγέντα
1085 540 1172 604 εἰς
1205 537 1312 590 τὸν
1339 537 1726 606 παράδεισον.
1785 537 1858 589 Τὸ
1881 536 1938 590 δὲ

2046 544 2151 593 tur.
2194 535 2310 590 Non
2363 551 2505 590 cmm
2557 535 2706 590 brevi
2747 536 2930 606 aliquo
2984 536 3255 592 sermonis
3296 538 3616 608 compendio

355 632 490 706 μετά
515 631 608 685 τοῦ
634 631 863 702 άρθρου,
893 631 1078 702 ἑτέρου
1106 627 1396 702 προσώπου
1419 629 1538 681 ἐστὶ
1562 627 1932 698 διαληπτικδν,

353 724 445 778 καὶ
469 723 658 794 ἐτέρου
699 722 900 792 τρόπου
938 722 1314 792 μεταθετικόν·
1363 721 1438 784 ὡς
1470 721 1524 773 εἴ
1557 737 1639 783 τις
1673 719 1784 790 ἔχει
1811 720 1937 791 δρος

353 816 447 870 καὶ
479 814 726 876 πεδιάδα,
755 815 854 884 τὴν
885 814 941 867 δὲ
973 814 1194 867 πεδιάδα
1242 811 1677 882 ὲγκυκλεύουσαν
1703 811 1762 863 τὸ
1791 811 1933 882 ὅρος,

356 907 646 978 βουληθείη
691 907 750 960 δὲ
791 907 871 969 εἰς
913 905 974 958 τὸ
1011 905 1184 975 πέραν
1235 902 1328 956 τοῦ
1377 903 1538 975 ὅρους
1577 905 1635 956 ὲν
1666 907 1733 974 τῇ
1771 902 1934 956 αὑτοῦ

356 998 568 1052 πεδιάδι
604 995 1033 1068 παραγενέσθαι,
1074 994 1171 1048 καί
1218 995 1308 1048 ὅτε
1351 993 1449 1065 μὲν
1480 993 1697 1063 θελήσει
1727 993 1815 1047 διά
1838 995 1938 1064 τῆς

358 1089 609 1151 πεδιάδος
655 1089 754 1158 τὴν
797 1086 1104 1158 ὁδοιπορίαν
1141 1084 1493 1156 ποιήσασθαι,
1537 1086 1615 1146 εἰς
1653 1083 1743 1136 τὸν
1775 1083 1938 1136 τόπον

352 1181 490 1234 ὅπου
533 1179 578 1234 δ’
622 1178 688 1232 ἂν
711 1178 838 1252 ἔλθῃ
865 1175 958 1230 τοῦ
1001 1178 1162 1248 δρους
1210 1175 1472 1241 ἀνελθετν,
1518 1175 1744 1229 δυνατὸν
1786 1175 1937 1228 ἔσται

354 1269 507 1341 αὑτῷ
529 1268 688 1322 τοῦτο
709 1285 723 1300 ο
755 1270 805 1321 εἰ
829 1268 884 1321 δὲ
909 1267 1124 1338 θελήσει
1151 1265 1368 1338 πρῶτον
1393 1266 1494 1337 μὲν
1521 1266 1757 1338 ἐμϐῆναι
1782 1267 1861 1330 εἰς
1877 1266 1938 1319 τὸ

353 1362 502 1432 ὅρος,
552 1360 647 1414 καὶ
677 1359 785 1413 ἀπὸ
833 1358 925 1412 τοῦ
975 1358 1135 1430 δρους
1180 1357 1340 1412 πάλιν
1387 1359 1469 1420 εἰς
1509 1357 1602 1410 τὸν
1648 1359 1813 1411 τόπον
1839 1357 1938 1428 τῆς

357 1449 606 1514 πεδιάδος
653 1449 751 1520 τῆς
792 1447 1050 1501 ἐπέκεινα
1075 1445 1169 1501 τοῦ
1207 1446 1364 1518 ὅρους
1397 1445 1672 1514 γενέσθαι,
1720 1446 1814 1498 καὶ
1844 1445 1938 1499 οῦ-

351 1560 464 1606 τως
497 1541 644 1612 αὐτῷ
676 1540 902 1594 δυνατόν
924 1556 938 1571 ο
993 1539 1138 1593 οὕτω
1189 1557 1279 1610 μοι
1305 1539 1415 1592 νόει
1453 1539 1545 1592 καὶ
1574 1537 1635 1591 τὸ
1679 1539 1807 1610 περί
1843 1538 1936 1592 τοῦ

368 1633 691 1686 Ἀποστόλου
723 1631 1010 1704 εἰρημένον
1030 1647 1044 1662 ο
1096 1629 1308 1702 πρῶτον
1345 1629 1442 1700 μὲν
1474 1630 1552 1693 εἰς
1593 1629 1684 1682 τὸν
1713 1628 1938 1699 οὐρανὸν

354 1724 778 1795 ἀναϐεϐηκέναι,
815 1723 958 1777 κατὰ
981 1722 1044 1775 τὸ
1075 1721 1395 1793 εἰρημένον’
1443 1720 1672 1788 Κατέϐη
1700 1723 1733 1775 ὁ
1761 1720 1938 1776 ἀδελ-

354 1815 571 1886 φιδοῦς
587 1833 706 1884 μου
749 1816 838 1882 εἰς
873 1814 981 1868 τὸν
1025 1811 1226 1880 κῆπον
1258 1811 1464 1867 αὑτοῦ.
1518 1813 1630 1866 Καὶ
1673 1814 1703 1865 ὁ
1748 1812 1938 1882 Σωτήρ

356 1923 491 1979 φησι
507 1923 523 1938 ο
552 1905 822 1976 Σήμερον
835 1904 963 1976 μετ’
981 1903 1128 1960 ἐμοῦ
1150 1903 1265 1972 ἔσῃ
1290 1902 1362 1958 ἐν
1389 1901 1470 1969 τῷ
1501 1901 1862 1970 παραδείσῳ.

425 2161 559 2218 NE'.
597 2163 661 2216 Εἰ
682 2161 740 2216 δὲ
768 2162 870 2216 οὐκ
897 2161 1045 2216 ἔστιν
1073 2163 1166 2217 ἐπὶ
1193 2163 1298 2234 γῆς
1327 2163 1678 2234 παράδεισος,
1713 2164 1808 2218 καὶ
1839 2163 1940 2216 οὐκ

354 2254 586 2327 ἀληθινά
613 2254 682 2308 τά
707 2256 767 2309 ὲν
797 2255 1014 2308 Γενέσει
1045 2255 1429 2327 γεγραμμένα,
1459 2255 1595 2309 ἀλλά
1621 2255 1939 2327 ἀλληγορεί-

353 2365 468 2412 ται,
493 2347 642 2400 οὐδὲν
673 2347 754 2401 ένι
798 2349 898 2418 τῆς
927 2347 1244 2412 ἀκολουθίας
1263 2387 1278 2412 ,
1336 2347 1472 2402 ἀλλά
1501 2348 1681 2402 πάντα
1712 2348 1942 2419 ἀλληγο-

358 2439 598 2511 ροῦνται.
634 2439 740 2494 Ἔν
765 2439 924 2509 ἀρχῇ
948 2439 1057 2511 γάρ
1082 2439 1372 2516 ἐποίησεν
1398 2443 1432 2494 ό
1461 2441 1605 2504 Θεὸς
1629 2439 1737 2494 τὸν
1763 2443 1942 2508 οὐρα-

353 2533 470 2585 νὸν
508 2531 607 2585 καί
638 2530 752 2599 τὴν
794 2530 941 2600 γῆν·
996 2532 1091 2585 καὶ
1126 2532 1229 2585 οὐκ
1269 2523 1422 2586 ’ἐστιν
1467 2533 1940 2604 ἀλληγορούμενα,

355 2621 471 2675 ἀλλ’
518 2622 717 2694 ὁρατά·
762 2623 858 2676 καὶ
907 2621 1232 2694 στερέωμα,
1282 2625 1452 2692 φησὶ,
1503 2623 1598 2677 καὶ
1638 2623 1936 2692 θάλασσαν,

351 2713 713 2785 βλαστήματά
743 2731 805 2767 τε
833 2715 930 2767 καὶ
965 2714 1096 2779 ξύλα
1137 2715 1234 2769 καὶ
1281 2714 1530 2785 βοτάνας,
1560 2715 1773 2786 χόρτον,
1802 2715 1938 2783 ζῶα,

358 2799 571 2870 ἰχθύας,
605 2799 790 2872 δρνεα,
817 2802 998 2857 πάντα
1035 2804 1105 2857 τά
1132 2803 1391 2874 ὁρώμενα
1426 2806 1485 2859 ὲν
1517 2805 1749 2878 ἀληθείᾳ
1779 2824 1940 2876 γεγο-

355 2894 518 2959 νότα,
573 2893 861 2965 ἄνθρωπον
905 2897 966 2949 ὲν
1013 2895 1245 2968 ἀληθεία
1293 2897 1353 2950 ὃν
1397 2897 1673 2969 εποίησεν.
1706 2898 1941 2970 Ἐθηκεί

349 2985 534 3040 τοίνυν
579 2986 767 3041 τοῦτον
815 2987 874 3041 δν
928 2987 1166 3042 ἔπλασεν
1203 2991 1262 3043 ὲν
1306 2989 1386 3060 τῷ
1427 2989 1774 3063 παραδείσῳ,
1823 2992 1944 3045 κατ’

354 3078 540 3133 εἰκόνα
592 3080 825 3151 ποιήσας
870 3079 964 3134 τὸν
1011 3080 1176 3135 αὑτὸν
1228 3081 1546 3155 ἄνθρωπον,
1595 3086 1718 3138 κατ’
1757 3085 1944 3140 εἰκόνα

2037 628 2235 683 ρωΙιιιιι
2269 642 2391 680 cum
2431 626 2685 696 paradiso
2725 626 3032 682 confundit.
3073 627 3236 692 Novi,
3276 629 3478 700 inquit,
3517 630 3616 683 ho-

2038 721 2226 773 minem
2274 731 2480 786 replum
2514 719 2567 771 in
2605 720 2815 772 tertium
2850 737 3010 790 usque
3039 723 3260 784 casiam;
3293 733 3346 775 ct
3388 725 3616 786 iterum,

2039 823 2248 881 raptum
2274 814 2325 865 in
2347 813 2682 880 paradisum.
2713 813 2847 866 Nam
2871 814 2958 866 cui
2985 815 3252 869 articulus
3280 813 3616 886 adjnngitur,

2038 904 2090 959 id
2134 903 2448 958 distinctam
2484 905 2777 974 quamdam
2812 921 3100 974 personam
3142 907 3416 976 exprimit,
3457 917 3512 960 ct
3550 907 3617 960 ad

2039 995 2206 1048 alium
2259 995 2480 1049 modum
2535 995 2645 1066 58
2697 997 2956 1051 traducit.
3012 995 3243 1051 Perinde
3292 1012 3355 1052 ac
3404 997 3448 1052 si
3496 998 3622 1067 quis

2038 1092 2277 1140 montem
2312 1093 2365 1140 et
2397 1086 2673 1157 planitiem
2709 1087 3004 1158 possideat,
3039 1104 3160 1158 qua:
3193 1088 3362 1142 monti
3395 1088 3625 1144 circum-

2041 1174 2162 1231 fusa
2193 1177 2294 1241 sit;
2323 1176 2391 1242 is,
2415 1177 2458 1233 si
2496 1177 2636 1231 ultra
2663 1187 2902 1233 montem
2935 1179 3000 1233 ad
3031 1195 3281 1250 campum
3313 1195 3472 1234 suum
3497 1194 3622 1249 per-

2038 1285 2166 1341 gere
2195 1271 2345 1333 vclit,
2399 1278 2574 1340 potest
2605 1270 2845 1339 quidem,
2887 1269 2932 1324 si
2965 1269 3206 1336 libuerit,
3241 1271 3344 1324 iter
3373 1285 3468 1340 per
3507 1270 3626 1340 βιο-

2038 1362 2225 1416 nitiem
2263 1362 2436 1431 ipsam
2479 1362 2750 1432 progredi,
2784 1371 2838 1416 et
2863 1362 2928 1416 ad
2965 1377 3352 1431 quamcunque
3395 1361 3627 1417 voluerit

2039 1451 2204 1506 menti
2235 1451 2534 1520 subiectam
2569 1451 2854 1522 pervenire
2886 1459 3093 1521 partem
3129 1470 3140 1505 :
3176 1451 3259 1506 sin
3285 1451 3439 1520 prius
3470 1465 3628 1504 mon-

2039 1552 2146 1598 tem
2180 1544 2550 1598 conscendere
2574 1550 2628 1598 et
2647 1558 2676 1597 e
2701 1550 2885 1597 monte
2915 1543 2968 1596 in
3001 1542 3300 1611 planitiem,
3328 1557 3451 1612 qua:
3482 1542 3622 1596 ultra

2041 1641 2281 1688 montem
2320 1639 2426 1696 cst,
2461 1631 2800 1687 descendere
2848 1632 3103 1695 voluerit,
3142 1647 3254 1686 non
3298 1632 3479 1686 minus
3522 1631 3628 1684 hoc

2041 1733 2301 1796 praestare
2335 1725 2554 1795 poterit.
2590 1723 2671 1778 Ad
2721 1724 2869 1778 hunc
2903 1724 3088 1794 itaque
3127 1739 3349 1780 sensum
3382 1722 3526 1778 refer
3573 1722 3626 1776 id

2041 1817 2186 1888 quod
2219 1817 2285 1872 de
2312 1817 2574 1887 Apostolo
2596 1817 2802 1872 dictum
2833 1823 2937 1882 est,
2962 1825 3021 1870 ut
3039 1817 3130 1881 ille
3162 1815 3396 1887 primum
3430 1817 3484 1870 in
3513 1829 3628 1871 cm-

2045 1910 2155 1964 lum
2190 1909 2608 1964 conscenderit:
2639 1924 2739 1978 pro
2759 1923 2824 1963 eo
2851 1923 2914 1962 ac
2941 1910 3206 1977 scriptum
3240 1915 3323 1962 est
3351 1925 3364 1962 :
3401 1906 3629 1962 Πεθρω-

2041 2001 2122 2054 dit
2159 2000 2434 2070 fratruelis
2469 2017 2620 2054 meus
2648 2000 2705 2053 in
2744 2001 2958 2053 hortum
2988 2015 3142 2054 suam
3165 2000 3209 2052 ‘.
3239 2001 3305 2053 At
3335 1997 3588 2052 Salvator
3613 2016 3626 2052 :

2050 2092 2240 2156 Hodie,
2278 2091 2476 2162 inquit,
2511 2106 2714 2144 mecum
2743 2090 2847 2144 eris
2880 2091 2933 2143 in
2971 2088 3224 2158 paradiso
3256 2088 3296 2142 ³.

2117 2182 2227 2236 LV.
2267 2181 2472 2248 Quodsi
2531 2195 2801 2250 nusquam
2831 2187 2915 2236 est
2942 2183 2996 2235 in
3025 2188 3169 2233 terra
3201 2179 3510 2249 paradisus,
3538 2193 3632 2234 nc-

2042 2287 2148 2343 que
2184 2287 2309 2326 vera
2343 2281 2490 2333 sunt,
2521 2287 2643 2341 qua:
2677 2271 2730 2324 in
2766 2269 2962 2323 Genesi
2994 2269 3366 2333 continentur,
3405 2271 3502 2324 sed
3547 2270 3630 2323 al-

2043 2359 2280 2430 legorice
2312 2358 2603 2413 dicuntur:
2630 2357 2764 2411 nihil
2791 2357 3053 2426 deinceps
3079 2373 3421 2427 consequens
3437 2373 3501 2412 ac
3538 2373 3631 2414 ve-

2044 2451 2193 2505 ritati
2241 2459 2674 2506 consentaneum
2717 2450 2840 2515 erit,
2890 2448 2983 2503 sed
3031 2447 3098 2502 ad
3146 2447 3463 2517 allegoriam
3509 2447 3632 2502 uni-

2043 2557 2202 2598 versa
2233 2540 2661 2596 transferuntur.
2711 2539 2777 2594 In
2819 2539 3082 2608 principio
3137 2539 3284 2592 enim
3335 2538 3456 2605 fecit
3487 2537 3630 2592 Deus

2045 2633 2229 2688 caelum
2265 2641 2314 2686 et
2351 2642 2548 2687 terram
2572 2633 2628 2700 ⁸;
2662 2647 2784 2702 qua:
2813 2647 2922 2685 non
2957 2631 3246 2700 allegorice
3280 2628 3587 2698 signiﬁcata
3612 2667 3628 2694 ,

2046 2723 2141 2781 sed
2175 2724 2530 2796 aspectabilia
2575 2731 2724 2780 sunt.
2763 2722 2903 2778 Tum
2939 2722 3366 2786 ﬁrmamentum,
3413 2721 3631 2792 inquit,

2045 2826 2101 2872 et
2141 2832 2309 2882 mare,
2360 2817 2642 2887 germina,
2682 2816 2930 2880 arbores,
2977 2815 3196 2881 herbas,
3233 2829 3479 2884 gramen,
3516 2814 3634 2868 ani—

2045 2907 2242 2974 malta,
2292 2908 2504 2978 pisces,
2556 2923 2717 2972 aves,
2766 2916 2963 2966 caetera
3013 2906 3251 2976 denique
3288 2921 3409 2976 quae
3457 2906 3633 2960 oculis

2047 3006 2387 3068 usurpantur
2421 3015 2485 3054 ac
2510 3015 2571 3055 re
2593 3015 2720 3054 vera
2750 2999 3013 3070 producta
3044 3006 3202 3062 sunt,
3258 3007 3420 3068 atque
3451 2997 3634 3051 homi-

2047 3105 2205 3153 nem,
2263 3106 2424 3160 quem
2475 3106 2663 3146 revera
2712 3091 2988 3160 produxit.
3045 3088 3204 3143 llunc
3251 3089 3418 3160 igitur
3468 3103 3632 3158 quem

352 3168 491 3222 Θεοῦ
519 3170 598 3222 δέ.
626 3170 718 3241 Μὴ
741 3171 1110 3241 περιεργάζου
1123 3170 1236 3242 (65)
1258 3172 1318 3226 δὲ
1345 3172 1440 3226 τοῦ
1463 3173 1598 3226 Θεοῦ
1619 3173 1938 3246 δωρήματα,

2049 3178 2334 3242 formarat,
2373 3179 2424 3232 in
2455 3180 2710 3249 paradiso
2749 3180 3059 3241 collocavit,
3101 3193 3227 3232 cum
3265 3179 3411 3232 hunc
3449 3179 3631 3248 ipsum

353 3259 421 3313 τὰ
444 3259 590 3314 κατὰ
619 3261 778 3334 χάριν
822 3260 900 3332 τῷ
937 3262 1211 3334 ἀνθρώπῳ
1254 3263 1535 3334 δεδομένα.
1587 3264 1702 3317 Οὐκ
1741 3265 1938 3335 ἀρνού-

359 3350 496 3418 μεθα
521 3349 636 3419 (66)
662 3351 872 3414 πάντας
894 3351 1216 3423 ἀνθρώπους
1238 3348 1382 3406 εἶναι
1403 3354 1525 3406 κατ’
1549 3353 1734 3407 εἰκόνα
1765 3353 1902 3406 Θεοῦ
1924 3370 1937 3384 ·

359 3441 417 3494 τὸ
439 3442 497 3494 δὲ
522 3441 645 3506 πῶς
677 3443 739 3496 οὐ
774 3445 1253 3515 περιεργαζόμεθα
1280 3446 1342 3498 τὸ
1371 3447 1500 3500 κατ’
1534 3445 1761 3499 εἰκόνα.
1803 3443 1941 3498 Οὔτε

357 3533 464 3603 γὰρ
490 3533 556 3586 τὸ
583 3533 809 3605 πλάσμα
835 3535 1064 3606 νοοῦμεν
1089 3538 1208 3590 κατ’
1233 3536 1438 3602 εἰκόνα,
1463 3535 1587 3590 οὔτε
1613 3537 1712 3608 τὴν
1741 3536 1939 3608 ψυχὴν,

355 3623 482 3678 οὔτε
506 3625 600 3679 τὸν
628 3625 776 3689 νοῦν,
809 3625 934 3680 οὔτε
977 3627 1075 3698 τὴν
1107 3629 1309 3699 ἀρετήν
1329 3644 1345 3660 ο
1398 3627 1572 3681 πολλά
1597 3628 1707 3700 γάρ
1725 3632 1847 3683 ἐστι
1873 3627 1944 3681 τά

357 3717 640 3772 κωλύοντά
666 3736 734 3789 με
765 3718 946 3788 λέγειν
967 3736 982 3750 ⁸
1019 3720 1136 3773 ἀλλ’
1168 3720 1294 3774 οὔτε
1320 3719 1551 3790 λέγομεν
1582 3720 1644 3773 τὺ
1672 3719 1832 3790 σῶμα
1868 3720 1942 3791 μὴ

357 3805 498 3863 εἶναι
527 3812 649 3864 κατ’
671 3799 876 3875 εἰκόνα,
896 3811 1021 3864 οῦτε
1048 3812 1148 3883 τὴν
1171 3811 1366 3882 ψυχήν.
1398 3811 1614 3864 Πιστῶν
1637 3811 1694 3864 δὲ
1723 3811 1784 3864 τὸ
1815 3813 1943 3881 ὁμο-

357 3899 539 3968 λογεῖν
567 3899 664 3971 τὴν
693 3901 936 3973 Γραφὴν,
959 3901 1054 3954 καὶ
1078 3901 1154 3972 μὴ
1187 3900 1469 3972 ἀρνεῖσθαι
1491 3918 1506 3934 ο
1527 3901 1773 3955 ἀπίστων
1800 3901 1857 3955 δὲ
1880 3901 1942 3954 τὸ

357 3988 574 4043 ἀθετεῖν
599 3989 697 4060 τὴν
724 3990 904 4060 χάριν.
936 3991 1122 4042 Ἔστιν
1141 3985 1235 4043 οὖν
1264 3992 1322 4043 ὲν
1344 3988 1423 4060 τῷ
1446 3989 1716 4060 ἀνθρώπῳ
1736 3990 1798 4042 τὸ
1820 3990 1941 4044 κατ’

355 4080 565 4146 εἰκόνα,
596 4079 756 4144 αὐτὸς
784 4081 841 4134 δὲ
865 4078 1004 4134 οἶδεν
1023 4083 1052 4135 ὁ
1071 4081 1205 4144 Θεὸς
1232 4081 1292 4134 τὸ
1325 4081 1444 4144 πῶς
1476 4080 1641 4134 ἔστιν.
1680 4081 1806 4134 Ἐὰν
1832 4081 1942 4151 γὰρ

355 4171 539 4244 εἴπῃς,
569 4171 680 4226 Τὸν
705 4172 1022 4242 ἄνθρωπον
1049 4173 1300 4240 ἐποίησε
1326 4172 1452 4226 κατ’
1480 4173 1702 4236 εἰκόνα,
1736 4172 1832 4224 καὶ
1857 4189 1942 4224 νο-

359 4263 528 4336 μίσῃς
540 4257 680 4317 εἶναι
693 4264 754 4318 τὸ
776 4263 956 4335 σῶμα,
983 4265 1012 4316 ὁ
1031 4264 1088 4317 δὲ
1105 4264 1239 4328 Θεὸς
1257 4265 1508 4335 ἀόρατος,
1534 4263 1940 4334 ἀκατάληπτος,

355 4355 744 4427 ἀπερινόητος·
774 4356 891 4427 (ὡς)
919 4357 980 4412 τὸ
998 4357 1192 4428 ὁρατὸν
1218 4357 1312 4411 καὶ
1336 4357 1684 4427 καιικλητπδν
1715 4356 1809 4410 καὶ
1835 4355 1942 4408 ὑπὸ

358 4447 508 4516 ἁφὴν
536 4447 828 4517 ἐμπίπτον,
859 4448 1024 4502 εἰκὼν
1053 4447 1206 4502 ἔσται
1237 4448 1330 4502 τοῦ
1355 4448 1587 4519 ἀοράτου
1620 4448 1714 4500 καὶ
1737 4447 1943 4510 ἀκατα-

2049 3268 2324 3322 hominem
2361 3283 2520 3323 suam
2562 3268 2627 3322 ad
2666 3269 2956 3338 imaginem
3005 3267 3244 3331 fecisset,
3298 3267 3587 3336 imaginem
3616 3306 3631 3330 ,

2046 3358 2292 3428 inquam,
2326 3358 2443 3414 Dei.
2477 3357 2557 3412 Tu
2589 3373 2719 3413 vero
2753 3357 2896 3411 dona
2933 3356 3024 3412 Dci
3055 3357 3332 3411 curiosius
3361 3371 3495 3410 cave
3518 3371 3635 3425 per-

2045 3449 2332 3515 scruteris,
2380 3465 2503 3519 quae
2550 3450 2754 3503 homini
2806 3448 2901 3503 Dei
2953 3448 3124 3519 gratia
3160 3463 3426 3504 concessa
3481 3455 3632 3503 sunt.

2045 3537 2162 3592 Non
2211 3554 2474 3609 negamus
2526 3539 2777 3593 homines
2824 3553 3018 3592 omnes
3065 3538 3133 3592 ad
3188 3538 3480 3608 imaginem
3539 3535 3639 3590 Dei

2045 3645 2166 3687 esse
2213 3630 2407 3686 factos.
2449 3629 2737 3697 Quomodo
2781 3645 2910 3684 vero
2953 3631 3133 3698 imago
3182 3631 3272 3683 illa
3319 3631 3638 3699 accipienda

2045 3721 2138 3785 sit,
2169 3737 2276 3774 non
2311 3721 2602 3776 admodum
2639 3722 2992 3791 inquirimus.
3032 3721 3218 3792 Neque
3246 3723 3392 3776 enim
3428 3722 3634 3774 formas

2046 3822 2160 3868 tum
2193 3813 2372 3885 ipsum
2404 3828 2605 3883 corpus
2640 3813 2707 3867 ad
2747 3814 3041 3882 imaginem
3086 3828 3210 3867 esse
3238 3812 3508 3876 dicimus;
3540 3826 3634 3864 ne~

2045 3918 2152 3972 que
2178 3903 2321 3958 hanc
2349 3904 2404 3956 in
2435 3903 2619 3957 anima
2651 3943 2666 3968 ,
2691 3905 2777 3958 vel
2809 3912 3012 3966 mente,
3048 3905 3130 3958 vel
3163 3905 3362 3958 virtute
3391 3905 3630 3957 colloca-

2044 4010 2214 4050 mus:
2268 3994 2438 4048 multa
2480 3994 2680 4064 quippe
2720 4002 2850 4050 sunt
2897 4010 3017 4063 quae
3059 3995 3109 4048 id
3161 4010 3409 4049 asserere
3458 3993 3634 4062 prohi-

2045 4085 2226 4151 beant,
2259 4083 2356 4139 sed
2400 4099 2579 4152 neque
2611 4100 2848 4154 corpus,
2886 4101 3062 4153 neque
3096 4085 3331 4138 animam
3377 4083 3444 4137 ad
3493 4085 3632 4136 ima-

2045 4173 2224 4242 ginem
2256 4187 2377 4227 esse
2403 4187 2689 4241 negamus.
2722 4171 2987 4227 Fidelium
3019 4187 3182 4240 porro
3210 4180 3296 4226 est
3327 4172 3635 4240 Scriptura-

2046 4279 2168 4318 rum
2201 4263 2484 4318 veritatem
2517 4279 2623 4316 non
2652 4263 2905 4327 inllciari,
2959 4265 3054 4318 sed
3097 4264 3332 4333 ingenue
3364 4264 3629 4332 proﬁteri,

2046 4353 2506 4425 quemadmodum
2569 4355 2868 4408 inﬁdelium
2909 4363 2995 4410 cst
3044 4355 3335 4424 repudiare
3375 4357 3630 4425 gratiam.

2047 4446 2394 4517 Quapropter
2440 4446 2583 4502 inest
2624 4446 2841 4516 quidem
2885 4447 2937 4500 in
2987 4447 3205 4500 homine
3243 4447 3376 4500 illud
3414 4447 3630 4515 ipsum.

355 4539 567 4609 λήπυου
613 4541 720 4593 Καὶ
741 4539 839 4595 ἐὰν
857 4540 1040 4612 εἴπῃς,
1063 4539 1182 4594 Οὐκ
1203 4539 1402 4593 ἔστιτὸ
1424 4539 1584 4609 σῶμα
1599 4540 1717 4593 κατ’
1737 4538 1938 4592 εἰκόνα·

2049 4537 2194 4609 quod
2242 4537 2308 4592 ad
2351 4538 2641 4607 imaginem
2685 4554 3004 4607 expressum
3048 4538 3246 4592 dicitur
3275 4557 3286 4592 :
3318 4535 3632 4606 cujusmodi

360 4634 600 4696 Ἕλοϐε,
632 4633 785 4704 φησὶ,
817 4633 970 4703 χοῦν
997 4633 1107 4704 (67)
1127 4633 1247 4687 ἀπὸ
1271 4633 1382 4702 τῆς
1409 4632 1544 4702 γῆς,
1579 4633 1680 4686 καὶ
1705 4631 1941 4686 ἔπλασε

358 4723 471 4779 τὸν
496 4725 808 4793 ἄνθρωπον
826 4742 840 4756 ⁸
888 4727 984 4778 καὶ
1019 4725 1306 4796 ἄνθρωπον
1337 4725 1492 4779 καλεῖ
1525 4725 1584 4778 τὸ
1613 4724 1814 4796 χοῖκὸν,
1850 4725 1943 4778 καὶ

431 4883 452 4916 ⁸
491 4900 581 4953 γρ.
614 4882 693 4937 ἔτι
723 4884 835 4938 καί.
912 4886 932 4915 ³
961 4883 1121 4937 Cant.
1155 4899 1226 4950 νι,
1259 4883 1307 4936 1.

2051 4644 2182 4686 vero
2213 4630 2286 4686 sit
2310 4629 2462 4694 illud,
2498 4630 2599 4685 soli
2644 4630 2754 4686 Deo
2782 4631 3062 4701 cognitum
3093 4638 3197 4685 est.
3242 4629 3378 4682 Nam
3411 4629 3457 4684 si
3489 4628 3649 4681 dixe-

2051 4725 2131 4778 ris
2168 4723 2444 4778 hominem
2476 4723 2542 4777 ad
2579 4722 2868 4795 imaginem
2909 4739 3034 4780 esse
3079 4723 3170 4778 Dei
3209 4721 3436 4786 factum,
3487 4734 3639 4776 eam-

1387 4884 1406 4914 ³
1445 4881 1579 4936 Luc.
1611 4897 1768 4947 xxiii,
1803 4882 1892 4936 45.
1969 4881 1990 4914 δ
2023 4879 2159 4936 Gen.
2193 4897 2230 4948 ι,
2265 4882 2286 4934 l
2325 4897 2448 4952 sqq.

429 5038 545 5110 (65)
567 5038 675 5111 Mi:
706 5040 1118 5111 περιεργάζου,
1152 5048 1258 5094 etc.
1309 5037 1588 5111 Superiori
1622 5052 1851 5111 numero
1879 5036 1946 5111 ιβ
2047 5045 2254 5092 sentem
2293 5041 2514 5111 tractat.
2567 5034 2692 5088 Vult
2720 5034 2986 5111 sollicitos
3022 5048 3122 5089 nos
3158 5049 3280 5090 esse
3316 5051 3423 5111 non
3463 5051 3635 5111 oport-

356 5105 504 5167 idém
528 5105 930 5165 documentum
963 5112 1252 5165 insinuans
1295 5105 1542 5171 dixerat,
1602 5108 1677 5178 μὴ
1702 5106 1854 5176 ζήτει
1877 5106 1947 5160 τὰ
2045 5116 2182 5178 tere,
2216 5113 2283 5178 ut
2313 5105 2703 5178 investigemus
2743 5105 2807 5178 in
2832 5119 2963 5173 quo,
2995 5113 3090 5178 al".
3129 5105 3404 5178 quomodo
3432 5106 3502 5160 sit
3529 5106 3632 5178 Dei

359 5182 440 5264 μὴ
466 5179 949 5264 ζητούμενατγίμο
973 5198 1093 5251 qua:
1118 5182 1313 5264 dahae
1341 5179 1543 5264 ingenii
1569 5179 1944 5264 moderatione

358 5250 612 5321 iii—rebus
641 5250 941 5321 'thcologire
971 5250 1256 5307 versandis
1301 5250 1593 5304 utilissima
1641 5262 1795 5314 sane,
1833 5264 1943 5302 non

357 5320 533 5395 semel
560 5321 612 5374 in
635 5320 1011 5395 superioribus
1042 5323 1396 5395 monuimus:
1604 5388 1616 5395 _
1652 5387 1662 5395 _
1799 5385 1810 5395 ο

431 5392 542 5460 (66)
578 5387 1080 5461 Οὐκ-ἀρνούμεθα,
1109 5402 1218 5446 etc.
1247 5391 1528 5443 Hominem
1551 5388 1617 5441 ad
1652 5387 1941 5461 imaginem

363 5461 454 5517 Dei
485 5457 606 5518 eese
630 5457 838 5515 factum
871 5457 1127 5517 Ecclesia:
1157 5462 1450 5516 traditione
1479 5464 1820 5526 compertum
1847 5457 1943 5509 ha—

361 5534 571 5598 bemus,
591 5533 1052 5601 quemadmodum
1077 5530 1462 5601 animadvertit
1492 5525 1942 5601 n0sterLEpipha-

359 5604 483 5658 nius
521 5595 574 5657 in
607 5595 799 5656 barresi
838 5602 926 5663 70,
969 5618 1090 5670 qua:
1126 5611 1212 5656 est
1249 5600 1646 5662 Audianorum,
1675 5595 1765 5670 Dei
1811 5598 1945 5670 ima:

358 5674 534 5742 ginem
565 5674 618 5726 in
647 5672 889 5726 hominis
912 5667 1598 5742 corporeagnoscentimn,
1623 5669 1767 5736 quod
1790 5667 1942 5742 gravi

356 5733 714 5816 Estpericulo
745 5733 1062 5816 obnoxium.
1114 5733 1285 5816 Eo'in
1325 5741 1448 5816 loco
1480 5739 1583 5794 sub
1613 5733 1856 5791 numeris
1884 5733 1939 5800 2,

354 5819 407 5888 3,
429 5811 542 5873 "et
563 5815 624 5882 5,
649 5813 902 5884 pluribus
933 5829 1098 5885 quam
1149 5813 1236 5868 hic
1275 5812 1332 5867 in
1356 5811 1624 5866 Ancorato
1659 5822 1774 5864 rem
1805 5820 1944 5877 prae-

2045 5177 2224 5246 imago
2274 5176 2327 5229 in
2375 5169 2593 5246 homine
2633 5169 2954 5229 constituta.
3016 5169 3080 5227 Et
3132 5169 3254 5229 ideo
3296 5191 3486 5229 omnes
3525 5176 3635 5229 fere

2037 5245 2312 5300 memorat
2343 5245 2631 5314 opiniones
2659 5260 2779 5312 qua:
2805 5260 2866 5298 ea
2893 5246 2959 5300 de
2989 5260 3046 5300 re
3073 5262 3169 5300 sua
3206 5255 3364 5299 :elatc
3389 5245 3631 5298 circum-

2043 5316 2379 5378 ferebantur,
2434 5329 2733 5384 omnesque
2764 5315 2992 5379 refellit;
3027 5317 3173 5383 quod
3206 5317 3328 5369 licet
3359 5315 3632 5384 pauciori-

2041 5385 2144 5440 bus
2175 5392 2229 5439 et
2270 5386 2355 5437 hic
2392 5393 2611 5453 przcstat
2642 5389 2694 5438 in
2725 5387 3010 5439 Ant-orato.

2117 5456 2230 5526 (67)
2267 5452 2508 5519 Ἔλαϐεν,
2545 5456 2719 5522 φησὶ,
2749 5456 2921 5523 χοῦν,
2957 5465 3062 5507 clc.
3097 5454 3175 5508 Eo
3207 5455 3498 5526 utebantur
3524 5452 3631 5506 Ge-

2044 5523 2240 5580 ncseos
2292 5525 2604 5579 testimonio
2639 5526 2896 5585 Audiani,
2935 5534 2990 5576 ut
3019 5533 3319 5577 statuerent
3359 5523 3449 5574 Dei
3491 5525 3628 5574 ima-

2045 5598 2224 5664 ginem
2262 5611 2384 5651 esse
2412 5595 2570 5648 sitam
2600 5597 2652 5648 in
2681 5596 2915 5648 hominis
2943 5611 3194 5664 corpore.
3231 5594 3364 5647 Vide
3396 5593 3630 5660 l‘lpiplta~

2045 5663 2196 5720 nium
2225 5673 2523 5720 memorata
2561 5683 2733 5735 nuper
2760 5665 2812 5716 in
2837 5665 3034 5735 liawcsi
3069 5663 3155 5716 70.
3216 5665 3505 5735 Explorata
3541 5678 3628 5735 res

2043 5735 2336 5798 est,eodem
2361 5731 2674 5790 testimonio
2699 5733 2846 5787 abuti
2876 5736 3249 5804 consuevissr,
3276 5731 3370 5805 qui
3393 5731 3634 5788 errando

2042 5805 2296 5863 dicebant
2331 5805 2498 5862 Deum
2529 5822 2649 5860 esse
2680 5818 3020 5873 corporeum.
