3950 6426
350 459 454 513 115

1754 464 1810 520 S.
1854 465 2195 522 ΕΡΙΡΙΙΛΝΙΙ

3506 478 3612 536 Ηὸ

341 592 448 646 qne
474 590 703 645 corpore
731 575 1046 644 deﬁnieris;
1084 595 1206 633 cum
1236 579 1377 635 Deus
1403 596 1579 649 neque
1605 581 1774 636 videri
1799 599 1922 638 ocu-

2049 585 2310 656 ἱνθρωπον
2343 585 2499 640 καλεῖ
2523 587 2600 676 τὸ.
2617 586 2845 656 ψυχικόν
2864 604 2877 617 ·
2937 563 3308 657 Ἐνεςβύσησε
3339 592 3470 664 γὰρ,
3501 611 3612 665 φη-

343 669 435 728 lis,
465 685 639 739 neque
665 671 1077 741 comprehendi,
1121 689 1299 742 neque
1328 674 1679 744 intelligentia
1707 677 1922 746 concipi

339 763 514 832 possit
547 780 560 816 :
593 761 738 832 quod
767 763 938 832 aSpici
981 765 1476 834 comprehendiqne
1533 776 1709 835 potest
1761 776 1924 836 atque

337 861 487 908 tartn
539 854 781 924 percipi,
851 855 972 923 ejus
1017 856 1160 922 quod
1212 857 1382 910 videri
1427 859 1923 928 comprehendique

340 947 550 1015 nequit,
572 947 751 1017 imago
768 949 1045 1000 statuitur.
1066 949 1132 1000 At
1150 948 1191 1001 si
1213 947 1440 1009 dixeris,
1464 964 1572 1003 non
1593 965 1713 1002 esse
1727 965 1923 1019 corpus

342 1037 409 1090 ad
459 1037 747 1107 imaginem
798 1054 1140 1109 expressum,
1185 1041 1367 1092 statim
1410 1039 1542 1092 illud
1597 1041 1744 1108 quod
1787 1041 1924 1095 scri-

342 1137 494 1196 ptum
543 1137 626 1184 est
675 1138 967 1184 occurret:
1001 1130 1244 1197 Accepit,
1297 1130 1511 1198 inquit,
1551 1131 1813 1198 pulverem
1861 1131 1924 1184 de

2033 679 2136 741 σὶν,
2173 681 2258 742 εἰς
2296 678 2361 731 τὸ
2393 679 2716 745 πρόσωπον
2748 679 2954 745 αὐτοῦ,
2995 681 3091 733 καί
3126 680 3361 751 ἐγένετο
3393 683 3617 751 ἀνθρω-

2031 784 2144 835 πος
2190 773 2275 835 εἰς
2318 769 2530 838 ψυχὴν
2559 768 2771 829 ζῶσαν.
2823 769 3058 840 Κτιστὴν
3081 770 3136 823 δὲ
3169 771 3266 842 τὴν
3294 771 3472 843 ψυχὴν
3521 774 3616 827 καὶ

2032 864 2092 915 τὸ
2122 862 2277 931 σῶμα
2304 862 2553 931 νοοῦμεν.
2604 862 2726 924 Πῶς
2762 863 3022 932 xciet-ﬁxi;
3073 864 3451 932 Ἐνεφύσησε
3479 864 3613 936 γὰρ,

2032 952 2161 1020 ψησί
2183 968 2195 981 -
2230 953 2320 1004 καὶ
2346 951 2470 1004 οὔτε
2505 952 2666 1023 μέρος
2697 951 2832 1004 Θεοῦ
2857 952 3090 1023 λέγομεν
3114 949 3252 1006 εἶναι
3280 953 3377 1024 τὴν
3410 952 3612 1022 ψυχὴν,

2030 1041 2151 1093 οὔτε
2178 1040 2454 1112 ἀλλότριον
2476 1042 2567 1094 τοῦ
2609 1043 3017 1111 ὲμφυσήματος.
3059 1043 3181 1105 Πῶς
3213 1043 3271 1096 δὲ
3319 1043 3380 1096 τὸ
3419 1041 3617 1096 λεπτὸν

2030 1131 2189 1183 τοῦτο
2218 1135 2442 1194 νοεῖται,
2477 1132 2594 1201 Θεῴ
2625 1134 2769 1203 μόνῳ
2797 1133 3079 1200 ἔγνωσται.

347 1236 511 1286 terra,
540 1233 588 1277 et
616 1223 865 1292 formavit
902 1223 1162 1275 hominem
1190 1223 1227 1276 '.
1259 1222 1438 1288 Quare
1467 1230 1575 1275 tam
1607 1223 1659 1276 id
1689 1223 1832 1292 quod
1862 1238 1928 1276 ex
1960 1222 2127 1276 humo
2165 1224 2481 1286 formatum,
2514 1241 2678 1294 quam
2717 1225 2863 1294 quod
2906 1226 3086 1277 anima
3150 1221 3433 1292 pneditum
3493 1233 3615 1285 est.

343 1321 578 1392 appellat
625 1320 920 1373 hominem.
957 1317 1246 1385 Inspiravit
1288 1317 1454 1380 enim,
1500 1319 1704 1387 inquit,
1749 1318 1802 1369 in
1838 1317 2028 1385 faciem
2062 1320 2210 1386 ejus,
2245 1329 2290 1371 et
2319 1318 2492 1386 [actus
2524 1330 2598 1371 est
2652 1319 2804 1372 homo
2871 1319 2926 1372 in
2987 1321 3220 1372 animam
3285 1319 3535 1372 viventem
3569 1317 3616 1371 '.

341 1411 516 1465 Porro
563 1424 799 1467 creatam
837 1413 1073 1466 animam
1131 1414 1300 1483 ipsam
1350 1411 1576 1481 perinde
1621 1427 1684 1465 ac
1731 1428 1933 1481 corpus
1974 1413 2348 1481 intelligimus.
2384 1412 2668 1477 Quomodo
2701 1414 2986 1467 creatam?
3019 1413 3345 1482 lnspiravit,
3410 1411 3609 1480 inquit.

337 1501 524 1573 Neque
555 1519 681 1558 vero
715 1512 920 1573 partem
951 1519 1071 1558 esse
1105 1502 1196 1556 Dei
1235 1513 1489 1572 putamus
1520 1504 1778 1564 animam,
1810 1519 1985 1572 neque
2016 1505 2086 1556 ab
2143 1505 2262 1571 ejus
2284 1503 2435 1556 modi
2471 1505 2826 1572 inspiratione
2896 1514 3154 1574 tanquam
3220 1503 3453 1557 alienam
3525 1516 3618 1558 re-

337 1595 582 1664 jicimus.
607 1593 1076 1660 Quemadmodum
1102 1610 1232 1648 vero
1262 1594 1459 1648 subtile
1485 1595 1628 1648 istud
1658 1595 2035 1662 accipiendum
2071 1596 2163 1660 sit,
2196 1595 2296 1648 soli
2336 1604 2418 1649 est
2452 1593 2559 1648 Deo
2588 1602 2955 1664 perspectum.

413 1708 522 1779 59
544 1706 676 1760 LVI.
719 1705 828 1760 Nos
859 1714 1039 1759 antem
1079 1706 1196 1759 sine
1225 1705 1544 1758 curiositate
1575 1715 1737 1774 atque
1770 1707 1915 1770 fuco,

347 1803 454 1855 Deo
472 1800 564 1868 qui
589 1799 786 1866 ubique
809 1813 970 1850 verus
991 1804 1094 1854 est,
1119 1795 1442 1848 adhibemus
1467 1795 1644 1848 tidem.
1670 1795 1747 1848 Tu
1771 1811 1920 1857 vero,

2101 1708 2245 1772 NQ".
2295 1707 2482 1776 Ἡμεῖς
2522 1707 2577 1759 δὲ
2625 1707 2973 1777 ἀπεριέργως
2994 1707 3106 1776 (C8)
3139 1709 3234 1762 καὶ
3271 1710 3622 1782 ἀκακουργή-

2032 1812 2140 1858 τως
2170 1795 2494 1864 πιστεύομεν
2510 1795 2587 1865 τῷ
2613 1795 2733 1865 Θεῷ
2758 1796 3078 1865 ἀληθεύοντι
3106 1800 3163 1850 ὲν
3188 1801 3342 1853 πᾶσι.
3392 1802 3501 1852 Καὶ
3521 1801 3620 1855 ἐὰν

345 1892 392 1945 si
423 1891 660 1943 animam
683 1890 748 1942 ad
774 1889 1062 1956 imaginem
1087 1887 1176 1940 Dei
1207 1902 1329 1941 esse
1349 1888 1624 1949 statueris,
1643 1902 1765 1940 cum
1791 1888 1928 1957 Apo-

2049 1887 2187 1957 ;ἶπῃς
2201 1886 2282 1938 ὅτι
2303 1888 2334 1954 ἡ
2356 1886 2499 1955 ψυχή
2523 1888 2636 1937 ὲστι
2663 1887 2723 1938 τὸ
2745 1889 2861 1939 κατ’
2876 1887 3078 1951 εἰκόνα,
3095 1888 3340 1955 λέγοντος
3356 1888 3448 1942 τοῦ
3464 1891 3624 1943 Ἀπο-

347 1981 524 2036 stolas
565 1987 806 2042 asserat,
858 1976 1036 2028 Vivum
1064 1992 1176 2029 esse
1214 1975 1310 2028 Dei
1351 1993 1641 2029 sermonem
1683 1988 1731 2031 et
1768 1979 1930 2046 eﬂica-

347 2090 478 2136 cem,
513 2089 574 2124 ac
601 2071 1057 2140 penetrabiliorem
1085 2071 1225 2122 omni
1251 2070 1430 2138 gladio
1463 2072 1702 2139 ancipiti,
1731 2082 1779 2126 et
1808 2089 1930 2140 per-

351 2167 628 2235 tingentem
651 2180 813 2232 usque
828 2162 897 2215 ad
915 2163 1192 2216 divisiones
1212 2164 1405 2215 animo:
1421 2163 1440 2192 ³
1462 2182 1474 2217 ;
1501 2165 1542 2217 si
1570 2165 1735 2233 igitur
1749 2167 1929 2217 anima

348 2257 647 2311 divisiones
679 2254 861 2317 habet,
908 2253 1049 2308 Dens
1076 2269 1204 2306 vero
1250 2253 1517 2308 indivisus
1542 2263 1624 2308 est
1651 2273 1664 2320 ;
1693 2255 1759 2308 ad
1794 2256 1931 2308 ima-

347 2351 527 2420 ginem
560 2347 743 2401 anima
773 2362 894 2401 esse
917 2346 1006 2415 qni
1034 2345 1246 2414 potest?
1275 2343 1392 2398 Non
1424 2347 1566 2399 enim
1596 2362 1716 2415 qua:
1749 2347 1928 2400 futura

349 2449 476 2496 sunt
513 2439 666 2493 novit
717 2439 930 2504 anima;
982 2436 1123 2490 Deus
1167 2445 1345 2490 autem
1393 2437 1576 2490 omnia
1624 2440 1924 2507 cognoscit.

347 2533 483 2587 ltem
512 2531 761 2600 corporis
790 2530 1062 2582 anteriora
1087 2530 1384 2591 cernimus,
1417 2532 1721 2598 posteriora
1752 2533 1931 2584 nesci-

349 2637 496 2676 mus.
527 2622 690 2689 Atqui
716 2621 761 2674 si
789 2620 1025 2671 animam
1055 2617 1119 2670 ad
1154 2618 1442 2687 imaginem
1475 2635 1598 2672 esse
1622 2619 1927 2688 negaveris,

350 2712 679 2783 repugnabit
708 2710 837 2764 illud
867 2711 1008 2779 quod
1042 2709 1278 2761 animam
1309 2710 1596 2778 appellarit
1632 2711 1929 2776 hominem,

351 2821 417 2861 ac
439 2814 548 2859 tam
577 2806 753 2858 anima
775 2819 937 2872 quam
964 2818 1160 2870 corpus
1187 2802 1348 2856 homo
1371 2807 1460 2858 sit.
1492 2803 1558 2856 At
1581 2805 1726 2859 enim
1755 2821 1929 2870 mens,

352 2897 598 2968 inquies,
641 2896 705 2949 ad
749 2895 1033 2963 imaginem
1061 2897 1171 2970 erit
1199 2910 1479 2962 expressa.
1528 2893 1730 2948 Verum
1781 2896 1932 2949 Scri-

352 2999 512 3062 ptura
553 2989 632 3042 sic
669 2987 908 3055 loquitur
937 3005 949 3039 :
989 2985 1146 3038 Video
1176 2986 1330 3053 legem
1366 2986 1526 3038 aliam
1560 2997 1932 3054 repugnantem

2035 1977 2338 2040 στόλου,ὃτι
2362 1975 2492 2028 Ζῶν
2521 1979 2553 2028 d
2585 1977 2774 2044 Λόγος
2802 1976 2905 2029 τοῦ
2928 1978 3074 2030 Θεοῦ
3101 1979 3196 2031 καὶ
3221 1979 3490 2048 ἐνεργὴς,
3520 1981 3621 2034 καὶ

2029 2067 2352 2136 τομώτερος
2372 2068 2541 2119 ἐστιν
2569 2067 2720 2133 ὑπὲρ
2747 2065 2954 2120 πᾶσαν
2969 2067 3269 2135 μάχαιραν
3294 2068 3614 2138 δίστομον,

2031 2161 2127 2213 καὶ
2167 2159 2577 2228 διικνούμενος
2621 2158 2758 2226 ἄχρι
2802 2158 3106 2226 μερισμῶν
3128 2160 3237 2228 (69)
3269 2159 3515 2227 ¹ψυχῆς·
3569 2161 3623 2213 εἰ

2030 2257 2206 2308 τοίνυν
2238 2255 2538 2323 μερισμοὺς
2571 2252 2683 2322 ἔχει
2706 2254 2739 2321 ἡ
2773 2251 2915 2322 ψυχὴ
2944 2253 3078 2321 (70),
3126 2255 3154 2306 6
3179 2253 3309 2315 Θεὸς
3336 2253 3392 2305 δὲ
3417 2253 3622 2324 ἀμέρι-

2033 2348 2156 2409 στός
2187 2348 2321 2410 ἐστι,
2357 2346 2474 2407 πῶς
2495 2345 2718 2398 δύναται
2752 2347 2785 2414 ἡ
2819 2345 2966 2414 ψυχὴ
3001 2341 3140 2398 εἶναι
3169 2345 3229 2398 τὸ
3257 2344 3376 2396 κατ’
3401 2346 3620 2410 εἰκόνας

2031 2439 2092 2490 οὔ
2119 2438 2228 2507 γὰρ
2271 2434 2378 2490 οἶδε
2409 2437 2467 2489 τὸ
2501 2437 2690 2506 μέλλον
2734 2439 2766 2506 ἡ
2813 2437 2980 2507 ψυχὴ,
3011 2437 3038 2488 6
3081 2436 3212 2500 Θεὸς
3241 2436 3298 2488 δὲ
3342 2437 3409 2490 τὰ
3439 2437 3623 2491 πάντα

2031 2525 2158 2591 οἶδε,
2179 2529 2272 2582 καὶ
2294 2530 2558 2598 βλέπομεν
2585 2529 2650 2580 τὰ
2670 2528 2976 2598 ἔμπροσθεν
2995 2527 3087 2579 τοῦ
3115 2526 3384 2597 σώματος,
3405 2528 3473 2579 τὰ
3498 2544 3626 2580 κατ·

2032 2622 2156 2674 όπιν
2199 2621 2539 2688 ἀγνοοῦντες.
2607 2622 2716 2672 Καὶ
2759 2620 2853 2672 ἐὰν
2906 2621 3065 2691 εἴπῃς
3111 2620 3193 2671 ὅτι
3243 2619 3342 2671 οὐκ
3389 2619 3540 2671 ἐστιν
3586 2620 3620 2688 ἡ

2032 2713 2176 2781 ψυχὴ
2192 2713 2243 2780 (7
2261 2714 2274 2763 Ι
2289 2711 2329 2776 ),
2353 2711 2568 2774 πάντως
2590 2712 2684 2763 καὶ
2703 2713 2801 2782 τὴν
2821 2711 2997 2780 ψυχὴν
3015 2709 3302 2780 ἄνθρωπον
3321 2711 3621 2780 κέκληκεν,

2036 2802 2293 2871 καὶψυχὴ
2325 2804 2418 2854 καὶ
2452 2803 2611 2870 σῶμά
2634 2803 2782 2854 ἐστιν
2813 2802 3118 2872 ἄνθρωπος.
3160 2801 3300 2854 Ἀλλ’
3323 2805 3499 2865 εἴποις
3533 2804 3625 2856 τὸν

2037 2894 2162 2946 νοῦν
2193 2890 2329 2947 εἶναι
2359 2895 2470 2961 (7'2)
2500 2894 2560 2946 τὸ
2582 2895 2699 2945 κατ’
2731 2894 2914 2946 εἰκόνα
2935 2911 2948 2924 ο
2981 2893 3130 2960 λέγει
3163 2895 3195 2963 ἡ
3227 2893 3437 2964 Γραφὴ.
3487 2894 3627 2962 Ὀρῶ

2035 2987 2224 3053 νόμον
2250 2985 2458 3051 ἕτερον
2490 2985 3103 3053 ἀντιστρατευόμενον
3153 2984 3223 3036 ὲν
3263 2984 3378 3050 τοῖς
3401 2985 3627 3053 μέλεσι

351 3084 406 3136 in
441 3080 687 3134 membris
722 3081 847 3132 meis
872 3119 886 3141 ,
923 3090 971 3132 et
1021 3080 1070 3130 in
1119 3078 1471 3144 captivitatem
1512 3077 1823 3146 red'gentem
1857 3095 1936 3131 me

2049 3096 2170 3141 ιιου,
2212 3077 2307 3128 καὶ
2358 3075 2861 3144 αῖχμαλωτίζοντά
2910 3092 2989 3143 με
3044 3075 3114 3126 ἐν
3149 3074 3230 3138 τῷ
3269 3076 3371 3127 νοΐ
3391 3093 3515 3143 μου
3545 3073 3628 3140 τῷ

351 3179 408 3230 in
439 3184 602 3230 mente
631 3193 743 3230 mea
773 3175 868 3228 sub
904 3174 1105 3241 peccati
1148 3174 1305 3242 legem
1340 3187 1457 3241 qua:
1484 3182 1563 3225 est
1607 3173 1659 3224 in
1690 3172 1934 3226 membris

2049 3170 2199 3235 νόμῳ
2227 3167 2334 3234 τῆς
2365 3167 2654 3234 ἁμαρτίας
2688 3165 2766 3230 τῷ
2801 3166 2928 3219 ὄντι
2961 3166 3031 3217 ἐν
3071 3165 3195 3230 τοῖς
3226 3165 3441 3234 μέλεσι
3481 3183 3625 3234 μου.

351 3269 480 3320 meis
504 3268 544 3322 ".
583 3266 737 3330 Quod
773 3266 935 3334 igitur
976 3265 1028 3316 in
1077 3264 1448 3331 captivitatem
1493 3261 1777 3330 redigitur,
1823 3276 1933 3314 non

353 3359 420 3412 ad
462 3358 748 3425 imaginem
782 3355 888 3408 dici
917 3362 1111 3423 potest.
1145 3353 1225 3405 Ad
1251 3353 1365 3406 haec
1392 3370 1404 3404 :
1434 3351 1702 3415 Psallam,
1735 3353 1932 3422 inquit,

354 3459 543 3512 mente,
577 3449 804 3518 psallam
839 3449 1025 3514 spiritu
1059 3448 1101 3498 ³.
1141 3445 1259 3498 Jam
1296 3446 1342 3499 si
1375 3446 1430 3498 in
1471 3446 1667 3499 virtute
1704 3447 1935 3515 positam

356 3541 503 3596 illam
529 3539 816 3608 imaginem
839 3553 962 3591 esse
991 3538 1216 3597 dixeris,
1248 3552 1356 3588 non
1386 3543 1534 3590 recte
1560 3536 1786 3590 senties.
1813 3536 1934 3590 Tibi

356 3636 500 3684 enim
535 3630 679 3684 istud
716 3629 971 3695 objiciam
1001 3647 1014 3682 :
1041 3627 1136 3681 Dic
1167 3627 1328 3681 sudes
1360 3627 1569 3694 ecquod
1605 3628 1824 3681 virtutis
1857 3626 1941 3680 oi-

361 3725 541 3778 Iicium
582 3721 894 3791 praestiterit
926 3719 1188 3784 Adamus,
1229 3729 1518 3788 antequam
1563 3734 1591 3771 a
1629 3717 1738 3771 Deo
1776 3719 1942 3787 linge-

359 3814 550 3868 retur?
595 3827 770 3881 neque
809 3811 952 3864 enim
996 3809 1268 3878 principio
1307 3808 1444 3869 fuit,
1491 3807 1584 3862 sed
1637 3815 1823 3876 postea
1873 3806 1941 3860 ad

360 3906 652 3976 imaginem
698 3905 966 3958 formatus
1006 3910 1108 3957 est.
1151 3901 1351 3955 Contra
1396 3916 1530 3953 vero
1560 3901 1604 3953 si
1652 3901 1940 3967 imaginem

362 4001 419 4053 in
447 4001 645 4051 virtute
682 3997 912 4064 positam
937 4010 1058 4048 esse
1088 3992 1391 4062 negaveris,
1425 4008 1530 4045 non
1560 4000 1706 4047 recte
1732 3991 1945 4060 judica-

361 4092 484 4146 bis:
525 4089 612 4145 cui
645 4090 788 4143 enim
829 4089 1008 4156 potius
1046 4103 1208 4157 quam
1257 4088 1444 4140 virtuti
1478 4085 1752 4147 convenit,
1789 4088 1846 4135 ut
1875 4081 1941 4134 ad

361 4183 652 4252 imaginem
675 4195 797 4236 esse
823 4179 1072 4234 dicatur?
1101 4179 1263 4248 Atqui
1295 4187 1419 4232 ante
1443 4177 1700 4230 virtutem
1721 4187 1938 4228 omnem

363 4272 528 4326 homo
558 4270 626 4324 ad
661 4271 950 4338 imaginem
985 4284 1280 4338 expressus
1309 4275 1393 4322 est
1422 4284 1434 4317 ε
1460 4267 1664 4336 quippe
1695 4263 1936 4318 nondum

363 4379 431 4418 ex
468 4362 686 4416 virtutis
721 4360 1038 4428 pne—scripto
1077 4361 1243 4412 vitam
1301 4358 1612 4410 instituerat
1665 4355 1937 4418 Adamus,

2041 3260 2162 3322 Πῶς
2203 3255 2293 3310 οὖν
2319 3257 2850 3327 αἰχμαλωτιζὸμενος
2909 3255 3062 3308 ἔσται
3095 3258 3213 3310 κατ’
3248 3256 3465 3319 εἰκόνας
3506 3255 3632 3310 ὄτι⁶

2047 3345 2228 3400 Ψαλῶ
2258 3344 2338 3409 τῷ
2366 3347 2480 3406 νοῒ,
2517 3345 2695 3413 ψαλῶ
2718 3343 2797 3409 τῷ
2833 3346 3146 3414 πνεύματι.
3189 3346 3299 3398 Καὶ
3322 3345 3417 3397 ἐὰν
3452 3347 3630 3408 εἴποις

2041 3439 2238 3508 ἀρετὴν
2269 3435 2405 3489 εἶναι
2439 3437 2499 3488 τὸ
2523 3437 2642 3488 κατ’
2675 3437 2878 3494 εἰκόνα.
2911 3435 3022 3506 ἐρῶ
3054 3453 3164 3488 σοι·
3207 3436 3344 3488 Εἰπέ
3378 3453 3468 3505 μοι
3501 3435 3630 3506 περὶ

2041 3529 2135 3581 τοῦ
2179 3528 2369 3596 Ἀδὰμ,
2406 3528 2565 3580 ποίαν
2601 3527 2800 3598 ἀρετὴν
2841 3527 3137 3597 εἰργάσατο
3186 3525 3292 3596 πρὸ
3334 3525 3428 3577 τοῦ
3465 3525 3632 3578 αὑτὸν

2047 3620 2377 3690 πλασθῆναι;
2414 3621 2471 3672 οὐ
2494 3619 2602 3689 γὰρ
2635 3615 2700 3688 ἦν
2725 3623 2780 3670 ὲν
2812 3620 2973 3688 ἀρχῇ,
3005 3617 3258 3686 ἀπαρχῆς
3291 3617 3348 3669 δὲ
3375 3617 3626 3686 ἐπλάσθη

2046 3714 2162 3764 κατ’
2181 3712 2384 3764 εἰκόνα..
2411 3712 2519 3763 Καὶ
2538 3713 2629 3762 ἐὰν
2651 3710 2808 3779 εἴπῃς
2834 3711 2906 3779 μὴ
2926 3705 3060 3761 εἶναι
3084 3709 3183 3776 τὴν
3201 3706 3422 3778 ἀρετὴν.
3437 3709 3502 3759 οὐ
3527 3725 3626 3760 κα-

2045 3803 2150 3864 λῶς
2172 3796 2350 3870 λέγεις
2369 3821 2378 3832 ·
2396 3804 2498 3854 τίνι
2515 3803 2622 3872 γὰρ
2639 3801 2835 3873 πρέπει
2853 3801 2969 3853 κατ’
2992 3799 3173 3852 εἰκόνα
3195 3794 3354 3861 εἶναι,
3375 3798 3489 3850 ἀλλ’
3507 3798 3540 3869 ἢ
3561 3801 3624 3868 τῇ

2049 3895 2246 3964 ὰρετῇς
2273 3894 2406 3959 Πρὶν
2439 3893 2494 3944 δὲ
2520 3895 2718 3962 ἀρετῆς
2742 3891 2858 3944 κατ’
2878 3891 3064 3944 εἰκόνα
3092 3888 3337 3955 ἐπλάσθη
3367 3891 3395 3940 6
3417 3889 3632 3960 ἄνθρω-

2053 4003 2170 4048 πος.
2203 3983 2369 4036 Οὓπω
2402 3984 2510 4054 γὰρ
2531 3980 2596 4053 ἦν
2624 3986 2651 4035 6
2685 3982 2854 4052 ’Δδὰμ
2876 3984 2931 4034 ὲν
2961 3983 3128 4052 ἀρετῇ
3155 3979 3629 4049 πολιτευσάμενος,

2050 4079 2170 4132 οὔτε
2189 4079 2524 4149 ὲκτισμένος.
2541 4077 2650 4130 Καὶ
2670 4076 2763 4127 ἐὰν
2786 4076 2945 4145 εἴπῃς
2965 4073 3026 4126 τὸ
3045 4073 3328 4142 βάπτισμα
3344 4066 3486 4123 εἶναι
3511 4085 3613 4123 κατ

2050 4169 2251 4226 εἰκόνα,
2271 4167 2381 4237 ἄρα
2407 4169 2455 4219 oi
2476 4166 2550 4236 μὴ
2571 4165 2828 4226 λαϐόντες
2852 4163 3132 4232 βάπτισμα
3150 4160 3350 4213 δίκαιοι
3372 4159 3474 4211 οὐκ
3492 4153 3633 4228 ἦσαν

2049 4262 2170 4312 κατ’
2200 4260 2404 4311 εἰκόνα.
2433 4258 2564 4310 Ἀπὸ
2587 4255 2695 4326 γὰρ
2711 4253 2989 4315 Μωῦσέως
3015 4252 3108 4306 καὶ
3125 4249 3404 4309 Θαλάσσης
3427 4248 3633 4321 ἤρξατο

2048 4353 2076 4403 6
2109 4351 2297 4413 τύπος,
2333 4349 2442 4402 ἀπὸ
2481 4348 2725 4401 Ἰωάννου
2748 4344 2938 4414 ⁴ἠνοίγη
2969 4344 2996 4396 6
3025 4342 3216 4404 τύπος,
3247 4341 3307 4392 ὲν
3333 4339 3390 4391 δὲ
3411 4335 3631 4407 Χριστῷ

365 4466 468 4506 nec
507 4455 733 4504 omnino
774 4459 1094 4518 procreatus
1131 4449 1326 4500 fuerat.
1373 4447 1635 4514 Superest
1675 4453 1733 4498 ut
1768 4446 1937 4513 bapti-

2049 4440 2334 4510 ἐτελειώθη
2364 4440 2424 4492 τὸ
2453 4438 2642 4509 δῶρον.

368 4563 490 4602 smo
512 4545 803 4614 imaginem
828 4545 974 4597 illam
999 4543 1090 4598 Dei
1115 4543 1668 4598 circumscribendam
1691 4555 1935 4594 censeas.
1977 4537 2177 4593 Verum
2206 4553 2270 4592 ex
2306 4553 2371 4590 eo
2405 4536 2656 4605 sequitur
2721 4532 2903 4602 justos
2965 4529 3058 4600 qui
3107 4525 3379 4596 baptismo
3425 4522 3628 4578 initiati

367 4653 480 4692 non
509 4636 744 4700 fuerant,
778 4651 870 4690 eos
900 4635 966 4688 ad
997 4635 1284 4704 imaginem
1318 4632 1410 4687 Dei
1456 4633 1680 4686 minime
1707 4646 1829 4686 esse
1857 4630 2030 4684 factos
2056 4648 2070 4696 ;
2101 4645 2226 4702 nam
2260 4644 2289 4681 a
2331 4627 2512 4698 Moyse
2545 4635 2708 4694 atque
2751 4623 2889 4676 mari
2941 4615 3199 4690 baptismi
3277 4615 3452 4687 ﬁgura
3515 4628 3632 4670 ca:-

370 4731 469 4798 pit,
517 4729 708 4784 eadem
753 4728 824 4783 ab
861 4726 1070 4783 Joanne
1112 4726 1405 4797 patefacta,
1449 4726 1502 4780 in
1543 4725 1763 4779 Christo
1816 4739 1945 4778 vero
1984 4739 2183 4778 munus
2221 4731 2306 4777 est
2337 4722 2513 4791 ipsum
2557 4717 2883 4789 perfectum.

441 4935 455 4964 ¹
478 4931 636 4986 .Gen.
664 4948 722 4995 ιι,
751 4932 800 4984 7.
879 4932 899 4962 '
937 4930 1070 4985 ibid.
1173 4930 1193 4960 ³
1222 4928 1386 4984 Hebr.
1417 4945 1490 4992 ιν,
1525 4929 1606 4982 12.

450 5109 560 5180 (68)
606 5109 793 5180 Ἡμεῖς
817 5109 882 5160 δὲ
915 5111 1290 5180 ἀπεριέργως.
1339 5109 1400 5180 In
1432 5125 1540 5176 quo
1571 5109 1745 5177 posita
1772 5108 1860 5160 Dei
1893 5108 1946 5160 in

385 5179 606 5250 nomine
637 5180 706 5250 sit
732 5179 933 5246 imago,
969 5196 1141 5248 neque
1165 5179 1355 5250 delinit
1387 5179 1743 5250 Epiphanius.
1779 5193 1953 5242 neque

379 5247 532 5305 certo
558 5248 688 5303 sciri
734 5264 897 5317 posse
959 5247 1129 5317 putat.
1189 5249 1259 5302 De
1307 5247 1592 5315 qnovarie
1633 5265 1662 5300 a
1705 5247 1958 5300 Patrilurs

381 5316 792 5389 pronuntiatum
837 5327 936 5371 est.
991 5316 1124 5389 Vide
1190 5319 1617 5389 qnaﬂ’errerins
1655 5325 1840 5371 noster
1897 5333 1959 5368 ac

381 5386 560 5442 caeteri
608 5390 929 5456 interpretes
982 5388 1048 5440 ad
1088 5388 1237 5439 illum
1279 5386 1551 5441 Gencseos
1593 5389 1767 5441 locum
1818 5393 1960 5439 altu.

381 5459 574 5514 lerunt,

459 5527 569 5594 (ιιυ)
613 5528 774 5594 Ἄχρι
815 5525 1143 5593 μερισμῶν.
1188 5525 1430 5577 Grazcnm
1468 5524 1600 5577 Novi
1627 5525 1959 5578 Testamenti

388 5593 692 5664 exetnpluni
731 5598 889 5647 habet
918 5597 1044 5664 ἄχρι
1080 5593 1346 5664 μερισμοῦ
1379 5594 1554 5662 ψυχῆς
1593 5614 1647 5646 τε
1678 5597 1771 5646 καὶ
1803 5594 1962 5644 πνεύ-

441 5678 583 5722 ατος.
654 5662 878 5730 V'nlgata
944 5662 1073 5716 illud
1128 5662 1265 5717 itlt-In
1324 5666 1588 5731 sequitur.
1656 5666 1730 5717 Eo
1786 5665 1962 5731 posito

444 5731 684 5799 piplianii
720 5743 1092 5796 argumentum
1119 5733 1360 5792 torruit.

468 5798 580 5869 (Ἱο)
609 5801 677 5869 El,
702 5801 906 5869 τοίνυν
926 5803 1391 5869 μερισμοὺς·ἒχεί
1420 5802 1456 5865 ἡ
1489 5800 1674 5867 ψυχή.
1713 5802 1964 5854 Petavius

398 5867 580 5929 Vertit.
615 5867 660 5918 si
695 5866 803 5917 ulla
849 5878 922 5919 est
953 5866 1141 5924 animo;
1171 5866 1394 5925 divisio:
1449 5866 1608 5942 qnntn
1640 5873 1962 5940 interpreta-

1685 4928 1705 4959 ⁸
1738 4928 1894 4981 Rom.
1924 4942 2020 4992 vn,
2049 4928 2139 4983 25.
2214 4927 2234 4957 ⁵
2271 4926 2288 4979 Ι
2320 4925 2446 4981 Cor.
2490 4939 2600 4991 ιιν,
2637 4923 2724 4978 15.

2805 4923 2827 4954 ⁸
2857 4920 2918 4975 F.
2953 4920 3054 4974 ἔτι.

2057 5108 2258 5161 tionem
2289 5106 2558 5176 improbat
2589 5105 2937 5160 Thomasius.

2134 5177 2244 5246 (71)
2299 5175 2415 5230 Non
2461 5178 2630 5230 solam
2670 5177 2908 5246 animam
2950 5175 3242 5246 appellavit
3277 5175 3418 5232 Dens
3459 5179 3636 5234 homi-

2062 5244 2340 5308 nein,scd
2383 5247 2618 5299 animam
2651 5245 2810 5300 simul
2841 5252 2894 5297 et
2935 5260 3156 5313 corpus.
3201 5244 3354 5300 Unde
3387 5252 3528 5302 inter
3557 5249 3636 5300 di-

2065 5332 2260 5388 versas
2281 5317 2564 5388 opiniones
2609 5319 2675 5369 de
2706 5317 2956 5388 imagine
2977 5315 3065 5368 1).ιὶ
3116 5315 3316 5368 homini
3350 5320 3633 5388 impressa,

2067 5402 2128 5439 ea
2157 5387 2499 5439 verisimilior
2526 5394 2767 5454 apparet,
2795 5400 2914 5452 quae
2947 5384 3116 5451 ipsam
3153 5388 3340 5438 statuit
3373 5384 3442 5440 in'
3457 5391 3632 5440 anima

2069 5457 2228 5509 simul
2262 5464 2312 5508 et
2341 5457 2389 5506 in
2419 5471 2665 5523 corpore.
2691 5456 2940 5508 Diversas
2972 5456 3088 5507 illas
3115 5458 3398 5519 Opiniones
3428 5459 3563 5516 vide,
3590 5457 3631 5510 si

2064 5526 2238 5578 lubeat
2259 5564 2273 5588 ,
2295 5526 2430 5590 apud
2457 5525 2734 5596 l‘etavium
2762 5525 3087 5596 Deqopiﬁeio
3106 5541 3212 5596 ‘ser
3238 5527 3440 5579 dierum
3477 5543 3634 5596 agen-

2063 5604 2170 5647 tem
2203 5595 2337 5647 libro
2375 5611 2432 5655 ιι,
2462 5595 2735 5662 capitibus
2760 5595 2815 5659 ‘2,
2850 5595 2881 5646 5
2912 5602 2966 5647 et
2999 5594 3051 5648 4.
3106 5594 3206 5648 Ubi
3239 5597 3394 5651 docte
3421 5594 3630 5650 easdem

2021 5729 2026 5732 _
2065 5674 2117 5717 et
2151 5674 2390 5716 recenset
2420 5672 2472 5715 et
2504 5665 2780 5732 expendit.

2139 5733 2249 5796 (7:!)
2292 5735 2397 5784 Τὸν
2424 5730 2772 5796 rain/sirm,
2813 5742 2919 5788 etc.
2969 5737 3197 5790 Mentem
3232 5738 3298 5786 ali
3325 5737 3502 5788 anima
3530 5735 3627 5786 dis

2067 5803 2296 5876 tinxisse
2350 5802 2637 5876 aliquando
2691 5802 2880 5860 Patres
2938 5807 3092 5876 juxta
3145 5807 3344 5861 veteris
3397 5806 3646 5876 philttsor

2067 5874 2206 5944 pbiu:
2231 5871 2426 5940 placita
2453 5879 2688 5928 constat.
