3950 6420
475 414 581 471 127

1900 400 1957 454 S.
2002 391 2342 452 EPIPIIANII

3660 387 3759 443 128

477 528 694 582 l'rimos
729 530 955 580 nostros
980 528 1240 594 parentes
1283 518 1428 575 Deus
1456 534 1487 574 e
1518 516 1777 589 paradiso
1814 512 2057 584 expulit;

2191 506 2367 579 ίηδεὶς
2404 504 2596 577 μύθοις
2628 503 2897 558 ἀπατάτω
2942 502 3133 564 κενοῖς.
3172 504 3760 574 Δύναταιγὰρόϐεὑς

477 619 926 687 cherubinosque
956 632 1083 671 cum
1116 613 1369 669 ﬂammeo
1391 612 1574 683 gladio
1604 609 1670 663 ad
1701 608 1822 662 vita:
1852 605 2065 660 arboris

477 711 812 768 servandum
850 709 1060 764 aditum
1097 707 1410 763 collocavit.
1442 704 1684 758 Adamus
1731 702 1897 772 igitur
1941 714 2066 753 cum

475 816 649 854 uxore
680 815 711 853 e
744 798 987 869 paradisi
1036 798 1255 867 regione
1286 809 1571 866 egressus.
1619 794 1779 864 longe
1804 792 2077 849 dissimile

479 892 825 947 domicilium
861 890 1074 945 habuit.
1108 888 1278 945 Nemo
1313 888 1567 942 inanibus
1597 885 1796 941 fabulis
1831 884 2067 941 illudat:

486 986 669 1039 Potest
698 985 837 1039 enim
872 982 1016 1038 Deus
1048 1000 1075 1037 ε
1103 981 1371 1053 lapidibus
1393 982 1629 1036 excitare
1650 980 1793 1050 filias
1816 980 1855 1032 ⁸.
1890 978 2079 1034 Potest

436 1150 443 1155 Δ
484 1078 628 1134 idem
646 1094 768 1149 quae
784 1077 1161 1147 corruptibilia
1181 1085 1327 1140 sunt,
1359 1077 1677 1145 incorrupta
1714 1073 1912 1137 facere,
1940 1079 1996 1127 et
2020 1073 2074 1126 in

486 1168 907 1240 terris,quando
924 1170 997 1223 ita
1016 1168 1230 1223 libitum
1246 1180 1349 1233 est,
1368 1166 1605 1237 paradisi
1630 1164 1866 1236 quietem
1887 1163 2084 1219 otium-

485 1276 595 1332 que
622 1261 982 1317 constituere.
1010 1258 1181 1316 Terra
1215 1260 1417 1330 quippe
1444 1274 1549 1312 non
1579 1258 1808 1313 alterius
1846 1256 1938 1311 Dei
1969 1262 2080 1321 est,

485 1368 666 1423 neque
693 1354 894 1407 caelum
920 1352 1171 1415 alterius,
1199 1352 1292 1407 sed
1316 1351 1500 1406 omnia
1520 1350 1588 1404 ad
1612 1364 1780 1405 unum
1797 1347 2083 1405 eumdem-

484 1460 594 1515 que
633 1446 909 1515 pertinent
945 1463 957 1499 :
995 1444 1089 1515 qui
1124 1443 1596 1497 immortalitatem
1639 1440 1940 1511 unicuique
1982 1453 2084 1510 pro

484 1552 585 1591 sua
619 1538 900 1593 voluntate
948 1536 1213 1607 largitur;
1252 1550 1378 1590 nam
1428 1544 1483 1589 et
1531 1532 1726 1588 Adami
1775 1547 1983 1602 corpus
2012 1547 2082 1587 ex

484 1629 676 1685 eadem
707 1628 875 1682 humo
905 1630 1091 1682 tictum
1122 1642 1246 1682 esse
1275 1627 1506 1688 scimus.
1530 1640 1562 1680 ε
1583 1640 1691 1695 qua
1720 1638 1950 1693 corpora
1980 1638 2083 1678 no-

486 1728 604 1774 stra
636 1719 903 1773 fabricata
937 1728 1103 1784 sunt;
1137 1733 1200 1773 ac
1236 1733 1335 1772 nos
1360 1731 1582 1787 quoque
1607 1730 1759 1784 spem
1785 1723 2005 1770 aeternae
2029 1720 2085 1770 et

488 1804 822 1860 immortalis
863 1802 1202 1857 hmreditatis
1236 1800 1546 1855 habemus:
1587 1798 1787 1868 quippe
1831 1794 2080 1850 Salvato-

2174 601 2241 653 ἐκ
2258 592 3004 665 τῶν-λίθωνὲγτῖραιτέκνα·
3053 596 3147 649 καὶ
3175 595 3397 649 δύναται
3423 599 3454 650 ό
3490 597 3627 660 Θεὸς
3669 598 3764 650 καὶ

2166 692 2233 745 τὰ
2270 689 2485 760 φθαρτά
2526 688 2850 759 μεταϐαλεῖν
2893 690 2973 751 εἰς
3017 688 3346 759 ἀφθαρσίαν·
3396 690 3493 742 καὶ
3535 689 3763 743 δύναται

2166 783 2260 836 ἐπὶ
2279 782 2383 852 γῆς
2412 782 2634 852 ποιῆσαι
2654 780 2960 835 ἀνάπαυσιν
2995 780 3345 852 παραδείσου,
3364 782 3449 835 ὅτι
3470 782 3763 853 ἠθέλησεν.

2167 878 2242 933 Οὐ
2280 876 2389 945 γὰρ
2419 876 2453 945 ή
2498 874 2569 943 γῆ
2614 873 2776 927 ἄλλου
2812 870 2970 932 Θεοῦ,
3007 873 3105 924 καὶ
3139 872 3369 941 οὐρανὸς
3401 871 3568 925 ἄλλου
3601 870 3765 935 Θεοῦ,

2167 968 2305 1022 ἀλλὰ
2336 968 2513 1021 πάντα
2540 964 2633 1017 τοῦ
2666 962 2833 1018 αὑτοῦ
2875 966 3014 1029 εστι,
3050 963 3145 1015 καὶ
3182 962 3257 1023 ὼς
3290 962 3438 1015 θέλει
3476 962 3769 1032 χαρίζεται

2168 1057 2386 1126 ἑκάστῳ
2410 1056 2507 1126 τὴν
2534 1053 2865 1125 ἀφθαρσίαν.
2896 1054 3006 1106 Καὶ
3037 1053 3146 1123 γὰρ
3178 1053 3239 1105 τὸ
3267 1052 3428 1123 σῶμα
3450 1051 3547 1105 τοῦ
3591 1052 3771 1122 ’Δδάμ

2168 1150 2390 1221 οἴδαμεν
2421 1151 2485 1202 ὲκ
2517 1148 2621 1219 γῆς
2655 1146 3039 1217 πεπλασμένον
3074 1146 3135 1212 ἐξ
3174 1141 3355 1217 ἧσπερ
3388 1146 3482 1198 καὶ
3513 1144 3679 1216 ήμῶν
3703 1146 3772 1199 τὰ.

2176 1242 2427 1314 σώματα,
2449 1242 2546 1296 καὶ
2562 1238 2751 1293 ὲλπίδα
2771 1238 2965 1310 ἔχομεν
2987 1238 3135 1310 ζωῆς
3163 1240 3414 1303 αἰωνίου,
3440 1241 3534 1293 καὶ
3551 1241 3771 1311 ἀφθάρ-

2170 1354 2264 1389 του
2291 1332 2678 1406 κληρονομίας.
2717 1334 2827 1386 Καὶ
2847 1332 2956 1404 γὰρ
2986 1332 3082 1385 τοῦ
3107 1332 3363 1404 Σωτῆρος
3385 1332 3447 1385 τὸ
3470 1332 3634 1404 σῶμα
3662 1334 3774 1385 ἀπὸ

2172 1426 2391 1498 Μαρίας
2409 1421 2498 1497 ἦν,
2522 1426 2616 1477 καὶ
2640 1425 2946 1495 συνήνωται
2970 1425 3361 1495 πνευματικῶς
3380 1428 3449 1497 τῇ
3471 1424 3567 1478 τοῦ
3590 1427 3773 1495 Λόγου

2173 1520 2231 1573 ὲν
2259 1518 2474 1589 οὐρανῷ
2502 1518 2802 1589 ἀφθαρσίᾳ.
2838 1517 3027 1573 Ταῦτα
3063 1518 3122 1571 δὲ
3169 1519 3346 1573 πάντα
3384 1522 3775 1592 συνηγάγομεν

2176 1611 2412 1666 ἐνταῦθα
2438 1612 2459 1644 δ
2484 1610 2869 1682 παρεθέμεθα,
2920 1610 3086 1682 μηδὲν
3130 1613 3481 1685 παραρρίψαι
3523 1613 3636 1667 τῶν
3681 1633 3775 1683 γε-

2177 1704 2515 1777 γραμμένων
2560 1704 2829 1770 θέλοντες,
2855 1703 2994 1759 ἀλλά
3046 1704 3247 1775 μᾶλλον
3290 1706 3559 1777 ἁπλότητι
3607 1709 3778 1779 φέρε-

2179 1795 2325 1860 σθαι,
2360 1793 2538 1847 πιστοί
2564 1810 2624 1846 τε
2657 1791 3010 1864 εὑρίσκεσθαι
3045 1792 3183 1863 πρὸς
3211 1793 3304 1844 τὸν
3338 1792 3471 1846 Θεὸν
3505 1796 3565 1846 ἐν
3586 1789 3670 1856 οἷς
3698 1795 3780 1858 ὡς

490 1899 569 1952 ris
600 1913 803 1967 corpus
851 1912 881 1951 e
925 1895 1096 1949 Maria
1141 1894 1353 1964 virgine
1389 1899 1569 1947 ortum
1607 1867 1829 1953 habuit,
1866 1894 1921 1940 et
1951 1899 2075 1939 cum

2191 1890 2238 1939 ὲν
2280 1886 2509 1958 ἀληθείᾳ
2549 1885 2791 1957 ἔγραψεν
2822 1886 2985 1955 ήμῖν,
3025 1886 3120 1937 καὶ
3160 1884 3477 1956 ἐδωρήσατο
3521 1885 3623 1957 τὴν
3671 1886 3781 1955 τῆς

491 1984 653 2040 Verbi
688 1987 741 2039 in
773 1986 913 2040 cmlo
968 1984 1379 2039 immortalitate
1420 1981 1775 2049 conjttnctum
1813 1985 1917 2033 est.
1950 1975 2077 2031 "me

2191 1977 2440 2049 ἀληθείας
2472 1976 2590 2030 ὁδὸν
2625 1976 2719 2028 καὶ
2750 1974 2909 2045 ἡμῶν
2944 1975 3239 2046 σωτηρίαν·
3278 1978 3586 2047 συγχωρεῖν
3619 1976 3781 2047 αὐτῷ

489 2092 592 2132 nos
625 2078 809 2133 omnia
838 2078 940 2131 ho:
982 2078 1105 2131 loco
1133 2076 1392 2146 colligere
1436 2090 1501 2129 ac
1525 2088 1831 2145 proponere
1860 2070 2076 2127 studui-

2191 2070 2333 2141 μόνῳ
2364 2070 2572 2132 πρέπον
2606 2067 2753 2119 ἐστὶν
2792 2065 2991 2119 εἰδέναι
3028 2066 3098 2119 τά
3128 2067 3507 2137 ἀκατάληπτα.

490 2184 636 2235 nius,
671 2186 739 2224 ne
764 2170 893 2240 quid
912 2185 1101 2225 eorum
1125 2186 1247 2241 qua:
1276 2170 1482 2239 scripta
1517 2177 1666 2231 sunt,
1698 2166 2077 2235 rejiceremus,
2113 2166 2207 2219 sed
2246 2174 2303 2217 ut
2333 2161 2631 2217 candorem
2665 2176 2728 2215 ac
2755 2159 3167 2231 simplicitatem
3237 2160 3656 2225 adhiberemus,
3713 2176 3782 2216 ac

489 2262 681 2318 ﬁdeles
713 2279 813 2319 nos
853 2265 1229 2334 praeberemus
1276 2264 1334 2318 in
1381 2264 1449 2319 iis
1493 2263 1772 2327 omnibus,
1817 2261 1927 2333 65
1992 2276 2115 2331 qua“:
2151 2261 2311 2315 nobis
2362 2276 2428 2315 ex
2472 2260 2550 2314 rei
2600 2259 2829 2314 veritate
2876 2260 3099 2329 scriptis
3152 2259 3404 2314 mandari
3452 2262 3663 2326 voluit,
3714 2276 3782 2317 ac

489 2358 742 2414 veritatis
772 2359 916 2413 viam
954 2360 1302 2430 salutemque
1334 2358 1613 2414 concessit
1644 2377 1656 2412 :
1688 2358 1778 2411 cui
1818 2358 1921 2411 soli
1953 2356 2210 2411 convenit
2241 2367 2299 2408 ιιι
2332 2370 2395 2409 ea
2424 2369 2545 2424 quae
2584 2354 2974 2424 comprehendi
3016 2364 3319 2424 nequeunt,
3351 2356 3641 2427 intelligat.

556 2449 717 2503 LXII.
758 2448 943 2505 Redeo
992 2452 1059 2505 ad
1109 2451 1398 2521 Origenem
1440 2471 1453 2506 :
1491 2452 1584 2521 qni
1642 2449 1862 2521 quidem
1908 2449 2077 2522 (quod

491 2541 595 2611 ipsi
624 2539 771 2595 Deus
815 2542 1084 2611 ignoscat)
1133 2541 1586 2597 ahsurdissimam
1626 2543 1788 2595 aliam
1837 2543 2077 2597 fabulam

492 2634 882 2703 etallegoriam
909 2634 1165 2691 fallendis
1190 2635 1509 2690 hominibus
1538 2635 1841 2705 proposuit.
1866 2636 2079 2690 Etenim

497 2740 638 2793 quas
665 2726 952 2797 Scriptura
988 2728 1248 2798 pclliccas
1280 2728 1500 2782 tunicas
1532 2727 1723 2797 primis
1762 2729 1965 2781 nostris
1996 2744 2084 2798 pa-

499 2818 750 2874 rentibus
780 2819 951 2875 Deum
988 2821 1186 2876 fecisse
1231 2829 1443 2887 narrat,
1480 2835 1608 2875 vere
1653 2819 1910 2891 pclliccas
1939 2821 2084 2873 tuni-

497 2925 593 2965 cas
621 2918 781 2981 negat
827 2909 1019 2977 fuisse,
1049 2910 1143 2965 sed
1178 2910 1230 2965 id
1268 2911 1337 2965 de
1366 2908 1616 2979 corporis
1667 2910 1808 2963 mole
1839 2917 1893 2963 et
1922 2924 2088 2963 carne

498 3011 782 3067 concreta,
821 3003 907 3057 vel
945 3017 1178 3073 corpore
1214 3002 1611 3073 interpretatur
1641 3002 1762 3071 ipso
1795 3017 1807 3052 :
1839 3002 1892 3054 in
1940 2994 2088 3070 quod

498 3097 623 3161 post
654 3090 1084 3147 inobedientiam
1120 3106 1183 3145 ac
1218 3091 1431 3144 fructus
1464 3090 1618 3145 vetiti
1652 3089 2089 3158 degustationem

496 3181 743 3237 inclusas
808 3198 935 3239 esse
996 3183 1213 3239 animas
1274 3183 1596 3239 arbitratur.
1658 3181 1814 3249 Quod
1868 3180 2089 3253 quidem

2198 2450 2225 2461 '
2247 2449 2364 2502 EB’.
2383 2448 2583 2520 Ἄλλην
2598 2448 2653 2501 δὲ
2669 2447 2829 2501 πάλιν
2852 2447 3071 2518 μυθώδη
3097 2449 3309 2522 μωρίαν
3331 2442 3484 2513 οὗτος
3502 2452 3530 2501 ὁ
3565 2451 3785 2520 Ὡριγέ-

2177 2560 2297 2613 νης,
2314 2535 2357 2609 ᾧ
2373 2543 2401 2595 ό
2425 2541 2557 2605 Θεὸς
2581 2542 2979 2613 συγχωρήσειῆ
3010 2544 3311 2611 φαντασίαν
3333 2546 3445 2607 τοῖς
3464 2543 3783 2615 ἀνθρώποις

2180 2630 2630 2702 ἀλληγοροῦνται,
2682 2633 3081 2704 παρεισήγαγε,
3134 2634 3381 2702 φάσκων,
3425 2635 3520 2697 οὓς
3554 2631 3713 2688 εἶπεν
3747 2638 3783 2705 ἡ

2185 2722 2306 2776 θεία
2345 2722 2534 2791 Γραφὴ
2580 2720 2816 2791 χιτῶνας
2864 2722 3225 2793 δερματίνους
3270 2725 3640 2795 πεποιηκέναι
3688 2724 3785 2778 τὸν

2186 2814 2318 2867 Θεὸν
2340 2817 2454 2877 τοῖς
2483 2815 2611 2885 περὶ
2631 2813 2723 2867 τὸν
2764 2814 2957 2884 ’Λδὰμ,
2991 2814 3067 2885 μὴ
3090 2810 3225 2869 εἷναι
3251 2816 3485 2886 χιτῶνας
3512 2816 3783 2887 δερματί-

2184 2923 2308 2969 νους
2333 2906 2467 2976 (96),
2514 2906 2651 2960 ἀλλά
2696 2906 2856 2960 τοῦτό
2902 2924 3035 2977 φησι
3077 2906 3281 2976 χιτῶνα
3323 2908 3674 2979 δερμάτινον,
3723 2910 3787 2962 τὸ

2188 2997 2463 3069 σαρκῶδες
2491 2998 2587 3051 τοῦ
2626 2996 2900 3069 σώματος,
2949 2998 2983 3067 ἢ
3020 2997 3151 3050 αὐτὸ
3186 2998 3246 3051 τὸ
3287 2998 3446 3069 σῶμα
3496 2999 3641 3068 μετά
3681 3000 3786 3070 τὴν

2190 3086 2477 3158 παρακοήν
2506 3088 2600 3140 καὶ
2627 3087 2688 3139 τὸ
2722 3085 3059 3158 βεϐρωκέναι
3090 3087 3184 3140 τοῦ
3222 3087 3403 3153 ξύλου,
3440 3088 3660 3141 ἐνέδυσε
3685 3090 3786 3153 τὰς

2187 3177 2365 3249 ψυχάς
2382 3178 2514 3249 (97)'
2538 3178 2631 3232 καὶ
2656 3178 2770 3231 ἔστι
2793 3179 3047 3232 σύνθετον
3077 3182 3096 3210 ⁸
3118 3180 3239 3233 ὅλον
3261 3181 3457 3235 εἰπεῖν.
3491 3181 3787 3249 Σοφίςεται

496 3277 691 3347 dogma
729 3278 906 3332 otiose
947 3278 1243 3331 conlictum
1279 3290 1344 3346 ac
1398 3277 1658 3333 stolidum
1710 3283 1815 3330 est.
1860 3273 1968 3330 Sed
2000 3289 2088 3329 ar-

2193 3269 2303 3339 γάρ
2324 3268 2484 3333 αὐτὸς
2512 3272 2540 3322 ό
2558 3270 2841 3341 Ὠριγένης
2862 3269 3023 3340 δῆθεν
3048 3271 3142 3324 καί
3174 3288 3329 3342 φησί’
3356 3272 3445 3341 Μὴ
3469 3273 3581 3342 γὰρ
3606 3275 3636 3324 ὁ
3654 3272 3785 3335 Θεὸς

498 3375 723 3437 gntatur
761 3367 1124 3423 nihilominus
1156 3366 1450 3437 Origenes,
1484 3379 1647 3439 atque
1678 3368 1750 3421 ita
1780 3367 2031 3437 disputat
2066 3384 2081 3421 :

500 3456 665 3521 Num,
698 3458 899 3527 inquit,
934 3457 1208 3513 coriarius
1278 3458 1425 3513 Deus
1456 3467 1563 3524 est,
1611 3468 1671 3512 ut
1704 3459 1949 3513 subactis
1974 3458 2091 3528 pel-

503 3550 648 3605 libus
702 3550 911 3603 Adamo
956 3558 1121 3620 atque
1172 3549 1295 3603 Eva:
1342 3551 1556 3607 tunicas
1607 3553 1872 3607 eonsnat!
1922 3552 2091 3606 Multo

506 3656 636 3697 vero
685 3642 859 3712 magis
906 3655 969 3695 ea
1011 3658 1115 3695 vox
1149 3650 1236 3695 est
1286 3643 1490 3711 pecude
1538 3644 1722 3714 digna.
1756 3644 1895 3710 Quid
1945 3645 2090 3699 enim

507 3732 722 3787 facilius
769 3740 906 3796 erat,
962 3732 1161 3787 caelum
1197 3748 1262 3786 ac
1303 3743 1501 3787 terram
1534 3750 1565 3789 e
1599 3736 1771 3789 nihilo
1804 3750 2094 3807 procreare

507 3823 702 3888 Deum,
743 3839 811 3877 an
844 3823 1105 3893 pclliccas
1148 3840 1412 3881 consuere
1444 3828 1694 3883 tunicas?
1730 3830 2092 3894 Quandonam

509 3930 640 3971 vero
682 3915 1006 3970 admiranda
1051 3932 1151 3971 sua
1197 3918 1442 3988 prodigia
1489 3934 1599 3972 non
1633 3922 1848 3989 quoties
1890 3921 2097 3991 placuit

512 4007 641 4078 ipsi,
682 4008 905 4063 molitus
951 4016 1058 4073 est,
1109 4015 1169 4062 ut
1227 4009 1410 4062 anima
1469 4011 1711 4065 carentia
1760 4011 1815 4064 in
1855 4012 2096 4065 animata

512 4100 888 4155 converteret?
935 4100 1167 4165 Quando
1239 4098 1441 4172 Moysis
1489 4102 1699 4171 virgam
1763 4102 1971 4156 aridam
2033 4117 2098 4158 ac

512 4192 749 4262 ligneam
776 4205 885 4245 non
916 4190 969 4245 in
990 4190 1172 4245 vivum
1206 4190 1615 4262 spirantemque
1634 4193 1922 4247 colubrum
1949 4209 2101 4248 eom-

513 4296 727 4342 mutare
760 4284 962 4356 potuit,
1011 4284 1105 4355 qui
1137 4283 1379 4356 Moysem
1415 4285 1594 4355 ipsum
1633 4287 2017 4356 insequeretur
2046 4291 2101 4339 et

515 4378 573 4431 in
614 4377 796 4447 fugam
832 4376 1155 4447 eonjiceret,
1207 4387 1267 4431 ut
1309 4377 1457 4448 quod
1492 4386 1606 4431 tum
1642 4379 1955 4448 gerebatur,
1989 4394 2100 4432 non

519 4467 699 4521 ﬁctam
743 4469 1036 4536 quamdam
1090 4483 1215 4523 esse
1249 4470 1513 4538 speciem,
1565 4468 1658 4523 sed
1691 4469 1919 4524 veritate
1966 4485 2101 4524 eon-

518 4564 669 4615 stare
712 4557 976 4613 doceret?
1006 4558 1148 4624 Quid
1182 4559 1356 4613 illud?
1384 4559 1633 4625 Quonam
1672 4570 1830 4630 pacto
1861 4561 2104 4631 quadra-

2198 3363 2603 3435 βυρσοδεύτηςτ
2644 3360 2731 3435 ἦν,
2779 3365 2864 3416 ἴνα
2920 3363 3193 3435 βυρσήσας
3231 3364 3499 3435 δέρματα,
3551 3364 3787 3434 χιτῶνας

2196 3459 2498 3527 ἐργάσηται
2529 3457 2606 3527 τῷ
2641 3456 2812 3527 Ἀδὰμ
2838 3458 2932 3511 καὶ
2961 3460 3028 3527 τῇ
3062 3456 3206 3527 Εῠᾳς
3248 3459 3390 3511 Πολὺ
3426 3458 3482 3511 δὲ
3512 3459 3786 3527 κτηνωδέ-

2200 3565 2389 3619 στερον
2420 3549 2479 3600 τὸ
2504 3548 2764 3603 τοιοῦτον.
2798 3549 2862 3601 Τί
2899 3548 3290 3621 εὐχερέστερον
3320 3546 3410 3621 ἧν,
3441 3551 3675 3621 οὐρανὸν
3700 3552 3789 3604 καὶ

2198 3642 2300 3711 γῆν
2332 3644 2390 3707 ἐξ
2418 3642 2517 3693 οὐκ
2558 3642 2711 3705 ὄντος
2750 3642 2976 3712 ποιῆσαι
3006 3642 3099 3695 τὸν
3136 3643 3290 3709 Θεὸν,
3326 3643 3359 3713 ἦ
3404 3643 3643 3712 χιτῶνας
3673 3645 3792 3713 δερ-

2203 3732 2486 3803 ματίνους;
2528 3734 2663 3785 Πότε
2703 3734 2815 3804 γάρ
2854 3732 2923 3786 τὰ
2965 3734 3244 3804 θαυμάσια
3288 3734 3454 3787 αὑτοῦ
3487 3736 3665 3789 θέλων
3694 3736 3791 3788 οὐκ

2200 3823 2516 3892 εἰργάσατο,
2553 3824 2648 3875 καὶ
2675 3823 2859 3892 ἄψυχα
2883 3826 2962 3885 εἰς
2983 3823 3202 3893 ἔμψυχα
3227 3824 3584 3896 μεταὸαλών;
3620 3829 3643 3858 ⁸
3671 3829 3791 3880 πότε

2201 3915 2260 3966 οὐ
2292 3914 2575 3984 δεδύνηται
2604 3931 2618 3980 ;
2652 3916 2753 3986 τὴν
2779 3917 2876 3986 μὲν
2905 3916 3099 3985 ράὁδον
3127 3918 3406 3981 Μωῦσέως
3436 3918 3612 3989 ξηρὰν
3632 3916 3792 3972 οὖσαν

2202 4007 2295 4059 καὶ
2324 4006 2564 4076 ξυλίνην,
2592 4007 2715 4075 ὅφιν
2742 4006 2983 4077 ἔμψυχον
3014 4007 3238 4077 ἐποίησε
3268 4009 3509 4061 Μωυσέα
3528 4008 3797 4062 καταδιώ-

2203 4115 2396 4151 κοντα·
2429 4099 2520 4167 ἀφ’
2550 4092 2611 4151 οὗ
2642 4100 2883 4170 Μωῦσῆς
2912 4102 2991 4163 εἰς
3025 4100 3204 4171 φυγὴν
3231 4101 3510 4171 ἐτρέπετο,
3535 4101 3624 4153 ἵνα
3651 4102 3797 4171 δείξῃ

2203 4191 2287 4244 ὅτι
2318 4191 2419 4243 οὐκ
2438 4187 2506 4262 ἦν
2527 4191 2843 4261 φάντασμα,
2870 4190 2985 4245 ἀλλ’
3011 4191 3210 4262 ἀληθὲς
3238 4192 3299 4245 τὸ
3327 4193 3651 4261 γενόμενον.
3681 4193 3800 4253 Πῶς

2205 4282 2261 4335 δὲ
2283 4284 2691 4353 τεσσαράκοντα
2711 4284 2804 4353 ἔτη
2838 4283 2933 4337 τοῦ
2967 4284 3098 4337 λαοῦ
3125 4284 3194 4337 τὰ
3220 4286 3412 4355 ἱμάτια
3444 4285 3547 4338 οὐκ
3570 4284 3802 4354 ὲρικνώ-

2208 4373 2296 4446 οη,
2333 4376 2427 4428 καὶ
2454 4377 2638 4447 τρίχες
2678 4378 2779 4429 οὐκ
2821 4376 3059 4448 ἐκόμων,
3096 4379 3191 4431 καὶ
3231 4379 3300 4431 τὰ
3345 4379 3674 4451 ὑποδήματα
3708 4383 3803 4435 οὐκ

2208 4467 2598 4534 ὲπαλαιοῦντο;
2629 4471 2952 4524 Εἰπάτωσαν
2973 4471 3031 4523 δέ
3067 4486 3156 4541 μοι
3184 4472 3235 4524 οἱ
3262 4471 3460 4541 ὴλίθιοι
3490 4474 3542 4524 οἱ
3574 4475 3645 4543 τῇ
3676 4491 3804 4545 φρε-

2211 4559 2500 4630 νοδλαὸείᾳ.
2526 4561 2833 4633 Ὠριγένους
2857 4561 3015 4616 τοῦτο
3041 4564 3109 4616 τὸ
3121 4564 3287 4635 μέρος
3308 4564 3803 4636 ἀκολουθήσαντες·

522 4647 673 4719 ginta
705 4656 851 4703 totos
877 4664 1054 4705 annos
1090 4666 1266 4719 neque
1293 4651 1477 4722 populi
1510 4659 1692 4707 vestes
1720 4654 1920 4707 attrita:
1950 4661 2089 4709 sunt.

2209 4650 2571 4713 Ἀναστάντος
2596 4652 2690 4704 τοῦ
2713 4652 2949 4721 Χριστοῦ
2974 4654 3038 4706 ὲκ
3062 4654 3169 4707 τῶν
3192 4654 3421 4725 νεκρῶν,
3438 4658 3533 4708 καὶ
3553 4657 3807 4710 καταλεί-

521 4754 700 4811 neque
749 4741 930 4811 capilli
976 4752 1294 4807 creverunt,
1347 4759 1449 4798 nec
1494 4744 1793 4800 inveterata
1835 4756 1965 4801 sunt
2004 4747 2109 4801 eal-

524 4840 812 4888 ceanienta
836 4832 889 4884 ’ἲ
920 4831 1110 4888 Dicant
1142 4834 1303 4888 velim
1336 4834 1666 4904 ineptissimi
1697 4835 1971 4899 homines,
2012 4837 2107 4906 qui

523 4924 591 4979 ad
640 4925 789 4979 illam
858 4923 1108 4997 Origenis
1167 4926 1436 4981 insaniam
1495 4926 1877 4981 adhaerescunt
1919 4929 2105 4984 :Cum

535 5016 793 5072 Christus
834 5031 865 5070 a
902 5020 1134 5075 mortuis
1167 5020 1437 5074 excitatus
1470 5020 1682 5084 linteas,
1722 5020 1798 5074 uti
1844 5022 2106 5091 scriptum

533 5116 639 5173 est,
664 5115 848 5164 vestes
893 5109 947 5162 in
987 5112 1241 5180 sepulcro
1279 5112 1595 5182 reliquisset
1618 5113 1664 5177 ³,
1702 5112 1883 5169 nudus
1919 5116 2110 5185 utique.

2212 4743 2413 4813 ψαντος
2450 4744 2547 4808 τάς
2586 4745 2775 4808 ὀθόνας
2820 4748 2878 4798 ὲν
2919 4746 2998 4816 τῷ
3041 4749 3304 4818 μνήματι,
3347 4749 3424 4811 ὼς
3465 4748 3806 4818 γέγραπται,

2214 4838 2419 4907 γυμνὸς
2450 4838 2559 4908 ἄρα
2581 4838 2601 4867 ⁹
2625 4838 2878 4907 ἐφαίνετο
2909 4841 3022 4902 τοῖς
3052 4840 3319 4909 μαθηταῖς
3341 4842 3583 4904 ἀναστὰς
3609 4844 3678 4896 ὲκ
3703 4844 3810 4897 τῶν

2213 4929 2423 4999 νεκρῶν
2460 4931 2557 4982 σὺν
2589 4929 2801 5001 σώματι
2842 4932 2935 4983 καὶ
2973 4932 3140 5003 ψυχῇυ
3181 4934 3423 5003 ὁπηνίκα
3462 4934 3519 4987 δὲ
3566 4936 3811 4990 ἐδείκνυε

2213 5023 2325 5085 τοῖς
2363 5022 2493 5092 περὶ
2529 5022 2620 5076 τὸν
2656 5023 2857 5093 Θωμᾶν
2886 5023 2955 5077 τὰ
2975 5024 3109 5078 ὀστᾶ
3144 5023 3309 5078 αὐτοῦ
3340 5025 3559 5087 καὶτὰς
3580 5024 3813 5097 σάρκας,

2214 5114 2405 5186 χεῖράς
2432 5133 2493 5168 τε
2526 5117 2621 5170 καὶ
2649 5115 2749 5186 τὴν
2779 5116 3043 5186 πλευρὰν,
3075 5118 3319 5189 δηλονότι
3347 5120 3451 5173 οὐκ
3480 5115 3550 5190 ἦν
3578 5129 3807 5190 γυμνός.

600 5264 622 5347 ξ
649 5263 841 5347 Matth.
874 5279 955 5331 ιιι,
990 5264 1075 5347 9._
1110 5264 1328 5347 :Joan.
1360 5285 1454 5347 xx,
1480 5267 1534 5323 6.
1598 5268 1619 5300 ⁸
1646 5266 1816 5347 Dent.
1855 5285 2005 5333 xxxx,

2214 5269 2372 5347 Deest
2392 5270 2513 5347 atat.
2591 5272 2611 5303 ⁵
2642 5270 2703 5325 F.
2734 5274 3111 5345 συγχωρήσειε
3146 5281 3201 5329 et
3231 5289 3356 5329 mox
3395 5273 3808 5347 ἀλληγοροῦντι.

534 5340 557 5369 ⁸
582 5333 642 5389 ἶ⁴“.
675 5334 953 5390 ἀσύνετον.
1056 5338 1075 5369 ⁷
1109 5333 1167 5388 F.
1200 5338 1556 5408 ﬁJpxoii'h;

1642 5340 1664 5371 ⁸
1694 5338 1852 5394 Deest
1886 5342 2158 5394 mnaihil.

2238 5341 2259 5372 ³
2288 5345 2329 5395 Δ
2344 5343 2423 5395 Jd.
2452 5343 2572 5395 οὐκ.

605 5491 735 5569 (96)-
757 5491 863 5569 Μὴ
881 5485 1087 5569 ἐζναε
1116 5491 1371 5569 χιτῶνας
1408 5493 1837 5569 ὃερμιιιζίγουςὲ
1871 5493 2005 5549 Vide
2053 5511 2089 5548 ai

2219 5495 2472 5567 Origenis
2522 5513 2763 5553 errorem
2817 5499 2989 5553 fuisse
3020 5515 3085 5553 ex
3124 5501 3374 5569 plin-ilius
3404 5511 3625 5556 constat
3662 5505 3812 5557 anti-

546 5560 793 5617 haeresim
832 5562 902 5616 64
957 5562 1011 5615 ἱιι
1044 5560 1282 5615 Panario
1316 5560 1574 5619 numeros
1603 5566 1674 5618 2‘2
1697 5577 1748 5619 et
1769 5566 1860 5617 ‘25.

2220 5569 2846 5643 quitatisdocumentis.
2880 5585 2943 5623 ex
2993 5569 3289 5643 Methodio,
3336 5587 3400 5643 ex
3452 5571 3809 5643 Hieronymo,

616 5624 1061 5710 £97)__‘Eré6vce
1116 5633 1222 5710 τὰς
1273 5633 1497 5701 ψυχάς.
1549 5635 2080 5710 ΔΑιιίιιιιιε-Ιιοιιιί-ιιιιι

2220 5624 2286 5691 ἐκ
2324 5639 2630 5707 Epiphanio
2665 5628 2852 5710 nostro
2880 5649 2993 5691 tum
3024 5641 3075 5693 in
3114 5624 3410 5710 praesenti,
3442 5624 3554 5710 tum
3596 5624 3809 5696 madidi

550 5698 871 5769 Corporibus
911 5698 1324 5769 prmcxstitisse,
1362 5698 1425 5755 ac
1459 5705 1712 5759 cu‘lestcs
1753 5706 1919 5758 luisse
1951 5706 2119 5757 virtu-

2221 5716 2337 5777 ιέιιει
2367 5726 2540 5777 nuper
2566 5712 2617 5762 in
2651 5709 2851 5763 IIa-rcsi
2909 5710 3002 5773 6i,
3045 5708 3199 5764 nttm.
3236 5710 3287 5762 4.
3316 5708 3450 5763 Vide
3483 5708 3809 5777 Origeniunu

551 5763 1021 5851 ξξξξηξξι-ςοινιὶοιξι
1049 5769 1243 5824 deinde
1273 5763 1434 5851 velttti
1458 5786 1707 5827 carceres
1729 5776 2031 5851 conj-ictas,
2063 5781 2119 5823 ut
2219 5776 2363 5833 Petri
2399 5763 2638 5838 υξιιήυιίε
2669 5779 2848 5833 ﬂuuii
2883 5763 3072 5847 lib,'",
3110 5763 3231 5851 (ιη),
3264 5782 3320 5847 2,
3356 5788 3549 5849 quam.

552 5826 844 5901 scelerum,
882 5826 1085 5907 quibus
1126 5856 1245 5898 sese
1286 5826 1627 5912 polluerant,
1659 5826 1850 5912 punias
1890 5826 2117 5909 darent,
