3950 6416
163 382 246 438 ηε)
1538 365 1724 422 ANCO

1834 366 1990 424 TUS.

3301 362 3408 420 {30

159 495 328 550 Τοίνυν
362 490 430 544 τὰ
457 490 656 561 ίμάτια
683 485 764 550 τίς
791 481 936 554 αὐτῷ
969 481 1141 551 ὕφανε
1167 481 1236 535 τά
1276 479 1416 552 μετὰ
1443 480 1543 552 τὴν
1577 480 1710 534 ἀνά-

1834 481 2104 550 liscipulis
2137 495 2260 534 cum
2293 495 2524 551 corpore
2565 481 2857 550 animaque
2899 478 3188 535 visendum
3213 494 3274 536 se
3295 494 3411 537 non

161 598 355 648 στασιν;
393 579 536 632 Ἀλλ’
560 579 706 649 ἐρεῖς
732 591 817 646 μοι
848 573 1089 634 πάντως,
1133 571 1440 642 Ἐνδύματα
1465 587 1714 641 πνευμα-

159 673 308 727 τικάό
328 670 487 732 αὐτὸς
520 669 773 738 ποιήσας.
807 667 914 718 Καὶ
947 667 996 718 εἰ
1028 663 1256 717 τοιαῦτα
1282 662 1558 734 ἐνδύματα
1584 662 1715 732 ἡδύ-

159 776 262 812 νατο
281 755 455 826 ἐαυτῷ
491 758 690 818 ποιεῖν,
731 752 972 816 ἐκείνους
1009 754 1139 816 τοὺς
1171 752 1534 824 δερματίνους
1553 751 1718 822 χιτῶ-

157 865 236 910 νας
261 849 352 900 οὐκ
380 845 614 916 ἠδύνατο
647 846 866 915 ποιῆσαι
894 846 1006 906 τοῖς
1034 845 1163 914 περὶ
1195 843 1286 895 τὸν
1330 842 1502 912 Ἀδὰμ
1529 842 1716 913 οἰκείῳ

157 939 426 1008 θελήματις
455 938 664 998 Ὄντως
689 937 703 965 ¹
724 933 981 986 ἐκπίπτει
1010 931 1104 985 τοῦ
1153 933 1463 1003 Ὤριγένους
1487 935 1520 1003 ή
1553 932 1718 1002 ἀλλη-

157 1031 312 1098 γορία.
345 1030 406 1081 Et
433 1027 544 1097 γὰρ
575 1025 711 1096 μετά
738 1026 797 1077 τὸ
821 1024 1157 1095 βεϐρωκέναι
1186 1023 1282 1076 τοῦ
1310 1023 1469 1088 ξύλου
1493 1024 1718 1095 ἐκτίσθη

155 1121 222 1190 τῷ
247 1119 407 1189 Ἀδὰμ
433 1122 466 1188 ή
494 1116 650 1186 σὰρξ.
676 1115 841 1169 πόθεν
871 1117 978 1186 ἄρα
998 1115 1191 1169 ἔλαϐεν
1220 1117 1248 1168 ὁ
1275 1114 1409 1177 Θεὸς
1432 1115 1532 1182 τὴν
1556 1115 1721 1169 πλευ-

160 1215 268 1284 ράνς
293 1213 348 1276 δς
373 1209 674 1282 διεγερθεὶς
693 1209 802 1262 ἀπὸ
820 1209 918 1280 τῆς
938 1207 1273 1269 ἐκστάσεως,
1294 1206 1445 1278 φησί·
1467 1207 1722 1262 Ὀστοῦν

157 1304 212 1356 ἐκ
233 1303 342 1356 τῶν
367 1301 569 1355 ὀστῶν
589 1317 729 1369 μου,
777 1299 873 1352 καὶ
912 1297 1071 1367 σὰρξ
1103 1299 1173 1352 ἐκ
1208 1295 1318 1366 τῆς
1341 1297 1570 1365 σαρκός
1596 1314 1719 1366 μου

158 1412 336 1450 τουτο.

1819 574 2087 642 praebuit;
2124 580 2216 626 aut
2251 587 2376 626 eum
2429 588 2557 626 ossa
2599 589 2697 625 sua
2732 571 2956 626 Tlromzn
3003 587 3310 640 carnesque
3353 581 3410 627 et

1819 665 1991 719 latera
2038 668 2425 730 monstravit',
2462 666 2665 731 nudus,
2699 666 2918 736 Opinor,
2953 681 3061 719 non
3105 666 3227 719 fuit.
3269 665 3408 732 Quis

1821 757 1987 826 igitur
2021 757 2134 810 time
2165 758 2238 811 illi
2272 765 2395 828 post
2433 760 2893 813 resurrectionem
2923 760 3246 813 vestimenta
3274 773 3410 812 con-

1820 850 1966 905 suit?
2006 849 2164 904 Dices
2207 851 2483 919 spiritales
2530 849 2794 920 quasdam
2843 858 3023 904 vestes
3071 849 3171 904 sibi
3230 851 3406 918 ipsum

1821 941 2142 998 adornasse.
2193 943 2364 1012 igitur
2413 943 2504 1012 qui
2570 942 2836 1011 ejusmodi
2891 943 2996 996 sibi
3055 949 3237 995 vestes
3298 941 3410 994 ela-

1823 1033 2020 1087 borare
2064 1035 2264 1103 potuit,
2300 1034 2558 1103 pelliceas
2593 1033 2716 1087 illas
2753 1033 2970 1086 tunicas
3003 1033 3196 1103 primis
3243 1030 3410 1084 Ιιοιιιίσ

1822 1124 1985 1177 nibus
2019 1133 2212 1193 suapte
2240 1125 2521 1177 voluntate
2542 1123 2813 1176 conﬁcere
2841 1139 2947 1176 non
2978 1122 3197 1192 potuit?
3229 1121 3412 1174 Enim-

1821 1229 1953 1268 vero
2001 1223 2112 1269 tota
2168 1216 2259 1268 illa
2321 1215 2634 1285 exploditur
2681 1213 2934 1284 Origenis
2986 1214 3269 1284 allegoria.
3302 1212 3415 1283 66

1821 1299 1956 1354 Nam
2013 1303 2057 1356 si
2120 1309 2244 1370 post
2301 1303 2650 1373 degustatum
2701 1303 2939 1358 fructum
2991 1319 3212 1357 carnem
3271 1301 3414 1356 Deus

1821 1389 2032 1446 Adamo
2081 1393 2392 1460 fabricavit,
2440 1395 2716 1449 undenam
2772 1406 2984 1450 costam
3030 1396 3178 1448 illam
3228 1393 3414 1448 lateris

163 1488 461 1559 acceperat?
513 1501 640 1542 nam
696 1501 821 1540 cum
875 1485 1119 1540 Adamus
1174 1499 1240 1539 ex
1292 1483 1564 1540 altissimo
1626 1483 1719 1541 illo
1754 1499 1953 1556 sopore
1981 1495 2128 1543 esset
2167 1489 2440 1544 excitatus
2468 1507 2480 1542 :
2513 1489 2610 1554 Os,
2653 1489 2852 1560 inquit,
2893 1503 2959 1542 ex
3003 1487 3214 1541 ossibus
3265 1484 3411 1540 istud

157 1590 238 1643 est,
268 1590 314 1634 et
344 1596 470 1634 caro
503 1579 570 1632 de
591 1594 751 1632 carne
782 1595 899 1632 mea
922 1578 963 1630 ³.

211 1670 317 1727 31".
361 1671 466 1724 Τοῦ
504 1671 694 1724 λοιποῦ
727 1669 908 1722 τοίνυν
945 1668 1136 1739 μηδεὶς
1169 1669 1304 1739 ἡμῖν
1338 1667 1544 1731 κόπους
1574 1683 1722 1738 παρ-

1904 1662 2086 1718 LXIII.
2129 1663 2300 1719 Nemo
2354 1664 2538 1734 itaque
2575 1665 2836 1736 deinceps
2893 1666 3054 1722 nobis
3103 1667 3414 1724 molestiam

161 1763 320 1834 ιχέτω.
346 1763 501 1816 Οὕτω
523 1765 634 1833 γάρ
658 1759 873 1828 δοξάζει
903 1762 937 1831 ἡ
971 1760 1104 1830 ἁγία
1128 1759 1222 1812 τοῦ
1252 1759 1388 1812 Θεοῦ
1430 1759 1724 1829 Ἐκκλησία

1834 1757 2092 1827 prazbeat.
2126 1755 2201 1811 Ita
2230 1757 2432 1827 quippe
2468 1759 2536 1810 ab
2573 1757 2730 1812 initio
2765 1759 2832 1811 ad
2878 1757 3020 1814 hanc
3061 1775 3238 1830 usque
3269 1761 3415 1816 diem

161 1856 248 1908 ἀπὸ
275 1854 375 1908 τῶν
406 1853 698 1909 ἀνέκαθεν.
726 1854 800 1907 Ού
829 1855 1247 1925 παραστήσεται
1279 1851 1388 1924 γὰρ
1409 1853 1541 1922 ἡμῖν
1577 1851 1723 1922 Ὠρι-

156 1948 298 2018 γένης
328 1949 382 1999 ἐν
410 1945 598 2017 ἡμέρα
627 1944 887 2016 κρίσεως.
921 1943 1204 2013 Θαυμάξω
1237 1942 1347 2013 γὰρ
1378 1942 1454 2003 ὡς
1483 1940 1722 2010 ἀληθῶς,

161 2038 257 2101 ut};
283 2054 418 2101 τινες
451 2038 740 2108 ἀνέχονται
770 2036 865 2089 τοῦ
899 2034 1394 2106 βλασφημήσαντος
1415 2033 1506 2086 τὸν
1532 2031 1726 2086 ἑαυτοῦ

163 2131 422 2201 Δεσπότην.
462 2127 896 2197 Ἀναγνὼτωσαν
928 2127 1241 2198 Ὠριγὲνυυς
1261 2126 1333 2179 τὰ
1359 2126 1497 2194 Περὶ
1523 2123 1728 2195 ἀρχῶν

159 2225 198 2274 οἱ
211 2221 442 2288 τοιοῦτοι,
467 2222 563 2275 καὶ
587 2220 914 2292 μαθέτωσαν
937 2221 986 2272 οἱ
1009 2219 1296 2284 δοκοῦντες
1326 2214 1468 2274 εἶναι
1498 2219 1606 2272 υἱοὶ
1625 2218 1728 2288 τῆς

174 2312 468 2385 Ἑκκλησίας
501 2313 607 2384 τῆς
642 2311 960 2384 καθολικῆς,
991 2315 1086 2367 καὶ
1120 2313 1194 2385 μὴ
1218 2312 1310 2366 τὸν
1339 2313 1467 2366 Υἱὸν
1493 2312 1602 2365 ἀπὸ
1626 2310 1726 2381 τῆς

160 2403 236 2456 τοῦ
267 2405 465 2476 Πατρδς
495 2405 757 2476 θεότητος
780 2406 1039 2475 χωρίζειν
1063 2405 1446 2476 τολμάτωσαν,
1486 2399 1604 2468 πῶς
1626 2404 1728 2457 οὐκ

165 2497 434 2566 ἀπηξίωσεν
451 2497 564 2568 (98)
610 2497 892 2567 Ὠριγένης
931 2497 1106 2549 εἰπεῖν
1134 2498 1217 2548 ὅτι
1241 2497 1338 2567 οὐχ
1365 2497 1467 2567 ὁρᾷ
1498 2495 1589 2548 τὸν
1615 2496 1725 2546 Πα-

173 2586 272 2657 τέρα
297 2591 321 2640 ό
345 2588 486 2652 Υἱός.
537 2587 707 2641 Ἀλλά
742 2603 898 2657 φησι·
937 2605 956 2637 ι
998 2587 1085 2650 Ὠς
1121 2587 1182 2639 ού
1213 2585 1436 2640 δύναται
1463 2587 1597 2657 όρᾷν
1633 2583 1725 2637 τὸν

170 2678 349 2748 Πατέρα
371 2679 398 2730 ό
416 2679 570 2742 Υἱὸς,
602 2679 699 2731 καὶ
727 2677 787 2730 τὸ
817 2676 974 2745 ἅγιον
1003 2677 1231 2746 Πνεῦμα
1259 2677 1319 2727 ού
1350 2676 1572 2730 δύναται
1599 2675 1724 2728 ἰδεῖν

169 2768 239 2820 τὸν
267 2770 400 2823 Υίόν.
416 2789 433 2820 ι
462 2771 580 2823 Καὶ
596 2770 774 2824 πάλιν·
806 2787 824 2821 ι
843 2770 905 2822 Οἱ
924 2767 1146 2837 ἄγγελοι
1163 2769 1221 2821 οὐ
1239 2767 1494 2820 δύνανται
1517 2766 1645 2820 ἰδεῖν
1664 2765 1724 2820 τὸ

173 2859 294 2926 ῖιγιον
325 2860 563 2932 Πνεῦμα,
623 2860 720 2913 καὶ
765 2860 816 2912 ot
853 2859 1133 2930 ἄνθρωποι
1180 2860 1238 2911 ού
1285 2857 1542 2911 δύνανται
1593 2857 1724 2912 ἰδεῖν

172 2949 267 3010 τοὺς
285 2949 560 3016 ἀγγέλους.
581 2967 600 2999 ι
627 2949 737 3001 Καὶ
764 2949 1159 3016 ὲφαντασίασεν
1176 2947 1389 3009 ἑαυτὸν,
1411 2946 1610 3017 μᾶλλον
1629 2948 1722 3000 καὶ

173 3037 244 3100 οὓς
277 3041 564 3112 ἠπάτησεν,
619 3041 735 3092 ἀλλ’
765 3040 826 3093 ού
863 3039 953 3092 τὸν
997 3040 1218 3093 συνετὸν
1258 3040 1353 3093 καὶ
1401 3039 1591 3092 πιστὸν
1629 3041 1724 3093 καὶ

1829 1858 2182 1905 sacrosancta
2211 1851 2380 1903 sensit
2419 1848 2686 1904 Ecclesia.
2712 1848 2901 1921 Neque
2933 1865 3064 1904 vero
3105 1851 3157 1904 in
3197 1851 3292 1905 illo
3319 1852 3416 1921 ju-

1827 1945 1956 1999 dicii
1990 1944 2079 1999 die
2120 1945 2278 1998 nobis
2316 1944 2582 2012 Origenes
2623 1943 2819 1998 aderit.
2856 1943 2969 1998 Hoc
3011 1945 3156 1999 enim
3199 1960 3418 2016 magno-

1828 2053 1959 2108 pere
2000 2035 2271 2099 demiror,
2320 2036 2468 2104 quod
2511 2037 2761 2089 nonnulli
2800 2037 3073 2090 hominem
3119 2038 3284 2090 istum
3320 2039 3412 2108 qui

1828 2126 1882 2181 in
1932 2126 2221 2181 Dominmn
2283 2140 2447 2180 suum
2490 2127 2928 2180 contumeliosus
2981 2137 3087 2189 est,
3135 2128 3416 2183 sustinere

1827 2220 2065 2289 possint.
2104 2217 2334 2289 Legant,
2384 2218 2429 2274 si
2461 2218 2633 2282 lubet,
2675 2216 2929 2288 Origenis
2968 2217 3163 2270 librqu
3205 2221 3298 2288 qui
3336 2217 3414 2271 De

1826 2311 2101 2380 principiis
2163 2311 2464 2380 inscriptus
2520 2319 2627 2373 est,
2685 2317 2852 2378 atque
2901 2309 3026 2363 inde
3089 2325 3281 2378 sapere
3329 2309 3414 2363 di-

1827 2411 2009 2466 scant,
2052 2402 2147 2472 qui
2183 2401 2439 2456 Ecclesia:
2475 2399 2760 2454 catholica:
2803 2399 2897 2452 lilii
2947 2415 3074 2454 esse
3114 2399 3408 2460 videntur;

1827 2508 1928 2548 nec
1958 2493 2218 2562 deinceps
2261 2491 2455 2545 Filium
2515 2503 2545 2543 ι
2597 2489 2778 2543 Patris
2823 2489 3111 2544 divinitate
3157 2505 3413 2559 separare

1827 2586 2083 2640 audeant.
2133 2585 2380 2646 Discant,
2417 2584 2661 2653 inquam,
2705 2583 3168 2652 quemadmodum
3217 2581 3414 2653 Origeo

1826 2694 1925 2733 nes
1967 2693 2076 2731 non
2120 2678 2390 2732 dubitarit
2419 2693 2669 2732 asserere
2703 2677 2899 2731 Filium
2935 2679 3160 2732 minime
3192 2675 3412 2732 Patrem

1825 2767 2048 2824 intueri.
2090 2769 2181 2824 Sic
2224 2769 2368 2824 enim
2402 2770 2646 2839 loquitur
2679 2789 2691 2823 :
2734 2769 2959 2822 Perinde
3000 2786 3062 2822 ac
3096 2769 3271 2823 Filius
3305 2769 3414 2823 Pa-

1827 2871 1956 2914 trem
1993 2859 2163 2914 ridere
2203 2877 2305 2914 non
2337 2871 2528 2925 potest,
2561 2862 2636 2914 ita
2679 2859 2910 2928 Spiritus
2963 2869 3174 2914 sanctus
3213 2859 3414 2914 Filium

1827 2951 1998 3004 videre
2028 2953 2223 3021 nequit.
2255 2953 2334 3004 Ac
2367 2967 2565 3006 rursus
2601 2970 2613 3005 :
2640 2951 2828 3020 Angeli
2871 2949 3130 3008 Spiritum
3171 2961 3416 3005 sanctum

1827 3041 1999 3095 videre
2042 3053 2318 3112 nequeunt,
2374 3052 2429 3095 ut
2470 3053 2520 3096 et
2564 3043 2796 3097 homines
2847 3043 3058 3112 angelos
3093 3042 3266 3096 videre
3310 3060 3416 3096 non

177 3130 454 3183 πιστεύοντα
485 3135 552 3203 τῇ
598 3130 826 3202 ἀληθείᾳ
851 3131 946 3183 καὶ
980 3132 1047 3200 τῇ
1083 3132 1427 3202 πνευματικῇ
1469 3129 1723 3182 διδασκα-

1834 3140 2067 3194 possunt.
2129 3129 2206 3182 Ita
2236 3129 2340 3183 sibi
2382 3130 2484 3198 ipsi
2512 3129 2731 3198 quidem
2760 3130 2898 3184 etiis
2918 3145 3056 3198 quos
3089 3129 3140 3182 in
3170 3144 3415 3182 errorem

176 3218 260 3290 ὶὶᾳ.
295 3222 490 3277 Παῦσαι
513 3221 723 3286 τοίνυν,
773 3221 1068 3292 Ὠρίγενες,
1097 3221 1192 3275 καὶ
1231 3219 1595 3286 παύσασθε,οί
1628 3220 1723 3273 τοῦ

189 3310 450 3381 Ὠριγένους
488 3313 759 3387 μαθηται.
801 3313 1154 3385 Ἀληθεύουσι
1196 3312 1308 3385 γάρ
1337 3313 1390 3366 οἱ
1437 3312 1726 3366 ἀπόστολοι

184 3405 308 3459 καἱαὶ
333 3408 632 3479 προφῆται,
664 3408 810 3479 ἥπερ
836 3407 994 3478 ὑμεῖς
1017 3407 1112 3460 καὶ
1139 3406 1168 3458 ό
1199 3404 1354 3476 ὑμῶν
1383 3400 1722 3468 διδάσκαλος.

188 3494 540 3554 Παύσασθωσαν
572 3501 627 3552 οἱ
656 3499 977 3563 Γνωστικοὶ,
1018 3499 1458 3567 καταγνωστικοὶ
1495 3496 1552 3550 δὲ
1573 3499 1727 3561 ὄντες

184 3585 250 3638 τὸν
276 3589 473 3660 τρόπον.
528 3590 648 3645 Καὶ
701 3589 1105 3644 παυσάσθωσαν
1152 3589 1587 3642 Οὐαλεντινιανοὶ
1633 3589 1729 3642 καὶ

181 3677 427 3749 Μανιχαῖοι
455 3683 548 3735 καὶ
583 3682 1022 3752 Μαρκιωνισταὶ,
1056 3682 1104 3734 οἱ
1144 3679 1288 3735 κατά
1311 3681 1490 3734 πάντα
1521 3680 1730 3733 πεπλα-

180 3770 379 3840 νημένοι.
419 3775 526 3828 Καὶ
569 3772 978 3827 παυσάσθωσαν
1029 3774 1298 3842 Ἀρειανοὶ
1327 3773 1420 3825 καὶ
1461 3773 1728 3844 Ἀνόμοιοι

179 3860 254 3912 καὶ
278 3862 557 3930 Σκϐἐλλιοι,
603 3865 699 3918 καὶ
724 3865 1096 3934 Πνευματῖται
1121 3865 1172 3916 οἱ
1206 3860 1302 3934 3.1
1335 3865 1731 3936 Πνευματομά-

178 3967 263 4019 χοι.
297 3956 377 4008 καὶ
402 3959 714 4029 Διμοιρῖται
751 3958 800 4009 οἱ
843 3956 1088 4025 ἀνοήτως
1124 3955 1216 4009 τὸν
1249 3955 1375 4010 νοῦν
1414 3955 1730 4028 παρεκῦἁλ-

177 4041 346 4109 λοντες.
376 4050 555 4104 Πάντα
583 4049 697 4120 γὰρ
722 4047 976 4118 ἀληθεύει
995 4051 1029 4120 ἡ
1056 4047 1180 4101 θεία
1209 4049 1424 4120 Γραφή·
1461 4049 1732 4111 συνέσεως

177 4130 222 4185 δὲ
240 4137 378 4207 χρεία
400 4141 514 4195 ἐστὶ
534 4140 636 4194 τοῦ
663 4141 862 4194 εἰδέναι
881 4140 974 4193 τὸν
995 4139 1150 4202 Θεὸν,
1165 4140 1442 4193 πιστεύειν
1464 4139 1611 4210 αύτῷ
1637 4139 1732 4193 καὶ

177 4224 268 4286 τοῖς
291 4226 440 4282 αὑτοῦ
473 4229 680 4301 λόγοις,
709 4232 806 4283 καὶ
830 4229 899 4283 τὰ
923 4229 1029 4282 ὑπὸ
1061 4229 1153 4282 τοῦ
1188 4230 1323 4282 Θεοῦ
1360 4228 1733 4301 κεχαρισμένα

179 4310 254 4364 καὶ
273 4313 513 4388 δεδομένα
544 4321 645 4375 καὶ
668 4321 924 4390 ἐσόμενα,
952 4322 1048 4374 καὶ
1078 4322 1278 4376 ειδέναι
1305 4321 1450 4377 κατά
1476 4322 1577 4390 τὴν
1601 4320 1734 4374 ὑπό·

180 4415 331 4470 σχίσιν
354 4409 447 4480 τὴν
477 4412 592 4466 τῶν
616 4410 824 4483 νεκρῶν
849 4411 1146 4465 ἀνάστασιν
1176 4414 1288 4482 (99)
1319 4415 1378 4466 ὲν
1403 4412 1726 4483 τελειότητι.

181 4489 309 4549 Πᾶσα
341 4499 442 4572 γὰρ
481 4503 699 4574 αἵρεσις
742 4503 1036 4574 ψεύδεται,
1092 4504 1167 4575 μὴ
1210 4504 1450 4558 λαϐοῦσα
1499 4503 1728 4576 Πνεῦμα

180 4581 323 4652 ἅγιον,
349 4592 422 4664 (I)
447 4594 597 4648 κατὰ
628 4594 729 4665 τὴν
775 4594 1077 4665 παράδοσιν
1108 4595 1218 4648 τῶν
1257 4597 1521 4668 Πατέρων
1564 4599 1622 4651 ἐν
1659 4601 1728 4670 τῇ

180 4671 286 4746 ἁγίᾳ
313 4681 396 4734 τοῦ
425 4682 556 4738 Θεοῦ
600 4683 864 4755 καθολικῇ
908 4683 1228 4756 Ἐκκλησία.

1829 3223 2066 3292 impulit,
2106 3221 2333 3274 illudere
2366 3221 2574 3290 potuit;
2620 3221 2853 3288 sapienti
2883 3234 3012 3273 Vero
3042 3233 3104 3272 ac
3133 3219 3277 3273 tideli
3319 3219 3402 3272 ei-

1827 3329 1935 3384 que
1970 3313 2062 3382 qui
2107 3313 2319 3367 veritati
2363 3327 2429 3367 ac
2479 3313 2714 3382 spiritali
2753 3311 3018 3366 doctrinae
3062 3311 3265 3372 credit,
3305 3325 3414 3366 non

1827 3405 2024 3476 potuit.
2064 3403 2262 3460 Desine
2294 3407 2480 3476 igitur,
2525 3403 2787 3475 Origenes
2819 3414 2872 3460 et
2901 3420 2998 3459 vos
3047 3404 3301 3474 Origenis
3334 3404 3419 3458 di-

1828 3495 2027 3565 scipuli
2059 3513 2072 3549 :
2109 3495 2356 3550 veriores
2403 3495 2602 3565 quippe
2655 3495 2810 3550 vobis
2861 3496 3120 3549 omnibus
3162 3509 3226 3548 ac
3279 3511 3419 3564 pra:-

1828 3595 2051 3658 eeptore
2086 3595 2271 3642 vestro
2309 3589 2542 3656 apostoli
2576 3596 2708 3642 sunt
2741 3598 2794 3642 et
2825 3589 3124 3658 prOphetae.
3159 3585 3422 3641 Desinant

1828 3694 1991 3750 porro
2019 3679 2291 3742 Gnostici,
2325 3681 2416 3748 qui
2453 3681 2699 3735 moribus
2727 3697 2786 3736 se
2827 3682 2945 3737 suis
2982 3684 3416 3752 catagnosticos,

1833 3769 1935 3822 hoc
1958 3777 2041 3823 est
2072 3768 2498 3822 condemnandos
2537 3771 2800 3838 przebent.
2835 3769 3133 3826 Facessant
3169 3770 3421 3827 Valenti-

1832 3861 2006 3927 niani,
2073 3860 2379 3926 Maniclnei,
2437 3861 2827 3928 Marcionistae,
2895 3865 2988 3934 qui
3045 3865 3097 3918 in
3159 3867 3420 3919 omnibus

1830 3953 2044 4022 deCepti
2103 3963 2252 4008 sunt.
2303 3953 2566 4009 Desinant
2631 3955 2840 4020 Ariani,
2901 3956 3175 4019 Anomcei,
3229 3955 3422 4010 Sabel-

1833 4045 1984 4108 iiaui,
2030 4043 2389 4101 Pneumalitaa
2431 4049 2547 4101 sive
2573 4045 3082 4112 Pneumatomachi,
3123 4048 3421 4103 Dimaerita:

1831 4136 1922 4206 qui
1954 4137 2154 4192 stolide
2184 4146 2422 4191 mentem
2462 4137 2737 4206 rejiciunt.
2781 4138 2915 4192 Nam
2962 4139 3251 4209 Scriptura
3292 4141 3419 4194 ubi-

1832 4243 1936 4298 que
1983 4244 2113 4283 vera
2160 4242 2244 4284 est
2295 4245 2359 4283 ac
2408 4238 2580 4284 certa.
2634 4228 2911 4298 Sapientia
2965 4247 3096 4285 vero
3151 4232 3203 4284 in
3228 4231 3421 4300 primis

1831 4331 1972 4386 opus
2000 4325 2085 4371 est
2133 4325 2192 4372 ut
2222 4326 2276 4373 et
2326 4313 2498 4373 Deum
2556 4321 2894 4380 noverim-us,
2945 4327 2999 4374 et
3048 4319 3149 4390 ipsi
3188 4321 3421 4390 ejusque

1833 4411 2178 4466 sermonibus
2221 4418 2382 4480 atque
2417 4409 2485 4466 iis
2534 4411 2814 4474 omnibus,
2864 4428 2986 4481 qua:
3036 4412 3184 4467 illius
3225 4412 3277 4464 in
3317 4428 3421 4467 nos

1835 4500 2192 4555 beneﬁcentia
2243 4502 2476 4555 contulit
2526 4502 2611 4557 vel
2665 4501 2963 4572 aliquando
3019 4501 3204 4556 futura
3256 4511 3420 4570 sunt,

1836 4592 1997 4648 ﬁdem
2034 4593 2368 4661 habeamus;
2399 4602 2452 4648 et
2491 4605 2548 4648 ut
2577 4596 2876 4665 perfectam
2907 4613 2971 4650 ex
3006 4595 3156 4649 illius
3182 4595 3422 4666 promis-

1839 4687 1992 4740 sione
2023 4695 2368 4740 mortuorum
2404 4689 2868 4743 resurrectionem
2907 4688 3262 4758 intelligentia
3295 4702 3424 4757 per-

182 4764 428 4831 Cipiamus.
457 4773 654 4828 Omnis
689 4775 836 4830 enim
889 4775 1118 4832 haeresis
1149 4776 1382 4832 mendax
1449 4784 1557 4838 est.
1612 4785 1802 4848 utpote
1841 4795 1963 4850 qua:
2012 4779 2279 4850 Spiritum
2329 4791 2581 4836 sanctum
2628 4797 2694 4835 cx
2751 4780 2976 4836 Patrum
3026 4780 3324 4835 traditione
3366 4779 3424 4832 in

183 4868 339 4916 sancta
373 4864 457 4920 Dei
482 4875 537 4922 et
572 4869 846 4924 catholica
888 4870 1134 4926 Ecclesia
1175 4886 1286 4925 non
1317 4872 1614 4940 acceperit.

235 4951 334 5010 ειν.
365 4959 470 5012 Καὶ
494 4961 630 5033 περὶ
656 4962 861 5018 τώτων
890 4964 1071 5018 αὐτῶν
1108 4963 1267 5029 αὖθις
1299 4965 1463 5021 πάλιν
1491 4964 1727 5036 ἐροῦμεν

271 5111 284 5141 ⁸
318 5110 370 5167 F.
401 5116 596 5184 οὕτως.
674 5119 694 5149 ²
724 5117 883 5174 Joan.
903 5137 996 5184 xx,
1023 5121 1120 5175 ‘27.
1196 5119 1376 5178 'Gen.
1412 5136 1470 5186 ιι,
1497 5120 1588 5175 25.

240 5221 334 5304 (9β)
362 5227 488 5295 Πῶς
519 5231 1036 5304 οὑκ-ἀπηξίωσεν.
1067 5233 1359 5304 Origenem
1392 5231 1487 5287 Dei
1526 5231 1723 5304 Filium

186 5286 328 5370 Patri'
347 5286 786 5370 nou-aequalem;
809 5286 921 5356 non
955 5286 1222 5370 eiusdemi
1238 5286 1581 5363 substantiae.
1625 5303 1722 5358 sed

187 5369 414 5444 {mliorem
453 5381 508 5426 et
547 5369 896 5444 inferiorem;
946 5369 1048 5444 nec
1093 5373 1349 5444 genitum
1377 5389 1587 5444 revera,
1623 5373 1722 5428 sed

187 5427 442 5517 [actumget
484 5441 787 5517 credidisse
826 5427 895 5496 et,
927 5427 1457 5517 docuigseitradunt
1505 5427 1720 5517 Palles.

185 5512 263 5617 3‘“
294 5509 448 5585 ipsius
485 5509 772 5564 audaciam
804 5513 1201 5568 retundendan
1239 5528 1553 5582 suscepere.
1588 5513 1727 5566 Tra-

220 5579 301 5617 unt
327 5583 478 5617 ellum
513 5596 619 5617 nnn
655 5589 806 5617 tanta
836 5582 1138 5617 prodidich
1175 5583 1242 5617 ,1ο
1266 5583 1474 5617 Quin-itu
1507 5596 1702 5617 cannrn

220 5579 308 5653 unt
327 5579 480 5653 etiam
498 5596 620 5653 non
655 5589 806 5653 recte
836 5582 1139 5653 credidisse
1175 5583 1242 5638 de
1266 5579 1475 5653 Spiritu
1506 5596 1720 5652 sancto,

188 5644 344 5724 sttuite
372 5647 458 5714 qui
498 5649 678 5724 ipsum
728 5651 782 5705 in
836 5644 1393 5724 ordine,ipotjstate,
1435 5644 1727 5724 dignitate,

191 5721 433 5794 majestate
484 5721 1126 5794 tertium_constituerit‘.
1180 5722 1382 5779 Evolve
1439 5721 1734 5794 Epiplranii

191 5783 337 5836 nostri
373 5781 686 5856 Panarium,
722 5791 936 5863 inspice
976 5805 1293 5851 memoratae
1323 5781 1596 5853 haereseos
1625 5810 1733 5850 nu-

1905 4963 2094 5019 LXIV.
2142 4964 2251 5020 Sed
2292 4981 2394 5022 nos
2429 4965 2498 5021 de
2548 4964 2636 5021 bis
2671 4965 2872 5021 iterum
2915 4966 3149 5022 subinde
3175 4981 3276 5038 pro
3320 4983 3425 5022 n0-

1831 5233 2051 5305 mer.‘8.
2081 5232 2361 5305 Eivolve_et
2407 5231 2850 5305 Origepianorum
2887 5243 3084 5305 quast.
3113 5236 3148 5292 Ξ
3173 5237 3297 5292 libri
3324 5255 3384 5296 ιι.

1901 5303 2016 5369 (99)
2070 5304 2191 5371 Τὴν
2236 5301 2357 5358 τῶν
2391 5301 2627 5371 νεκρῶν
2664 5301 3030 5360 ἀνάστασιν.
3067 5310 3298 5364 Constat
3328 5318 3423 5363 aut

1830 5375 2105 5428 erravisse
2146 5372 2436 5442 Origenem
2478 5374 2624 5428 circa
2666 5385 3008 5431 mortuorum
3054 5379 3424 5435 resurrectio-

1829 5460 1956 5518 nem
1981 5485 1993 5504 .
2021 5454 2114 5518 aut
2143 5445 2310 5518 dubia
2337 5443 2533 5518 saltem
2558 5453 2612 5498 et
2642 5444 2850 5518 incerta
2880 5448 2946 5502 de
2974 5447 3068 5502 illa
3098 5449 3419 5518 protulisse.

1832 5514 2097 5569 Adeunda
2119 5523 2173 5568 et
2199 5515 2287 5567 hic
2307 5515 2497 5568 eadem
2523 5514 2748 5570 lueresis
2776 5515 2866 5578 64,
2895 5533 3050 5571 num.
3079 5514 3165 5573 f0.
3195 5518 3423 5572 Adeun-

1835 5587 1906 5641 da
1935 5593 1992 5639 et
2025 5583 2350 5654 Origeniana
2382 5585 2476 5639 lib.
2511 5600 2572 5647 ll,
2607 5595 2804 5654 qmest.
2838 5585 2892 5640 9.

1915 5654 1989 5727 (ι)
2011 5653 2330 5727 Addiseant
2350 5655 2506 5727 illinc
2532 5671 2596 5710 ex
2622 5653 2926 5724 Epiphanio
2949 5657 3042 5726 qui
3071 5656 3291 5712 Christo
3323 5671 3423 5712 uno

1841 5724 1966 5805 men
1993 5725 2214 5805 dedere,
2254 5724 2419 5789 unde,
2454 5740 2521 5805 es
2545 5741 2657 5793 quo
2681 5727 2850 5794 fonte,
2879 5724 3166 5800 religionis
3191 5729 3422 5801 domna-

1843 5803 1899 5851 ta
1929 5803 2181 5865 accipere
2209 5811 2314 5853 nos
2349 5803 2618 5863 oporteat.
