3950 6440
456 359 560 414 {31$
1826 361 1882 416 S.
1952 361 2285 416 EPll‘ll.\i\'l|
3611 348 3708 412 133i

453 471 623 526 luenti
655 469 738 525 sui
773 469 899 537 ﬁde,
933 472 1077 541 quod
1119 487 1147 526 a
1181 473 1298 543 lege
1339 482 1391 526 et
1429 473 1713 543 prophetis
1743 484 2026 528 ostensum

2137 473 2662 544 προεπηγγελμένης
2711 473 2816 525 ὑπὸ
2857 471 2951 525 τοῦ
2981 473 3144 543 νόμον
3195 473 3288 525 καὶ
3339 471 3450 522 τῶν
3501 487 3708 540 προφηο

447 569 609 616 lntea
657 559 877 616 fuerat:
912 561 1029 625 Dei,
1068 563 1291 632 inquam
1315 603 1329 626 ,
1365 559 1534 616 Filius
1571 564 1916 634 prmdicatus.
1966 581 2029 618 ac

2137 567 2274 631 τῶν,
2311 565 2436 628 Υἱὸς
2475 565 2611 618 Θεοῦ
2649 565 3063 636 κηρυσσόμενος
3091 605 3105 626 ,
3140 565 3253 626 υἱὸς
3297 563 3464 615 Δαϐὶδ
3490 562 3711 631 λεγόμε-

449 649 672 708 Davidis
698 655 1003 724 appellatus
1043 655 1203 716 lilius,
1234 655 1504 725 siquidem
1543 664 1836 725 utrumque
1888 657 2030 712 Deus

2137 673 2220 718 νος
2241 695 2254 716 ,
2284 654 2451 724 ἄμφω
2488 654 2596 723 γὰρ
2628 653 2760 714 Θεὸς
2796 653 2888 704 καὶ
2922 650 3237 721 ἄνορωττος,
3279 650 3538 718 μεσίτης
3569 645 3714 700 Θεοῦ

435 753 500 797 et
545 743 730 808 homo,
779 743 877 796 Dei
926 754 976 798 et
1015 745 1286 798 hominum
1331 747 1591 800 mediator
1630 746 1812 814 fuit‘;
1842 763 2030 800 verum

2137 748 2232 800 καὶ
2268 743 2606 813 ’ἀνθρώπων
2632 785 2646 808 ,
2700 744 2953 815 ἀληθινὸς
3009 740 3155 805 οἶκος
3209 741 3343 794 Θεοῦ
3370 782 3385 804 ,
3415 741 3715 810 ἱεράτευμα

447 833 544 890 Dei
575 834 938 896 domicilium,
974 838 1347 891 sacerdotium
1395 848 1668 897 sanctum,
1707 841 1882 893 sancti
1918 839 2031 910 Spi-

2137 839 2309 907 ἅγιον,
2343 837 2497 904 ἁγίου
2527 835 2666 888 Πνεὺ
2677 851 2842 906 ματος
2871 835 3033 905 δοτὴρ
3066 834 3162 886 τοῦ
3190 832 3594 900 ἀναγεννῶντος
3624 829 3717 882 καὶ

447 927 592 982 ritus
623 929 1003 996 regenerantis
1067 944 1130 982 ac
1165 929 1273 984 Deo
1317 931 1675 985 instaurantis
1717 932 1900 985 omnia
1933 934 2034 986 lar-

2137 929 2572 993 ἀνακαινίζοντος
2608 923 2764 988 αὖθις
2794 928 2859 979 τὰ
2892 927 3068 978 πάντα
3093 924 3170 995 τῷ
3200 924 3318 994 Θεῷ
3342 941 3356 955 ο
3393 924 3478 976 ὅτι
3519 922 3584 974 '0
3611 921 3719 975 Λό-

448 1017 629 1087 gitor;
661 1035 786 1072 nam
843 1018 1065 1073 Verbum
1093 1037 1215 1074 caro
1246 1021 1445 1088 factum
1471 1033 1569 1083 est,
1598 1033 1646 1076 et
1685 1021 1939 1074 habitavit
1976 1024 2028 1074 in

2137 1039 2237 1089 γος
2269 1021 2311 1050 "
2341 1018 2496 1086 σὰρξ
2525 1018 2783 1087 ἐγένετο,
2809 1016 2903 1069 καί
2921 1015 3274 1081 ἐσκήνωσεν
3293 1014 3361 1066 ἐν
3386 1011 3552 1081 ἡμῖν·
3574 1009 3720 1064 εἴδο-

447 1109 636 1172 nobis;
682 1121 732 1163 et
782 1113 1005 1164 vidimus
1061 1113 1288 1182 gloriam
1335 1115 1448 1182 ejus
1507 1124 1761 1184 tanquam
1804 1116 2033 1184 gloriam

2137 1129 2244 1181 μεν
2278 1112 2320 1142 ¹³
2373 1111 2488 1178 τὴν
2537 1110 2726 1174 δόξαν
2774 1109 2960 1161 αὑτοῦ
3008 1109 3088 1173 ὼς
3126 1105 3507 1174 Μονογενοῦς
3561 1103 3722 1170 παρὰ

453 1198 720 1271 Unigeniti
748 1219 779 1255 ιι
805 1202 968 1256 Patre
993 1205 1034 1257 ‘.
1073 1202 1138 1256 Ut
1172 1207 1314 1258 enim
1353 1206 1535 1274 pluvia
1570 1221 1693 1258 cum
1737 1207 2032 1260 arboribus

2137 1206 2384 1272 Πατρός.
2440 1203 2500 1256 '0
2539 1203 2696 1266 ὑετὸς
2733 1202 2974 1272 δένδρεσι
3009 1199 3103 1252 καὶ
3153 1200 3338 1267 φυτοῖς
3373 1193 3719 1266 συμφυσιοὺ-

3737 437 3747 475 ί

445 1293 770 1348 coalescens
815 1309 881 1347 ac
936 1295 1226 1365 stirpibus,
1276 1311 1478 1365 corpus
1527 1297 1712 1362 efﬁcit,
1756 1307 1810 1350 et
1845 1311 2034 1349 unum-

445 1397 722 1454 quemque
749 1385 1026 1438 lructuum
1072 1386 1138 1438 ad
1171 1387 1291 1454 ejus
1321 1385 1466 1441 unde
1514 1397 1672 1442 ortus
1705 1397 1810 1454 est,
1843 1387 2036 1442 simili-

445 1473 694 1529 tudinem
730 1475 1018 1543 producit;
1054 1486 1108 1530 et
1141 1478 1194 1530 in
1234 1478 1378 1531 oliva
1408 1478 1627 1547 quidem
1677 1494 1741 1533 ex
1781 1479 1903 1548 ejus
1932 1496 2034 1533 na-

441 1567 568 1619 tura
594 1572 650 1619 et
678 1565 986 1620 substantia
1023 1579 1368 1638 assumptum
1436 1570 1636 1640 pingue
1689 1571 1870 1625 oleum
1917 1571 2029 1625 elli-

443 1655 616 1720 citur;
658 1656 713 1710 in
747 1657 858 1712 vite
890 1660 943 1711 in
993 1660 1313 1714 suavissimi
1369 1659 1480 1714 vini
1515 1662 1836 1730 qualitatem
1885 1662 2034 1716 colu-

443 1759 673 1814 remque
723 1747 955 1811 transit;
1007 1747 1062 1800 in
1114 1747 1248 1802 licus
1289 1748 1486 1802 arbore
1519 1750 1842 1804 dulcissimo
1896 1749 2032 1805 licus

2138 1312 2296 1367 μενος
2321 1335 2336 1358 ,
2395 1294 2553 1363 σῶμα
2589 1292 2991 1364 ἀπεργάζεται,
3032 1290 3125 1344 καὶ
3158 1289 3264 1342 τῶν
3309 1289 3544 1358 καρπῶν
3596 1285 3722 1338 καθ’

2133 1387 2425 1458 ὁμοιότητα
2455 1387 2684 1438 ἕκαστον
2703 1402 2717 1417 ’
2761 1384 2855 1437 καὶ
2889 1385 2945 1437 ὲν
2990 1383 3087 1454 μὲν
3112 1385 3176 1454 τῇ
3203 1382 3356 1452 ἐλαίᾳ
3392 1379 3570 1433 ἔλαιον
3599 1379 3721 1430 πῖον

2133 1481 2342 1550 γίνεται
2367 1479 2804 1550 πῳσλαόόμενον
2839 1477 2914 1548 (5)
2945 1475 3003 1540 ἐξ
3032 1476 3201 1546 αὐτῆς
3241 1473 3303 1528 τὸ
3335 1473 3628 1536 οὐσιῶδεςι
3664 1471 3722 1524 ἐν

2133 1572 2191 1624 δὲ
2223 1570 2452 1641 ἀμπέλῳ
2497 1565 2637 1631 οἶνος
2678 1568 2808 1638 ἡδὺς
2853 1569 3122 1636 χοῖζεταιο
3161 1566 3220 1619 ὲν
3252 1566 3309 1618 δὲ
3360 1564 3501 1633 συκῇ
3555 1561 3722 1616 σῦκον

2134 1659 2520 1730 γλυκαίνεται·
2556 1658 2648 1710 καὶ
2680 1659 2894 1728 ἑκάστῳ
2923 1656 3253 1728 σπερμάτων
3287 1653 3425 1726 πρὸς
3469 1651 3532 1703 τὸ
3585 1647 3722 1712 εἶδος

2134 1750 2354 1817 αὒξεται
2382 1748 2546 1803 αὑτοῦ
2573 1789 2588 1810 ,
2625 1750 2719 1802 καὶ
2755 1749 2879 1817 φύει
2913 1747 2975 1802 ¹⁶.
3007 1740 3405 1814 Οὑτως,οἷμαι,
3450 1745 3484 1796 ό
3531 1741 3723 1810 Δότυς

445 1817 646 1904 sapore
698 1843 1074 1907 temperatur,
1129 1847 1183 1894 et
1245 1841 1300 1894 in
1362 1841 1606 1910 quolibet
1667 1843 1875 1897 semine
1933 1859 2030 1913 pro

2137 1842 2228 1895 τοῦ
2257 1841 2392 1895 Θεοῦ
2423 1844 2480 1895 ἑν
2510 1840 2698 1913 Μαρίᾳ
2725 1840 2882 1908 σὰρξ
2912 1839 3182 1910 ἐγένετο,
3212 1837 3306 1890 καὶ
3348 1837 3407 1888 ὲν
3443 1833 3722 1904 σπέρματι

447 1926 889 1998 uniuscujusque
928 1929 1102 1983 forma
1139 1931 1536 1986 incrementum
1575 1933 1724 2003 capit
1753 1949 1815 1987 ac
1848 1935 2030 2004 pullu-

446 2016 562 2072 lat:
599 2018 674 2071 ita
720 2019 942 2072 Verbum
982 2020 1096 2086 Dei,
1135 2025 1353 2092 opinor,
1383 2025 1436 2078 in
1473 2023 1639 2078 Maria
1675 2041 1802 2079 caro
1831 2025 2032 2094 factum

442 2110 569 2164 est'
619 2130 632 2165 :
675 2120 730 2167 et
771 2113 824 2166 in
864 2113 1160 2168 Abrahami
1212 2116 1384 2185 stirpe
1431 2115 1595 2170 homo
1649 2132 1718 2170 ex
1769 2117 2031 2186 promissi

446 2200 553 2256 ﬁde
583 2217 835 2272 repertus
856 2213 960 2258 est.
995 2203 1298 2258 Invenimus
1334 2208 1493 2270 enim,
1520 2209 1722 2276 inquit.
1751 2206 2030 2278 Messium,

442 2310 595 2363 quem
633 2296 848 2365 scripsit
883 2295 1115 2366 Moyses.
1150 2297 1294 2352 Idem
1345 2314 1476 2353 vero
1513 2298 1726 2371 Moyses
1754 2318 1769 2355 :
1804 2291 2032 2355 Descen-

442 2387 558 2447 dat,
595 2384 792 2453 inquit,
832 2395 888 2437 ut
927 2386 1106 2454 pluvia
1133 2388 1397 2457 eloquium
1446 2407 1639 2455 meum,
1692 2401 1743 2444 et
1779 2400 2031 2462 tanquam

443 2485 607 2546 guttae
649 2478 917 2531 stillantes
966 2480 1021 2532 in
1081 2488 1277 2533 terram
1305 2481 1348 2534 δ.
1382 2480 1511 2535 Item
1554 2483 1722 2538 David
1759 2485 2030 2538 :Descen-

444 2569 539 2622 dat
571 2569 707 2622 sicut
734 2586 824 2623 ros
863 2570 916 2622 in
957 2569 1121 2624 uellus
1145 2572 1189 2626 ⁸.
1229 2573 1374 2624 Lana
1402 2573 1587 2642 itaque
1647 2589 1830 2629 rorem
1872 2575 2024 2630 exci-

447 2659 606 2728 piens
645 2659 816 2712 fetum
864 2669 1027 2730 auget
1078 2662 1317 2717 velleris.
1369 2662 1539 2718 Terra
1591 2665 1830 2734 pluviam
1880 2667 2031 2721 exci-

447 2751 627 2820 piens,
655 2749 896 2804 l‘ructum
921 2751 986 2804 ad
1013 2753 1382 2807 maturitatem
1411 2755 1681 2823 perducit,
1715 2772 1888 2826 eaque
1913 2774 2033 2828 per-

449 2841 572 2896 fusa
605 2857 673 2896 ex
703 2841 933 2911 imperio
976 2841 1190 2896 Domini
1239 2847 1518 2900 naturales
1567 2848 1752 2918 fruges
1783 2859 2033 2920 prompte

2146 1932 2396 2004 Ἀϐραὰμ
2424 1932 2709 2003 ἄνθρωπος
2748 1930 3040 2003 ηὑρίσκετο
3069 1928 3211 1983 κατὰ
3232 1927 3329 1998 τὴν
3361 1925 3721 1994 ἐπαγγελίαν·

2133 2024 2490 2094 Εὑρήκαμεν
2518 2021 2628 2093 γὰρ
2648 2023 2958 2088 Μεσσίαν,
2998 2020 3069 2074 ὃν
3095 2020 3321 2090 emam
3355 2016 3620 2084 Μωϋσῆς
3651 2017 3718 2070 ¹³.

2137 2116 2316 2186 Ἔφη*
2365 2112 2684 2179 Καταόιὶτω
2735 2114 2816 2178 ὡς
2849 2111 3024 2177 ὑετὸς
3067 2111 3134 2164 τὸ
3181 2106 3536 2178 ἀπόφθετμὰ
3573 2123 3719 2176 μου,

2133 2207 2228 2260 καὶ
2259 2206 2339 2270 ὡς
2376 2206 2414 2273 ἡ
2449 2202 2690 2272 σταγὼν
2731 2204 2769 2271 ἡ
2811 2200 3116 2262 στάζουσα
3151 2199 3250 2252 ἐπὶ
3291 2197 3402 2265 τὴν
3439 2195 3580 2267 γῆν.
3610 2195 3723 2247 Καὶ

2081 2317 2090 2325 '
2133 2301 2161 2352 6
2189 2297 2384 2351 Δαὸίδ·
2419 2293 2740 2360 Καταϐήτω
2788 2293 2868 2359 ὡς
2907 2292 3082 2357 ὑετὸς
3121 2289 3220 2342 ἐπὶ
3268 2289 3482 2341 πόκον.
3529 2285 3722 2354 Ἐριον

2131 2391 2308 2443 τοίνυν
2334 2388 2620 2459 δεχόμενον
2655 2386 2752 2458 τὴν
2785 2385 2996 2458 δρόσον,
3031 2383 3184 2450 αὑξει
3218 2383 3388 2434 πόκου
3415 2380 3581 2450 γονήν
3603 2395 3617 2408 ο
3647 2378 3724 2450 γῆ

2131 2481 2188 2534 δὲ
2207 2479 2470 2550 δεχομένη
2498 2478 2588 2532 τὸν
2618 2477 2772 2530 ὑετὸν
2799 2478 2864 2539 ¹⁶,
2899 2475 3052 2540 αὑξει
3090 2475 3302 2545 καρπὸν
3331 2471 3721 2543 προστάγματι

2132 2571 2404 2625 Δεσπότου
2429 2611 2445 2636 ,
2505 2569 2867 2641 προσδιδοῦσα
2914 2569 3014 2638 τὴν
3052 2566 3212 2636 φύσιν
3247 2563 3678 2635 προθυμοτέρως
3701 2576 3718 2591 ο

2131 2665 2193 2718 τὸ
2243 2664 2300 2717 δὲ
2351 2662 2651 2734 λαμϐάνειν
2691 2664 2821 2733 παρ’
2866 2659 3027 2714 αὑτοῦ
3081 2659 3242 2712 πλέον
3288 2658 3401 2728 ἔχει
3455 2656 3717 2727 σπουδήν.

2133 2759 2289 2814 Οῦτω
2321 2759 2384 2830 δὴ
2419 2759 2513 2812 καὶ
2542 2760 2577 2830 ὴ
2613 2757 2879 2830 παρθένος
2911 2754 3134 2824 Μαρία,
3180 2752 3343 2806 Κατὰ
3385 2751 3444 2804 τί
3489 2749 3722 2818 γνώσο-

2127 2871 2233 2923 μαι
2274 2851 2484 2917 τοῦτο,
2522 2851 2710 2923 φησὶν,
2740 2851 2828 2903 ὅτι
2860 2850 3031 2902 ἔσται
3075 2862 3178 2916 μοι
3225 2844 3442 2907 τοῦτο;
3469 2843 3671 2912 ἤκουσε
3701 2855 3716 2872 ·

448 2949 516 2990 ac
543 2934 776 2989 libenter
806 2934 1028 3001 emittit,
1070 2945 1123 2990 et
1156 2936 1225 2990 ab
1262 2938 1452 2991 eodem
1489 2953 1682 2993 rursus
1727 2942 2031 3010 accipiendi

2137 2945 2378 3015 Πνεῦμα
2427 2945 2648 3013 Κυρίου
2699 2944 2798 2997 ἐπὶ
2848 2941 2951 3008 σὲ,
2981 2941 3078 2995 καὶ
3127 2939 3380 3008 δύναμις
3428 2936 3718 3003 Ὑψίστου

449 3027 642 3097 majori
679 3025 952 3082 desiderio
994 3035 1232 3083 tenetur.
1277 3029 1367 3083 Sic
1417 3039 1470 3085 et
1512 3031 1677 3086 Maria
1713 3034 1867 3103 virgo
1906 3049 2030 3088 cum

2137 3035 2474 3090 ἐπισκιάσει
2522 3052 2621 3090 σοι
2650 3053 2664 3066 ·
2715 3034 2806 3087 διὸ
2839 3034 2937 3090 καὶ
2967 3031 3034 3086 τὸ
3073 3029 3452 3099 γεννώμενον
3478 3028 3548 3081 ἐκ
3577 3025 3718 3088 σοῦ,

448 3117 522 3172 ita
576 3121 957 3188 respondisset.
988 3138 1001 3174 :
1036 3118 1204 3184 Unde,
1271 3120 1469 3190 inquit,
1521 3139 1837 3192 cognoscam
1905 3125 2032 3179 mihi

2137 3129 2306 3199 ἅγιον
2359 3128 2529 3181 ἔσται
2556 3166 2571 3192 ,
2623 3123 2722 3179 καὶ
2791 3122 2924 3188 Υἱὸς
2976 3107 3266 3189 Ὑψίστου
3325 3116 3716 3185 κληθήσεται.

445 3213 588 3267 istud
618 3214 954 3282 afuturum?
980 3214 1191 3268 audiit:
1227 3213 1461 3281 Spiritus
1503 3215 1716 3270 Domini
1764 3218 1818 3270 in
1855 3228 1902 3271 le
1937 3219 2030 3272 de-

2137 3186 2372 3292 Χριστὸς
2402 3221 2459 3274 ὲν
2487 3186 2706 3289 ἀγγέλῳ
2744 3186 2923 3279 λαλεῖ,
2971 3186 3302 3268 ἀναπλάττει
3350 3211 3407 3264 δὲ
3441 3210 3636 3265 ἑαυτὸν
3663 3213 3723 3263 ὲν

445 3304 677 3369 scandet,
709 3316 758 3360 et
809 3309 980 3361 uirtus
1020 3306 1283 3360 Altissimi
1310 3306 1643 3360 obumbrabit
1694 3317 1740 3362 te
1771 3324 1789 3362 :
1818 3309 2034 3378 ideoque

443 3400 658 3468 etquod
688 3413 934 3454 nascetur
961 3414 1026 3453 ea:
1052 3409 1118 3464 te,
1153 3410 1395 3454 sanctum
1435 3404 1615 3466 erit,et
1654 3401 1831 3458 Filius
1863 3405 2034 3461 Altis-

448 3491 571 3543 simi
594 3491 870 3544 vocabitur
895 3494 937 3543 ⁸.
970 3492 1227 3548 Christus
1255 3496 1308 3547 in
1343 3499 1538 3565 angelo
1578 3496 1820 3566 loquitur
1850 3515 1863 3551 :
1891 3507 1944 3551 et
1978 3500 2034 3552 in

449 3581 537 3634 sui
566 3581 740 3650 ipsius
765 3580 1095 3638 formatione
1122 3585 1474 3653 semetipsum
1512 3585 1778 3642 Dominus
1809 3587 2034 3658 elliugit,

448 3674 586 3726 serui
635 3672 868 3742 formam
916 3675 1140 3730 induens
1161 3676 1204 3728 τ.
1255 3676 1523 3731 Cancrum
1579 3677 1748 3732 Maria
1797 3679 2036 3736 Verbum

451 3763 547 3818 Dei
583 3765 652 3819 ad
693 3765 1126 3834 generationem,
1159 3767 1311 3822 velut
1365 3777 1511 3823 terra
1549 3769 1810 3839 pluviam,
1854 3771 2038 3826 haurit

447 3863 508 3912 et
551 3859 812 3925 attrahit;
861 3857 1004 3914 Deus
1050 3875 1182 3914 vero
1231 3869 1482 3915 sanctum
1533 3877 1656 3916 sese
1697 3862 1932 3916 fructum
1982 3865 2036 3917 in

453 3948 672 4002 mortali
705 3949 814 4019 7o
847 3957 1041 4003 natura
1096 3952 1432 4020 capessenda
1481 3952 1846 4008 demonstrat.
1897 3953 2038 4024 Ergo

455 4039 548 4095 hic
579 4056 648 4095 es
677 4041 770 4095 illa
801 4051 961 4095 terra:
990 4043 1166 4098 instar
1189 4057 1252 4097 ac
1283 4044 1500 4100 velleris
1531 4046 1836 4100 attrahente
1865 4046 2039 4116 prole-

451 4135 578 4184 ctus
605 4137 713 4190 est,
755 4145 901 4185 verae
935 4132 1234 4204 solidaeque
1265 4134 1377 4203 spei
1415 4134 1650 4197 fruetus,
1683 4143 1736 4189 et
1767 4151 1796 4188 a
1827 4138 2038 4192 sanctis

451 4229 828 4292 exspectatus.
859 4222 1331 4290 Quemadmodum
1381 4225 1700 4282 Elisabetha
1727 4227 1864 4282 dixit
1893 4248 1907 4283 :
1948 4229 2042 4284 Be-

451 4313 661 4368 nedicta
700 4325 755 4368 tu
795 4317 932 4370 inter
955 4317 1223 4382 mulieres,
1255 4327 1305 4373 et
1353 4318 1651 4373 benedictus
1675 4320 1881 4389 fructus
1917 4338 2039 4376 ven-

455 4406 553 4459 tris
591 4407 668 4458 tui
686 4406 731 4461 ⁸.
766 4405 882 4462 Hoc
923 4416 1103 4462 autem
1151 4425 1313 4462 omne
1354 4426 1420 4464 ex
1454 4411 1694 4465 humana
1726 4413 2040 4469 conditione

2133 3316 2200 3385 τῇ
2237 3311 2432 3366 ἑαυτοῦ
2465 3309 2656 3363 πλάσει
2671 3309 2982 3378 ὀΔεσπότης
2991 3304 3234 3377 μορφὴν
3253 3301 3480 3360 δούλου
3498 3305 3718 3359 λαϐὼν.

2135 3404 2247 3458 Καὶ
2278 3403 2466 3476 Μαρία
2520 3401 2618 3475 μὲν
2669 3401 2930 3472 ἀνιμᾶται
2959 3396 3050 3451 τὸν
3099 3397 3271 3464 Λόγον
3304 3396 3385 3457 είς
3439 3393 3721 3463 σύλληψιν,

2137 3497 2212 3560 ὡς
2234 3495 2386 3549 ὑετὸν
2418 3497 2451 3566 ὴ
2487 3495 2591 3564 γῆν
2623 3493 2818 3548 ἑαυτὸν
2837 3492 2894 3547 δὲ
2918 3489 3130 3561 καρπὸν
3157 3489 3313 3558 ἅγιον
3343 3485 3725 3540 ὑποδείκνυσιν

2137 3593 2165 3642 6
2209 3589 2302 3643 τοῦ
2365 3587 2500 3641 Θεοῦ
2571 3587 2739 3655 Λόγος
2795 3584 3235 3656 προσλαϐόμενος
3287 3577 3483 3648 θνητοῦ
3537 3577 3721 3647 φύσιν.

2138 3678 2326 3743 Οῦτως
2355 3681 2396 3710 ¹⁷
2428 3675 2520 3733 οὖν
2553 3678 2611 3744 ἐξ
2633 3677 2806 3747 αὐτῆς
2826 3674 3130 3746 ἁνιμώσης,
3164 3673 3240 3736 ὼς
3268 3671 3341 3741 γῆ
3371 3670 3465 3724 καὶ
3499 3670 3668 3731 πόκος
3697 3669 3726 3722 6

2136 3772 2235 3842 τῆς
2279 3769 2512 3840 ἀληθοῦς
2559 3768 2772 3831 ἐλπίδος
2800 3765 3010 3838 καρπὸς
3035 3804 3049 3828 ,
3082 3766 3116 3834 ὴ
3154 3763 3264 3816 τῶν
3297 3761 3466 3830 ἁγίων
3495 3759 3727 3830 προσδο-

2138 3863 2262 3926 κία,
2297 3859 2478 3924 καθὼς
2523 3853 2802 3914 Ἐλισᾶδετ
2847 3859 3030 3926 ἔλεγεν
3053 3874 3066 3888 ·
3105 3853 3500 3923 Εὐλογημένη
3535 3853 3619 3906 σὺ
3658 3852 3725 3905 ἐν

2137 3953 2397 4024 γυναιξὶ,
2430 3953 2527 4006 καί
2563 3949 2967 4020 εὐλογημένος
2993 3953 3026 4003 ό
3073 3948 3302 4016 καρπὸς
3333 3944 3444 4013 ’τῆς
3491 3945 3727 4007 κοιλίας

2139 4062 2256 4102 σου
2293 4063 2308 4077 ·
2376 4047 2434 4099 ἓν
2503 4045 2872 4117 προσελάϐετο
2919 4041 2979 4107 ἐξ
3040 4041 3460 4111 ἁνθρωπότητος
3511 4035 3724 4099 παθὼν,

2139 4137 2356 4208 ἀπαθὴς
2393 4137 2468 4190 ὢν
2515 4137 2545 4188 6
2590 4136 2778 4204 Λόγος.
2823 4130 3014 4199 Οὗτος
3040 4133 3219 4200 ἄρτος
3245 4135 3278 4184 ὀ
3309 4129 3454 4193 ζῶν,
3486 4132 3520 4182 ό
3550 4145 3726 4182 nata-

2141 4228 2248 4294 ϐὰς
2270 4230 2337 4292 ἐξ
2365 4227 2627 4295 οὐρανοῦ
2649 4269 2661 4292 ,
2691 4228 2784 4280 καὶ
2806 4227 2952 4295 ζωὴν
2982 4223 3184 4287 διδούς·
3221 4216 3376 4285 οὗτος
3401 4223 3430 4275 6
3465 4221 3568 4292 τῆς
3597 4221 3726 4289 ἀλη-

2142 4320 2268 4383 Θοῦς
2291 4320 2476 4383 ἐλαίας
2503 4318 2714 4391 καρπὸς
2733 4358 2746 4383 ,
2776 4318 2838 4374 τὸ
2874 4318 3053 4371 ἔλαιον
3076 4317 3178 4387 τῆς
3205 4316 3439 4386 κρίσεως
3484 4311 3582 4366 irai.
3630 4315 3726 4382 τῆς

2146 4413 2465 4478 συνθέσεως,
2487 4412 2514 4465 6
2534 4411 2889 4485 προετόπωσε
2918 4409 3180 4481 Μωῦσῆς.
3206 4403 3374 4471 Uitta;
3397 4407 3436 4473 ὴ
3464 4405 3724 4474 ἀληθινὴ

457 4506 524 4546 ac
566 4501 762 4547 natura
808 4495 862 4548 in
898 4510 1022 4551 sese
1073 4497 1358 4550 transtulit
1399 4495 1638 4551 Verbum
1691 4499 1846 4561 illud,
1894 4501 2035 4570 quod

2144 4505 2433 4575 ἄμπελος,
2464 4505 2531 4576 ἦν
2557 4506 2792 4576 γεωργεῖ
2821 4504 2980 4574 μόνος
3012 4505 3041 4556 ό
3071 4502 3262 4574 Πατὴρ
3286 4541 3300 4562 ,
3331 4501 3526 4572 βότρυν
3552 4502 3727 4569 χαρᾶς

456 4600 661 4655 expers
711 4587 916 4655 alioqui
969 4589 1246 4657 passionis
1309 4590 1516 4660 perpeti
1560 4592 1752 4647 voluit.
1801 4592 1906 4649 Hic
1959 4602 2038 4648 est

457 4677 614 4747 panis
659 4676 751 4730 ille
782 4677 926 4732 vinus
975 4681 1064 4750 qui
1109 4680 1173 4733 de
1219 4683 1346 4734 cwlo
1386 4679 1718 4750 descendit’,
1773 4699 1837 4740 ac
1873 4685 2038 4739 vitam

461 4769 746 4842 impertiit.
777 4768 876 4825 llic
909 4781 993 4826 est
1025 4788 1168 4826 vera:
1212 4772 1423 4828 fructus
1469 4775 1637 4840 olete;
1674 4777 1954 4832 unctionis
1987 4788 2042 4832 et

458 4860 877 4932 compositionis
944 4864 1124 4917 oleum
1179 4863 1346 4928 illud,
1399 4865 1541 4934 quod
1588 4864 1802 4937 Moyses
1859 4869 2044 4937 specie

458 4953 697 5024 quadam
743 4955 1171 5011 adumbruvit".
1215 4956 1356 5012 Idem
1395 4975 1514 5012 cera
1537 4959 1657 5013 ritis
1691 4962 1852 5026 est“,
1879 4977 2042 5032 quam

466 5045 620 5100 solus
644 5045 809 5100 Pater
836 5049 985 5112 colit,
1013 5049 1107 5119 qui
1139 5049 1340 5106 laetitia:
1365 5051 1526 5106 nobis
1545 5067 1706 5106 uvam
1732 5055 2042 5124 progenuit.

464 5135 564 5192 llic
595 5145 682 5194 est
710 5155 846 5208 aqua
873 5140 971 5194 illa
1001 5142 1136 5204 viva,
1169 5159 1328 5212 quam
1361 5145 1546 5198 sitiens
1574 5143 1727 5198 homo
1753 5161 1873 5198 cum
1903 5144 2044 5201 bibe-

2143 4600 2410 4668 γεννήσας
2457 4599 2608 4669 ἡμῖν.
2647 4589 2818 4660 Οὗτος
2867 4597 2933 4650 τὸ
2964 4595 3122 4665 ὕδωρ
3157 4596 3225 4649 τὸ
3266 4593 3378 4656 ζῶν
3401 4633 3416 4658 ,
3465 4593 3498 4646 ὃ
3532 4590 3729 4662 διψῶν

2144 4690 2455 4759 ἄνθρωπος
2485 4691 2704 4755 λαϐὼν,
2744 4692 2816 4744 οὺ
2853 4689 3102 4758 διψήσει
3131 4688 3318 4742 πάλιν
3342 4727 3356 4751 ,
3389 4688 3529 4742 ἀλλ’
3559 4688 3729 4740 ἐστιν

2145 4782 2216 4836 ἐν
2245 4781 2319 4850 τῇ
2347 4784 2545 4848 κοιλίᾳ
2573 4782 2761 4837 αὐτοῦ
2787 4783 3130 4851 ἀλλόμενον
3157 4781 3245 4846 εὶς
3283 4779 3436 4846 ζωὴν
3462 4779 3725 4832 αἰώνιον.

2160 4875 2254 4928 Ἐκ
2287 4875 2477 4928 τούτου
2510 4874 2764 4937 λαϐόντες
2791 4873 3100 4944 μετέδωκαν
3128 4875 3176 4925 oi
3213 4871 3323 4925 νέοι
3367 4871 3606 4941 γεωργοὶ
3653 4869 3728 4930 εἰς

2147 4963 2238 5017 τὸν
2295 4966 2531 5034 κόσμον·
2585 4963 2804 5018 παλαιοὶ
2856 4963 2914 5016 δὲ
2967 4962 3202 5035 γεωργοὶ
3257 4960 3523 5030 ὲξὴραναν
3554 4961 3598 4992 ³⁸
3640 4959 3730 5012 καὶ

2145 5053 2402 5126 ἐφθειραν
2426 5052 2516 5106 διὰ
2542 5053 3035 5122 ἀπιστίαν.Αἴματι
3064 5051 3161 5122 μὲν
3191 5049 3354 5103 αὑτοῦ
3384 5048 3727 5117 ἀγιάζεται¹⁹

2145 5146 2214 5199 τὰ
2242 5146 2400 5218 ἔθνη·
2441 5145 2718 5216 Πνεύματι
2766 5145 2822 5198 δὲ
2863 5143 3031 5197 αὑτοῦ
3080 5143 3194 5214 ἰδίῳ
3227 5143 3416 5210 ἀνάγει
3445 5143 3575 5205 τοὺς
3605 5140 3730 5209 κλη-

1543 5319 1566 5352 ³
1600 5275 1758 5374 Joan.
1793 5337 1831 5384 ι,
1858 5320 1949 5376 4‘5.

1513 5393 1535 5423 ⁹
1569 5390 1722 5446 Joan.
1757 5408 1833 5454 Vl,
1870 5393 1959 5446 5|.

538 5313 774 5389 fullU'l‘im
833 5315 972 5389 tt,_5.
1034 5318 1067 5389 f
1093 5315 1252 5389 Joan.
1287 5336 1325 5382 ι,
1360 5319 1445 5374 l-l.
1543 5319 1566 5352 ³
1600 5319 1757 5374 Joan.
1793 5337 1831 5384 ι,
1858 5320 1949 5376 4‘5.

2137 5326 2262 5376 teut.
2299 5339 2471 5385 xxx”,
2504 5323 2557 5376 '2.
2642 5323 2663 5354 ⁵
2689 5320 2833 5375 Psal.
2869 5337 3022 5383 LXXI,
3051 5320 3103 5374 6.
3195 5319 3218 5351 ⁸
3246 5317 3381 5372 Luc.
3423 5333 3463 5376 I.
3497 5318 3570 5372 54
3609 5335 3731 5389 sqq.

463 5381 759 5469 LPhilipp:
795 5385 935 5469 ".17.
1031 5386 1054 5418 ⁸
1093 5387 1225 5469 istuc.
1258 5381 1460 5469 κβ.-
1513 5390 1722 5469 ’_.!oan.
1757 5381 1833 5469 vi,
1870 5393 1966 5469 5|.
1993 5461 2023 5469 _

2137 5391 2305 5469 Exod.
2336 5381 2595 5469 _\_xx,_24_._
2670 5393 2712 5423 ²¹
2741 5391 2900 5469 Joan_.
2941 5381 3030 5469 xv-2
3060 5393 3109 5444 ‘I.
3200 5393 3378 5469 fire.
3411 5391 3508 5469 καὶ
3539 5381 3731 5458 Λόγος.

471 5453 516 5532 ξ³
540 5471 632 5522 π).
672 5453 766 5532 καὶ
792 5454 1025 5532 είδομεν.
1101 5457 1146 5489 ⁸³
1171 5476 1259 5532 γρ.
1297 5460 1462 5532 αὑτοῦ
1497 5459 1651 5524 αῦξει
1681 5453 1843 5532 φυήν.
1925 5463 1966 5494 ¹⁸
1993 5461 2033 5514 D

2137 5471 2152 5515 t
2182 5463 2409 5528 aliquid.
2461 5453 2531 5495 "3
2562 5463 2855 5532 l’erperam
2881 5465 2995 5517 haec
3018 5462 3214 5516 haeresi
3247 5453 3412 5515 uita
3429 5453 3733 5532 leguntur:

463 5525 653 5593 δεχομ.
687 5526 778 5579 τὸν
814 5525 1027 5589 ἐλπίδος
1045 5525 1292 5600 γεωργὸν
1319 5529 1494 5584 ὑετόν.
1575 5532 1616 5562 ¹⁷
1765 5525 1941 5594 οὗτος.
2015 5533 2058 5563 ’⁸
2085 5551 2178 5602 γρ.
2213 5525 2434 5604 ἐξῆραν.
2515 5535 2557 5567 ¹⁹
2585 5525 2685 5604 rp:
2705 5534 2903 5588 ἑαυτοῦ
2931 5533 3169 5603 ἁγιάζει.

543 5675 620 5743 (5)
650 5681 1165 5759 Προσλᾳϐόμενον.
1211 5683 1468 5759 Petavius
1513 5684 1675 5737 vertit
1704 5685 2035 5759 adjunctum.
2065 5685 2396 5744 Tbomasius
2435 5697 2621 5746 noster
2657 5697 2832 5745 totum
2881 5689 3026 5745 hunc
3086 5685 3472 5745 similitudinis
3541 5688 3738 5759 pluvia:

543 5697 620 5743 ia;
650 5697 697 5732 ιι
737 5697 1165 5749 cenationes-or.
1211 5697 1468 5739 Petavuts
1513 5697 1675 5737 vertit
1704 5697 1858 5752 ιιαμιιι

474 5743 653 5806 locum
693 5697 1000 5806 ﬁetaviauae
1030 5752 1496 5825 interpretationis
1532 5755 1858 5810 emendavit.

2136 5895 2199 5906 Α.
