3950 6420
530 434 631 486 1'39

1912 428 1968 482 S.
2022 426 2103 481 El‘

2207 423 2360 483 IANII
3674 432 3755 488 1111

521 550 742 609 sancta;
776 541 880 597 tria
921 536 1097 595 forma
1137 541 1389 611 pradita,
1439 542 1543 596 tria
1570 542 1816 599 eamdem
1872 542 2101 599 formam

2207 562 2327 616 τητι
2356 545 2575 616 χάριτος
2605 544 2817 615 Πατρὺς
2851 546 2945 600 καὶ
2970 543 3102 599 Υίοῦ
3149 546 3243 599 καὶ
3273 544 3427 613 ἁγίου
3459 545 3756 617 Πνεύματος.

521 634 804 701 habentia;
846 636 953 688 tria
989 634 1253 699 eIlicacia,
1298 637 1404 689 tria
1444 636 1607 691 simul
1643 635 1965 702 eIIicientia;
1994 638 2100 690 tria

515 726 909 791 subsistentia,
958 727 1061 780 tria
1114 727 1277 781 simul
1348 727 1712 783 subsistentia
1768 736 1823 782 et
1868 728 2102 782 invicem

520 818 835 888 conjuncta.
882 819 1059 888 Atque
1112 834 1176 873 ea
1234 818 1454 872 demum
1504 829 1693 875 sancta
1721 819 1965 874 Trinitas
2004 834 2101 889 ap-

470 929 479 936 ·
518 910 772 979 pellatur,
800 910 853 963 in
881 926 988 980 qua
1023 910 1126 963 tria
1149 916 1299 975 sunt,
1335 910 1430 964 sed
1460 924 1568 964 una
1595 912 1756 965 trium
1786 911 2103 974 consensio,

519 1018 627 1055 una
653 1000 914 1054 divinitas
944 999 1191 1069 eiusdem
1212 998 1433 1055 virtutis
1461 1000 1818 1069 ejusdemque
1846 1002 2105 1055 substan-

520 1090 625 1153 tia,
668 1086 866 1143 similis
891 1103 919 1142 e
952 1088 1155 1154 simili;
1189 1104 1311 1158 quae
1343 1091 1605 1158 :equalem
1650 1092 1881 1160 gratiam
1917 1107 1982 1146 ex
2015 1106 2105 1145 ea-

520 1181 642 1236 dem
672 1179 834 1235 eﬂicit
866 1180 1039 1250 gratia
1075 1179 1254 1234 Patris
1290 1188 1345 1235 et
1383 1180 1507 1235 Filii
1539 1196 1602 1235 ac
1634 1180 1873 1253 Spiritus
1905 1182 2101 1236 sancti.

519 1276 766 1340 Quonam
810 1286 938 1327 vero
971 1271 1134 1325 modo
1158 1271 1333 1342 possit
1358 1272 1506 1328 istud
1539 1289 1683 1339 esse,
1715 1274 1964 1345 ipsismet
1997 1274 2105 1330 illis

518 1371 823 1425 docendum
845 1369 1173 1438 relinquitur
1201 1386 1213 1423 :
1246 1365 1438 1430 Nemo,
1466 1365 1666 1435 inquit,
1694 1366 1835 1418 norit
1861 1364 2102 1430 Patrem,

519 1464 622 1516 nisi
650 1461 860 1527 Filius;
899 1478 1060 1531 neque
1093 1458 1318 1523 Filium,
1356 1461 1461 1513 nisi
1503 1458 1690 1522 Pater,
1718 1468 1766 1512 et
1803 1459 1889 1511 cui
1926 1454 2105 1509 Filius

515 1555 761 1610 revelarit
793 1556 845 1609 ¹;
883 1554 972 1608 cui
1009 1561 1190 1608 autem
1226 1568 1321 1620 per
1356 1551 1623 1621 Spiritum
1662 1558 1915 1605 sanctum
1946 1563 2103 1603 reve-

514 1650 610 1710 lat,
648 1650 697 1704 ci
741 1657 788 1703 el
825 1646 989 1701 Pater
1025 1647 1248 1701 revelat.
1286 1645 1413 1699 Tria
1456 1646 1623 1714 igitur
1667 1645 1773 1698 ista
1813 1654 1963 1710 sunt,
2011 1651 2105 1698 aut

514 1758 579 1796 ex
613 1743 755 1811 ipso,
794 1750 887 1795 aut
924 1740 1175 1809 anipso,
1217 1745 1312 1790 aut
1343 1738 1409 1791 ad
1452 1738 1673 1807 ipsunu;
1709 1751 1831 1805 quae
1878 1736 1933 1789 in
1967 1752 2105 1789 uno-

517 1849 769 1903 quoque,
830 1840 891 1886 ut
932 1847 1029 1901 par
1076 1839 1191 1898 est,
1242 1830 1642 1901 intelliguntur,
1691 1839 1852 1899 prout
1895 1828 2103 1897 scipsas

2208 640 2280 693 T6
2333 639 2389 692 δὲ
2442 638 2561 702 πῶς
2584 678 2599 703 ,
2628 640 2813 703 αὐτοῖς
2846 638 3206 693 ἀπολείπεται
3245 638 3548 692 διδάσκειν·
3584 638 3760 706 Οὐδεὶς
3818 690 3825 694 .

2206 730 2314 802 γὰρ
2364 726 2487 783 οἶδε
2519 730 2627 783 τὸν
2663 730 2895 799 Πατέρα
2932 731 2986 784 εί
3027 729 3115 799 μὴ
3164 733 3196 783 d
3239 730 3405 794 Υἱὸς,
3440 729 3630 796 οὐδεὶς
3672 732 3761 783 τὸν

2208 822 2342 875 flor
2366 824 2415 874 εί
2445 820 2531 890 μὴ
2579 825 2611 876 d
2657 821 2862 891 Πατὴρ
2881 864 2895 887 ,
2929 821 3025 875 καὶ
3051 814 3100 887 ᾧ
3126 822 3235 875 ἐὰν
3262 826 3295 876 ό
3338 822 3471 887 Υἱὸς
3494 822 3763 877 ductadu-

2208 917 2319 982 ψῃ.
2361 914 2399 967 ιι
2421 913 2821 967 Ἀποκαλύπτει
2853 914 2910 967 δὲ
2941 914 3027 967 διὰ
3064 912 3382 984 Πνεύματος
3406 912 3556 980 ἁγίον
3577 952 3591 977 ,
3617 910 3763 981 τούτῳ

2209 1008 2301 1060 καὶ
2331 1009 2358 1060 6
2382 1007 2573 1078 Πατὴρ
2606 1006 3007 1060 ἀποκαλύπτει.
3045 1004 3256 1060 Ούκοῦν
3292 1003 3463 1058 ταῦτα
3493 1004 3613 1075 τρία
3636 1004 3761 1064 ὄντα,

2208 1100 2239 1171 ἢ
2275 1098 2334 1165 ἐξ
2378 1098 2543 1153 αὑτοῦ
2570 1140 2583 1163 ,
2617 1099 2648 1169 ἢ
2696 1101 2827 1169 παρ’
2862 1098 3061 1163 αὑτοῦ,
3111 1098 3143 1168 ἢ
3182 1097 3317 1169 πρὸς
3374 1096 3535 1149 αὑτὸν
3581 1096 3764 1165 ἑκάστῳ

2207 1191 2373 1255 ἀξίως
2400 1189 2666 1260 νοούμενα
2693 1231 2707 1255 ,
2759 1188 2943 1253 καθὼς
2994 1188 3161 1243 ἑαυτὰ
3193 1188 3606 1251 ἀποκαλύπτει,
3650 1187 3762 1255 φῶς,

2208 1282 2321 1353 πῦρ
2340 1324 2354 1346 ,
2383 1281 2599 1353 πνεῦμα
2624 1324 2637 1347 ,
2665 1282 2758 1335 καὶ
2784 1281 2993 1346 ἄλλαις,
3018 1275 3194 1351 οἶμαι,
3215 1280 3456 1351 ὁρὰσεων
3488 1278 3762 1349 ὁμοιώσεσι,

2207 1373 2389 1437 καθὼς
2439 1375 2587 1440 ἄξιος
2624 1375 2651 1427 6
2683 1374 3099 1444 διακονούμενος
3149 1372 3458 1444 ἄνθρωπος.
3488 1372 3650 1434 Δύτὸς
3675 1372 3764 1425 τοί-

2206 1484 2301 1518 νυν
2327 1467 2355 1518 6
2388 1465 2520 1528 Θεὸς
2544 1466 2569 1517 6
2594 1467 2649 1518 ὲν
2688 1467 2829 1537 ἀρχῇ
2864 1465 3032 1517 εἰπών
3053 1482 3064 1495 ·
3101 1459 3461 1532 Γεννηθήτω
3492 1462 3643 1532 φῶς,
3686 1463 3765 1517 καὶ

2206 1558 2443 1628 ἐγένετο
2474 1558 2683 1627 φῶςη,
2719 1559 2882 1622 αὐτὸς
2913 1561 2940 1611 6
2971 1558 3215 1627 φωτίσας
3248 1559 3397 1629 ἡμᾶς
3436 1556 3496 1609 τὸ
3527 1556 3635 1625 φῶς
3664 1556 3765 1609 ἰδεῖν

2204 1651 2267 1703 τὸ
2294 1650 2544 1721 ἀληθινὸν
2593 1650 2655 1702 τὸ
2698 1649 2949 1717 φωτίζον
2988 1648 3189 1703 πάντα
3217 1650 3535 1717 ἄνθρωπον
3559 1648 3766 1716 ἐρχόμε-

2205 1759 2316 1796 νον
2348 1742 2437 1807 είς
2467 1740 2575 1794 τὸν
2605 1742 2861 1810 κόσμον.
2913 1739 3387 1803 Ἐξαπόστειλον
3420 1738 3487 1793 τὸ
3530 1737 3647 1807 φῶς
3672 1752 3766 1791 σου

2210 1834 2306 1887 καὶ
2332 1834 2445 1902 τὴν
2474 1832 2765 1899 ἀλήθειάν
2789 1847 2906 1886 σου
2931 1874 2944 1893 .
2976 1832 3141 1903 φησιν
3172 1834 3199 1885 6
3233 1831 3419 1885 Aa6i6.
3452 1831 3621 1894 Αὐτός
3645 1831 3765 1882 ἐστιν

520 1942 768 1997 personm
797 1927 899 1980 illa:
929 1924 1246 1989 declarant;
1282 1924 1396 1986 lux,
1433 1922 1594 1993 ignis,
1622 1922 1875 1992 spiritus,
1907 1929 1962 1975 et
1994 1936 2090 1974 cae-

2207 1927 2232 1978 6
2279 1924 2484 1995 Κύριος
2532 1927 2561 1978 6
2613 1922 2783 1977 εἰπών
2817 1940 2833 1957 ο
2899 1923 3003 1977 Ἐν
3058 1922 3188 1988 ταῖς
3221 1922 3516 1992 ἐσχάταις
3556 1920 3766 1991 ἡμέραις

518 2029 757 2074 terarum
792 2032 975 2073 rerum
1017 2015 1433 2084 aspectabilium
1477 2013 1791 2067 nominibus
1826 2013 2105 2082 appellan-

516 2119 625 2171 tur,
662 2125 761 2179 pro
785 2124 850 2163 eo
873 2122 936 2162 ac
964 2106 1188 2177 quilibet
1209 2105 1489 2159 hominum
1521 2104 1720 2174 dignus
1748 2112 1854 2166 est,
1884 2103 1973 2157 cui
2001 2102 2103 2156 hoc

516 2200 680 2255 ollicii
712 2215 885 2271 genus
919 2197 1274 2269 impenditur.
1305 2196 1449 2253 Deus
1488 2195 1656 2267 igitur
1689 2196 1777 2249 ille
1817 2195 1911 2265 qui
1945 2194 2104 2250 initio

514 2295 691 2349 dixit:
725 2292 849 2347 Fiat
883 2293 997 2358 luat,
1029 2301 1079 2344 et
1108 2291 1253 2362 facta
1281 2300 1357 2345 est
1392 2289 1747 2360 aspectabilis
1770 2289 1861 2343 illa
1893 2289 1986 2342 lux
2042 2291 2062 2319 ¹
2086 2328 2101 2352 ,

515 2388 631 2455 ipse
667 2393 773 2450 est,
807 2385 898 2455 qui
940 2384 1008 2438 ad
1044 2399 1233 2438 verum
1266 2384 1449 2437 lumen
1483 2380 1806 2437 intuendum
1839 2381 2001 2436 nobis
2035 2380 2092 2433 il-

2206 2015 2397 2085 ἐκχεῶ
2426 2016 2544 2070 ἀπὸ
2576 2015 2684 2069 τοῦ
2714 2006 3062 2084 Πνεύματός
3112 2031 3234 2085 μου
3260 2058 3274 2081 ,
3318 2013 3419 2068 καὶ
3468 2012 3768 2082 προφητεύ-

2209 2122 2434 2160 σουσιν
2483 2107 2536 2159 οἱ
2580 2105 2695 2160 υἱοὶ
2746 2104 2977 2167 αὐτῶν,
3010 2104 3107 2157 καὶ
3136 2105 3198 2157 al
3231 2104 3553 2175 θυγατέρες
3579 2100 3767 2163 αὐτῶν,

2210 2198 2307 2251 καὶ
2352 2200 2405 2250 oi
2456 2198 2770 2251 νεανίσκοι
2818 2195 3020 2250 αὐτῶν
3050 2195 3291 2263 ὁράσεις
3331 2197 3620 2265 ὄψονται·
3668 2196 3769 2265 τρία

2210 2290 2479 2363 πρόσωπα
2500 2289 2662 2358 ἁγίας
2689 2288 3032 2361 λειτουργίας
3057 2288 3273 2353 δεικνὺς
3308 2290 3443 2361 ἡμῖν
3474 2290 3534 2358 ἐξ
3564 2286 3771 2343 Onom-

2213 2398 2350 2444 σεως
2381 2381 2427 2411 ¹³
2460 2379 2627 2450 οὔσης
2657 2381 2865 2453 τρίτης.

514 2481 673 2544 luxit,
711 2480 849 2552 quod
878 2480 1147 2534 illuminat
1183 2495 1389 2532 onmem
1444 2478 1711 2531 hominem
1752 2477 2039 2530 venientem
2095 2477 2151 2529 in
2193 2475 2445 2529 mundum
2466 2475 2506 2527 ³.
2542 2473 2742 2529 Emitte
2782 2475 2948 2529 lucem
2988 2484 3158 2540 tuam,
3217 2476 3293 2529 ait
3353 2473 3530 2530 David
3554 2474 3595 2540 δ,
3636 2481 3681 2527 et
3705 2488 3771 2526 ικ-

517 2572 727 2623 ritatem
764 2580 929 2623 tuam.
962 2571 1057 2623 llle
1102 2570 1217 2639 ipse
1251 2569 1512 2623 Dominus
1543 2576 1649 2630 est,
1690 2568 1783 2638 qui
1838 2568 2017 2621 dixit:
2055 2565 2121 2621 In
2150 2568 2447 2621 novissimis
2482 2564 2664 2620 diebus
2698 2565 2967 2636 e/fundam
2997 2567 3061 2620 de
3088 2566 3292 2634 Spiritu
3321 2582 3436 2619 meo
3497 2570 3551 2618 in
3599 2579 3770 2619 omnem

502 2681 758 2729 carnem,
801 2674 848 2719 et
880 2664 1261 2734 prophetabunt
1294 2664 1397 2732 ﬁlii
1426 2679 1632 2727 eorum,
1663 2672 1713 2716 et
1756 2664 1885 2732 ﬁlia:
1929 2663 2165 2729 illorum,
2206 2672 2255 2717 et
2292 2662 2651 2717 adolescentes
2682 2661 2917 2730 ipsorum
2966 2663 3190 2716 visiones
3242 2659 3486 2715 videbunt
3513 2659 3556 2714 ⁸.
3593 2659 3663 2713 Ac
3685 2666 3773 2714 tres

521 2762 818 2817 functionis
862 2776 1035 2817 sacrae
1065 2775 1331 2832 personas
1358 2759 1517 2815 nobis
1539 2758 1800 2823 ostendit,
1830 2774 1955 2814 cum
1986 2760 2147 2815 tertia
2172 2774 2237 2814 ex
2267 2760 2549 2831 hypostasi
2580 2758 2839 2830 procedat
2862 2758 3197 2829 hypostasis.

588 2874 824 2931 LXVIII.
875 2876 1004 2931 Dico
1052 2878 1218 2947 igitur
1266 2877 1538 2932 Christum
1597 2879 1901 2932 ministrum
1943 2878 2106 2947 fuisse

2283 2876 2409 2929 EH'.
2447 2874 2612 2945 Λέγω
2648 2871 2763 2931 οὖν
2809 2875 3071 2943 Χριστὸν
3116 2872 3402 2928 διάκονον
3448 2864 3773 2943 γέγενῆσθοι

515 2968 941 3023 circumcisionis
977 2984 1071 3037 pro
1104 2970 1325 3024 veritate
1357 2970 1474 3035 Dei,
1511 2978 1568 3024 ut
1595 2972 1860 3041 promissa
1883 2970 2106 3039 comple-

2217 2967 2545 3037 περιτομῆς
2578 2968 2733 3037 ὑπὲρ
2764 2968 3053 3035 ἀληθείας
3093 2966 3244 3020 Θεοῦ
3269 2968 3361 3031 εις
3386 2965 3461 3018 τὸ
3495 2962 3776 3031 πληρῶσαι

517 3060 655 3114 ret‘.
713 3058 885 3114 Porro
938 3060 1204 3132 Spiritum
1251 3071 1503 3118 sanctum
1550 3080 1663 3119 una
1711 3064 2030 3120 ministrare
2077 3079 2106 3119 e

2214 3062 2323 3127 τὰς
2369 3060 2769 3130 ἐπαγγελίας,
2828 3059 3193 3113 ωνδιακονείν
3238 3057 3298 3111 δὲ
3354 3058 3418 3110 τὸ
3470 3056 3686 3127 Πνεῦμα
3729 3052 3776 3104 τὸ

516 3168 801 3207 sacrorum
877 3152 1167 3207 Libmrum
1244 3160 1575 3212 auctoritate
1639 3156 1711 3211 ita
1787 3156 2103 3211 didicimus.

2215 3154 2370 3223 ἁγιον
2416 3154 2950 3225 συμπαρειλήφαμεν
2996 3155 3061 3205 ὲκ
3114 3152 3276 3205 Θείων
3325 3150 3563 3222 Γραφῶν
3614 3148 3771 3208 οὕτως,

506 3244 769 3301 Christus
800 3260 828 3297 a
864 3244 1025 3302 Patre
1058 3248 1316 3314 mittitur,
1348 3249 1585 3304 mittitur
1614 3259 1670 3305 et
1702 3247 1942 3319 Spiritus
1979 3264 2106 3304 san-

2224 3245 2639 3299 Ἀποστέλλεται
2671 3246 2701 3298 6
2752 3243 2987 3315 Χριστὸς
3033 3243 3142 3297 ἀπὸ
3188 3243 3403 3314 Πατρδς
3428 3281 3445 3307 ,
3486 3236 3775 3297 ἀποστέλλε-

513 3346 636 3391 ctus
665 3355 677 3391 :
715 3336 971 3393 Christus
1002 3338 1057 3391 in
1091 3342 1299 3395 sanctis
1330 3340 1589 3410 loquitur,
1626 3340 1868 3410 loquitur
1896 3347 1950 3395 et
1981 3338 2106 3409 Spi-

2207 3355 2298 3392 ται
2345 3337 2407 3391 τὸ
2447 3337 2676 3407 Πνεῦμα
2721 3351 2783 3390 το
2826 3337 3017 3405 ἆγιον·
3054 3336 3297 3390 λαλεῖται
3348 3335 3391 3367 ¹⁶
3449 3338 3509 3390 ὲν
3569 3329 3776 3401 ἁγίοιςὁ

510 3427 656 3481 ritus
702 3435 969 3483 sanctus:
1023 3438 1184 3483 sanat
1226 3430 1501 3496 Christus,
1553 3439 1711 3486 sanat
1770 3441 1825 3487 et
1870 3431 2106 3501 Spiritus

2208 3426 2482 3499 Χριστὸς,
2534 3427 2777 3482 λαλεῖται
2837 3427 2898 3481 τὸ
2944 3427 3174 3498 Πνεῦμα
3218 3428 3279 3481 τὸ
3336 3426 3496 3494 ἅγιον
3525 3443 3539 3459 ’
3591 3419 3773 3477 ίᾶταιό

504 3522 745 3571 sanctus
774 3535 787 3570 :
835 3518 1145 3572 sanctiﬁcat
1185 3518 1462 3585 Christus,
1496 3520 1810 3575 sanctiﬁcat
1847 3528 1909 3591 et
1933 3519 2106 3591 Spiri-

2209 3519 2481 3590 Χριστὸς,
2526 3519 2674 3573 ἰᾶται
2707 3519 2767 3572 τὸ
2812 3518 3036 3590 Πνεῦμα
3080 3518 3146 3571 τὸ
3192 3517 3379 3587 ἅγιον⁹
3414 3516 3631 3588 ἁγιάζει
3669 3516 3774 3583 Χρι-

508 3615 608 3662 tus
658 3615 937 3663 sanctus:
998 3608 1243 3678 baptizat
1300 3609 1355 3663 in
1410 3625 1510 3665 suo
1562 3610 1786 3666 nomine
1832 3587 2105 3676 Christus,

2210 3587 2367 3679 στὸς,
2397 3613 2614 3682 ἁγιάζει
2641 3612 2701 3666 τὸ
2727 3587 3043 3683 Πνεῦμαήτὸ
3069 3609 3226 3678 ἁγιον
3246 3625 3260 3640 ο
3294 3587 3548 3679 βαπτίζει
3576 3603 3776 3678 Χριστὸς

513 3702 760 3772 baptizat
793 3710 847 3756 et
878 3700 1117 3771 Spiritus
1153 3710 1400 3758 sanctus.
1433 3702 1512 3756 Ad
1546 3718 1671 3757 eum
1704 3703 1925 3757 modum
1960 3702 2106 3758 Scri-

2210 3705 2268 3758 ὲν
2292 3704 2370 3775 τῷ
2394 3703 2618 3775 ὀνόματι
2651 3701 2815 3757 αὐτοῦ
2841 3744 2855 3769 ,
2887 3700 3138 3772 βαπτίζει
3163 3700 3226 3754 τὸ
3267 3698 3499 3769 Πνεῦμα
3546 3699 3606 3751 τὸ
3629 3694 3775 3765 ἁγιον.

515 3801 679 3864 ptura
724 3794 1009 3864 quuitur'
1046 3812 1059 3849 :
1093 3795 1202 3864 72
1258 3793 1483 3849 Emittes
1534 3796 1799 3865 Spiritum
1836 3805 2007 3862 tuum,
2059 3804 2110 3852 et

508 3886 793 3940 renovabis
858 3886 1051 3957 facient
1109 3896 1319 3941 terraz:
1371 3888 1517 3957 quod
1580 3887 1725 3941 idem
1793 3896 1880 3944 est
1950 3896 2112 3958 atque

519 3980 711 4035 istud:
757 3980 1007 4034 Emittes
1040 3977 1262 4035 Verbum
1315 3988 1486 4042 tuum,
1529 3988 1579 4033 et
1630 3979 1934 4049 liquefacies
1981 3996 2043 4034 ea
2064 3980 2107 4034 ⁸.

518 4073 649 4126 Item
683 4091 695 4126 :
725 4071 1160 4125 Ministrantibus
1223 4071 1333 4125 illis
1380 4070 1605 4125 Domino
1648 4088 1709 4124 ac
1738 4071 2110 4141 jejunantibus

506 4165 656 4218 dixit
701 4163 936 4234 Spiritus
984 4173 1245 4219 sanctus:
1297 4163 1582 4234 Segregate
1625 4162 1756 4216 mihi
1799 4162 2110 4217 Barnabam

512 4270 561 4311 ct
595 4257 820 4313 Saulum
859 4257 929 4310 ad
959 4272 1087 4325 opus
1116 4256 1185 4310 ad
1213 4256 1352 4328 quod
1395 4274 1482 4310 eos
1529 4256 1778 4310 vocavi’.
1822 4255 1970 4310 Idem
2005 4255 2110 4310 hoc

514 4357 599 4403 cst
628 4365 751 4402 cum
788 4351 893 4403 isto
921 4369 933 4403 :
985 4349 1240 4402 Dominus
1274 4357 1453 4401 autem
1482 4349 1619 4401 dixit
1651 4365 1668 4400 :
1709 4346 1991 4417 Ingredere
2018 4363 2110 4399 ur-

516 4440 653 4503 bem,
697 4450 745 4492 et
780 4440 850 4491 ibi
909 4439 1115 4493 dicetur
1164 4438 1414 4509 tibiquid
1462 4448 1509 4492 te
1553 4447 1792 4507 oporteat
1842 4438 2105 4506 facere”.

514 4530 693 4585 item:
744 4529 837 4582 Illi
886 4530 1051 4599 igitur
1104 4531 1255 4583 missi
1302 4548 1334 4583 a
1379 4529 1583 4598 Spiritu
1632 4540 1818 4585 sancto
1863 4530 2105 4585 abierunt

590 4708 609 4741 ³
642 4706 832 4762 Matth.
862 4724 939 4771 χι,
974 4708 1063 4762 27.
1143 4708 1163 4737 '
1197 4705 1334 4762 Gen.
1366 4722 1405 4770 ι,
1443 4707 1497 4761 5.
1574 4707 1594 4738 ³
1630 4705 1788 4761 Joan.
1825 4721 1862 4775 ι,
1892 4706 1944 4761 9.

516 4869 627 4906 νον.

2037 4707 2058 4737 ⁸
2092 4705 2217 4763 Psal
2243 4724 2374 4772 XLII,
2402 4708 2453 4761 5.

519 4781 607 4837 l0.
681 4779 704 4811 ⁸
739 4779 886 4836 Psal.
918 4794 1120 4842 cur",
1156 4778 1244 4832 18.
1321 4780 1340 4809 ³
1372 4780 1495 4833 Act.
1530 4794 1652 4845 xm,
1681 4778 1736 4831 2.
1770 4779 1823 4833 8.
1903 4778 1945 4808 ¹⁰
1974 4778 2098 4832 Act.
2131 4794 2207 4840 ιχ,
2246 4778 2294 4831 7.

706 4850 749 4883 “
775 4868 863 4922 πο.
898 4851 1253 4912 ὑποστάσεως
1276 4847 1336 4914 ἐξ
1357 4848 1452 4903 ύπ.
1534 4848 1579 4880 ¹⁵
1606 4866 1696 4918 πο.
1738 4848 1891 4902 λαλεῖ
1916 4848 2224 4920 utrobique.

2211 3794 2369 3849 Οὕτω
2396 3795 2647 3864 λέγουσιν
2679 3797 2734 3849 αἱ
2756 3794 2971 3867 Γραφαί
2998 3812 3012 3825 ·
3054 3792 3440 3856 Ἀποστελεῖς
3470 3793 3539 3846 τὸ
3566 3786 3778 3857 Πνεῦμά

2212 3902 2329 3943 σου
2353 3927 2369 3953 ,
2430 3887 2529 3941 καὶ
2576 3886 2947 3953 ἁνακαινιεῖς
3001 3886 3070 3940 τὸ
3131 3886 3465 3954 πρόσωπον
3511 3883 3619 3951 τῆς
3654 3879 3775 3950 γῆς’

2209 3979 2395 4047 ὅμοιον
2423 3978 2503 4049 τῷ
2530 3978 2709 4048 λέγειν
2727 4019 2741 4042 ,
2793 3977 3260 4043 Ἕξαποστελεῖς
3300 3974 3409 4030 τὸν
3438 3976 3635 4045 Λόγον
3660 3986 3775 4033 σου,

2212 4072 2310 4125 καὶ
2362 4070 2567 4139 τήξεις
2611 4070 2785 4125 αὑτά.
2839 4101 2911 4109 -
2951 4068 3479 4138 Λειτουργούντων
3532 4066 3598 4120 δὲ
3646 4059 3778 4124 αὐτῷ

2213 4165 2292 4231 τῷ
2318 4166 2513 4234 Κυρίῳ
2543 4164 2641 4219 καὶ
2672 4165 3099 4233 νηστευόντων
3123 4201 3139 4226 ,
3172 4158 3303 4215 εἷπε
3349 4160 3416 4214 τό
3466 4158 3698 4226 Πνεῦμα
3724 4151 3776 4205 τὸ

2212 4256 2403 4325 ἅγιον,
2452 4254 2798 4325 Ἀφορίσατέ
2826 4270 2927 4323 μοι
2956 4250 3277 4320 Βαρνάϐαν
3309 4247 3409 4303 καὶ
3448 4248 3680 4303 Σαῦλον
3708 4243 3778 4305 εὶς

2212 4348 2278 4401 τὸ
2330 4348 2549 4417 ἔργον,
2598 4346 2630 4399 ὃ
2687 4343 3145 4414 προσκέκλημαι
3195 4342 3418 4407 αὐτούς
3445 4356 3461 4370 ·
3498 4340 3675 4409 ὅμοιον
3716 4330 3777 4400 τῷ

2212 4443 2408 4505 εἰπεῖν,
2460 4441 2514 4493 Ὀ
2545 4438 2615 4493 δὲ
2651 4441 2867 4508 Κύριος
2893 4433 3066 4491 εἶπεν
3087 4452 3101 4465 ⁸
3151 4436 3411 4490 Εἷσελθε
3443 4436 3536 4499 εὶς
3563 4430 3670 4498 τὴν
3692 4425 3777 4479 πό-

2211 4536 2333 4599 λιν,
2378 4531 2559 4587 κάκεῖ
2580 4529 2999 4599 λαληθήσεταί
3037 4542 3138 4581 σοι
3171 4526 3230 4581 τί
3259 4540 3335 4580 σε
3370 4524 3470 4578 δεῖ
3498 4521 3699 4578 ποιεῖν.
3724 4542 3777 4557 -

2558 4707 2579 4739 ⁵
2618 4705 2735 4761 Joel
2773 4722 2836 4766 ιι.
2866 4705 2957 4760 28.
3034 4707 3054 4737 ⁸
3092 4705 3249 4760 Rom.
3279 4719 3368 4768 xv,
3449 4703 3470 4733 "
3501 4699 3642 4757 Psal.
3679 4706 3774 4768 pl".

2377 4779 2416 4808 “
2450 4779 2660 4834 Desunt
2695 4778 2809 4831 haec
2827 4765 3027 4833 haeresi
3062 4776 3146 4829 71.
3230 4777 3270 4806 ι’
3314 4765 3479 4829 Deest
3512 4773 3571 4826 τὸ
3600 4765 3777 4840 6916p:-

515 5030 628 5084 cilii
672 5027 1014 5083 Alexandriae
1061 5028 1324 5084 celebrati
1379 5040 1526 5081 anno
1547 5023 1726 5097 _562;
1785 5024 1839 5097 in
1887 5040 1997 5094 quo
2050 5023 2106 5077 S.
2145 5007 2190 5063 ί)
2216 5040 2339 5081 esse
2366 5033 2481 5080 tres
2514 5025 2568 5080 in
2609 5027 2811 5082 divinis
2856 5040 3126 5097 personas
3169 5025 3347 5080 fateri.
3382 5024 3647 5097 Caeterum
3670 5029 3776 5097 Ine:

520 5098 857 5153 Athanasius
889 5099 1222 5154 dissidentes
1279 5099 1420 5153 inter
1460 5112 1518 5152 se
1547 5094 1738 5151 Patres
1770 5092 1837 5148 ad
1869 5092 2104 5149 concor-

518 5172 666 5224 diam
697 5168 924 5220 mirilice
956 5172 1233 5223 revocavit
1257 5208 1272 5232 ,
1307 5169 1443 5237 ipsis
1488 5166 1791 5235 detegendo
1821 5164 2101 5237 diversum

518 5243 669 5296 vocis
697 5237 1046 5301 ὑποστάσεως
1088 5254 1279 5305 usum;
1322 5236 1432 5307 quo
1466 5245 1520 5292 et
1573 5240 1823 5291 nolentes
1854 5236 2103 5307 implicat

518 5312 739 5364 bantur.
796 5308 868 5363 De
907 5324 1007 5364 usu
1052 5304 1298 5377 ejusdem
1340 5304 1512 5363 'vocis
1564 5304 2101 5375 ὑποστάσεωςοριιιι

520 5380 884 5450 Epiphanium
922 5388 1169 5433 nostrum
1198 5378 1575 5450 inspiciendus
1606 5377 1939 5450 locus‘illius
1973 5392 2104 5444 prae-

520 5446 674 5505 sens:
712 5450 1055 5520 inspicienda
1090 5458 1143 5503 et
1185 5446 1309 5520 loca
1340 5449 1404 5520 in
1446 5446 1685 5520 Panario
1731 5446 1999 5520 plurima,
2045 5455 2103 5520 et

560 5516 821 5574 raesertim
880 5536 1143 5574 numerus
1184 5518 1250 5571 16
1292 5518 1347 5571 in
1393 5519 1584 5572 haeresi
1631 5519 1718 5573 75.
1749 5516 2005 5570 Profecto
2040 5516 2096 5570 S.

565 5592 752 5644 asilius
779 5591 1006 5656 Magnus
1050 5592 1104 5643 in
1144 5587 1387 5657 Epistola
1430 5588 1497 5640 ad
1538 5589 1713 5657 ipsum
1746 5586 2106 5655 Epiphaniam

522 5658 668 5729 ιξὲἕίὶν
718 5677 839 5728 quae
862 5663 1019 5729 juxta
1048 5661 1417 5714 recensioncm
1450 5672 1642 5729 novam
1691 5667 1775 5712 est
1824 5661 1878 5712 in
1908 5657 2103 5712 ordine

522 5725 808 5801 25$._toiii.
843 5725 907 5786 III
940 5732 1195 5798 Garner.,
1239 5745 1361 5801 pag.
1414 5729 1555 5789 592,
1592 5728 1747 5801 Ianus
1792 5728 1994 5801 gaudet
2048 5737 2103 5781 et

526 5791 822 5869 Ενξριιδιιὶο
849 5791 1345 5869 ςιιιιυιιιιιιικοίιοῖι
1382 5798 1636 5854 statuerit
1665 5798 1726 5850 τὸ
1751 5791 1897 5868 τρεῖς
1927 5798 2099 5869 ἀναγ-

530 5864 678 5918 καῖον
705 5863 968 5931 εἶναι’τὰς
999 5863 1327 5935 ὑποστάσεις
1372 5869 1679 5941 ὁμολογεῖν,
1721 5863 2099 5923 necessarium

2206 5105 2434 5151 morata:
2470 5088 3204 5167 usurpationis-varietatem
3239 5112 3352 5167 pra;
3399 5095 3574 5149 oculis
3605 5088 3776 5167 habet!

2201 5182 2427 5223 necesse
2458 5177 2542 5222 est
2578 5162 2867 5238 theologia:
2894 5169 3199 5231 studiosus,
3240 5162 3291 5223 'si
3324 5165 3547 5238 Patrum
3596 5162 3774 5238 doclftf

2200 5252 2301 5292 nas
2349 5246 2402 5292 et
2457 5238 2593 5294 falsa
2629 5226 3018 5293 hazrétieorum
3077 5226 3236 5292 sensa
3283 5235 3501 5305 assequi
3544 5232 3683 5287 velit.
3722 5226 3775 5278 lt

2201 5310 2449 5378 exemplo
2475 5325 2564 5365 res
2599 5310 2813 5379 planior
2846 5310 2958 5373 Iiat,
2998 5308 3301 5363 Sabelliani
3339 5304 3439 5361 Dei
3462 5304 3652 5379 Filium
3680 5313 3775 5379 μο-ᾕ·

2201 5370 2443 5432 νωύσὶον
2478 5370 2860 5449 appellabant,
2907 5370 3054 5449 quod
3101 5390 3251 5432 τοι-ιο
3294 5370 3774 5449 isensutheologus

2202 5451 2480 5518 accipiens
2516 5444 2625 5504 non
2659 5444 2952 5519 rejiceret';
2992 5464 3118 5502 vere
3145 5444 3636 5519 οιιὶιηίμονοούσιος
3679 5444 3772 5519 διες

2210 5527 2267 5591 ut
2316 5510 2369 5573 et
2417 5510 2840 5591 ὁμοούσιοςόει
2890 5510 2984 5573 Dei
3044 5519 3242 5591 Filius.
3292 5510 3455 5591 A'hsit
3504 5523 3676 5591 tamen
3724 5510 3773 5591 lli

2202 5583 2476 5647 haereticis
2510 5593 2615 5647 illis
2643 5583 3025 5646 adhaereamus
3053 5632 3067 5657 ,
3115 5590 3317 5659 quippe
3346 5589 3441 5657 qui
3474 5583 3654 5642 οὐσίας
3685 5589 3772 5629 που

2202 5662 2345 5716 mine
2377 5678 2669 5730 personam
2700 5662 3039 5717 denotabant
3066 5669 3119 5715 et
3155 5673 3319 5730 unam
3370 5665 3580 5730 tantum
3606 5659 3773 5730 pergil;

2200 5713 2340 5803 nam.
2374 5713 2850 5803 aghbséeijim'in
2886 5713 3133 5799 divinis,
3190 5729 3322 5784 dum
3366 5713 3665 5800 μονοούσιον
3691 5713 3767 5770 Ι)θί

2200 5802 2397 5857 Filium
2418 5802 2705 5859 dicebant.
