3950 6412
367 439 471 496 145
1754 425 1813 482 S.
1852 422 1954 480 EPI

2058 422 2195 479 AN“
3032 458 3041 463 -
3528 422 3628 480 ιιι

363 551 588 625 perinde
608 556 770 621 atque
788 545 925 604 illud
949 565 965 603 :
993 543 1263 601 Habitabo
1290 544 1345 598 in
1370 542 1482 598 illis
1506 550 1555 597 et
1580 540 1943 606 inambulabo,

2055 541 2243 609 λύψαι
2290 538 2396 593 τὸν
2433 538 2570 594 Υιόν
2588 537 2777 593 αὑτοῦ
2825 537 2897 593 ἐν
2942 538 3094 607 ἐμοί.
3122 566 3191 580 -ι
3227 537 3426 608 Ἡμεῖς
3459 537 3528 593 δὲ
3557 543 3629 596 σὺ

359 652 412 699 et
431 660 522 699 ero
549 644 765 697 illorum
794 640 962 705 Deus,
992 648 1043 694 et
1065 639 1170 707 ipsi
1195 645 1349 691 erunt
1381 636 1508 689 mihi
1539 634 1767 704 populus
1792 634 1835 686 ί.

359 755 444 809 μα
466 736 536 791 τὸ
562 737 634 791 ἐκ
660 735 811 791 Θεοῦ
833 751 849 767 ·
878 735 1068 805 ὅμοιον
1115 731 1193 803 τῷ
1221 733 1432 795 εἰπεῖν,
1477 728 1768 795 Ἑαυτοὺς
1789 723 2161 796 δοκιμάζετε,
2203 726 2254 778 el
2289 726 2323 777 ό
2369 724 2625 791 Χριστὸς
2661 722 2734 777 ἐν
2768 722 2932 792 ὑμῖν.
2975 750 3048 763 --
3102 721 3263 789 Ναὸς
3315 721 3426 777 τοῦ
3479 722 3632 777 Θεοῦ

359 830 530 897 ἐστε,
586 829 688 883 καὶ
728 827 797 881 τὸ
830 826 1075 895 Πνεῦμα
1106 826 1213 878 τοῦ
1257 822 1406 877 Θεοῦ
1465 820 1615 876 obesi
1667 820 1738 874 ἐν
1781 818 1927 888 ὑμῖν
1974 841 1992 854 ο
2051 818 2237 888 ὅμοιον
2284 813 2363 885 τῷ
2416 815 2595 868 εἰπεῖν
2618 853 2635 879 ,
2704 813 3040 883 Ἐνοικήσω
3091 812 3164 867 ἐν
3215 812 3426 881 αὐτοῖς
3449 854 3465 880 ,
3534 813 3632 868 καὶ

360 918 822 990 ἐμπεριπατήσω
846 956 863 983 ,
894 917 991 971 καὶ
1018 917 1235 984 ἔσομαι
1261 912 1461 969 αὐτῶν
1484 912 1631 978 Θεὸς
1648 951 1663 975 ,
1702 910 1803 964 καὶ
1834 908 2004 964 αὐτοὶ
2032 907 2281 962 ἔσονταί
2306 922 2409 976 μοι
2436 906 2606 971 λαός.

429 1029 619 1087 LXIX.
664 1031 970 1099 Quinetiam
994 1028 1445 1100 iustiﬁcationem
1476 1027 1544 1081 ab
1567 1035 1797 1095 utroque
1825 1038 1934 1079 mao

2116 1021 2234 1078 ΞΘ.
2278 1019 2439 1074 Ἀλλά
2478 1020 2572 1074 καὶ
2616 1020 2717 1091 τὴν
2761 1018 3110 1090 δικαιοσύνην
3143 1019 3203 1086 ἐξ
3247 1019 3454 1092 ἀμφοῖν
3488 1019 3637 1089 λέγει.

362 1139 497 1181 nare
542 1122 886 1179 demonstrat
932 1129 986 1175 et
1027 1120 1283 1191 gratiam.
1352 1116 1654 1185 Justiﬁcati
1685 1131 1846 1186 porro
1886 1114 1942 1168 in

2055 1113 2139 1168 καὶ
2166 1112 2266 1185 τὴν
2316 1112 2497 1183 χάριν.
2554 1110 2976 1176 Δικαιωθέντες
3019 1109 3088 1163 δὲ
3136 1110 3207 1164 ἐν
3260 1108 3343 1176 τῷ
3394 1111 3639 1181 ὀνόματι

363 1213 574 1269 nomine
602 1210 821 1267 Domini
852 1210 1024 1265 nostri
1054 1207 1186 1263 Iesu
1220 1206 1424 1263 Christi
1454 1217 1504 1262 et
1531 1208 1585 1261 in
1612 1206 1819 1277 Spiritu
1844 1204 1943 1260 Dei

2058 1203 2255 1272 Ἰησοῦ
2301 1201 2560 1272 Χριστοῦ
2602 1201 2708 1255 τοῦ
2752 1202 2974 1269 Κυρίου
3010 1200 3180 1271 ἡμῶν
3220 1200 3321 1254 καὶ
3352 1200 3423 1255 ἐν
3447 1204 3639 1257 Hreu-

361 1306 534 1361 nostri
573 1307 628 1369 ’;
666 1303 756 1360 cui
786 1303 966 1360 simile
998 1309 1123 1357 est:
1168 1299 1466 1370 Iusti/ictui
1506 1308 1682 1353 autem
1720 1313 1786 1353 ex
1814 1297 1941 1368 ﬁde,

2055 1310 2184 1366 ματι
2215 1293 2324 1349 τοῦ
2368 1293 2517 1347 Θεοῦ
2557 1291 2757 1363 ἡμῶν·
2796 1294 2983 1364 ὅμοιον
3028 1291 3107 1364 τῷ
3152 1292 3350 1358 εἰπεῖν,
3397 1294 3638 1347 Δικαιω-

358 1411 539 1465 pacem
572 1394 826 1449 habemus
857 1410 975 1447 cum
1012 1391 1119 1447 Deo
1149 1407 1242 1461 per
1273 1390 1560 1444 Dominum
1583 1398 1825 1444 nostrum
1850 1385 1945 1443 le-

2055 1384 2253 1453 θέντες
2282 1384 2351 1439 δὲ
2377 1386 2446 1439 ἐκ
2479 1387 2763 1452 πίστεως,
2802 1383 3051 1454 εἰρήνην
3087 1384 3306 1455 ἔχομεν
3341 1384 3494 1454 πρὸς
3530 1384 3642 1441 τὸν

359 1501 476 1541 sum
500 1485 770 1541 Christum
794 1485 835 1540 ⁸.
900 1483 1071 1539 Nemo
1107 1491 1277 1553 potest
1319 1481 1492 1537 dicere
1532 1481 1818 1535 Dominum
1846 1480 1944 1536 Je-

2055 1478 2202 1533 Θεὸν
2237 1477 2335 1533 διὰ
2379 1477 2486 1533 τοῦ
2531 1478 2756 1546 Κυρίου
2800 1475 2972 1547 ἡμῶν
3011 1474 3208 1545 Ἰησοῦ
3248 1475 3535 1547 Χριστοῦ.
3571 1507 3643 1520 -

358 1592 498 1641 sum,
542 1576 647 1631 nisi
680 1576 735 1629 in
764 1575 971 1644 Spiritu
1000 1574 1260 1641 sancto‘;
1313 1581 1408 1630 et:
1442 1572 1612 1629 Nemo
1649 1582 1818 1643 potest
1849 1589 1947 1627 ac»

2055 1569 2262 1637 οὐδεὶς
2298 1569 2547 1624 δύναται
2578 1569 2772 1625 εἰπεῖν
2806 1570 3030 1639 Κύριον
3059 1569 3319 1639 Ἰησοῦν,
3361 1571 3417 1625 sl
3449 1570 3537 1640 μὴ
3571 1570 3643 1625 ἐν

360 1670 530 1738 cipere
565 1665 829 1737 Spiritum
858 1676 1125 1729 sanctum,
1156 1664 1262 1719 nisi
1297 1682 1331 1719 a
1361 1663 1611 1720 Domino.
1651 1664 1798 1719 Diris
1822 1681 1946 1721 ones

2055 1660 2346 1730 Πνεύματι
2403 1659 2583 1729 ἁγίῳ·
2638 1659 2735 1712 καὶ
2757 1698 2773 1722 ,
2836 1658 3045 1726 Οὐδεὶς
3094 1657 3344 1713 δύναται
3394 1658 3643 1729 Πνεῦμα

359 1774 518 1828 porro
550 1759 847 1829 gratiarum
873 1766 1019 1821 sunt,
1043 1757 1179 1812 idem
1209 1773 1327 1811 vero
1359 1755 1630 1827 Spiritus;
1657 1765 1708 1811 et
1729 1755 1947 1811 divisio-

2055 1748 2219 1819 ἅγιον
2236 1748 2465 1816 λαϐεῖν,
2487 1752 2537 1804 ει
2560 1750 2647 1821 μὴ
2683 1749 2841 1818 παρὰ
2870 1750 3114 1819 Kvplov.
3131 1778 3203 1790 —
3220 1749 3550 1818 Διαιρέσεις
3573 1749 3644 1803 δὲ

362 1866 454 1905 nes
501 1850 919 1904 ministeriorum
967 1860 1112 1915 sunt,
1156 1847 1296 1903 idem
1338 1857 1515 1902 autem
1566 1848 1858 1914 Dominus;
1895 1858 1946 1904 et

2055 1842 2436 1913 χαρισμάτων
2462 1843 2605 1909 εισι,
2637 1844 2701 1897 τὸ
2743 1842 2814 1897 δὲ
2866 1843 3014 1897 αὐτὸ
3043 1842 3320 1911 Πνεῦμα·
3362 1841 3463 1898 καὶ
3494 1841 3644 1897 διαι-

360 1940 645 1994 divisiones
690 1940 1059 2009 operationum
1100 1946 1244 2001 sunt,
1288 1936 1428 1991 idem
1470 1946 1649 1992 autem
1685 1937 1827 1993 Deus
1858 1938 1949 2009 qui

2055 1934 2247 2003 ρέσεις
2271 1933 2590 1990 διακονιῶν
2630 1936 2812 2003 εἰσιν,
2859 1937 2894 1991 ό
2937 1933 3006 1989 δὲ
3044 1934 3228 2001 αὐτὸς
3259 1936 3477 2003 Κύριος
3497 1950 3514 1967 ·
3542 1935 3645 1990 καὶ

362 2040 616 2101 operatur
637 2032 816 2083 omnia
837 2031 892 2083 in
915 2030 1157 2083 omnibus
1175 2027 1198 2059 ⁸
1229 2044 1244 2096 ;
1268 2036 1320 2082 et
1343 2045 1355 2081 :
1377 2026 1419 2081 Α
1438 2027 1611 2098 gloria
1626 2029 1678 2082 in
1696 2027 1945 2099 gloriam,

2055 2027 2369 2098 διαιρέσεις
2405 2030 2821 2100 ἐνερπηυιάτων
2857 2029 3038 2094 είσὶν,
3087 2031 3121 2084 ό
3165 2027 3235 2082 δὲ
3277 2029 3464 2095 αὐτὸς
3498 2030 3645 2096 Θεὸς

364 2132 618 2193 tanquam
649 2137 682 2175 a
715 2118 932 2175 Domini
956 2119 1160 2190 Spiritu
1186 2120 1228 2173 ⁸.
1282 2120 1386 2173 Et:
1424 2118 1605 2174 Nolite
1634 2121 1950 2176 contristare

2055 2123 2083 2175 ό
2115 2120 2376 2192 ἐνεργῶν
2423 2121 2496 2176 τὰ
2544 2122 2741 2176 πάντα
2774 2121 2844 2175 ἐν
2888 2119 3067 2177 πᾶσι·
3114 2119 3229 2186 καὶ,
3269 2119 3413 2175 Ἀπὸ
3456 2120 3646 2189 δόξης

2048 630 2117 684 τὸ
2147 628 2381 698 πνεῦμα
2410 627 2517 682 τοῦ
2552 630 2786 697 κόσμου
2811 628 3139 697 ἐλάϐομεν,
3167 627 3330 682 ἀλλὰ
3354 630 3422 683 τὸ
3446 630 3630 683 Πνεῦ-
3716 682 3729 688 ,

364 2210 626 2280 Spiritum
666 2219 932 2274 sanctum,
973 2210 1028 2264 in
1061 2226 1164 2274 quo
1200 2210 1399 2281 signati
1442 2211 1570 2264 estis
1608 2211 1661 2265 in
1690 2210 1829 2265 diem
1864 2227 1950 2266 re-

360 2304 679 2374 demptionis
701 2304 759 2369 ";
795 2317 921 2357 cum
972 2302 1069 2357 illo
1101 2302 1485 2357 consentiunt:
1516 2300 1577 2356 Si
1602 2316 1948 2370 provocamus

360 2393 673 2459 Dominum,
713 2410 782 2448 an
813 2394 1062 2463 fortiores
1104 2395 1219 2463 ipso
1250 2408 1433 2448 simius
1456 2391 1518 2447 ⁸2
1571 2391 1683 2447 [loc
1713 2401 1894 2449 autem
1929 2411 1945 2450 :

362 2484 599 2554 Spiritus
643 2484 925 2555 manifeste
976 2485 1111 2537 dicit
1154 2485 1199 2549 ’,
1243 2484 1424 2539 simile
1474 2490 1562 2539 est
1606 2484 1774 2540 huic:
1819 2487 1951 2539 Ηιεσ

364 2577 496 2631 dicit
529 2575 789 2630 Dominus
824 2576 1153 2643 omnipotens
1182 2574 1246 2629 ".
1275 2573 1357 2639 Et,
1392 2573 1625 2642 Spiritus
1672 2591 1816 2629 mens
1842 2583 1951 2629 stat

365 2667 424 2720 in
459 2666 631 2720 medio
671 2666 930 2732 uestri“,
977 2680 1103 2721 cum
1145 2665 1252 2719 isto
1299 2664 1691 2735 coniungitur:
1736 2665 1796 2722 Si
1832 2668 1951 2737 quis

366 2757 639 2825 aperuerit
664 2756 793 2811 mihi
818 2758 883 2822 l’,
917 2742 1277 2827 ingrediemur
1296 2772 1388 2827 ego
1420 2765 1471 2810 et
1504 2755 1689 2823 Pater,
1714 2765 1764 2811 et
1800 2772 1953 2810 man-

366 2850 568 2904 sionem
597 2849 739 2920 apud
776 2849 950 2920 ipsum
984 2848 1241 2917 faciemus
1267 2848 1332 2901 ".
1364 2848 1446 2903 Ad
1476 2847 1597 2902 haec
1626 2848 1832 2903 Isaias:
1880 2845 1953 2901 Et

367 2957 525 3011 super
545 2943 742 3011 ipsum,
771 2942 968 3012 inquit,
996 2941 1229 3011 Spiritus
1268 2941 1360 2995 Dei
1382 2941 1462 3010 ¹⁸;
1494 2936 1748 2997 Christus
1776 2955 1948 2998 vero:

366 3032 603 3103 Spiritus
634 3034 850 3090 Domini
878 3050 1037 3104 super
1063 3048 1165 3099 me,
1199 3041 1410 3103 propter
1430 3034 1568 3104 quod
1595 3035 1746 3088 unxit
1778 3049 1860 3088 me
1882 3035 1947 3101 ";

350 3135 467 3182 et:
518 3125 702 3182 Jesum
751 3142 783 3180 a
830 3126 1089 3192 Nazaret,
1138 3141 1289 3197 quem
1330 3128 1485 3181 unxit
1536 3124 1680 3179 Deus
1742 3124 1949 3195 Spiritu

354 3229 552 3273 saneto
576 3219 654 3287 κς
683 3220 769 3274 vel
796 3238 809 3274 :
845 3218 1104 3274 Dominus
1131 3219 1275 3273 misit
1300 3235 1381 3274 me
1404 3226 1455 3273 et
1478 3216 1711 3288 Spiritus
1739 3218 1855 3288 ejus
1881 3218 1945 3274 ".
1976 3199 2018 3256 ο

365 3307 479 3365 Nec
522 3310 758 3367 obscura
807 3310 1224 3381 seraplninorum
1293 3308 1648 3365 clamantium
1684 3324 1786 3364 vos
1819 3315 1947 3364 est:

342 3446 347 3447 κ
370 3398 627 3467 Sanctus,
650 3412 896 3463 sanctus,
929 3408 1145 3454 sanctus
1176 3397 1433 3453 Dominus
1465 3397 1702 3453 Sabaoth
1723 3399 1787 3453 ⁸⁸.
1814 3396 1954 3453 Pra-

371 3500 518 3548 terea
564 3489 861 3545 cum-illud
906 3488 1098 3543 audies
1135 3505 1150 3541 :
1206 3487 1406 3542 Dextra
1446 3487 1545 3541 Dei
1595 3488 1864 3542 exaltotus
1901 3496 1953 3541 et

370 3581 777 3652 promissionem
831 3577 1065 3647 Spiritus
1115 3576 1376 3643 accipiens
1434 3592 1469 3629 a
1516 3575 1680 3630 Patre
1703 3575 1747 3607 "
1790 3593 1802 3628 :
1845 3575 1950 3640 vel,

374 3672 700 3743 Exspectare
720 3670 1139 3742 promissionem
1185 3668 1390 3736 Patris,
1421 3682 1580 3739 quam
1618 3667 1849 3722 audistis
1874 3667 1950 3733 ¹⁰;

373 3764 459 3819 vel
488 3762 947 3833 quemadmodum
974 3758 1207 3827 Spiritus
1241 3760 1395 3813 illum
1417 3760 1473 3813 iu
1500 3758 1765 3813 desertum
1791 3773 1955 3828 expu-

375 3856 441 3909 lit
462 3855 508 3887 “
544 3854 672 3910 :vel
701 3851 848 3924 quod
879 3852 1021 3908 idem
1073 3852 1183 3906 ait:
1228 3849 1413 3905 Nolite
1440 3853 1671 3920 cogitare
1710 3850 1839 3920 quid
1877 3849 1959 3904 lo-

372 3946 632 4018 quamini,
684 3945 943 4015 quoniam
994 3944 1227 4015 Spiritus
1268 3941 1453 3997 Patris
1493 3942 1595 3997 mei
1631 3942 1865 4013 loquitur
1901 3943 1959 3996 in

374 4038 518 4094 vobis
544 4040 631 4094 ”:
675 4038 789 4094 sive
810 4038 983 4092 illud:
1027 4035 1087 4093 Si
1119 4044 1296 4091 autem
1332 4036 1386 4089 in
1421 4033 1626 4104 Spiritu
1662 4033 1763 4089 Dei
1802 4035 1958 4105 ejicio

374 4132 643 4188 daemonia
678 4131 757 4199 ⁹³;
794 4130 904 4203 76
920 4132 998 4186 vel
1028 4149 1041 4186 :
1076 4130 1183 4197 Qui
1220 4139 1397 4185 autem
1431 4128 1870 4201 blasphemaverit
1902 4128 1957 4182 in

374 4223 633 4294 Spiritum
654 4234 913 4288 sanctum,
932 4239 1038 4277 non
1069 4223 1366 4277 remittetur
1392 4223 1525 4293 ei”,
1546 4238 1682 4291 etc.;
1705 4222 1809 4285 vel,
1846 4219 1959 4275 Pu-

378 4323 475 4378 ter,
489 4315 540 4366 in
574 4328 762 4367 mortus
792 4322 912 4366 tuas
932 4309 1239 4365 commendo
1256 4309 1508 4378 spiritum
1542 4322 1714 4360 meum
1735 4308 1782 4338 ³³
1811 4305 1953 4368 :vel,

376 4405 521 4459 Puer
556 4403 843 4467 crescebat,
874 4411 925 4455 et
952 4400 1400 4455 corroborabatur
1426 4397 1632 4465 Spiritu
1653 4398 1699 4429 “
1724 4404 1832 4462 :et,
1861 4394 1957 4450 Je-

377 4510 468 4549 δια
497 4493 723 4562 repletus
742 4492 950 4560 Spiritu
970 4500 1179 4555 sancto,
1195 4505 1432 4544 reversus
1461 4497 1539 4542 est
1561 4505 1593 4541 a
1614 4486 1854 4542 Iordane
1871 4488 1913 4520 "
1941 4505 1955 4541 :

2048 2213 2137 2278 εἰς
2167 2211 2377 2277 δόξαν,
2411 2212 2677 2280 καθάπερ
2709 2211 2830 2266 άπὸ
2859 2211 3081 2280 Kvpiov
3113 2212 3461 2280 Πνεύματος
3479 2228 3493 2242 ·
3523 2212 3641 2276 καὶ,

2047 2298 2146 2372 Μὴ
2171 2303 2418 2359 λυπεῖτε
2448 2303 2517 2357 τὸ
2544 2304 2786 2373 Πνεῦμα
2815 2304 2883 2358 τὸ
2923 2304 3114 2373 ἄτιον,
3155 2303 3225 2356 ἐν
3270 2296 3319 2370 ᾧ
3361 2303 3646 2373 ἐσφραγί-

2048 2399 2235 2463 σθητε
2264 2397 2352 2462 εις
2384 2394 2613 2467 ἡμέραν
2655 2395 3161 2464 άπολυτμῦσεως·
3201 2397 3389 2468 ὅμοιον
3440 2397 3518 2469 τῷ
3563 2399 3643 2453 εἰσ

2050 2487 2196 2550 πεῖν,
2236 2488 2307 2540 El
2353 2485 2813 2556 παραζηλοῦμεν
2844 2486 2951 2541 τὸν
2984 2490 3223 2561 Raptor,
3261 2491 3349 2559 μὴ
3399 2490 3642 2559 ἰσχυρό-

2051 2594 2202 2647 τεροι
2224 2579 2409 2633 αὐτοῦ
2427 2579 2645 2648 ἑσμεν;
2677 2578 2750 2631 Τὸ
2779 2578 2857 2642 δὲ,
2886 2579 3128 2649 Πνεῦμα
3140 2579 3344 2650 ρητῶς
3378 2581 3421 2614 ³⁸
3446 2582 3639 2652 λέγει·

2050 2668 2235 2740 ὅμοιον
2284 2668 2362 2740 τῷ
2405 2671 2600 2734 εἰπεῖν,
2654 2669 2798 2724 Τάδε
2834 2669 2996 2740 λέγει
3043 2672 3260 2740 Κύριος
3309 2673 3645 2743 παντοκρά-

2052 2776 2199 2828 τωρ·
2235 2760 2349 2824 καὶ,
2408 2759 2480 2814 Τὸ
2535 2757 2779 2828 Πνεῦμα
2831 2777 2952 2829 μου
2994 2759 3329 2829 ἐφέστηκεν
3365 2762 3436 2817 ἐν
3477 2762 3644 2834 μέσῳ

2050 2848 2248 2919 ὑμῶν·
2281 2848 2426 2905 Ἐάν
2452 2866 2542 2915 τις
2570 2849 2698 2919 ἐμοὶ
2738 2849 2976 2918 ἀνοίξῃ,
3007 2850 3260 2906 εἰσέλθω
3302 2851 3419 2922 ἐγὼ
3469 2846 3568 2908 καὶ
3608 2855 3644 2908 ό

2050 2942 2275 3011 Πατὴρ,
2309 2941 2406 2995 καὶ
2432 2941 2636 3011 μονὴν
2654 2941 2790 3010 παρ’
2810 2939 2969 3006 αὐτῷ
2997 2944 3390 3014 ποιησόμεθα.
3418 2945 3644 3009 Ἡσαΐας

2049 3032 2127 3098 δὲ,
2162 3031 2272 3087 Καὶ
2312 3031 2405 3085 ἐπ’
2429 3032 2616 3087 αὐτὸν
2648 3031 2890 3101 Πνεῦμα
2928 3031 3109 3086 Θεοῦ·
3155 3035 3184 3087 ὁ
3221 3033 3279 3089 δὲ
3309 3034 3354 3067 ³³
3386 3037 3642 3107 Χριστὸς,

2050 3122 2297 3193 Πνεῦμα
2341 3123 2565 3190 Kvplov
2612 3117 2685 3177 οὖ
2731 3123 2964 3176 εἵνεκεν
3006 3121 3215 3192 ἐχρισέ
3251 3141 3357 3193 με·
3393 3126 3507 3191 καὶ,
3537 3125 3646 3195 Ἰη-

2051 3214 2214 3298 σοῦν.
2260 3213 2370 3268 τὸν
2427 3213 2545 3268 ἀπὸ
2598 3213 2895 3284 Ναζαρὲτ,
2958 3213 3032 3268 ὃν
3077 3216 3286 3284 ἔχρισε
3349 3218 3646 3287 Πνεύματι

2051 3300 2201 3371 ἁγίῳ
2229 3314 2247 3330 ·
2342 3302 2438 3355 καὶ
2469 3339 2485 3362 ,
2568 3298 2781 3367 Κύριος
2878 3302 3225 3358 ἀπέσταλκέ
3279 3322 3356 3373 με
3424 3307 3523 3360 καὶ
3576 3308 3644 3361 τὸ

2051 3389 2296 3458 Πνεῦμα
2319 3386 2528 3442 αὐτοῦ.
2564 3389 2777 3460 Φανερὰ
2802 3388 2858 3442 δὲ
2888 3391 2983 3443 καὶ
3015 3392 3047 3462 ἡ
3084 3391 3235 3463 φωνὴ
3260 3392 3369 3445 τῶν
3396 3394 3646 3465 Σεραφὶμ

2053 3479 2363 3548 κράζουσα·
2402 3478 2619 3548 Ἄγιος,
2666 3478 2853 3549 ἅγιος,
2903 3480 3069 3551 ἅγιος
3124 3483 3341 3550 Κύριος
3380 3483 3641 3538 Σαϐαὼθ.

2068 3571 2193 3624 Ἐὰν
2225 3571 2282 3624 δὲ
2316 3571 2580 3644 ἀκούσῃς,
2606 3572 2689 3626 ὅτι
2743 3571 2821 3641 Τῇ
2853 3571 3021 3641 δεξιᾷ
3065 3574 3172 3630 τοῦ
3205 3575 3353 3631 Θεοῦ
3388 3576 3647 3645 ὑψωθεὶς

2053 3662 2168 3730 τήν
2206 3679 2270 3717 τε
2308 3663 2674 3734 ἐπαγγελίαν
2705 3664 2813 3718 τοῦ
2855 3667 3197 3735 Πνεύματος
3238 3667 3442 3720 λαϐὼν
3487 3667 3648 3736 παρὰ

2056 3753 2162 3808 τοῦ
2204 3755 2466 3822 Πατρός·
2517 3754 2575 3825 ἢ,
2623 3755 2968 3826 Περιμένειν
2998 3757 3113 3826 τὴν
3142 3758 3510 3830 ἐπαγγελίαν
3539 3760 3648 3814 τοῦ

2055 3848 2286 3916 Πατρός
2315 3846 2397 3915 ἢν
2434 3848 2769 3917 ἠκούσατε·
2801 3849 2835 3915 ἢ
2877 3851 2980 3914 ὅτι,
3044 3851 3115 3906 Τὸ
3169 3852 3413 3923 Πνεῦμα
3460 3852 3650 3907 αὐτὸν

2056 3938 2337 3994 ἐκϐάλλει
2375 3941 2465 4007 εις
2511 3941 2627 4009 τὴν
2661 3941 2916 4012 ἔρημον,
2957 3942 2990 4013 ἢ
3027 3942 3109 3996 ὅτι
3147 3943 3309 4009 αὐτὸς
3340 3943 3510 4013 λέγει,
3550 3944 3646 4013 Μὴ

2053 4031 2465 4102 μεριμνήσητε
2515 4033 2574 4086 τί
2616 4034 2843 4100 ειπητε,
2878 4032 2961 4086 ὅτι
3001 4033 3068 4088 Τὸ
3111 4035 3358 4103 Πνεῦμα
3396 4034 3504 4093 τοῦ
3534 4038 3651 4089 Πασ-

2058 4123 2197 4191 τρός
2220 4140 2339 4192 μου
2376 4123 2444 4177 τὸ
2468 4124 2709 4178 λαλοῦν
2734 4123 2804 4177 ἐν
2834 4123 3008 4193 ὑμῖν·
3039 4121 3097 4195 ἢ,
3149 4126 3214 4178 El
3244 4122 3317 4177 δὲ
3353 4126 3425 4180 ἐν
3460 4127 3649 4180 Πνεῦ-

2053 4229 2193 4282 ματι
2224 4214 2373 4268 Θεοῦ
2408 4214 2683 4270 ἐκϐάλλω
2720 4213 2795 4269 τὰ
2823 4214 3101 4286 δαιμόνια
3121 4231 3133 4244 ·
3167 4215 3224 4287 ἢ,
3265 4215 3320 4268 ὀ
3357 4214 3426 4269 δὲ
3447 4217 3651 4281 ,ϐλασ-

2058 4302 2275 4374 φημῶν
2317 4307 2404 4371 είς
2443 4305 2511 4361 τὸ
2548 4306 2794 4373 Πνεῦμα
2830 4306 2897 4361 τὸ
2937 4306 3107 4377 ἅγιον
3131 4349 3145 4373 ,
3181 4308 3295 4362 οὐκ
3349 4307 3651 4378 ἀφεθήσε-

2060 4412 2154 4450 ται
2198 4394 2377 4465 αὐτῷ,
2418 4398 2513 4452 καὶ
2542 4398 2612 4451 τὰ
2653 4397 2881 4469 teis-ﬂ
2932 4398 2999 4465 “,
3039 4398 3109 4452 Τὸ
3147 4396 3388 4453 παιδίον
3424 4399 3656 4467 ηὔξανε

2062 4486 2161 4541 καὶ
2203 4487 2591 4557 ἐκραταιοῦτο
2641 4489 2974 4559 Πνεύματι·
3018 4489 3077 4560 ἦ,
3132 4486 3364 4558 Ἰησοῦς
3415 4489 3654 4561 πλήρης

379 4581 517 4647 sive,
547 4556 799 4634 lieuersus
820 4586 896 4633 est
916 4575 1075 4632 Jesus
1103 4580 1294 4631 virtute
1332 4576 1601 4645 Spiritus:
1638 4576 1751 4640 vel,
1806 4576 1954 4642 Quod

2062 4556 2411 4647 Πνεύματος
2437 4580 2610 4649 ἁγίου
2636 4556 3020 4649 ὑπέστρεψεν
3041 4556 3162 4635 απὸ
3190 4556 3296 4636 τοῦ
3322 4556 3652 4649 Ἰορδάνου·

378 4682 563 4726 natum
598 4678 676 4723 est
704 4685 736 4724 ε
768 4668 999 4734 Spiritu,
1041 4668 1260 4735 spiritus
1289 4676 1368 4721 est
1394 4667 1472 4721 ’δε
1505 4666 1619 4721 [uec
1650 4666 1833 4720 omnia
1864 4682 1959 4720 eo-

377 4764 504 4820 dem
536 4777 663 4818 cum
691 4761 828 4818 iisce
862 4762 1111 4817 recidunt
1139 4780 1151 4816 :
1188 4760 1343 4827 Quod
1370 4761 1574 4831 factum
1606 4771 1706 4824 est,
1747 4762 1801 4814 in
1844 4762 1959 4829 ipso

375 4855 486 4909 vita
533 4862 648 4909 erat
672 4853 717 4885 "
745 4872 757 4907 :
790 4854 876 4909 vel
916 4868 1039 4908 cum
1070 4866 1174 4908 eo:
1226 4850 1335 4923 Ego
1387 4851 1583 4923 rogabo
1630 4851 1870 4916 Patrem,
1909 4861 1960 4906 et

377 4946 548 5003 alium
579 4945 923 5001 Paracletum
948 4946 1097 5001 dabit
1127 4943 1296 5010 vobis,
1327 4944 1587 5015 Spiritum
1610 4945 1848 5000 veritatis
1869 4944 1915 4976 ³⁸
1944 4964 1959 5000 :

376 5039 466 5096 vel
501 5052 628 5093 cum
663 5038 768 5092 isto
799 5056 813 5091 :
856 5038 967 5093 Cur
998 5039 1230 5108 implevit
1276 5055 1367 5093 cor
1416 5047 1564 5091 tuum
1598 5035 1833 5093 Satanas
1864 5036 1964 5109 (ait

379 5131 578 5187 Petrus
598 5126 846 5199 Ananiae)
877 5130 1087 5183 mentiri
1120 5139 1168 5183 te
1192 5129 1417 5198 Spiritui
1447 5138 1633 5185 sancto
1658 5130 1699 5162 ³¹
1719 5130 1742 5184 i
1766 5128 1962 5185 deinde

382 5219 609 5291 sultjicit
641 5236 655 5277 :
693 5215 819 5276 Non
843 5218 1141 5274 hominibus
1183 5223 1432 5275 mentitus
1458 5237 1537 5288 es,
1568 5220 1658 5276 sed
1690 5219 1819 5276 Deo.
1852 5218 1963 5290 lgi-

440 5468 472 5498 ·¹
504 5467 545 5519 11
572 5465 698 5520 Cor.
734 5481 812 5531 γι,
849 5464 933 5518 16.
1013 5464 1082 5515 ¹1
1121 5463 1248 5517 Cor.
1282 5478 1353 5526 γι,
1402 5462 1486 5515 ll.

384 5536 406 5567 "
443 5536 579 5602 Eph.
611 5551 680 5599 tv,
715 5538 803 5589 50.
880 5535 900 5566 ⁸
936 5536 954 5589 l
997 5535 1126 5589 Cor.
1159 5549 1211 5595 ι,
1250 5531 1341 5584 22.

386 5594 504 5661 xiv,
533 5594 623 5653 25.
671 5594 743 5635 ὐ
771 5606 870 5657 lsa.
905 5623 981 5663 xv.
1022 5604 1077 5657 ‘2.

326 5702 329 5703 ν
387 5673 438 5705 ³ο
467 5672 588 5721 Act.
620 5683 659 5725 ι.
683 5672 734 5723 lo.

391 5754 430 5798 ι.
475 5735 567 5788 80.
640 5738 681 5766 ’⁷
723 5738 849 5792 Lua.
878 5760 950 5803 tv,
986 5744 1037 5795 1.
1117 5735 1121 5737 ν
1158 5742 1206 5774 ⁸⁸
1237 5740 1396 5796 Joan.
1436 5757 1520 5803 ιιι,
1560 5740 1614 5794 6.
1699 5742 1744 5772 ⁸⁸
1772 5737 1932 5793 Joan.

2055 5740 2091 5802 5,
2123 5741 2179 5794 4.

392 5806 671 5877 ἁρῤήτως.
742 5807 786 5837 ⁸³
812 5809 967 5865 Deest
993 5811 1216 5880 aliquid.
1292 5811 1338 5843 “
1370 5805 2124 5877 ῡοεειῆ.Πὰτερ,είςχεῖριές
2144 5825 2260 5867 σου
2284 5805 2703 5882 παραθήσομαι
2735 5814 2803 5868 τὸ
2831 5814 3068 5886 πνεῦμά
3092 5805 3235 5887 μου.

1604 5461 1626 5491 ³
1658 5460 1816 5514 Rom.
1850 5476 1902 5525 v,
1939 5460 1990 5512 1.

1416 5531 1471 5582 ιει
1504 5530 1648 5586 Tim.
1684 5547 1757 5592 tv,
1794 5530 1845 5582 1.
1927 5530 1972 5562 ¹⁶
1996 5529 2131 5600 Agg.
2161 5547 2199 5590 ι.
2235 5532 2291 5584 2.

1185 5603 1225 5634 ³⁸
1259 5602 1390 5654 an.
1420 5617 1492 5659 IV,
1539 5602 1625 5656 18.
1702 5602 1746 5632 “
1774 5601 1898 5653 Aet.
1938 5615 1954 5652 ι

2058 5601 2109 5653 8.
2191 5602 2232 5632 ¹⁷
2267 5600 2372 5656 lsa.
2397 5600 2585 5657 χινιιι.
2626 5604 2711 5658 16.
2810 5604 2853 5637 ¹¹
2887 5600 2997 5657 Ιςτιξ
3027 5622 3099 5661 γι.
3130 5607 3182 5659 5.

820 5675 864 5704 ²¹
892 5675 1059 5751 Marc.
1091 5688 1128 5737 ι,
1158 5670 1265 5751 12..
1298 5673 1342 5702 ¹²
1376 5670 1661 5751 Μείιιιζχ,
1842 5669 1887 5700 ’³
1904 5667 1954 5722 L'

2055 5670 2250 5751 iu,_l9.
2282 5671 2549 5751 “'tblar.
2584 5688 2665 5734 ιιι,
2866 5676 2927 5751 ’ξ’
2954 5674 3089 5751 Luc.
3119 5676 3371 5751 unum.
3450 5676 3657 5751 “__Luc.
3680 5744 3695 5751 _

2064 4667 2119 4738 ἦν
2166 4667 2569 4738 Ὑπέστρεψεν
2605 4669 2851 4737 Ἰησοῦς
2898 4670 2974 4739 τῆ
3021 4671 3275 4741 δυνάμει
3318 4670 3426 4725 τοῦ
3471 4674 3657 4728 Πνεύο

2058 4774 2280 4829 ματος·
2321 4759 2378 4830 ἢ,
2432 4759 2507 4815 Τὸ
2546 4763 2990 4831 γεγεννημένον
3032 4762 3104 4816 ἐκ
3135 4751 3251 4816 ’τοῦ
3289 4762 3653 4833 Πνεὺματος,

2065 4850 2303 4921 πνεῦμά
2348 4852 2549 4906 ἐστιν·
2584 4853 2769 4923 ὅμοιον
2812 4852 2892 4925 τῷ
2944 4855 3138 4919 εἰπεῖν,
3171 4856 3231 4907 "0
3269 4855 3539 4927 τέτονεν,
3589 4856 3658 4909 ἐν

2066 4943 2229 5010 αὐτῷ
2257 4941 2371 5012 ζωὴ
2406 4940 2487 5014 ἦν
2505 4960 2519 4975 ·
2557 4945 2613 5017 ἢ,
2643 4946 2818 5015 Κάγὼ
2845 4945 3244 5014 παρακαλέσει
3288 4946 3397 5001 τὸν
3426 4947 3659 5017 Πατέρα

2061 5053 2181 5107 μου
2206 5076 2222 5102 ,
2274 5036 2375 5089 καὶ
2436 5036 2632 5092 ἄλλον
2688 5037 3087 5107 Παράκλητον
3142 5038 3321 5093 δώσει
3391 5039 3536 5109 ὑμῖν
3592 5040 3656 5093 τὸ

2067 5128 2310 5197 Πνεῦμα
2345 5127 2454 5197 τῆς
2480 5129 2801 5197 ἀληθείας·
2844 5129 2901 5200 ἢ,
2957 5131 3060 5185 Διὰ
3102 5131 3162 5185 τί
3201 5131 3520 5201 ἐπλήρωσε
3547 5132 3660 5201 τὴν

2068 5219 2321 5288 καρδίαν
2348 5236 2466 5274 σου
2496 5223 2529 5275 ὁ
2567 5218 2860 5287 Σατανᾶς,
2893 5220 2970 5292 τῷ
2998 5221 3220 5294 Ἀνανίᾳ
3257 5222 3484 5295 Πέτρος,
3515 5224 3661 5293 itm?-

2085 5463 2107 5493 δ
2138 5459 2155 5513 l
2185 5458 2313 5515 Cor.
2340 5475 2440 5523 xu,
2463 5463 2504 5516 ἵ)

2085 5546 2131 5584 ιι.
2161 5547 2199 5584 ι.
2235 5532 2291 5584 2.
2385 5533 2429 5563 ¹¹
2456 5530 2498 5584 Α

2505 5548 2589 5602 38-

3137 5466 3158 5497 ⁸
3197 5464 3240 5521 ll
3278 5464 3407 5521 Cor.
3434 5436 3531 5533 ⁶ιιι,
3575 5463 3661 5522 18.

2638 5547 2698 5593 ιι,
2734 5534 2785 5587 6.
2852 5537 2897 5566 ¹¹
2935 5534 3103 5605 Apoc.
3142 5551 3225 5601 m,
3256 5536 3347 5591 20.
3429 5538 3659 5592 ¹³.1υ;ιιι.

2638 5604 2711 5658 l6.
2810 5604 2853 5637 "
2887 5604 2989 5657 lsa.
3027 5622 3099 5661 Vl.
3130 5607 3182 5659 5.
3264 5609 3306 5640 ¹⁹
3335 5608 3454 5661 Act.
3485 5624 3546 5668 ιι,
3572 5607 3660 5661 35.

2622 5463 2645 5494 ⁸
2676 5463 2807 5537 ἰιιίιι.
2841 5464 2874 5517 4
2908 5480 3029 5537 sqq.

2281 5740 2328 5773 “
2367 5738 2526 5819 Joan.
2557 5758 2667 5806 xw,
2704 5743 2797 5819 16.Δ
2888 5745 2929 5776 ³¹
2957 5746 3080 5819 act.
3114 5761 3169 5810 ν,
3210 5738 3394 5819 δἐψι.

3490 5747 3535 5779 ιι
3568 5763 3660 5818 ψ.
