3950 6468
318 470 409 526 ns
454 452 456 455 ’

1690 480 2131 543 ANCORATUS.

3445 488 3552 586 {$6

316 578 514 638 σασθαί
539 593 621 635 σε
640 581 709 636 τὸ
746 583 986 655 Πνεῦμα
1017 585 1085 641 τὸ
1115 585 1319 659 ἅγιον;
1350 592 1444 646 καὶ
1480 593 1619 664 μετὰ
1654 596 1828 653 ταῦτα
1850 615 1866 631 ·

1991 618 2064 657 ,ur
2096 600 2243 657 Deus
2274 615 2342 657 ex
2368 598 2480 656 Deo
2509 598 2694 657 :Deus
2723 606 2828 666 est,
2865 600 3116 672 inquam,
3144 599 3387 672 Spiritus
3420 578 3555 659 sau-

315 672 422 762 (tam
461 672 786 762 ανθρώποις
835 678 1077 745 ἐψεύσω
1095 720 1112 742 ,
1158 680 1321 738 ἀλλὰ
1369 684 1451 748 τῷ
1505 686 1650 753 Θεῷ.
1722 690 1867 762 ’Ἄρα

311 760 427 824 Θεὸς
454 761 516 814 ἐκ
554 760 687 815 Θεοῦ
728 764 790 816 τὸ
831 765 1057 838 Πνεῦμα
1086 768 1146 822 τὸ
1180 771 1356 841 ἅγιον,
1404 767 1450 842 ᾧ
1492 760 1869 845 ἐψεύσαντοήοί

309 851 391 905 ιιιῦ
415 854 712 924 τιμήματος
739 854 834 909 τοῦ
884 858 1082 929 χωρίου
1128 864 1534 935 νοσφισάμενοι.
1564 867 1656 934 Ἦ,
1688 868 1870 939 Ἐφα-

312 942 514 1011 νερώθη
540 944 612 999 ὲν
644 946 844 1015 σαρκὶ,
878 948 1187 1022 ἐδικαιώθη
1218 954 1289 1008 ἐν
1312 958 1631 1027 Πνεύματι.
1665 961 1870 1017 Τούτου

314 1036 477 1107 μεῖζον
500 1037 597 1091 οὐκ
630 1037 737 1109 ἔχω
764 1038 963 1104 λέγειν.
988 1042 1122 1106 Θεὸς
1157 1043 1216 1098 δὲ
1245 1046 1274 1099 6
1303 1046 1428 1111 Υἱός
1448 1066 1463 1079 ο
1494 1048 1598 1115 Ἐξ
1625 1043 1735 1115 ὧν,
1766 1070 1871 1124 φη-

315 1129 406 1192 σὶν,
428 1131 459 1183 ό
484 1129 734 1197 Χριστός
763 1131 829 1185 τὸ
858 1131 1011 1186 κατὰ
1047 1133 1268 1205 σάρκα,
1304 1140 1337 1192 ό
1378 1139 1463 1193 ὢν
1489 1140 1589 1195 ἐπὶ
1627 1142 1872 1199 πάντων

313 1220 457 1282 Bede.
484 1224 846 1289 Πίστευσον,
880 1227 1067 1296 φησὶν,
1103 1231 1192 1294 εις
1227 1229 1335 1285 τὸν
1368 1233 1588 1303 Κύριον
1612 1234 1870 1304 Ἰησοῦν,

310 1307 396 1362 καί
442 1310 684 1381 σωθήσῃ
696 1328 719 1397 ξ
755 1312 867 1379 καὶ,
906 1314 1250 1385 Ἐλάλησεν
1276 1321 1483 1391 αὐτοῖς
1532 1323 1641 1379 τὸν
1688 1326 1874 1397 λόγον

309 1397 403 1454 τοῦ
430 1402 643 1470 Κυρίου
664 1395 1033 1477 ’άναγατών
1072 1426 1139 1463 τε
1182 1412 1401 1477 αὐτοὺς
1432 1416 1519 1482 είς
1550 1417 1659 1472 τὸν
1680 1395 1872 1487 οἷκον,

310 1490 622 1560 παρέθηκεν
670 1496 875 1563 αὐτοῖς
923 1498 1215 1568 τράπεζαν
1231 1542 1246 1567 ,
1310 1505 1408 1559 καὶ
1460 1507 1874 1575 ἠγαλλιάσατο

309 1584 525 1671 πανοικὶ
565 1589 979 1656 πεπιστευκὼς
1016 1590 1100 1657 τῷ
1144 1590 1285 1659 Θεῷ.
1332 1596 1405 1648 Ἦ
1472 1598 1555 1652 ὅτι
1580 1598 1637 1652 Ἐ
1643 1617 1682 1654 ν
1716 1600 1876 1671 ἀρχῆ

308 1670 379 1744 ἦν
400 1679 432 1731 ό
460 1679 669 1749 Λόγος,
699 1682 799 1736 καί
827 1686 862 1738 ό
893 1685 1082 1756 Λόγος
1113 1684 1194 1758 ἦν
1222 1689 1374 1758 πρὸς
1410 1689 1521 1745 τὸν
1567 1691 1736 1758 Θεὸν,
1773 1670 1875 1748 καί

311 1767 440 1835 Θεὸς
474 1765 551 1839 ἦν
596 1774 630 1825 ό
677 1774 897 1843 Λόγος·
938 1775 994 1847 ἢ,
1022 1777 1147 1833 Ἵνα
1188 1781 1306 1849 τὴν
1341 1781 1745 1841 διδασκαλίαν
1768 1785 1901 1841 τοῦ

309 1860 518 1929 Πατρὸς
549 1863 721 1932 ἡμῶν
748 1866 896 1921 Θεοῦ
928 1869 1040 1941 (15)
1071 1871 1470 1942 κοσμήσωσιν
1521 1876 1539 1907 ¹
1560 1892 1574 1907 ’
1604 1876 1662 1950 ἢ,
1733 1877 1877 1931 Ἐπ-

1971 703 2117 759 ctus,
2157 691 2248 748 cui
2276 691 2488 748 mentiti
2524 698 2654 749 sunt
2696 690 2790 762 qui
2819 707 2884 748 ex
2931 693 3046 764 agri
3082 694 3259 763 pretio
3301 693 3556 751 nonnihil

1970 787 2420 842 interverterant.
2457 784 2743 856 Ejusmodi
2777 792 2862 841 cst
2890 793 2945 841 et
2986 784 3136 841 istud
3170 804 3184 841 :
3225 786 3330 851 Qui
3377 787 3556 842 mani-

1971 878 2197 948 festatus
2241 886 2319 932 est
2365 878 2424 931 in
2466 893 2645 944 carne,
2671 877 3008 946 justiﬁcatus
3049 887 3125 932 est
3161 878 3217 932 in
3263 877 3469 949 Spiritu
3507 879 3553 935 ⁸.

1973 969 2088 1025 Ηοο
2128 984 2229 1042 ego
2283 969 2463 1040 majus
2512 969 2651 1024 nihil
2709 968 2886 1023 habeo
2931 968 3077 1039 quod
3130 968 3331 1023 dicam.
3382 967 3558 1045 Pprro

1973 1061 2120 1117 Deus
2142 1069 2229 1118 est
2252 1059 2426 1116 Filius
2450 1080 2463 1117 :
2487 1076 2612 1115 nam
2639 1061 2941 1132 Apostolus
2968 1079 2981 1116 :
3013 1059 3097 1114 Ea:
3116 1060 3324 1131 quibus,
3357 1059 3558 1130 inquit,

1975 1152 2221 1208 Christus
2275 1152 2564 1208 secundum
2607 1169 2843 1218 carnem,
2898 1153 2988 1223 qui
3037 1161 3117 1207 est
3169 1168 3331 1220 supra
3380 1150 3563 1205 omnia

1974 1245 2118 1300 Deus
2142 1246 2186 1301 '.
2235 1243 2420 1310 Crede,
2453 1243 2651 1315 inquit,
2696 1246 2753 1298 in
2799 1243 3087 1298 Dominum
3115 1241 3321 1306 Jesum,
3360 1250 3411 1296 et
3445 1241 3563 1297 sal-

1975 1334 2177 1389 uaberis
2203 1335 2280 1401 ¹⁰;
2309 1336 2472 1389 item:
2508 1333 2739 1390 Locutus
2757 1344 2857 1401 est,
2883 1336 3083 1404 inquit,
3119 1333 3233 1388 illis
3267 1349 3562 1388 sermonem

1975 1416 2212 1473 Domini.
2250 1416 2319 1472 Et
2363 1418 2625 1475 deducens
2658 1436 2746 1475 eos
2779 1421 2833 1474 in
2886 1418 3126 1483 domum,
3169 1420 3416 1488 apposuit
3450 1418 3564 1473 illis

1975 1525 2253 1563 ntensam:
2287 1518 2338 1564 et
2370 1510 2584 1565 laetatus
2624 1519 2705 1565 est
2737 1526 2857 1565 cum
2883 1510 3133 1565 universa
3160 1509 3374 1579 familia
3411 1516 3564 1578 post-

1976 1616 2135 1671 quam
2154 1600 2375 1655 credidit
2400 1601 2507 1656 Deo
2532 1603 2599 1656 εί.
2627 1600 2753 1657 Sive
2776 1601 2910 1657 illud
2933 1600 3254 1657 consideres
3285 1618 3298 1654 :
3333 1597 3402 1654 In
3422 1599 3566 1668 prin-

1976 1691 2111 1758 cipio
2141 1700 2256 1745 erat
2303 1689 2552 1751 Verbum,
2587 1700 2636 1744 et
2677 1689 2904 1745 Verbum
2947 1697 3064 1743 erat
3092 1687 3233 1759 apud
3274 1687 3468 1751 Deum,
3514 1694 3566 1741 et

1976 1779 2121 1836 Deus
2160 1791 2275 1836 erat
2320 1779 2544 1835 Verbum
2567 1781 2611 1813 “
2637 1798 2651 1835 :
2694 1781 2802 1846 vel,
2828 1779 2893 1835 Ut
2916 1779 3219 1834 doctrinam
3245 1780 3416 1835 nostri
3440 1769 3567 1834 Sal-

1978 1874 2177 1928 vatoris
2191 1881 2377 1928 ornent
2399 1873 2442 1904 ¹³
2461 1889 2476 1927 :
2502 1872 2642 1937 sive,
2662 1872 2923 1943 Apparuit
2940 1873 3119 1944 gratia
3135 1870 3351 1925 Domini
3363 1878 3413 1926 et
3438 1870 3535 1925 Sal
3544 1899 3566 1913 ο

310 1951 480 2023 εράνη
525 1956 564 2023 ἡ
593 1955 769 2025 χάρις
800 1959 906 2014 τοῦ
956 1962 1126 2028 Θεοῦ,
1171 1964 1215 2033 ἦ
1260 1966 1555 2036 σωτήριος
1599 1972 1620 2001 ²
1688 1968 1879 2025 πᾶσιν

1991 1966 2178 2021 ratcris
2195 1965 2367 2020 nostri
2383 1962 2514 2019 Iesu
2531 1963 2732 2020 Christi
2745 1963 2987 2019 omnibus
3006 1964 3308 2019 hominibus
3319 1962 3567 2019 erudiens

310 2045 635 2114 ἀνθρώποις,
673 2049 1047 2108 παιδεύουσα
1080 2054 1270 2125 ’ἡμᾶς⁸
1304 2057 1361 2128 ἢ,
1396 2059 1875 2130 Προσδεχόμενοι

309 2136 411 2205 τὴν
422 2140 727 2208 μακαρίαν
746 2141 983 2210 ἐλπίδα,
1016 2146 1115 2200 καὶ
1160 2148 1514 2219 ἐπιφάνειαν
1539 2150 1650 2222 τῆς
1689 2151 1877 2218 δόξης

310 2229 404 2283 τοῦ
438 2232 657 2298 Kvplov
702 2234 804 2288 καί
846 2236 1120 2305 Σωτῆρος
1159 2238 1329 2310 ἡμῶν
1356 2241 1551 2311 Ἰησοῦ
1582 2244 1838 2313 Χριστοῦ
1856 2261 1885 2316 '_

308 2320 339 2391 ἢ
381 2324 533 2392 Αὕτη
563 2324 602 2392 ἠ
637 2324 916 2381 διακονία
954 2329 1061 2384 τοῦ
1099 2335 1446 2403 Πνεύματος
1473 2337 1571 2391 καὶ
1617 2338 1724 2392 τοῦ
1765 2340 1879 2392 Λό-

310 2427 421 2477 γου.
454 2414 788 2485 Προσέχετε
830 2417 908 2483 δὲ,
955 2421 1138 2490 φησὶν,
1171 2424 1407 2491 ἑαυτοῖς
1442 2426 1542 2480 καὶ
1588 2427 1767 2482 παντὶ
1797 2426 1879 2493 τῷ

311 2505 557 2572 ποιμνίῳ,
592 2508 667 2560 ὲν
708 2500 758 2575 ᾧ
807 2511 961 2578 ὑμᾶς
996 2512 1163 2568 ἔθετο
1204 2516 1273 2570 τὸ
1311 2518 1555 2588 Πνεῦμα
1597 2519 1664 2573 τὸ
1709 2520 1880 2589 ἅγιον

311 2594 663 2665 ἐπισκόπους
690 2605 1027 2672 ποιμαίνειν
1054 2606 1169 2675 τὴν
1189 2610 1554 2680 Ἐκκλησίαν
1577 2613 1681 2667 τοῦ
1706 2612 1878 2667 Θεοῦ·

311 2686 473 2758 ὅμοιον
512 2692 590 2764 τῷ
636 2696 837 2760 εἰπεῖν,
876 2698 1059 2766 Χάριν
1102 2700 1219 2770 ἔχω
1268 2701 1351 2768 τῷ
1385 2702 1882 2775 ἐνδυναμώσαντι

307 2795 375 2846 με
396 2783 614 2851 Χριστῷ
649 2787 851 2855 Ἰησοῦ
878 2789 961 2855 τῷ
998 2792 1188 2861 Κυρίῳ
1213 2795 1401 2864 ἡμῶν,
1432 2796 1523 2850 ὅτι
1555 2799 1778 2852 πιστόν
1804 2814 1881 2868 με

312 2872 559 2940 ἡγήσατο
590 2878 845 2948 θέμενος
875 2885 962 2948 είς
996 2882 1328 2941 διακονίαν.

373 2963 440 3015 0'.
474 2965 739 3039 Συνεργεῖ
766 2969 965 3035 τοίνυν,
994 2971 1071 3036 ὡς
1104 2973 1498 3043 ἀποδέδεικται,
1524 2977 1601 3051 τῷ
1646 2980 1819 3052 Ila-cpi
1854 2981 1884 3034 6

314 3050 425 3116 Υἱὸς
462 3056 553 3110 καὶ
584 3058 648 3111 τὸ
701 3059 924 3131 Πνεῦμα
964 3063 1026 3116 τὸ
1057 3063 1239 3133 ἅγιον*
1284 3065 1373 3132 Τῷ
1412 3070 1525 3138 γὰρ
1572 3071 1742 3140 Λόγῳ
1769 3050 1884 3126 Κυ-

309 3144 426 3213 ρίου
455 3150 507 3201 οί
537 3151 790 3219 οὐρανοί
818 3153 1286 3224 ἐστερεώθησαν,
1324 3159 1422 3213 καὶ
1460 3159 1543 3227 τῷ
1582 3163 1882 3232 Πνεύματι

315 3240 406 3294 τοῦ
442 3248 743 3314 στόματος
786 3249 972 3303 αὑτοῦ
1032 3248 1201 3305 πᾶσα
1250 3253 1290 3322 ἠ
1350 3252 1604 3323 δύναμις
1662 3256 1878 3311 αὐτῶν.

1982 2073 2078 2112 nos
2098 2057 2163 2125 “;
2195 2059 2299 2121 vel,
2341 2055 2722 2125 Exspectantes
2757 2055 2966 2111 beatam
3019 2073 3163 2126 spem
3200 2066 3251 2111 et
3289 2055 3569 2110 adventum

1982 2149 2169 2220 gloria:
2192 2149 2370 2218 magni
2394 2147 2493 2203 Dei
2521 2156 2570 2203 et
2592 2146 2891 2202 Saluatoris
2922 2149 3093 2202 nostri
3115 2147 3147 2200 Ι
3154 2164 3243 2202 esu
3265 2145 3466 2202 Christi
3490 2146 3567 2214 ¹⁵;

1984 2240 2112 2296 item
2138 2260 2149 2294 :
2174 2239 2290 2294 Hoc
2306 2248 2384 2294 est
2406 2239 2757 2294 ministerium
2774 2238 3009 2308 Spiritus
3024 2248 3072 2292 et
3086 2237 3261 2292 Verbi.
3277 2238 3568 2303 Attendite,

1985 2330 2183 2400 inquit,
2212 2328 2354 2384 vobis
2384 2337 2434 2383 et
2460 2330 2703 2383 universo
2735 2329 2900 2399 gregi,
2929 2329 2986 2382 in
3009 2344 3110 2398 quo
3138 2327 3312 2401 posuit
3330 2342 3417 2381 vos
3449 2325 3570 2394 Spi-

1985 2423 2125 2477 ritus
2170 2434 2387 2478 sanctus
2440 2424 2709 2492 episcopos
2765 2438 2942 2493 regere
2992 2421 3287 2475 Ecclesium
3348 2419 3561 2475 Dei":

1987 2513 2215 2584 perinde
2245 2529 2310 2567 ac
2343 2514 2388 2568 si
2420 2513 2622 2568 diceret
2654 2532 2667 2568 :
2707 2511 2930 2568 Gratias
2959 2530 3056 2584 ago
3083 2512 3452 2567 corroboranti
3489 2525 3572 2565 me

1988 2605 2202 2660 Christo
2242 2604 2374 2659 Iesu
2407 2604 2636 2659 Domino
2662 2615 2865 2670 nostro,
2903 2604 3042 2675 quod
3072 2619 3154 2659 me
3192 2602 3397 2675 fidelem
3428 2601 3574 2656 arbi—

1989 2706 2158 2752 trazus
2190 2705 2268 2752 est
2300 2695 2368 2751 ad
2398 2697 2748 2752 ministerium
2771 2696 3094 2751 constituens
3118 2694 3181 2749 ".

2062 2962 2225 3017 LXX.
2261 2963 2450 3034 Itaque
2480 2961 2654 3019 Filius
2681 2969 2737 3018 et
2770 2960 3010 3034 Spiritus
3038 2969 3267 3020 sanctus
3307 2975 3430 3018 cum
3466 2958 3575 3013 Pa-

1990 3063 2094 3119 tre,
2120 3059 2203 3111 uti
2227 3057 2750 3125 demonstravimus,
2772 3064 2942 3129 agunt
2972 3054 3337 3111 communiter
3362 3070 3375 3107 :
3413 3051 3574 3109 Verbo

1990 3151 2131 3205 enim
2158 3149 2377 3204 Domini
2409 3150 2526 3204 cazli
2549 3150 2754 3220 ﬁrmati
2781 3158 2940 3214 sunt;
2963 3158 3011 3203 et
3040 3146 3245 3216 Spiritu
3269 3147 3378 3201 oris
3399 3145 3568 3214 ipsius

1993 3243 2164 3296 omnis
2198 3242 2367 3297 virtus
2402 3258 2583 3296 eorum
2618 3242 2682 3296 ιθ.
2714 3240 2952 3312 Spiritus
3002 3254 3134 3296 vero
3186 3247 3411 3295 sanctus
3476 3234 3573 3291 adv

316 3331 674 3409 ἰῐίιοσκυνητὺν
704 3337 761 3392 δὲ
792 3339 1019 3412 Πνεῦμα
1051 3341 1113 3395 τὸ
1139 3342 1294 3412 ἅγιον
1316 3359 1329 3371 ⁸
1366 3343 1519 3409 Ῥοὺς
1555 3345 1664 3417 γὰρ
1704 3360 1886 3415 προσ-

1992 3337 2234 3392 orandus
2262 3345 2346 3393 est
2373 3357 2385 3392 ε
2421 3337 2525 3404 Qui
2557 3339 2696 3392 enim
2727 3336 2955 3391 adorant
2997 3335 3165 3389 Deum
3192 3374 3207 3401 ,
3246 3333 3448 3398 Spiritu
3475 3329 3574 3384 ad-

318 3424 629 3495 κυνοῦντας
655 3428 803 3496 Θεῷ,
836 3431 906 3484 ἐν
942 3434 1241 3504 Πνεύματι
1269 3435 1365 3489 δεῖ
1394 3437 1762 3506 προσκυνεῖν
1784 3435 1893 3493 ’καὶ

319 3513 560 3587 ἀληθείᾳ.
591 3520 658 3573 El
688 3520 748 3574 δὲ
780 3526 1030 3594 συνεργεῖ
1072 3525 1245 3579 ταῦτα
1283 3527 1325 3592 ⁸,
1385 3528 1561 3592 κτίσις
1589 3529 1766 3583 κτίσιν
1794 3531 1895 3585 οὐκ

320 3603 605 3677 ἐργάζεται,
634 3611 764 3664 οὐδὲ
798 3613 987 3685 κτιστὴ
1019 3614 1208 3686 θεότης
1246 3616 1476 3686 γίνεται,
1528 3618 1650 3673 οὐδὲ
1695 3621 1753 3673 ὲν
1799 3620 1896 3691 μέ-

316 3702 470 3771 τριρῆ
521 3705 757 3774 περιοχῇ
803 3704 935 3769 Θεὸς
981 3706 1330 3775 γινώσκεται.
1368 3710 1524 3763 Ἔστι
1553 3710 1663 3782 γὰρ
1698 3712 1894 3783 ἀπερί-

316 3802 523 3858 γραφος,
576 3792 869 3865 ἀχώρητος
891 3833 905 3856 ,
960 3795 1335 3867 ἁπερινόητος,
1392 3798 1573 3852 πάντα
1626 3800 1896 3871 περιέχων

315 3878 376 3933 τὰ
401 3885 675 3955 ποιήματα
703 3886 733 3938 6
759 3885 892 3950 Θεός
923 3885 966 3940 ⁸.
1020 3887 1154 3941 Οὐδὲ
1179 3887 1447 3961 λατρευτὴ
1483 3889 1693 3955 κτίσιςο
1739 3890 1900 3946 Ἐλά-

316 3985 559 4036 τρευσαν
587 3976 705 4049 γὰρ
737 3975 816 4045 τῇ
837 3977 1033 4032 κτίσει
1083 3980 1245 4050 παρὰ
1293 3980 1401 4035 τὸν
1439 3983 1757 4048 κτίσαντα,
1797 3984 1896 4037 καὶ

313 4059 757 4136 ἐμωράνθησαν.
788 4067 914 4130 Πῶς
951 4068 1060 4140 γὰρ
1085 4069 1147 4122 οὐ
1180 4070 1363 4141 μωρὸν
1396 4071 1572 4125 κτίσιν
1604 4071 1897 4141 θεολογεῖν,

316 4150 512 4211 ἀθετεῖν
538 4158 596 4212 δὲ
630 4158 862 4231 πρώτην
891 4161 912 4192 ⁸
967 4161 1186 4232 ἐντολὴν
1218 4162 1316 4232 τὴν
1341 4161 1636 4231 λέγουσαν’
1665 4164 1898 4233 Ἄκουε,

314 4241 559 4317 Ἰσραὴλ,
609 4251 831 4320 Κύριος
874 4253 908 4306 ό
966 4252 1123 4319 Θεός,
1155 4269 1272 4309 σου
1319 4255 1536 4323 Κύριος
1582 4249 1670 4322 εἷς
1706 4256 1899 4324 ἐστιν,

316 4337 417 4390 οὐκ
452 4339 624 4395 ἔσται
669 4342 743 4396 ἐν
768 4342 868 4396 σοὶ
909 4330 1046 4410 θεὸς
1085 4346 1438 4415 πρόσφατος
1458 4363 1479 4413 ;
1531 4347 1619 4400 Ἐν
1656 4346 1902 4418 Γραφαῖς

312 4425 370 4499 δὴ
394 4430 573 4499 ἁγίαις
604 4434 1105 4507 διάφορα.ὀνόματα
1130 4437 1374 4492 καλεῖται
1400 4437 1614 4510 Πατρὸς
1647 4437 1742 4491 καὶ
1768 4435 1900 4491 Υἱοῦ

313 4519 402 4569 καὶ
416 4519 569 4589 ἁγίου
594 4510 739 4575 Πνεύ
748 4540 932 4593 ματος.
964 4525 1176 4596 Πατρδς
1199 4527 1317 4598 μέν·
1341 4526 1544 4596 Πατὴρ
1563 4527 1901 4596 παντοκρά-

312 4625 438 4680 τωρ,
455 4613 662 4684 Πατὴρ
682 4613 985 4682 ἁπάντων,
1004 4616 1205 4686 Πατὴρ
1229 4617 1509 4687 Χριστοῦο
1539 4617 1663 4672 Υἱοῢ
1685 4617 1743 4672 δέ
1759 4636 1771 4649 ·
1793 4619 1905 4674 Λό.

1997 3444 2152 3483 orare
2184 3438 2385 3498 oportet
2414 3438 2463 3485 et
2494 3430 2710 3484 veritate
2734 3430 2797 3485 ‘9.
2828 3428 2935 3500 75
2967 3428 3171 3494 Quodsi
3194 3427 3395 3482 veritas
3422 3438 3575 3480 como

1996 3522 2239 3577 muniter
2267 3522 2401 3593 agit,
2440 3530 2697 3577 creatura
2721 3530 3031 3577 creaturam
3066 3519 3229 3574 aliam
3254 3534 3362 3573 non
3397 3516 3580 3583 efﬁcit,

1996 3628 2175 3685 neque
2203 3615 2380 3669 creari
2409 3613 2869 3685 divinitaspotcst
2888 3655 2904 3680 ,
2935 3626 3113 3682 neque
3151 3617 3298 3666 certo
3329 3609 3492 3664 modo
3519 3622 3584 3663 ac

1998 3703 2515 3773 circumscriptione
2553 3700 2817 3758 deﬁnitus
2861 3701 3216 3773 cognoscitur
3254 3699 3436 3764 Deus;
3483 3695 3587 3751 cir-

1997 3793 2294 3849 cumscribi
2340 3793 2486 3848 enim
2527 3807 2638 3848 non
2672 3801 2885 3865 potest,
2928 3802 3021 3848 aut
3072 3791 3218 3861 capi,
3256 3798 3351 3844 aut
3381 3788 3586 3843 intelli-

1999 3886 2183 3957 gentia
2211 3884 2631 3955 comprehendi,
2663 3899 2788 3939 cum
2822 3885 3084 3939 universa
3123 3881 3220 3938 Dei
3251 3896 3418 3951 opera
3447 3895 3587 3935 con-

1999 3977 2193 4032 tineat.
2255 3975 2362 4031 Sed
2416 3990 2596 4046 neque
2638 3983 2907 4030 creaturae
2936 3971 3287 4029 serviendum
3327 3990 3340 4026 :
3386 3969 3590 4025 Servie-

2001 4076 2145 4133 runt,
2218 4067 2415 4137 inquit,
2448 4075 2708 4122 creatum
2735 4067 2913 4136 potius
2941 4082 3102 4136 quam
3130 4063 3395 4129 Creatori,
3421 4072 3469 4118 st
3501 4062 3588 4133 fa-

2004 4160 2082 4213 tui
2110 4156 2305 4212 redditi
2336 4166 2459 4213 sunt
2484 4159 2554 4212 ¹⁰.
2583 4157 2777 4214 Nonne
2808 4158 3068 4213 stolidum
3094 4164 3180 4212 est
3209 4164 3477 4211 creatura:
3506 4154 3591 4209 di-

2000 4250 2282 4307 vinitatem
2318 4251 2562 4307 tribuere
2584 4291 2599 4316 ,
2634 4265 2700 4305 ac
2741 4250 2978 4321 primum
3007 4249 3113 4305 hoc
3142 4248 3348 4304 violare
3394 4262 3591 4320 praece-

2001 4351 2188 4414 ptum:
2219 4342 2385 4408 Audi,
2410 4341 2623 4397 Israel:
2653 4341 2913 4396 Dominus
2944 4340 3085 4397 Deus
3117 4351 3238 4395 tuus
3255 4356 3390 4394 unus
3421 4349 3498 4394 est
3522 4341 3589 4397 ²¹.

2006 4435 2131 4490 Νοη
2167 4436 2267 4491 erit
2304 4436 2358 4490 in
2407 4445 2455 4490 te
2513 4435 2656 4491 Deus
2696 4452 2875 4490 recens
2918 4436 3006 4490 ’⁸2
3037 4435 3307 4491 Caeterum
3355 4435 3595 4489 diversis

2005 4529 2061 4584 in
2097 4526 2380 4597 Scriptura
2412 4528 2731 4584 nominibus
2771 4525 2936 4583 Pater
2973 4534 3027 4582 et
3052 4526 3227 4582 Filius
3266 4533 3322 4582 et
3352 4526 3594 4597 Spiritus

2004 4625 2235 4677 sanctus
2259 4618 2510 4690 insigniri
2540 4620 2721 4676 solent
2748 4638 2762 4675 :
2790 4628 2988 4691 utputa
3017 4618 3201 4685 Pater,
3228 4618 3395 4673 Pater
3423 4619 3597 4673 omni—

315 4720 428 4770 νος,
447 4706 729 4774 Χρισώς,
750 4705 875 4776 φῶς
900 4708 1211 4776 ἀληθινόν.
1240 4696 1347 4763 Τοῦ
1374 4710 1430 4763 δὲ
1470 4710 1627 4778 ἁγίου
1655 4708 1886 4780 Πνεύμα-

2003 4717 2227 4780 potens,
2301 4709 2467 4765 Pater
2530 4711 2801 4777 omnium,
2847 4710 3013 4765 Pater
3072 4708 3275 4765 Christi
3328 4719 3594 4776 vocatur;

312 4809 421 4856 τος⁶
440 4796 855 4866 Παράκλητος,
876 4798 1119 4871 Πνεῦμα
1139 4800 1445 4870 ἀληθείας,
1460 4801 1705 4871 Πνεῦμα
1727 4801 1899 4869 Θεοῦ,

314 4885 547 4956 Πνεῦμα
585 4889 868 4958 Χριστοῦ.
913 4890 980 4944 Τί
1023 4891 1202 4945 τοίνυν
1252 4891 1273 4923 ⁸
1330 4893 1361 4947 6
1409 4891 1542 4955 Θεὸς
1574 4894 1772 4947 νοεῖται
1807 4891 1902 4947 καὶ

315 4971 518 5049 Πατὴρ,
548 4979 668 5049 φῶς
693 4979 813 5033 an!
833 4979 910 5044 ὡς
937 4980 1356 5054 ὑπέρλαμπρον,
1379 4982 1653 5053 δύναμις,
1689 4983 1897 5053 σοφία.

316 5064 375 5118 Et
401 5067 456 5121 δὲ
481 5069 601 5139 φῶς
630 5073 661 5125 6
696 5071 828 5136 Θεὸς
860 5072 955 5125 καὶ
996 5073 1209 5145 Πατὴρ,
1247 5073 1362 5142 φῶς
1398 5073 1523 5146 ἄρα
1552 5076 1618 5128 ὲκ
1665 5073 1841 5145 φωτὸς
1875 5074 1904 5128 6

316 5152 456 5225 Υἱὸς,
490 5161 590 5214 καὶ
626 5160 714 5215 διὰ
750 5158 908 5215 τοῦτο
954 5158 1135 5218 οἰκῶν
1182 5163 1309 5234 φῶς
1347 5163 1371 5197 τ
1432 5163 1501 5217 τὸ
1548 5163 1902 5232 ἀπρόσιτον.

318 5248 548 5320 Δύναμις
590 5251 651 5305 δὲ
687 5251 807 5317 ὅλος
834 5255 864 5306 6
896 5253 1050 5319 Θεὸς,
1085 5256 1179 5310 καὶ
1223 5254 1314 5310 διὰ
1348 5254 1506 5309 τοῦτο
1536 5256 1756 5325 Κύριος
1788 5253 1909 5310 τῶν

2008 4799 2183 4858 Filius
2239 4816 2410 4867 vero,
2476 4800 2741 4867 Verbum,
2797 4797 3067 4865 Christus,
3122 4800 3217 4854 lux
3273 4816 3432 4864 vera;
3474 4798 3597 4869 Spi-

2011 4892 2154 4949 ritus
2217 4900 2443 4950 sanctus
2489 4891 2745 4963 denique,
2793 4889 3130 4957 Paracletus,
3184 4888 3418 4959 Spiritus
3450 4889 3592 4943 ueri-

2009 4985 2158 5052 tatis,
2227 4982 2460 5054 Spiritus
2515 4983 2639 5049 Dei,
2700 4981 2933 5052 Spiritus
2998 4979 3222 5037 Christi.
3284 4979 3597 5047 Quinetiam

2008 5076 2155 5133 Deus
2177 5076 2270 5132 ille
2308 5075 2451 5131 idem
2500 5088 2567 5129 ac
2603 5073 2766 5130 Pater
2792 5073 2883 5128 lux
2912 5072 3259 5143 intelligitur,
3288 5081 3342 5128 et
3368 5071 3593 5144 quidem

2009 5165 2322 5220 admirabili
2354 5162 2648 5234 splendore
2669 5164 2982 5230 collucens,
3014 5178 3231 5219 necnon
3258 5170 3313 5220 et
3340 5164 3505 5218 virtus
3537 5169 3593 5219 et

2013 5256 2296 5327 sapientia.
2329 5256 2507 5327 Atque
2547 5255 2628 5310 uti
2657 5256 2753 5310 lux
2785 5262 2871 5311 est
2893 5254 3040 5311 Deus
3074 5261 3129 5309 et
3162 5254 3343 5320 Pater,
3381 5254 3457 5308 ita
3502 5254 3595 5314 lux

318 5336 648 5412 δυνάμεων.
687 5343 859 5414 Σοφία
904 5346 1023 5412 ὅλος
1058 5348 1089 5400 6
1133 5348 1259 5412 Υἱός
1290 5347 1465 5420 (15⁴)⁶
1508 5346 1704 5402 οὐκοῦν
1748 5348 1886 5417 σοφίι

2013 5354 2099 5402 est
2125 5346 2193 5401 de
2220 5346 2342 5401 luce
2360 5344 2535 5400 Filius
2562 5362 2575 5400 :
2611 5343 2757 5399 unde
2783 5351 2837 5399 et
2863 5343 3034 5397 lucem
3067 5340 3331 5396 inhabitat
3359 5340 3600 5404 inacceso

389 5493 941 5597 ζηλικοσμησωμεν.
1016 5504 1039 5535 ¹
1069 5519 1161 5572 γρ.
1186 5499 1280 5556 τοῦ
1313 5500 1566 5584 Σωτῆρος
1598 5499 1756 5575 ἡμῶν
1791 5499 2051 5625 Χριστοῦ.
2128 5500 2149 5533 ⁸
2180 5517 2272 5571 πο.
2302 5500 2341 5602 il
2366 5498 2613 5570 ἀλήθεια.
2695 5496 2717 5529 ⁸
2742 5513 2832 5568 πο.
2860 5496 2954 5550 τοῦ
2988 5494 3145 5550 Θεοῦ.
3197 5496 3221 5527 ⁸
3247 5510 3337 5564 γρ.
3360 5494 3598 5566 Πατρός,

389 5583 496 5621 .or.
536 5586 621 5621 ιτι
657 5586 856 5625 τοινυν.
958 5572 980 5604 ⁷
1006 5588 1103 5625 φορ
1165 5572 1253 5625 διὰ
1314 5590 1409 5625 τον.)
1446 5573 1643 5625 φωτός.
1718 5572 1741 5604 ⁸
1780 5571 1801 5624 l
1879 5586 1973 5625 rm.
2013 5586 2074 5625 ιιι
2108 5569 2194 5625 16.
2368 5568 2530 5625 Rom.
2561 5584 2637 5625 ιι.
2666 5567 2721 5622 5.
2803 5567 2846 5597 ¹⁰
2875 5568 2995 5621 Act.
3028 5582 3141 5625 xw,
3173 5567 3258 5620 51.
3389 5565 3433 5597 ¹¹
3474 5567 3598 5621 Act.

324 5561 345 5592 ‘
372 5561 621 5642 coge-.1
657 5561 856 5642 τοίνυν.
958 5572 980 5604 ⁷
1006 5561 1103 5642 trp-.3

1165 5572 1253 5642 διᾲ
1314 5573 1409 5626 τοῦ
1446 5572 1643 5642 ιρωτόςί.

327 5645 430 5707 svi,
459 5636 549 5692 54.
658 5639 701 5672 ⁸⁸
729 5640 884 5694 Joan.
912 5656 953 5707 ι,
991 5636 1038 5697 1⁷.

1138 5643 1184 5675 ¹³
1212 5641 1319 5696 Tit.
1350 5659 1410 5701 ιι.
1455 5641 1542 5697 10.

1879 5573 1973 5627 im.
2013 5586 2074 5626 ιιι
2108 5569 2194 5625 16.

1648 5641 1692 5673 ³⁵
1719 5642 1851 5696 ibid.
1903 5656 1964 5708 ll,
1998 5641 2082 5697 l2.

2368 5567 2530 5634 Rom,
2561 5584 2637 5630 ιι,
2666 5567 2721 5622 5.
2750 5567 2754 5568 “
2803 5567 2846 5597 ¹⁰
2875 5568 2995 5621 Act.
3028 5582 3141 5629 xw,
3173 5567 3258 5620 51.

2179 5641 2223 5673 ¹⁸
2258 5638 2391 5694 ibid.
2432 5639 2520 5694 l5.
2602 5638 2644 5669 “
2675 5640 2793 5692 Act.
2825 5652 2917 5700 xx,
2950 5637 3043 5698 27,
3082 5637 3174 5690 28.
3252 5639 3269 5666 ³

328 5701 410 5757 12.
488 5708 530 5738 ⁸³
570 5707 662 5763 Ps.
694 5725 869 5777 xxx",
896 5701 951 5767 ϐξ
1028 5713 1074 5745 ¹⁹
1098 5710 1258 5767 Joan.
1282 5728 1355 5779 Iv,
1387 5712 1478 5767 24.
1554 5711 1600 5744 ²⁰
1629 5711 1833 5778 Roma,
1861 5711 1886 5765 ἢ

1991 5711 2084 5765 ει.
2161 5710 2206 5744 ¹¹
2238 5709 2400 5766 Deut.
2427 5709 2576 5775 νιμί.
2654 5707 2868 5764 “Psal.
2913 5722 3078 5775 Lux,
3120 5706 3209 5762 10.

398 5841 741 5923 (ιω-Τειιιιε
766 5845 990 5923 Graesz
1019 5847 1278 5923 Epistolas
1318 5851 1385 5907 ad
1422 5849 1605 5909 Titum
1636 5849 1796 5908 habet
1837 5866 1898 5923 ir,

339 5908 423 5979 ω,
442 5908 535 5969 τοῦ
565 5915 811 5990 Σωτῆρος
839 5920 996 5992 ἡμῶν
1027 5908 1185 5977 Θεοῦδ

2083 5851 2217 5925 (15⁸)
2247 5851 2391 5925 Lege
2422 5850 2583 5921 σοφία
2615 5849 2732 5913 ὅλος
2764 5850 2792 5904 6
2821 5846 2973 5911 Θεός.
3010 5844 3168 5903 Eutr.
