3950 6426
212 288 315 347 ιω

1674 293 2116 353 ANCORATUS.

3425 284 3529 340 150

226 408 571 483 πατριάρχαε
619 414 654 466 6
704 411 951 485 ἀληθινὸς
985 410 1175 484 Πατὴρ
1218 411 1522 484 ἀρξάμενος
1569 412 1663 466 τοῦ
1698 412 1835 470 εἶναι

1947 416 2167 468 ternitas
2208 414 2258 467 in
2289 411 2431 466 caelis
2466 419 2516 464 et
2562 411 2616 464 in
2660 419 2803 464 terra
2829 408 2883 477 ",
2929 409 3043 465 sive
3081 425 3095 464 :
3146 405 3257 479 Ego
3299 406 3523 477 ﬁrmans

237 504 444 577 Πατὴρ,
475 503 514 575 ἢ
542 503 800 559 ἐκλιπών
839 521 968 558 ποτε
998 505 1174 576 χρόνῳ
1211 501 1304 558 τοῦ
1335 498 1472 558 εἶναι
1525 504 1734 578 Πατήρ.
1771 507 1837 563 El

243 600 342 669 γάρ
382 597 620 670 ἄρχεται
668 595 766 651 τοῦ
817 593 954 651 εἶναι
998 596 1210 669 Πατὴρ,
1268 596 1398 662 Υἱὸς
1440 597 1549 669 ἄρα
1586 590 1655 670 ἦν
1706 616 1837 653 ποτε

245 689 428 759 ἑτέρου
460 689 700 761 Πατρὸς,
736 687 843 761 πρὸ
879 687 971 743 τοῦ
1004 683 1143 743 εἶναι
1188 688 1350 743 αὐτὸν
1398 688 1621 761 Πατέρα
1662 690 1838 744 Μονο-

242 781 456 851 γενοῦς.
500 782 639 836 Καθ’
692 782 986 853 ὁμοιότητα
1028 780 1140 853 (ΞΟ)
1185 780 1242 834 δὲ
1294 780 1530 855 πατέρες
1588 782 1838 854 πατέρων

239 869 514 941 νοούμενα
549 872 567 903 ¹
600 871 788 938 τέκνα,
830 874 912 936 εἰς
957 871 1184 941 ἄπειρον
1227 870 1319 927 τὸν
1366 871 1582 944 ἀληθῶς
1621 873 1838 945 πατέρα

236 960 343 1033 τῆς
389 961 777 1033 ἀρχαιολογίας
818 963 999 1034 εὑρεῖν
1045 961 1213 1017 ἔστιν.
1257 963 1392 1018 Οὐδὲ
1443 961 1519 1027 ὡς
1566 961 1635 1017 τὰ
1679 965 1840 1020 λοιπά

233 1051 409 1106 τέκνα
437 1050 601 1118 θέσει,
631 1054 660 1107 6
692 1051 820 1117 Υἱὸς
859 1053 888 1105 6
919 1051 1190 1125 ἀληθινὸς,
1225 1052 1343 1117 νέος
1372 1052 1466 1107 τοῦ
1501 1049 1637 1107 εἶναι
1675 1053 1834 1119 Υἱός·

233 1142 289 1194 εί
318 1142 431 1213 γὰρ
462 1141 582 1206 νέος
614 1140 707 1195 τοῦ
754 1137 891 1197 εἶναι
924 1142 1073 1209 Υἱὸς,
1103 1139 1172 1216 ἦν
1220 1158 1350 1198 ποτε
1395 1144 1584 1216 χρόνος
1615 1145 1702 1198 ὅτε
1739 1147 1840 1200 οὐκ

231 1228 304 1306 ἦν
356 1233 551 1306 Πατὴρ
595 1233 785 1305 Πατὴρ
827 1235 1184 1304 Μονογενοῦς.
1242 1237 1375 1289 Οὐδὲ
1424 1236 1500 1303 ὡς
1559 1235 1628 1291 τά
1677 1236 1839 1294 λοιπὰ

233 1324 556 1397 πνεύματα,
585 1326 646 1380 τὸ
674 1325 900 1398 Πνεῦμα
930 1327 1029 1399 τῆς
1058 1326 1317 1400 ἀληθείας
1350 1329 1567 1384 κτιστὸν
1603 1330 1637 1402 ἢ
1684 1346 1839 1401 ποιη-

230 1419 349 1473 τόν·
376 1418 502 1472 οὐδὲ
527 1418 603 1483 ὡς
623 1421 673 1473 oi
695 1419 869 1474 λοιποὶ
893 1418 1133 1490 ἄγγελοι,
1148 1420 1177 1473 6
1200 1421 1300 1492 τῆς
1312 1420 1581 1493 μεγάλης
1601 1420 1840 1491 ,βουλῆς

238 1500 544 1579 ’Ἄγγελος
589 1507 854 1564 καλεῖται.
891 1510 959 1562 Ἀ
1012 1509 1111 1581 μὲν
1170 1510 1280 1583 γὰρ
1326 1510 1499 1582 ἀρχὴν
1546 1510 1641 1566 καὶ
1684 1508 1839 1576 τέλος

232 1598 371 1670 ἔχει,
401 1602 431 1654 ό
465 1599 510 1654 δ’
554 1600 620 1656 ἂν
656 1599 771 1672 (21)
820 1601 1173 1673 ἀνεπινόητον
1230 1600 1342 1674 ἔχει
1383 1602 1482 1675 τὴν
1528 1604 1703 1675 ἀρχὴν
1745 1603 1840 1658 καὶ

228 1692 297 1746 τὸ
327 1691 565 1763 κράτος·
596 1693 691 1745 καὶ
726 1691 762 1746 ἃ.
792 1693 891 1764 μὲν
922 1692 1097 1758 κτίζει
1135 1693 1202 1748 τὰ
1232 1694 1411 1749 πάντα
1453 1694 1533 1758 είς
1576 1695 1840 1767 ἀπείρους

1943 506 2169 571 tonitru,
2193 512 2242 559 et
2276 519 2462 557 creans
2505 502 2749 571 spiritum
2776 501 2819 555 ⁸.
2860 498 2977 556 Non
3012 501 3156 556 enim
3196 507 3521 555 cmterorum

1943 606 2161 670 patrum
2194 593 2704 668 patriarcharumve
2728 593 2901 658 mare,
2928 607 3087 647 verus
3121 591 3211 646 ille
3239 589 3401 645 Pater
3430 598 3524 643 aut

1939 705 2064 746 esse
2100 688 2263 744 Pater
2298 685 2597 758 aliquando
2630 685 2818 757 coepit,
2855 691 2949 738 aut
2984 698 3274 757 pregressu
3315 690 3525 753 tempo-

1941 782 2019 836 ris
2047 796 2173 836 esse
2202 779 2530 851 quandoque
2570 775 2805 833 desinet.
2830 774 2967 830 Nam
2991 774 3037 831 si
3076 772 3236 831 Pater
3262 789 3385 828 esse
3410 787 3525 828 co:-

1941 872 2105 944 perit,
2137 887 2372 927 necesse
2406 876 2489 925 est
2517 879 2576 924 ut
2598 866 2774 924 Filius
2799 866 3026 922 alterius
3051 863 3234 919 Patris
3259 864 3390 917 olim
3418 862 3529 919 lue.

1942 967 2031 1030 rit,
2072 971 2366 1034 antequam
2396 963 2514 1033 ipse
2549 968 2699 1019 esset
2735 958 3014 1031 Unigeniti
3049 959 3239 1012 Pater:
3273 954 3526 1010 similiter

1941 1070 2005 1109 ac
2027 1062 2235 1125 patres,
2280 1054 2373 1126 qui
2421 1054 2551 1108 dum
2587 1052 2972 1124 intelliguntur
3007 1064 3132 1105 esse
3160 1048 3253 1103 lilii
3282 1053 3526 1117 patrum,

1941 1145 1996 1199 in
2035 1145 2312 1201 inﬁnitum
2345 1159 2510 1200 verus
2550 1144 2782 1214 originis
2819 1147 2971 1197 sator
3001 1155 3065 1195 ac
3096 1147 3251 1210 pater
3290 1136 3528 1192 inveniri

1943 1249 2145 1313 potest.
2179 1240 2367 1311 Neque
2415 1255 2546 1296 vero
2582 1251 2907 1294 caeterorum
2948 1237 3125 1291 instar
3158 1234 3391 1289 liliorum
3433 1230 3577 1303 qui,

1941 1332 2235 1402 adeptione
2272 1330 2404 1385 l'acti
2435 1338 2586 1398 sunt,
2613 1345 2775 1385 verus
2806 1329 2978 1384 Filius
3008 1343 3203 1382 recens
3228 1335 3313 1381 est
3348 1324 3527 1380 laetus

1940 1424 2134 1479 Filius.
2185 1422 2444 1494 Alioquin
2478 1421 2624 1477 enim
2669 1427 2887 1492 tempus
2919 1415 3217 1490 aliquando
3260 1415 3383 1480 fuit,
3415 1428 3527 1485 quo

1941 1515 2106 1571 Pater
2130 1516 2375 1572 nondum
2408 1523 2556 1571 esset
2582 1511 2864 1584 Unigeniti
2893 1510 3072 1567 Pater.
3110 1511 3216 1567 Sed
3244 1525 3420 1580 neque
3448 1507 3527 1562 uti

1942 1609 2139 1681 reliqui
2168 1608 2421 1679 spiritus,
2454 1606 2705 1662 veritatis
2726 1604 2963 1676 Spiritus
2986 1612 3234 1659 creatum
3266 1600 3525 1674 quiddam

1940 1710 2024 1758 est
2043 1708 2138 1756 aut
2167 1700 2403 1767 factum;
2431 1714 2611 1770 neque
2640 1705 2963 1753 caeterorum
2988 1694 3163 1751 instar
3186 1694 3525 1763 angelorum,

231 1781 467 1847 αἰῶνας.
494 1783 861 1855 συνεργοῦντα
884 1783 1058 1857 Πατρί
1081 1801 1092 1817 ι
1124 1784 1161 1839 6
1190 1784 1247 1839 δὲ
1293 1784 1535 1851 κτίζεται
1569 1785 1679 1839 ἀπὸ
1714 1785 1835 1839 τού-

1941 1794 2116 1863 magni
2150 1792 2240 1848 ille
2274 1791 2490 1846 consilii
2520 1789 2749 1862 Angelus
2778 1788 2984 1846 dicitur
3014 1788 3057 1843 °.
3095 1786 3378 1859 Siquidem
3437 1784 3531 1839 illa

230 1892 368 1939 των,
398 1873 477 1939 ὡς
509 1874 577 1928 ἂν
604 1873 840 1930 ὲθέλοιε’
884 1876 977 1930 καὶ
1021 1874 1057 1930 6
1094 1877 1194 1948 μὲν
1228 1875 1479 1949 λατρεύει
1526 1876 1755 1943 τούτοις,
1800 1876 1835 1932 6

1943 1885 2160 1941 initium
2198 1883 2402 1939 habent
2433 1891 2487 1937 et
2519 1880 2685 1938 ﬁnem
2716 1894 2731 1935 :
2781 1880 2897 1936 haec
2926 1879 3035 1936 duo
3060 1880 3229 1936 robur
3268 1894 3332 1933 ae
3374 1877 3530 1949 prin-

230 1967 292 2022 δὲ
325 1966 601 2039 λατρευτά
650 1967 754 2022 ὑπὸ
805 1967 915 2023 τῶν
957 1968 1094 2023 ὅλων
1150 1969 1495 2042 κτισμάτων·
1537 1969 1632 2024 καὶ
1669 1968 1705 2023 6
1737 1970 1835 2042 μὲν

1943 1977 2185 2048 cipatum
2224 1974 2460 2042 habent,
2490 1988 2651 2044 quem
2681 1972 2832 2028 nulla
2860 1973 3187 2043 cujusquam
3220 1970 3530 2042 intelligen-

233 2061 391 2115 ἐᾶται
441 2060 512 2114 τὰ
552 2060 852 2132 ποιήματα,
893 2061 929 2115 6.
961 2060 1018 2114 δὲ
1068 2060 1167 2134 τὴν
1214 2062 1356 2116 ῐασιν
1405 2060 1670 2134 λαμϐάνει
1704 2078 1835 2135 παρ,

1946 2068 2021 2124 tia
2055 2068 2230 2141 possit
2259 2066 2504 2137 assequi.
2541 2063 2668 2121 llaec
2702 2066 2959 2122 universa
2988 2070 3374 2136 procrearunt,
3409 2077 3530 2133 qui!

230 2152 420 2207 αὐτῶν
442 2168 458 2182 ⁸
497 2151 593 2206 καὶ
616 2151 655 2206 ἀ
684 2153 782 2221 μὲν
813 2151 1057 2225 κρίνεται
1085 2153 1206 2209 κατ’
1227 2154 1404 2221 ἀξίαν,
1428 2152 1464 2209 6
1492 2154 1549 2209 δὲ
1586 2154 1683 2226 τὴν
1715 2153 1833 2227 κρί-

232 2262 321 2300 σιν
354 2248 478 2319 εχεῑ
500 2246 601 2317 τὴν
632 2244 845 2301 δικαίαν
864 2262 878 2277 ο
912 2246 1007 2302 καὶ
1033 2246 1069 2303 ἀ
1101 2247 1202 2319 μὲν
1233 2247 1411 2321 χρόνῳ
1436 2249 1456 2280 ³
1509 2247 1677 2313 ἐστὶν,
1712 2247 1748 2302 6
1774 2246 1833 2301 δὲ

230 2337 335 2393 οὐκ
359 2340 421 2392 ὲν
449 2337 627 2410 χρόνῳ
650 2338 910 2410 τυγχάνει
930 2357 944 2371 ·
969 2339 1067 2395 καὶ
1091 2338 1127 2394 6
1154 2340 1253 2411 μὲν
1282 2336 1507 2411 φωτίζει
1529 2339 1600 2393 τὰ
1629 2338 1828 2405 πάντα,

228 2429 267 2484 ἀ
317 2428 378 2484 δὲ
427 2429 721 2499 φωτίζεται
768 2430 873 2485 ὑπὸ
910 2431 1146 2486 τούτων·
1190 2432 1285 2485 καὶ
1331 2431 1367 2485 6
1415 2431 1514 2503 μὲν
1557 2431 1713 2485 καλεῖ
1745 2449 1834 2504 νη-

230 2522 395 2587 πίους
424 2522 507 2588 είς
536 2520 691 2594 ὕψος,
716 2521 754 2578 6
779 2522 837 2577 δὲ
866 2524 1114 2580 καλεῖται
1155 2524 1259 2578 ὑπὸ
1286 2526 1522 2579 τελείουο
1553 2527 1648 2579 καὶ
1670 2523 1706 2579 6
1733 2525 1832 2596 μὲν

231 2613 522 2687 χαρίζεται
570 2616 776 2682 adeo);
834 2615 870 2670 ἀ
918 2616 975 2669 δὲ
1030 2618 1343 2691 χαρίσματα
1387 2616 1688 2689 λαμϐάνει·
1739 2617 1833 2671 καὶ

234 2706 493 2775 καθάπαξ
521 2708 716 2775 εἰπεῖν,
740 2707 779 2762 6.
825 2709 925 2779 μὲν
971 2708 1194 2780 ἐξυμνεί
1223 2708 1322 2784 τὴν
1366 2710 1628 2782 ἀγιότητα
1658 2710 1715 2764 ἐν
1745 2709 1836 2763 ού-

237 2800 419 2869 ρανοῖς
447 2798 691 2872 οὐρανῶν
724 2800 820 2854 καὶ
839 2800 1045 2866 λοιποῖς
1073 2801 1325 2873 ἀοράτοις
1351 2801 1555 2867 τόποις,
1595 2801 1631 2856 6
1667 2801 1722 2855 δὲ
1749 2802 1836 2870 ἑξ-

1940 2177 2066 2217 cum
2120 2159 2280 2216 Patre
2316 2175 2410 2231 per
2457 2157 2670 2214 inllnita
2711 2158 2911 2214 saecula
2942 2157 3309 2213 communiter
3347 2154 3530 2210 omnia

1938 2252 2240 2310 moliuntur
2272 2269 2286 2308 :
2320 2258 2518 2306 caetera
2548 2249 2617 2304 ab
2645 2249 2753 2307 illis
2780 2259 2946 2321 prout
2988 2250 3125 2321 ipsis
3156 2247 3320 2314 libet,
3346 2261 3535 2300 crean-

1938 2353 2049 2400 tur.
2100 2345 2197 2399 llla
2240 2344 2488 2400 serviunt
2536 2343 2605 2399 iis
2647 2350 2703 2399 et
2752 2343 2977 2411 colunt;
3030 2342 3117 2398 his
3176 2356 3204 2395 a
3259 2339 3533 2395 creaturis

1939 2437 2198 2494 omnibus
2246 2436 2486 2493 servitus
2532 2437 2826 2507 cultusque
2861 2435 3141 2490 tribuitur.
3192 2431 3317 2487 Hice
3347 2431 3534 2502 operi-

1943 2531 2048 2587 bus
2082 2529 2200 2585 suis
2248 2526 2578 2584 medicinam
2615 2527 2876 2582 adhibent
2908 2545 2921 2583 :
2970 2526 3063 2581 illa
3095 2525 3424 2580 medicinam
3462 2524 3534 2578 ab

1942 2622 2065 2676 istis
2109 2620 2411 2692 accipiunt.
2461 2617 2555 2672 llla
2606 2634 2703 2690 pro
2747 2634 2849 2674 suo
2887 2606 3119 2690 qumque
3153 2618 3347 2671 merito
3378 2613 3531 2685 judi-

1943 2711 2089 2767 cium
2148 2706 2432 2766 subeunti
2490 2707 2606 2764 haec
2658 2707 2870 2779 justum
2926 2713 3183 2765 exercent
3236 2705 3530 2778 judicium.

1943 2800 2071 2858 Haec
2099 2800 2154 2857 in
2177 2810 2462 2873 tempore:
2496 2799 2588 2854 illa
2623 2807 2776 2856 extra
2813 2808 3027 2872 tempus
3057 2807 3203 2855 sunt.
3248 2798 3374 2853 Hch
3407 2797 3533 2852 uni-

235 2890 554 2963 υμνούμενα
582 2889 653 2945 τά
686 2890 836 2963 δῶρα
858 2892 1022 2959 ἀξίως
1059 2892 1290 2966 παρέχει
1316 2896 1429 2959 τοῖς
1450 2893 1639 2962 ἀξίοις.

1944 2909 2105 2950 versa
2157 2893 2533 2949 collustrant:
2574 2894 2643 2947 ab
2687 2894 2771 2949 his
2804 2894 2895 2948 illa
2946 2894 3363 2949 collustrantur.
3407 2889 3533 2947 llaec

235 2984 476 3041 infantes
521 2983 590 3040 ad
638 2986 1033 3045 sublimitatem
1069 2998 1297 3044 vocant:
1352 2989 1445 3045 illa
1486 3005 1516 3043 a
1556 2988 1800 3061 perfecto
1847 3001 2135 3046 vocantur.
2181 2986 2308 3045 Haec
2349 2988 2659 3061 largiuntur
2717 2988 3022 3045 omnibus:
3062 2987 3153 3041 illa
3204 2985 3523 3041 muneribus

234 3078 569 3135 adiciuntur.
606 3081 689 3135 Ad
729 3097 998 3138 summam
1056 3083 1150 3139 illa
1201 3083 1257 3139 in
1294 3085 1451 3142 caelis
1486 3086 1754 3141 ewlorum
1797 3100 1863 3142 ac
1915 3083 2132 3140 caeteris
2193 3099 2314 3154 quae
2356 3085 2533 3139 oculis
2601 3082 2870 3139 subducta
2918 3088 3086 3147 sunt,
3134 3080 3271 3137 locis
3330 3079 3534 3137 sancti—

236 3184 405 3230 tatem
442 3175 589 3230 illam
618 3174 1085 3247 pradicanthasc
1105 3177 1323 3235 illorum
1357 3178 1743 3251 praedicatione
1766 3179 2041 3237 celebrata
2074 3194 2200 3234 cum
2234 3178 2415 3250 dignis
2448 3193 2550 3236 sua
2584 3178 2749 3249 digne
2780 3178 2924 3234 dona
2958 3175 3388 3232 communicant.

307 3272 428 3327 OB'.
471 3272 771 3346 Πνεύματα
814 3274 872 3328 δὲ
918 3274 1182 3342 πλεῖστα,
1218 3277 1446 3350 φησὶνή
1486 3277 1710 3350 Γραφή·
1767 3277 1828 3332 '0

2003 3273 2215 3331 LXXII.
2256 3276 2527 3331 Caeterum
2562 3274 2879 3346 complures
2923 3274 3154 3346 spiritus
3199 3288 3375 3329 sacrae
3402 3272 3521 3328 Lit-

246 3364 429 3419 ποιῶν
458 3364 600 3431 τοὺς
639 3364 937 3435 ἀγγέλους
974 3367 1162 3423 αὐτοῦ
1195 3369 1528 3440 πνεύματα,
1558 3371 1656 3424 καὶ
1694 3370 1835 3437 τοὺς

1942 3374 2078 3422 terte
2150 3382 2275 3422 esse
2324 3364 2636 3438 signiﬁcant
2668 3380 2682 3419 :
2716 3366 2825 3433 Qui
2871 3366 3038 3434 facit,
3071 3364 3284 3437 inquit,
3317 3364 3528 3435 angelos

249 3456 635 3528 λειτουργοὺς
659 3457 849 3512 αὐτοῦ
876 3458 1065 3528 πυρὸς
1103 3459 1334 3531 φλόγα·
1371 3461 1496 3530 καὶ,
1529 3461 1736 3517 Πάντα
1764 3460 1835 3516 τὰ

1942 3474 2065 3514 suos
2099 3459 2356 3528 spiritus,
2400 3468 2459 3515 Aet
2507 3459 2780 3513 ministros
2819 3474 2945 3513 suos
2991 3458 3267 3528 ﬂammant
3314 3458 3452 3529 ignis
3488 3457 3529 3513 '.

246 3548 575 3619 πνεύματα,
599 3549 818 3605 αινεῐτε
840 3549 948 3606 τὸν
969 3552 1212 3622 Κύριον.
1236 3552 1569 3625 Χαρίσματα
1586 3554 1644 3608 δὲ
1664 3553 1835 3621 ἀξίοις

1941 3548 2074 3607 Item
2111 3572 2126 3607 :
2160 3546 2357 3607 Omnes
2399 3550 2621 3619 spiritus
2642 3590 2657 3614 ,
2692 3548 2909 3605 laudate
2950 3548 3237 3604 Dominum
3268 3548 3313 3616 ⁸,
3358 3546 3454 3604 sed
3481 3556 3533 3603 et

240 3637 442 3695 δίδοται
474 3640 804 3713 διακρίσεως
846 3643 1192 3714 πνευμάτων.
1224 3645 1292 3699 Ἀ
1328 3645 1426 3715 μὲν
1453 3645 1561 3717 γὰρ
1596 3645 1834 3717 ἐπουρά-

1942 3640 2014 3696 iis
2051 3640 2158 3715 '17
2190 3641 2284 3711 qui
2334 3639 2486 3711 digni
2520 3647 2687 3705 sunt,
2719 3639 3209 3696 discernendorum
3237 3639 3531 3710 Spirituum

244 3734 335 3789 νιά
362 3736 496 3798 εἰσι,
523 3734 785 3806 χαίροντα
809 3738 874 3807 τῇ
912 3735 1169 3808 ἀληθείᾳ·
1202 3736 1237 3791 6
1260 3738 1317 3791 δὲ
1346 3738 1586 3808 ἐπίγεια,
1618 3739 1835 3813 ἀπάτης

1941 3733 2084 3790 dona
2112 3733 2428 3789 tribuuntur
2451 3733 2495 3786 ’.
2548 3731 2685 3787 Nam
2717 3732 2810 3786 alii
2846 3731 3100 3786 cmlestes
3129 3739 3257 3787 sunt
3279 3730 3531 3801 Spiritus,

240 3828 335 3882 καὶ
381 3827 596 3898 πλάνης
635 3828 948 3900 ὲπιτήῧεια’
976 3827 1012 3883 6
1046 3828 1103 3883 δὲ
1141 3830 1372 3901 ὑπόγεια
1396 3869 1411 3895 ,
1464 3830 1702 3886 ἀϐύσσου
1742 3831 1835 3887 καὶ

1942 3827 2035 3899 qui
2068 3826 2303 3882 veritate
2334 3825 2718 3893 delectantur;
2752 3825 2845 3879 alii
2874 3824 3102 3891 terreni,
3128 3823 3223 3894 qui
3248 3822 3533 3880 fraudibus

243 3916 478 3979 σκότους’
500 3917 690 3972 τέκνα.
723 3916 1055 3986 Παρεκιὶλει
1098 3918 1230 3991 γὰρ,
1257 3920 1318 3974 τὸ
1361 3919 1697 3991 Εὐαγγέλιόν
1733 3938 1835 3994 φη-

1945 3928 2001 3975 et
2036 3920 2324 3975 erroribus
2362 3918 2587 3975 obnoxii
2643 3926 2807 3986 sunt;
2848 3917 2939 3972 alii
2980 3916 3213 3988 denique
3252 3916 3536 3972 subterra-

243 4024 365 4073 σιν,
423 4007 530 4064 ινα
573 4007 660 4078 μὴ
712 4008 924 4079 πέμψῃ
968 4009 1194 4076 αὐτοὺς
1237 4013 1326 4079 εὶς
1369 4010 1486 4081 τὴν
1532 4011 1830 4067 ἄϐυσσον.

1941 4012 2049 4076 nei,
2082 4011 2286 4083 abyssi,
2328 4010 2788 4081 tenebrarumque
2825 4009 2938 4065 lilii.
2973 4008 3213 4079 Rogabat
3243 4009 3389 4065 enim
3414 4047 3429 4073 ,
3473 4014 3535 4062 ut

1939 4101 2292 4173 Evangelium
2320 4103 2416 4168 ait,
2443 4119 2505 4156 ne
2523 4119 2577 4157 se
2598 4104 2655 4156 in
2683 4102 2934 4173 abyssum
2963 4101 3041 4156 ire
3052 4101 3258 4171 juberet
3287 4102 3351 4155 ν’.
3371 4101 3450 4155 Ita
3478 4107 3534 4156 et

241 4191 539 4263 πνεύματα
569 4192 822 4259 ὲξεδίωκε
843 4193 1010 4264 λόγῳ,
1028 4192 1127 4248 καὶ
1157 4194 1270 4247 οὐκ
1297 4192 1391 4247 εἷα
1423 4194 1575 4248 αὐτὰ
1594 4193 1832 4249 λαλεῖν.

1941 4193 2231 4265 spiritibus
2272 4194 2577 4265 imperabat
2608 4193 2899 4261 Christus;
2945 4201 2998 4249 et
3037 4194 3265 4265 spiritus
3300 4192 3524 4263 fugabat

240 4280 481 4350 Λέγεται
516 4280 574 4334 δὲ
621 4280 859 4353 πνεῦμα
912 4282 1198 4352 κρίσεως,
1246 4281 1340 4335 καὶ
1391 4281 1629 4353 πνεῦμα
1689 4284 1834 4338 καύ-

1942 4286 2135 4352 vcrbo,
2173 4301 2274 4342 nec
2319 4286 2523 4341 sinebat
2557 4303 2643 4341 eos
2696 4286 2838 4356 loqui
2870 4287 2936 4339 “.
2965 4285 3276 4351 Quinetiam
3311 4284 3531 4353 spiritus

240 4384 398 4438 σεως
423 4369 445 4403 ³
465 4387 479 4402 ’
521 4370 736 4442 λέγεται
793 4372 889 4428 καὶ
938 4373 1176 4444 πνεῦμα
1231 4374 1464 4443 κόσμου
1483 4391 1497 4406 ο
1541 4373 1731 4445 Ἡμεῖς
1768 4372 1835 4428 δὲ

1941 4376 2158 4448 judicii,
2203 4390 2253 4434 et
2290 4379 2512 4449 spiritus
2536 4377 2746 4433 ardoris
2780 4377 3098 4432 nominatur
3133 4378 3193 4430 ".
3232 4374 3533 4445 Itidemque

253 4100 534 4165 Ὡσαύτως
566 4101 623 4155 δὲ
665 4103 759 4156 καὶ
791 4104 906 4165 τοῖς
938 4103 1243 4173 πνεύμασιν
1283 4102 1550 4156 ἐπέτασσε
1568 4109 1596 4166 ,’
1634 4102 1728 4156 καὶ
1763 4101 1833 4156 τὰ

314 4530 331 4560 ¹
372 4545 466 4598 γρ.
497 4528 762 4583 νοοῦνται.
840 4531 860 4562 ⁸
893 4548 981 4601 πρ.
1018 4529 1235 4601 χρόνου.
1313 4529 1337 4562 ³
1368 4546 1459 4600 γρ.
1502 4529 1803 4596 καύσωνος.

241 4596 409 4629 [Προι-
459 4613 533 4629 ιη-
584 4601 648 4629 ll!
773 4599 936 4629 BDA“!
989 4616 1042 4629 ιι-
1133 4600 1166 4629 Ω
1292 4599 1313 4629 9
1369 4602 1386 4629 I
1421 4601 1529 4629 1‘..-
1585 4617 1663 4629 --π
1732 4602 1798 4629 ΑΒ

1948 4532 2147 4604 Ephes.
2190 4550 2267 4589 ιιι.
2308 4535 2361 4590 5.
2434 4536 2456 4568 '
2490 4535 2658 4590 Amos
2686 4550 2759 4600 ιν,
2794 4534 2860 4587 15
2879 4548 2944 4587 ex
2974 4547 3102 4586 Lxx.
3179 4533 3201 4563 ⁸
3233 4531 3338 4587 lsa.
3372 4547 3447 4595 Ix,
3475 4530 3529 4586 6.

1981 4618 2080 4629 ...ηΑ-
2206 4606 2249 4629 m
2280 4605 2293 4629 Ι
2323 4620 2388 4629 ..Α
2438 4622 2513 4629 --.-
2566 4606 2624 4629 τι
2801 4604 2839 4629 ιι
2875 4603 3022 4629 “nun
3078 4622 3089 4629 .
3143 4603 3205 4629 Kl
3361 4604 3404 4629 II
3428 4602 3506 4629 Ιιηι

239 4596 671 4725 I'Ps:|'.cu,16.
773 4596 959 4657 ⁸Ρ8ἐῙ.
988 4596 1076 4667 εἰ,
1132 4600 1187 4656 6.
1292 4599 1313 4631 ⁹
1369 4596 1548 4656 ἱὈοΓ.
1585 4617 1687 4668 xtl,
1731 4602 1819 4669 1’2,

303 4706 320 4733 ,
382 4712 398 4727 .

1980 4596 2101 4675 sqq.
2206 4606 2249 4638 ιο
2276 4605 2410 4662 Luc.
2438 4622 2536 4671 νιι,
2566 4606 2655 4661 51.
2746 4596 2755 4600 ’
2801 4604 2840 4636 “
2873 4603 3042 4660 Mare.
3075 4622 3114 4672 ι,
3143 4603 3232 4658 54.
3361 4602 3529 4658 “lsa.

313 4785 432 4857 (20)
453 4785 595 4858 Καθ’,
619 4788 953 4855 ὁμοιότητα,
974 4794 1080 4842 etc.
1108 4783 1366 4841 Petavius
1391 4786 1825 4856 interpretatur:

1941 4786 2297 4858 Epiphanium
2328 4784 2600 4838 ἀντίθεσιν
2627 4784 2714 4838 hic
2738 4782 3084 4858 constituere
3107 4781 3252 4836 inter
3277 4781 3529 4858 spiritum

246 4852 422 4912 Porro
454 4852 801 4930 similitudine
824 4852 1055 4930 quadam
1084 4865 1295 4927 patrum
1324 4865 1500 4925 patres
1524 4852 1832 4930 intelligun-
1938 4852 2245 4930 increatum
2273 4864 2330 4912 et
2350 4863 2607 4930 creatos;
2654 4864 2709 4910 et
2736 4855 2827 4930 ‘in_
2850 4852 3117 4930 orationis
3158 4852 3417 4930 contextu
3454 4854 3531 4908 uti

247 4940 333 4982 tur
364 4943 481 4982 esse
534 4927 733 5001 ﬁl_ii,iel
774 4922 1131 5001 inin/initum
1159 4922 1562 5001 verus-originis
1588 4922 1737 4983 sato'r
1769 4945 1832 4984 ac
1939 4929 2175 5001 plurium
2195 4940 2429 5001 numero
2448 4925 2490 5001 ἃ.Δ
2513 4925 2611 4996 μέν
2641 4932 2696 5001 et
2733 4922 2769 4978 6
2807 4922 2883 4989 δέ,
2922 4936 3153 5001 quorum
3187 4922 3533 5001 alterum_re-

242 5015 441 5069 parens
472 4989 684 5069 perduci
723 4989 918 5067 potest.
953 5000 1085 5053 Eam
1119 4989 1623 5068 interpretationem
1659 5009 1834 5057 muta-

1941 4989 2112 5069 i‘ertur
2142 4999 2211 5053 ad
2239 4989 2841 5069 e6_).otna'msditata,
2870 5000 2924 5046 et
2944 4989 2994 5044 οι
3036 4991 3213 5069 λοιποὶΣ
3289 4989 3532 5069 ἄγγελοι,

243 5062 319 5123 νίι
349 5062 734 5124 Τὴοιηοεὶιιε.’
1262 5062 1281 5068 ’
1941 5067 2173 5121 alterum
2206 5066 2274 5121 ad
2306 5064 2567 5134 Spiritum
2598 5062 2871 5134 sanctum,
2897 5077 3057 5132 quem
3092 5062 3251 5134 paulo
3276 5062 3529 5134 superius

315 5138 521 5209 (21)A’0
547 5138 599 5191 δ’
624 5139 721 5193 ἄν.
748 5139 1160 5195 Emendandum
1185 5154 1309 5196 esse
1336 5139 1517 5195 locum
1540 5138 1689 5193 illum
1715 5154 1834 5195 cre—

1942 5141 2307 5209 appellaverat
2332 5131 2559 5209 Πνεῦμα
2576 5136 2675 5209 τῆς
2713 5131 2971 5209 ἀληθείας
2995 5140 3055 5209 et.
3075 5131 3316 5209 μεγάλης
3334 5131 3543 5205 βουλῆς

242 5211 385 5264 didit
418 5204 708 5273 Petavius,
745 5220 799 5265 et
843 5210 1077 5266 fortasse
1123 5225 1247 5266 esse
1284 5211 1568 5276 legendum
1607 5210 1642 5265 6
1677 5210 1722 5265 δ’
1745 5212 1832 5276 ἄν,
1945 5204 2230 5278 ιἌγγελος.
2263 5206 2387 5261 Haec
2408 5204 2718 5278 Petaviante
2739 5204 3138 5278 emendationis
3169 5205 3337 5278 ratio1
3364 5204 3528 5278 quam

241 5271 704 5351 quemadmodum
731 5282 784 5335 in
809 5279 1047 5336 Panario
1074 5281 1268 5351 legitur
1299 5271 1369 5336 ad
1394 5297 1546 5336 num.
1586 5280 1620 5335 8
1658 5271 1834 5337 haue-1
1940 5271 2229 5351 probarem
2257 5293 2410 5351 sane,
2443 5276 2490 5332 si
2528 5277 2874 5351 exploratum
2914 5275 3045 5351 mihi
3083 5281 3259 5351 esset,
3297 5271 3530 5351 Epipha-

243 5344 373 5407 seos
404 5350 491 5403 74.
523 5354 591 5422 At
621 5351 865 5422 suspicio
910 5367 1032 5408 esse
1072 5344 1257 5422 posset
1294 5351 1656 5408 correctionis
1686 5351 1834 5408 illius
1940 5344 2033 5406 ilio
2073 5348 2229 5422 nefas
2244 5348 2433 5422 tuisse
2460 5347 2544 5422 vel
2588 5344 2778 5422 Semel,
2822 5346 2876 5399 in
2925 5344 3529 5422 principio__praesertim

243 5422 450 5477 nullam
481 5421 671 5479 adesse
697 5412 1104 5477 necessitatem.
1144 5419 1210 5475 Et
1240 5423 1389 5475 nulla
1421 5422 1637 5477 adesset
1681 5422 1726 5478 si
1757 5422 1834 5477 nil
1939 5422 2087 5477 illius
2113 5419 2459 5485 ἀντιθέσεως,
2492 5416 2757 5487 singulari
2797 5412 3026 5472 numero
3058 5412 3347 5487 appellare,
3380 5412 3525 5487 quod

244 5500 455 5562 uetaret
484 5492 612 5548 illud
639 5496 673 5548 6'
693 5492 740 5546 δ’
761 5491 958 5548 referri
991 5492 1059 5546 ad
1089 5492 1269 5562 magni
1292 5493 1504 5547 consilii
1529 5493 1831 5561 Angelum;

243 5561 326 5635 HQ
361 5569 423 5617 ιιι
450 5564 772 5635 apquivaleat
799 5562 1029 5627 dicenti,
1048 5562 1078 5615 ό
1110 5560 1169 5635 se
1187 5560 1442 5635 ’μεγάλης
1488 5560 1684 5634 βουλῆς
1701 5564 1837 5635 7A7-

246 5630 423 5700 γελος.
452 5630 721 5692 Βΐοιιιοιι]
752 5636 911 5691 locus
931 5630 1328 5700 emendandus,
1356 5630 1499 5689 forte
1533 5640 1590 5689 et
1630 5630 1834 5690 referre

248 5702 400 5759 illum
428 5719 530 5762 non
555 5703 910 5763 incommode
941 5718 1224 5774 possemus
1257 5704 1325 5759 ad
1361 5719 1551 5761 vocem
1586 5702 1830 5774 Πνεῦμα,

249 5781 305 5830 et
341 5775 508 5849 legere
532 5779 591 5835 τὸ
614 5777 660 5832 δ’
689 5776 778 5832 ἄν.
830 5773 1189 5831 Dissimulare
1218 5783 1398 5831 tamen
1431 5788 1540 5830 non
1571 5773 1834 5831 debemus

1939 5505 2143 5561 revera,
2185 5489 2460 5561 singulare
2497 5485 2605 5561 est:
2638 5486 2953 5561 ASequentia
3000 5501 3152 5561 yer‘o,
3179 5485 3532 5561 ἀνεπινόητον

1940 5562 2054 5634 ἔχει
2098 5560 2197 5634 τὴν
2249 5555 2423 5634 ἀρχὴν
2453 5560 2552 5634 καὶ
2602 5559 2663 5612 τὸ
2700 5555 2924 5634 κράτος,
2964 5555 3162 5634 redde,
3192 5556 3533 5634 _in_excpg_itao

1943 5624 2047 5689 bile
2089 5624 2243 5685 habet
2289 5624 2608 5701 principium
2662 5639 2711 5683 et
2740 5624 3157 5701 γον-ιὶιιιιίὶιιειηιζ
3191 5624 3529 5701 Principium

1942 5703 2213 5772 videlicet,
2248 5696 2358 5772 quo
2393 5696 2574 5772 magni
2604 5696 2818 5772 consilii
2850 5697 3090 5772 Angelus
3124 5696 3362 5772 Spiritus
3380 5696 3523 5753 'san-

1942 5781 2067 5832 ctus
2090 5766 2348 5831 ineffabili
2381 5766 2542 5828 modo
2572 5786 2603 5826 a
2631 5768 2793 5827 Patre
2819 5770 2870 5826 el
2901 5766 3040 5825 Filio
3062 5766 3330 5839 procedit.
