3950 6428
214 326 315 387 ιεσ

1669 341 2110 401 ANCORATUS.

3304 312 3311 320 ’
3412 356 3527 415 £55-

295 446 414 505 Oi".
466 451 539 507 Ei.
584 449 782 506 τοίνυν
816 453 971 523 παρὰ
1008 454 1118 510 τοῦ
1152 456 1385 526 Πατρός
1421 457 1829 529 ἐκπορεύεται,

2007 458 2244 516 LXXI".
2290 461 2484 533 igitur,
2520 463 2566 519 si
2599 481 2631 517 a
2662 464 2827 520 Patre
2852 466 3085 535 procedit
3111 466 3153 535 ³,
3185 475 3234 522 et
3283 468 3349 520 de
3372 486 3517 535 meo,

241 541 337 595 καὶ
365 541 434 595 ὲκ
458 542 569 596 τοῦ
598 543 779 613 ἐμοῦ,
810 546 969 617 φησὶν
995 548 1024 600 ό
1049 546 1276 618 Κύριος,
1299 548 1561 617 λήψεται
1583 572 1594 584 ·
1634 551 1694 606 ὃν
1721 550 1830 623 γὰρ

235 633 437 704 τρόπον
483 634 698 702 οὐδεὶς
745 635 898 705 ἔγνω
933 637 1039 691 τὸν
1093 638 1346 708 Πατέρα,
1387 642 1441 694 εί
1475 639 1563 709 μὴ
1607 643 1640 694 ό
1672 641 1829 708 Υἱὸς,

238 721 384 777 οὐδὲ
410 722 520 776 τὸν
546 726 709 788 Υίὸν,
739 728 791 780 εί
818 725 902 796 μὴ
929 729 961 780 ὁ
983 727 1184 797 Πατήρ
1204 745 1217 757 ’
1252 728 1395 783 οῦτω
1413 730 1599 801 τολμῶ
1629 729 1829 799 λέγειν,

233 816 323 868 ὅτι
353 816 478 869 οὐδὲ
537 818 599 870 τὸ
641 817 885 889 Πνεῦμα,
915 821 963 873 εί
1006 821 1081 892 μὴ
1124 823 1152 876 ό
1208 821 1399 894 Πατὴρ
1456 821 1548 876 καὶ
1600 823 1629 877 ὁ
1663 823 1832 890 Υἱὸς,

236 907 378 978 παρ’
414 900 476 961 οὗ
528 908 926 981 ἐκπορεύεται,
979 913 1074 966 καὶ
1106 912 1237 985 παρ’
1274 906 1337 966 οὗ
1388 912 1689 982 λαμϐάνειν
1740 916 1836 969 καὶ

236 998 369 1051 οὐδὲ
403 1000 498 1053 τὸν
536 1001 661 1055 my
697 1005 792 1057 καὶ
819 1004 909 1059 τὸν
941 991 1181 1078 Πατέρα,
1218 1009 1267 1061 εί
1300 1008 1374 1081 μὴ
1418 1008 1479 1062 τὸ
1507 1009 1733 1082 Πνεῦμα
1772 1009 1836 1063 τὸ

238 1087 430 1155 ἅγιον,
463 1089 525 1142 τὸ
566 1091 788 1157 δοξάζον
812 1093 1049 1164 ἀληθῶς,
1082 1096 1146 1148 τὸ
1174 1096 1470 1152 διδάσκον
1494 1099 1569 1153 τὰ
1613 1099 1832 1167 πάντα,

235 1181 312 1232 τὸ
333 1182 686 1249 μαρτυροῦν
715 1183 848 1252 περὶ
876 1185 983 1239 τοῦ
1008 1172 1164 1252 Υίοηῦ,
1205 1187 1234 1241 ὃ
1266 1187 1426 1258 παρὰ
1470 1188 1577 1243 τοῦ
1606 1190 1836 1258 Πατρός

235 1271 346 1324 καὶ
376 1271 449 1324 ἐκ
478 1272 586 1327 τοῦ
619 1272 756 1327 Υἱοῦ
786 1276 920 1345 (25),
954 1276 1113 1348 μόνος
1136 1278 1330 1349 tam;
1356 1279 1633 1351 ἀληθείας,
1655 1282 1835 1353 νόμων

237 1366 530 1439 ἐξηγητὴς
562 1369 754 1438 ἁγίων,
784 1373 1156 1443 πνευματικοῦ
1181 1374 1346 1444 νόμου
1373 1374 1680 1447 ὐφηγητὴς,
1704 1393 1839 1449 προ-

246 1459 449 1528 ςητῶν
494 1459 842 1533 καθηγητὴς,
878 1464 1192 1517 ἀποστόλων
1234 1465 1574 1531 διδάσκαλος,
1605 1467 1836 1538 εὐαγγε-

242 1543 429 1600 λικῶν
477 1547 765 1617 δογμάτων
808 1551 1050 1625 φωστὴρ,
1090 1553 1262 1622 ἁγίων
1301 1554 1581 1624 ὲκλογεὺς,
1617 1556 1732 1626 φῶς
1775 1558 1839 1613 τὸ

237 1636 508 1708 ἀληθινὸν
558 1640 616 1706 ἐξ
660 1641 913 1713 ἀληθινοῦ
964 1645 1163 1714 φωτός.
1221 1646 1350 1711 Υἱδς
1402 1648 1661 1717 φυσικὸς,
1710 1646 1840 1712 Υἱὸς

238 1729 493 1801 ἀληθὴς,
535 1731 664 1795 Υίὺς
700 1736 964 1805 γνήσιος,
1005 1735 1166 1804 μόνος
1200 1739 1269 1792 ἐκ
1316 1738 1517 1809 μόνου,
1554 1740 1652 1792 σὺν
1689 1738 1839 1811 αὐτῷ

241 1820 349 1873 καὶ
392 1820 456 1874 τὸ
490 1822 736 1895 Πνεῦμα,
762 1804 897 1880 ἀλλὰ
939 1827 1164 1899 Πνεῦμα
1214 1804 1633 1900 ὀνομαζόμενον.
1669 1804 1839 1895 Οὗτος
1872 1804 1914 1859 Β

239 1912 274 1964 ὁ
310 1911 449 1976 Θεὸς
472 1914 832 1987 δοξαζόμενος
864 1918 922 1971 ὲν
961 1919 1279 1992 Ἐκκλησία,
1326 1921 1518 1993 Πατὴρ
1567 1922 1676 1987 ἀεὶ,
1708 1922 1839 1986 Υἱὸς

242 2005 363 2069 ἀεὶ,
403 2005 634 2077 Πνεῦμα
684 2008 841 2077 ἅγιον
894 2009 982 2064 ἀεί
997 2029 1011 2042 ·
1057 2011 1259 2083 ὑψηλὸς
1299 2013 1528 2085 ὑψηλοῦ,
1569 2014 1665 2068 καὶ
1718 2013 1840 2085 ὕψι-

244 2112 401 2160 στος,
441 2097 628 2159 νοεοδς
657 2098 791 2169 (24),
832 2098 991 2166 δόξαν
1033 2099 1173 2171 ἔχων
1203 2102 1532 2175 ἀμέτρητον,
1568 2096 1612 2172 ᾧ
1645 2103 1841 2157 ὑποόέ-

245 2190 391 2259 6ηκε
423 2190 494 2244 τά
525 2191 723 2243 κτιστὰ
751 2192 846 2244 καὶ
875 2191 942 2245 τὰ
969 2192 1188 2264 ποιητὰ,
1226 2195 1564 2262 ἁπαξαπλῶς
1596 2194 1665 2249 τὰ
1702 2195 1842 2267 σύμ-

244 2296 437 2334 mwa
460 2281 727 2352 νοούμενα
756 2283 851 2336 καὶ
883 2285 1251 2355 περιεχόμενα
1283 2285 1511 2340 ἕκαστα.
1554 2286 1755 2357 Θεότης
1783 2286 1839 2339 δὲ

250 2371 358 2444 μία
380 2373 440 2425 ὲν
466 2372 673 2445 Μωῦσῇ
702 2374 937 2445 μάλιστα
965 2376 1417 2447 καταγγέλλεται,
1451 2376 1584 2442 δυὰς
1608 2378 1667 2431 ἐν
1708 2393 1841 2447 προ-

248 2465 457 2537 φήταις
485 2464 695 2536 σφόδρα
723 2467 1075 2538 κηρύττεται,
1109 2468 1279 2540 Τριάς
1313 2469 1371 2522 δὲ
1400 2469 1461 2522 ὲν
1488 2468 1845 2538 Εὐαγγελίοις

249 2554 623 2627 φανεροῦται,
664 2556 849 2611 πλεῖον
899 2561 1041 2614 κατά
1093 2562 1319 2633 καιροὺς
1369 2560 1465 2614 καὶ
1507 2559 1702 2630 γενεὰς
1744 2561 1842 2633 ἁρ-

251 2642 499 2712 μόζουσα
531 2644 609 2715 τῷ
646 2645 841 2718 δικαίῳ
877 2649 958 2711 είς
998 2649 1199 2718 γνῶσιν
1247 2649 1341 2703 καὶ
1391 2651 1593 2704 πίστιν.
1636 2650 1843 2714 Γνῶσίς

249 2750 310 2787 τε
337 2735 479 2806 αῦτη
507 2737 777 2792 ἀθανασία
803 2739 820 2771 ¹
841 2757 855 2771 ’
889 2743 953 2795 ἐκ
982 2742 1219 2806 πίστεως
1241 2741 1459 2812 λέγεται
1489 2743 1649 2813 αὓτη,
1677 2741 1846 2796 υἱοθε-

253 2827 345 2879 σία
398 2827 633 2895 γίνεται.
695 2829 854 2884 Ἀλλά
910 2832 1126 2903 πρῶτον
1169 2833 1443 2907 δικαίωμα
1503 2835 1708 2907 σαρκὸς
1751 2835 1844 2889 ὲκ-

254 2914 456 2986 φράζει
480 2959 496 2983 ,
536 2917 615 2981 ὡς
651 2919 940 2992 περίϐολον
968 2921 1099 2975 ναοῦ
1143 2923 1235 2977 τὸν
1269 2922 1372 2989 ἔξω
1403 2925 1751 2997 διεγείρουσα
1785 2924 1845 2977 ὲν

254 3010 487 3080 Μωῦσῇ.
517 3009 792 3083 Δεύτερα’
818 3013 875 3066 δὲ
901 3012 1246 3086 δικαιώματα
1276 3016 1454 3088 ψυχῆς
1491 3016 1841 3088 ἐκδιηγεῖται,

354 3101 425 3197 τά
460 3102 595 3197 ἆγια
623 3105 906 3174 κοσμοῦσα
929 3109 989 3161 ὲν
1013 3106 1229 3172 λοιπαῖς
1268 3108 1649 3180 προφητείαις.
1670 3106 1841 3181 Τρίτη
1870 3134 1917 3197 c

255 3193 309 3246 δὲ
346 3194 700 3266 δικαιώματα
725 3197 1064 3269 Πνεύματος,
1093 3199 1170 3264 ὡς
1209 3201 1270 3255 τὸ
1307 3201 1621 3273 ἱλαστήριον
1647 3202 1741 3256 καὶ
1774 3201 1844 3255 τά

260 3287 427 3355 Ἅγια
463 3286 575 3340 τῶν
622 3290 794 3358 ἁγίων
837 3290 1176 3362 ρυθμίζουσα
1214 3296 1272 3347 ὲν
1322 3293 1681 3363 Εὑαγγελίοις
1709 3294 1846 3367 πρὸς

264 3380 581 3452 κατοίκησιν
632 3383 853 3455 ἑαυτῆς.
900 3384 1114 3456 Σκηνὴν
1151 3386 1209 3440 δὲ
1256 3385 1437 3454 ἁγίαν,
1489 3386 1615 3440 ναὸν
1664 3385 1843 3455 ἅγιον,

267 3470 351 3522 τόν
375 3469 590 3524 δίκαιον
619 3471 731 3542 ἔχει
763 3472 921 3543 μόνον
949 3474 1039 3527 τὸν
1066 3474 1292 3528 συνόντα
1319 3474 1549 3538 τούτοις.
1585 3476 1850 3528 Κατοικεῖ

265 3559 318 3613 δὲ
341 3563 400 3615 ὲν
423 3559 578 3632 αὐτῷ
606 3562 707 3633 μία
727 3563 918 3635 θεότης
940 3564 1187 3636 ἄπειρος,
1214 3565 1312 3637 μία
1337 3564 1530 3637 θεότης
1548 3564 1845 3638 ἄφθαρτος,

267 3652 361 3722 μία
388 3652 587 3723 θεότης
607 3655 713 3707 ἀπε
723 3654 984 3726 ρινόητος,
1004 3656 1411 3728 ἀκατάληπτος,
1436 3656 1846 3729 ἀνεκδιήγητος,

262 3745 518 3815 ἀόρατος,
564 3746 764 3817 ἑαυτὴν
800 3747 1145 3815 γινώσκουσα
1178 3748 1345 3819 μόνη,
1390 3748 1589 3821 ἑαυτὴν
1620 3749 1852 3820 ἐμφανί-

265 3835 443 3901 ζουσα
470 3833 556 3901 οἷς
608 3838 877 3909 βούλεται,
912 3841 1199 3912 μάρτυρας
1249 3842 1416 3913 ἑαυτῇ
1472 3842 1848 3913 διεγείρουσα,

264 3930 533 3996 καλοῦσα,
565 3931 952 4003 προορίζουσα,
996 3931 1317 3998 δοξάζουσα,
1350 3932 1409 4000 ἐξ
1449 3932 1575 4005 ᾅδου
1618 3933 1849 4004 ὑψοῦσα,

267 4020 592 4088 ἁγιάζουσα,
629 4023 945 4078 ἑνοποιοῦσα
979 4023 1142 4078 πάλιν
1173 4024 1312 4096 πρὸς
1332 4024 1436 4096 τὴν
1466 4025 1664 4096 ἑαυτῆς
1695 4024 1851 4090 δόξαν

186 4141 197 4149 -
266 4111 363 4164 καὶ
395 4111 582 4166 πίστιν
642 4114 710 4167 τὰ
740 4114 866 4185 τρία
888 4115 1105 4182 ’ταῦτα,
1142 4117 1465 4189 ἐπουράνια,
1509 4117 1727 4186 ἐπίγεια
1760 4116 1854 4170 καὶ

268 4204 631 4274 καταχθόνια·
660 4207 899 4278 πνεῦμα,
925 4208 1126 4281 ψυχὴν,
1162 4209 1340 4281 σάρκα
1359 4224 1374 4240 ⁸
1402 4208 1607 4273 πίστιν,
1638 4206 1850 4273 ἐλπίδα,

267 4295 532 4367 ἀγάπηνο
564 4298 935 4371 παρελθόντα,
980 4300 1287 4366 ἐνεστῶτα,
1332 4301 1627 4373 μέλλοντα·
1684 4300 1857 4354 αίῶνα

268 4389 491 4454 αἰῶνος,
530 4390 733 4457 αἰῶνας
770 4391 1003 4458 αίώνιώ,
1051 4394 1298 4449 σάϐϐατα
1330 4394 1647 4451 σαϐϐάτων
1690 4412 1851 4466 περι-

1934 552 2011 606 ait
2051 552 2336 617 Dominus,
2370 555 2557 623 accipit
2587 555 2644 622 ις
2675 558 3136 626 quemadmodum
3195 576 3346 615 nemo
3374 563 3516 617 novit

1937 643 2177 712 Patrem,
2212 646 2315 700 nisi
2351 645 2546 711 Filius,
2587 664 2748 718 neque
2771 646 2996 714 Filium,
3025 651 3127 703 nisi
3152 650 3311 706 Pater
3333 652 3355 684 ⁸
3383 671 3396 707 :
3441 654 3518 708 ita

1934 737 2122 792 dicere
2153 736 2566 805 audco:Neque
2599 739 2863 808 Spiritum
2905 740 3055 794 novit
3085 742 3381 817 quispiam,
3408 743 3518 799 nisi

1934 828 2108 885 Filius
2147 844 2179 885 a
2209 845 2319 900 quo
2344 830 2577 899 accepit,
2619 838 2675 885 et
2708 829 2870 886 Pater
2904 847 2933 885 a
2969 847 3078 903 quo
3104 834 3383 902 procedit;
3418 850 3521 891 ne-

1935 938 2043 993 que
2071 922 2269 977 Filium
2326 931 2382 978 et
2416 920 2634 979 Patrem
2681 924 2834 978 novit
2880 925 3087 995 aliquis
3126 926 3232 982 nisi
3277 927 3522 998 Spiritus

1936 1020 2195 1081 sanctus,
2232 1014 2323 1083 qui
2362 1029 2489 1069 vere
2522 1014 2766 1070 celebrat
2811 1030 2876 1069 ac
2909 1016 3212 1086 praedicat:
3250 1018 3345 1087 qui
3370 1018 3522 1074 docet

1936 1105 2118 1159 omnia
2151 1104 2202 1171 °;
2250 1104 2342 1173 qui
2383 1106 2446 1160 de
2484 1104 2629 1161 Filio
2687 1108 3090 1163 testimonium’
3149 1110 3319 1177 dicit,
3359 1113 3455 1184 qui
3487 1127 3526 1168 α

1943 1196 2105 1251 Patre
2133 1204 2188 1250 et
2217 1214 2249 1250 a
2284 1195 2427 1252 Filio
2459 1197 2699 1268 procedit
2729 1214 2748 1253 :
2792 1200 2946 1256 solus
2968 1201 3217 1259 veritatis
3239 1202 3373 1269 dux,
3400 1218 3524 1261 san-

1935 1292 2148 1338 ctarum
2177 1283 2355 1354 legum
2392 1284 2665 1357 interpres
2686 1325 2703 1352 ,
2736 1288 3002 1358 spiritalis
3043 1290 3180 1362 legis
3210 1300 3529 1365 enarrator,

1935 1375 2328 1446 prophetarum
2399 1378 2687 1448 magister,
2758 1380 3133 1448 apostolorum
3198 1389 3524 1453 prmeeptor,

1936 1467 2377 1538 evangelicorum
2411 1468 2726 1539 dogmatum
2770 1468 2859 1524 fax
2909 1477 2963 1526 et
2993 1471 3169 1540 sidus,
3205 1482 3527 1530 sanctorum

1937 1555 2178 1624 elector;
2215 1572 2402 1611 verum
2434 1556 2618 1612 lumen
2665 1573 2696 1613 e
2733 1574 2864 1613 vero
2898 1559 3125 1616 lumine.
3169 1560 3340 1619 Filius
3364 1571 3526 1618 natu-

1936 1646 2068 1701 ralis
2094 1655 2198 1710 est,
2220 1662 2382 1701 verus
2397 1646 2591 1711 Filius,
2614 1663 2908 1719 germanus
2930 1647 3122 1715 Filius,
3146 1652 3298 1707 solus
3318 1668 3349 1707 e
3369 1653 3529 1719 solo;

1939 1753 2177 1809 quocum
2225 1746 2279 1794 et
2314 1737 2554 1810 Spiritus
2594 1748 2819 1795 sanctus
2854 1741 3248 1813 conjungitur:
3282 1745 3374 1815 qui
3405 1743 3530 1816 Spi-

1939 1829 2083 1884 ritus
2117 1827 2338 1899 proprie
2384 1827 2726 1882 nominatur.
2755 1827 2853 1882 llic
2886 1827 2976 1884 ille
3011 1828 3157 1883 Deus
3195 1830 3249 1883 in
3286 1828 3530 1885 Ecclesia

1941 1919 2288 1975 celebratur:
2329 1933 2547 1989 semper
2576 1915 2759 1985 Pater,
2806 1932 3022 1988 semper
3074 1916 3269 1986 Filius,
3315 1933 3533 1989 semper

1942 2006 2180 2082 Spiritus
2220 2018 2485 2075 sanctus;
2516 2011 2771 2066 excelsus
2812 2010 2882 2064 ab
2913 2010 3165 2076 excelso,
3202 2010 3311 2065 imo
3341 2009 3535 2065 celsis-

1941 2105 2149 2171 simos;
2212 2103 2304 2173 qui
2362 2101 2690 2173 intelligibili
2760 2103 2932 2173 gloria
2985 2113 3039 2157 et
3106 2100 3327 2173 quidem
3411 2100 3536 2156 inti-

1942 2195 2057 2249 nita
2090 2194 2354 2265 prteditus
2394 2201 2478 2247 est
2508 2211 2521 2247 :
2556 2193 2642 2247 cui
2676 2200 2864 2248 creata
2903 2193 3087 2248 omnia
3128 2193 3376 2262 factaque
3402 2199 3535 2247 sunt

1942 2289 2167 2342 Omnino
2200 2285 2470 2354 subjecta,
2512 2300 2633 2355 quae
2659 2285 2879 2356 quidem
2907 2286 3269 2356 intelligentia
3293 2300 3357 2339 ac
3382 2292 3534 2340 certa

1944 2379 2461 2449 circumscriptione
2524 2377 2885 2435 deﬁniuntur.
2944 2379 3213 2436 (Steterunt
3273 2378 3534 2435 divinitas

1943 2485 2051 2525 una
2084 2468 2227 2543 apud
2258 2468 2479 2539 Moysen
2520 2468 2882 2539 praedicatur;
2916 2471 3167 2525 binarius
3210 2470 3263 2525 in
3300 2470 3539 2541 prophe-

1942 2562 2017 2616 tis
2058 2560 2378 2632 diligentius
2418 2561 2739 2626 nuntiatur;
2784 2557 3029 2616 Trinitas
3070 2578 3201 2618 vero
3254 2562 3309 2617 in
3359 2562 3538 2617 Evan-

1944 2652 2102 2724 gehis
2151 2649 2489 2717 ostenditur;
2525 2666 2647 2720 qua:
2688 2666 2785 2722 per
2824 2658 3074 2722 tempora
3123 2651 3539 2723 generationes-

1944 2759 2053 2814 que
2082 2742 2328 2813 singulas
2357 2742 2509 2811 justo
2545 2741 2613 2796 ad
2664 2743 2951 2798 scientiam
2987 2742 3257 2814 ﬁdemque
3302 2742 3541 2814 amplius

1946 2836 2285 2887 conveniret.
2323 2831 2396 2885 Ea
2432 2846 2600 2903 porro
2626 2833 3056 2887 immortalitatis
3081 2834 3309 2888 scientia
3338 2850 3402 2889 ex
3435 2833 3539 2890 tide

1946 2924 2063 2993 ipsa
2096 2923 2178 2977 vel
2222 2922 2516 2992 adoptione
2558 2924 2824 2979 nascitur.
2866 2924 2971 2979 Sed
3008 2925 3245 2995 primum
3272 2926 3541 2995 justitica-

1947 3013 2124 3068 tiones
2181 3014 2373 3068 carnis‘
2418 3013 2617 3078 edicit,
2665 3015 2815 3069 velut
2874 3016 3056 3086 templi
3107 3016 3379 3085 quoddam
3445 3032 3542 3072 cx-

1947 3107 2124 3161 terius
2191 3115 2404 3176 septum
2461 3105 2514 3159 in
2568 3104 2756 3178 Moyse
2815 3107 3113 3162 fabricans.
3168 3107 3365 3165 Postea
3412 3125 3542 3165 vero

1948 3198 2147 3251 animae
2199 3195 2622 3265 justiticationcs
2683 3200 2948 3268 exponit,
3012 3207 3275 3270 tanquam
3347 3209 3540 3255 sancta

1945 3286 2192 3357 quaedam
2236 3285 2379 3356 apud
2433 3292 2664 3341 cmtcros
2691 3286 2989 3358 prophetas
3020 3303 3313 3343 exornans.
3350 3286 3541 3343 Tertio

1948 3377 2184 3447 denique
2217 3375 2641 3445 iustiﬁcationes
2695 3376 2970 3448 Spiritus,
3015 3380 3174 3449 quasi
3219 3378 3541 3449 prepitiato-

1946 3470 2090 3524 rium
2118 3477 2173 3525 et
2206 3467 2409 3524 Sancta
2438 3476 2756 3525 sanctorum
2788 3470 2843 3525 in
2877 3471 3190 3543 Evangeliis
3222 3473 3332 3543 79
3357 3471 3425 3526 ad
3455 3473 3540 3527 sui

1948 3562 2287 3619 domicilium
2349 3563 2659 3620 instruens.
2700 3564 2771 3619 At
2821 3569 2998 3620 sancti
3036 3566 3378 3622 tabernaculi
3423 3567 3549 3622 loco

1950 3657 2238 3727 sanctique
2270 3657 2479 3727 templi,
2525 3656 2738 3726 justum
2782 3657 2948 3714 habet
3000 3659 3179 3731 solum
3210 3658 3302 3730 qui
3335 3660 3389 3714 in
3426 3657 3547 3713 istis

1948 3758 2225 3805 versatur.
2270 3749 2329 3804 In
2366 3749 2470 3803 hoc
2499 3765 2631 3803 vero
2678 3764 2789 3804 una
2824 3749 3003 3807 dcitas
3049 3751 3258 3805 habitat
3296 3749 3546 3814 inﬁnita,

1952 3856 2060 3895 una
2094 3841 2269 3896 deitas
2300 3842 2640 3911 incorrupta,
2674 3857 2783 3896 una
2821 3842 3023 3906 deitas,
3056 3858 3176 3913 qua:
3215 3841 3549 3912 cogitatione

1952 3933 2168 4003 concipi
2234 3933 2694 4003 comprehendive
2748 3933 2832 3989 vel
2883 3932 3148 4003 explicari
3231 3942 3327 3987 aut
3375 3929 3548 3987 videri

1953 4040 2062 4080 non
2103 4032 2315 4095 potest:
2349 4040 2470 4095 quae
2503 4026 2739 4094 seipsam
2771 4025 2887 4081 sola
2921 4025 3227 4095 cognoscit,
3257 4034 3311 4079 et
3348 4024 3549 4095 quibus

1954 4117 2209 4178 voluerit.
2242 4117 2520 4187 patefacit.
2570 4116 2773 4172 Eadem
2827 4126 2995 4173 testes
3034 4133 3166 4173 suos
3207 4118 3430 4185 excitat,
3461 4130 3550 4169 νος

1957 4216 2065 4273 cat,
2099 4215 2227 4263 ante
2253 4208 2533 4272 destinat,
2569 4207 2735 4261 allicit
2763 4208 2935 4279 gloria
2962 4250 2977 4276 ,
3015 4210 3084 4264 ab
3118 4208 3313 4263 inieris
3344 4206 3551 4271 evehit,

1958 4301 2299 4363 sanctiﬁcat,
2338 4307 2394 4354 et
2426 4300 2491 4353 ad
2527 4299 2760 4370 gloriam
2802 4300 3075 4371 iidemque
3109 4315 3264 4355 suam
3294 4300 3398 4353 tria
3433 4301 3555 4353 haec

1959 4394 2015 4449 in
2043 4409 2207 4447 unum
2236 4393 2380 4464 cogit
2406 4407 2470 4447 ac
2496 4393 2802 4457 consociat,
2831 4393 3103 4458 cmlestia,
3140 4401 3356 4449 terrena
3378 4431 3393 4450 .
3423 4390 3553 4446 sub-

265 4484 447 4554 τομὴν
477 4485 701 4557 σαρκὸς,
741 4486 1049 4559 περιτομὴν
1088 4486 1351 4560 καρδίας,
1386 4487 1690 4561 περιτομὴν
1726 4488 1847 4560 Χρι-

1964 4496 2257 4553 terranea;
2290 4486 2565 4556 spiritum,
2597 4485 2866 4551 animam,
2898 4492 3064 4557 atque
3088 4500 3339 4553 carnem;
3364 4480 3548 4549 tidem,

342 4676 361 4707 ¹
391 4694 484 4745 π).
526 4674 824 4738 ἀθανασίας
850 4693 864 4730 :
895 4683 948 4731 et
977 4674 1149 4746 αῦτῆς
1177 4674 1540 4741 θῑυίοθεσίας.
1617 4676 1753 4746 {To
1779 4674 1847 4727 δεῖ

1952 4690 2052 4746 ῡον.
2086 4683 2139 4731 et
2167 4689 2291 4729 mox
2309 4673 2515 4745 τρίτον.
2593 4669 2613 4702 ³
2633 4667 2901 4734 Joan.xv,
2923 4669 3015 4726 26.
3091 4667 3114 4700 δ
3146 4666 3305 4723 Joan.
3327 4682 3436 4736 xw,
3467 4665 3557 4733 Η,

271 4744 364 4802 {5.
401 4743 473 4779 Ὗ
494 4746 685 4801 Matth.
720 4762 779 4813 ιι,
804 4745 895 4801 27.
975 4747 997 4777 ⁸
1023 4743 1182 4800 Joan.
1220 4761 1333 4814 xtv,
1378 4746 1469 4801 26.

347 4899 466 4971 (95)
507 4899 671 4971 Παρὰ
699 4899 805 4955 τοῦ
834 4901 1088 4971 Πατρός,
1120 4901 1218 4956 καὶ
1241 4899 1311 4957 ἐκ
1336 4902 1443 4957 τοῦ
1482 4902 1638 4959 Υίοῦ.
1663 4902 1721 4958 In
1755 4902 1867 4958 Pa-

274 4969 526 5025 narioad
577 4986 861 5025 numerum
909 4969 978 5025 10
1050 4975 1322 5028 hereseos
1348 4972 1448 5035 74,
1492 4974 1675 5028 locum
1716 4974 1863 5029 hunc

275 5042 353 5094 ita
382 5039 585 5113 Latine
595 5039 837 5113 reddidit
853 5040 1129 5106 Petavius,
1154 5045 1244 5111 qui
1274 5060 1307 5095 a
1340 5042 1520 5107 Patre,
1540 5045 1630 5113 qui
1657 5061 1684 5097 e
1716 5041 1863 5098 Filio

271 5111 536 5184 procedit.
567 5108 776 5184 Nemini
808 5111 1033 5184 dubium
1050 5108 1190 5184 csse
1231 5114 1433 5183 poterit
1459 5116 1529 5167 ab
1552 5108 1864 5184 Epiphanio

274 5181 609 5253 catholicam
642 5183 922 5253 veritatem
948 5183 1013 5253 ite
1041 5181 1279 5252 Spiritus
1303 5184 1480 5239 sancti
1512 5181 1866 5253 pro—cessione

275 5268 310 5304 ει
351 5251 515 5306 Patre
544 5260 598 5306 et
628 5266 655 5303 a
678 5248 1451 5325 Eiliomanifest'einsinuari,
1494 5248 1587 5325 qui
1614 5254 1679 5308 ad
1714 5270 1868 5309 men-

278 5328 421 5394 tem_
446 5321 750 5394 respexerit
795 5321 981 5394 illius;
1012 5339 1107 5394 qui
1140 5322 1193 5377 in
1234 5321 1710 5394 praesenti'totius
1758 5326 1866 5377 vim

278 5391 710 5464 oratio‘uisheue
739 5391 1112 5462 introspiciat;
1143 5391 1249 5463 qui
1268 5394 1576 5464 meminerit
1606 5396 1784 5464 ipsum
1813 5393 1871 5448 in

279 5461 663 5533 superioribus
708 5478 818 5517 non
855 5461 1029 5518 semel
1068 5461 1275 5519 dixisse
1305 5462 1571 5533 Spiritum
1613 5461 1866 5519 sanctum

281 5532 420 5604 oriri
452 5532 604 5604 παρὰ
635 5533 985 5604 ἀμφοτέρων,
1023 5549 1052 5585 a
1081 5533 1244 5589 Putre
1264 5535 1517 5604 videlicet
1551 5541 1606 5589 ct
1636 5550 1665 5588 a
1692 5533 1866 5601 Filio;

282 5603 491 5675 quiAet
536 5603 649 5675 pra:
676 5603 869 5675 oculis
904 5603 1158 5675 habuerit
1216 5605 1379 5675 apud
1408 5603 1629 5675 Graecos
1680 5604 1867 5661 Patres

284 5670 516 5744 illudi}:
544 5670 641 5727 τοῦ
675 5672 808 5727 Υἱοῦ
846 5670 1421 5744 λαμὸάνεινηιᾷτίηάθ
1468 5690 1528 5731 se
1569 5674 1770 5732 habere
1802 5690 1867 5733 ac

285 5743 429 5816 apud
462 5742 680 5801 Latinos
707 5742 945 5800 alterum
980 5742 1347 5810 illud,aFiti0
1382 5744 1682 5813 procedere.

1570 4747 1590 4778 τ
1622 4744 1781 4801 Joan.
1820 4761 1908 4812 xv,
1942 4744 2039 4800 26.

2042 4903 2155 4974 (ΞΔ)
2194 4904 2454 4972 Νοερός,
2507 4902 2808 4974 intelligens
2834 4945 2850 4971 ,
2892 4902 2977 4974 vel
3027 4903 3234 4955 ratione
3276 4900 3552 4974 praeditus.

1970 4971 2268 5030 in‘lnurcsi
2298 4971 2396 5034 74,
2438 4971 2813 5035 nuntcro'iO,
2862 4973 3127 5042 legimus,
3159 4972 3354 5042 νοερὰν
3397 4971 3556 5038 δόξαν

1975 5044 2118 5114 ἔχων
2139 5061 2152 5075 ο
2190 5059 2296 5114 qua
2330 5058 2455 5096 cum
2490 5043 2729 5114 dictione
2762 5038 3008 5113 apposita
3043 5041 3134 5095 hic
3165 5038 3360 5096 Latina
3388 5044 3560 5098 inter-

1974 5113 2215 5185 p’retatio’
2241 5114 2377 5167 bene
2400 5113 2684 5185 congruit.

2049 5184 2163 5256 (9.5)
2201 5185 2366 5256 Ναόν
2385 5180 2576 5252 circa}.
2606 5181 2664 5235 in
2692 5181 2932 5256 Panario
2961 5181 3033 5256 ad
3068 5180 3249 5256 locum
3279 5198 3406 5236 mox
3428 5182 3559 5256 lau-

1977 5251 2165 5308 datum
2213 5253 2481 5308 habemus
2530 5267 2642 5306 non
2671 5254 2831 5315 ναόν,
2879 5253 2975 5307 sed
3021 5251 3152 5306 λαὸν
3200 5251 3375 5319 άγιον.
3424 5251 3556 5305 Eam

1975 5322 2276 5379 dictionem
2336 5322 2389 5375 in
2448 5323 2750 5384 Ancorato,
2792 5324 2909 5376 licet
2961 5322 3088 5374 ναόν
3132 5322 3419 5382 invenerit,
3448 5336 3561 5376 non

1979 5395 2128 5455 λαόν,
2158 5394 2611 5462 interpretatione
2652 5408 2751 5447 sua
2784 5393 2977 5447 Latina
3019 5393 3270 5461 sequitur
3305 5389 3560 5446 Petavius

1978 5466 2232 5520 scribens
2260 5483 2274 5518 :
2305 5466 2376 5517 At
2405 5465 2579 5518 sancti
2615 5464 2948 5518 tabernaculi
2984 5462 3123 5526 loco,
3159 5464 3432 5532 sanctique
3460 5478 3561 5530 po-

2016 5537 2111 5594 nti.
2139 5543 2248 5589 etc.

1976 5551 2325 5677 Ρυίέϐῗῑίίιίία
2363 5603 2576 5677 aeoru;
2614 5604 2877 5677 ἄπειρος.
2901 5603 3037 5677 item;
3068 5602 3231 5677 verba
3276 5601 3475 5677 desunt
3503 5600 3562 5656 in

1976 5670 2102 5730 loco
2138 5670 2262 5729 mox
2281 5675 2499 5728 laudato
2528 5670 2797 5728 Panarii':
2830 5672 3075 5727 habet'in
3107 5674 3370 5728 Ancorato
3400 5670 3564 5731 Pela-

1990 5750 2153 5814 vius;
2181 5759 2246 5802 ea
2300 5754 2482 5801 tamen
2513 5743 2806 5801 Latinitate
2832 5742 3058 5799 minimc
3080 5742 3305 5801 donavit
