3950 6430
437 348 539 408 155

1853 348 1908 402 S.
1954 346 2291 401 lil’lPllANll

3608 316 3705 395 156

429 483 603 539 spem,
648 467 1018 535 cbaritatem;
1060 468 1369 539 przeterita,
1426 469 1750 537 praesentia,
1794 468 2017 535 futura;

2132 467 2215 521 τοῦ
2260 469 2318 520 ἐν
2346 469 2411 537 τῇ
2464 466 2761 519 ἀπεκδύσει
2793 464 2887 518 τοῦ
2944 464 3197 535 σώματος
3242 464 3349 517 τῶν
3400 460 3701 534 ἁμαρτιῶν.

427 558 687 613 saeculum
729 560 939 625 saeculi,
978 560 1178 614 saecula
1225 557 1550 613 saeculorum
1579 599 1593 623 ,
1638 557 1860 613 sabbata
1897 559 2022 613 sab-

426 654 712 709 batorum:
753 654 1231 709 circumcisionem
1275 654 1457 707 carnis
1482 694 1496 718 ,
1536 652 2012 707 circumcisioumn

426 745 631 807 cordis,
654 746 1137 800 circumcisionem
1168 744 1372 799 Christi
1393 746 1446 798 in
1466 744 1863 814 exspoliatione
1893 758 2016 797 cor-

428 840 578 907 poris
596 847 945 907 peccatorum
967 840 1007 903 ¹;
1029 838 1264 907 denique
1295 836 1617 905 sibimetipsi
1648 836 1903 889 universa
1924 850 2013 888 re-

428 937 648 1000 purgat,
673 937 782 984 tam
809 946 930 1001 quae
967 930 1138 984 videri
1175 936 1474 999 nequeunt,
1506 942 1669 998 quam
1710 943 1830 997 quae
1863 942 2014 995 aspe~

430 1023 651 1077 ctahilia
694 1031 844 1086 sunt,
880 1024 1107 1077 thronos
1135 1062 1148 1087 ,
1188 1021 1622 1085 dominationes,
1649 1020 2011 1091 principatus,

430 1121 750 1183 potestates,
775 1115 1026 1168 virtutes.
1048 1112 1103 1167 In
1133 1113 1390 1167 omnibus
1426 1128 1555 1165 vero
1580 1111 1768 1165 eadem
1799 1112 2018 1179 sapien-

433 1206 505 1257 tia
526 1212 582 1260 et
633 1213 822 1261 sancta
882 1220 985 1259 vox
1023 1220 1052 1258 a
1112 1205 1285 1274 gloria
1330 1204 1383 1257 in
1438 1203 1698 1273 gloriam,
1765 1202 2014 1262 Sanctus,

2127 559 2370 614 Καθόλου
2407 558 2461 611 δὲ
2495 557 2857 629 καθαροποιεϊ
2893 558 3056 628 ἑαυτῇ
3088 557 3157 610 τὰ
3184 556 3381 621 πάντα,
3407 554 3479 609 τὰ
3503 556 3707 627 ἀόρατα

2122 653 2215 705 καὶ
2245 652 2313 705 τὰ
2340 652 2532 721 ὁρατὰ,
2560 649 2802 721 θρόνους,
2836 649 3187 721 κυριότητας,
3212 647 3407 719 ἀρχὰς,
3438 644 3705 711 ἐξουσίας,

2121 741 2400 811 δυνάμεις.
2440 738 2529 793 Ἐν
2564 741 2699 793 πᾶσι
2728 740 2784 791 δὲ
2812 741 2846 811 ἡ
2883 738 3023 810 αὑτὴ
3056 738 3208 809 φωνὴ
3246 738 3379 807 ἁγία
3420 737 3530 790 ἀπὸ
3555 735 3709 802 δόξης

2122 835 2203 896 εἰς
2240 832 2419 899 δόξαν,
2450 832 2666 902 Ἄγιος,
2720 832 2906 902 ἅγιος,
2942 831 3109 901 ἅγιος
3157 829 3409 899 φωνοῦσα
3432 875 3447 896 ,
3492 828 3711 897 Πατέρα

2124 928 2181 978 ἐν
2211 924 2347 995 Υίῴ,
2398 924 2527 977 Υἱὸν
2575 925 2633 977 tv
2683 924 2997 993 Πατρὶσὺν
3040 924 3180 994 ἁγίῳ
3237 921 3557 992 Πνεύματι·
3588 913 3633 987 ᾧ
3677 921 3711 988 ὴ

2122 1016 2247 1084 δόξα
2290 1017 2386 1069 καὶ
2439 1017 2500 1069 τὸ
2535 1016 2739 1087 κράτος
2774 1018 2854 1078 εἰς
2900 1017 3026 1079 τοὺς
3069 1016 3270 1079 αἰῶνας
3320 1014 3431 1067 τῶν
3479 1011 3711 1066 αἰώνων.

2137 1110 2334 1179 Ἀμήν.
2378 1109 2487 1161 Καὶ
2536 1110 2655 1180 ἐρεῖ
2695 1109 2723 1161 ὀ
2773 1108 2920 1161 οῦτω
2964 1108 3272 1163 πιστεύων·
3318 1106 3574 1170 Γένοιτο,
3622 1102 3713 1172 γέ-

2128 1201 2301 1252 νοιτοί

431 1312 669 1366 sanctus,
703 1305 962 1355 sanctus”
1011 1303 1364 1365 exclamans,
1398 1315 1457 1353 ac
1497 1296 1709 1353 Patrem
1768 1300 1821 1352 in
1869 1297 2045 1364 Filio,
2102 1295 2297 1350 Filittm
2360 1294 2414 1351 in
2469 1294 2629 1349 Patre
2660 1276 2801 1349 icum
2859 1295 3067 1365 Spiritu
3121 1304 3313 1349 sancto
3358 1290 3712 1364 praedicans:

430 1391 522 1446 cui
574 1392 742 1461 gloria
806 1398 861 1447 et
921 1390 1208 1461 imperium
1277 1398 1331 1443 tn
1403 1392 1601 1443 saecula
1658 1389 2008 1442 smculorum.
2052 1386 2246 1440 Amen.
2287 1385 2348 1437 Et
2389 1385 2532 1439 dicet
2566 1386 2657 1455 qui
2698 1386 2770 1439 ita
2798 1386 3005 1440 credit:
3040 1384 3184 1448 Fiat,
3214 1385 3337 1438 nat!

502 1496 735 1554 LXXIV.
782 1498 855 1553 De
881 1497 1151 1553 Trinitate
1184 1498 1376 1569 igitur,
1420 1506 1476 1553 et
1521 1496 1714 1553 eadem
1754 1496 1937 1551 Patris
1964 1505 2019 1551 et

430 1583 555 1641 Filii
594 1600 657 1641 ac
704 1586 942 1657 Spiritus
1009 1589 1188 1643 sancti
1237 1590 1566 1653 substantia,
1603 1604 1706 1642 nos
1762 1588 2018 1641 imbecilli

431 1678 561 1733 licet
606 1694 671 1733 ac
724 1679 891 1734 rudes
922 1681 1041 1734 sine
1085 1680 1198 1733 ullo
1233 1678 1356 1732 fuco
1392 1680 1865 1748 cavillationeque,
1908 1694 2017 1731 non

432 1774 493 1819 ut
525 1768 819 1838 praestigiis
868 1769 1151 1823 hominum
1193 1785 1295 1823 nos
1328 1784 1757 1839 opponeremus,
1791 1766 1883 1823 sed
1930 1783 2018 1821 ar-

434 1859 655 1912 cessitis
683 1876 711 1913 e
743 1858 1029 1928 Scriptura
1080 1861 1415 1915 testimoniis
1460 1860 1525 1915 ad
1574 1874 1767 1915 eorum
1811 1860 1903 1929 qui
1950 1859 2019 1913 iis

435 1948 514 2002 uti
576 1950 810 2013 vellent,
880 1949 1159 2016 fructum,
1234 1953 1423 2007 saltem
1489 1968 1552 2005 ex
1616 1960 1768 2022 parte
1838 1951 2019 2005 disse-

435 2038 690 2104 ruimus,
749 2056 859 2111 quo
908 2050 961 2096 et
1009 2042 1264 2098 ﬁdelibus
1338 2044 1453 2097 Itzec
1510 2044 1563 2095 in
1627 2051 1879 2113 promptu
1936 2056 2023 2095 cs-

433 2136 578 2193 seut,
612 2139 665 2185 et
690 2131 935 2189 inﬁdeles
969 2150 1034 2189 ac
1066 2136 1351 2189 vanissimi
1392 2134 1643 2189 homines
1688 2134 1859 2188 refelli
1901 2151 2025 2203 pus-

432 2230 575 2277 sent.
623 2221 771 2278 Fidei
826 2225 1027 2295 quippe
1082 2230 1136 2279 in
1187 2223 1393 2296 Spiritu
1443 2234 1637 2280 saneto
1688 2240 1882 2294 magna
1943 2226 2022 2279 vis

430 2326 534 2379 est,
578 2330 700 2384 qua:
753 2318 927 2372 sacris
976 2320 1234 2373 omnibus
1287 2318 1339 2372 in
1395 2318 1619 2372 Litteris
1676 2332 1785 2371 non
1831 2316 2021 2370 eodem

431 2405 593 2459 tundo
649 2405 1001 2475 prazdicatur.
1066 2404 1173 2460 Sed
1233 2408 1495 2477 quoniam
1563 2408 1765 2464 salutis
1819 2416 2024 2464 nostra:

432 2492 832 2549 ﬁrmamentum
870 2511 1031 2550 omne
1072 2495 1130 2550 in
1167 2506 1316 2551 certa
1367 2499 1765 2554 incarnationis
1809 2497 2024 2553 Domini

435 2586 633 2649 nostri,
682 2598 1091 2657 assumptacque
1122 2589 1191 2642 ab
1220 2606 1283 2643 co
1312 2598 1521 2643 natura:
1551 2589 1900 2644 confessione
1958 2604 2024 2643 ac

433 2673 551 2743 Spei
596 2674 1019 2729 confirmatione
1058 2677 1235 2745 posita
1279 2685 1386 2741 cst,
1437 2692 1543 2747 qua
1584 2689 1637 2730 et
1684 2687 2023 2732 iiiurtuorum

434 2766 905 2819 resurrectionem
938 2774 992 2819 et
1026 2766 1391 2819 instauratam
1437 2766 1841 2836 quodammodo
1872 2783 2028 2837 gone.

435 2852 708 2909 rationem
759 2857 918 2911 nobis
964 2856 1326 2927 pollicemur;
1371 2858 1630 2928 deinceps
1664 2861 1927 2913 nonnulla
1959 2859 2028 2915 ad

434 2958 753 3018 Susceptum
794 2949 1037 3005 laborem
1085 2953 1404 3006 accessione
1433 2950 1602 3016 facta,
1640 2952 1833 3007 iisdem
1869 2969 1900 3009 e
1934 2969 2026 3009 sa-

433 3041 545 3096 cris
593 3040 813 3098 Litteris
854 3058 1150 3114 corrogare
1173 3084 1187 3108 ,
1232 3053 1286 3099 et
1325 3044 1393 3098 ad
1431 3061 1675 3115 pnesens
1709 3061 1850 3116 opus
1884 3047 2028 3117 adji-

433 3143 560 3186 cere
625 3132 941 3186 testimonia
1000 3148 1333 3203 pcrgemus;
1397 3151 1520 3205 qua:
1569 3135 1626 3189 in
1684 3150 1874 3189 eorum
1933 3137 2097 3230 quic

438 3223 705 3278 attentius
748 3223 929 3296 legere
969 3223 1076 3281 ista
1123 3225 1327 3292 volent,
1367 3227 1655 3283 utilitatem
1688 3228 2014 3283 redundent.

436 3314 934 3387 Quandoquidem,
1003 3324 1062 3371 ut
1130 3335 1194 3372 cx
1256 3321 1633 3390 superioribus
1690 3321 2028 3387 didicimus,

440 3404 711 3464 Dominus
763 3409 1020 3478 ipseso
1054 3422 1241 3465 noster
1290 3412 1344 3465 in
1396 3411 1691 3484 Evangelio
1741 3414 2030 3484 discipulis

438 3498 555 3554 suis
602 3499 678 3553 ita
732 3502 1029 3570 prmeepit:
1062 3498 1259 3556 Euntes
1311 3503 1578 3572 baptizata
1624 3523 1801 3559 omnes
1853 3517 2029 3574 gentes

436 3590 491 3643 in
524 3592 731 3645 nomine
759 3590 936 3646 Patris
969 3601 1017 3645 et
1050 3591 1179 3647 Filii
1205 3604 1254 3648 et
1295 3593 1527 3663 Spiritus
1551 3602 1749 3662 sancti,
1789 3596 2031 3654 docentes

436 3699 523 3736 eos
560 3698 766 3736 servare
796 3695 1058 3753 prorae-pta
1075 3702 1192 3755 qua:
1226 3686 1473 3741 mandavi
1497 3690 1641 3742 vobis
1668 3688 1711 3742 ³.
1760 3688 1904 3750 "me,
1942 3691 2027 3744 in-

436 3789 636 3845 quam,
687 3784 1101 3831 sacrosanctum
1158 3776 1253 3833 Dei
1314 3776 1549 3834 Verbum
1599 3795 1663 3833 ac
1716 3781 2030 3839 subsistens

438 3866 601 3932 dixit,
656 3875 709 3921 et
769 3883 799 3921 a
843 3868 1004 3924 Patre
1058 3870 1396 3940 procedens,
1448 3888 1546 3942 per
1591 3871 1737 3943 quod
1790 3883 2034 3944 tempora

444 3965 915 4030 tempestatesque
957 3962 1239 4032 producta:
1283 3972 1449 4030 sunt;
1502 3980 1609 4018 non
1652 3965 1797 4019 enim
1832 3963 2031 4019 Filium

440 4055 657 4119 tempus
709 4052 880 4106 ullum
923 4063 1017 4108 aut
1077 4064 1376 4124 tempestas
1436 4058 1756 4112 antecessit.
1807 4055 1942 4111 Nam
1987 4056 2033 4111 si

447 4154 665 4215 tempus
693 4143 833 4199 Filio
863 4149 1015 4217 prius
1043 4150 1369 4217 exstitisset,
1401 4148 1539 4203 Filio
1572 4149 1822 4220 profecto
1853 4150 2033 4219 majus

440 4247 604 4295 esset.
636 4238 884 4306 Quonam
920 4258 1051 4298 vero
1087 4252 1267 4313 pacto,
1311 4260 1402 4312 per
1446 4244 1614 4311 ipsum
1651 4242 1797 4311 facta
1848 4251 2034 4298 essent

440 4333 642 4395 omnia,
673 4344 719 4387 et
752 4336 865 4389 sine
900 4336 1011 4403 ipso
1050 4336 1181 4389 nihil
1220 4337 1421 4406 factum
1445 4344 1614 4401 esset,
1645 4334 1783 4406 quod
1833 4335 2033 4404 factum

442 4424 594 4478 est“?
646 4424 919 4490 Quoniam
970 4427 1235 4497 quidquid
1294 4428 1495 4483 factum
1549 4439 1652 4493 est,
1706 4445 1802 4498 per
1853 4428 2030 4497 ipsum

2200 1498 2316 1549 OA'.
2373 1496 2481 1549 Καὶ
2542 1496 2673 1568 περὶ
2722 1495 2821 1567 μὲν
2886 1497 3116 1567 Τριάδος
3162 1495 3257 1549 καὶ
3301 1493 3721 1565 ὁμοουσιότητος

2127 1585 2261 1641 Θεοῦ
2297 1589 2510 1661 Πατρός
2536 1590 2629 1642 καὶ
2661 1588 2794 1642 Υἰοῦ
2823 1591 2916 1644 καὶ
2939 1589 3095 1658 ἁγίου
3130 1588 3451 1658 Πνεῦματος
3484 1587 3531 1639 oi
3562 1586 3721 1637 ἀσθε-

2127 1681 2237 1743 νεῖς
2272 1682 2405 1749 ἡμῖν
2457 1682 2551 1733 καὶ
2590 1680 2799 1735 ἰδιῶται
2843 1681 3008 1753 μηδὲν
3054 1680 3431 1749 σοφιζόμενοι,
3484 1676 3620 1748 μηδὲ
3651 1678 3720 1747 τῇ

2124 1769 2233 1823 τῶν
2259 1770 2569 1842 ἀνθρώπων
2602 1772 2799 1843 κυὸείᾳ
2832 1774 3060 1835 ἑαυτοὺς
3086 1770 3417 1832 ἀντιθέντες,
3452 1770 3518 1821 ὲκ
3557 1766 3720 1822 θείων

2125 1860 2358 1933 Γραφῶν
2394 1862 2595 1933 μᾶλλον
2643 1864 2953 1936 μαρτυρίας
3002 1862 3409 1931 συναγαγόντες
3437 1863 3551 1923 τοῖς
3590 1859 3721 1929 βου-

2125 1956 2377 2027 λομένοις
2425 1958 2505 2021 εἰς
2548 1956 2765 2027 εὕρεσιν
2804 1957 3014 2012 πιστῶν
3047 1959 3141 2012 καὶ
3179 1956 3505 2029 ἀντίρρησιν
3547 1972 3723 2007 κακο-

2126 2049 2333 2102 πίστων
2378 2050 2471 2103 καὶ
2533 2048 2857 2115 κενοδόξων,
2895 2051 3002 2104 ἀπὸ
3049 2053 3250 2122 μέρους
3312 2050 3723 2119 συνηγάγομεν.

2126 2140 2303 2211 Πολλὴ
2342 2140 2445 2211 γὰρ
2487 2142 2521 2211 ἡ
2571 2140 2669 2211 τῆς
2722 2141 2960 2206 πίστεως
3000 2143 3057 2196 ἐν
3109 2141 3387 2212 [Ινεύματι
3440 2141 3585 2208 ἁγίῳ
3631 2139 3726 2191 δῦ-

2125 2249 2322 2303 ναμις,
2356 2236 2413 2287 ἐν
2460 2233 2701 2295 ἁπάσαις
2753 2232 2927 2297 θείαις
2969 2234 3212 2305 Γραφαῖς
3242 2230 3513 2303 διαφόρως
3547 2247 3725 2299 κεκη-

2130 2325 2391 2395 ρυγμένη.
2444 2324 2664 2397 Ἐπειδὴ
2704 2325 2760 2378 δὲ
2797 2324 2898 2395 τῆς
2934 2324 3091 2396 ήμῶν
3140 2323 3417 2395 σωτηρίας
3448 2320 3729 2391 ἀσφάλειᾶ

2128 2419 2278 2471 ἐστιν
2304 2419 2337 2487 ἡ
2372 2416 2502 2488 περὶ
2532 2417 2631 2487 τῆς
2656 2416 2750 2470 τοῦ
2779 2416 3036 2489 Σωτῆρος
3066 2415 3223 2487 ἡμῶν
3248 2415 3726 2487 ἐνανθρωπήσεως

2127 2510 2222 2561 καὶ
2256 2509 2521 2579 ἐνσάρκου
2563 2509 2870 2579 παρουσίας
2917 2508 3168 2578 ἀσφαλὴς
3201 2506 3466 2578 ὁμολογία
3506 2524 3569 2559 τε
3626 2506 3728 2559 καὶ

2130 2596 2418 2667 βεϐαίωσας
2453 2597 2667 2661 ἐλπίδος
2699 2600 2794 2653 καὶ
2824 2600 2956 2670 περὶ
3007 2598 3360 2660 ἀναστάσεως
3383 2596 3599 2669 νεκρῶν
3631 2597 3727 2650 καὶ

2128 2690 2225 2759 τῆς
2252 2690 2529 2762 ἡμετέρας
2569 2691 3011 2760 παλιγγενεσίας,
3048 2686 3209 2754 αὖθις
3236 2690 3415 2759 ὀλίγον
3442 2689 3599 2741 αὐτοὶ
3631 2685 3725 2740 ἐπὶ

2127 2779 2304 2850 τούτῳ
2335 2779 2413 2851 τῷ
2450 2781 2705 2853 ἡμετέρῳ
2733 2782 2967 2853 καμάτῳ
3006 2781 3358 2853 προσθέντες,
3385 2782 3498 2843 τοῖς
3536 2778 3723 2849 βουλο-

2134 2868 2318 2939 μένοις
2385 2868 2779 2943 ὰκριῦέστερον
2838 2871 3228 2941 ἐντυγχάνειν,
3270 2871 3335 2923 ὲκ
3386 2869 3495 2923 τῶν
3539 2869 3723 2921 αὐτῶν

2131 2960 2293 3014 θείων
2324 2961 2557 3032 Γραφῶν
2590 2963 2927 3035 ἐπιμένομεν
2970 2963 3375 3031 συναγαγόντες
3418 2980 3477 3017 τε
3518 2962 3615 3015 καὶ
3645 2960 3725 3031 τῷ

2130 3053 2274 3125 λόγῳ
2317 3052 2723 3123 προστιθέντες.
2766 3054 2921 3108 Ἐπεὶ
2953 3053 3085 3127 γὰρ,
3116 3054 3190 3117 ὡς
3234 3053 3597 3125 ἐδιδάχθημεν
3626 3051 3727 3123 ἤδη

2132 3148 2189 3201 tv
2222 3149 2335 3210 τοῖς
2374 3145 2917 3219 προγεγραμμένοις,
2968 3146 3131 3206 αὐτὸς
3160 3148 3187 3199 ὁ
3229 3144 3434 3216 Κύριος
3475 3143 3636 3215 ἡμῶν
3669 3145 3728 3196 ἐν

2131 3241 2209 3313 τῷ
2237 3240 2556 3312 Εὑαγγελίῳ
2598 3241 2764 3295 αὐτοῦ
2806 3240 2988 3311 φήσας
3034 3241 3147 3301 τοῖς
3183 3237 3375 3291 ἐαυτοῦ
3425 3235 3723 3307 μαθηταῖς,

2145 3336 2529 3401 Ἀπελθόντες
2554 3335 2900 3400 βαπτίσωε
2924 3332 3124 3387 πάντα
3154 3332 3227 3387 τὰ
3259 3332 3403 3398 ἔθνη
3426 3333 3514 3397 εἰς
3539 3329 3728 3397 ὄνομα

2132 3428 2365 3497 Πατρός
2418 3427 2517 3481 καὶ
2583 3426 2719 3481 Υἰοῦ
2752 3426 2853 3479 καί
2897 3426 3071 3495 ἁγίου
3125 3425 3509 3492 Πνεὺματος,
3562 3420 3728 3473 διδά-

2132 3530 2389 3582 σκοντες
2429 3516 2654 3583 αὐτοὺς
2695 3514 2898 3584 τηρεῖν
2942 3515 3051 3580 τὰς
3096 3512 3349 3577 ἐντολὰς
3400 3510 3473 3577 ἇς
3506 3512 3727 3564 ἐνετει-

2132 3608 2335 3678 λάμην
2370 3607 2514 3679 ὑμῖν
2537 3625 2551 3639 ·
2587 3608 2750 3672 αὐτὸς
2788 3610 2817 3662 ό
2855 3607 3010 3677 ἅγιος
3048 3606 3409 3668 ἐνυπόστατος
3461 3605 3490 3658 ό
3522 3607 3588 3657 ἐκ
3619 3605 3730 3657 Πα-

2132 3700 2262 3767 τρὸς
2292 3698 2591 3771 προελθὼν,
2622 3700 2689 3753 δι’
2720 3692 2781 3752 οῦ
2811 3699 3006 3763 αἰῶνες
3033 3699 3311 3767 γεγόνασι,
3345 3698 3411 3751 δι’
3443 3689 3504 3749 οῦ
3543 3697 3729 3767 χρόνοι

2135 3792 2228 3845 καὶ
2262 3793 2464 3864 καιροί.
2497 3793 2573 3845 Οὐ
2601 3792 2710 3862 γὰρ
2735 3788 2803 3861 ἦν
2833 3792 3023 3862 καιρὸς
3053 3789 3179 3844 οὔτε
3210 3790 3399 3862 χρόνος
3438 3790 3546 3861 πρὸ
3569 3788 3723 3842 Υἱοῦ.

2137 3886 2198 3938 Εἰ
2227 3886 2335 3958 γὰρ
2367 3882 2434 3956 ἦν
2465 3887 2655 3957 χρόνος
2685 3885 2791 3957 πρὸ
2822 3884 2978 3949 Υἰοῦ,
3003 3883 3113 3955 ἄρα
3142 3883 3344 3954 μείζων
3368 3884 3395 3934 ό
3419 3882 3610 3953 χρόνος
3633 3881 3727 3933 τοῦ

2136 3972 2294 4028 Υἰοῦο
2341 3978 2433 4028 καὶ
2477 3975 2593 4038 πῶς
2634 3974 2708 4028 δι’
2752 3974 2942 4029 αὑτοῦ
2992 3973 3218 4039 πάντες
3260 3970 3571 4041 ἐγένοντο,
3626 3971 3725 4023 καὶ

2136 4066 2305 4135 χωρὶς
2337 4067 2521 4121 αὑτοῦ
2566 4067 2803 4136 ἐγένετο
2842 4066 3027 4119 οὐδὲν
3069 4065 3101 4119 ὃ
3147 4066 3433 4135 γέγωέν;
3466 4063 3549 4116 ὅτι
3580 4062 3636 4114 εί
3675 4080 3729 4114 τι

2136 4158 2349 4226 γέγονε,
2381 4158 2448 4211 δι’
2480 4157 2644 4211 αὑτοῦ
2670 4159 2912 4227 γέγονεν,
2946 4158 3107 4220 αὐτὸς
3135 4158 3191 4210 δὲ
3218 4158 3477 4219 ἄκτιστος
3506 4156 3603 4209 καὶ
3642 4155 3730 4209 ἀεὶ

2135 4245 2233 4311 ὢν,
2255 4248 2341 4299 ὅτι
2364 4248 2391 4299 ό
2428 4247 2616 4317 Πατὴρ
2650 4249 2737 4300 ἀεὶ
2767 4244 2855 4317 ἦν,
2893 4247 2986 4301 καὶ
3018 4247 3077 4298 τὸ
3109 4246 3263 4315 ἅγιον
3301 4245 3464 4298 αὐτοῦ
3500 4244 3731 4314 Πνεῦμα

2137 4339 2221 4391 ἀεὶ
2246 4333 2333 4409 ἦν.
2367 4340 2428 4392 Εἰ
2451 4339 2559 4410 γὰρ
2580 4334 2646 4411 ἦν
2681 4340 2871 4410 χρόνος
2898 4340 3004 4410 πρὸ
3038 4339 3190 4401 Υἱοῦ,
3220 4338 3593 4410 ζητηθήσεται
3621 4340 3730 4411 ἄρα

2138 4425 2334 4491 πάλιν,
2386 4426 2450 4478 δι’
2492 4420 2552 4479 οῦ
2608 4428 2702 4479 καὶ
2744 4429 2771 4479 ό
2806 4428 2897 4480 ἐπὶ
2932 4427 3022 4479 τοῦ
3060 4427 3191 4482 Υἰοῦ
3243 4428 3434 4498 χρόνος
3473 4423 3576 4498 ἦν;
3637 4429 3730 4481 καὶ

446 4514 650 4569 factum
675 4527 757 4570 est
790 4537 802 4571 :
834 4519 951 4585 ipse
1006 4534 1132 4573 vero
1183 4519 1461 4575 incrcatus
1509 4536 1573 4574 ac
1626 4523 2023 4591 sempiternus,

2138 4518 2352 4589 μυρία⁸
2385 4519 2569 4571 λοιπὸν
2619 4522 2697 4580 εἰς
2750 4519 3051 4587 φαντασίαν
3097 4518 3499 4590 ὲνδομυχοῦσαν
3552 4521 3611 4571 ἐν
3660 4523 3727 4589 τῇ

446 4626 509 4663 eo
531 4608 677 4677 quod
710 4616 822 4662 tum
851 4608 1034 4677 Pater,
1066 4620 1181 4664 tum
1215 4610 1451 4680 Spiritus
1478 4621 1704 4668 sanctus
1734 4614 1801 4667 ab
1827 4623 2032 4667 :cterno

447 4700 690 4759 fuerunt.
730 4702 885 4768 Quod
923 4705 965 4756 si
1007 4712 1221 4773 tempus
1263 4713 1409 4758 esset
1454 4701 1597 4759 Filio
1637 4705 1810 4775 prius,
1864 4705 2030 4775 quzcri

447 4790 643 4845 merito
683 4799 893 4862 posset,
940 4808 1037 4862 per
1067 4808 1359 4862 quemnam
1410 4793 1667 4861 superius
1714 4792 1845 4845 illud
1893 4790 2033 4846 Filio

447 4897 662 4957 tempus
690 4895 1039 4957 procreatum
1072 4887 1282 4943 fuerit?
1322 4886 1501 4958 Atque
1522 4887 1597 4939 ita
1632 4884 1864 4940 mirifica
1891 4901 2031 4956 qua:-

447 4979 572 5033 dam
617 4981 847 5034 stultitia
887 4993 1185 5051 occupatas
1228 4990 1440 5037 mentes
1476 4990 1700 5037 nostras
1734 4981 1801 5035 ad
1844 4982 2033 5037 absur-

449 5072 571 5124 dam
608 5071 904 5125 vanitatem
950 5074 1006 5125 in
1048 5073 1329 5126 hominum
1378 5074 1539 5128 sitam
1584 5072 1842 5142 opinione
1895 5088 2028 5125 con-

447 5166 663 5222 vertet;
714 5162 830 5214 sive
870 5162 1055 5229 potius
1084 5164 1150 5217 ad
1178 5163 1453 5233 quoddam
1486 5163 1881 5232 cogitationum
1920 5164 2024 5215 mi-

447 5256 596 5311 nime
659 5265 935 5311 castarum
992 5257 1318 5313 adulterium
1374 5259 1688 5314 transferet.
1748 5257 2017 5325 Quocirca
2092 5257 2307 5312 nullum
2361 5268 2488 5313 ante
2545 5257 2746 5312 Filium
2804 5266 3021 5329 tempus
3090 5259 3353 5314 exstitit:

2139 4608 2246 4662 τῶν
2277 4608 2581 4677 ἀνθρώπων
2616 4610 2886 4680 ὑπολήψει
2939 4611 3129 4681 τρέψει
3177 4611 3266 4663 τὸν
3318 4611 3586 4681 ἡμέτερον
3642 4611 3727 4663 λο-

2138 4700 2622 4771 γισμὸν,ἥμᾶλλον
2656 4703 2738 4765 εἰς
2777 4703 3035 4773 πορνείαν
3081 4703 3490 4773 διανοημάτων,
3532 4705 3628 4756 καὶ
3666 4705 3724 4755 οὐ

2138 4794 2267 4864 περὶ
2315 4793 2689 4867 σωφροσύνης.
2725 4796 2839 4848 Οὐκ
2878 4792 2945 4865 ἦν
2975 4795 3155 4848 τοίνυν
3196 4796 3386 4866 χρόνος
3428 4796 3533 4867 πρὸ
3562 4795 3723 4849 Υἰοῦ·

2138 4885 2327 4955 ἐπειδὴ
2358 4885 2419 4937 οὐ
2449 4884 2538 4939 διὰ
2571 4888 2777 4958 χρόνων
2810 4890 2837 4940 ὁ
2868 4888 2996 4951 Υἱὸς
3029 4889 3273 4957 γέγονεν,
3313 4887 3449 4940 ἀλλὰ
3471 4888 3561 4940 διὰ
3594 4885 3722 4940 Υἰοῦ

2135 4978 2320 5049 χρόνοι
2354 4978 2450 5032 καὶ
2485 4980 2535 5031 οί
2566 4979 2786 5048 ἄγγελοι
2828 4981 2921 5032 καὶ
2945 4980 3011 5033 τὰ
3041 4980 3173 5034 ἄλλα
3208 4981 3383 5034 πάντα
3424 4979 3722 5049 κτίσματσ.

2135 5070 2249 5123 Οὐκ
2273 5065 2341 5142 ἦν
2368 5073 2561 5141 χρόνος
2593 5072 2725 5125 ποτὲ
2764 5072 2853 5127 ὅτε
2886 5074 2985 5127 οὐκ
3018 5069 3085 5143 ἦν
3114 5075 3143 5126 ό
3175 5072 3319 5137 Υίὸς,
3346 5072 3469 5125 οὐδὲ
3500 5067 3571 5141 ἦν
3596 5087 3720 5124 ποτε

2135 5162 2224 5215 ὅτε
2254 5162 2356 5214 οὐκ
2384 5157 2453 5232 ἦν
2488 5161 2737 5231 Πνεῦμα.

3436 5264 3713 5327 propterea

452 5347 596 5415 quod
632 5364 755 5403 non
786 5364 883 5419 per
915 5354 1164 5417 tempora
1188 5350 1392 5412 Filius,
1426 5349 1521 5405 sed
1562 5365 1659 5420 per
1721 5348 1921 5404 Filium
1989 5360 2235 5419 tempora
2283 5356 2339 5405 et
2391 5351 2594 5420 angeli,
2641 5360 2941 5421 creataque
2987 5360 3183 5405 czetera
3227 5351 3494 5421 producta
3566 5356 3711 5403 sunt.

450 5432 667 5491 Nullum
736 5454 978 5509 unquam
1031 5446 1243 5510 tempus
1297 5441 1443 5506 fuit,
1500 5457 1610 5512 quo
1656 5458 1770 5498 non
1816 5450 1963 5498 esset
2033 5441 2208 5498 Filius
2266 5460 2279 5496 :

451 5520 689 5579 sisteret.

522 5715 538 5747 '
565 5716 699 5777 Col.
731 5734 790 5785 Il,
822 5725 906 5778 tt.
989 5727 1006 5754 ⁵
1034 5724 1134 5784 lsa.
1166 5747 1238 5798 τι,
1278 5732 1330 5785 5.

2366 5442 2619 5508 nullum,
2684 5458 2798 5514 quo
2853 5458 2977 5498 non-
3027 5442 3277 5512 Spiritus
3327 5451 3558 5499 sanctus
3618 5452 3715 5493 ex,-

1412 5732 1430 5761 ³
1466 5729 1654 5783 Matth.
1705 5746 1897 5799 xxviii,
1948 5730 2033 5796 ιθ,
2064 5731 2154 5786 9.0.
2238 5733 2256 5764 “
2284 5730 2444 5789 Joan.
2476 5745 2513 5796 I,
2541 5732 2592 5785 3.
2671 5734 2689 5762 ³
2728 5728 2785 5783 Ε.
2822 5729 3024 5805 μωρία-ι.
