  <div class='ocr_page' id='page_1' title='image "/cluster/home/n/w/nwhite01/storage/ocr_20150623/43:no.3/coo.31924054869429/089.png"; bbox 0 0 3950 6426; ppageno 0'>
   <div class='ocr_carea' id='block_1_1' title="bbox 607 436 707 495">
    <p class='ocr_par' dir='ltr' id='par_1_1' title="bbox 607 436 707 495">
     <span class='ocr_line' id='line_1_1' title="bbox 607 436 707 495; baseline 0.02 -2"><span class='ocrx_word' id='word_1_1' title='bbox 607 436 707 495; x_wconf 74' lang='lat' dir='ltr'><strong>{C3</strong></span> 
     </span>
    </p>
   </div>
   <div class='ocr_carea' id='block_1_2' title="bbox 2013 434 3829 507">
    <p class='ocr_par' dir='ltr' id='par_1_2' title="bbox 2013 434 3829 507">
     <span class='ocr_line' id='line_1_2' title="bbox 2013 434 3829 507; baseline 0.001 -18"><span class='ocrx_word' id='word_1_2' title='bbox 2013 436 2071 489; x_wconf 90' lang='lat' dir='ltr'><strong>s.</strong></span> <span class='ocrx_word' id='word_1_3' title='bbox 2116 434 2455 492; x_wconf 61' lang='lat' dir='ltr'><strong>emrumu</strong></span> <span class='ocrx_word' id='word_1_4' title='bbox 3750 452 3829 507; x_wconf 59' lang='lat' dir='ltr'><strong>1m</strong></span> 
     </span>
    </p>
   </div>
   <div class='ocr_carea' id='block_1_3' title="bbox 601 550 2189 632">
    <p class='ocr_par' dir='ltr' id='par_1_3' title="bbox 601 550 2187 623">
     <span class='ocr_line' id='line_1_3' title="bbox 601 550 2187 623; baseline 0 -13"><span class='ocrx_word' id='word_1_5' title='bbox 601 552 875 610; x_wconf 90' lang='lat' dir='ltr'><strong>sistentia.</strong></span> <span class='ocrx_word' id='word_1_6' title='bbox 906 552 1022 607; x_wconf 83' lang='lat' dir='ltr'><strong>lino</strong></span> <span class='ocrx_word' id='word_1_7' title='bbox 1052 551 1098 606; x_wconf 91' lang='lat' dir='ltr'><strong>si</strong></span> <span class='ocrx_word' id='word_1_8' title='bbox 1138 550 1452 623; x_wconf 83' lang='lat' dir='ltr'><strong>diligentius</strong></span> <span class='ocrx_word' id='word_1_9' title='bbox 1498 552 1869 623; x_wconf 89' lang='lat' dir='ltr'><strong>inquiramus,</strong></span> <span class='ocrx_word' id='word_1_10' title='bbox 1922 570 2187 610; x_wconf 89' lang='lat' dir='ltr'><strong>numerus</strong></span> 
     </span>
    </p>
   </div>
   <div class='ocr_carea' id='block_1_4' title="bbox 2297 550 3832 632">
    <p class='ocr_par' dir='ltr' id='par_1_4' title="bbox 2297 556 3832 632">
     <span class='ocr_line' id='line_1_4' title="bbox 2297 556 3832 632; baseline 0.005 -22"><span class='ocrx_word' id='word_1_11' title='bbox 2297 556 2499 630; x_wconf 77' lang='grc' dir='ltr'>ορὼπῳ</span> <span class='ocrx_word' id='word_1_12' title='bbox 2525 573 2537 587; x_wconf 88' lang='grc'><strong>·</strong></span> <span class='ocrx_word' id='word_1_13' title='bbox 2577 556 2638 610; x_wconf 81' lang='grc' dir='ltr'><strong>οὐ</strong></span> <span class='ocrx_word' id='word_1_14' title='bbox 2686 557 2791 630; x_wconf 78' lang='grc' dir='ltr'>χρὴ</span> <span class='ocrx_word' id='word_1_15' title='bbox 2826 557 2881 610; x_wconf 85' lang='grc' dir='ltr'>δὲ</span> <span class='ocrx_word' id='word_1_16' title='bbox 2937 558 3032 611; x_wconf 66' lang='grc' dir='ltr'>καὶ</span> <span class='ocrx_word' id='word_1_17' title='bbox 3089 557 3589 632; x_wconf 76' lang='grc' dir='ltr'><strong>πολυπραγμονεῖν.</strong></span> <span class='ocrx_word' id='word_1_18' title='bbox 3613 559 3832 631; x_wconf 71' lang='grc' dir='ltr'>ὀμωςεὲ</span> 
     </span>
    </p>
   </div>
   <div class='ocr_carea' id='block_1_5' title="bbox 600 643 2194 715">
    <p class='ocr_par' dir='ltr' id='par_1_5' title="bbox 600 643 2194 715">
     <span class='ocr_line' id='line_1_5' title="bbox 600 643 2194 715; baseline -0.001 -14"><span class='ocrx_word' id='word_1_19' title='bbox 600 645 705 701; x_wconf 84' lang='lat' dir='ltr'><strong>iste</strong></span> <span class='ocrx_word' id='word_1_20' title='bbox 737 644 969 698; x_wconf 89' lang='lat' dir='ltr'><strong>ulterius</strong></span> <span class='ocrx_word' id='word_1_21' title='bbox 1000 643 1218 698; x_wconf 93' lang='lat' dir='ltr'><strong>extendi</strong></span> <span class='ocrx_word' id='word_1_22' title='bbox 1252 644 1448 714; x_wconf 86' lang='lat' dir='ltr'><strong>poterit</strong></span> <span class='ocrx_word' id='word_1_23' title='bbox 1477 664 1489 698; x_wconf 90' lang='lat'><strong>:</strong></span> <span class='ocrx_word' id='word_1_24' title='bbox 1525 645 1726 715; x_wconf 87' lang='lat' dir='ltr'><strong>quippe</strong></span> <span class='ocrx_word' id='word_1_25' title='bbox 1754 646 2004 715; x_wconf 87' lang='lat' dir='ltr'><strong>pluribus</strong></span> <span class='ocrx_word' id='word_1_26' title='bbox 2031 646 2194 700; x_wconf 90' lang='lat' dir='ltr'><strong>homo</strong></span> 
     </span>
    </p>
   </div>
   <div class='ocr_carea' id='block_1_6' title="bbox 603 736 2183 807">
    <p class='ocr_par' dir='ltr' id='par_1_6' title="bbox 603 736 2183 807">
     <span class='ocr_line' id='line_1_6' title="bbox 603 736 2183 807; baseline 0.002 -18"><span class='ocrx_word' id='word_1_27' title='bbox 603 736 1068 805; x_wconf 75' lang='lat' dir='ltr'><strong>appellationibus</strong></span> <span class='ocrx_word' id='word_1_28' title='bbox 1124 736 1379 807; x_wconf 80' lang='lat' dir='ltr'><strong>insigniri</strong></span> <span class='ocrx_word' id='word_1_29' title='bbox 1437 737 1594 801; x_wconf 91' lang='lat' dir='ltr'><strong>solet,</strong></span> <span class='ocrx_word' id='word_1_30' title='bbox 1646 746 1705 791; x_wconf 93' lang='lat' dir='ltr'><strong>ut</strong></span> <span class='ocrx_word' id='word_1_31' title='bbox 1769 754 1892 792; x_wconf 89' lang='lat' dir='ltr'><strong>cum</strong></span> <span class='ocrx_word' id='word_1_32' title='bbox 1964 739 2183 792; x_wconf 82' lang='lat' dir='ltr'><strong>interior</strong></span> 
     </span>
    </p>
   </div>
   <div class='ocr_carea' id='block_1_7' title="bbox 604 834 2188 907">
    <p class='ocr_par' dir='ltr' id='par_1_7' title="bbox 604 834 2188 907">
     <span class='ocr_line' id='line_1_7' title="bbox 604 834 2188 907; baseline 0.003 -22"><span class='ocrx_word' id='word_1_33' title='bbox 604 840 769 901; x_wconf 85' lang='lat' dir='ltr'><strong>atque</strong></span> <span class='ocrx_word' id='word_1_34' title='bbox 827 834 1060 887; x_wconf 72' lang='lat' dir='ltr'><strong>exterior</strong></span> <span class='ocrx_word' id='word_1_35' title='bbox 1100 834 1253 886; x_wconf 84' lang='lat' dir='ltr'><strong>homo</strong></span> <span class='ocrx_word' id='word_1_36' title='bbox 1301 834 1539 888; x_wconf 89' lang='lat' dir='ltr'><strong>dicitur:</strong></span> <span class='ocrx_word' id='word_1_37' title='bbox 1575 850 1694 904; x_wconf 66' lang='lat' dir='ltr'><strong>quae</strong></span> <span class='ocrx_word' id='word_1_38' title='bbox 1735 836 1916 889; x_wconf 81' lang='lat' dir='ltr'><strong>omnia</strong></span> <span class='ocrx_word' id='word_1_39' title='bbox 1954 834 2188 907; x_wconf 80' lang='lat' dir='ltr'><strong>spiritali</strong></span> 
     </span>
    </p>
   </div>
   <div class='ocr_carea' id='block_1_8' title="bbox 604 925 2169 999">
    <p class='ocr_par' dir='ltr' id='par_1_8' title="bbox 604 925 2169 999">
     <span class='ocr_line' id='line_1_8' title="bbox 604 925 2169 999; baseline 0.002 -21"><span class='ocrx_word' id='word_1_40' title='bbox 604 925 840 994; x_wconf 89' lang='lat' dir='ltr'><strong>quodam</strong></span> <span class='ocrx_word' id='word_1_41' title='bbox 877 942 1041 981; x_wconf 91' lang='lat' dir='ltr'><strong>sensu</strong></span> <span class='ocrx_word' id='word_1_42' title='bbox 1070 927 1121 981; x_wconf 92' lang='lat' dir='ltr'><strong>in</strong></span> <span class='ocrx_word' id='word_1_43' title='bbox 1154 925 1454 997; x_wconf 88' lang='lat' dir='ltr'><strong>Scripturis</strong></span> <span class='ocrx_word' id='word_1_44' title='bbox 1483 938 1840 999; x_wconf 89' lang='lat' dir='ltr'><strong>usurpantur,</strong></span> <span class='ocrx_word' id='word_1_45' title='bbox 1873 939 1931 982; x_wconf 93' lang='lat' dir='ltr'><strong>ut</strong></span> <span class='ocrx_word' id='word_1_46' title='bbox 1972 945 2036 983; x_wconf 89' lang='lat' dir='ltr'><strong>ea</strong></span> <span class='ocrx_word' id='word_1_47' title='bbox 2080 944 2169 981; x_wconf 87' lang='lat' dir='ltr'><strong>ra-</strong></span> 
     </span>
    </p>
   </div>
   <div class='ocr_carea' id='block_1_9' title="bbox 604 1016 2192 1092">
    <p class='ocr_par' dir='ltr' id='par_1_9' title="bbox 604 1016 2192 1092">
     <span class='ocr_line' id='line_1_9' title="bbox 604 1016 2192 1092; baseline 0.004 -25"><span class='ocrx_word' id='word_1_48' title='bbox 604 1016 755 1071; x_wconf 89' lang='lat' dir='ltr'><strong>tione</strong></span> <span class='ocrx_word' id='word_1_49' title='bbox 791 1030 1000 1073; x_wconf 92' lang='lat' dir='ltr'><strong>mentes</strong></span> <span class='ocrx_word' id='word_1_50' title='bbox 1042 1028 1261 1074; x_wconf 86' lang='lat' dir='ltr'><strong>nostras</strong></span> <span class='ocrx_word' id='word_1_51' title='bbox 1296 1023 1625 1092; x_wconf 88' lang='lat' dir='ltr'><strong>astringant,</strong></span> <span class='ocrx_word' id='word_1_52' title='bbox 1656 1038 1765 1091; x_wconf 90' lang='lat' dir='ltr'><strong>quo</strong></span> <span class='ocrx_word' id='word_1_53' title='bbox 1808 1023 2009 1075; x_wconf 88' lang='lat' dir='ltr'><strong>nullam</strong></span> <span class='ocrx_word' id='word_1_54' title='bbox 2045 1022 2192 1075; x_wconf 91' lang='lat' dir='ltr'><strong>salu-</strong></span> 
     </span>
    </p>
   </div>
   <div class='ocr_carea' id='block_1_10' title="bbox 606 1110 2191 1182">
    <p class='ocr_par' dir='ltr' id='par_1_10' title="bbox 606 1110 2191 1182">
     <span class='ocr_line' id='line_1_10' title="bbox 606 1110 2191 1182; baseline 0.004 -21"><span class='ocrx_word' id='word_1_55' title='bbox 606 1110 676 1163; x_wconf 89' lang='lat' dir='ltr'><strong>tis</strong></span> <span class='ocrx_word' id='word_1_56' title='bbox 708 1118 913 1164; x_wconf 73' lang='lat' dir='ltr'><strong>nostrze</strong></span> <span class='ocrx_word' id='word_1_57' title='bbox 941 1121 1149 1181; x_wconf 90' lang='lat' dir='ltr'><strong>partem</strong></span> <span class='ocrx_word' id='word_1_58' title='bbox 1188 1115 1607 1182; x_wconf 60' lang='lat' dir='ltr'><strong>praetermittere</strong></span> <span class='ocrx_word' id='word_1_59' title='bbox 1652 1116 1918 1178; x_wconf 87' lang='lat' dir='ltr'><strong>velimus;</strong></span> <span class='ocrx_word' id='word_1_60' title='bbox 1956 1131 2053 1169; x_wconf 90' lang='lat' dir='ltr'><strong>nec</strong></span> <span class='ocrx_word' id='word_1_61' title='bbox 2081 1115 2191 1167; x_wconf 88' lang='lat' dir='ltr'><strong>ulla</strong></span> 
     </span>
    </p>
   </div>
   <div class='ocr_carea' id='block_1_11' title="bbox 2303 650 3832 729">
    <p class='ocr_par' dir='ltr' id='par_1_11' title="bbox 2303 650 3832 729">
     <span class='ocr_line' id='line_1_11' title="bbox 2303 650 3832 729; baseline 0.004 -23"><span class='ocrx_word' id='word_1_62' title='bbox 2303 653 2443 706; x_wconf 76' lang='grc' dir='ltr'>κατὰ</span> <span class='ocrx_word' id='word_1_63' title='bbox 2467 652 2559 705; x_wconf 70' lang='grc' dir='ltr'><strong>τὸν</strong></span> <span class='ocrx_word' id='word_1_64' title='bbox 2583 650 2807 704; x_wconf 80' lang='grc' dir='ltr'><strong>ἐκείνων</strong></span> <span class='ocrx_word' id='word_1_65' title='bbox 2836 650 3017 720; x_wconf 80' lang='grc' dir='ltr'>λόγον,</span> <span class='ocrx_word' id='word_1_66' title='bbox 3049 653 3097 704; x_wconf 88' lang='grc' dir='ltr'><strong>εί</strong></span> <span class='ocrx_word' id='word_1_67' title='bbox 3123 652 3177 705; x_wconf 79' lang='grc' dir='ltr'><strong>δὲ</strong></span> <span class='ocrx_word' id='word_1_68' title='bbox 3202 654 3229 705; x_wconf 87' lang='grc' dir='ltr'>ὁ</span> <span class='ocrx_word' id='word_1_69' title='bbox 3254 653 3379 717; x_wconf 86' lang='grc' dir='ltr'>νοῦς</span> <span class='ocrx_word' id='word_1_70' title='bbox 3412 656 3529 708; x_wconf 81' lang='grc' dir='ltr'>ἐστι</span> <span class='ocrx_word' id='word_1_71' title='bbox 3546 656 3606 710; x_wconf 80' lang='grc' dir='ltr'><strong>τὸ</strong></span> <span class='ocrx_word' id='word_1_72' title='bbox 3637 656 3832 729; x_wconf 70' lang='grc' dir='ltr'>πνεῦμα,</span> 
     </span>
    </p>
   </div>
   <div class='ocr_carea' id='block_1_12' title="bbox 2299 740 3834 819">
    <p class='ocr_par' dir='ltr' id='par_1_12' title="bbox 2299 740 3834 819">
     <span class='ocr_line' id='line_1_12' title="bbox 2299 740 3834 819; baseline -0.003 -24"><span class='ocrx_word' id='word_1_73' title='bbox 2299 743 2394 795; x_wconf 79' lang='grc' dir='ltr'><strong>καὶ</strong></span> <span class='ocrx_word' id='word_1_74' title='bbox 2433 742 2493 794; x_wconf 80' lang='grc' dir='ltr'><strong>τὸ</strong></span> <span class='ocrx_word' id='word_1_75' title='bbox 2548 740 2767 810; x_wconf 77' lang='grc' dir='ltr'>πνεῦμα</span> <span class='ocrx_word' id='word_1_76' title='bbox 2803 741 2830 792; x_wconf 82' lang='grc' dir='ltr'><strong>ὁ</strong></span> <span class='ocrx_word' id='word_1_77' title='bbox 2878 740 3024 805; x_wconf 86' lang='grc' dir='ltr'>νοῦς,</span> <span class='ocrx_word' id='word_1_78' title='bbox 3077 741 3246 794; x_wconf 86' lang='grc' dir='ltr'>ταῦτα</span> <span class='ocrx_word' id='word_1_79' title='bbox 3286 742 3341 796; x_wconf 75' lang='grc' dir='ltr'><strong>δὲ</strong></span> <span class='ocrx_word' id='word_1_80' title='bbox 3376 744 3528 809; x_wconf 71' lang='grc' dir='ltr'>ἐκτὸς</span> <span class='ocrx_word' id='word_1_81' title='bbox 3571 746 3664 819; x_wconf 74' lang='grc' dir='ltr'><strong>τῆς</strong></span> <span class='ocrx_word' id='word_1_82' title='bbox 3698 746 3834 819; x_wconf 62' lang='grc' dir='ltr'>ψυχῆς</span> 
     </span>
    </p>
   </div>
   <div class='ocr_carea' id='block_1_13' title="bbox 2298 834 3834 906">
    <p class='ocr_par' dir='ltr' id='par_1_13' title="bbox 2298 834 3834 906">
     <span class='ocr_line' id='line_1_13' title="bbox 2298 834 3834 906; baseline -0.005 -17"><span class='ocrx_word' id='word_1_83' title='bbox 2298 834 2556 905; x_wconf 71' lang='grc' dir='ltr'>ὑπάρχει,</span> <span class='ocrx_word' id='word_1_84' title='bbox 2615 834 2779 887; x_wconf 78' lang='grc' dir='ltr'>πάλιν</span> <span class='ocrx_word' id='word_1_85' title='bbox 2838 834 2943 887; x_wconf 90' lang='grc' dir='ltr'>τίνι</span> <span class='ocrx_word' id='word_1_86' title='bbox 2983 834 3126 906; x_wconf 85' lang='grc' dir='ltr'>λόγῳ</span> <span class='ocrx_word' id='word_1_87' title='bbox 3158 835 3323 904; x_wconf 80' lang='grc' dir='ltr'>λέγει,</span> <span class='ocrx_word' id='word_1_88' title='bbox 3365 836 3544 891; x_wconf 76' lang='grc' dir='ltr'>Ψαλῶ</span> <span class='ocrx_word' id='word_1_89' title='bbox 3591 839 3664 903; x_wconf 76' lang='grc' dir='ltr'>τῷ</span> <span class='ocrx_word' id='word_1_90' title='bbox 3701 843 3834 895; x_wconf 55' lang='lat' dir='ltr'><strong>mat.</strong></span> 
     </span>
    </p>
   </div>
   <div class='ocr_carea' id='block_1_14' title="bbox 2291 924 3833 1001">
    <p class='ocr_par' dir='ltr' id='par_1_14' title="bbox 2291 924 3833 1001">
     <span class='ocr_line' id='line_1_14' title="bbox 2291 924 3833 1001; baseline 0.005 -23"><span class='ocrx_word' id='word_1_91' title='bbox 2291 944 2462 995; x_wconf 77' lang='grc' dir='ltr'>ματι,</span> <span class='ocrx_word' id='word_1_92' title='bbox 2510 924 2689 994; x_wconf 67' lang='grc' dir='ltr'><strong>ψαλῶ</strong></span> <span class='ocrx_word' id='word_1_93' title='bbox 2746 926 2844 980; x_wconf 81' lang='grc' dir='ltr'>καί</span> <span class='ocrx_word' id='word_1_94' title='bbox 2891 926 2971 992; x_wconf 86' lang='grc' dir='ltr'>τῷ</span> <span class='ocrx_word' id='word_1_95' title='bbox 3007 930 3134 991; x_wconf 86' lang='grc' dir='ltr'>νοΐ;</span> <span class='ocrx_word' id='word_1_96' title='bbox 3178 929 3278 981; x_wconf 74' lang='grc' dir='ltr'><strong>Διὰ</strong></span> <span class='ocrx_word' id='word_1_97' title='bbox 3308 928 3464 982; x_wconf 86' lang='grc' dir='ltr'>τοῦτο</span> <span class='ocrx_word' id='word_1_98' title='bbox 3499 929 3603 1001; x_wconf 73' lang='grc' dir='ltr'>γὰρ</span> <span class='ocrx_word' id='word_1_99' title='bbox 3634 932 3833 999; x_wconf 75' lang='grc' dir='ltr'><strong>ἀπέδειξε</strong></span> 
     </span>
    </p>
   </div>
   <div class='ocr_carea' id='block_1_15' title="bbox 2302 1014 3833 1091">
    <p class='ocr_par' dir='ltr' id='par_1_15' title="bbox 2302 1014 3833 1091">
     <span class='ocr_line' id='line_1_15' title="bbox 2302 1014 3833 1091; baseline 0.003 -22"><span class='ocrx_word' id='word_1_100' title='bbox 2302 1021 2375 1091; x_wconf 74' lang='grc' dir='ltr'>μὴ</span> <span class='ocrx_word' id='word_1_101' title='bbox 2416 1020 2489 1079; x_wconf 21' lang='grc' dir='ltr'><strong>τὸ,</strong></span> <span class='ocrx_word' id='word_1_102' title='bbox 2534 1017 2752 1091; x_wconf 85' lang='grc' dir='ltr'>πνεῦμα</span> <span class='ocrx_word' id='word_1_103' title='bbox 2803 1014 2943 1073; x_wconf 74' lang='grc' dir='ltr'>εἶναι</span> <span class='ocrx_word' id='word_1_104' title='bbox 2994 1021 3084 1073; x_wconf 83' lang='grc' dir='ltr'><strong>τὸν</strong></span> <span class='ocrx_word' id='word_1_105' title='bbox 3140 1019 3265 1072; x_wconf 87' lang='grc' dir='ltr'>νοῦν</span> <span class='ocrx_word' id='word_1_106' title='bbox 3291 1060 3306 1084; x_wconf 91' lang='grc'><strong>,</strong></span> <span class='ocrx_word' id='word_1_107' title='bbox 3362 1021 3494 1091; x_wconf 79' lang='grc' dir='ltr'>μηδὲ</span> <span class='ocrx_word' id='word_1_108' title='bbox 3526 1022 3614 1075; x_wconf 74' lang='grc' dir='ltr'><strong>τὸν</strong></span> <span class='ocrx_word' id='word_1_109' title='bbox 3660 1022 3764 1076; x_wconf 89' lang='grc' dir='ltr'>νοῦν</span> <span class='ocrx_word' id='word_1_110' title='bbox 3793 1023 3833 1074; x_wconf 58' lang='grc' dir='ltr'><strong>τί</strong></span> 
     </span>
    </p>
   </div>
   <div class='ocr_carea' id='block_1_16' title="bbox 2299 1128 2536 1181">
    <p class='ocr_par' dir='ltr' id='par_1_16' title="bbox 2299 1128 2536 1181">
     <span class='ocr_line' id='line_1_16' title="bbox 2299 1128 2536 1181; baseline 0.008 -18"><span class='ocrx_word' id='word_1_111' title='bbox 2299 1128 2536 1181; x_wconf 74' lang='grc' dir='ltr'>πνεῦμα.</span> 
     </span>
    </p>
   </div>
   <div class='ocr_carea' id='block_1_17' title="bbox 620 1204 3831 1280">
    <p class='ocr_par' dir='ltr' id='par_1_17' title="bbox 620 1204 3831 1280">
     <span class='ocr_line' id='line_1_17' title="bbox 620 1204 3831 1280; baseline 0.002 -24"><span class='ocrx_word' id='word_1_112' title='bbox 620 1204 782 1257; x_wconf 87' lang='lat' dir='ltr'><strong>nobis</strong></span> <span class='ocrx_word' id='word_1_113' title='bbox 806 1206 1025 1259; x_wconf 89' lang='lat' dir='ltr'><strong>occasio</strong></span> <span class='ocrx_word' id='word_1_114' title='bbox 1060 1206 1141 1265; x_wconf 79' lang='lat' dir='ltr'><strong>vel</strong></span> <span class='ocrx_word' id='word_1_115' title='bbox 1178 1208 1330 1261; x_wconf 90' lang='lat' dir='ltr'><strong>color</strong></span> <span class='ocrx_word' id='word_1_116' title='bbox 1364 1209 1725 1279; x_wconf 82' lang='lat' dir='ltr'><strong>relinquatur,</strong></span> <span class='ocrx_word' id='word_1_117' title='bbox 1764 1219 1823 1264; x_wconf 92' lang='lat' dir='ltr'><strong>ut</strong></span> <span class='ocrx_word' id='word_1_118' title='bbox 1853 1212 1921 1265; x_wconf 91' lang='lat' dir='ltr'><strong>ah</strong></span> <span class='ocrx_word' id='word_1_119' title='bbox 1950 1227 2015 1265; x_wconf 92' lang='lat' dir='ltr'><strong>eo</strong></span> <span class='ocrx_word' id='word_1_120' title='bbox 2045 1210 2191 1279; x_wconf 86' lang='lat' dir='ltr'><strong>quod</strong></span> <span class='ocrx_word' id='word_1_121' title='bbox 2236 1210 2571 1279; x_wconf 88' lang='lat' dir='ltr'><strong>propositum</strong></span> <span class='ocrx_word' id='word_1_122' title='bbox 2616 1216 2723 1275; x_wconf 86' lang='lat' dir='ltr'><strong>est,</strong></span> <span class='ocrx_word' id='word_1_123' title='bbox 2770 1208 3115 1264; x_wconf 82' lang='lat' dir='ltr'><strong>excidamus.</strong></span> <span class='ocrx_word' id='word_1_124' title='bbox 3153 1208 3330 1280; x_wconf 80' lang='lat' dir='ltr'><strong>Igitur</strong></span> <span class='ocrx_word' id='word_1_125' title='bbox 3378 1209 3567 1265; x_wconf 88' lang='lat' dir='ltr'><strong>insunt</strong></span> <span class='ocrx_word' id='word_1_126' title='bbox 3626 1211 3707 1264; x_wconf 90' lang='lat' dir='ltr'><strong>illa</strong></span> <span class='ocrx_word' id='word_1_127' title='bbox 3741 1210 3831 1279; x_wconf 70' lang='lat' dir='ltr'><strong>qui-</strong></span> 
     </span>
    </p>
   </div>
   <div class='ocr_carea' id='block_1_18' title="bbox 602 1294 3831 1371">
    <p class='ocr_par' dir='ltr' id='par_1_18' title="bbox 602 1294 3831 1371">
     <span class='ocr_line' id='line_1_18' title="bbox 602 1294 3831 1371; baseline 0.002 -23"><span class='ocrx_word' id='word_1_128' title='bbox 602 1294 726 1349; x_wconf 84' lang='lat' dir='ltr'><strong>dem</strong></span> <span class='ocrx_word' id='word_1_129' title='bbox 755 1296 808 1349; x_wconf 90' lang='lat' dir='ltr'><strong>in</strong></span> <span class='ocrx_word' id='word_1_130' title='bbox 836 1297 1075 1363; x_wconf 86' lang='lat' dir='ltr'><strong>homine,</strong></span> <span class='ocrx_word' id='word_1_131' title='bbox 1102 1300 1195 1353; x_wconf 87' lang='lat' dir='ltr'><strong>sed</strong></span> <span class='ocrx_word' id='word_1_132' title='bbox 1226 1301 1503 1355; x_wconf 84' lang='lat' dir='ltr'><strong>curiosius</strong></span> <span class='ocrx_word' id='word_1_133' title='bbox 1529 1302 1753 1357; x_wconf 89' lang='lat' dir='ltr'><strong>minime</strong></span> <span class='ocrx_word' id='word_1_134' title='bbox 1797 1302 2201 1371; x_wconf 81' lang='lat' dir='ltr'><strong>perscrutanda</strong></span> <span class='ocrx_word' id='word_1_135' title='bbox 2241 1310 2387 1354; x_wconf 89' lang='lat' dir='ltr'><strong>sunt.</strong></span> <span class='ocrx_word' id='word_1_136' title='bbox 2423 1299 2811 1355; x_wconf 80' lang='lat' dir='ltr'><strong>Verumtamen</strong></span> <span class='ocrx_word' id='word_1_137' title='bbox 2837 1308 2890 1355; x_wconf 89' lang='lat' dir='ltr'><strong>et</strong></span> <span class='ocrx_word' id='word_1_138' title='bbox 2932 1301 3152 1355; x_wconf 86' lang='lat' dir='ltr'><strong>illorum</strong></span> <span class='ocrx_word' id='word_1_139' title='bbox 3209 1317 3273 1356; x_wconf 76' lang='lat' dir='ltr'><strong>ex</strong></span> <span class='ocrx_word' id='word_1_140' title='bbox 3307 1304 3596 1365; x_wconf 86' lang='lat' dir='ltr'><strong>sententia,</strong></span> <span class='ocrx_word' id='word_1_141' title='bbox 3637 1302 3676 1354; x_wconf 88' lang='lat' dir='ltr'><strong>si</strong></span> <span class='ocrx_word' id='word_1_142' title='bbox 3718 1317 3831 1355; x_wconf 74' lang='lat' dir='ltr'><strong>mers</strong></span> 
     </span>
    </p>
   </div>
   <div class='ocr_carea' id='block_1_19' title="bbox 603 1392 3825 1469">
    <p class='ocr_par' dir='ltr' id='par_1_19' title="bbox 603 1392 3825 1469">
     <span class='ocr_line' id='line_1_19' title="bbox 603 1392 3825 1469; baseline 0 -22"><span class='ocrx_word' id='word_1_143' title='bbox 603 1392 831 1458; x_wconf 85' lang='lat' dir='ltr'><strong>spiritus</strong></span> <span class='ocrx_word' id='word_1_144' title='bbox 856 1402 959 1455; x_wconf 88' lang='lat' dir='ltr'><strong>est,</strong></span> <span class='ocrx_word' id='word_1_145' title='bbox 998 1394 1350 1465; x_wconf 81' lang='lat' dir='ltr'><strong>vicissimque</strong></span> <span class='ocrx_word' id='word_1_146' title='bbox 1385 1398 1612 1467; x_wconf 86' lang='lat' dir='ltr'><strong>spiritus</strong></span> <span class='ocrx_word' id='word_1_147' title='bbox 1649 1413 1824 1464; x_wconf 87' lang='lat' dir='ltr'><strong>mens,</strong></span> <span class='ocrx_word' id='word_1_148' title='bbox 1863 1409 2027 1469; x_wconf 89' lang='lat' dir='ltr'><strong>atque</strong></span> <span class='ocrx_word' id='word_1_149' title='bbox 2060 1399 2175 1452; x_wconf 69' lang='lat' dir='ltr'><strong>hazc</strong></span> <span class='ocrx_word' id='word_1_150' title='bbox 2214 1405 2365 1452; x_wconf 89' lang='lat' dir='ltr'><strong>extra</strong></span> <span class='ocrx_word' id='word_1_151' title='bbox 2408 1399 2646 1451; x_wconf 88' lang='lat' dir='ltr'><strong>animam</strong></span> <span class='ocrx_word' id='word_1_152' title='bbox 2679 1404 2847 1450; x_wconf 81' lang='lat' dir='ltr'><strong>sunt:</strong></span> <span class='ocrx_word' id='word_1_153' title='bbox 2883 1411 2984 1450; x_wconf 91' lang='lat' dir='ltr'><strong>cur</strong></span> <span class='ocrx_word' id='word_1_154' title='bbox 3042 1398 3115 1451; x_wconf 92' lang='lat' dir='ltr'><strong>ita</strong></span> <span class='ocrx_word' id='word_1_155' title='bbox 3177 1398 3396 1453; x_wconf 84' lang='lat' dir='ltr'><strong>tandem</strong></span> <span class='ocrx_word' id='word_1_156' title='bbox 3458 1396 3732 1467; x_wconf 77' lang='lat' dir='ltr'><strong>Apostolus</strong></span> <span class='ocrx_word' id='word_1_157' title='bbox 3774 1397 3825 1449; x_wconf 84' lang='lat' dir='ltr'><strong>lo-</strong></span> 
     </span>
    </p>
   </div>
   <div class='ocr_carea' id='block_1_20' title="bbox 608 1485 3832 1567">
    <p class='ocr_par' dir='ltr' id='par_1_20' title="bbox 608 1485 3832 1567">
     <span class='ocr_line' id='line_1_20' title="bbox 608 1485 3832 1567; baseline 0.001 -29"><span class='ocrx_word' id='word_1_158' title='bbox 608 1487 839 1556; x_wconf 87' lang='lat' dir='ltr'><strong>quitur:</strong></span> <span class='ocrx_word' id='word_1_159' title='bbox 878 1485 1125 1540; x_wconf 78' lang='lat' dir='ltr'><strong>Psallam</strong></span> <span class='ocrx_word' id='word_1_160' title='bbox 1166 1490 1382 1557; x_wconf 76' lang='lat' dir='ltr'><strong>spiritu,</strong></span> <span class='ocrx_word' id='word_1_161' title='bbox 1423 1491 1655 1562; x_wconf 79' lang='lat' dir='ltr'><strong>psallam</strong></span> <span class='ocrx_word' id='word_1_162' title='bbox 1685 1502 1733 1545; x_wconf 87' lang='lat' dir='ltr'><strong>et</strong></span> <span class='ocrx_word' id='word_1_163' title='bbox 1776 1493 2032 1546; x_wconf 70' lang='lat' dir='ltr'><strong>mente“?</strong></span> <span class='ocrx_word' id='word_1_164' title='bbox 2072 1492 2283 1558; x_wconf 82' lang='lat' dir='ltr'><strong>Quibus</strong></span> <span class='ocrx_word' id='word_1_165' title='bbox 2322 1492 2503 1547; x_wconf 75' lang='lat' dir='ltr'><strong>verbis</strong></span> <span class='ocrx_word' id='word_1_166' title='bbox 2544 1490 2860 1562; x_wconf 83' lang='lat' dir='ltr'><strong>signiﬁcare</strong></span> <span class='ocrx_word' id='word_1_167' title='bbox 2913 1492 3065 1547; x_wconf 69' lang='lat' dir='ltr'><strong>visus</strong></span> <span class='ocrx_word' id='word_1_168' title='bbox 3115 1499 3200 1545; x_wconf 86' lang='lat' dir='ltr'><strong>est</strong></span> <span class='ocrx_word' id='word_1_169' title='bbox 3247 1507 3425 1561; x_wconf 83' lang='lat' dir='ltr'><strong>neque</strong></span> <span class='ocrx_word' id='word_1_170' title='bbox 3472 1490 3709 1567; x_wconf 72' lang='lat' dir='ltr'><strong>spiritum</strong></span> <span class='ocrx_word' id='word_1_171' title='bbox 3743 1503 3832 1542; x_wconf 78' lang='lat' dir='ltr'><strong>esse</strong></span> 
     </span>
    </p>
   </div>
   <div class='ocr_carea' id='block_1_21' title="bbox 604 1582 1796 1651">
    <p class='ocr_par' dir='ltr' id='par_1_21' title="bbox 604 1582 1796 1651">
     <span class='ocr_line' id='line_1_21' title="bbox 604 1582 1796 1651; baseline 0.003 -19"><span class='ocrx_word' id='word_1_172' title='bbox 604 1584 870 1641; x_wconf 85' lang='lat' dir='ltr'><strong>mentem,</strong></span> <span class='ocrx_word' id='word_1_173' title='bbox 902 1593 1079 1647; x_wconf 88' lang='lat' dir='ltr'><strong>neque</strong></span> <span class='ocrx_word' id='word_1_174' title='bbox 1110 1589 1345 1634; x_wconf 76' lang='lat' dir='ltr'><strong>mentem</strong></span> <span class='ocrx_word' id='word_1_175' title='bbox 1374 1597 1496 1635; x_wconf 89' lang='lat' dir='ltr'><strong>esse</strong></span> <span class='ocrx_word' id='word_1_176' title='bbox 1520 1582 1796 1651; x_wconf 89' lang='lat' dir='ltr'><strong>spiritum.</strong></span> 
     </span>
    </p>
   </div>
   <div class='ocr_carea' id='block_1_22' title="bbox 671 1668 2192 1746">
    <p class='ocr_par' dir='ltr' id='par_1_22' title="bbox 671 1668 2192 1746">
     <span class='ocr_line' id='line_1_22' title="bbox 671 1668 2192 1746; baseline 0.005 -24"><span class='ocrx_word' id='word_1_177' title='bbox 671 1668 953 1723; x_wconf 79' lang='lat' dir='ltr'><strong>LXXVIII.</strong></span> <span class='ocrx_word' id='word_1_178' title='bbox 974 1669 1264 1733; x_wconf 63' lang='lat' dir='ltr'><strong>Praeterea,</strong></span> <span class='ocrx_word' id='word_1_179' title='bbox 1285 1671 1505 1746; x_wconf 87' lang='lat' dir='ltr'><strong>Anima,</strong></span> <span class='ocrx_word' id='word_1_180' title='bbox 1544 1673 1743 1743; x_wconf 84' lang='lat' dir='ltr'><strong>inquit,</strong></span> <span class='ocrx_word' id='word_1_181' title='bbox 1779 1690 1901 1745; x_wconf 69' lang='lat' dir='ltr'><strong>qua:</strong></span> <span class='ocrx_word' id='word_1_182' title='bbox 1931 1689 2192 1745; x_wconf 71' lang='lat' dir='ltr'><strong>peccave-</strong></span> 
     </span>
    </p>
   </div>
   <div class='ocr_carea' id='block_1_23' title="bbox 599 1762 2193 1837">
    <p class='ocr_par' dir='ltr' id='par_1_23' title="bbox 599 1762 2193 1837">
     <span class='ocr_line' id='line_1_23' title="bbox 599 1762 2193 1837; baseline 0.004 -23"><span class='ocrx_word' id='word_1_183' title='bbox 599 1762 696 1825; x_wconf 88' lang='lat' dir='ltr'><strong>rit,</strong></span> <span class='ocrx_word' id='word_1_184' title='bbox 729 1762 848 1832; x_wconf 91' lang='lat' dir='ltr'><strong>ipsa</strong></span> <span class='ocrx_word' id='word_1_185' title='bbox 868 1763 1133 1817; x_wconf 90' lang='lat' dir='ltr'><strong>morietur</strong></span> <span class='ocrx_word' id='word_1_186' title='bbox 1154 1765 1195 1815; x_wconf 84' lang='grc'>¹.</span> <span class='ocrx_word' id='word_1_187' title='bbox 1214 1762 1355 1825; x_wconf 83' lang='grc' dir='ltr'>Νοιι,</span> <span class='ocrx_word' id='word_1_188' title='bbox 1381 1766 1595 1834; x_wconf 87' lang='lat' dir='ltr'><strong>opinor,</strong></span> <span class='ocrx_word' id='word_1_189' title='bbox 1626 1767 1693 1821; x_wconf 88' lang='lat' dir='ltr'><strong>de</strong></span> <span class='ocrx_word' id='word_1_190' title='bbox 1714 1768 1893 1821; x_wconf 86' lang='lat' dir='ltr'><strong>anima</strong></span> <span class='ocrx_word' id='word_1_191' title='bbox 1916 1784 1943 1819; x_wconf 92' lang='lat' dir='ltr'><strong>a</strong></span> <span class='ocrx_word' id='word_1_192' title='bbox 1963 1782 2193 1837; x_wconf 85' lang='lat' dir='ltr'><strong>corpore</strong></span> 
     </span>
    </p>
   </div>
   <div class='ocr_carea' id='block_1_24' title="bbox 2370 1665 3830 1739">
    <p class='ocr_par' dir='ltr' id='par_1_24' title="bbox 2370 1665 3830 1739">
     <span class='ocr_line' id='line_1_24' title="bbox 2370 1665 3830 1739; baseline -0.001 -15"><span class='ocrx_word' id='word_1_193' title='bbox 2370 1669 2496 1725; x_wconf 81' lang='lat' dir='ltr'><strong>Oll&#39;.</strong></span> <span class='ocrx_word' id='word_1_194' title='bbox 2530 1665 2666 1724; x_wconf 73' lang='grc' dir='ltr'>Εἶτα</span> <span class='ocrx_word' id='word_1_195' title='bbox 2688 1666 3049 1737; x_wconf 76' lang='grc' dir='ltr'>πάλιν,Ψυχὴ</span> <span class='ocrx_word' id='word_1_196' title='bbox 3086 1668 3119 1737; x_wconf 71' lang='grc' dir='ltr'><strong>ἡ</strong></span> <span class='ocrx_word' id='word_1_197' title='bbox 3147 1666 3703 1739; x_wconf 80' lang='grc' dir='ltr'>ἀμαρτὰνουσα,αὖτη</span> <span class='ocrx_word' id='word_1_198' title='bbox 3732 1669 3830 1722; x_wconf 82' lang='grc' dir='ltr'>ἁπο-</span> 
     </span>
    </p>
   </div>
   <div class='ocr_carea' id='block_1_25' title="bbox 2300 1758 3832 1831">
    <p class='ocr_par' dir='ltr' id='par_1_25' title="bbox 2300 1758 3832 1831">
     <span class='ocr_line' id='line_1_25' title="bbox 2300 1758 3832 1831; baseline -0.001 -17"><span class='ocrx_word' id='word_1_199' title='bbox 2300 1762 2562 1825; x_wconf 81' lang='grc' dir='ltr'>θανεῖται,</span> <span class='ocrx_word' id='word_1_200' title='bbox 2593 1762 2693 1814; x_wconf 80' lang='grc' dir='ltr'>οὐκ</span> <span class='ocrx_word' id='word_1_201' title='bbox 2737 1760 2891 1824; x_wconf 73' lang='grc' dir='ltr'>ἐκτὸς</span> <span class='ocrx_word' id='word_1_202' title='bbox 2933 1758 3025 1811; x_wconf 88' lang='grc' dir='ltr'><strong>τοῦ</strong></span> <span class='ocrx_word' id='word_1_203' title='bbox 3054 1758 3832 1831; x_wconf 73' lang='grc' dir='ltr'>σώματος,ἀπεφήνατο.Ἦσαν</span> 
     </span>
    </p>
   </div>
   <div class='ocr_carea' id='block_1_26' title="bbox 602 1853 2189 1953">
    <p class='ocr_par' dir='ltr' id='par_1_26' title="bbox 602 1854 2189 1928">
     <span class='ocr_line' id='line_1_26' title="bbox 602 1854 2189 1928; baseline 0.002 -20"><span class='ocrx_word' id='word_1_204' title='bbox 602 1854 850 1923; x_wconf 84' lang='lat' dir='ltr'><strong>sejuncta</strong></span> <span class='ocrx_word' id='word_1_205' title='bbox 880 1854 1094 1909; x_wconf 89' lang='lat' dir='ltr'><strong>locutus</strong></span> <span class='ocrx_word' id='word_1_206' title='bbox 1129 1865 1231 1910; x_wconf 88' lang='lat' dir='ltr'><strong>cst.</strong></span> <span class='ocrx_word' id='word_1_207' title='bbox 1262 1854 1451 1921; x_wconf 83' lang='lat' dir='ltr'><strong>Erant,</strong></span> <span class='ocrx_word' id='word_1_208' title='bbox 1492 1859 1587 1918; x_wconf 82' lang='lat' dir='ltr'><strong>ait.</strong></span> <span class='ocrx_word' id='word_1_209' title='bbox 1618 1857 1671 1910; x_wconf 84' lang='lat' dir='ltr'><strong>in</strong></span> <span class='ocrx_word' id='word_1_210' title='bbox 1707 1860 1826 1912; x_wconf 80' lang='lat' dir='ltr'><strong>navi</strong></span> <span class='ocrx_word' id='word_1_211' title='bbox 1858 1861 2189 1928; x_wconf 83' lang='lat' dir='ltr'><strong>septuaginta</strong></span> 
     </span>
    </p>
   </div>
   <div class='ocr_carea' id='block_1_27' title="bbox 2297 1853 3828 1953">
    <p class='ocr_par' dir='ltr' id='par_1_27' title="bbox 2300 1853 3828 1931">
     <span class='ocr_line' id='line_1_27' title="bbox 2300 1853 3828 1931; baseline 0.001 -23"><span class='ocrx_word' id='word_1_212' title='bbox 2300 1856 2430 1926; x_wconf 77' lang='grc' dir='ltr'>γὰρ,</span> <span class='ocrx_word' id='word_1_213' title='bbox 2468 1855 2653 1925; x_wconf 68' lang='grc' dir='ltr'>φησὶν,</span> <span class='ocrx_word' id='word_1_214' title='bbox 2683 1854 2754 1907; x_wconf 78' lang='grc' dir='ltr'><strong>ἐν</strong></span> <span class='ocrx_word' id='word_1_215' title='bbox 2784 1853 2862 1919; x_wconf 81' lang='grc' dir='ltr'>τῷ</span> <span class='ocrx_word' id='word_1_216' title='bbox 2886 1854 3075 1919; x_wconf 69' lang='grc' dir='ltr'>πλοίῳ</span> <span class='ocrx_word' id='word_1_217' title='bbox 3104 1854 3184 1919; x_wconf 89' lang='grc' dir='ltr'>ὡς</span> <span class='ocrx_word' id='word_1_218' title='bbox 3210 1854 3622 1923; x_wconf 73' lang='grc' dir='ltr'>ἑϐδομήκοντα</span> <span class='ocrx_word' id='word_1_219' title='bbox 3651 1856 3828 1931; x_wconf 70' lang='grc' dir='ltr'>ψυχαί·</span> 
     </span>
    </p>
   </div>
   <div class='ocr_carea' id='block_1_28' title="bbox 602 1947 2191 2021">
    <p class='ocr_par' dir='ltr' id='par_1_28' title="bbox 602 1947 2191 2021">
     <span class='ocr_line' id='line_1_28' title="bbox 602 1947 2191 2021; baseline 0.005 -23"><span class='ocrx_word' id='word_1_220' title='bbox 602 1947 812 1999; x_wconf 73' lang='lat' dir='ltr'><strong>circiter</strong></span> <span class='ocrx_word' id='word_1_221' title='bbox 866 1947 1123 2003; x_wconf 76' lang='lat' dir='ltr'><strong>animw&#39;.</strong></span> <span class='ocrx_word' id='word_1_222' title='bbox 1182 1947 1289 2002; x_wconf 78' lang='lat' dir='ltr'><strong>Nec</strong></span> <span class='ocrx_word' id='word_1_223' title='bbox 1351 1950 1537 2018; x_wconf 89' lang='lat' dir='ltr'><strong>utique</strong></span> <span class='ocrx_word' id='word_1_224' title='bbox 1620 1952 1871 2021; x_wconf 88' lang='lat' dir='ltr'><strong>corporis</strong></span> <span class='ocrx_word' id='word_1_225' title='bbox 1940 1960 2191 2021; x_wconf 74' lang='lat' dir='ltr'><strong>expertes</strong></span> 
     </span>
    </p>
   </div>
   <div class='ocr_carea' id='block_1_29' title="bbox 602 2037 2193 2105">
    <p class='ocr_par' dir='ltr' id='par_1_29' title="bbox 602 2037 2193 2105">
     <span class='ocr_line' id='line_1_29' title="bbox 602 2037 2193 2105; baseline 0.003 -13"><span class='ocrx_word' id='word_1_226' title='bbox 602 2037 801 2092; x_wconf 61' lang='lat' dir='ltr'><strong>anima:</strong></span> <span class='ocrx_word' id='word_1_227' title='bbox 848 2037 1019 2096; x_wconf 79' lang='lat' dir='ltr'><strong>fuisse</strong></span> <span class='ocrx_word' id='word_1_228' title='bbox 1057 2041 1332 2105; x_wconf 89' lang='lat' dir='ltr'><strong>dicuntur,</strong></span> <span class='ocrx_word' id='word_1_229' title='bbox 1367 2042 1460 2095; x_wconf 90' lang='lat' dir='ltr'><strong>sed</strong></span> <span class='ocrx_word' id='word_1_230' title='bbox 1510 2044 1749 2096; x_wconf 88' lang='lat' dir='ltr'><strong>animata</strong></span> <span class='ocrx_word' id='word_1_231' title='bbox 1790 2043 2040 2098; x_wconf 82' lang='lat' dir='ltr'><strong>videlicet</strong></span> <span class='ocrx_word' id='word_1_232' title='bbox 2069 2060 2193 2097; x_wconf 88' lang='lat' dir='ltr'><strong>cor-</strong></span> 
     </span>
    </p>
   </div>
   <div class='ocr_carea' id='block_1_30' title="bbox 604 2131 2192 2206">
    <p class='ocr_par' dir='ltr' id='par_1_30' title="bbox 604 2131 2192 2206">
     <span class='ocr_line' id='line_1_30' title="bbox 604 2131 2192 2206; baseline 0.004 -23"><span class='ocrx_word' id='word_1_233' title='bbox 604 2145 756 2202; x_wconf 87' lang='lat' dir='ltr'><strong>pora.</strong></span> <span class='ocrx_word' id='word_1_234' title='bbox 795 2131 997 2186; x_wconf 85' lang='lat' dir='ltr'><strong>Eodem</strong></span> <span class='ocrx_word' id='word_1_235' title='bbox 1034 2140 1087 2187; x_wconf 89' lang='lat' dir='ltr'><strong>et</strong></span> <span class='ocrx_word' id='word_1_236' title='bbox 1130 2133 1263 2188; x_wconf 93' lang='lat' dir='ltr'><strong>illud</strong></span> <span class='ocrx_word' id='word_1_237' title='bbox 1298 2136 1555 2205; x_wconf 88' lang='lat' dir='ltr'><strong>pertinet,</strong></span> <span class='ocrx_word' id='word_1_238' title='bbox 1612 2136 1759 2206; x_wconf 92' lang='lat' dir='ltr'><strong>quod</strong></span> <span class='ocrx_word' id='word_1_239' title='bbox 1806 2137 2085 2190; x_wconf 89' lang='lat' dir='ltr'><strong>communi</strong></span> <span class='ocrx_word' id='word_1_240' title='bbox 2139 2144 2192 2192; x_wconf 88' lang='lat' dir='ltr'><strong>et</strong></span> 
     </span>
    </p>
   </div>
   <div class='ocr_carea' id='block_1_31' title="bbox 603 2224 2193 2300">
    <p class='ocr_par' dir='ltr' id='par_1_31' title="bbox 603 2224 2193 2300">
     <span class='ocr_line' id='line_1_31' title="bbox 603 2224 2193 2300; baseline 0.006 -25"><span class='ocrx_word' id='word_1_241' title='bbox 603 2224 806 2277; x_wconf 76' lang='lat' dir='ltr'><strong>usitata</strong></span> <span class='ocrx_word' id='word_1_242' title='bbox 861 2224 1120 2294; x_wconf 85' lang='lat' dir='ltr'><strong>loquendi</strong></span> <span class='ocrx_word' id='word_1_243' title='bbox 1173 2228 1385 2281; x_wconf 85' lang='lat' dir='ltr'><strong>ratione</strong></span> <span class='ocrx_word' id='word_1_244' title='bbox 1434 2228 1714 2283; x_wconf 90' lang='lat' dir='ltr'><strong>hominem</strong></span> <span class='ocrx_word' id='word_1_245' title='bbox 1754 2227 1921 2283; x_wconf 90' lang='lat' dir='ltr'><strong>unius</strong></span> <span class='ocrx_word' id='word_1_246' title='bbox 1952 2232 2193 2300; x_wconf 83' lang='lat' dir='ltr'><strong>appella-</strong></span> 
     </span>
    </p>
   </div>
   <div class='ocr_carea' id='block_1_32' title="bbox 602 2315 2192 2390">
    <p class='ocr_par' dir='ltr' id='par_1_32' title="bbox 602 2315 2192 2390">
     <span class='ocr_line' id='line_1_32' title="bbox 602 2315 2192 2390; baseline 0.006 -23"><span class='ocrx_word' id='word_1_247' title='bbox 602 2315 757 2370; x_wconf 88' lang='lat' dir='ltr'><strong>tione</strong></span> <span class='ocrx_word' id='word_1_248' title='bbox 791 2316 965 2385; x_wconf 88' lang='lat' dir='ltr'><strong>partis</strong></span> <span class='ocrx_word' id='word_1_249' title='bbox 996 2317 1277 2373; x_wconf 83' lang='lat' dir='ltr'><strong>declarare</strong></span> <span class='ocrx_word' id='word_1_250' title='bbox 1308 2319 1572 2386; x_wconf 89' lang='lat' dir='ltr'><strong>solemus,</strong></span> <span class='ocrx_word' id='word_1_251' title='bbox 1602 2328 1657 2373; x_wconf 93' lang='lat' dir='ltr'><strong>ut</strong></span> <span class='ocrx_word' id='word_1_252' title='bbox 1700 2329 1829 2390; x_wconf 88' lang='lat' dir='ltr'><strong>puta</strong></span> <span class='ocrx_word' id='word_1_253' title='bbox 1875 2337 1999 2376; x_wconf 91' lang='lat' dir='ltr'><strong>cum</strong></span> <span class='ocrx_word' id='word_1_254' title='bbox 2050 2322 2192 2377; x_wconf 88' lang='lat' dir='ltr'><strong>dici-</strong></span> 
     </span>
    </p>
   </div>
   <div class='ocr_carea' id='block_1_33' title="bbox 598 2406 2194 2481">
    <p class='ocr_par' dir='ltr' id='par_1_33' title="bbox 598 2406 2194 2481">
     <span class='ocr_line' id='line_1_33' title="bbox 598 2406 2194 2481; baseline 0.006 -23"><span class='ocrx_word' id='word_1_255' title='bbox 598 2420 762 2460; x_wconf 86' lang='lat' dir='ltr'><strong>mus:</strong></span> <span class='ocrx_word' id='word_1_256' title='bbox 792 2406 1057 2463; x_wconf 91' lang='lat' dir='ltr'><strong>Dominus</strong></span> <span class='ocrx_word' id='word_1_257' title='bbox 1087 2417 1172 2464; x_wconf 89' lang='lat' dir='ltr'><strong>est</strong></span> <span class='ocrx_word' id='word_1_258' title='bbox 1206 2411 1484 2481; x_wconf 81' lang='lat' dir='ltr'><strong>octoginta</strong></span> <span class='ocrx_word' id='word_1_259' title='bbox 1540 2426 1876 2481; x_wconf 87' lang='lat' dir='ltr'><strong>corporum;</strong></span> <span class='ocrx_word' id='word_1_260' title='bbox 1928 2430 2036 2467; x_wconf 90' lang='lat' dir='ltr'><strong>non</strong></span> <span class='ocrx_word' id='word_1_261' title='bbox 2085 2416 2194 2468; x_wconf 88' lang='lat' dir='ltr'><strong>uti-</strong></span> 
     </span>
    </p>
   </div>
   <div class='ocr_carea' id='block_1_34' title="bbox 601 2499 2193 2571">
    <p class='ocr_par' dir='ltr' id='par_1_34' title="bbox 601 2499 2193 2571">
     <span class='ocr_line' id='line_1_34' title="bbox 601 2499 2193 2571; baseline 0.007 -22"><span class='ocrx_word' id='word_1_262' title='bbox 601 2511 711 2567; x_wconf 88' lang='lat' dir='ltr'><strong>que</strong></span> <span class='ocrx_word' id='word_1_263' title='bbox 764 2499 1073 2553; x_wconf 81' lang='lat' dir='ltr'><strong>animarum</strong></span> <span class='ocrx_word' id='word_1_264' title='bbox 1115 2503 1447 2571; x_wconf 84' lang='lat' dir='ltr'><strong>expertium.</strong></span> <span class='ocrx_word' id='word_1_265' title='bbox 1489 2503 1762 2569; x_wconf 86' lang='lat' dir='ltr'><strong>Quocirca</strong></span> <span class='ocrx_word' id='word_1_266' title='bbox 1810 2504 2036 2559; x_wconf 77' lang='lat' dir='ltr'><strong>Verbum</strong></span> <span class='ocrx_word' id='word_1_267' title='bbox 2066 2522 2193 2560; x_wconf 88' lang='lat' dir='ltr'><strong>caro</strong></span> 
     </span>
    </p>
   </div>
   <div class='ocr_carea' id='block_1_35' title="bbox 603 2588 2195 2657">
    <p class='ocr_par' dir='ltr' id='par_1_35' title="bbox 603 2588 2195 2657">
     <span class='ocr_line' id='line_1_35' title="bbox 603 2588 2195 2657; baseline 0.007 -16"><span class='ocrx_word' id='word_1_268' title='bbox 603 2588 807 2657; x_wconf 78' lang='lat' dir='ltr'><strong>factum</strong></span> <span class='ocrx_word' id='word_1_269' title='bbox 838 2600 915 2645; x_wconf 86' lang='lat' dir='ltr'><strong>est</strong></span> <span class='ocrx_word' id='word_1_270' title='bbox 936 2592 981 2656; x_wconf 77' lang='grc'>⁸,</span> <span class='ocrx_word' id='word_1_271' title='bbox 1023 2608 1133 2646; x_wconf 88' lang='lat' dir='ltr'><strong>non</strong></span> <span class='ocrx_word' id='word_1_272' title='bbox 1180 2593 1320 2647; x_wconf 90' lang='lat' dir='ltr'><strong>citra</strong></span> <span class='ocrx_word' id='word_1_273' title='bbox 1362 2595 1601 2648; x_wconf 88' lang='lat' dir='ltr'><strong>animam</strong></span> <span class='ocrx_word' id='word_1_274' title='bbox 1636 2610 1700 2650; x_wconf 91' lang='lat' dir='ltr'><strong>ac</strong></span> <span class='ocrx_word' id='word_1_275' title='bbox 1734 2604 1909 2650; x_wconf 92' lang='lat' dir='ltr'><strong>totum</strong></span> <span class='ocrx_word' id='word_1_276' title='bbox 1941 2598 2073 2651; x_wconf 90' lang='lat' dir='ltr'><strong>illud</strong></span> <span class='ocrx_word' id='word_1_277' title='bbox 2108 2614 2195 2652; x_wconf 85' lang='lat' dir='ltr'><strong>ne-</strong></span> 
     </span>
    </p>
   </div>
   <div class='ocr_carea' id='block_1_36' title="bbox 603 2680 2194 2756">
    <p class='ocr_par' dir='ltr' id='par_1_36' title="bbox 603 2680 2194 2756">
     <span class='ocr_line' id='line_1_36' title="bbox 603 2680 2194 2756; baseline 0.006 -23"><span class='ocrx_word' id='word_1_278' title='bbox 603 2680 834 2750; x_wconf 87' lang='lat' dir='ltr'><strong>gotium.</strong></span> <span class='ocrx_word' id='word_1_279' title='bbox 863 2682 999 2736; x_wconf 78' lang='lat' dir='ltr'><strong>Nam</strong></span> <span class='ocrx_word' id='word_1_280' title='bbox 1030 2700 1153 2738; x_wconf 90' lang='lat' dir='ltr'><strong>cum</strong></span> <span class='ocrx_word' id='word_1_281' title='bbox 1182 2684 1317 2739; x_wconf 85' lang='lat' dir='ltr'><strong>dicit</strong></span> <span class='ocrx_word' id='word_1_282' title='bbox 1352 2689 1620 2751; x_wconf 89' lang='lat' dir='ltr'><strong>animam,</strong></span> <span class='ocrx_word' id='word_1_283' title='bbox 1659 2688 1780 2742; x_wconf 89' lang='lat' dir='ltr'><strong>sine</strong></span> <span class='ocrx_word' id='word_1_284' title='bbox 1812 2702 2043 2756; x_wconf 91' lang='lat' dir='ltr'><strong>corpore</strong></span> <span class='ocrx_word' id='word_1_285' title='bbox 2071 2702 2194 2744; x_wconf 89' lang='lat' dir='ltr'><strong>esse</strong></span> 
     </span>
    </p>
   </div>
   <div class='ocr_carea' id='block_1_37' title="bbox 603 2776 2195 2849">
    <p class='ocr_par' dir='ltr' id='par_1_37' title="bbox 603 2776 2195 2849">
     <span class='ocr_line' id='line_1_37' title="bbox 603 2776 2195 2849; baseline 0.005 -22"><span class='ocrx_word' id='word_1_286' title='bbox 603 2787 717 2828; x_wconf 83' lang='lat' dir='ltr'><strong>non</strong></span> <span class='ocrx_word' id='word_1_287' title='bbox 755 2776 1112 2845; x_wconf 85' lang='lat' dir='ltr'><strong>pronuntiat;</strong></span> <span class='ocrx_word' id='word_1_288' title='bbox 1164 2793 1343 2847; x_wconf 88' lang='lat' dir='ltr'><strong>neque</strong></span> <span class='ocrx_word' id='word_1_289' title='bbox 1373 2794 1496 2832; x_wconf 91' lang='lat' dir='ltr'><strong>cum</strong></span> <span class='ocrx_word' id='word_1_290' title='bbox 1527 2793 1761 2849; x_wconf 87' lang='lat' dir='ltr'><strong>corpora</strong></span> <span class='ocrx_word' id='word_1_291' title='bbox 1802 2780 2059 2849; x_wconf 90' lang='lat' dir='ltr'><strong>dicimus,</strong></span> <span class='ocrx_word' id='word_1_292' title='bbox 2101 2796 2195 2835; x_wconf 82' lang='lat' dir='ltr'><strong>ca-</strong></span> 
     </span>
    </p>
   </div>
   <div class='ocr_carea' id='block_1_38' title="bbox 606 2865 2195 2938">
    <p class='ocr_par' dir='ltr' id='par_1_38' title="bbox 606 2865 2195 2938">
     <span class='ocr_line' id='line_1_38' title="bbox 606 2865 2195 2938; baseline 0.003 -22"><span class='ocrx_word' id='word_1_293' title='bbox 606 2877 733 2919; x_wconf 84' lang='lat' dir='ltr'><strong>rere</strong></span> <span class='ocrx_word' id='word_1_294' title='bbox 765 2865 965 2920; x_wconf 83' lang='lat' dir='ltr'><strong>animis</strong></span> <span class='ocrx_word' id='word_1_295' title='bbox 1014 2865 1395 2937; x_wconf 86' lang='lat' dir='ltr'><strong>intelligimus.</strong></span> <span class='ocrx_word' id='word_1_296' title='bbox 1446 2865 1590 2931; x_wconf 84' lang='lat' dir='ltr'><strong>Quid</strong></span> <span class='ocrx_word' id='word_1_297' title='bbox 1636 2866 1803 2936; x_wconf 82' lang='lat' dir='ltr'><strong>igitur</strong></span> <span class='ocrx_word' id='word_1_298' title='bbox 1845 2867 1935 2923; x_wconf 90' lang='lat' dir='ltr'><strong>isti</strong></span> <span class='ocrx_word' id='word_1_299' title='bbox 1981 2869 2195 2938; x_wconf 87' lang='lat' dir='ltr'><strong>cogita-</strong></span> 
     </span>
    </p>
   </div>
   <div class='ocr_carea' id='block_1_39' title="bbox 605 2957 2196 3028">
    <p class='ocr_par' dir='ltr' id='par_1_39' title="bbox 605 2957 2196 3028">
     <span class='ocr_line' id='line_1_39' title="bbox 605 2957 2196 3028; baseline 0.001 -18"><span class='ocrx_word' id='word_1_300' title='bbox 605 2964 760 3022; x_wconf 84' lang='lat' dir='ltr'><strong>runt,</strong></span> <span class='ocrx_word' id='word_1_301' title='bbox 795 2957 890 3026; x_wconf 91' lang='lat' dir='ltr'><strong>qui</strong></span> <span class='ocrx_word' id='word_1_302' title='bbox 926 2967 1164 3013; x_wconf 84' lang='lat' dir='ltr'><strong>mentem</strong></span> <span class='ocrx_word' id='word_1_303' title='bbox 1200 2958 1270 3012; x_wconf 92' lang='lat' dir='ltr'><strong>ab</strong></span> <span class='ocrx_word' id='word_1_304' title='bbox 1305 2966 1563 3028; x_wconf 87' lang='lat' dir='ltr'><strong>suscepta</strong></span> <span class='ocrx_word' id='word_1_305' title='bbox 1594 2957 1839 3013; x_wconf 85' lang='lat' dir='ltr'><strong>hominis</strong></span> <span class='ocrx_word' id='word_1_306' title='bbox 1868 2967 2066 3013; x_wconf 88' lang='lat' dir='ltr'><strong>natura</strong></span> <span class='ocrx_word' id='word_1_307' title='bbox 2109 2974 2196 3012; x_wconf 84' lang='lat' dir='ltr'><strong>re-</strong></span> 
     </span>
    </p>
   </div>
   <div class='ocr_carea' id='block_1_40' title="bbox 601 3047 2193 3121">
    <p class='ocr_par' dir='ltr' id='par_1_40' title="bbox 601 3047 2193 3121">
     <span class='ocr_line' id='line_1_40' title="bbox 601 3047 2193 3121; baseline 0.001 -19"><span class='ocrx_word' id='word_1_308' title='bbox 601 3047 776 3117; x_wconf 88' lang='lat' dir='ltr'><strong>jicere</strong></span> <span class='ocrx_word' id='word_1_309' title='bbox 828 3050 1158 3103; x_wconf 83' lang='lat' dir='ltr'><strong>voluerunt?</strong></span> <span class='ocrx_word' id='word_1_310' title='bbox 1215 3058 1308 3103; x_wconf 91' lang='lat' dir='ltr'><strong>aut</strong></span> <span class='ocrx_word' id='word_1_311' title='bbox 1363 3050 1498 3121; x_wconf 90' lang='lat' dir='ltr'><strong>quid</strong></span> <span class='ocrx_word' id='word_1_312' title='bbox 1557 3063 1621 3103; x_wconf 89' lang='lat' dir='ltr'><strong>ea</strong></span> <span class='ocrx_word' id='word_1_313' title='bbox 1675 3065 1763 3106; x_wconf 91' lang='lat' dir='ltr'><strong>res</strong></span> <span class='ocrx_word' id='word_1_314' title='bbox 1809 3050 2084 3104; x_wconf 85' lang='lat' dir='ltr'><strong>commodi</strong></span> <span class='ocrx_word' id='word_1_315' title='bbox 2138 3050 2193 3103; x_wconf 88' lang='lat' dir='ltr'><strong>in</strong></span> 
     </span>
    </p>
   </div>
   <div class='ocr_carea' id='block_1_41' title="bbox 607 3136 2195 3210">
    <p class='ocr_par' dir='ltr' id='par_1_41' title="bbox 607 3136 2195 3210">
     <span class='ocr_line' id='line_1_41' title="bbox 607 3136 2195 3210; baseline 0.001 -21"><span class='ocrx_word' id='word_1_316' title='bbox 607 3136 911 3193; x_wconf 81' lang='lat' dir='ltr'><strong>Ecclesiam</strong></span> <span class='ocrx_word' id='word_1_317' title='bbox 960 3138 1233 3192; x_wconf 81' lang='lat' dir='ltr'><strong>contulit?</strong></span> <span class='ocrx_word' id='word_1_318' title='bbox 1277 3136 1394 3192; x_wconf 89' lang='lat' dir='ltr'><strong>Imo</strong></span> <span class='ocrx_word' id='word_1_319' title='bbox 1430 3155 1560 3195; x_wconf 86' lang='lat' dir='ltr'><strong>vero</strong></span> <span class='ocrx_word' id='word_1_320' title='bbox 1603 3139 1735 3210; x_wconf 90' lang='lat' dir='ltr'><strong>quid</strong></span> <span class='ocrx_word' id='word_1_321' title='bbox 1768 3153 1879 3193; x_wconf 87' lang='lat' dir='ltr'><strong>non</strong></span> <span class='ocrx_word' id='word_1_322' title='bbox 1924 3138 2195 3193; x_wconf 86' lang='lat' dir='ltr'><strong>tumultus</strong></span> 
     </span>
    </p>
   </div>
   <div class='ocr_carea' id='block_1_42' title="bbox 602 3226 2195 3302">
    <p class='ocr_par' dir='ltr' id='par_1_42' title="bbox 602 3226 2195 3302">
     <span class='ocr_line' id='line_1_42' title="bbox 602 3226 2195 3302; baseline 0.002 -20"><span class='ocrx_word' id='word_1_323' title='bbox 602 3226 1117 3301; x_wconf 88' lang='lat' dir='ltr'><strong>discordiarumque</strong></span> <span class='ocrx_word' id='word_1_324' title='bbox 1160 3231 1467 3287; x_wconf 78' lang='lat' dir='ltr'><strong>conscivit?</strong></span> <span class='ocrx_word' id='word_1_325' title='bbox 1503 3230 1695 3287; x_wconf 84' lang='lat' dir='ltr'><strong>Nonne</strong></span> <span class='ocrx_word' id='word_1_326' title='bbox 1724 3232 1815 3302; x_wconf 91' lang='lat' dir='ltr'><strong>qui</strong></span> <span class='ocrx_word' id='word_1_327' title='bbox 1858 3230 1973 3285; x_wconf 73' lang='lat' dir='ltr'><strong>haec</strong></span> <span class='ocrx_word' id='word_1_328' title='bbox 2010 3230 2195 3285; x_wconf 90' lang='lat' dir='ltr'><strong>animo</strong></span> 
     </span>
    </p>
   </div>
   <div class='ocr_carea' id='block_1_43' title="bbox 602 3323 2191 3388">
    <p class='ocr_par' dir='ltr' id='par_1_43' title="bbox 602 3323 2191 3388">
     <span class='ocr_line' id='line_1_43' title="bbox 602 3323 2191 3388; baseline 0.001 -13"><span class='ocrx_word' id='word_1_329' title='bbox 602 3323 866 3388; x_wconf 85' lang='lat' dir='ltr'><strong>concipit,</strong></span> <span class='ocrx_word' id='word_1_330' title='bbox 918 3338 1174 3377; x_wconf 89' lang='lat' dir='ltr'><strong>mancam</strong></span> <span class='ocrx_word' id='word_1_331' title='bbox 1211 3332 1265 3379; x_wconf 89' lang='lat' dir='ltr'><strong>et</strong></span> <span class='ocrx_word' id='word_1_332' title='bbox 1296 3324 1610 3378; x_wconf 90' lang='lat' dir='ltr'><strong>inchoatam</strong></span> <span class='ocrx_word' id='word_1_333' title='bbox 1643 3324 1914 3379; x_wconf 78' lang='lat' dir='ltr'><strong>duntaxat</strong></span> <span class='ocrx_word' id='word_1_334' title='bbox 1957 3323 2191 3379; x_wconf 87' lang='lat' dir='ltr'><strong>salutem</strong></span> 
     </span>
    </p>
   </div>
   <div class='ocr_carea' id='block_1_44' title="bbox 603 3416 2191 3484">
    <p class='ocr_par' dir='ltr' id='par_1_44' title="bbox 603 3416 2191 3484">
     <span class='ocr_line' id='line_1_44' title="bbox 603 3416 2191 3484; baseline 0.002 -15"><span class='ocrx_word' id='word_1_335' title='bbox 603 3423 848 3469; x_wconf 85' lang='lat' dir='ltr'><strong>nostram</strong></span> <span class='ocrx_word' id='word_1_336' title='bbox 874 3430 997 3470; x_wconf 87' lang='lat' dir='ltr'><strong>esse</strong></span> <span class='ocrx_word' id='word_1_337' title='bbox 1024 3416 1350 3470; x_wconf 80' lang='lat' dir='ltr'><strong>constituit?</strong></span> <span class='ocrx_word' id='word_1_338' title='bbox 1378 3416 1537 3482; x_wconf 86' lang='lat' dir='ltr'><strong>Quod</strong></span> <span class='ocrx_word' id='word_1_339' title='bbox 1566 3418 1715 3471; x_wconf 87' lang='lat' dir='ltr'><strong>enim</strong></span> <span class='ocrx_word' id='word_1_340' title='bbox 1746 3418 1814 3471; x_wconf 87' lang='lat' dir='ltr'><strong>ad</strong></span> <span class='ocrx_word' id='word_1_341' title='bbox 1843 3430 1946 3471; x_wconf 89' lang='lat' dir='ltr'><strong>nos</strong></span> <span class='ocrx_word' id='word_1_342' title='bbox 1978 3417 2191 3484; x_wconf 88' lang='lat' dir='ltr'><strong>attinet,</strong></span> 
     </span>
    </p>
   </div>
   <div class='ocr_carea' id='block_1_45' title="bbox 603 3505 2194 3577">
    <p class='ocr_par' dir='ltr' id='par_1_45' title="bbox 603 3505 2194 3577">
     <span class='ocr_line' id='line_1_45' title="bbox 603 3505 2194 3577; baseline 0.003 -17"><span class='ocrx_word' id='word_1_343' title='bbox 603 3516 841 3560; x_wconf 89' lang='lat' dir='ltr'><strong>mentem</strong></span> <span class='ocrx_word' id='word_1_344' title='bbox 864 3505 1014 3560; x_wconf 92' lang='lat' dir='ltr'><strong>aliud</strong></span> <span class='ocrx_word' id='word_1_345' title='bbox 1044 3506 1305 3577; x_wconf 89' lang='lat' dir='ltr'><strong>quiddam</strong></span> <span class='ocrx_word' id='word_1_346' title='bbox 1330 3522 1394 3561; x_wconf 89' lang='lat' dir='ltr'><strong>ac</strong></span> <span class='ocrx_word' id='word_1_347' title='bbox 1422 3507 1701 3564; x_wconf 82' lang='lat' dir='ltr'><strong>diversum</strong></span> <span class='ocrx_word' id='word_1_348' title='bbox 1732 3510 2053 3565; x_wconf 88' lang='lat' dir='ltr'><strong>existimare</strong></span> <span class='ocrx_word' id='word_1_349' title='bbox 2085 3526 2194 3565; x_wconf 88' lang='lat' dir='ltr'><strong>non</strong></span> 
     </span>
    </p>
   </div>
   <div class='ocr_carea' id='block_1_46' title="bbox 603 3598 2193 3671">
    <p class='ocr_par' dir='ltr' id='par_1_46' title="bbox 603 3598 2193 3671">
     <span class='ocr_line' id='line_1_46' title="bbox 603 3598 2193 3671; baseline 0.004 -22"><span class='ocrx_word' id='word_1_350' title='bbox 603 3612 927 3667; x_wconf 81' lang='lat' dir='ltr'><strong>possumus,</strong></span> <span class='ocrx_word' id='word_1_351' title='bbox 972 3612 1150 3667; x_wconf 84' lang='lat' dir='ltr'><strong>neque</strong></span> <span class='ocrx_word' id='word_1_352' title='bbox 1193 3598 1586 3655; x_wconf 85' lang='lat' dir='ltr'><strong>subsistentem</strong></span> <span class='ocrx_word' id='word_1_353' title='bbox 1622 3614 1721 3671; x_wconf 88' lang='lat' dir='ltr'><strong>per</strong></span> <span class='ocrx_word' id='word_1_354' title='bbox 1752 3615 1872 3655; x_wconf 90' lang='lat' dir='ltr'><strong>sese</strong></span> <span class='ocrx_word' id='word_1_355' title='bbox 1901 3616 2193 3670; x_wconf 89' lang='lat' dir='ltr'><strong>personam</strong></span> 
     </span>
    </p>
   </div>
   <div class='ocr_carea' id='block_1_47' title="bbox 603 3688 2193 3763">
    <p class='ocr_par' dir='ltr' id='par_1_47' title="bbox 603 3688 2193 3763">
     <span class='ocr_line' id='line_1_47' title="bbox 603 3688 2193 3763; baseline 0.003 -22"><span class='ocrx_word' id='word_1_356' title='bbox 603 3702 875 3753; x_wconf 88' lang='lat' dir='ltr'><strong>asserere,</strong></span> <span class='ocrx_word' id='word_1_357' title='bbox 904 3688 999 3743; x_wconf 87' lang='lat' dir='ltr'><strong>sed</strong></span> <span class='ocrx_word' id='word_1_358' title='bbox 1036 3688 1167 3743; x_wconf 92' lang='lat' dir='ltr'><strong>illud</strong></span> <span class='ocrx_word' id='word_1_359' title='bbox 1206 3690 1385 3743; x_wconf 90' lang='lat' dir='ltr'><strong>solum</strong></span> <span class='ocrx_word' id='word_1_360' title='bbox 1419 3690 1568 3763; x_wconf 87' lang='lat' dir='ltr'><strong>quod</strong></span> <span class='ocrx_word' id='word_1_361' title='bbox 1605 3691 1972 3760; x_wconf 89' lang='lat' dir='ltr'><strong>compositum</strong></span> <span class='ocrx_word' id='word_1_362' title='bbox 2003 3698 2109 3757; x_wconf 90' lang='lat' dir='ltr'><strong>est,</strong></span> <span class='ocrx_word' id='word_1_363' title='bbox 2139 3699 2193 3746; x_wconf 90' lang='lat' dir='ltr'><strong>et</strong></span> 
     </span>
    </p>
   </div>
   <div class='ocr_carea' id='block_1_48' title="bbox 602 3780 2193 3853">
    <p class='ocr_par' dir='ltr' id='par_1_48' title="bbox 602 3780 2193 3853">
     <span class='ocr_line' id='line_1_48' title="bbox 602 3780 2193 3853; baseline 0.003 -20"><span class='ocrx_word' id='word_1_364' title='bbox 602 3781 839 3835; x_wconf 86' lang='lat' dir='ltr'><strong>rationis</strong></span> <span class='ocrx_word' id='word_1_365' title='bbox 890 3781 1186 3851; x_wconf 90' lang='lat' dir='ltr'><strong>particeps,</strong></span> <span class='ocrx_word' id='word_1_366' title='bbox 1242 3788 1295 3835; x_wconf 88' lang='lat' dir='ltr'><strong>et</strong></span> <span class='ocrx_word' id='word_1_367' title='bbox 1352 3781 1406 3836; x_wconf 89' lang='lat' dir='ltr'><strong>in</strong></span> <span class='ocrx_word' id='word_1_368' title='bbox 1456 3780 1568 3852; x_wconf 65' lang='grc'><strong>84</strong></span> <span class='ocrx_word' id='word_1_369' title='bbox 1626 3796 1955 3853; x_wconf 91' lang='lat' dir='ltr'><strong>unoquoque</strong></span> <span class='ocrx_word' id='word_1_370' title='bbox 2003 3798 2193 3837; x_wconf 88' lang='lat' dir='ltr'><strong>eorum</strong></span> 
     </span>
    </p>
   </div>
   <div class='ocr_carea' id='block_1_49' title="bbox 601 3872 2194 3945">
    <p class='ocr_par' dir='ltr' id='par_1_49' title="bbox 601 3872 2194 3945">
     <span class='ocr_line' id='line_1_49' title="bbox 601 3872 2194 3945; baseline 0.001 -18"><span class='ocrx_word' id='word_1_371' title='bbox 601 3872 766 3927; x_wconf 87' lang='lat' dir='ltr'><strong>etiam</strong></span> <span class='ocrx_word' id='word_1_372' title='bbox 796 3873 888 3942; x_wconf 90' lang='lat' dir='ltr'><strong>qui</strong></span> <span class='ocrx_word' id='word_1_373' title='bbox 924 3886 1113 3926; x_wconf 90' lang='lat' dir='ltr'><strong>errore</strong></span> <span class='ocrx_word' id='word_1_374' title='bbox 1141 3873 1439 3938; x_wconf 90' lang='lat' dir='ltr'><strong>ducuntur,</strong></span> <span class='ocrx_word' id='word_1_375' title='bbox 1494 3873 1762 3944; x_wconf 88' lang='lat' dir='ltr'><strong>sapientia</strong></span> <span class='ocrx_word' id='word_1_376' title='bbox 1811 3874 2194 3945; x_wconf 90' lang='lat' dir='ltr'><strong>intelligentia-</strong></span> 
     </span>
    </p>
   </div>
   <div class='ocr_carea' id='block_1_50' title="bbox 603 3965 2195 4036">
    <p class='ocr_par' dir='ltr' id='par_1_50' title="bbox 603 3965 2195 4036">
     <span class='ocr_line' id='line_1_50' title="bbox 603 3965 2195 4036; baseline 0.003 -19"><span class='ocrx_word' id='word_1_377' title='bbox 603 3978 710 4032; x_wconf 90' lang='lat' dir='ltr'><strong>que</strong></span> <span class='ocrx_word' id='word_1_378' title='bbox 758 3965 1066 4034; x_wconf 64' lang='lat' dir='ltr'><strong>praeditum.</strong></span> <span class='ocrx_word' id='word_1_379' title='bbox 1118 3967 1295 4035; x_wconf 84' lang='lat' dir='ltr'><strong>Atque</strong></span> <span class='ocrx_word' id='word_1_380' title='bbox 1347 3973 1405 4019; x_wconf 93' lang='lat' dir='ltr'><strong>ut</strong></span> <span class='ocrx_word' id='word_1_381' title='bbox 1456 3966 1663 4036; x_wconf 90' lang='lat' dir='ltr'><strong>aliquid</strong></span> <span class='ocrx_word' id='word_1_382' title='bbox 1712 3966 1931 4022; x_wconf 73' lang='lat' dir='ltr'><strong>aderam</strong></span> <span class='ocrx_word' id='word_1_383' title='bbox 1970 3984 2037 4021; x_wconf 84' lang='lat' dir='ltr'><strong>ex</strong></span> <span class='ocrx_word' id='word_1_384' title='bbox 2093 3968 2195 4021; x_wconf 92' lang='lat' dir='ltr'><strong>hu-</strong></span> 
     </span>
    </p>
   </div>
   <div class='ocr_carea' id='block_1_51' title="bbox 603 4057 2189 4130">
    <p class='ocr_par' dir='ltr' id='par_1_51' title="bbox 603 4057 2189 4130">
     <span class='ocr_line' id='line_1_51' title="bbox 603 4057 2189 4130; baseline 0.003 -22"><span class='ocrx_word' id='word_1_385' title='bbox 603 4070 761 4109; x_wconf 88' lang='lat' dir='ltr'><strong>mana</strong></span> <span class='ocrx_word' id='word_1_386' title='bbox 831 4057 1167 4126; x_wconf 87' lang='lat' dir='ltr'><strong>cogitatione</strong></span> <span class='ocrx_word' id='word_1_387' title='bbox 1226 4058 1613 4130; x_wconf 88' lang='lat' dir='ltr'><strong>depromptum</strong></span> <span class='ocrx_word' id='word_1_388' title='bbox 1659 4076 1672 4113; x_wconf 90' lang='lat'><strong>:</strong></span> <span class='ocrx_word' id='word_1_389' title='bbox 1725 4059 2189 4130; x_wconf 89' lang='lat' dir='ltr'><strong>quemadmodum</strong></span> 
     </span>
    </p>
   </div>
   <div class='ocr_carea' id='block_1_52' title="bbox 602 4146 2191 4222">
    <p class='ocr_par' dir='ltr' id='par_1_52' title="bbox 602 4146 2191 4222">
     <span class='ocr_line' id='line_1_52' title="bbox 602 4146 2191 4222; baseline 0.004 -23"><span class='ocrx_word' id='word_1_390' title='bbox 602 4147 748 4200; x_wconf 91' lang='lat' dir='ltr'><strong>oculi</strong></span> <span class='ocrx_word' id='word_1_391' title='bbox 784 4146 837 4201; x_wconf 94' lang='lat' dir='ltr'><strong>in</strong></span> <span class='ocrx_word' id='word_1_392' title='bbox 867 4163 1095 4219; x_wconf 90' lang='lat' dir='ltr'><strong>corpore</strong></span> <span class='ocrx_word' id='word_1_393' title='bbox 1124 4158 1272 4213; x_wconf 89' lang='lat' dir='ltr'><strong>sunt,</strong></span> <span class='ocrx_word' id='word_1_394' title='bbox 1303 4151 1376 4204; x_wconf 90' lang='lat' dir='ltr'><strong>ita</strong></span> <span class='ocrx_word' id='word_1_395' title='bbox 1400 4166 1552 4206; x_wconf 89' lang='lat' dir='ltr'><strong>mens</strong></span> <span class='ocrx_word' id='word_1_396' title='bbox 1572 4151 1626 4205; x_wconf 92' lang='lat' dir='ltr'><strong>in</strong></span> <span class='ocrx_word' id='word_1_397' title='bbox 1654 4153 1857 4216; x_wconf 89' lang='lat' dir='ltr'><strong>anima,</strong></span> <span class='ocrx_word' id='word_1_398' title='bbox 1877 4168 2191 4222; x_wconf 89' lang='lat' dir='ltr'><strong>quanquam</strong></span> 
     </span>
    </p>
   </div>
   <div class='ocr_carea' id='block_1_53' title="bbox 600 4239 2191 4312">
    <p class='ocr_par' dir='ltr' id='par_1_53' title="bbox 600 4239 2191 4312">
     <span class='ocr_line' id='line_1_53' title="bbox 600 4239 2191 4312; baseline 0.003 -17"><span class='ocrx_word' id='word_1_399' title='bbox 600 4256 670 4295; x_wconf 89' lang='lat' dir='ltr'><strong>ne</strong></span> <span class='ocrx_word' id='word_1_400' title='bbox 704 4239 852 4294; x_wconf 89' lang='lat' dir='ltr'><strong>istud</strong></span> <span class='ocrx_word' id='word_1_401' title='bbox 901 4240 1120 4311; x_wconf 79' lang='lat' dir='ltr'><strong>quidem</strong></span> <span class='ocrx_word' id='word_1_402' title='bbox 1158 4243 1506 4297; x_wconf 86' lang='lat' dir='ltr'><strong>contentiose</strong></span> <span class='ocrx_word' id='word_1_403' title='bbox 1542 4258 1607 4295; x_wconf 83' lang='lat' dir='ltr'><strong>ac</strong></span> <span class='ocrx_word' id='word_1_404' title='bbox 1642 4244 1995 4312; x_wconf 88' lang='lat' dir='ltr'><strong>pertinaciter</strong></span> <span class='ocrx_word' id='word_1_405' title='bbox 2027 4261 2191 4300; x_wconf 89' lang='lat' dir='ltr'><strong>usur-</strong></span> 
     </span>
    </p>
   </div>
   <div class='ocr_carea' id='block_1_54' title="bbox 598 4332 2192 4402">
    <p class='ocr_par' dir='ltr' id='par_1_54' title="bbox 598 4332 2192 4402">
     <span class='ocr_line' id='line_1_54' title="bbox 598 4332 2192 4402; baseline 0.003 -20"><span class='ocrx_word' id='word_1_406' title='bbox 598 4346 824 4401; x_wconf 89' lang='lat' dir='ltr'><strong>pamus;</strong></span> <span class='ocrx_word' id='word_1_407' title='bbox 876 4332 971 4387; x_wconf 91' lang='lat' dir='ltr'><strong>sed</strong></span> <span class='ocrx_word' id='word_1_408' title='bbox 1030 4333 1358 4402; x_wconf 78' lang='lat' dir='ltr'><strong>simpliciter</strong></span> <span class='ocrx_word' id='word_1_409' title='bbox 1392 4349 1517 4387; x_wconf 88' lang='lat' dir='ltr'><strong>esse</strong></span> <span class='ocrx_word' id='word_1_410' title='bbox 1558 4341 1792 4387; x_wconf 88' lang='lat' dir='ltr'><strong>mentem</strong></span> <span class='ocrx_word' id='word_1_411' title='bbox 1832 4334 2069 4389; x_wconf 88' lang='lat' dir='ltr'><strong>dicimus</strong></span> <span class='ocrx_word' id='word_1_412' title='bbox 2110 4336 2192 4389; x_wconf 90' lang='lat' dir='ltr'><strong>in-</strong></span> 
     </span>
    </p>
   </div>
   <div class='ocr_carea' id='block_1_55' title="bbox 601 4420 2191 4493">
    <p class='ocr_par' dir='ltr' id='par_1_55' title="bbox 601 4420 2191 4493">
     <span class='ocr_line' id='line_1_55' title="bbox 601 4420 2191 4493; baseline 0.004 -21"><span class='ocrx_word' id='word_1_413' title='bbox 601 4420 881 4487; x_wconf 85' lang='lat' dir='ltr'><strong>telligendi</strong></span> <span class='ocrx_word' id='word_1_414' title='bbox 918 4422 972 4472; x_wconf 93' lang='lat' dir='ltr'><strong>in</strong></span> <span class='ocrx_word' id='word_1_415' title='bbox 1006 4421 1227 4476; x_wconf 88' lang='lat' dir='ltr'><strong>homine</strong></span> <span class='ocrx_word' id='word_1_416' title='bbox 1268 4422 1605 4476; x_wconf 77' lang='lat' dir='ltr'><strong>facultatem.</strong></span> <span class='ocrx_word' id='word_1_417' title='bbox 1650 4422 1790 4487; x_wconf 88' lang='lat' dir='ltr'><strong>Quid</strong></span> <span class='ocrx_word' id='word_1_418' title='bbox 1833 4424 1998 4493; x_wconf 85' lang='lat' dir='ltr'><strong>igitur</strong></span> <span class='ocrx_word' id='word_1_419' title='bbox 2028 4425 2191 4478; x_wconf 91' lang='lat' dir='ltr'><strong>homo</strong></span> 
     </span>
    </p>
   </div>
   <div class='ocr_carea' id='block_1_56' title="bbox 599 4510 2189 4583">
    <p class='ocr_par' dir='ltr' id='par_1_56' title="bbox 599 4510 2189 4583">
     <span class='ocr_line' id='line_1_56' title="bbox 599 4510 2189 4583; baseline 0.004 -21"><span class='ocrx_word' id='word_1_420' title='bbox 599 4510 822 4564; x_wconf 84' lang='lat' dir='ltr'><strong>tandem</strong></span> <span class='ocrx_word' id='word_1_421' title='bbox 848 4513 974 4565; x_wconf 90' lang='lat' dir='ltr'><strong>est?</strong></span> <span class='ocrx_word' id='word_1_422' title='bbox 1001 4511 1217 4574; x_wconf 84' lang='lat' dir='ltr'><strong>Anima,</strong></span> <span class='ocrx_word' id='word_1_423' title='bbox 1253 4527 1476 4580; x_wconf 89' lang='lat' dir='ltr'><strong>corpus,</strong></span> <span class='ocrx_word' id='word_1_424' title='bbox 1502 4528 1679 4575; x_wconf 87' lang='lat' dir='ltr'><strong>mens,</strong></span> <span class='ocrx_word' id='word_1_425' title='bbox 1716 4522 1769 4568; x_wconf 91' lang='lat' dir='ltr'><strong>et</strong></span> <span class='ocrx_word' id='word_1_426' title='bbox 1802 4514 1848 4569; x_wconf 87' lang='lat' dir='ltr'><strong>si</strong></span> <span class='ocrx_word' id='word_1_427' title='bbox 1880 4513 2010 4583; x_wconf 90' lang='lat' dir='ltr'><strong>quid</strong></span> <span class='ocrx_word' id='word_1_428' title='bbox 2042 4514 2189 4569; x_wconf 87' lang='lat' dir='ltr'><strong>aliud</strong></span> 
     </span>
    </p>
   </div>
   <div class='ocr_carea' id='block_1_57' title="bbox 2298 1942 3831 2017">
    <p class='ocr_par' dir='ltr' id='par_1_57' title="bbox 2298 1942 3831 2017">
     <span class='ocr_line' id='line_1_57' title="bbox 2298 1942 3831 2017; baseline -0.001 -16"><span class='ocrx_word' id='word_1_429' title='bbox 2298 1949 2392 2001; x_wconf 79' lang='grc' dir='ltr'><strong>καὶ</strong></span> <span class='ocrx_word' id='word_1_430' title='bbox 2420 1947 2481 1999; x_wconf 80' lang='grc' dir='ltr'><strong>οὐ</strong></span> <span class='ocrx_word' id='word_1_431' title='bbox 2510 1948 2728 2011; x_wconf 78' lang='grc' dir='ltr'>πάντως</span> <span class='ocrx_word' id='word_1_432' title='bbox 2756 1946 2927 2017; x_wconf 70' lang='grc' dir='ltr'>ψυχαὶ</span> <span class='ocrx_word' id='word_1_433' title='bbox 2962 1942 3101 2017; x_wconf 72' lang='grc' dir='ltr'>ἦσαν</span> <span class='ocrx_word' id='word_1_434' title='bbox 3136 1945 3267 1998; x_wconf 72' lang='grc' dir='ltr'>ἄνευ</span> <span class='ocrx_word' id='word_1_435' title='bbox 3307 1947 3586 2016; x_wconf 81' lang='grc' dir='ltr'>σώματος.</span> <span class='ocrx_word' id='word_1_436' title='bbox 3616 1946 3737 2001; x_wconf 73' lang='grc' dir='ltr'>ἀλλὰ</span> <span class='ocrx_word' id='word_1_437' title='bbox 3760 1947 3831 1999; x_wconf 79' lang='grc' dir='ltr'><strong>σώ-</strong></span> 
     </span>
    </p>
   </div>
   <div class='ocr_carea' id='block_1_58' title="bbox 2298 2036 3831 2109">
    <p class='ocr_par' dir='ltr' id='par_1_58' title="bbox 2298 2036 3831 2109">
     <span class='ocr_line' id='line_1_58' title="bbox 2298 2036 3831 2109; baseline -0.003 -17"><span class='ocrx_word' id='word_1_438' title='bbox 2298 2056 2444 2107; x_wconf 85' lang='grc' dir='ltr'>ματα</span> <span class='ocrx_word' id='word_1_439' title='bbox 2478 2040 2575 2092; x_wconf 76' lang='grc' dir='ltr'><strong>σὺν</strong></span> <span class='ocrx_word' id='word_1_440' title='bbox 2618 2039 2840 2109; x_wconf 70' lang='grc' dir='ltr'>ψυχαῖς.</span> <span class='ocrx_word' id='word_1_441' title='bbox 2872 2038 2983 2091; x_wconf 74' lang='grc' dir='ltr'>Καὶ</span> <span class='ocrx_word' id='word_1_442' title='bbox 3032 2036 3195 2089; x_wconf 82' lang='grc' dir='ltr'>πάλιν</span> <span class='ocrx_word' id='word_1_443' title='bbox 3248 2037 3443 2090; x_wconf 80' lang='grc' dir='ltr'>είωῦεν</span> <span class='ocrx_word' id='word_1_444' title='bbox 3469 2040 3502 2107; x_wconf 80' lang='grc' dir='ltr'>ἡ</span> <span class='ocrx_word' id='word_1_445' title='bbox 3534 2037 3831 2109; x_wconf 55' lang='grc' dir='ltr'>ἀνθρωπὸττς</span> 
     </span>
    </p>
   </div>
   <div class='ocr_carea' id='block_1_59' title="bbox 2295 2128 3831 2203">
    <p class='ocr_par' dir='ltr' id='par_1_59' title="bbox 2295 2128 3831 2203">
     <span class='ocr_line' id='line_1_59' title="bbox 2295 2128 3831 2203; baseline -0.003 -19"><span class='ocrx_word' id='word_1_446' title='bbox 2295 2131 2480 2184; x_wconf 79' lang='grc' dir='ltr'>καλεῖν</span> <span class='ocrx_word' id='word_1_447' title='bbox 2527 2131 2616 2183; x_wconf 76' lang='grc' dir='ltr'><strong>τὸν</strong></span> <span class='ocrx_word' id='word_1_448' title='bbox 2674 2129 2962 2201; x_wconf 77' lang='grc' dir='ltr'>ἄνθρωπον</span> <span class='ocrx_word' id='word_1_449' title='bbox 3014 2129 3123 2182; x_wconf 75' lang='grc' dir='ltr'>ἀπὸ</span> <span class='ocrx_word' id='word_1_450' title='bbox 3164 2128 3260 2181; x_wconf 90' lang='grc' dir='ltr'><strong>τοῦ</strong></span> <span class='ocrx_word' id='word_1_451' title='bbox 3307 2129 3427 2191; x_wconf 83' lang='grc' dir='ltr'>ὲνδς</span> <span class='ocrx_word' id='word_1_452' title='bbox 3467 2129 3739 2203; x_wconf 76' lang='grc' dir='ltr'>ὀνόματος·</span> <span class='ocrx_word' id='word_1_453' title='bbox 3775 2132 3831 2181; x_wconf 73' lang='grc' dir='ltr'>ὅτι</span> 
     </span>
    </p>
   </div>
   <div class='ocr_carea' id='block_1_60' title="bbox 2296 2220 3833 2295">
    <p class='ocr_par' dir='ltr' id='par_1_60' title="bbox 2296 2220 3833 2295">
     <span class='ocr_line' id='line_1_60' title="bbox 2296 2220 3833 2295; baseline -0.001 -21"><span class='ocrx_word' id='word_1_454' title='bbox 2296 2223 2575 2295; x_wconf 78' lang='grc' dir='ltr'><strong>Δεσπότης</strong></span> <span class='ocrx_word' id='word_1_455' title='bbox 2628 2222 2775 2275; x_wconf 67' lang='grc' dir='ltr'>ἐστὶν</span> <span class='ocrx_word' id='word_1_456' title='bbox 2829 2220 3163 2293; x_wconf 69' lang='grc' dir='ltr'>ὀγδοήκοντα</span> <span class='ocrx_word' id='word_1_457' title='bbox 3235 2222 3527 2291; x_wconf 80' lang='grc' dir='ltr'>σωμάτων,</span> <span class='ocrx_word' id='word_1_458' title='bbox 3568 2223 3625 2274; x_wconf 71' lang='grc' dir='ltr'>οὗ</span> <span class='ocrx_word' id='word_1_459' title='bbox 3668 2223 3833 2281; x_wconf 65' lang='grc' dir='ltr'>πάντας</span> 
     </span>
    </p>
   </div>
   <div class='ocr_carea' id='block_1_61' title="bbox 2296 2310 3833 2382">
    <p class='ocr_par' dir='ltr' id='par_1_61' title="bbox 2296 2310 3833 2382">
     <span class='ocr_line' id='line_1_61' title="bbox 2296 2310 3833 2382; baseline -0.003 -15"><span class='ocrx_word' id='word_1_460' title='bbox 2296 2314 2422 2367; x_wconf 74' lang='grc' dir='ltr'>ἄνευ</span> <span class='ocrx_word' id='word_1_461' title='bbox 2453 2311 2660 2381; x_wconf 76' lang='grc' dir='ltr'>ψυχῶν.</span> <span class='ocrx_word' id='word_1_462' title='bbox 2717 2312 2779 2364; x_wconf 91' lang='lat'><strong>&#39;0</strong></span> <span class='ocrx_word' id='word_1_463' title='bbox 2814 2314 3006 2380; x_wconf 81' lang='grc' dir='ltr'><strong>Λόγος</strong></span> <span class='ocrx_word' id='word_1_464' title='bbox 3034 2310 3214 2363; x_wconf 79' lang='grc' dir='ltr'>τοίνυν</span> <span class='ocrx_word' id='word_1_465' title='bbox 3258 2312 3419 2379; x_wconf 79' lang='grc' dir='ltr'>σὰρξ</span> <span class='ocrx_word' id='word_1_466' title='bbox 3463 2312 3733 2382; x_wconf 75' lang='grc' dir='ltr'>γενόμενος</span> <span class='ocrx_word' id='word_1_467' title='bbox 3764 2310 3833 2363; x_wconf 76' lang='grc' dir='ltr'>οίκ</span> 
     </span>
    </p>
   </div>
   <div class='ocr_carea' id='block_1_62' title="bbox 2296 2402 3833 2474">
    <p class='ocr_par' dir='ltr' id='par_1_62' title="bbox 2296 2402 3833 2474">
     <span class='ocr_line' id='line_1_62' title="bbox 2296 2402 3833 2474; baseline -0.004 -18"><span class='ocrx_word' id='word_1_468' title='bbox 2296 2402 2453 2465; x_wconf 61' lang='lat' dir='ltr'><strong>me;</strong></span> <span class='ocrx_word' id='word_1_469' title='bbox 2482 2402 2679 2473; x_wconf 74' lang='grc' dir='ltr'>ψυχῆς,</span> <span class='ocrx_word' id='word_1_470' title='bbox 2716 2403 2816 2455; x_wconf 73' lang='grc' dir='ltr'>οὐκ</span> <span class='ocrx_word' id='word_1_471' title='bbox 2844 2404 3001 2464; x_wconf 73' lang='grc' dir='ltr'>ἐκτὸς</span> <span class='ocrx_word' id='word_1_472' title='bbox 3033 2402 3214 2472; x_wconf 82' lang='grc' dir='ltr'>πάσης</span> <span class='ocrx_word' id='word_1_473' title='bbox 3243 2403 3647 2474; x_wconf 79' lang='grc' dir='ltr'><strong>πραγματείας.</strong></span> <span class='ocrx_word' id='word_1_474' title='bbox 3675 2402 3739 2455; x_wconf 76' lang='grc' dir='ltr'>Οὐ</span> <span class='ocrx_word' id='word_1_475' title='bbox 3758 2402 3833 2469; x_wconf 62' lang='grc' dir='ltr'>γάρ</span> 
     </span>
    </p>
   </div>
   <div class='ocr_carea' id='block_1_63' title="bbox 2299 2493 3833 2568">
    <p class='ocr_par' dir='ltr' id='par_1_63' title="bbox 2299 2493 3833 2568">
     <span class='ocr_line' id='line_1_63' title="bbox 2299 2493 3833 2568; baseline -0.003 -19"><span class='ocrx_word' id='word_1_476' title='bbox 2299 2496 2391 2549; x_wconf 79' lang='grc' dir='ltr'><strong>ὅτε</strong></span> <span class='ocrx_word' id='word_1_477' title='bbox 2444 2496 2613 2565; x_wconf 77' lang='grc' dir='ltr'>λέγει,</span> <span class='ocrx_word' id='word_1_478' title='bbox 2662 2497 2847 2568; x_wconf 65' lang='grc' dir='ltr'>ψυχὴ,</span> <span class='ocrx_word' id='word_1_479' title='bbox 2898 2496 3026 2549; x_wconf 81' lang='grc' dir='ltr'>ἄνευ</span> <span class='ocrx_word' id='word_1_480' title='bbox 3064 2495 3317 2566; x_wconf 82' lang='grc' dir='ltr'>σώματος</span> <span class='ocrx_word' id='word_1_481' title='bbox 3373 2497 3713 2566; x_wconf 64' lang='grc' dir='ltr'>ἀπεφήνατω</span> <span class='ocrx_word' id='word_1_482' title='bbox 3750 2493 3833 2545; x_wconf 71' lang='grc' dir='ltr'>οὑόὲ</span> 
     </span>
    </p>
   </div>
   <div class='ocr_carea' id='block_1_64' title="bbox 2301 2583 3832 2665">
    <p class='ocr_par' dir='ltr' id='par_1_64' title="bbox 2301 2583 3832 2665">
     <span class='ocr_line' id='line_1_64' title="bbox 2301 2583 3832 2665; baseline -0.005 -24"><span class='ocrx_word' id='word_1_483' title='bbox 2301 2588 2392 2641; x_wconf 79' lang='grc' dir='ltr'>ὅτε</span> <span class='ocrx_word' id='word_1_484' title='bbox 2424 2588 2675 2659; x_wconf 81' lang='grc' dir='ltr'>λέγομεν,</span> <span class='ocrx_word' id='word_1_485' title='bbox 2707 2587 2960 2665; x_wconf 75' lang='grc' dir='ltr'>σώματα,</span> <span class='ocrx_word' id='word_1_486' title='bbox 2988 2587 3114 2641; x_wconf 78' lang='grc' dir='ltr'>ἄνευ</span> <span class='ocrx_word' id='word_1_487' title='bbox 3140 2588 3318 2657; x_wconf 80' lang='grc' dir='ltr'>ψυχῆς</span> <span class='ocrx_word' id='word_1_488' title='bbox 3347 2587 3481 2640; x_wconf 71' lang='grc' dir='ltr'>ὄντα</span> <span class='ocrx_word' id='word_1_489' title='bbox 3509 2583 3832 2655; x_wconf 69' lang='grc' dir='ltr'>διανοούμεθα.</span> 
     </span>
    </p>
   </div>
   <div class='ocr_carea' id='block_1_65' title="bbox 2295 2673 3833 2754">
    <p class='ocr_par' dir='ltr' id='par_1_65' title="bbox 2295 2673 3833 2754">
     <span class='ocr_line' id='line_1_65' title="bbox 2295 2673 3833 2754; baseline -0.007 -20"><span class='ocrx_word' id='word_1_490' title='bbox 2295 2680 2364 2734; x_wconf 84' lang='grc' dir='ltr'><strong>Τί</strong></span> <span class='ocrx_word' id='word_1_491' title='bbox 2388 2676 2479 2735; x_wconf 72' lang='grc' dir='ltr'><strong>οὖν</strong></span> <span class='ocrx_word' id='word_1_492' title='bbox 2510 2681 2654 2747; x_wconf 77' lang='grc' dir='ltr'>εδοξε</span> <span class='ocrx_word' id='word_1_493' title='bbox 2708 2684 2819 2744; x_wconf 82' lang='grc' dir='ltr'>τοῖς</span> <span class='ocrx_word' id='word_1_494' title='bbox 2856 2680 3199 2752; x_wconf 70' lang='grc' dir='ltr'>βουλομένοις</span> <span class='ocrx_word' id='word_1_495' title='bbox 3240 2681 3422 2754; x_wconf 83' lang='grc' dir='ltr'>λέγειν</span> <span class='ocrx_word' id='word_1_496' title='bbox 3474 2680 3596 2751; x_wconf 83' lang='grc' dir='ltr'>(είς)</span> <span class='ocrx_word' id='word_1_497' title='bbox 3635 2679 3715 2731; x_wconf 75' lang='grc' dir='ltr'>τὸν</span> <span class='ocrx_word' id='word_1_498' title='bbox 3746 2673 3833 2729; x_wconf 74' lang='grc' dir='ltr'>νοὶν</span> 
     </span>
    </p>
   </div>
   <div class='ocr_carea' id='block_1_66' title="bbox 2299 2766 3833 2845">
    <p class='ocr_par' dir='ltr' id='par_1_66' title="bbox 2299 2766 3833 2845">
     <span class='ocr_line' id='line_1_66' title="bbox 2299 2766 3833 2845; baseline -0.006 -21"><span class='ocrx_word' id='word_1_499' title='bbox 2299 2771 2777 2845; x_wconf 77' lang='grc' dir='ltr'>παρεκὸεὸλῆσθαι</span> <span class='ocrx_word' id='word_1_500' title='bbox 2802 2787 2816 2835; x_wconf 90' lang='grc'>;</span> <span class='ocrx_word' id='word_1_501' title='bbox 2848 2771 2881 2842; x_wconf 83' lang='grc' dir='ltr'>ἢ</span> <span class='ocrx_word' id='word_1_502' title='bbox 2911 2771 2963 2822; x_wconf 93' lang='grc' dir='ltr'><strong>τί</strong></span> <span class='ocrx_word' id='word_1_503' title='bbox 2988 2769 3148 2824; x_wconf 81' lang='grc' dir='ltr'>τοῦτο</span> <span class='ocrx_word' id='word_1_504' title='bbox 3179 2771 3277 2842; x_wconf 84' lang='grc' dir='ltr'>τὴν</span> <span class='ocrx_word' id='word_1_505' title='bbox 3313 2770 3642 2836; x_wconf 77' lang='grc' dir='ltr'>Ἐκκλησίαν</span> <span class='ocrx_word' id='word_1_506' title='bbox 3670 2766 3833 2835; x_wconf 66' lang='grc' dir='ltr'><strong>ὠφέλη-</strong></span> 
     </span>
    </p>
   </div>
   <div class='ocr_carea' id='block_1_67' title="bbox 2300 2856 3831 2936">
    <p class='ocr_par' dir='ltr' id='par_1_67' title="bbox 2300 2856 3831 2936">
     <span class='ocr_line' id='line_1_67' title="bbox 2300 2856 3831 2936; baseline -0.006 -19"><span class='ocrx_word' id='word_1_507' title='bbox 2300 2881 2423 2931; x_wconf 84' lang='grc' dir='ltr'>σεν;</span> <span class='ocrx_word' id='word_1_508' title='bbox 2475 2862 2509 2934; x_wconf 73' lang='grc' dir='ltr'>ἢ</span> <span class='ocrx_word' id='word_1_509' title='bbox 2556 2864 2609 2916; x_wconf 89' lang='grc' dir='ltr'><strong>τί</strong></span> <span class='ocrx_word' id='word_1_510' title='bbox 2640 2863 2839 2934; x_wconf 79' lang='grc' dir='ltr'>μᾶλλον</span> <span class='ocrx_word' id='word_1_511' title='bbox 2878 2864 2979 2917; x_wconf 72' lang='grc' dir='ltr'>οὐκ</span> <span class='ocrx_word' id='word_1_512' title='bbox 3008 2862 3270 2936; x_wconf 79' lang='grc' dir='ltr'>ὲτάραξε;</span> <span class='ocrx_word' id='word_1_513' title='bbox 3313 2861 3442 2925; x_wconf 82' lang='grc' dir='ltr'><strong>Πῶς</strong></span> <span class='ocrx_word' id='word_1_514' title='bbox 3474 2862 3532 2915; x_wconf 78' lang='grc' dir='ltr'><strong>δὲ</strong></span> <span class='ocrx_word' id='word_1_515' title='bbox 3564 2862 3658 2914; x_wconf 77' lang='grc' dir='ltr'><strong>οὐκ</strong></span> <span class='ocrx_word' id='word_1_516' title='bbox 3692 2856 3831 2925; x_wconf 80' lang='grc' dir='ltr'>ἐλλιπῆ</span> 
     </span>
    </p>
   </div>
   <div class='ocr_carea' id='block_1_68' title="bbox 2299 2946 3833 3027">
    <p class='ocr_par' dir='ltr' id='par_1_68' title="bbox 2299 2946 3833 3027">
     <span class='ocr_line' id='line_1_68' title="bbox 2299 2946 3833 3027; baseline -0.005 -18"><span class='ocrx_word' id='word_1_517' title='bbox 2299 2958 2534 3009; x_wconf 85' lang='grc' dir='ltr'>ποιεῖται</span> <span class='ocrx_word' id='word_1_518' title='bbox 2591 2956 2688 3027; x_wconf 82' lang='grc' dir='ltr'>τὴν</span> <span class='ocrx_word' id='word_1_519' title='bbox 2724 2954 2882 3027; x_wconf 80' lang='grc' dir='ltr'>ἡμῶν</span> <span class='ocrx_word' id='word_1_520' title='bbox 2916 2956 3193 3026; x_wconf 81' lang='grc' dir='ltr'><strong>σωτηρίαν</strong></span> <span class='ocrx_word' id='word_1_521' title='bbox 3226 2954 3256 3006; x_wconf 82' lang='grc' dir='ltr'><strong>ὁ</strong></span> <span class='ocrx_word' id='word_1_522' title='bbox 3291 2953 3359 3007; x_wconf 81' lang='grc' dir='ltr'>τὰ</span> <span class='ocrx_word' id='word_1_523' title='bbox 3391 2952 3620 3007; x_wconf 81' lang='grc' dir='ltr'>τοιαῦτα</span> <span class='ocrx_word' id='word_1_524' title='bbox 3648 2946 3833 3004; x_wconf 71' lang='grc' dir='ltr'>διανοοίσ·</span> 
     </span>
    </p>
   </div>
   <div class='ocr_carea' id='block_1_69' title="bbox 2302 3037 3833 3117">
    <p class='ocr_par' dir='ltr' id='par_1_69' title="bbox 2302 3037 3833 3117">
     <span class='ocr_line' id='line_1_69' title="bbox 2302 3037 3833 3117; baseline -0.01 -9"><span class='ocrx_word' id='word_1_525' title='bbox 2302 3064 2502 3117; x_wconf 54' lang='lat' dir='ltr'><strong>pawn;</strong></span> <span class='ocrx_word' id='word_1_526' title='bbox 2544 3037 2735 3117; x_wconf 75' lang='grc' dir='ltr'>Ἡμεῖς</span> <span class='ocrx_word' id='word_1_527' title='bbox 2787 3046 2897 3117; x_wconf 80' lang='grc' dir='ltr'>γὰρ</span> <span class='ocrx_word' id='word_1_528' title='bbox 2928 3046 2988 3098; x_wconf 77' lang='grc' dir='ltr'><strong>οὐ</strong></span> <span class='ocrx_word' id='word_1_529' title='bbox 3013 3044 3291 3116; x_wconf 82' lang='grc' dir='ltr'>δυνάμεθα</span> <span class='ocrx_word' id='word_1_530' title='bbox 3334 3044 3659 3098; x_wconf 82' lang='grc' dir='ltr'>διανοεῖσθαι</span> <span class='ocrx_word' id='word_1_531' title='bbox 3695 3040 3833 3108; x_wconf 75' lang='grc' dir='ltr'>ἕτερον</span> 
     </span>
    </p>
   </div>
   <div class='ocr_carea' id='block_1_70' title="bbox 2296 3133 3835 3208">
    <p class='ocr_par' dir='ltr' id='par_1_70' title="bbox 2296 3133 3835 3208">
     <span class='ocr_line' id='line_1_70' title="bbox 2296 3133 3835 3208; baseline -0.006 -15"><span class='ocrx_word' id='word_1_532' title='bbox 2296 3139 2389 3193; x_wconf 81' lang='grc' dir='ltr'><strong>τὸν</strong></span> <span class='ocrx_word' id='word_1_533' title='bbox 2421 3139 2543 3193; x_wconf 73' lang='grc' dir='ltr'>νοῦν</span> <span class='ocrx_word' id='word_1_534' title='bbox 2560 3137 2719 3205; x_wconf 77' lang='grc' dir='ltr'>εἶναι,</span> <span class='ocrx_word' id='word_1_535' title='bbox 2744 3140 2864 3193; x_wconf 78' lang='grc' dir='ltr'><strong>οὐδὲ</strong></span> <span class='ocrx_word' id='word_1_536' title='bbox 2886 3139 3182 3192; x_wconf 81' lang='grc' dir='ltr'>ὑπόστασιν</span> <span class='ocrx_word' id='word_1_537' title='bbox 3204 3138 3391 3192; x_wconf 87' lang='grc' dir='ltr'>τοῦτον</span> <span class='ocrx_word' id='word_1_538' title='bbox 3411 3136 3682 3208; x_wconf 82' lang='grc' dir='ltr'>δυνάμεθα</span> <span class='ocrx_word' id='word_1_539' title='bbox 3706 3133 3835 3199; x_wconf 77' lang='grc' dir='ltr'>λέγειν</span> 
     </span>
    </p>
   </div>
   <div class='ocr_carea' id='block_1_71' title="bbox 2298 3221 3835 3301">
    <p class='ocr_par' dir='ltr' id='par_1_71' title="bbox 2298 3221 3835 3301">
     <span class='ocr_line' id='line_1_71' title="bbox 2298 3221 3835 3301; baseline -0.007 -17"><span class='ocrx_word' id='word_1_540' title='bbox 2298 3231 2422 3285; x_wconf 80' lang='grc' dir='ltr'><strong>καθ’</strong></span> <span class='ocrx_word' id='word_1_541' title='bbox 2455 3231 2667 3299; x_wconf 74' lang='grc' dir='ltr'>ἑαυτὸν,</span> <span class='ocrx_word' id='word_1_542' title='bbox 2722 3231 2859 3283; x_wconf 79' lang='grc' dir='ltr'>ἀλλὰ</span> <span class='ocrx_word' id='word_1_543' title='bbox 2916 3231 2977 3283; x_wconf 84' lang='grc' dir='ltr'><strong>τὸ</strong></span> <span class='ocrx_word' id='word_1_544' title='bbox 3014 3229 3267 3283; x_wconf 81' lang='grc' dir='ltr'>σύνθετον</span> <span class='ocrx_word' id='word_1_545' title='bbox 3314 3228 3429 3301; x_wconf 76' lang='grc'><strong>(56)</strong></span> <span class='ocrx_word' id='word_1_546' title='bbox 3464 3230 3557 3282; x_wconf 72' lang='grc' dir='ltr'>καὶ</span> <span class='ocrx_word' id='word_1_547' title='bbox 3588 3228 3645 3280; x_wconf 78' lang='grc' dir='ltr'><strong>τὸ</strong></span> <span class='ocrx_word' id='word_1_548' title='bbox 3670 3221 3835 3292; x_wconf 60' lang='grc' dir='ltr'>λογικὸν</span> 
     </span>
    </p>
   </div>
   <div class='ocr_carea' id='block_1_72' title="bbox 2299 3310 3833 3396">
    <p class='ocr_par' dir='ltr' id='par_1_72' title="bbox 2299 3310 3833 3396">
     <span class='ocr_line' id='line_1_72' title="bbox 2299 3310 3833 3396; baseline -0.006 -19"><span class='ocrx_word' id='word_1_549' title='bbox 2299 3325 2392 3377; x_wconf 73' lang='grc' dir='ltr'><strong>καὶ</strong></span> <span class='ocrx_word' id='word_1_550' title='bbox 2423 3323 2653 3396; x_wconf 79' lang='grc' dir='ltr'>φρονοῦν</span> <span class='ocrx_word' id='word_1_551' title='bbox 2686 3325 2742 3376; x_wconf 82' lang='grc' dir='ltr'>ὲν</span> <span class='ocrx_word' id='word_1_552' title='bbox 2790 3323 3005 3393; x_wconf 76' lang='grc' dir='ltr'>ἑκάστῳ</span> <span class='ocrx_word' id='word_1_553' title='bbox 3050 3323 3158 3375; x_wconf 83' lang='grc' dir='ltr'><strong>τῶν</strong></span> <span class='ocrx_word' id='word_1_554' title='bbox 3209 3321 3643 3394; x_wconf 80' lang='grc' dir='ltr'>πεπλανημένων</span> <span class='ocrx_word' id='word_1_555' title='bbox 3672 3321 3692 3351; x_wconf 84' lang='grc'>⁸</span> <span class='ocrx_word' id='word_1_556' title='bbox 3717 3334 3727 3348; x_wconf 90' lang='grc'><strong>·</strong></span> <span class='ocrx_word' id='word_1_557' title='bbox 3755 3310 3833 3368; x_wconf 72' lang='grc' dir='ltr'>οἷον</span> 
     </span>
    </p>
   </div>
   <div class='ocr_carea' id='block_1_73' title="bbox 2298 3406 3835 3488">
    <p class='ocr_par' dir='ltr' id='par_1_73' title="bbox 2298 3406 3835 3488">
     <span class='ocr_line' id='line_1_73' title="bbox 2298 3406 3835 3488; baseline -0.008 -18"><span class='ocrx_word' id='word_1_558' title='bbox 2298 3417 2474 3470; x_wconf 84' lang='grc' dir='ltr'>είπεῖν</span> <span class='ocrx_word' id='word_1_559' title='bbox 2514 3416 2695 3488; x_wconf 77' lang='grc' dir='ltr'>νόημα</span> <span class='ocrx_word' id='word_1_560' title='bbox 2724 3416 2816 3469; x_wconf 85' lang='grc' dir='ltr'><strong>τοῦ</strong></span> <span class='ocrx_word' id='word_1_561' title='bbox 2856 3415 3171 3486; x_wconf 78' lang='grc' dir='ltr'>ἀνθρώπου,</span> <span class='ocrx_word' id='word_1_562' title='bbox 3195 3415 3270 3479; x_wconf 85' lang='grc' dir='ltr'>ὡς</span> <span class='ocrx_word' id='word_1_563' title='bbox 3302 3414 3571 3485; x_wconf 72' lang='grc' dir='ltr'>ὀφθαλμοὶ</span> <span class='ocrx_word' id='word_1_564' title='bbox 3604 3415 3657 3465; x_wconf 85' lang='grc' dir='ltr'>ὲν</span> <span class='ocrx_word' id='word_1_565' title='bbox 3676 3408 3740 3481; x_wconf 84' lang='grc' dir='ltr'>τῷ</span> <span class='ocrx_word' id='word_1_566' title='bbox 3762 3406 3835 3459; x_wconf 73' lang='grc' dir='ltr'><strong>σώ-</strong></span> 
     </span>
    </p>
   </div>
   <div class='ocr_carea' id='block_1_74' title="bbox 2302 3498 3835 3579">
    <p class='ocr_par' dir='ltr' id='par_1_74' title="bbox 2302 3498 3835 3579">
     <span class='ocr_line' id='line_1_74' title="bbox 2302 3498 3835 3579; baseline -0.008 -18"><span class='ocrx_word' id='word_1_567' title='bbox 2302 3526 2452 3579; x_wconf 85' lang='grc' dir='ltr'>ματι,</span> <span class='ocrx_word' id='word_1_568' title='bbox 2484 3506 2657 3571; x_wconf 77' lang='grc' dir='ltr'>οὕτως</span> <span class='ocrx_word' id='word_1_569' title='bbox 2684 3506 2809 3570; x_wconf 86' lang='grc' dir='ltr'>νοῦς</span> <span class='ocrx_word' id='word_1_570' title='bbox 2844 3508 2901 3560; x_wconf 79' lang='grc' dir='ltr'>ὲν</span> <span class='ocrx_word' id='word_1_571' title='bbox 2934 3505 3080 3577; x_wconf 73' lang='grc' dir='ltr'>ψυχῇ</span> <span class='ocrx_word' id='word_1_572' title='bbox 3115 3505 3226 3577; x_wconf 79' lang='lat'><strong>(57)</strong></span> <span class='ocrx_word' id='word_1_573' title='bbox 3254 3521 3269 3535; x_wconf 88' lang='grc'><strong>·</strong></span> <span class='ocrx_word' id='word_1_574' title='bbox 3296 3503 3457 3559; x_wconf 82' lang='grc' dir='ltr'>πάλιν</span> <span class='ocrx_word' id='word_1_575' title='bbox 3492 3505 3551 3559; x_wconf 76' lang='grc' dir='ltr'><strong>δὲ</strong></span> <span class='ocrx_word' id='word_1_576' title='bbox 3582 3503 3691 3557; x_wconf 74' lang='grc' dir='ltr'>οὐδὲ</span> <span class='ocrx_word' id='word_1_577' title='bbox 3719 3498 3835 3553; x_wconf 76' lang='grc' dir='ltr'>τοῦτο</span> 
     </span>
    </p>
   </div>
   <div class='ocr_carea' id='block_1_75' title="bbox 2300 3593 3834 3672">
    <p class='ocr_par' dir='ltr' id='par_1_75' title="bbox 2300 3593 3834 3672">
     <span class='ocr_line' id='line_1_75' title="bbox 2300 3593 3834 3672; baseline -0.006 -20"><span class='ocrx_word' id='word_1_578' title='bbox 2300 3599 2589 3672; x_wconf 75' lang='grc' dir='ltr'>ἐριστικῶς</span> <span class='ocrx_word' id='word_1_579' title='bbox 2621 3616 2821 3669; x_wconf 76' lang='grc' dir='ltr'>φαμεν,</span> <span class='ocrx_word' id='word_1_580' title='bbox 2850 3598 2964 3651; x_wconf 80' lang='grc' dir='ltr'>ἀλλ’</span> <span class='ocrx_word' id='word_1_581' title='bbox 3004 3597 3191 3661; x_wconf 80' lang='grc' dir='ltr'>ἁπλῶς</span> <span class='ocrx_word' id='word_1_582' title='bbox 3223 3598 3283 3650; x_wconf 87' lang='grc' dir='ltr'><strong>τὸ</strong></span> <span class='ocrx_word' id='word_1_583' title='bbox 3310 3598 3621 3669; x_wconf 78' lang='grc' dir='ltr'>ὲννοητικὸν</span> <span class='ocrx_word' id='word_1_584' title='bbox 3646 3594 3738 3648; x_wconf 82' lang='grc' dir='ltr'>τῶν</span> <span class='ocrx_word' id='word_1_585' title='bbox 3767 3593 3834 3643; x_wconf 69' lang='grc' dir='ltr'>ἀνα</span> 
     </span>
    </p>
   </div>
   <div class='ocr_carea' id='block_1_76' title="bbox 2300 3683 3833 3763">
    <p class='ocr_par' dir='ltr' id='par_1_76' title="bbox 2300 3683 3833 3763">
     <span class='ocr_line' id='line_1_76' title="bbox 2300 3683 3833 3763; baseline 0.001 -19"><span class='ocrx_word' id='word_1_586' title='bbox 2300 3691 2553 3763; x_wconf 86' lang='grc' dir='ltr'>ορὼπων.</span> <span class='ocrx_word' id='word_1_587' title='bbox 2586 3691 2652 3743; x_wconf 83' lang='grc' dir='ltr'><strong>Τί</strong></span> <span class='ocrx_word' id='word_1_588' title='bbox 2676 3687 2769 3744; x_wconf 74' lang='grc' dir='ltr'><strong>οῦν</strong></span> <span class='ocrx_word' id='word_1_589' title='bbox 2801 3693 2947 3743; x_wconf 78' lang='grc' dir='ltr'>ἐστιν</span> <span class='ocrx_word' id='word_1_590' title='bbox 2970 3690 3289 3761; x_wconf 73' lang='grc' dir='ltr'>ᾶνθρωποςς</span> <span class='ocrx_word' id='word_1_591' title='bbox 3324 3690 3495 3761; x_wconf 80' lang='grc' dir='ltr'>ψυχὴ,</span> <span class='ocrx_word' id='word_1_592' title='bbox 3528 3690 3699 3759; x_wconf 87' lang='grc' dir='ltr'>σῶμα,</span> <span class='ocrx_word' id='word_1_593' title='bbox 3729 3683 3833 3745; x_wconf 73' lang='grc' dir='ltr'><strong>νοῦςν</strong></span> 
     </span>
    </p>
   </div>
   <div class='ocr_carea' id='block_1_77' title="bbox 2298 3773 3815 3854">
    <p class='ocr_par' dir='ltr' id='par_1_77' title="bbox 2298 3773 3815 3854">
     <span class='ocr_line' id='line_1_77' title="bbox 2298 3773 3815 3854; baseline -0.007 -17"><span class='ocrx_word' id='word_1_594' title='bbox 2298 3784 2392 3837; x_wconf 67' lang='grc' dir='ltr'><strong>καὶ</strong></span> <span class='ocrx_word' id='word_1_595' title='bbox 2422 3782 2538 3835; x_wconf 84' lang='grc' dir='ltr'>είτι</span> <span class='ocrx_word' id='word_1_596' title='bbox 2579 3783 2726 3835; x_wconf 76' lang='grc' dir='ltr'>ἐστὶν</span> <span class='ocrx_word' id='word_1_597' title='bbox 2764 3782 2973 3854; x_wconf 74' lang='grc' dir='ltr'>ἕτερον.</span> <span class='ocrx_word' id='word_1_598' title='bbox 3000 3782 3066 3833; x_wconf 84' lang='grc' dir='ltr'><strong>Τί</strong></span> <span class='ocrx_word' id='word_1_599' title='bbox 3098 3782 3277 3834; x_wconf 85' lang='grc' dir='ltr'>τοίνυν</span> <span class='ocrx_word' id='word_1_600' title='bbox 3311 3776 3476 3850; x_wconf 70' lang='grc' dir='ltr'>ἦλθεν</span> <span class='ocrx_word' id='word_1_601' title='bbox 3506 3782 3534 3833; x_wconf 84' lang='grc' dir='ltr'><strong>ὁ</strong></span> <span class='ocrx_word' id='word_1_602' title='bbox 3558 3780 3740 3851; x_wconf 83' lang='grc' dir='ltr'>Κύριος</span> <span class='ocrx_word' id='word_1_603' title='bbox 3761 3773 3815 3825; x_wconf 73' lang='lat' dir='ltr'><strong>atii</strong></span> 
     </span>
    </p>
   </div>
   <div class='ocr_carea' id='block_1_78' title="bbox 2300 3862 3834 3944">
    <p class='ocr_par' dir='ltr' id='par_1_78' title="bbox 2300 3862 3834 3944">
     <span class='ocr_line' id='line_1_78' title="bbox 2300 3862 3834 3944; baseline -0.007 -15"><span class='ocrx_word' id='word_1_604' title='bbox 2300 3890 2424 3939; x_wconf 73' lang='lat' dir='ltr'><strong>cat;</strong></span> <span class='ocrx_word' id='word_1_605' title='bbox 2466 3872 2753 3944; x_wconf 71' lang='grc' dir='ltr'>ἄνθρωπον</span> <span class='ocrx_word' id='word_1_606' title='bbox 2802 3873 3005 3935; x_wconf 81' lang='grc' dir='ltr'>τέλειον</span> <span class='ocrx_word' id='word_1_607' title='bbox 3036 3872 3276 3935; x_wconf 81' lang='grc' dir='ltr'>πάντως.</span> <span class='ocrx_word' id='word_1_608' title='bbox 3313 3873 3456 3941; x_wconf 84' lang='grc' dir='ltr'><strong>Ἀρα</strong></span> <span class='ocrx_word' id='word_1_609' title='bbox 3485 3868 3577 3925; x_wconf 79' lang='grc' dir='ltr'><strong>οὖν</strong></span> <span class='ocrx_word' id='word_1_610' title='bbox 3611 3871 3766 3923; x_wconf 66' lang='grc' dir='ltr'>πάντα</span> <span class='ocrx_word' id='word_1_611' title='bbox 3788 3862 3834 3915; x_wconf 64' lang='grc' dir='ltr'>τὰ</span> 
     </span>
    </p>
   </div>
   <div class='ocr_carea' id='block_1_79' title="bbox 2297 3952 3834 4033">
    <p class='ocr_par' dir='ltr' id='par_1_79' title="bbox 2297 3952 3834 4033">
     <span class='ocr_line' id='line_1_79' title="bbox 2297 3952 3834 4033; baseline -0.007 -16"><span class='ocrx_word' id='word_1_612' title='bbox 2297 3966 2355 4017; x_wconf 79' lang='grc' dir='ltr'>ὲν</span> <span class='ocrx_word' id='word_1_613' title='bbox 2388 3964 2539 4033; x_wconf 76' lang='grc' dir='ltr'>αὐτῷ</span> <span class='ocrx_word' id='word_1_614' title='bbox 2568 3964 2789 4026; x_wconf 82' lang='grc' dir='ltr'>τελείως</span> <span class='ocrx_word' id='word_1_615' title='bbox 2827 3962 3015 4015; x_wconf 78' lang='grc' dir='ltr'>ἔλαϐεν</span> <span class='ocrx_word' id='word_1_616' title='bbox 3036 3980 3048 3993; x_wconf 92' lang='grc'><strong>·</strong></span> <span class='ocrx_word' id='word_1_617' title='bbox 3083 3964 3205 4015; x_wconf 72' lang='grc' dir='ltr'>ἐπεὶ</span> <span class='ocrx_word' id='word_1_618' title='bbox 3237 3962 3399 4015; x_wconf 78' lang='grc' dir='ltr'>πόθεν</span> <span class='ocrx_word' id='word_1_619' title='bbox 3446 3962 3619 4016; x_wconf 88' lang='grc' dir='ltr'>ταῦτα</span> <span class='ocrx_word' id='word_1_620' title='bbox 3647 3962 3699 4012; x_wconf 80' lang='grc' dir='ltr'>ὲν</span> <span class='ocrx_word' id='word_1_621' title='bbox 3726 3952 3834 4022; x_wconf 72' lang='grc' dir='ltr'>αὐτῷ</span> 
     </span>
    </p>
   </div>
   <div class='ocr_carea' id='block_1_80' title="bbox 2296 4051 3835 4127">
    <p class='ocr_par' dir='ltr' id='par_1_80' title="bbox 2296 4051 3835 4127">
     <span class='ocr_line' id='line_1_80' title="bbox 2296 4051 3835 4127; baseline -0.003 -20"><span class='ocrx_word' id='word_1_622' title='bbox 2296 4056 2634 4127; x_wconf 75' lang='grc' dir='ltr'>ἐπληροῦντο</span> <span class='ocrx_word' id='word_1_623' title='bbox 2680 4055 2750 4108; x_wconf 72' lang='grc' dir='ltr'>τὰ</span> <span class='ocrx_word' id='word_1_624' title='bbox 2800 4058 2879 4119; x_wconf 82' lang='grc' dir='ltr'><strong>εἰς</strong></span> <span class='ocrx_word' id='word_1_625' title='bbox 2930 4055 3217 4126; x_wconf 79' lang='grc' dir='ltr'>ἄνθρωπον</span> <span class='ocrx_word' id='word_1_626' title='bbox 3252 4055 3360 4109; x_wconf 78' lang='grc' dir='ltr'>ἀπὸ</span> <span class='ocrx_word' id='word_1_627' title='bbox 3385 4054 3479 4108; x_wconf 85' lang='grc' dir='ltr'><strong>νοῦ</strong></span> <span class='ocrx_word' id='word_1_628' title='bbox 3517 4055 3607 4108; x_wconf 71' lang='grc' dir='ltr'>καί</span> <span class='ocrx_word' id='word_1_629' title='bbox 3636 4051 3835 4121; x_wconf 75' lang='grc' dir='ltr'>σώματος</span> 
     </span>
    </p>
   </div>
   <div class='ocr_carea' id='block_1_81' title="bbox 2297 4142 3832 4223">
    <p class='ocr_par' dir='ltr' id='par_1_81' title="bbox 2297 4142 3832 4223">
     <span class='ocr_line' id='line_1_81' title="bbox 2297 4142 3832 4223; baseline -0.012 -16"><span class='ocrx_word' id='word_1_630' title='bbox 2297 4148 2388 4202; x_wconf 76' lang='grc' dir='ltr'><strong>καὶ</strong></span> <span class='ocrx_word' id='word_1_631' title='bbox 2410 4148 2608 4219; x_wconf 68' lang='grc' dir='ltr'>ψυχῆς,</span> <span class='ocrx_word' id='word_1_632' title='bbox 2635 4150 2728 4201; x_wconf 68' lang='grc' dir='ltr'><strong>καὶ</strong></span> <span class='ocrx_word' id='word_1_633' title='bbox 2751 4149 2929 4218; x_wconf 83' lang='grc' dir='ltr'>πάσης</span> <span class='ocrx_word' id='word_1_634' title='bbox 2950 4148 3415 4223; x_wconf 78' lang='grc' dir='ltr'>ὲνανθρωπὴσεως</span> <span class='ocrx_word' id='word_1_635' title='bbox 3440 4148 3570 4201; x_wconf 77' lang='grc' dir='ltr'>ἄνευ</span> <span class='ocrx_word' id='word_1_636' title='bbox 3591 4142 3832 4217; x_wconf 60' lang='grc' dir='ltr'>ἁμαρτίας</span> 
     </span>
    </p>
   </div>
   <div class='ocr_carea' id='block_1_82' title="bbox 2296 4231 3834 4310">
    <p class='ocr_par' dir='ltr' id='par_1_82' title="bbox 2296 4231 3834 4310">
     <span class='ocr_line' id='line_1_82' title="bbox 2296 4231 3834 4310; baseline 0.003 -19"><span class='ocrx_word' id='word_1_637' title='bbox 2296 4240 2391 4292; x_wconf 67' lang='grc' dir='ltr'>καὶ</span> <span class='ocrx_word' id='word_1_638' title='bbox 2421 4239 2825 4310; x_wconf 65' lang='grc' dir='ltr'>προείρητεύετο</span> <span class='ocrx_word' id='word_1_639' title='bbox 2875 4241 2970 4293; x_wconf 58' lang='grc' dir='ltr'><strong>καί¹</strong></span> <span class='ocrx_word' id='word_1_640' title='bbox 3024 4241 3352 4308; x_wconf 83' lang='grc' dir='ltr'>ἀνελογεῖτο.</span> <span class='ocrx_word' id='word_1_641' title='bbox 3395 4238 3591 4308; x_wconf 71' lang='grc' dir='ltr'>Σαφῶς</span> <span class='ocrx_word' id='word_1_642' title='bbox 3617 4238 3713 4305; x_wconf 82' lang='grc' dir='ltr'>γὰρ</span> <span class='ocrx_word' id='word_1_643' title='bbox 3740 4231 3834 4301; x_wconf 69' lang='grc' dir='ltr'>ἡμῖν</span> 
     </span>
    </p>
   </div>
   <div class='ocr_carea' id='block_1_83' title="bbox 2296 4320 3834 4400">
    <p class='ocr_par' dir='ltr' id='par_1_83' title="bbox 2296 4320 3834 4400">
     <span class='ocr_line' id='line_1_83' title="bbox 2296 4320 3834 4400; baseline -0.005 -14"><span class='ocrx_word' id='word_1_644' title='bbox 2296 4334 2610 4387; x_wconf 77' lang='grc' dir='ltr'>ὑποτίθεται</span> <span class='ocrx_word' id='word_1_645' title='bbox 2658 4334 2685 4384; x_wconf 83' lang='grc' dir='ltr'>ὁ</span> <span class='ocrx_word' id='word_1_646' title='bbox 2749 4333 2891 4395; x_wconf 86' lang='grc' dir='ltr'>Οεῖος</span> <span class='ocrx_word' id='word_1_647' title='bbox 2927 4332 3105 4400; x_wconf 75' lang='grc' dir='ltr'>λόγος,</span> <span class='ocrx_word' id='word_1_648' title='bbox 3139 4332 3314 4400; x_wconf 84' lang='grc' dir='ltr'>λέγων</span> <span class='ocrx_word' id='word_1_649' title='bbox 3339 4347 3351 4360; x_wconf 84' lang='grc'><strong>·</strong></span> <span class='ocrx_word' id='word_1_650' title='bbox 3396 4330 3547 4385; x_wconf 83' lang='grc' dir='ltr'><strong>Ἰδοὺ</strong></span> <span class='ocrx_word' id='word_1_651' title='bbox 3570 4320 3834 4393; x_wconf 60' lang='grc' dir='ltr'>συνήβειό</span> 
     </span>
    </p>
   </div>
   <div class='ocr_carea' id='block_1_84' title="bbox 2295 4413 3831 4497">
    <p class='ocr_par' dir='ltr' id='par_1_84' title="bbox 2295 4413 3831 4497">
     <span class='ocr_line' id='line_1_84' title="bbox 2295 4413 3831 4497; baseline -0.022 1"><span class='ocrx_word' id='word_1_652' title='bbox 2295 4425 2443 4497; x_wconf 78' lang='grc' dir='ltr'>Παῖς</span> <span class='ocrx_word' id='word_1_653' title='bbox 2476 4444 2596 4494; x_wconf 78' lang='grc' dir='ltr'><strong>μου</strong></span> <span class='ocrx_word' id='word_1_654' title='bbox 2636 4428 2669 4479; x_wconf 81' lang='grc' dir='ltr'>ό</span> <span class='ocrx_word' id='word_1_655' title='bbox 2714 4424 3042 4494; x_wconf 74' lang='grc' dir='ltr'>ἀγαπητὸς,</span> <span class='ocrx_word' id='word_1_656' title='bbox 3082 4425 3156 4477; x_wconf 81' lang='grc' dir='ltr'><strong>ὃν</strong></span> <span class='ocrx_word' id='word_1_657' title='bbox 3185 4423 3455 4491; x_wconf 75' lang='grc' dir='ltr'>ᾑρέτισα,</span> <span class='ocrx_word' id='word_1_658' title='bbox 3482 4423 3577 4492; x_wconf 63' lang='grc' dir='ltr'><strong>ἐφ’</strong></span> <span class='ocrx_word' id='word_1_659' title='bbox 3601 4422 3667 4474; x_wconf 78' lang='grc' dir='ltr'>ὃν</span> <span class='ocrx_word' id='word_1_660' title='bbox 3696 4413 3831 4485; x_wconf 61' lang='lat'><strong>21:385—</strong></span> 
     </span>
    </p>
   </div>
   <div class='ocr_carea' id='block_1_85' title="bbox 2296 4502 3831 4586">
    <p class='ocr_par' dir='ltr' id='par_1_85' title="bbox 2296 4502 3831 4586">
     <span class='ocr_line' id='line_1_85' title="bbox 2296 4502 3831 4586; baseline -0.007 -15"><span class='ocrx_word' id='word_1_661' title='bbox 2296 4532 2487 4586; x_wconf 74' lang='grc' dir='ltr'>κησεν</span> <span class='ocrx_word' id='word_1_662' title='bbox 2510 4516 2549 4584; x_wconf 73' lang='grc' dir='ltr'><strong>’ὴ</strong></span> <span class='ocrx_word' id='word_1_663' title='bbox 2591 4517 2759 4585; x_wconf 72' lang='grc' dir='ltr'><strong>ψυχή</strong></span> <span class='ocrx_word' id='word_1_664' title='bbox 2778 4535 2917 4584; x_wconf 79' lang='grc' dir='ltr'>μου.</span> <span class='ocrx_word' id='word_1_665' title='bbox 2963 4516 3139 4583; x_wconf 79' lang='grc' dir='ltr'>Θήσω</span> <span class='ocrx_word' id='word_1_666' title='bbox 3164 4515 3229 4568; x_wconf 86' lang='grc' dir='ltr'>τὸ</span> <span class='ocrx_word' id='word_1_667' title='bbox 3251 4514 3495 4583; x_wconf 72' lang='grc' dir='ltr'>Πνεῦμὰ</span> <span class='ocrx_word' id='word_1_668' title='bbox 3529 4531 3663 4582; x_wconf 74' lang='grc' dir='ltr'>μου,</span> <span class='ocrx_word' id='word_1_669' title='bbox 3689 4508 3763 4561; x_wconf 77' lang='grc' dir='ltr'>καὶ</span> <span class='ocrx_word' id='word_1_670' title='bbox 3784 4502 3831 4554; x_wconf 65' lang='grc' dir='ltr'><strong>τὰ</strong></span> 
     </span>
    </p>
   </div>
   <div class='ocr_carea' id='block_1_86' title="bbox 600 4593 2189 4681">
    <p class='ocr_par' dir='ltr' id='par_1_86' title="bbox 600 4600 2189 4670">
     <span class='ocr_line' id='line_1_86' title="bbox 600 4600 2189 4670; baseline 0.006 -16"><span class='ocrx_word' id='word_1_671' title='bbox 600 4610 704 4655; x_wconf 89' lang='lat' dir='ltr'><strong>est.</strong></span> <span class='ocrx_word' id='word_1_672' title='bbox 762 4600 902 4666; x_wconf 87' lang='lat' dir='ltr'><strong>Quid</strong></span> <span class='ocrx_word' id='word_1_673' title='bbox 967 4601 1131 4670; x_wconf 79' lang='lat' dir='ltr'><strong>igitur</strong></span> <span class='ocrx_word' id='word_1_674' title='bbox 1182 4602 1436 4657; x_wconf 89' lang='lat' dir='ltr'><strong>Christus</strong></span> <span class='ocrx_word' id='word_1_675' title='bbox 1479 4604 1531 4656; x_wconf 92' lang='lat' dir='ltr'><strong>in</strong></span> <span class='ocrx_word' id='word_1_676' title='bbox 1566 4604 1795 4659; x_wconf 90' lang='lat' dir='ltr'><strong>salutem</strong></span> <span class='ocrx_word' id='word_1_677' title='bbox 1826 4608 2189 4665; x_wconf 87' lang='lat' dir='ltr'><strong>restituturus</strong></span> 
     </span>
    </p>
   </div>
   <div class='ocr_carea' id='block_1_87' title="bbox 2297 4593 3829 4681">
    <p class='ocr_par' dir='ltr' id='par_1_87' title="bbox 2297 4593 3829 4681">
     <span class='ocr_line' id='line_1_87' title="bbox 2297 4593 3829 4681; baseline -0.001 -18"><span class='ocrx_word' id='word_1_678' title='bbox 2297 4612 2445 4679; x_wconf 75' lang='grc' dir='ltr'>ἑξῆς.</span> <span class='ocrx_word' id='word_1_679' title='bbox 2475 4613 2617 4681; x_wconf 74' lang='grc' dir='ltr'>’Ἄρα</span> <span class='ocrx_word' id='word_1_680' title='bbox 2674 4606 2767 4663; x_wconf 77' lang='grc' dir='ltr'><strong>οὖν</strong></span> <span class='ocrx_word' id='word_1_681' title='bbox 2799 4609 2890 4661; x_wconf 87' lang='grc' dir='ltr'><strong>τοῦ</strong></span> <span class='ocrx_word' id='word_1_682' title='bbox 2934 4609 3173 4671; x_wconf 78' lang='grc' dir='ltr'>συνιέναι</span> <span class='ocrx_word' id='word_1_683' title='bbox 3213 4608 3232 4637; x_wconf 80' lang='grc'>⁸</span> <span class='ocrx_word' id='word_1_684' title='bbox 3267 4605 3369 4658; x_wconf 82' lang='grc' dir='ltr'><strong>ποῦ</strong></span> <span class='ocrx_word' id='word_1_685' title='bbox 3417 4605 3768 4674; x_wconf 72' lang='grc' dir='ltr'>πεπλήρωταιν</span> <span class='ocrx_word' id='word_1_686' title='bbox 3797 4593 3829 4644; x_wconf 68' lang='grc' dir='ltr'>εί</span> 
     </span>
    </p>
   </div>
   <div class='ocr_carea' id='block_1_88' title="bbox 601 4692 2186 4769">
    <p class='ocr_par' dir='ltr' id='par_1_88' title="bbox 601 4692 2186 4769">
     <span class='ocr_line' id='line_1_88' title="bbox 601 4692 2186 4769; baseline 0.006 -25"><span class='ocrx_word' id='word_1_687' title='bbox 601 4692 871 4747; x_wconf 85' lang='lat' dir='ltr'><strong>accessit?</strong></span> <span class='ocrx_word' id='word_1_688' title='bbox 914 4693 1241 4758; x_wconf 83' lang='lat' dir='ltr'><strong>Perfectum,</strong></span> <span class='ocrx_word' id='word_1_689' title='bbox 1271 4695 1489 4765; x_wconf 89' lang='lat' dir='ltr'><strong>opinor,</strong></span> <span class='ocrx_word' id='word_1_690' title='bbox 1527 4695 1824 4753; x_wconf 88' lang='lat' dir='ltr'><strong>hominem.</strong></span> <span class='ocrx_word' id='word_1_691' title='bbox 1880 4698 2022 4769; x_wconf 84' lang='lat' dir='ltr'><strong>Ergo</strong></span> <span class='ocrx_word' id='word_1_692' title='bbox 2062 4716 2186 4769; x_wconf 67' lang='lat' dir='ltr'><strong>quae</strong></span> 
     </span>
    </p>
   </div>
   <div class='ocr_carea' id='block_1_89' title="bbox 600 4787 2189 4864">
    <p class='ocr_par' dir='ltr' id='par_1_89' title="bbox 600 4787 2189 4864">
     <span class='ocr_line' id='line_1_89' title="bbox 600 4787 2189 4864; baseline 0.002 -25"><span class='ocrx_word' id='word_1_693' title='bbox 600 4787 654 4840; x_wconf 88' lang='lat' dir='ltr'><strong>in</strong></span> <span class='ocrx_word' id='word_1_694' title='bbox 689 4802 754 4841; x_wconf 90' lang='lat' dir='ltr'><strong>eo</strong></span> <span class='ocrx_word' id='word_1_695' title='bbox 786 4795 916 4842; x_wconf 87' lang='lat' dir='ltr'><strong>sunt</strong></span> <span class='ocrx_word' id='word_1_696' title='bbox 949 4788 1134 4843; x_wconf 85' lang='lat' dir='ltr'><strong>omnia</strong></span> <span class='ocrx_word' id='word_1_697' title='bbox 1174 4789 1415 4859; x_wconf 63' lang='lat' dir='ltr'><strong>periei-te</strong></span> <span class='ocrx_word' id='word_1_698' title='bbox 1470 4792 1734 4863; x_wconf 87' lang='lat' dir='ltr'><strong>suscepit.</strong></span> <span class='ocrx_word' id='word_1_699' title='bbox 1790 4792 2009 4864; x_wconf 84' lang='lat' dir='ltr'><strong>Alioqui</strong></span> <span class='ocrx_word' id='word_1_700' title='bbox 2054 4812 2189 4863; x_wconf 76' lang='lat' dir='ltr'><strong>quo.</strong></span> 
     </span>
    </p>
   </div>
   <div class='ocr_carea' id='block_1_90' title="bbox 598 4880 2189 4954">
    <p class='ocr_par' dir='ltr' id='par_1_90' title="bbox 598 4880 2189 4954">
     <span class='ocr_line' id='line_1_90' title="bbox 598 4880 2189 4954; baseline 0.005 -22"><span class='ocrx_word' id='word_1_701' title='bbox 598 4880 762 4935; x_wconf 88' lang='lat' dir='ltr'><strong>modo</strong></span> <span class='ocrx_word' id='word_1_702' title='bbox 810 4880 926 4935; x_wconf 67' lang='grc' dir='ltr'><strong>Ι]ωο</strong></span> <span class='ocrx_word' id='word_1_703' title='bbox 977 4880 1032 4935; x_wconf 85' lang='lat' dir='ltr'><strong>in</strong></span> <span class='ocrx_word' id='word_1_704' title='bbox 1086 4881 1180 4936; x_wconf 91' lang='lat' dir='ltr'><strong>illo</strong></span> <span class='ocrx_word' id='word_1_705' title='bbox 1224 4898 1349 4935; x_wconf 83' lang='lat' dir='ltr'><strong>vera</strong></span> <span class='ocrx_word' id='word_1_706' title='bbox 1400 4899 1524 4938; x_wconf 89' lang='lat' dir='ltr'><strong>esse</strong></span> <span class='ocrx_word' id='word_1_707' title='bbox 1584 4885 1914 4951; x_wconf 87' lang='lat' dir='ltr'><strong>potuissent,</strong></span> <span class='ocrx_word' id='word_1_708' title='bbox 1962 4901 2084 4954; x_wconf 75' lang='lat' dir='ltr'><strong>qua:</strong></span> <span class='ocrx_word' id='word_1_709' title='bbox 2121 4886 2189 4940; x_wconf 83' lang='lat' dir='ltr'><strong>de</strong></span> 
     </span>
    </p>
   </div>
   <div class='ocr_carea' id='block_1_91' title="bbox 597 4971 2185 5044">
    <p class='ocr_par' dir='ltr' id='par_1_91' title="bbox 597 4971 2185 5044">
     <span class='ocr_line' id='line_1_91' title="bbox 597 4971 2185 5044; baseline 0.003 -20"><span class='ocrx_word' id='word_1_710' title='bbox 597 4971 821 5027; x_wconf 89' lang='lat' dir='ltr'><strong>homine</strong></span> <span class='ocrx_word' id='word_1_711' title='bbox 849 4988 914 5026; x_wconf 89' lang='lat' dir='ltr'><strong>ex</strong></span> <span class='ocrx_word' id='word_1_712' title='bbox 951 4983 1152 5035; x_wconf 90' lang='lat' dir='ltr'><strong>mente,</strong></span> <span class='ocrx_word' id='word_1_713' title='bbox 1193 4988 1446 5044; x_wconf 89' lang='lat' dir='ltr'><strong>corpore,</strong></span> <span class='ocrx_word' id='word_1_714' title='bbox 1484 4976 1692 5036; x_wconf 84' lang='lat' dir='ltr'><strong>anima,</strong></span> <span class='ocrx_word' id='word_1_715' title='bbox 1730 4990 1793 5027; x_wconf 87' lang='lat' dir='ltr'><strong>ac</strong></span> <span class='ocrx_word' id='word_1_716' title='bbox 1827 4974 2037 5042; x_wconf 87' lang='lat' dir='ltr'><strong>reliqua</strong></span> <span class='ocrx_word' id='word_1_717' title='bbox 2080 4976 2185 5028; x_wconf 81' lang='lat' dir='ltr'><strong>hu-</strong></span> 
     </span>
    </p>
   </div>
   <div class='ocr_carea' id='block_1_92' title="bbox 599 5066 2179 5136">
    <p class='ocr_par' dir='ltr' id='par_1_92' title="bbox 599 5066 2179 5136">
     <span class='ocr_line' id='line_1_92' title="bbox 599 5066 2179 5136; baseline 0.003 -17"><span class='ocrx_word' id='word_1_718' title='bbox 599 5080 775 5119; x_wconf 72' lang='lat' dir='ltr'><strong>mana:</strong></span> <span class='ocrx_word' id='word_1_719' title='bbox 806 5066 928 5119; x_wconf 75' lang='lat' dir='ltr'><strong>vita:</strong></span> <span class='ocrx_word' id='word_1_720' title='bbox 964 5067 1279 5121; x_wconf 86' lang='lat' dir='ltr'><strong>conditione</strong></span> <span class='ocrx_word' id='word_1_721' title='bbox 1324 5077 1518 5136; x_wconf 65' lang='lat' dir='ltr'><strong>przeter</strong></span> <span class='ocrx_word' id='word_1_722' title='bbox 1556 5075 1837 5136; x_wconf 86' lang='lat' dir='ltr'><strong>peccatum</strong></span> <span class='ocrx_word' id='word_1_723' title='bbox 1867 5072 2179 5123; x_wconf 83' lang='lat' dir='ltr'><strong>constante.</strong></span> 
     </span>
    </p>
   </div>
   <div class='ocr_carea' id='block_1_93' title="bbox 598 5157 2183 5229">
    <p class='ocr_par' dir='ltr' id='par_1_93' title="bbox 598 5157 2183 5229">
     <span class='ocr_line' id='line_1_93' title="bbox 598 5157 2183 5229; baseline -0.003 -14"><span class='ocrx_word' id='word_1_724' title='bbox 598 5174 628 5215; x_wconf 71' lang='grc' dir='ltr'><strong>ει</strong></span> <span class='ocrx_word' id='word_1_725' title='bbox 665 5159 945 5228; x_wconf 82' lang='lat' dir='ltr'><strong>prephetis</strong></span> <span class='ocrx_word' id='word_1_726' title='bbox 978 5159 1236 5228; x_wconf 74' lang='lat' dir='ltr'><strong>praedicta</strong></span> <span class='ocrx_word' id='word_1_727' title='bbox 1263 5160 1735 5229; x_wconf 86' lang='lat' dir='ltr'><strong>pronuntiataque</strong></span> <span class='ocrx_word' id='word_1_728' title='bbox 1777 5157 1951 5213; x_wconf 86' lang='lat' dir='ltr'><strong>sunt?</strong></span> <span class='ocrx_word' id='word_1_729' title='bbox 1999 5158 2183 5227; x_wconf 84' lang='lat' dir='ltr'><strong>Siqui-</strong></span> 
     </span>
    </p>
   </div>
   <div class='ocr_carea' id='block_1_94' title="bbox 598 5250 2177 5324">
    <p class='ocr_par' dir='ltr' id='par_1_94' title="bbox 598 5250 2177 5324">
     <span class='ocr_line' id='line_1_94' title="bbox 598 5250 2177 5324; baseline -0.001 -19"><span class='ocrx_word' id='word_1_730' title='bbox 598 5250 720 5306; x_wconf 89' lang='lat' dir='ltr'><strong>dem</strong></span> <span class='ocrx_word' id='word_1_731' title='bbox 754 5252 1042 5308; x_wconf 80' lang='lat' dir='ltr'><strong>manileste</strong></span> <span class='ocrx_word' id='word_1_732' title='bbox 1073 5253 1355 5324; x_wconf 87' lang='lat' dir='ltr'><strong>Scriptura</strong></span> <span class='ocrx_word' id='word_1_733' title='bbox 1391 5268 1491 5307; x_wconf 88' lang='lat' dir='ltr'><strong>nos</strong></span> <span class='ocrx_word' id='word_1_734' title='bbox 1524 5253 1609 5306; x_wconf 92' lang='lat' dir='ltr'><strong>his</strong></span> <span class='ocrx_word' id='word_1_735' title='bbox 1646 5253 1829 5307; x_wconf 78' lang='lat' dir='ltr'><strong>verbis</strong></span> <span class='ocrx_word' id='word_1_736' title='bbox 1872 5252 2133 5306; x_wconf 87' lang='lat' dir='ltr'><strong>admonet</strong></span> <span class='ocrx_word' id='word_1_737' title='bbox 2164 5270 2177 5303; x_wconf 92' lang='lat'><strong>:</strong></span> 
     </span>
    </p>
   </div>
   <div class='ocr_carea' id='block_1_95' title="bbox 598 5343 2185 5415">
    <p class='ocr_par' dir='ltr' id='par_1_95' title="bbox 598 5343 2185 5415">
     <span class='ocr_line' id='line_1_95' title="bbox 598 5343 2185 5415; baseline 0.003 -18"><span class='ocrx_word' id='word_1_738' title='bbox 598 5343 731 5400; x_wconf 81' lang='lat' dir='ltr'><strong>Ecce</strong></span> <span class='ocrx_word' id='word_1_739' title='bbox 754 5343 1007 5415; x_wconf 80' lang='lat' dir='ltr'><strong>intelliget</strong></span> <span class='ocrx_word' id='word_1_740' title='bbox 1032 5344 1175 5399; x_wconf 85' lang='lat' dir='ltr'><strong>Puer</strong></span> <span class='ocrx_word' id='word_1_741' title='bbox 1203 5362 1346 5398; x_wconf 84' lang='lat' dir='ltr'><strong>meus</strong></span> <span class='ocrx_word' id='word_1_742' title='bbox 1374 5346 1616 5410; x_wconf 82' lang='lat' dir='ltr'><strong>dilectus,</strong></span> <span class='ocrx_word' id='word_1_743' title='bbox 1644 5361 1794 5415; x_wconf 85' lang='lat' dir='ltr'><strong>quem</strong></span> <span class='ocrx_word' id='word_1_744' title='bbox 1821 5346 1971 5414; x_wconf 81' lang='lat' dir='ltr'><strong>elegi,</strong></span> <span class='ocrx_word' id='word_1_745' title='bbox 2002 5346 2055 5397; x_wconf 85' lang='lat' dir='ltr'><strong>in</strong></span> <span class='ocrx_word' id='word_1_746' title='bbox 2084 5362 2185 5415; x_wconf 87' lang='lat' dir='ltr'><strong>quo</strong></span> 
     </span>
    </p>
   </div>
   <div class='ocr_carea' id='block_1_96' title="bbox 666 5455 1775 5524">
    <p class='ocr_par' dir='ltr' id='par_1_96' title="bbox 666 5455 1775 5524">
     <span class='ocr_line' id='line_1_96' title="bbox 666 5455 1775 5524; baseline 0.005 -16"><span class='ocrx_word' id='word_1_747' title='bbox 666 5458 683 5487; x_wconf 79' lang='grc'>⁸</span> <span class='ocrx_word' id='word_1_748' title='bbox 716 5455 736 5508; x_wconf 90' lang='lat' dir='ltr'><strong>l</strong></span> <span class='ocrx_word' id='word_1_749' title='bbox 765 5458 892 5512; x_wconf 82' lang='lat' dir='ltr'><strong>Cor.</strong></span> <span class='ocrx_word' id='word_1_750' title='bbox 927 5458 1151 5524; x_wconf 79' lang='lat' dir='ltr'><strong>xlv,15.</strong></span> <span class='ocrx_word' id='word_1_751' title='bbox 1230 5458 1249 5487; x_wconf 84' lang='grc'>¹</span> <span class='ocrx_word' id='word_1_752' title='bbox 1282 5456 1480 5512; x_wconf 84' lang='lat' dir='ltr'><strong>Ezecb.</strong></span> <span class='ocrx_word' id='word_1_753' title='bbox 1523 5474 1675 5524; x_wconf 75' lang='lat' dir='ltr'><strong>mu,</strong></span> <span class='ocrx_word' id='word_1_754' title='bbox 1722 5458 1775 5513; x_wconf 71' lang='grc'>4.</span> 
     </span>
    </p>
   </div>
   <div class='ocr_carea' id='block_1_97' title="bbox 598 5530 857 5581">
    <p class='ocr_par' dir='ltr' id='par_1_97' title="bbox 598 5530 857 5581">
     <span class='ocr_line' id='line_1_97' title="bbox 598 5530 857 5581; baseline 0.015 -4"><span class='ocrx_word' id='word_1_755' title='bbox 598 5530 857 5581; x_wconf 77' lang='grc' dir='ltr'>συνιέναι.</span> 
     </span>
    </p>
   </div>
   <div class='ocr_carea' id='block_1_98' title="bbox 668 5639 2179 5712">
    <p class='ocr_par' dir='ltr' id='par_1_98' title="bbox 668 5639 2179 5712">
     <span class='ocr_line' id='line_1_98' title="bbox 668 5639 2179 5712; baseline 0 -16"><span class='ocrx_word' id='word_1_756' title='bbox 668 5639 781 5712; x_wconf 68' lang='lat' dir='ltr'><strong>(5G)</strong></span> <span class='ocrx_word' id='word_1_757' title='bbox 819 5640 890 5712; x_wconf 67' lang='lat' dir='ltr'><strong>re</strong></span> <span class='ocrx_word' id='word_1_758' title='bbox 930 5640 1259 5712; x_wconf 66' lang='grc' dir='ltr'>σῄνθετθν,</span> <span class='ocrx_word' id='word_1_759' title='bbox 1323 5642 1699 5712; x_wconf 86' lang='lat' dir='ltr'><strong>conjunctum,</strong></span> <span class='ocrx_word' id='word_1_760' title='bbox 1742 5641 1954 5695; x_wconf 91' lang='lat' dir='ltr'><strong>unitum</strong></span> <span class='ocrx_word' id='word_1_761' title='bbox 1997 5641 2179 5712; x_wconf 83' lang='lat' dir='ltr'><strong>potius</strong></span> 
     </span>
    </p>
   </div>
   <div class='ocr_carea' id='block_1_99' title="bbox 599 5707 1821 5782">
    <p class='ocr_par' dir='ltr' id='par_1_99' title="bbox 599 5707 1821 5782">
     <span class='ocr_line' id='line_1_99' title="bbox 599 5707 1821 5782; baseline -0.01 -7"><span class='ocrx_word' id='word_1_762' title='bbox 599 5707 788 5782; x_wconf 48' lang='grc' dir='ltr'><strong>θος-ΕΙ</strong></span> <span class='ocrx_word' id='word_1_763' title='bbox 817 5711 937 5782; x_wconf 66' lang='lat' dir='ltr'><strong>l090</strong></span> <span class='ocrx_word' id='word_1_764' title='bbox 965 5710 1202 5782; x_wconf 74' lang='lat' dir='ltr'><strong>diceres,</strong></span> <span class='ocrx_word' id='word_1_765' title='bbox 1237 5727 1398 5781; x_wconf 55' lang='lat' dir='ltr'><strong>(ruam</strong></span> <span class='ocrx_word' id='word_1_766' title='bbox 1427 5707 1821 5782; x_wconf 77' lang='lat' dir='ltr'><strong>compositum.</strong></span> 
     </span>
    </p>
   </div>
   <div class='ocr_carea' id='block_1_100' title="bbox 668 5776 2179 5852">
    <p class='ocr_par' dir='ltr' id='par_1_100' title="bbox 668 5776 2179 5852">
     <span class='ocr_line' id='line_1_100' title="bbox 668 5776 2179 5852; baseline 0.003 -22"><span class='ocrx_word' id='word_1_767' title='bbox 668 5776 781 5852; x_wconf 70' lang='grc'><strong>(57)</strong></span> <span class='ocrx_word' id='word_1_768' title='bbox 817 5779 1018 5841; x_wconf 78' lang='grc' dir='ltr'>Οὕτως</span> <span class='ocrx_word' id='word_1_769' title='bbox 1042 5779 1188 5846; x_wconf 75' lang='grc' dir='ltr'>ναῦς</span> <span class='ocrx_word' id='word_1_770' title='bbox 1207 5776 1276 5837; x_wconf 59' lang='lat' dir='ltr'><strong>ei-</strong></span> <span class='ocrx_word' id='word_1_771' title='bbox 1298 5782 1488 5852; x_wconf 69' lang='grc' dir='ltr'>ψυχῇ.</span> <span class='ocrx_word' id='word_1_772' title='bbox 1526 5776 1756 5852; x_wconf 60' lang='lat' dir='ltr'><strong>Mentem</strong></span> <span class='ocrx_word' id='word_1_773' title='bbox 1780 5779 1953 5852; x_wconf 85' lang='lat' dir='ltr'><strong>igitur</strong></span> <span class='ocrx_word' id='word_1_774' title='bbox 1983 5781 2179 5852; x_wconf 63' lang='lat' dir='ltr'><strong>anima:</strong></span> 
     </span>
    </p>
   </div>
   <div class='ocr_carea' id='block_1_101' title="bbox 597 5848 2185 5921">
    <p class='ocr_par' dir='ltr' id='par_1_101' title="bbox 597 5848 2185 5921">
     <span class='ocr_line' id='line_1_101' title="bbox 597 5848 2185 5921; baseline 0.004 -22"><span class='ocrx_word' id='word_1_775' title='bbox 597 5848 986 5916; x_wconf 86' lang='lat' dir='ltr'><strong>proprietatem</strong></span> <span class='ocrx_word' id='word_1_776' title='bbox 1019 5858 1140 5903; x_wconf 88' lang='lat' dir='ltr'><strong>esse</strong></span> <span class='ocrx_word' id='word_1_777' title='bbox 1168 5848 1319 5909; x_wconf 74' lang='lat' dir='ltr'><strong>recte</strong></span> <span class='ocrx_word' id='word_1_778' title='bbox 1364 5848 1600 5910; x_wconf 75' lang='lat' dir='ltr'><strong>credidit</strong></span> <span class='ocrx_word' id='word_1_779' title='bbox 1638 5848 1997 5921; x_wconf 75' lang='lat' dir='ltr'><strong>Epiphanius.</strong></span> <span class='ocrx_word' id='word_1_780' title='bbox 2032 5851 2185 5917; x_wconf 82' lang='lat' dir='ltr'><strong>Quo-</strong></span> 
     </span>
    </p>
   </div>
   <div class='ocr_carea' id='block_1_102' title="bbox 1869 5458 2376 5523">
    <p class='ocr_par' dir='ltr' id='par_1_102' title="bbox 1869 5458 2376 5523">
     <span class='ocr_line' id='line_1_102' title="bbox 1869 5458 2376 5523; baseline 0.002 -11"><span class='ocrx_word' id='word_1_781' title='bbox 1869 5458 1889 5488; x_wconf 87' lang='grc'>⁸</span> <span class='ocrx_word' id='word_1_782' title='bbox 1924 5460 2046 5513; x_wconf 84' lang='lat' dir='ltr'><strong>Act.</strong></span> <span class='ocrx_word' id='word_1_783' title='bbox 2082 5473 2255 5523; x_wconf 78' lang='lat' dir='ltr'><strong>xxvu,</strong></span> <span class='ocrx_word' id='word_1_784' title='bbox 2289 5459 2376 5514; x_wconf 80' lang='grc'><strong>57.</strong></span> 
     </span>
    </p>
   </div>
   <div class='ocr_carea' id='block_1_103' title="bbox 2303 4692 3831 4775">
    <p class='ocr_par' dir='ltr' id='par_1_103' title="bbox 2303 4692 3831 4775">
     <span class='ocr_line' id='line_1_103' title="bbox 2303 4692 3831 4775; baseline -0.01 -17"><span class='ocrx_word' id='word_1_785' title='bbox 2303 4706 2398 4775; x_wconf 79' lang='grc' dir='ltr'>μὲν</span> <span class='ocrx_word' id='word_1_786' title='bbox 2432 4706 2512 4767; x_wconf 87' lang='grc' dir='ltr'><strong>είς</strong></span> <span class='ocrx_word' id='word_1_787' title='bbox 2568 4704 2668 4774; x_wconf 84' lang='grc' dir='ltr'>τὴν</span> <span class='ocrx_word' id='word_1_788' title='bbox 2702 4703 2952 4774; x_wconf 85' lang='grc' dir='ltr'>θεότητα,</span> <span class='ocrx_word' id='word_1_789' title='bbox 2988 4702 3173 4772; x_wconf 82' lang='grc' dir='ltr'>ἐνδεὴς</span> <span class='ocrx_word' id='word_1_790' title='bbox 3195 4700 3304 4770; x_wconf 80' lang='grc' dir='ltr'>ἄρα</span> <span class='ocrx_word' id='word_1_791' title='bbox 3344 4701 3375 4769; x_wconf 83' lang='grc' dir='ltr'>ἡ</span> <span class='ocrx_word' id='word_1_792' title='bbox 3410 4698 3601 4767; x_wconf 81' lang='grc' dir='ltr'>Θεότης</span> <span class='ocrx_word' id='word_1_793' title='bbox 3629 4692 3714 4745; x_wconf 85' lang='grc' dir='ltr'><strong>τοῦ</strong></span> <span class='ocrx_word' id='word_1_794' title='bbox 3738 4704 3831 4741; x_wconf 81' lang='grc' dir='ltr'>συν·</span> 
     </span>
    </p>
   </div>
   <div class='ocr_carea' id='block_1_104' title="bbox 2298 4783 3833 4870">
    <p class='ocr_par' dir='ltr' id='par_1_104' title="bbox 2298 4783 3833 4870">
     <span class='ocr_line' id='line_1_104' title="bbox 2298 4783 3833 4870; baseline -0.01 -18"><span class='ocrx_word' id='word_1_795' title='bbox 2298 4800 2470 4865; x_wconf 79' lang='grc' dir='ltr'>ιὲναι;</span> <span class='ocrx_word' id='word_1_796' title='bbox 2497 4799 2587 4870; x_wconf 75' lang='grc' dir='ltr'><strong>Μὴ</strong></span> <span class='ocrx_word' id='word_1_797' title='bbox 2620 4799 2858 4867; x_wconf 73' lang='grc' dir='ltr'>γένοιτοί</span> <span class='ocrx_word' id='word_1_798' title='bbox 2894 4796 3061 4857; x_wconf 80' lang='grc' dir='ltr'>Τοῦτο</span> <span class='ocrx_word' id='word_1_799' title='bbox 3093 4798 3200 4868; x_wconf 78' lang='grc' dir='ltr'>γὰρ</span> <span class='ocrx_word' id='word_1_800' title='bbox 3236 4798 3316 4858; x_wconf 82' lang='grc' dir='ltr'><strong>εἰς</strong></span> <span class='ocrx_word' id='word_1_801' title='bbox 3350 4794 3440 4846; x_wconf 68' lang='grc' dir='ltr'>τὸν</span> <span class='ocrx_word' id='word_1_802' title='bbox 3481 4788 3737 4864; x_wconf 75' lang='grc' dir='ltr'>Κυριακδν</span> <span class='ocrx_word' id='word_1_803' title='bbox 3763 4783 3833 4837; x_wconf 70' lang='grc' dir='ltr'><strong>ἆτ-</strong></span> 
     </span>
    </p>
   </div>
   <div class='ocr_carea' id='block_1_105' title="bbox 2296 4880 3832 4962">
    <p class='ocr_par' dir='ltr' id='par_1_105' title="bbox 2296 4880 3832 4962">
     <span class='ocr_line' id='line_1_105' title="bbox 2296 4880 3832 4962; baseline -0.009 -18"><span class='ocrx_word' id='word_1_804' title='bbox 2296 4892 2512 4962; x_wconf 85' lang='grc' dir='ltr'>Ορωπον</span> <span class='ocrx_word' id='word_1_805' title='bbox 2542 4890 2865 4961; x_wconf 84' lang='grc' dir='ltr'>πληροῦται.</span> <span class='ocrx_word' id='word_1_806' title='bbox 2897 4890 2961 4942; x_wconf 81' lang='grc' dir='ltr'><strong>Εἰ</strong></span> <span class='ocrx_word' id='word_1_807' title='bbox 2988 4889 3043 4941; x_wconf 83' lang='grc' dir='ltr'>δὲ</span> <span class='ocrx_word' id='word_1_808' title='bbox 3069 4890 3162 4940; x_wconf 71' lang='grc' dir='ltr'><strong>ἐπὶ</strong></span> <span class='ocrx_word' id='word_1_809' title='bbox 3183 4888 3272 4941; x_wconf 81' lang='grc' dir='ltr'><strong>τὸν</strong></span> <span class='ocrx_word' id='word_1_810' title='bbox 3297 4884 3574 4957; x_wconf 62' lang='grc' dir='ltr'>κυριακὸν</span> <span class='ocrx_word' id='word_1_811' title='bbox 3598 4880 3832 4950; x_wconf 76' lang='grc' dir='ltr'>ἇνῦρωπον</span> 
     </span>
    </p>
   </div>
   <div class='ocr_carea' id='block_1_106' title="bbox 2293 4962 3833 5051">
    <p class='ocr_par' dir='ltr' id='par_1_106' title="bbox 2293 4962 3833 5051">
     <span class='ocr_line' id='line_1_106' title="bbox 2293 4962 3833 5051; baseline -0.008 -19"><span class='ocrx_word' id='word_1_812' title='bbox 2293 4980 2673 5051; x_wconf 79' lang='grc' dir='ltr'>πεπλήρωται,</span> <span class='ocrx_word' id='word_1_813' title='bbox 2707 4978 2827 5041; x_wconf 86' lang='grc' dir='ltr'>πῶς</span> <span class='ocrx_word' id='word_1_814' title='bbox 2882 4979 3102 5048; x_wconf 83' lang='grc' dir='ltr'>συνήσει</span> <span class='ocrx_word' id='word_1_815' title='bbox 3144 4976 3559 5047; x_wconf 76' lang='grc' dir='ltr'>ἐνανθρώπησις</span> <span class='ocrx_word' id='word_1_816' title='bbox 3601 4973 3716 5026; x_wconf 81' lang='grc' dir='ltr'>ἄνευ</span> <span class='ocrx_word' id='word_1_817' title='bbox 3746 4962 3833 5022; x_wconf 75' lang='grc' dir='ltr'>νοὸς</span> 
     </span>
    </p>
   </div>
   <div class='ocr_carea' id='block_1_107' title="bbox 2292 5064 3831 5143">
    <p class='ocr_par' dir='ltr' id='par_1_107' title="bbox 2292 5064 3831 5143">
     <span class='ocr_line' id='line_1_107' title="bbox 2292 5064 3831 5143; baseline -0.008 -20"><span class='ocrx_word' id='word_1_818' title='bbox 2292 5072 2647 5143; x_wconf 81' lang='grc' dir='ltr'>ὑπάρχουσα;</span> <span class='ocrx_word' id='word_1_819' title='bbox 2681 5070 2942 5124; x_wconf 77' lang='grc' dir='ltr'>ἀδύνατον</span> <span class='ocrx_word' id='word_1_820' title='bbox 2974 5070 3163 5123; x_wconf 84' lang='grc' dir='ltr'>τοῦτο·</span> <span class='ocrx_word' id='word_1_821' title='bbox 3200 5071 3247 5123; x_wconf 84' lang='grc' dir='ltr'>εἰ</span> <span class='ocrx_word' id='word_1_822' title='bbox 3290 5069 3400 5141; x_wconf 80' lang='grc' dir='ltr'>γὰρ</span> <span class='ocrx_word' id='word_1_823' title='bbox 3444 5068 3579 5129; x_wconf 81' lang='grc' dir='ltr'>ὅλως</span> <span class='ocrx_word' id='word_1_824' title='bbox 3622 5064 3677 5117; x_wconf 79' lang='grc' dir='ltr'>τὸ</span> <span class='ocrx_word' id='word_1_825' title='bbox 3717 5070 3831 5114; x_wconf 70' lang='grc' dir='ltr'>συν-</span> 
     </span>
    </p>
   </div>
   <div class='ocr_carea' id='block_1_108' title="bbox 2292 5148 3831 5234">
    <p class='ocr_par' dir='ltr' id='par_1_108' title="bbox 2292 5148 3831 5234">
     <span class='ocr_line' id='line_1_108' title="bbox 2292 5148 3831 5234; baseline -0.01 -18"><span class='ocrx_word' id='word_1_826' title='bbox 2292 5161 2428 5226; x_wconf 74' lang='grc' dir='ltr'>ήσει</span> <span class='ocrx_word' id='word_1_827' title='bbox 2465 5162 2556 5214; x_wconf 72' lang='grc' dir='ltr'><strong>ἐπὶ</strong></span> <span class='ocrx_word' id='word_1_828' title='bbox 2581 5162 2671 5215; x_wconf 86' lang='grc' dir='ltr'><strong>τὸν</strong></span> <span class='ocrx_word' id='word_1_829' title='bbox 2692 5161 2927 5231; x_wconf 78' lang='grc' dir='ltr'>Χριστὸν</span> <span class='ocrx_word' id='word_1_830' title='bbox 2961 5161 3317 5234; x_wconf 67' lang='grc' dir='ltr'>ἀναφέρεται,</span> <span class='ocrx_word' id='word_1_831' title='bbox 3348 5160 3579 5231; x_wconf 76' lang='grc' dir='ltr'>Χριστὸς</span> <span class='ocrx_word' id='word_1_832' title='bbox 3599 5157 3649 5210; x_wconf 87' lang='grc' dir='ltr'><strong>δὲ</strong></span> <span class='ocrx_word' id='word_1_833' title='bbox 3672 5148 3831 5206; x_wconf 78' lang='grc' dir='ltr'>ἄνωθεν</span> 
     </span>
    </p>
   </div>
   <div class='ocr_carea' id='block_1_109' title="bbox 2294 5238 3831 5322">
    <p class='ocr_par' dir='ltr' id='par_1_109' title="bbox 2294 5238 3831 5322">
     <span class='ocr_line' id='line_1_109' title="bbox 2294 5238 3831 5322; baseline -0.01 -12"><span class='ocrx_word' id='word_1_834' title='bbox 2294 5250 2426 5309; x_wconf 79' lang='grc' dir='ltr'>Θεὸς</span> <span class='ocrx_word' id='word_1_835' title='bbox 2449 5251 2642 5317; x_wconf 78' lang='grc' dir='ltr'>Λόγος,</span> <span class='ocrx_word' id='word_1_836' title='bbox 2679 5250 2816 5322; x_wconf 77' lang='grc' dir='ltr'>σὰρξ</span> <span class='ocrx_word' id='word_1_837' title='bbox 2844 5251 2902 5303; x_wconf 80' lang='grc' dir='ltr'><strong>δὲ</strong></span> <span class='ocrx_word' id='word_1_838' title='bbox 2928 5251 3219 5321; x_wconf 83' lang='grc' dir='ltr'>γενόμενος</span> <span class='ocrx_word' id='word_1_839' title='bbox 3262 5251 3370 5303; x_wconf 84' lang='grc' dir='ltr'>ἀπὸ</span> <span class='ocrx_word' id='word_1_840' title='bbox 3404 5249 3636 5319; x_wconf 86' lang='grc' dir='ltr'>Μαρίας,</span> <span class='ocrx_word' id='word_1_841' title='bbox 3675 5238 3831 5297; x_wconf 72' lang='grc' dir='ltr'>καὶένο</span> 
     </span>
    </p>
   </div>
   <div class='ocr_carea' id='block_1_110' title="bbox 2296 5326 3831 5415">
    <p class='ocr_par' dir='ltr' id='par_1_110' title="bbox 2296 5326 3831 5415">
     <span class='ocr_line' id='line_1_110' title="bbox 2296 5326 3831 5415; baseline -0.001 -18"><span class='ocrx_word' id='word_1_842' title='bbox 2296 5343 2557 5415; x_wconf 79' lang='grc' dir='ltr'>ανθρωπή</span> <span class='ocrx_word' id='word_1_843' title='bbox 2568 5361 2662 5407; x_wconf 86' lang='grc' dir='ltr'><strong>σας</strong></span> <span class='ocrx_word' id='word_1_844' title='bbox 2707 5346 2839 5414; x_wconf 72' lang='grc' dir='ltr'>ἡμῖν</span> <span class='ocrx_word' id='word_1_845' title='bbox 2872 5344 3282 5414; x_wconf 80' lang='grc' dir='ltr'>συνανεστράφη</span> <span class='ocrx_word' id='word_1_846' title='bbox 3309 5342 3449 5397; x_wconf 76' lang='grc' dir='ltr'>κατὰ</span> <span class='ocrx_word' id='word_1_847' title='bbox 3476 5342 3535 5395; x_wconf 83' lang='grc' dir='ltr'>τὸ</span> <span class='ocrx_word' id='word_1_848' title='bbox 3561 5326 3831 5409; x_wconf 78' lang='grc' dir='ltr'>γεγραμμέ-</span> 
     </span>
    </p>
   </div>
   <div class='ocr_carea' id='block_1_111' title="bbox 3665 5443 3831 5505">
    <p class='ocr_par' dir='ltr' id='par_1_111' title="bbox 3665 5443 3831 5505">
     <span class='ocr_line' id='line_1_111' title="bbox 3665 5443 3831 5505; baseline 0 -13"><span class='ocrx_word' id='word_1_849' title='bbox 3665 5452 3683 5482; x_wconf 75' lang='grc' dir='ltr'>σ</span> <span class='ocrx_word' id='word_1_850' title='bbox 3711 5447 3760 5505; x_wconf 59' lang='grc' dir='ltr'><strong>ξε,</strong></span> <span class='ocrx_word' id='word_1_851' title='bbox 3788 5443 3831 5492; x_wconf 60' lang='grc' dir='ltr'>τὸ</span> 
     </span>
    </p>
   </div>
   <div class='ocr_carea' id='block_1_112' title="bbox 2493 5457 3565 5529">
    <p class='ocr_par' dir='ltr' id='par_1_112' title="bbox 2493 5457 3565 5529">
     <span class='ocr_line' id='line_1_112' title="bbox 2493 5457 3565 5529; baseline -0.001 -15"><span class='ocrx_word' id='word_1_852' title='bbox 2493 5460 2513 5491; x_wconf 72' lang='grc'>⁸</span> <span class='ocrx_word' id='word_1_853' title='bbox 2540 5458 2699 5515; x_wconf 81' lang='lat' dir='ltr'><strong>Joan.</strong></span> <span class='ocrx_word' id='word_1_854' title='bbox 2726 5475 2765 5524; x_wconf 75' lang='grc' dir='ltr'><strong>ι,</strong></span> <span class='ocrx_word' id='word_1_855' title='bbox 2804 5460 2888 5515; x_wconf 74' lang='grc' dir='ltr'>Η.</span> <span class='ocrx_word' id='word_1_856' title='bbox 3000 5461 3018 5489; x_wconf 82' lang='grc'><em>⁵</em></span> <span class='ocrx_word' id='word_1_857' title='bbox 3049 5457 3106 5515; x_wconf 81' lang='lat' dir='ltr'><strong>F.</strong></span> <span class='ocrx_word' id='word_1_858' title='bbox 3146 5459 3565 5529; x_wconf 68' lang='grc' dir='ltr'>πεπλασμένων.</span> 
     </span>
    </p>
   </div>
   <div class='ocr_carea' id='block_1_113' title="bbox 2292 5621 3826 5714">
    <p class='ocr_par' dir='ltr' id='par_1_113' title="bbox 2292 5621 3826 5714">
     <span class='ocr_line' id='line_1_113' title="bbox 2292 5621 3826 5714; baseline -0.007 -17"><span class='ocrx_word' id='word_1_859' title='bbox 2292 5643 2613 5714; x_wconf 88' lang='lat' dir='ltr'><strong>tiescunque</strong></span> <span class='ocrx_word' id='word_1_860' title='bbox 2650 5644 2816 5713; x_wconf 83' lang='lat' dir='ltr'><strong>igitur</strong></span> <span class='ocrx_word' id='word_1_861' title='bbox 2850 5643 3090 5697; x_wconf 86' lang='lat' dir='ltr'><strong>animam</strong></span> <span class='ocrx_word' id='word_1_862' title='bbox 3146 5658 3174 5696; x_wconf 88' lang='lat' dir='ltr'><strong>a</strong></span> <span class='ocrx_word' id='word_1_863' title='bbox 3223 5652 3405 5697; x_wconf 91' lang='lat' dir='ltr'><strong>mente</strong></span> <span class='ocrx_word' id='word_1_864' title='bbox 3436 5641 3726 5714; x_wconf 68' lang='lat' dir='ltr'><strong>distinctam</strong></span> <span class='ocrx_word' id='word_1_865' title='bbox 3752 5621 3826 5714; x_wconf 47' lang='lat' dir='ltr'><strong>tif]:-</strong></span> 
     </span>
    </p>
   </div>
   <div class='ocr_carea' id='block_1_114' title="bbox 2289 5704 3825 5785">
    <p class='ocr_par' dir='ltr' id='par_1_114' title="bbox 2289 5704 3825 5785">
     <span class='ocr_line' id='line_1_114' title="bbox 2289 5704 3825 5785; baseline 0 -16"><span class='ocrx_word' id='word_1_866' title='bbox 2289 5716 2503 5769; x_wconf 78' lang='lat' dir='ltr'><strong>niittere</strong></span> <span class='ocrx_word' id='word_1_867' title='bbox 2528 5704 2771 5779; x_wconf 52' lang='lat' dir='ltr'><strong>&#39;videtvur,</strong></span> <span class='ocrx_word' id='word_1_868' title='bbox 2808 5729 2875 5768; x_wconf 83' lang='lat' dir='ltr'><strong>ex</strong></span> <span class='ocrx_word' id='word_1_869' title='bbox 2912 5715 3358 5771; x_wconf 85' lang='lat' dir='ltr'><strong>adversariorum</strong></span> <span class='ocrx_word' id='word_1_870' title='bbox 3394 5713 3642 5785; x_wconf 88' lang='lat' dir='ltr'><strong>opinione</strong></span> <span class='ocrx_word' id='word_1_871' title='bbox 3681 5704 3825 5769; x_wconf 72' lang='lat' dir='ltr'><strong>loqu&quot;</strong></span> 
     </span>
    </p>
   </div>
   <div class='ocr_carea' id='block_1_115' title="bbox 2287 5785 3307 5855">
    <p class='ocr_par' dir='ltr' id='par_1_115' title="bbox 2287 5785 3307 5855">
     <span class='ocr_line' id='line_1_115' title="bbox 2287 5785 3307 5855; baseline 0 -16"><span class='ocrx_word' id='word_1_872' title='bbox 2287 5791 2395 5853; x_wconf 89' lang='lat' dir='ltr'><strong>tur,</strong></span> <span class='ocrx_word' id='word_1_873' title='bbox 2430 5801 2539 5840; x_wconf 83' lang='lat' dir='ltr'><strong>non</strong></span> <span class='ocrx_word' id='word_1_874' title='bbox 2571 5801 2727 5841; x_wconf 89' lang='lat' dir='ltr'><strong>suam</strong></span> <span class='ocrx_word' id='word_1_875' title='bbox 2757 5785 2910 5855; x_wconf 84' lang='lat' dir='ltr'><strong>ponit</strong></span> <span class='ocrx_word' id='word_1_876' title='bbox 2956 5786 3307 5839; x_wconf 84' lang='lat' dir='ltr'><strong>sententiam.</strong></span> 
     </span>
    </p>
   </div>
  </div>
