3950 6412
224 441 321 500 165
1627 429 2070 488 ANCORATL’S.
3377 431 3484 488 £86

219 576 322 626 νον,
367 560 480 630 ἄρα
527 557 908 630 ἀναμφιϐόλως
946 558 1042 611 σὺν
1093 555 1174 628 τῷ
1217 556 1293 628 νῷ
1334 558 1436 627 τὴν
1476 557 1790 628 οἰκονομίαν

1904 555 1999 609 sibi
2029 554 2213 608 anima
2243 568 2360 607 mea
2386 553 2612 622 placuit.
2634 549 3114 618 PonamSpiritum
3137 554 3480 622 meum',etc.

219 651 450 717 ἐδέξατο,
497 652 681 722 ἐπειδὴ
731 651 879 722 αὑτῷ
935 649 1248 722 συμπρέπει
1283 651 1345 703 τὸ
1382 650 1644 706 συνιέναι.
1690 651 1790 704 Διὰ

1904 645 2010 701 Hoc
2038 646 2205 717 igitur
2226 647 2426 716 ipsum,
2447 645 2771 717 intelligere,
2800 646 3024 700 ubinam
3054 646 3336 718 impletum
3365 651 3482 708 est,

218 736 368 792 τοῦτο
419 739 528 809 γὰρ
576 739 704 810 περὶ
746 737 912 793 αὐτοῦ
945 756 1081 810 φησι
1118 739 1180 792 τὸ
1217 739 1583 809 Εὑαγγέλιον·
1625 744 1793 808 Προ-

1904 740 1948 794 in
1979 755 2089 810 quo
2127 738 2345 793 tandem
2392 754 2452 793 re
2490 738 2609 808 ipsa
2657 737 2957 812 perfectum
3000 737 3130 792 est?
3166 738 3212 791 si
3248 738 3305 792 in
3343 735 3484 791 divi-

216 830 426 887 έκοπτε
463 831 645 900 σοφίᾳ
700 832 797 886 καὶ
843 831 1052 900 ἡλικίᾳ
1078 848 1091 863 ·
1126 831 1225 902 οὐχ
1256 833 1289 901 ἡ
1327 831 1518 903 θεότης
1573 833 1792 902 ἡλικίας

1904 832 2086 897 nitate,
2139 846 2272 902 ergo
2327 831 2418 886 illa
2464 831 2733 886 hactenus
2787 829 3148 900 intelligentia
3200 835 3478 884 caruerat.

218 921 564 994 ὲπιδεχομένη
598 925 638 987 ⁸,
665 923 788 977 οὔτε
826 924 1019 994 σοφίας
1061 923 1365 994 ὑστεροῦσα
1394 924 1427 994 ἡ
1465 919 1598 977 οὖσα
1629 925 1796 994 σοφία

1904 923 2002 978 Sed
2038 925 2180 979 absit
2199 929 2274 977 'ut
2305 923 2448 977 istud
2489 923 2780 978 dicamus!
2823 922 2966 975 Nam
3013 921 3146 974 illud
3199 920 3255 974 in
3298 920 3485 973 Domi-

218 1013 326 1084 ὅλη.
357 1015 546 1083 Σοφίᾳ
597 1015 654 1068 δὲ
702 1014 1073 1083 προέκοπτεν
1100 1014 1195 1067 τοῦ
1225 1015 1476 1085 Σωτῆρος
1519 1014 1789 1086 ἐνανθρώ-

1904 1017 2018 1070 nico
2064 1015 2282 1071 homine
2334 1015 2638 1085 perlectum
2696 1023 2799 1069 est.
2861 1013 3020 1079 Quod
3076 1015 3121 1067 si
3183 1013 3241 1066 in
3299 1009 3486 1065 Domi-

217 1120 394 1173 πησις.
422 1106 522 1158 οὐκ
544 1104 695 1167 ἐκτὸς
730 1103 821 1158 νοῦ
867 1105 1211 1174 ὑπάρχουσα,
1255 1104 1442 1175 ἐπειδὴ
1480 1103 1603 1157 οὑδὲ
1631 1103 1789 1174 σοφί-

1904 1109 2023 1163 nico
2064 1109 2287 1164 homine
2336 1108 2639 1178 perfectum
2683 1115 2807 1174 est,
2855 1106 3132 1177 quomodo
3161 1105 3279 1160 sine
3304 1111 3487 1159 mente

223 1194 407 1250 σασθαι
454 1193 682 1265 ἠδύνατο
706 1211 718 1224 ο
752 1195 846 1248 καὶ
893 1195 1104 1262 ἡλικίᾳ
1143 1195 1534 1263 προέκοπτεν,
1561 1195 1789 1267 ἅδρυνσι-

1904 1201 2173 1256 exsistens
2210 1208 2409 1254 natura
2443 1200 2682 1252 humana
2715 1197 3023 1267 intelligere
3066 1195 3291 1266 potest?
3337 1192 3485 1249 Fieri

223 1287 374 1357 μένου
401 1286 496 1341 τοῦ
529 1287 761 1353 παιδίου,
791 1287 866 1350 ὼς
900 1286 1048 1341 ἐστιν
1075 1287 1294 1358 ἀληθές.

1904 1293 2093 1362 nequit
2135 1293 2396 1356 omnino;
2441 1308 2564 1345 nam
2605 1292 2652 1345 si
2683 1291 2908 1345 verbum
2943 1289 3099 1353 illud,
3133 1286 3484 1356 intelligendi,

222 1378 283 1435 ad
327 1380 605 1435 Christum
664 1381 888 1436 omnino
954 1380 1149 1437 referri
1197 1381 1404 1446 debet,
1455 1382 1714 1438 Christus
1775 1393 1958 1440 autem
2013 1387 2154 1442 Deus
2212 1403 2243 1442 e
2305 1387 2446 1441 etelo
2498 1385 2756 1452 Verbum,
2799 1401 2830 1440 e
2888 1383 3058 1437 Maria
3102 1397 3234 1436 caro
3282 1381 3485 1435 factum

221 1481 315 1538 est,
359 1473 743 1542 hominemque
787 1474 1054 1543 suscepit,
1107 1482 1181 1534 et.
1217 1474 1528 1539 nobiscum,
1602 1487 1661 1530 ut
1715 1478 1793 1530 ait
1835 1477 2144 1548 Scriptura,
2188 1488 2443 1536 versatus
2487 1476 2663 1533 est‘:
2711 1492 2819 1530 non
2877 1474 3104 1529 dubium
3161 1480 3285 1538 est,
3352 1473 3487 1542 quin

218 1574 460 1621 naturam
516 1566 754 1623 hominis
798 1568 905 1622 sibi
950 1582 1060 1622 una
1103 1583 1229 1625 cum
1277 1576 1459 1624 mente
1491 1573 1788 1642 copularit,
1828 1589 1952 1628 cum
2007 1577 2312 1646 intelligere
2362 1575 2468 1645 ipst
2524 1575 2834 1629 conveniat.
2871 1570 3007 1625 Nam
3061 1570 3132 1624 ob
3183 1568 3239 1624 id
3306 1568 3486 1638 ipsum

219 1661 561 1733 Evangelium
588 1663 656 1718 de
683 1678 748 1719 eo
771 1663 846 1718 ita
873 1671 1146 1719 metatur:
1178 1663 1508 1720 Procedebat
1572 1669 1834 1723 rapientia
1871 1679 1920 1723 et
1964 1681 2121 1724 wtate
2149 1671 2192 1724 ⁷.
2255 1669 2375 1723 Non
2431 1669 2694 1724 divinitas
2746 1669 2864 1740 ipsa
2923 1671 3294 1726 accessionem
3345 1671 3490 1739 cepit

218 1754 420 1819 etatis,
486 1769 664 1825 neque
719 1757 1000 1826 sapientiae
1061 1759 1400 1812 incrementa
1459 1757 1790 1815 desideravit
1851 1777 1973 1831 qua:
2030 1769 2144 1816 tota
2207 1762 2473 1831 sapientia
2516 1771 2617 1818 est.
2665 1761 2864 1816 Verum
2909 1763 3146 1817 humana
3186 1759 3488 1817 Salvatoris

218 1853 380 1905 nostri
433 1861 628 1906 natura
684 1851 948 1921 sapientia
1011 1849 1477 1922 progrediebatur;
1541 1870 1651 1909 non
1685 1856 1775 1910 illa
1815 1856 2038 1926 quidem
2074 1857 2278 1912 mentis
2307 1873 2525 1927 expers,
2557 1858 2762 1928 alioqui
2819 1875 2887 1912 ne
2938 1858 3208 1930 sapientia
3262 1857 3485 1929 quidem

220 1940 431 2010 praedita
473 1955 599 1997 esse
644 1942 960 2011 potuisset:
995 1941 1186 1996 eadem
1218 1950 1272 1998 et
1316 1947 1474 1994 (etate
1531 1943 1867 2009 procedebat,
1931 1962 2056 2002 cum
2119 1961 2310 2004 revera
2359 1965 2494 2024 puer
2546 1949 2869 2005 adolescens
2925 1967 2988 2006 ac
3046 1950 3255 2007 ﬁrmior
3305 1947 3493 2006 redde-

220 2043 379 2090 retur.

281 2125 390 2178 08'.
429 2125 492 2178 Εἰ
523 2123 579 2180 δὲ
613 2122 724 2195 ('58)
749 2123 838 2178 διὰ
862 2123 924 2177 τὸ
950 2123 1236 2196 εἰληφέναι
1261 2127 1356 2182 τὸν
1389 2126 1514 2182 νοῦν
1547 2128 1796 2200 ἁμαρτία

1968 2126 2209 2184 LXXIX.
2249 2127 2370 2182 Jam
2403 2144 2535 2184 vero
2567 2127 2611 2184 si
2646 2145 2710 2186 ex
2742 2144 2807 2183 eo
2833 2129 2977 2199 quod
3023 2139 3261 2187 mentem
3307 2147 3493 2188 susce-

216 2213 374 2286 airqu
427 2215 601 2269 θεῖται
644 2217 686 2281 ⁸,
739 2216 937 2272 οὐκοῦν
990 2218 1395 2290 περισσοτέρως
1443 2219 1540 2272 ἐὰν
1595 2221 1779 2291 δῶμεν

218 2307 363 2362 αὑτὸν
395 2307 676 2378 εἰληφέναι
719 2306 922 2379 σάρκα,
978 2302 1047 2378 ἧς
1097 2309 1256 2371 ἐκτὸς
1294 2308 1540 2380 ἁμαρτία
1587 2309 1650 2362 οὑ
1695 2327 1787 2362 τε-

221 2401 374 2454 λεῖται
393 2417 408 2430 ·
444 2401 679 2469 Φανερὰ
726 2399 796 2452 δὲ
841 2400 915 2454 τὰ
943 2399 1089 2468 ἔργα
1118 2399 1230 2467 τῆς
1275 2402 1505 2470 σαρκός
1525 2416 1538 2433 ³
1570 2403 1790 2466 πάντως

222 2489 291 2542 ὅτι
330 2488 503 2560 δῶμεν
544 2489 639 2542 καὶ
673 2492 730 2542 ἐν
769 2490 933 2560 σαρκὶ
964 2490 1179 2561 ἥμαρτε
1224 2489 1405 2543 λαϐὼν
1437 2493 1538 2563 τὴν
1586 2491 1788 2563 σάρκα.

219 2574 352 2633 οἶδα
393 2580 524 2649 γὰρ,
575 2579 741 2651 φησὶν
789 2580 818 2631 ό
865 2580 1206 2646 Ἀπὸστολος,
1243 2582 1334 2636 ὅτι
1367 2585 1478 2637 οὐκ
1523 2583 1678 2638 οἰκεῖ
1721 2585 1792 2638 ἐν

217 2669 330 2737 ἐμοὶ
361 2670 543 2724 οὐδὲν
583 2670 831 2740 ἀγαθὸν,
881 2672 1198 2728 τουτέστιν
1226 2674 1296 2727 ἐν
1323 2674 1400 2742 τῇ
1438 2677 1622 2743 σαρκί
1646 2695 1788 2745 μου.

219 2758 307 2821 Τίς
330 2761 384 2812 δὲ
413 2761 678 2832 τολμήσει
698 2760 901 2830 λέγειν,
936 2760 1026 2816 διὰ
1051 2761 1113 2814 τὸ
1134 2762 1224 2816 τὸν
1249 2764 1480 2836 Σωτῆρα
1510 2764 1792 2835 εἰληφέναι

227 2854 402 2926 σάρκα,
450 2858 622 2926 σαρκὶ
666 2856 1031 2927 συναπῆχθαι,
1073 2857 1167 2912 καὶ
1217 2859 1285 2913 τὰ
1332 2860 1432 2932 τῆς
1463 2861 1666 2932 σαρκὸς
1691 2862 1793 2915 οὑκ

187 2955 189 2958 ‘
225 2945 400 3017 εὔλογα
443 2950 838 3004 ἐπιτελέσαντα
864 2953 948 3015 εἱς
993 2954 1013 2986 ³
1059 2952 1158 3024 τὴν
1193 2953 1288 3006 τοῦ
1319 2954 1522 3017 παντὸς
1567 2954 1794 3018 σκεύους

225 3036 306 3090 τοῦ
351 3040 474 3093 ἰδίου
504 3039 864 3107 ἁκολουθίανς
915 3042 1066 3112 ὅμως
1115 3042 1212 3095 καὶ
1244 3043 1455 3114 φαύλην
1499 3043 1790 3112 ἐσχηκότα,

229 3129 310 3182 καὶ
340 3132 513 3203 σάρκα
559 3127 732 3187 οὖσαν
770 3133 1140 3204 ἀνθρωπίνην,
1194 3134 1308 3188 ἀλλ’
1349 3135 1527 3188 οὐδενί
1564 3135 1793 3187 πταίου-

229 3238 333 3278 σαν.
371 3225 427 3277 '0
459 3225 601 3288 Θεὸς
631 3224 740 3294 γὰρ
773 3224 945 3292 Λόγος
977 3224 1182 3278 ἀνωθεν
1215 3225 1324 3278 ἀπὸ
1357 3224 1572 3295 ῐῐατρὸς
1601 3223 1794 3294 προελ-
1835 3233 1845 3242 ’

233 3312 340 3378 θὼν,
365 3316 668 3388 εὐδοκήσας
703 3319 762 3369 ὲν
807 3315 972 3386 σαρκὶ
1001 3313 1268 3382 γίνεσθαι,
1310 3315 1704 3386 ἐχαλιναγώγει
1733 3314 1795 3367 τὸ

239 3407 417 3472 σκεῦος,
449 3411 568 3472 καὶ,
613 3408 688 3472 ὡς
737 3407 953 3480 ἢθελεν,
999 3408 1218 3478 ἐπέχειν
1269 3407 1401 3461 αὐτὸ
1457 3407 1565 3460 ὰπδ
1611 3405 1795 3476 πάσης

1895 2219 2060 2289 perit,
2101 2221 2153 2272 in
2192 2219 2408 2288 peccati
2442 2225 2766 2289 potestatem
2805 2221 3016 2274 venisse
3045 2219 3285 2284 dicatur,
3317 2221 3490 2274 multo

1898 2325 2030 2366 sane
2078 2311 2251 2380 magis
2285 2310 2336 2364 id
2367 2325 2432 2364 ex
2467 2325 2532 2364 eo
2574 2320 2967 2382 consequetur,
3026 2310 3072 2364 si
3124 2325 3346 2365 carnem
3406 2310 3492 2365 in—

1897 2401 2082 2456 duissc
2115 2399 2408 2466 fateamur,
2447 2402 2585 2456 citra
2627 2417 2791 2471 quam
2834 2410 3117 2473 peccatum
3147 2400 3335 2471 perlici
3378 2415 3488 2456 non

1897 2504 2078 2566 potest
2106 2515 2118 2550 :
2153 2495 2445 2566 Manifesta
2476 2507 2597 2550 sunt
2638 2498 2776 2552 enim
2819 2513 2974 2565 opera
3027 2498 3206 2550 carnis
3229 2499 3287 2564 ⁸;
3319 2513 3492 2567 quare

1899 2588 2313 2643 concedendum
2371 2597 2426 2644 et
2479 2590 2612 2643 illttd
2666 2591 2791 2652 erit,
2842 2606 2942 2659 pro
2984 2605 3049 2643 eo
3085 2589 3230 2662 quod
3266 2604 3490 2643 carnem

1901 2681 2196 2750 acceperit,
2252 2682 2308 2736 in
2354 2695 2521 2741 carne
2568 2697 2830 2752 peccasse
2869 2699 2883 2736 :
2929 2681 3051 2735 Scio
3108 2682 3270 2745 enim,
3316 2681 3494 2752 inquit

1898 2769 2219 2838 Apostolus,
2270 2769 2537 2841 quodnon
2585 2770 2786 2824 habitet
2813 2771 2866 2824 in
2908 2787 2989 2824 me
3031 2770 3227 2825 bonum
3259 2771 3491 2835 nullum,

1899 2861 1997 2913 hoc
2031 2871 2108 2914 est
2149 2861 2203 2914 in
2245 2877 2404 2915 carne
2455 2877 2570 2916 mea
2590 2861 2630 2916 ’.
2667 2861 2804 2927 Quis
2827 2870 2912 2916 est
2940 2869 3124 2915 autem
3154 2860 3291 2914 adeo
3321 2870 3491 2915 teme-

1900 2953 2105 3016 rarius,
2155 2963 2214 3007 ut
2258 2963 2493 3018 asserat,
2528 2971 2591 3008 ex
2625 2969 2690 3007 eo
2718 2952 2828 3023 85
2857 2952 3002 3023 quod
3045 2967 3268 3007 carnem
3303 2949 3495 3006 Salva-

1900 3037 2304 3109 tor‘inducrit,
2343 3045 2529 3100 carnis
2565 3044 2841 3099 illecebris
2889 3043 3231 3109 abductum;
3274 3049 3334 3098 ut
3371 3057 3495 3112 qua:

1904 3132 2053 3188 illius
2097 3135 2320 3204 propria
2369 3149 2548 3204 neque
2587 3148 2715 3187 cum
2758 3140 2909 3187 recta
2945 3133 3159 3187 ratione
3205 3142 3495 3186 consenta-

1903 3240 2003 3279 nea
2036 3233 2190 3290 sunt,
2223 3224 2505 3280 eﬂiceret?
2547 3224 2768 3279 tametsi
2813 3222 2946 3280 illud
2977 3239 3141 3279 omne
3172 3224 3255 3278 vel
3288 3223 3494 3279 vilissi-

1902 3331 2050 3369 mum
2086 3315 2394 3386 susceperit
2419 3315 2562 3385 quod
2589 3329 2714 3368 cum
2751 3329 2982 3384 corpore
3003 3313 3358 3382 conjunctum
3385 3319 3492 3372 est.

1904 3410 2314 3480 humanamque
2358 3407 2494 3463 adeo
2545 3422 2808 3469 carnem,
2863 3405 2960 3462 sed
3013 3404 3267 3460 criminis
3312 3403 3496 3459 omnis

241 3499 526 3569 ἀχρειώδους
551 3498 764 3566 τάξεως
803 3499 1072 3570 σαρκικῆς
1102 3498 1352 3568 ἠδύνατο.
1387 3498 1449 3550 Εἰ
1488 3498 1545 3551 δὲ
1587 3497 1796 3569 ἢθελεν,

1906 3513 2207 3573 expertem.
2257 3501 2468 3572 Quippe
2522 3499 2667 3555 Deus
2705 3498 2946 3554 Verbum
2989 3497 3212 3552 coalitus
3253 3512 3284 3551 a
3333 3495 3496 3553 Patre

237 3590 452 3646 ἐνεδίδου·
483 3590 726 3645 ἐνεδίδου
741 3590 801 3644 δὲ
828 3591 908 3654 εἰς
933 3590 1032 3653 τὰς
1053 3590 1308 3658 εὐλόγους
1329 3590 1424 3642 καὶ¹
1443 3606 1508 3642 συ
1517 3588 1795 3660 μπρεπού·

237 3697 318 3744 σας
331 3687 390 3753 τῇ
403 3683 568 3738 αὑτοῦ
586 3683 805 3755 θεότητι
821 3681 1144 3752 σωματικὰς
1162 3681 1371 3754 χρείας.
1390 3679 1466 3734 Οὑ
1474 3698 1528 3734 τε
1542 3680 1651 3750 γὰρ
1665 3679 1802 3750 ἔχων

233 3771 311 3826 τὸν
338 3773 456 3828 νοῦν
485 3778 542 3829 ὲν
577 3773 830 3845 ἀληθείᾳ,
871 3772 1059 3845 ὥσπερ
1091 3773 1220 3844 ὅλην
1247 3773 1348 3845 τὴν
1389 3771 1804 3843 ὲνανθρώπησιν

232 3863 282 3916 tv
321 3866 534 3940 ἀληθεία
584 3866 748 3936 ἔχων,
781 3866 862 3936 (ὃν
891 3865 1010 3934 σοῦ)
1059 3865 1408 3919 ἐπεκτείνετο
1451 3865 1532 3927 εἰς
1575 3863 1804 3930 ἀλόγους

235 3956 519 4029 ἐπιθυμίας,
559 3958 689 4014 οὔτε
719 3958 790 4012 τὰ
837 3958 939 4028 τῆς
989 3959 1191 4029 σαρκὸς
1223 3954 1320 4010 ἶσα
1365 3959 1502 4028 ἡμῖν
1537 3956 1805 4027 ἔπραττεν

233 4047 264 4117 ἢ
294 4049 550 4118 ἐλογίζετο
572 4068 589 4082 ·
626 4051 741 4105 ἀλλ’
773 4051 849 4114 ὡς
893 4050 1030 4114 Θεὸς
1078 4051 1136 4102 ὲν
1167 4049 1333 4118 σαρκὶ
1374 4048 1602 4119 ἀληθινῇ
1647 4045 1805 4115 γενό-

235 4145 388 4208 μέναι
415 4146 517 4200 ἀπὸ
538 4143 820 4216 παρθένου
834 4143 1053 4214 Μαρίας
1083 4141 1319 4212 ἔπραττε
1350 4140 1514 4210 σαρκὶ
1543 4138 1639 4191 καὶ
1655 4137 1804 4207 ψυχῇ

236 4234 315 4286 καὶ
343 4235 412 4306 νῷ
441 4239 534 4292 καὶ
583 4237 691 4308 ὅλῳ
738 4234 817 4306 τῷ
871 4234 1055 4288 σκεύει
1097 4234 1407 4304 ὲνδημήσας
1453 4231 1533 4304 τῷ
1565 4230 1674 4282 τῶν
1711 4231 1806 4281 ἀνά

237 4321 442 4393 optima»;
471 4331 642 4396 γένει,
678 4328 884 4384 ἄνωθεν
910 4329 975 4380 ὲκ
1007 4325 1241 4398 Πατρὸς,
1273 4324 1641 4386 ἀνυπόστατος
1673 4320 1808 4383 Θεὸς

239 4415 404 4484 Λόγος.
449 4419 613 4473 Ἀλλὰ
663 4421 738 4491 μὴ
791 4418 1120 4490 σοφίσωνταί
1160 4434 1303 4480 τινες
1349 4411 1808 4485 καταχρηστικῶς

237 4507 372 4562 τοῦτο
400 4510 716 4584 λεγόμενον,
753 4513 832 4575 ὼς
863 4513 945 4577 τὸ,
978 4512 1172 4576 Σεύνες
1210 4507 1320 4574 τῆς
1366 4505 1636 4576 κραυγῆς
1661 4521 1806 4573 μου.

240 4595 300 4649 Τδ
328 4601 416 4670 μὲν
461 4604 570 4675 γὰρ
619 4600 1079 4674 καταχρηστικῶς
1123 4599 1191 4652 δι’
1231 4596 1395 4669 εὐχὴν
1442 4597 1680 4666 εἴρηται,
1713 4593 1810 4646 καὶ

239 4687 374 4760 δῆλόν
419 4696 568 4749 ἐστιν
614 4697 648 4767 ἡ
698 4695 934 4766 χρῆσιςο
975 4692 1037 4744 τὺ
1080 4692 1136 4744 δὲ
1186 4691 1493 4759 ὑπόδειγμα
1539 4686 1810 4758 σαρκικῆς

241 4781 383 4836 αὑτοῦ
411 4789 715 4858 παρουσίας
759 4770 1195 4857 προεφήτευται·
1242 4781 1302 4836 τὸ
1335 4782 1467 4856 γὰρ,
1514 4778 1623 4834 Καὶ
1663 4795 1808 4846 προ·-

242 4869 465 4929 hoth
495 4878 727 4946 ἡλικίᾳ,
765 4876 912 4929 ἐστιν
945 4875 1162 4945 ἀληθές.

1903 3593 2282 3657 descendens,
2333 3609 2396 3647 ac
2441 3608 2666 3646 carnem
2717 3591 2786 3646 de
2836 3606 2937 3646 sua
2980 3590 3267 3646 voluntate
3315 3588 3498 3644 susci-

1904 3685 2082 3756 piens,
2112 3700 2313 3754 corpus
2342 3699 2503 3739 suum
2539 3685 2688 3738 velut
2729 3682 2966 3754 quodam
3022 3682 3178 3738 freno
3238 3682 3496 3753 regebat;

1903 3785 1958 3830 et
1995 3777 2066 3830 ab
2100 3776 2279 3830 inutili
2307 3776 2456 3829 omni
2489 3776 2677 3830 carnis
2717 3776 2957 3840 actione,
2985 3783 3148 3844 prout
3183 3774 3364 3840 vellet,
3402 3788 3498 3828 eoo

1907 3867 2094 3921 bibere
2140 3874 2396 3938 poterat;
2456 3876 2644 3936 atque,
2705 3867 2799 3920 ubi
2844 3867 3059 3920 libitum
3119 3873 3260 3932 erat,
3328 3865 3500 3922 libere

1907 3959 2038 4015 ferri
2090 3959 2444 4030 permittebat
2470 3961 2536 4012 ad
2567 3974 2661 4013 eas
2694 3958 2964 4012 duntaxat
3017 3959 3265 4028 corporis
3306 3973 3501 4014 ncces-

1907 4049 2124 4112 sitates,
2151 4065 2273 4119 qua:
2313 4047 2516 4102 rationi
2544 4047 2963 4110 convenientes,
2995 4061 3058 4099 ac
3091 4060 3203 4101 sua:
3225 4043 3499 4099 divinitati

1908 4142 2294 4197 consentaneae
2324 4140 2661 4193 viderentur.
2724 4137 2912 4207 Neque
2942 4153 3071 4192 vero
3098 4145 3280 4191 mente
3309 4150 3500 4190 revera

1912 4233 2178 4303 praeditus
2211 4238 2270 4284 ut
2319 4238 2374 4284 et
2410 4229 2624 4284 caneris
2679 4229 2932 4281 humana:
2972 4234 3184 4284 natura:
3225 4221 3496 4295 partibus,

1910 4324 1969 4378 ln
2000 4321 2234 4376 rationis
2269 4329 2527 4391 expertes
2558 4319 2891 4389 cupiditates
2927 4334 3048 4372 sese
3085 4316 3496 4384 committebat;

1908 4431 2012 4471 nec
2043 4430 2105 4469 ea
2139 4429 2260 4483 qua!
2313 4412 2502 4466 carnis
2561 4411 2786 4480 propria
2835 4417 2986 4472 sunt,
3042 4409 3269 4478 perinde
3302 4422 3363 4460 ac
3396 4421 3501 4461 nos

1912 4515 2007 4561 aut
2036 4505 2228 4573 agebat
2259 4511 2351 4557 aut
2387 4502 2572 4556 animo
2603 4500 2915 4570 cogitabat;
2969 4499 3065 4554 sed
3116 4498 3198 4556 sic
3236 4506 3500 4568 tanquam

1911 4599 2056 4655 Deus
2101 4599 2154 4651 in
2192 4611 2320 4651 vera
2368 4610 2536 4650 carne
2581 4609 2611 4648 ε
2661 4592 2826 4647 Maria
2857 4593 3084 4662 Virgine
3132 4591 3348 4662 genitus
3389 4590 3504 4644 haec

1915 4689 2150 4743 faciebat
2194 4702 2383 4752 carne,
2429 4685 2635 4748 anima,
2694 4693 2901 4749 mente,
2949 4693 3160 4738 etcum
3208 4687 3325 4734 toto
3353 4680 3506 4733 vvlut

1915 4779 2158 4834 hominis
2220 4779 2594 4833 instrumento
2644 4777 2788 4830 inter
2835 4775 3088 4832 homines
3143 4772 3379 4842 degens,
3441 4787 3506 4825 ac

1832 4853 1877 4908 θ
1903 4873 2122 4929 etelitus
2157 4886 2184 4923 a
2221 4869 2384 4924 Patre
2432 4868 2738 4939 procedens
2777 4867 3198 4934 subsistensque
3239 4863 3334 4917 Dei
3364 4861 3504 4916 Ver-

245 4965 372 5026 bum.
424 4971 613 5044 Neque
661 4988 792 5028 vero
845 4971 1092 5026 cavillari
1149 4971 1421 5042 quispiam
1475 4971 1661 5040 debet,
1705 4978 1800 5026 aut
1877 4970 2116 5040 quadam
2168 4967 2439 5023 abusione
2489 4965 2640 5019 vocis
2687 4962 2894 5016 dictum
2933 4958 3214 5023 arbitrari,
3281 4956 3508 5027 perinde

244 5067 384 5131 atque
425 5065 567 5121 istud
608 5065 900 5138 :Intellige
953 5066 1239 5120 clamorem
1290 5081 1462 5119 meum
1504 5065 1570 5120 ".
1623 5063 1836 5120 Etenim
1885 5063 1993 5120 hoc
2042 5060 2263 5133 quidem
2320 5059 2374 5114 in
2435 5059 2555 5112 loco
2612 5053 2906 5110 manifesta
2955 5060 3040 5113 est
3071 5050 3223 5107 vocis
3290 5050 3506 5113 abusio,

305 5239 322 5272 ¹
350 5241 407 5296 [ι’.
435 5245 790 5318 ὲιιιιδεομένηἒ
837 5248 874 5318 7’
900 5245 1218 5318 [ἁμαρτίᾳ
1245 5246 1627 5318 αὐθεντείταιη
1683 5245 1704 5278 ³

1907 5282 1935 5318 ._
1995 5241 2013 5274 ‘
2034 5238 2097 5318 Ἐξ
2124 5241 2438 5312 γενόμενος.
2513 5238 2536 5269 ⁸
2568 5237 2671 5294 lsa.
2691 5251 2823 5303 χιιι,
2844 5235 2894 5291 l.

1199 5314 1219 5348 ν
1248 5316 1404 5372 ltom.
1441 5332 1538 5381 vn,
1572 5317 1658 5372 18.
1737 5315 1782 5347 ¹⁰
1814 5314 1960 5370 Psal.
1985 5331 2038 5379 v,
2071 5314 2124 5368 ‘2.

253 5306 401 5368 "Luc.
433 5330 492 5379 ιι,
534 5306 633 5371 52Ῑ
699 5318 721 5349 ⁸
747 5306 930 5371 Ὁδίιιῐ.
953 5306 1120 5382 ν,’19’.

311 5488 406 5560 (38)
443 5493 541 5548 Διὰ
576 5495 640 5548 τὸ
674 5493 982 5564 εἰληφέναι
1011 5494 1118 5548 τὸν
1157 5494 1330 5549 νοῦν.
1371 5494 1465 5548 Dei
1512 5493 1709 5548 Filium
1743 5493 1798 5547 in

250 5556 575 5637 btlma'nitate
611 5556 866 5636 suscepta
912 5581 942 5619 a
1005 5574 1230 5635 peccato
1279 5567 1576 5637 immunem
1604 5564 1800 5637 Al‘uisse

253 5625 342 5680 dici
386 5647 411 5683 a
458 5635 613 5691 nobis
641 5653 746 5690 non
780 5625 965 5705 posse,
1005 5625 1061 5690 ἐἰ
1103 5651 1210 5690 una
1250 5651 1374 5688 cum
1409 5635 1648 5690 hominis
1678 5650 1802 5687 cor-

255 5709 366 5773 Dore
400 5713 449 5773 et
493 5708 668 5758 anima
719 5718 958 5761 mentem
1001 5707 1162 5759 etiam
1217 5706 1320 5759 sibi
1357 5705 1650 5773 junxiSset,
1691 5705 1802 5757 bla-

256 5767 470 5850 §ph_cmia
501 5784 604 5840 est,
647 5793 808 5850 quam
859 5791 1112 5830 evomere
1150 5767 1551 5850 consueverant
1587 5774 1802 5850 gpolli-

258 5845 475 5908 naristaz,
532 5853 591 5900 ut
639 5845 747 5904 suae
793 5848 1066 5902 barreseos
1113 5846 1480 5900 ratiunculam
1543 5845 1803 5900 all'errent

2989 5233 3008 5264 ‘
3029 5232 3261 5287 Baruch.
3294 5245 3372 5296 ιιι,
3415 5225 3506 5282 58.

1906 5492 2168 5562 aliquam.
2220 5489 2415 5562 Mentis
2461 5491 2646 5562 enim,
2683 5487 3010 5541 dictitabant
3043 5483 3161 5562 illi,
3185 5495 3318 5562 qua:
3348 5477 3509 5535 nobis

1906 5552 2050 5617 inest
2088 5561 2422 5622 hominibus,
2467 5561 2748 5629 preprium
2777 5567 2886 5629 gest
2933 5552 3329 5629 cupiditatibus
3377 5564 3508 5604 con-

1905 5635 2038 5696 cuti,
2095 5631 2378 5685 allectibns
2423 5622 2710 5698 eiagitari.
2751 5628 2874 5683 Haec
2925 5633 2978 5680 et
3010 5622 3228 5698 isimilia
3271 5624 3325 5676 in
3370 5635 3509 5698 pra}:

1907 5689 2048 5759 senti
2087 5702 2288 5756 refutat
2325 5689 2936 5771 Epiphavuitts,refutat
2997 5703 3053 5771 et
3101 5693 3156 5748 itt
3208 5692 3405 5771 haeresi
3443 5689 3510 5742 'i'l

1906 5774 1972 5828 ad
2010 5788 2271 5828 numeros
2299 5761 2454 5828 ἓϐἐὶ
2498 5771 2590 5824 27.
2624 5768 2841 5822 Videsis
2874 5765 3156 5820 Petavium
3199 5761 3276 5818 De
3311 5761 3507 5818 Incur-

1906 5845 2120 5898 natione
2154 5843 2295 5897 libro
2325 5859 2400 5907 att,
2435 5845 2615 5912 capite
2647 5839 2885 5904 decimo,
2917 5847 3146 5891 numero
3175 5833 3265 5888 15.
