  <div class='ocr_page' id='page_1' title='image "/cluster/home/n/w/nwhite01/storage/ocr_20150623/43:no.3/coo.31924054869429/091.png"; bbox 0 0 3950 6434; ppageno 0'>
   <div class='ocr_carea' id='block_1_1' title="bbox 431 413 533 469">
    <p class='ocr_par' dir='ltr' id='par_1_1' title="bbox 431 413 533 469">
     <span class='ocr_line' id='line_1_1' title="bbox 431 413 533 469; baseline -0.01 0"><span class='ocrx_word' id='word_1_1' title='bbox 431 413 533 469; x_wconf 73' lang='grc'><strong>167</strong></span> 
     </span>
    </p>
   </div>
   <div class='ocr_carea' id='block_1_2' title="bbox 1850 405 2286 464">
    <p class='ocr_par' dir='ltr' id='par_1_2' title="bbox 1850 405 2286 464">
     <span class='ocr_line' id='line_1_2' title="bbox 1850 405 2286 464; baseline -0.007 -1"><span class='ocrx_word' id='word_1_2' title='bbox 1850 412 1904 464; x_wconf 91' lang='lat' dir='ltr'><strong>S.</strong></span> <span class='ocrx_word' id='word_1_3' title='bbox 1945 405 2286 462; x_wconf 68' lang='lat' dir='ltr'><strong>EHPHANII</strong></span> 
     </span>
    </p>
   </div>
   <div class='ocr_carea' id='block_1_3' title="bbox 3602 402 3706 458">
    <p class='ocr_par' dir='ltr' id='par_1_3' title="bbox 3602 402 3706 458">
     <span class='ocr_line' id='line_1_3' title="bbox 3602 402 3706 458; baseline -0.01 0"><span class='ocrx_word' id='word_1_4' title='bbox 3602 402 3706 458; x_wconf 66' lang='lat'><strong>{68</strong></span> 
     </span>
    </p>
   </div>
   <div class='ocr_carea' id='block_1_4' title="bbox 432 517 3702 596">
    <p class='ocr_par' dir='ltr' id='par_1_4' title="bbox 432 517 3702 596">
     <span class='ocr_line' id='line_1_4' title="bbox 432 517 3702 596; baseline -0.002 -20"><span class='ocrx_word' id='word_1_5' title='bbox 432 539 552 594; x_wconf 79' lang='lat' dir='ltr'><strong>quae</strong></span> <span class='ocrx_word' id='word_1_6' title='bbox 593 523 849 594; x_wconf 85' lang='lat' dir='ltr'><strong>precandi</strong></span> <span class='ocrx_word' id='word_1_7' title='bbox 891 538 1060 580; x_wconf 73' lang='lat' dir='ltr'><strong>causa</strong></span> <span class='ocrx_word' id='word_1_8' title='bbox 1133 524 1313 596; x_wconf 82' lang='lat' dir='ltr'><strong>posita</strong></span> <span class='ocrx_word' id='word_1_9' title='bbox 1378 533 1496 592; x_wconf 87' lang='lat' dir='ltr'><strong>est;</strong></span> <span class='ocrx_word' id='word_1_10' title='bbox 1566 531 1623 579; x_wconf 86' lang='lat' dir='ltr'><strong>at</strong></span> <span class='ocrx_word' id='word_1_11' title='bbox 1669 525 1817 580; x_wconf 91' lang='lat' dir='ltr'><strong>illius</strong></span> <span class='ocrx_word' id='word_1_12' title='bbox 1868 525 2177 579; x_wconf 87' lang='lat' dir='ltr'><strong>incarnatio</strong></span> <span class='ocrx_word' id='word_1_13' title='bbox 2217 540 2344 580; x_wconf 85' lang='lat' dir='ltr'><strong>vere</strong></span> <span class='ocrx_word' id='word_1_14' title='bbox 2394 531 2477 578; x_wconf 88' lang='lat' dir='ltr'><strong>est</strong></span> <span class='ocrx_word' id='word_1_15' title='bbox 2529 521 2921 592; x_wconf 83' lang='lat' dir='ltr'><strong>prophetarum</strong></span> <span class='ocrx_word' id='word_1_16' title='bbox 2964 518 3206 577; x_wconf 83' lang='lat' dir='ltr'><strong>oraculis</strong></span> <span class='ocrx_word' id='word_1_17' title='bbox 3264 517 3562 590; x_wconf 66' lang='lat' dir='ltr'><strong>praedicta:</strong></span> <span class='ocrx_word' id='word_1_18' title='bbox 3630 517 3702 571; x_wconf 85' lang='lat' dir='ltr'><strong>si-</strong></span> 
     </span>
    </p>
   </div>
   <div class='ocr_carea' id='block_1_5' title="bbox 427 617 2572 690">
    <p class='ocr_par' dir='ltr' id='par_1_5' title="bbox 427 617 2572 690">
     <span class='ocr_line' id='line_1_5' title="bbox 427 617 2572 690; baseline 0.001 -21"><span class='ocrx_word' id='word_1_19' title='bbox 427 617 644 686; x_wconf 79' lang='lat' dir='ltr'><strong>quidem</strong></span> <span class='ocrx_word' id='word_1_20' title='bbox 679 626 733 671; x_wconf 90' lang='lat' dir='ltr'><strong>ct</strong></span> <span class='ocrx_word' id='word_1_21' title='bbox 765 619 922 683; x_wconf 86' lang='lat' dir='ltr'><strong>illud,</strong></span> <span class='ocrx_word' id='word_1_22' title='bbox 958 619 1286 673; x_wconf 78' lang='lat' dir='ltr'><strong>I’rocedebat</strong></span> <span class='ocrx_word' id='word_1_23' title='bbox 1320 630 1496 682; x_wconf 63' lang='lat' dir='ltr'><strong>a&#39;tate,</strong></span> <span class='ocrx_word' id='word_1_24' title='bbox 1530 636 1654 675; x_wconf 85' lang='lat' dir='ltr'><strong>vere</strong></span> <span class='ocrx_word' id='word_1_25' title='bbox 1686 621 2013 690; x_wconf 88' lang='lat' dir='ltr'><strong>proprieque</strong></span> <span class='ocrx_word' id='word_1_26' title='bbox 2051 621 2271 675; x_wconf 91' lang='lat' dir='ltr'><strong>dicitur.</strong></span> <span class='ocrx_word' id='word_1_27' title='bbox 2563 621 2572 628; x_wconf 89' lang='lat'><strong>&#39;</strong></span> 
     </span>
    </p>
   </div>
   <div class='ocr_carea' id='block_1_6' title="bbox 500 710 2034 787">
    <p class='ocr_par' dir='ltr' id='par_1_6' title="bbox 500 710 2018 787">
     <span class='ocr_line' id='line_1_6' title="bbox 500 710 2018 787; baseline 0.004 -23"><span class='ocrx_word' id='word_1_28' title='bbox 500 710 714 765; x_wconf 73' lang='lat' dir='ltr'><strong>LXXX.</strong></span> <span class='ocrx_word' id='word_1_29' title='bbox 760 714 1037 778; x_wconf 83' lang='lat' dir='ltr'><strong>Quidnam</strong></span> <span class='ocrx_word' id='word_1_30' title='bbox 1071 725 1254 770; x_wconf 89' lang='lat' dir='ltr'><strong>autem</strong></span> <span class='ocrx_word' id='word_1_31' title='bbox 1293 716 1488 770; x_wconf 78' lang='lat' dir='ltr'><strong>aﬂerre</strong></span> <span class='ocrx_word' id='word_1_32' title='bbox 1509 732 1572 771; x_wconf 90' lang='lat' dir='ltr'><strong>se</strong></span> <span class='ocrx_word' id='word_1_33' title='bbox 1602 716 1690 770; x_wconf 87' lang='lat' dir='ltr'><strong>isti</strong></span> <span class='ocrx_word' id='word_1_34' title='bbox 1731 733 1893 786; x_wconf 77' lang='lat' dir='ltr'><strong>posse</strong></span> <span class='ocrx_word' id='word_1_35' title='bbox 1925 733 2018 787; x_wconf 87' lang='lat' dir='ltr'><strong>pu-</strong></span> 
     </span>
    </p>
   </div>
   <div class='ocr_carea' id='block_1_7' title="bbox 2137 710 3710 787">
    <p class='ocr_par' dir='ltr' id='par_1_7' title="bbox 2191 711 3710 783">
     <span class='ocr_line' id='line_1_7' title="bbox 2191 711 3710 783; baseline -0.005 -13"><span class='ocrx_word' id='word_1_36' title='bbox 2191 719 2274 770; x_wconf 84' lang='lat' dir='ltr'><strong>Il&#39;.</strong></span> <span class='ocrx_word' id='word_1_37' title='bbox 2328 716 2490 769; x_wconf 76' lang='grc' dir='ltr'>Ἀλλά</span> <span class='ocrx_word' id='word_1_38' title='bbox 2535 715 2588 769; x_wconf 89' lang='grc' dir='ltr'><strong>τί</strong></span> <span class='ocrx_word' id='word_1_39' title='bbox 2636 717 2685 768; x_wconf 77' lang='lat' dir='ltr'><strong>ot</strong></span> <span class='ocrx_word' id='word_1_40' title='bbox 2735 713 2969 768; x_wconf 80' lang='grc' dir='ltr'>τοιοῦτοι</span> <span class='ocrx_word' id='word_1_41' title='bbox 3026 712 3310 783; x_wconf 76' lang='grc' dir='ltr'>νομίζουσι</span> <span class='ocrx_word' id='word_1_42' title='bbox 3362 711 3572 776; x_wconf 80' lang='grc' dir='ltr'>λέγειν,</span> <span class='ocrx_word' id='word_1_43' title='bbox 3613 711 3710 762; x_wconf 71' lang='grc' dir='ltr'>ἐᾶν</span> 
     </span>
    </p>
   </div>
   <div class='ocr_carea' id='block_1_8' title="bbox 428 806 2019 879">
    <p class='ocr_par' dir='ltr' id='par_1_8' title="bbox 428 806 2019 879">
     <span class='ocr_line' id='line_1_8' title="bbox 428 806 2019 879; baseline 0.003 -20"><span class='ocrx_word' id='word_1_44' title='bbox 428 813 567 869; x_wconf 86' lang='lat' dir='ltr'><strong>tant,</strong></span> <span class='ocrx_word' id='word_1_45' title='bbox 617 807 664 861; x_wconf 92' lang='lat' dir='ltr'><strong>si</strong></span> <span class='ocrx_word' id='word_1_46' title='bbox 696 806 1000 874; x_wconf 77' lang='lat' dir='ltr'><strong>perfectum</strong></span> <span class='ocrx_word' id='word_1_47' title='bbox 1039 808 1323 864; x_wconf 86' lang='lat' dir='ltr'><strong>hominem</strong></span> <span class='ocrx_word' id='word_1_48' title='bbox 1355 825 1385 862; x_wconf 87' lang='lat' dir='ltr'><strong>e</strong></span> <span class='ocrx_word' id='word_1_49' title='bbox 1414 807 1582 861; x_wconf 82' lang='lat' dir='ltr'><strong>Maria</strong></span> <span class='ocrx_word' id='word_1_50' title='bbox 1616 811 1862 879; x_wconf 77' lang='lat' dir='ltr'><strong>genitum</strong></span> <span class='ocrx_word' id='word_1_51' title='bbox 1894 825 2019 864; x_wconf 85' lang='lat' dir='ltr'><strong>esse</strong></span> 
     </span>
    </p>
   </div>
   <div class='ocr_carea' id='block_1_9' title="bbox 426 897 2018 970">
    <p class='ocr_par' dir='ltr' id='par_1_9' title="bbox 426 897 2018 970">
     <span class='ocr_line' id='line_1_9' title="bbox 426 897 2018 970; baseline 0.002 -20"><span class='ocrx_word' id='word_1_52' title='bbox 426 897 737 961; x_wconf 77' lang='lat' dir='ltr'><strong>Christum,</strong></span> <span class='ocrx_word' id='word_1_53' title='bbox 795 906 888 950; x_wconf 89' lang='lat' dir='ltr'><strong>aut</strong></span> <span class='ocrx_word' id='word_1_54' title='bbox 942 907 1122 954; x_wconf 90' lang='lat' dir='ltr'><strong>mente</strong></span> <span class='ocrx_word' id='word_1_55' title='bbox 1179 899 1467 970; x_wconf 73' lang='lat' dir='ltr'><strong>prazditum</strong></span> <span class='ocrx_word' id='word_1_56' title='bbox 1524 899 1880 954; x_wconf 75' lang='lat' dir='ltr'><strong>asseramus?</strong></span> <span class='ocrx_word' id='word_1_57' title='bbox 1934 901 2018 953; x_wconf 85' lang='lat' dir='ltr'><strong>An</strong></span> 
     </span>
    </p>
   </div>
   <div class='ocr_carea' id='block_1_10' title="bbox 430 988 2022 1059">
    <p class='ocr_par' dir='ltr' id='par_1_10' title="bbox 430 988 2022 1059">
     <span class='ocr_line' id='line_1_10' title="bbox 430 988 2022 1059; baseline 0.001 -17"><span class='ocrx_word' id='word_1_58' title='bbox 430 988 739 1058; x_wconf 88' lang='lat' dir='ltr'><strong>perieulum</strong></span> <span class='ocrx_word' id='word_1_59' title='bbox 789 996 894 1054; x_wconf 76' lang='lat' dir='ltr'><strong>est,</strong></span> <span class='ocrx_word' id='word_1_60' title='bbox 945 1005 1013 1043; x_wconf 88' lang='lat' dir='ltr'><strong>ne</strong></span> <span class='ocrx_word' id='word_1_61' title='bbox 1060 990 1210 1042; x_wconf 88' lang='lat' dir='ltr'><strong>illum</strong></span> <span class='ocrx_word' id='word_1_62' title='bbox 1247 990 1487 1059; x_wconf 72' lang='lat' dir='ltr'><strong>peccatis</strong></span> <span class='ocrx_word' id='word_1_63' title='bbox 1515 989 1812 1043; x_wconf 85' lang='lat' dir='ltr'><strong>obnoxium</strong></span> <span class='ocrx_word' id='word_1_64' title='bbox 1851 988 2022 1043; x_wconf 83' lang='lat' dir='ltr'><strong>fuisse</strong></span> 
     </span>
    </p>
   </div>
   <div class='ocr_carea' id='block_1_11' title="bbox 433 1079 2019 1152">
    <p class='ocr_par' dir='ltr' id='par_1_11' title="bbox 433 1079 2019 1152">
     <span class='ocr_line' id='line_1_11' title="bbox 433 1079 2019 1152; baseline -0.001 -18"><span class='ocrx_word' id='word_1_65' title='bbox 433 1079 827 1147; x_wconf 82' lang='lat' dir='ltr'><strong>suspicemur?</strong></span> <span class='ocrx_word' id='word_1_66' title='bbox 879 1079 1068 1134; x_wconf 86' lang='lat' dir='ltr'><strong>Absit!</strong></span> <span class='ocrx_word' id='word_1_67' title='bbox 1137 1080 1422 1135; x_wconf 75' lang='lat' dir='ltr'><strong>Peccatum</strong></span> <span class='ocrx_word' id='word_1_68' title='bbox 1479 1083 1682 1152; x_wconf 86' lang='lat' dir='ltr'><strong>quippe</strong></span> <span class='ocrx_word' id='word_1_69' title='bbox 1727 1099 1831 1136; x_wconf 76' lang='lat' dir='ltr'><strong>non</strong></span> <span class='ocrx_word' id='word_1_70' title='bbox 1871 1083 2019 1151; x_wconf 74' lang='lat' dir='ltr'><strong>fecit,</strong></span> 
     </span>
    </p>
   </div>
   <div class='ocr_carea' id='block_1_12' title="bbox 432 1171 2022 1242">
    <p class='ocr_par' dir='ltr' id='par_1_12' title="bbox 432 1171 2022 1242">
     <span class='ocr_line' id='line_1_12' title="bbox 432 1171 2022 1242; baseline 0.002 -18"><span class='ocrx_word' id='word_1_71' title='bbox 432 1187 524 1225; x_wconf 81' lang='lat' dir='ltr'><strong>nec</strong></span> <span class='ocrx_word' id='word_1_72' title='bbox 546 1172 781 1224; x_wconf 77' lang='lat' dir='ltr'><strong>iuventus</strong></span> <span class='ocrx_word' id='word_1_73' title='bbox 814 1181 892 1225; x_wconf 82' lang='lat' dir='ltr'><strong>est</strong></span> <span class='ocrx_word' id='word_1_74' title='bbox 919 1171 1074 1226; x_wconf 81' lang='lat' dir='ltr'><strong>dotus</strong></span> <span class='ocrx_word' id='word_1_75' title='bbox 1103 1173 1157 1226; x_wconf 84' lang='lat' dir='ltr'><strong>in</strong></span> <span class='ocrx_word' id='word_1_76' title='bbox 1183 1189 1272 1227; x_wconf 80' lang='lat' dir='ltr'><strong>ore</strong></span> <span class='ocrx_word' id='word_1_77' title='bbox 1295 1174 1408 1242; x_wconf 77' lang='lat' dir='ltr'><strong>ejus</strong></span> <span class='ocrx_word' id='word_1_78' title='bbox 1432 1174 1470 1226; x_wconf 84' lang='lat'><strong>&#39;.</strong></span> <span class='ocrx_word' id='word_1_79' title='bbox 1491 1172 1624 1227; x_wconf 89' lang='lat' dir='ltr'><strong>Nam</strong></span> <span class='ocrx_word' id='word_1_80' title='bbox 1651 1174 1698 1228; x_wconf 91' lang='lat' dir='ltr'><strong>si</strong></span> <span class='ocrx_word' id='word_1_81' title='bbox 1731 1175 1836 1230; x_wconf 88' lang='lat' dir='ltr'><strong>vim</strong></span> <span class='ocrx_word' id='word_1_82' title='bbox 1868 1189 2022 1228; x_wconf 81' lang='lat' dir='ltr'><strong>suam</strong></span> 
     </span>
    </p>
   </div>
   <div class='ocr_carea' id='block_1_13' title="bbox 432 1263 2024 1337">
    <p class='ocr_par' dir='ltr' id='par_1_13' title="bbox 432 1263 2024 1337">
     <span class='ocr_line' id='line_1_13' title="bbox 432 1263 2024 1337; baseline 0.004 -22"><span class='ocrx_word' id='word_1_83' title='bbox 432 1263 640 1316; x_wconf 88' lang='lat' dir='ltr'><strong>sanctis</strong></span> <span class='ocrx_word' id='word_1_84' title='bbox 686 1263 1018 1331; x_wconf 88' lang='lat' dir='ltr'><strong>quihusdam</strong></span> <span class='ocrx_word' id='word_1_85' title='bbox 1061 1265 1192 1319; x_wconf 89' lang='lat' dir='ltr'><strong>viris</strong></span> <span class='ocrx_word' id='word_1_86' title='bbox 1234 1265 1533 1328; x_wconf 79' lang='lat' dir='ltr'><strong>amaverit,</strong></span> <span class='ocrx_word' id='word_1_87' title='bbox 1588 1267 1682 1336; x_wconf 86' lang='lat' dir='ltr'><strong>qui</strong></span> <span class='ocrx_word' id='word_1_88' title='bbox 1734 1277 2024 1337; x_wconf 76' lang='lat' dir='ltr'><strong>propterea</strong></span> 
     </span>
    </p>
   </div>
   <div class='ocr_carea' id='block_1_14' title="bbox 431 1355 2024 1427">
    <p class='ocr_par' dir='ltr' id='par_1_14' title="bbox 431 1355 2024 1427">
     <span class='ocr_line' id='line_1_14' title="bbox 431 1355 2024 1427; baseline 0.002 -18"><span class='ocrx_word' id='word_1_89' title='bbox 431 1355 704 1409; x_wconf 84' lang='lat' dir='ltr'><strong>constanti</strong></span> <span class='ocrx_word' id='word_1_90' title='bbox 762 1356 1074 1410; x_wconf 88' lang='lat' dir='ltr'><strong>testimonio</strong></span> <span class='ocrx_word' id='word_1_91' title='bbox 1124 1358 1335 1422; x_wconf 85' lang='lat' dir='ltr'><strong>sancti,</strong></span> <span class='ocrx_word' id='word_1_92' title='bbox 1385 1357 1557 1427; x_wconf 78' lang='lat' dir='ltr'><strong>justi,</strong></span> <span class='ocrx_word' id='word_1_93' title='bbox 1609 1367 1664 1413; x_wconf 91' lang='lat' dir='ltr'><strong>et</strong></span> <span class='ocrx_word' id='word_1_94' title='bbox 1711 1367 1875 1414; x_wconf 54' lang='lat' dir='ltr'><strong>aetate</strong></span> <span class='ocrx_word' id='word_1_95' title='bbox 1923 1373 2024 1414; x_wconf 90' lang='lat' dir='ltr'><strong>sua</strong></span> 
     </span>
    </p>
   </div>
   <div class='ocr_carea' id='block_1_15' title="bbox 433 1445 2024 1517">
    <p class='ocr_par' dir='ltr' id='par_1_15' title="bbox 433 1445 2024 1517">
     <span class='ocr_line' id='line_1_15' title="bbox 433 1445 2024 1517; baseline 0.004 -19"><span class='ocrx_word' id='word_1_96' title='bbox 433 1445 676 1516; x_wconf 74' lang='lat' dir='ltr'><strong>provecti</strong></span> <span class='ocrx_word' id='word_1_97' title='bbox 709 1448 846 1499; x_wconf 86' lang='lat' dir='ltr'><strong>citra</strong></span> <span class='ocrx_word' id='word_1_98' title='bbox 880 1448 1366 1517; x_wconf 87' lang='lat' dir='ltr'><strong>reprehensionem</strong></span> <span class='ocrx_word' id='word_1_99' title='bbox 1399 1449 1564 1504; x_wconf 87' lang='lat' dir='ltr'><strong>ullam</strong></span> <span class='ocrx_word' id='word_1_100' title='bbox 1600 1450 1806 1506; x_wconf 80' lang='lat' dir='ltr'><strong>vixisse</strong></span> <span class='ocrx_word' id='word_1_101' title='bbox 1837 1451 2024 1504; x_wconf 91' lang='lat' dir='ltr'><strong>dican-</strong></span> 
     </span>
    </p>
   </div>
   <div class='ocr_carea' id='block_1_16' title="bbox 435 1539 2025 1611">
    <p class='ocr_par' dir='ltr' id='par_1_16' title="bbox 435 1539 2025 1611">
     <span class='ocr_line' id='line_1_16' title="bbox 435 1539 2025 1611; baseline 0.006 -24"><span class='ocrx_word' id='word_1_102' title='bbox 435 1544 543 1600; x_wconf 88' lang='lat' dir='ltr'><strong>tur,</strong></span> <span class='ocrx_word' id='word_1_103' title='bbox 607 1545 814 1603; x_wconf 89' lang='lat' dir='ltr'><strong>quanto</strong></span> <span class='ocrx_word' id='word_1_104' title='bbox 869 1539 1043 1607; x_wconf 80' lang='lat' dir='ltr'><strong>magis</strong></span> <span class='ocrx_word' id='word_1_105' title='bbox 1087 1539 1176 1594; x_wconf 91' lang='lat' dir='ltr'><strong>ille</strong></span> <span class='ocrx_word' id='word_1_106' title='bbox 1219 1539 1336 1609; x_wconf 92' lang='lat' dir='ltr'><strong>ipse</strong></span> <span class='ocrx_word' id='word_1_107' title='bbox 1367 1558 1380 1594; x_wconf 92' lang='lat'>:</span> <span class='ocrx_word' id='word_1_108' title='bbox 1409 1539 1476 1594; x_wconf 80' lang='lat' dir='ltr'><strong>In</strong></span> <span class='ocrx_word' id='word_1_109' title='bbox 1504 1557 1608 1610; x_wconf 78' lang='lat' dir='ltr'><strong>quo</strong></span> <span class='ocrx_word' id='word_1_110' title='bbox 1643 1543 1814 1596; x_wconf 79' lang='lat' dir='ltr'><strong>omnis</strong></span> <span class='ocrx_word' id='word_1_111' title='bbox 1853 1543 2025 1611; x_wconf 77' lang='lat' dir='ltr'><strong>pleni-</strong></span> 
     </span>
    </p>
   </div>
   <div class='ocr_carea' id='block_1_17' title="bbox 443 1626 2031 1703">
    <p class='ocr_par' dir='ltr' id='par_1_17' title="bbox 443 1626 2031 1703">
     <span class='ocr_line' id='line_1_17' title="bbox 443 1626 2031 1703; baseline 0.006 -27"><span class='ocrx_word' id='word_1_112' title='bbox 443 1626 565 1678; x_wconf 88' lang='lat' dir='ltr'><strong>tudo</strong></span> <span class='ocrx_word' id='word_1_113' title='bbox 595 1626 896 1681; x_wconf 76' lang='lat' dir='ltr'><strong>divinitatis</strong></span> <span class='ocrx_word' id='word_1_114' title='bbox 917 1627 1158 1682; x_wconf 84' lang='lat' dir='ltr'><strong>habitare</strong></span> <span class='ocrx_word' id='word_1_115' title='bbox 1183 1631 1534 1698; x_wconf 78' lang='lat' dir='ltr'><strong>corporaliter</strong></span> <span class='ocrx_word' id='word_1_116' title='bbox 1570 1632 1793 1696; x_wconf 78' lang='lat' dir='ltr'><strong>voluit&#39;,</strong></span> <span class='ocrx_word' id='word_1_117' title='bbox 1833 1648 2031 1703; x_wconf 91' lang='lat' dir='ltr'><strong>quam-</strong></span> 
     </span>
    </p>
   </div>
   <div class='ocr_carea' id='block_1_18' title="bbox 452 1715 2029 1788">
    <p class='ocr_par' dir='ltr' id='par_1_18' title="bbox 452 1715 2029 1788">
     <span class='ocr_line' id='line_1_18' title="bbox 452 1715 2029 1788; baseline 0.004 -20"><span class='ocrx_word' id='word_1_118' title='bbox 452 1715 531 1768; x_wconf 84' lang='lat' dir='ltr'><strong>vis</strong></span> <span class='ocrx_word' id='word_1_119' title='bbox 551 1729 733 1768; x_wconf 83' lang='lat' dir='ltr'><strong>veram</strong></span> <span class='ocrx_word' id='word_1_120' title='bbox 767 1731 796 1771; x_wconf 90' lang='lat' dir='ltr'><strong>e</strong></span> <span class='ocrx_word' id='word_1_121' title='bbox 829 1715 999 1769; x_wconf 83' lang='lat' dir='ltr'><strong>Maria</strong></span> <span class='ocrx_word' id='word_1_122' title='bbox 1025 1733 1244 1788; x_wconf 89' lang='lat' dir='ltr'><strong>semper</strong></span> <span class='ocrx_word' id='word_1_123' title='bbox 1263 1719 1474 1788; x_wconf 78' lang='lat' dir='ltr'><strong>virgine</strong></span> <span class='ocrx_word' id='word_1_124' title='bbox 1492 1735 1714 1774; x_wconf 87' lang='lat' dir='ltr'><strong>carnem</strong></span> <span class='ocrx_word' id='word_1_125' title='bbox 1745 1729 1796 1774; x_wconf 85' lang='lat' dir='ltr'><strong>et</strong></span> <span class='ocrx_word' id='word_1_126' title='bbox 1833 1721 2029 1775; x_wconf 88' lang='lat' dir='ltr'><strong>huma-</strong></span> 
     </span>
    </p>
   </div>
   <div class='ocr_carea' id='block_1_19' title="bbox 443 1807 2030 1883">
    <p class='ocr_par' dir='ltr' id='par_1_19' title="bbox 443 1807 2030 1883">
     <span class='ocr_line' id='line_1_19' title="bbox 443 1807 2030 1883; baseline 0.008 -25"><span class='ocrx_word' id='word_1_127' title='bbox 443 1821 570 1859; x_wconf 86' lang='lat' dir='ltr'><strong>nam</strong></span> <span class='ocrx_word' id='word_1_128' title='bbox 595 1807 830 1859; x_wconf 88' lang='lat' dir='ltr'><strong>animam</strong></span> <span class='ocrx_word' id='word_1_129' title='bbox 857 1824 979 1862; x_wconf 92' lang='lat' dir='ltr'><strong>cum</strong></span> <span class='ocrx_word' id='word_1_130' title='bbox 1010 1819 1192 1864; x_wconf 89' lang='lat' dir='ltr'><strong>mente</strong></span> <span class='ocrx_word' id='word_1_131' title='bbox 1209 1825 1272 1864; x_wconf 92' lang='lat' dir='ltr'><strong>ac</strong></span> <span class='ocrx_word' id='word_1_132' title='bbox 1292 1813 1508 1866; x_wconf 64' lang='lat' dir='ltr'><strong>caeteris</strong></span> <span class='ocrx_word' id='word_1_133' title='bbox 1528 1813 1763 1869; x_wconf 76' lang='lat' dir='ltr'><strong>hominis</strong></span> <span class='ocrx_word' id='word_1_134' title='bbox 1785 1814 2030 1883; x_wconf 89' lang='lat' dir='ltr'><strong>partibus</strong></span> 
     </span>
    </p>
   </div>
   <div class='ocr_carea' id='block_1_20' title="bbox 439 1898 2032 1978">
    <p class='ocr_par' dir='ltr' id='par_1_20' title="bbox 439 1898 2032 1978">
     <span class='ocr_line' id='line_1_20' title="bbox 439 1898 2032 1978; baseline 0.01 -31"><span class='ocrx_word' id='word_1_135' title='bbox 439 1898 736 1965; x_wconf 86' lang='lat' dir='ltr'><strong>acceperit,</strong></span> <span class='ocrx_word' id='word_1_136' title='bbox 781 1898 835 1951; x_wconf 89' lang='lat' dir='ltr'><strong>in</strong></span> <span class='ocrx_word' id='word_1_137' title='bbox 873 1898 1059 1968; x_wconf 88' lang='lat' dir='ltr'><strong>seipso</strong></span> <span class='ocrx_word' id='word_1_138' title='bbox 1113 1901 1185 1954; x_wconf 91' lang='lat' dir='ltr'><strong>ita</strong></span> <span class='ocrx_word' id='word_1_139' title='bbox 1231 1903 1516 1957; x_wconf 87' lang='lat' dir='ltr'><strong>continere</strong></span> <span class='ocrx_word' id='word_1_140' title='bbox 1573 1906 1781 1970; x_wconf 87' lang='lat' dir='ltr'><strong>omnia.</strong></span> <span class='ocrx_word' id='word_1_141' title='bbox 1845 1916 2032 1978; x_wconf 85' lang='lat' dir='ltr'><strong>utpote</strong></span> 
     </span>
    </p>
   </div>
   <div class='ocr_carea' id='block_1_21' title="bbox 437 1984 2029 2068">
    <p class='ocr_par' dir='ltr' id='par_1_21' title="bbox 437 1984 2029 2068">
     <span class='ocr_line' id='line_1_21' title="bbox 437 1984 2029 2068; baseline 0.009 -31"><span class='ocrx_word' id='word_1_142' title='bbox 437 1984 605 2051; x_wconf 88' lang='lat' dir='ltr'><strong>Dens,</strong></span> <span class='ocrx_word' id='word_1_143' title='bbox 644 1989 844 2057; x_wconf 89' lang='lat' dir='ltr'><strong>potuit,</strong></span> <span class='ocrx_word' id='word_1_144' title='bbox 885 1998 944 2042; x_wconf 88' lang='lat' dir='ltr'><strong>ut</strong></span> <span class='ocrx_word' id='word_1_145' title='bbox 977 2006 1154 2059; x_wconf 90' lang='lat' dir='ltr'><strong>neque</strong></span> <span class='ocrx_word' id='word_1_146' title='bbox 1185 1993 1239 2045; x_wconf 90' lang='lat' dir='ltr'><strong>in</strong></span> <span class='ocrx_word' id='word_1_147' title='bbox 1268 1995 1570 2062; x_wconf 86' lang='lat' dir='ltr'><strong>nequitiam</strong></span> <span class='ocrx_word' id='word_1_148' title='bbox 1619 2010 2029 2068; x_wconf 82' lang='lat' dir='ltr'><strong>spargerentur,</strong></span> 
     </span>
    </p>
   </div>
   <div class='ocr_carea' id='block_1_22' title="bbox 2121 803 3716 882">
    <p class='ocr_par' dir='ltr' id='par_1_22' title="bbox 2121 803 3716 882">
     <span class='ocr_line' id='line_1_22' title="bbox 2121 803 3716 882; baseline -0.004 -19"><span class='ocrx_word' id='word_1_149' title='bbox 2121 811 2365 880; x_wconf 82' lang='grc' dir='ltr'>εἴπωμεν</span> <span class='ocrx_word' id='word_1_150' title='bbox 2403 809 2607 864; x_wconf 76' lang='grc' dir='ltr'>τέλειον</span> <span class='ocrx_word' id='word_1_151' title='bbox 2643 808 2932 882; x_wconf 79' lang='grc' dir='ltr'>ἄνθρωπον</span> <span class='ocrx_word' id='word_1_152' title='bbox 2974 808 3039 859; x_wconf 82' lang='grc' dir='ltr'><strong>ἐκ</strong></span> <span class='ocrx_word' id='word_1_153' title='bbox 3089 805 3307 876; x_wconf 80' lang='grc' dir='ltr'><strong>Μαρίας</strong></span> <span class='ocrx_word' id='word_1_154' title='bbox 3340 803 3433 857; x_wconf 79' lang='grc' dir='ltr'><strong>τὸν</strong></span> <span class='ocrx_word' id='word_1_155' title='bbox 3477 804 3716 874; x_wconf 69' lang='grc' dir='ltr'>Χριστὸν</span> 
     </span>
    </p>
   </div>
   <div class='ocr_carea' id='block_1_23' title="bbox 2123 896 3714 972">
    <p class='ocr_par' dir='ltr' id='par_1_23' title="bbox 2123 896 3714 972">
     <span class='ocr_line' id='line_1_23' title="bbox 2123 896 3714 972; baseline -0.004 -18"><span class='ocrx_word' id='word_1_156' title='bbox 2123 901 2406 970; x_wconf 84' lang='grc' dir='ltr'><strong>γεγονότα,</strong></span> <span class='ocrx_word' id='word_1_157' title='bbox 2465 901 2497 972; x_wconf 86' lang='grc' dir='ltr'>ἢ</span> <span class='ocrx_word' id='word_1_158' title='bbox 2550 901 2824 970; x_wconf 75' lang='grc' dir='ltr'><strong>ἐσχηκότα</strong></span> <span class='ocrx_word' id='word_1_159' title='bbox 2861 901 2917 965; x_wconf 87' lang='grc'><strong>⁶;</strong></span> <span class='ocrx_word' id='word_1_160' title='bbox 2975 900 3068 970; x_wconf 83' lang='grc' dir='ltr'><strong>Μὴ</strong></span> <span class='ocrx_word' id='word_1_161' title='bbox 3121 899 3498 968; x_wconf 79' lang='grc' dir='ltr'>ὑπονοήσομεν</span> <span class='ocrx_word' id='word_1_162' title='bbox 3549 896 3714 949; x_wconf 63' lang='grc' dir='ltr'>αὐτὸν</span> 
     </span>
    </p>
   </div>
   <div class='ocr_carea' id='block_1_24' title="bbox 2122 991 3713 1064">
    <p class='ocr_par' dir='ltr' id='par_1_24' title="bbox 2122 991 3713 1064">
     <span class='ocr_line' id='line_1_24' title="bbox 2122 991 3713 1064; baseline -0.003 -18"><span class='ocrx_word' id='word_1_163' title='bbox 2122 994 2420 1064; x_wconf 78' lang='grc' dir='ltr'><strong>ἁμαρτίαις</strong></span> <span class='ocrx_word' id='word_1_164' title='bbox 2449 993 2826 1056; x_wconf 75' lang='grc' dir='ltr'>ὑποπεσόντας</span> <span class='ocrx_word' id='word_1_165' title='bbox 2863 991 2948 1062; x_wconf 81' lang='grc' dir='ltr'>Μὴ</span> <span class='ocrx_word' id='word_1_166' title='bbox 2977 991 3214 1060; x_wconf 76' lang='grc' dir='ltr'>γένοιτοί</span> <span class='ocrx_word' id='word_1_167' title='bbox 3253 993 3575 1060; x_wconf 77' lang='grc' dir='ltr'>Ἀμαρτίαν</span> <span class='ocrx_word' id='word_1_168' title='bbox 3606 991 3713 1060; x_wconf 81' lang='grc' dir='ltr'>γὰρ</span> 
     </span>
    </p>
   </div>
   <div class='ocr_carea' id='block_1_25' title="bbox 2124 1081 3718 1154">
    <p class='ocr_par' dir='ltr' id='par_1_25' title="bbox 2124 1081 3718 1154">
     <span class='ocr_line' id='line_1_25' title="bbox 2124 1081 3718 1154; baseline -0.004 -15"><span class='ocrx_word' id='word_1_169' title='bbox 2124 1088 2236 1139; x_wconf 75' lang='grc' dir='ltr'><strong>οὐκ</strong></span> <span class='ocrx_word' id='word_1_170' title='bbox 2261 1084 2574 1152; x_wconf 78' lang='grc' dir='ltr'>ἐποίησεν,</span> <span class='ocrx_word' id='word_1_171' title='bbox 2609 1083 2753 1137; x_wconf 80' lang='grc' dir='ltr'><strong>οὐδὲ</strong></span> <span class='ocrx_word' id='word_1_172' title='bbox 2783 1084 2996 1154; x_wconf 75' lang='grc' dir='ltr'>εὑρέθη</span> <span class='ocrx_word' id='word_1_173' title='bbox 3026 1082 3208 1148; x_wconf 73' lang='grc' dir='ltr'>δόλος</span> <span class='ocrx_word' id='word_1_174' title='bbox 3239 1083 3310 1135; x_wconf 76' lang='grc' dir='ltr'><strong>ἐν</strong></span> <span class='ocrx_word' id='word_1_175' title='bbox 3340 1081 3420 1147; x_wconf 82' lang='grc' dir='ltr'>τῷ</span> <span class='ocrx_word' id='word_1_176' title='bbox 3459 1084 3718 1150; x_wconf 78' lang='grc' dir='ltr'>στόματι</span> 
     </span>
    </p>
   </div>
   <div class='ocr_carea' id='block_1_26' title="bbox 2124 1173 3718 1248">
    <p class='ocr_par' dir='ltr' id='par_1_26' title="bbox 2124 1173 3718 1248">
     <span class='ocr_line' id='line_1_26' title="bbox 2124 1173 3718 1248; baseline -0.005 -16"><span class='ocrx_word' id='word_1_177' title='bbox 2124 1174 2334 1234; x_wconf 80' lang='grc' dir='ltr'>αὐτοῦ.</span> <span class='ocrx_word' id='word_1_178' title='bbox 2380 1176 2446 1230; x_wconf 80' lang='lat' dir='ltr'><strong>El</strong></span> <span class='ocrx_word' id='word_1_179' title='bbox 2495 1175 2604 1247; x_wconf 77' lang='grc' dir='ltr'>γὰρ</span> <span class='ocrx_word' id='word_1_180' title='bbox 2654 1176 2755 1248; x_wconf 76' lang='grc' dir='ltr'>τὴν</span> <span class='ocrx_word' id='word_1_181' title='bbox 2799 1175 2966 1230; x_wconf 80' lang='grc' dir='ltr'>αὑτοῦ</span> <span class='ocrx_word' id='word_1_182' title='bbox 3017 1173 3246 1245; x_wconf 82' lang='grc' dir='ltr'>δύναμιν</span> <span class='ocrx_word' id='word_1_183' title='bbox 3275 1174 3571 1226; x_wconf 74' lang='grc' dir='ltr'><strong>ἐνέπνευσε</strong></span> <span class='ocrx_word' id='word_1_184' title='bbox 3602 1174 3718 1233; x_wconf 80' lang='grc' dir='ltr'>τοῖς</span> 
     </span>
    </p>
   </div>
   <div class='ocr_carea' id='block_1_27' title="bbox 2127 1259 3720 1340">
    <p class='ocr_par' dir='ltr' id='par_1_27' title="bbox 2127 1259 3720 1340">
     <span class='ocr_line' id='line_1_27' title="bbox 2127 1259 3720 1340; baseline -0.006 -15"><span class='ocrx_word' id='word_1_185' title='bbox 2127 1271 2323 1340; x_wconf 79' lang='grc' dir='ltr'><strong>ἁγίοις,</strong></span> <span class='ocrx_word' id='word_1_186' title='bbox 2355 1269 2450 1323; x_wconf 75' lang='grc' dir='ltr'>καὶ</span> <span class='ocrx_word' id='word_1_187' title='bbox 2481 1270 2539 1322; x_wconf 89' lang='grc' dir='ltr'><strong>ἐν</strong></span> <span class='ocrx_word' id='word_1_188' title='bbox 2566 1261 2649 1330; x_wconf 73' lang='grc' dir='ltr'><strong>οἷς</strong></span> <span class='ocrx_word' id='word_1_189' title='bbox 2680 1267 2970 1320; x_wconf 76' lang='grc' dir='ltr'><strong>ἐνέπνευσε</strong></span> <span class='ocrx_word' id='word_1_190' title='bbox 3014 1265 3416 1337; x_wconf 73' lang='grc' dir='ltr'><strong>μαρτυροῦνται</strong></span> <span class='ocrx_word' id='word_1_191' title='bbox 3455 1266 3540 1317; x_wconf 82' lang='grc' dir='ltr'>ὅτι</span> <span class='ocrx_word' id='word_1_192' title='bbox 3575 1259 3720 1336; x_wconf 73' lang='grc' dir='ltr'>ἦσαν</span> 
     </span>
    </p>
   </div>
   <div class='ocr_carea' id='block_1_28' title="bbox 2129 1355 3720 1430">
    <p class='ocr_par' dir='ltr' id='par_1_28' title="bbox 2129 1355 3720 1430">
     <span class='ocr_line' id='line_1_28' title="bbox 2129 1355 3720 1430; baseline -0.006 -14"><span class='ocrx_word' id='word_1_193' title='bbox 2129 1364 2296 1430; x_wconf 80' lang='grc' dir='ltr'>ἆγιοι,</span> <span class='ocrx_word' id='word_1_194' title='bbox 2330 1360 2550 1425; x_wconf 86' lang='grc' dir='ltr'>δίκαιοι,</span> <span class='ocrx_word' id='word_1_195' title='bbox 2588 1357 2994 1429; x_wconf 76' lang='grc' dir='ltr'>προϐεϐηκότες</span> <span class='ocrx_word' id='word_1_196' title='bbox 3022 1359 3079 1409; x_wconf 79' lang='grc' dir='ltr'><strong>ἐν</strong></span> <span class='ocrx_word' id='word_1_197' title='bbox 3107 1358 3228 1421; x_wconf 82' lang='grc' dir='ltr'>ταῖς</span> <span class='ocrx_word' id='word_1_198' title='bbox 3265 1357 3504 1427; x_wconf 77' lang='grc' dir='ltr'><strong>ἡμέραις</strong></span> <span class='ocrx_word' id='word_1_199' title='bbox 3537 1355 3720 1408; x_wconf 81' lang='grc' dir='ltr'>αὐτῶν</span> 
     </span>
    </p>
   </div>
   <div class='ocr_carea' id='block_1_29' title="bbox 2128 1441 3723 1525">
    <p class='ocr_par' dir='ltr' id='par_1_29' title="bbox 2128 1441 3723 1525">
     <span class='ocr_line' id='line_1_29' title="bbox 2128 1441 3723 1525; baseline -0.006 -16"><span class='ocrx_word' id='word_1_200' title='bbox 2128 1455 2432 1525; x_wconf 76' lang='grc' dir='ltr'><strong>ἄμεμπτοι,</strong></span> <span class='ocrx_word' id='word_1_201' title='bbox 2464 1452 2615 1522; x_wconf 88' lang='grc' dir='ltr'>πόσῳ</span> <span class='ocrx_word' id='word_1_202' title='bbox 2639 1467 2703 1518; x_wconf 87' lang='grc' dir='ltr'><strong>γε</strong></span> <span class='ocrx_word' id='word_1_203' title='bbox 2733 1450 2935 1521; x_wconf 81' lang='grc' dir='ltr'>μᾶλλον</span> <span class='ocrx_word' id='word_1_204' title='bbox 2963 1449 3126 1511; x_wconf 77' lang='grc' dir='ltr'>αὐτὸς</span> <span class='ocrx_word' id='word_1_205' title='bbox 3153 1449 3310 1513; x_wconf 84' lang='grc' dir='ltr'>ὅλως,</span> <span class='ocrx_word' id='word_1_206' title='bbox 3351 1450 3447 1501; x_wconf 85' lang='grc' dir='ltr'><strong>Ἐν</strong></span> <span class='ocrx_word' id='word_1_207' title='bbox 3475 1441 3525 1514; x_wconf 81' lang='grc' dir='ltr'><strong>ᾧ</strong></span> <span class='ocrx_word' id='word_1_208' title='bbox 3549 1446 3723 1501; x_wconf 78' lang='grc' dir='ltr'><strong>εὑδό-</strong></span> 
     </span>
    </p>
   </div>
   <div class='ocr_carea' id='block_1_30' title="bbox 2130 1537 3724 1609">
    <p class='ocr_par' dir='ltr' id='par_1_30' title="bbox 2130 1537 3724 1609">
     <span class='ocr_line' id='line_1_30' title="bbox 2130 1537 3724 1609; baseline -0.004 -13"><span class='ocrx_word' id='word_1_209' title='bbox 2130 1559 2286 1609; x_wconf 80' lang='grc' dir='ltr'>κησε</span> <span class='ocrx_word' id='word_1_210' title='bbox 2317 1542 2443 1596; x_wconf 76' lang='grc' dir='ltr'><strong>πᾶν</strong></span> <span class='ocrx_word' id='word_1_211' title='bbox 2480 1541 2548 1594; x_wconf 83' lang='grc' dir='ltr'>τὸ</span> <span class='ocrx_word' id='word_1_212' title='bbox 2580 1539 2874 1608; x_wconf 80' lang='grc' dir='ltr'>πλήρωμα</span> <span class='ocrx_word' id='word_1_213' title='bbox 2907 1538 3016 1607; x_wconf 83' lang='grc' dir='ltr'>τῆς</span> <span class='ocrx_word' id='word_1_214' title='bbox 3050 1540 3330 1606; x_wconf 78' lang='grc' dir='ltr'><strong>θεότητος</strong></span> <span class='ocrx_word' id='word_1_215' title='bbox 3361 1537 3724 1605; x_wconf 74' lang='grc' dir='ltr'><strong>κατοικῆσαι</strong></span> 
     </span>
    </p>
   </div>
   <div class='ocr_carea' id='block_1_31' title="bbox 2127 1631 3726 1706">
    <p class='ocr_par' dir='ltr' id='par_1_31' title="bbox 2127 1631 3726 1706">
     <span class='ocr_line' id='line_1_31' title="bbox 2127 1631 3726 1706; baseline -0.003 -15"><span class='ocrx_word' id='word_1_216' title='bbox 2127 1635 2498 1706; x_wconf 78' lang='grc' dir='ltr'><strong>σωματικῶς,</strong></span> <span class='ocrx_word' id='word_1_217' title='bbox 2554 1635 2655 1689; x_wconf 79' lang='grc' dir='ltr'><strong>κάν</strong></span> <span class='ocrx_word' id='word_1_218' title='bbox 2693 1650 2750 1686; x_wconf 87' lang='grc' dir='ltr'><strong>τε</strong></span> <span class='ocrx_word' id='word_1_219' title='bbox 2800 1634 2979 1705; x_wconf 82' lang='grc' dir='ltr'><strong>σάρκα</strong></span> <span class='ocrx_word' id='word_1_220' title='bbox 3009 1632 3268 1704; x_wconf 81' lang='grc' dir='ltr'>ἀληθινὴν</span> <span class='ocrx_word' id='word_1_221' title='bbox 3310 1631 3448 1703; x_wconf 74' lang='grc' dir='ltr'>λάϐῃ</span> <span class='ocrx_word' id='word_1_222' title='bbox 3498 1633 3566 1684; x_wconf 80' lang='grc' dir='ltr'><strong>ἐκ</strong></span> <span class='ocrx_word' id='word_1_223' title='bbox 3599 1634 3726 1686; x_wconf 77' lang='lat' dir='ltr'><strong>Ma.-</strong></span> 
     </span>
    </p>
   </div>
   <div class='ocr_carea' id='block_1_32' title="bbox 2136 1721 3726 1796">
    <p class='ocr_par' dir='ltr' id='par_1_32' title="bbox 2136 1721 3726 1796">
     <span class='ocr_line' id='line_1_32' title="bbox 2136 1721 3726 1796; baseline -0.004 -17"><span class='ocrx_word' id='word_1_224' title='bbox 2136 1727 2255 1795; x_wconf 87' lang='grc' dir='ltr'>ρίας</span> <span class='ocrx_word' id='word_1_225' title='bbox 2301 1727 2398 1796; x_wconf 78' lang='grc' dir='ltr'>τῆς</span> <span class='ocrx_word' id='word_1_226' title='bbox 2425 1725 2808 1796; x_wconf 78' lang='grc' dir='ltr'>ἀειπαρθένου,</span> <span class='ocrx_word' id='word_1_227' title='bbox 2859 1724 2953 1776; x_wconf 76' lang='grc' dir='ltr'>καὶ</span> <span class='ocrx_word' id='word_1_228' title='bbox 2990 1722 3170 1793; x_wconf 75' lang='grc' dir='ltr'>ψυχὴν</span> <span class='ocrx_word' id='word_1_229' title='bbox 3208 1721 3556 1795; x_wconf 79' lang='grc' dir='ltr'><strong>ἀνθρωπείαν</strong></span> <span class='ocrx_word' id='word_1_230' title='bbox 3589 1722 3726 1792; x_wconf 79' lang='grc' dir='ltr'>ἁλη-</span> 
     </span>
    </p>
   </div>
   <div class='ocr_carea' id='block_1_33' title="bbox 2134 1813 3725 1883">
    <p class='ocr_par' dir='ltr' id='par_1_33' title="bbox 2134 1813 3725 1883">
     <span class='ocr_line' id='line_1_33' title="bbox 2134 1813 3725 1883; baseline -0.003 -13"><span class='ocrx_word' id='word_1_231' title='bbox 2134 1817 2294 1881; x_wconf 87' lang='grc' dir='ltr'>θινῶς</span> <span class='ocrx_word' id='word_1_232' title='bbox 2345 1817 2440 1870; x_wconf 71' lang='grc' dir='ltr'><strong>καὶ</strong></span> <span class='ocrx_word' id='word_1_233' title='bbox 2486 1816 2609 1869; x_wconf 82' lang='grc' dir='ltr'>νοῦν</span> <span class='ocrx_word' id='word_1_234' title='bbox 2659 1817 2752 1869; x_wconf 75' lang='grc' dir='ltr'>καὶ</span> <span class='ocrx_word' id='word_1_235' title='bbox 2793 1815 2846 1867; x_wconf 81' lang='grc' dir='ltr'><strong>εί</strong></span> <span class='ocrx_word' id='word_1_236' title='bbox 2890 1831 2943 1866; x_wconf 86' lang='grc' dir='ltr'>τι</span> <span class='ocrx_word' id='word_1_237' title='bbox 2995 1815 3142 1866; x_wconf 77' lang='grc' dir='ltr'>ἐστὶν</span> <span class='ocrx_word' id='word_1_238' title='bbox 3181 1813 3368 1883; x_wconf 76' lang='grc' dir='ltr'>ἕτερον</span> <span class='ocrx_word' id='word_1_239' title='bbox 3405 1814 3464 1865; x_wconf 77' lang='grc' dir='ltr'><strong>ἐν</strong></span> <span class='ocrx_word' id='word_1_240' title='bbox 3509 1813 3591 1882; x_wconf 81' lang='grc' dir='ltr'><strong>τῷ</strong></span> <span class='ocrx_word' id='word_1_241' title='bbox 3631 1815 3725 1866; x_wconf 82' lang='grc' dir='ltr'>ἀν-</span> 
     </span>
    </p>
   </div>
   <div class='ocr_carea' id='block_1_34' title="bbox 2136 1905 3727 1981">
    <p class='ocr_par' dir='ltr' id='par_1_34' title="bbox 2136 1905 3727 1981">
     <span class='ocr_line' id='line_1_34' title="bbox 2136 1905 3727 1981; baseline -0.003 -19"><span class='ocrx_word' id='word_1_242' title='bbox 2136 1909 2362 1981; x_wconf 79' lang='grc' dir='ltr'>θρώπῳ,</span> <span class='ocrx_word' id='word_1_243' title='bbox 2393 1909 2556 1972; x_wconf 79' lang='grc' dir='ltr'>αὐτὸς</span> <span class='ocrx_word' id='word_1_244' title='bbox 2588 1911 2646 1961; x_wconf 85' lang='grc' dir='ltr'><strong>ἐν</strong></span> <span class='ocrx_word' id='word_1_245' title='bbox 2677 1907 2857 1978; x_wconf 79' lang='grc' dir='ltr'>ἐαυτῷ</span> <span class='ocrx_word' id='word_1_246' title='bbox 2903 1906 3043 1977; x_wconf 81' lang='grc' dir='ltr'>ἔχων</span> <span class='ocrx_word' id='word_1_247' title='bbox 3075 1905 3144 1958; x_wconf 77' lang='grc' dir='ltr'><strong>τὰ</strong></span> <span class='ocrx_word' id='word_1_248' title='bbox 3175 1905 3294 1968; x_wconf 84' lang='grc' dir='ltr'>ὅλα,</span> <span class='ocrx_word' id='word_1_249' title='bbox 3335 1908 3560 1975; x_wconf 86' lang='grc' dir='ltr'>κατεῖχε</span> <span class='ocrx_word' id='word_1_250' title='bbox 3590 1905 3727 1969; x_wconf 72' lang='grc' dir='ltr'>Θεὸς</span> 
     </span>
    </p>
   </div>
   <div class='ocr_carea' id='block_1_35' title="bbox 2134 1997 3728 2073">
    <p class='ocr_par' dir='ltr' id='par_1_35' title="bbox 2134 1997 3728 2073">
     <span class='ocr_line' id='line_1_35' title="bbox 2134 1997 3728 2073; baseline -0.002 -20"><span class='ocrx_word' id='word_1_251' title='bbox 2134 2001 2232 2066; x_wconf 83' lang='grc' dir='ltr'>ὢν,</span> <span class='ocrx_word' id='word_1_252' title='bbox 2257 2001 2330 2072; x_wconf 86' lang='grc' dir='ltr'><strong>μὴ</strong></span> <span class='ocrx_word' id='word_1_253' title='bbox 2364 2002 2700 2073; x_wconf 79' lang='grc' dir='ltr'><strong>μεριζόμενα</strong></span> <span class='ocrx_word' id='word_1_254' title='bbox 2730 2000 2865 2069; x_wconf 88' lang='grc' dir='ltr'>πρὸς</span> <span class='ocrx_word' id='word_1_255' title='bbox 2890 1998 2988 2069; x_wconf 78' lang='grc' dir='ltr'>τὴν</span> <span class='ocrx_word' id='word_1_256' title='bbox 3016 1998 3235 2062; x_wconf 81' lang='grc' dir='ltr'><strong>κακίαν,</strong></span> <span class='ocrx_word' id='word_1_257' title='bbox 3268 1997 3342 2068; x_wconf 78' lang='grc' dir='ltr'>μὴ</span> <span class='ocrx_word' id='word_1_258' title='bbox 3373 1997 3728 2068; x_wconf 73' lang='grc' dir='ltr'>θρυπτόμενα</span> 
     </span>
    </p>
   </div>
   <div class='ocr_carea' id='block_1_36' title="bbox 438 2067 2034 2164">
    <p class='ocr_par' dir='ltr' id='par_1_36' title="bbox 438 2080 2029 2158">
     <span class='ocr_line' id='line_1_36' title="bbox 438 2080 2029 2158; baseline 0.007 -26"><span class='ocrx_word' id='word_1_259' title='bbox 438 2095 618 2149; x_wconf 88' lang='lat' dir='ltr'><strong>neque</strong></span> <span class='ocrx_word' id='word_1_260' title='bbox 662 2080 885 2152; x_wconf 77' lang='lat' dir='ltr'><strong>maligni</strong></span> <span class='ocrx_word' id='word_1_261' title='bbox 936 2081 1113 2140; x_wconf 79' lang='lat' dir='ltr'><strong>hostis</strong></span> <span class='ocrx_word' id='word_1_262' title='bbox 1150 2082 1344 2140; x_wconf 79' lang='lat' dir='ltr'><strong>fraude</strong></span> <span class='ocrx_word' id='word_1_263' title='bbox 1392 2085 1604 2142; x_wconf 89' lang='lat' dir='ltr'><strong>deliciis</strong></span> <span class='ocrx_word' id='word_1_264' title='bbox 1658 2090 2029 2158; x_wconf 74' lang='lat' dir='ltr'><strong>infringeret:-</strong></span> 
     </span>
    </p>
   </div>
   <div class='ocr_carea' id='block_1_37' title="bbox 2137 2067 3726 2164">
    <p class='ocr_par' dir='ltr' id='par_1_37' title="bbox 2137 2067 3726 2164">
     <span class='ocr_line' id='line_1_37' title="bbox 2137 2067 3726 2164; baseline -0.004 -16"><span class='ocrx_word' id='word_1_265' title='bbox 2137 2067 2382 2148; x_wconf 36' lang='grc' dir='ltr'>ἀπὺ-τόδ</span> <span class='ocrx_word' id='word_1_266' title='bbox 2434 2067 2698 2164; x_wconf 76' lang='grc' dir='ltr'>πονηροῦ,</span> <span class='ocrx_word' id='word_1_267' title='bbox 2856 2067 3187 2159; x_wconf 80' lang='grc' dir='ltr'>ἁλισκόμενα</span> <span class='ocrx_word' id='word_1_268' title='bbox 3225 2067 3284 2143; x_wconf 85' lang='grc' dir='ltr'><strong>ἐν</strong></span> <span class='ocrx_word' id='word_1_269' title='bbox 3316 2093 3382 2160; x_wconf 83' lang='grc' dir='ltr'>τῇ</span> <span class='ocrx_word' id='word_1_270' title='bbox 3426 2067 3613 2160; x_wconf 68' lang='grc' dir='ltr'>ἡδονῇ,</span> <span class='ocrx_word' id='word_1_271' title='bbox 3648 2089 3726 2160; x_wconf 79' lang='grc' dir='ltr'>μὴ</span> 
     </span>
    </p>
   </div>
   <div class='ocr_carea' id='block_1_38' title="bbox 438 2172 2036 2248">
    <p class='ocr_par' dir='ltr' id='par_1_38' title="bbox 438 2172 2036 2248">
     <span class='ocr_line' id='line_1_38' title="bbox 438 2172 2036 2248; baseline 0.007 -26"><span class='ocrx_word' id='word_1_272' title='bbox 438 2175 550 2234; x_wconf 92' lang='lat' dir='ltr'><strong>tur,</strong></span> <span class='ocrx_word' id='word_1_273' title='bbox 603 2184 779 2238; x_wconf 89' lang='lat' dir='ltr'><strong>neque</strong></span> <span class='ocrx_word' id='word_1_274' title='bbox 833 2172 1173 2240; x_wconf 84' lang='lat' dir='ltr'><strong>voluptatum</strong></span> <span class='ocrx_word' id='word_1_275' title='bbox 1219 2173 1496 2232; x_wconf 88' lang='lat' dir='ltr'><strong>illecebris</strong></span> <span class='ocrx_word' id='word_1_276' title='bbox 1551 2187 1901 2248; x_wconf 86' lang='lat' dir='ltr'><strong>caperentur,</strong></span> <span class='ocrx_word' id='word_1_277' title='bbox 1934 2193 2036 2235; x_wconf 89' lang='lat' dir='ltr'><strong>nec</strong></span> 
     </span>
    </p>
   </div>
   <div class='ocr_carea' id='block_1_39' title="bbox 440 2261 2033 2340">
    <p class='ocr_par' dir='ltr' id='par_1_39' title="bbox 440 2261 2033 2340">
     <span class='ocr_line' id='line_1_39' title="bbox 440 2261 2033 2340; baseline 0.006 -25"><span class='ocrx_word' id='word_1_278' title='bbox 440 2261 636 2316; x_wconf 82' lang='lat' dir='ltr'><strong>Adami</strong></span> <span class='ocrx_word' id='word_1_279' title='bbox 692 2261 895 2316; x_wconf 87' lang='lat' dir='ltr'><strong>delicto</strong></span> <span class='ocrx_word' id='word_1_280' title='bbox 957 2265 1414 2334; x_wconf 64' lang='lat' dir='ltr'><strong>sulajicerentur?</strong></span> <span class='ocrx_word' id='word_1_281' title='bbox 1475 2268 1589 2340; x_wconf 76' lang='lat'><strong>86</strong></span> <span class='ocrx_word' id='word_1_282' title='bbox 1645 2267 1742 2337; x_wconf 31' lang='grc' dir='ltr'>Οἱ),</span> <span class='ocrx_word' id='word_1_283' title='bbox 1779 2270 1833 2323; x_wconf 90' lang='lat' dir='ltr'><strong>id</strong></span> <span class='ocrx_word' id='word_1_284' title='bbox 1888 2273 2033 2327; x_wconf 83' lang='lat' dir='ltr'><strong>enim</strong></span> 
     </span>
    </p>
   </div>
   <div class='ocr_carea' id='block_1_40' title="bbox 437 2354 2036 2430">
    <p class='ocr_par' dir='ltr' id='par_1_40' title="bbox 437 2354 2036 2430">
     <span class='ocr_line' id='line_1_40' title="bbox 437 2354 2036 2430; baseline 0.006 -23"><span class='ocrx_word' id='word_1_285' title='bbox 437 2354 742 2424; x_wconf 73' lang='lat' dir='ltr'><strong>Apostolus</strong></span> <span class='ocrx_word' id='word_1_286' title='bbox 798 2356 992 2410; x_wconf 74' lang='lat' dir='ltr'><strong>dixit:</strong></span> <span class='ocrx_word' id='word_1_287' title='bbox 1053 2357 1253 2412; x_wconf 77' lang='lat' dir='ltr'><strong>Factus</strong></span> <span class='ocrx_word' id='word_1_288' title='bbox 1307 2359 1403 2413; x_wconf 87' lang='lat' dir='ltr'><strong>sub</strong></span> <span class='ocrx_word' id='word_1_289' title='bbox 1461 2361 1570 2430; x_wconf 84' lang='lat' dir='ltr'><strong>lege</strong></span> <span class='ocrx_word' id='word_1_290' title='bbox 1609 2361 1663 2428; x_wconf 87' lang='grc'><strong>³;</strong></span> <span class='ocrx_word' id='word_1_291' title='bbox 1720 2361 1902 2417; x_wconf 86' lang='lat' dir='ltr'><strong>item:</strong></span> <span class='ocrx_word' id='word_1_292' title='bbox 1965 2363 2036 2417; x_wconf 84' lang='lat' dir='ltr'><strong>Et</strong></span> 
     </span>
    </p>
   </div>
   <div class='ocr_carea' id='block_1_41' title="bbox 440 2445 2035 2519">
    <p class='ocr_par' dir='ltr' id='par_1_41' title="bbox 440 2445 2035 2519">
     <span class='ocr_line' id='line_1_41' title="bbox 440 2445 2035 2519; baseline 0.007 -23"><span class='ocrx_word' id='word_1_293' title='bbox 440 2445 626 2498; x_wconf 79' lang='lat' dir='ltr'><strong>habitu</strong></span> <span class='ocrx_word' id='word_1_294' title='bbox 680 2447 918 2501; x_wconf 76' lang='lat' dir='ltr'><strong>inventus</strong></span> <span class='ocrx_word' id='word_1_295' title='bbox 972 2457 1028 2500; x_wconf 87' lang='lat' dir='ltr'><strong>ut</strong></span> <span class='ocrx_word' id='word_1_296' title='bbox 1080 2448 1233 2503; x_wconf 84' lang='lat' dir='ltr'><strong>homo</strong></span> <span class='ocrx_word' id='word_1_297' title='bbox 1256 2450 1297 2502; x_wconf 73' lang='grc'>⁵.</span> <span class='ocrx_word' id='word_1_298' title='bbox 1351 2451 1484 2516; x_wconf 64' lang='lat' dir='ltr'><strong>Quae</strong></span> <span class='ocrx_word' id='word_1_299' title='bbox 1547 2453 1753 2516; x_wconf 85' lang='lat' dir='ltr'><strong>verba,</strong></span> <span class='ocrx_word' id='word_1_300' title='bbox 1811 2453 2035 2519; x_wconf 80' lang='lat' dir='ltr'><strong>habitu,</strong></span> 
     </span>
    </p>
   </div>
   <div class='ocr_carea' id='block_1_42' title="bbox 440 2537 2038 2616">
    <p class='ocr_par' dir='ltr' id='par_1_42' title="bbox 440 2537 2038 2616">
     <span class='ocr_line' id='line_1_42' title="bbox 440 2537 2038 2616; baseline 0.007 -26"><span class='ocrx_word' id='word_1_301' title='bbox 440 2544 496 2590; x_wconf 86' lang='lat' dir='ltr'><strong>et</strong></span> <span class='ocrx_word' id='word_1_302' title='bbox 542 2537 637 2589; x_wconf 84' lang='lat' dir='ltr'><strong>sub</strong></span> <span class='ocrx_word' id='word_1_303' title='bbox 688 2538 817 2608; x_wconf 84' lang='lat' dir='ltr'><strong>lege,</strong></span> <span class='ocrx_word' id='word_1_304' title='bbox 869 2539 1130 2609; x_wconf 75' lang='lat' dir='ltr'><strong>utrinque</strong></span> <span class='ocrx_word' id='word_1_305' title='bbox 1183 2542 1456 2609; x_wconf 84' lang='lat' dir='ltr'><strong>collecta,</strong></span> <span class='ocrx_word' id='word_1_306' title='bbox 1513 2551 1620 2598; x_wconf 88' lang='lat' dir='ltr'><strong>tam</strong></span> <span class='ocrx_word' id='word_1_307' title='bbox 1660 2552 1868 2600; x_wconf 78' lang='lat' dir='ltr'><strong>natura:</strong></span> <span class='ocrx_word' id='word_1_308' title='bbox 1914 2561 2038 2616; x_wconf 86' lang='lat' dir='ltr'><strong>per-</strong></span> 
     </span>
    </p>
   </div>
   <div class='ocr_carea' id='block_1_43' title="bbox 444 2623 2038 2706">
    <p class='ocr_par' dir='ltr' id='par_1_43' title="bbox 444 2623 2038 2706">
     <span class='ocr_line' id='line_1_43' title="bbox 444 2623 2038 2706; baseline 0.009 -28"><span class='ocrx_word' id='word_1_309' title='bbox 444 2623 737 2680; x_wconf 75' lang='lat' dir='ltr'><strong>fectionem</strong></span> <span class='ocrx_word' id='word_1_310' title='bbox 803 2627 1149 2696; x_wconf 79' lang='lat' dir='ltr'><strong>signiﬁcant,</strong></span> <span class='ocrx_word' id='word_1_311' title='bbox 1203 2647 1366 2700; x_wconf 89' lang='lat' dir='ltr'><strong>quam</strong></span> <span class='ocrx_word' id='word_1_312' title='bbox 1428 2644 1703 2702; x_wconf 88' lang='lat' dir='ltr'><strong>expertem</strong></span> <span class='ocrx_word' id='word_1_313' title='bbox 1762 2637 2038 2706; x_wconf 85' lang='lat' dir='ltr'><strong>passionis</strong></span> 
     </span>
    </p>
   </div>
   <div class='ocr_carea' id='block_1_44' title="bbox 445 2716 2040 2800">
    <p class='ocr_par' dir='ltr' id='par_1_44' title="bbox 445 2716 2040 2800">
     <span class='ocr_line' id='line_1_44' title="bbox 445 2716 2040 2800; baseline 0.007 -29"><span class='ocrx_word' id='word_1_314' title='bbox 445 2725 672 2771; x_wconf 85' lang='lat' dir='ltr'><strong>statum.</strong></span> <span class='ocrx_word' id='word_1_315' title='bbox 731 2716 946 2772; x_wconf 81' lang='lat' dir='ltr'><strong>Etenim</strong></span> <span class='ocrx_word' id='word_1_316' title='bbox 994 2735 1058 2774; x_wconf 82' lang='lat' dir='ltr'><strong>ex</strong></span> <span class='ocrx_word' id='word_1_317' title='bbox 1103 2736 1169 2774; x_wconf 89' lang='lat' dir='ltr'><strong>eo</strong></span> <span class='ocrx_word' id='word_1_318' title='bbox 1215 2721 1362 2792; x_wconf 91' lang='lat' dir='ltr'><strong>quod</strong></span> <span class='ocrx_word' id='word_1_319' title='bbox 1406 2723 1584 2790; x_wconf 79' lang='lat' dir='ltr'><strong>[actus</strong></span> <span class='ocrx_word' id='word_1_320' title='bbox 1643 2724 1862 2793; x_wconf 90' lang='lat' dir='ltr'><strong>dicitur,</strong></span> <span class='ocrx_word' id='word_1_321' title='bbox 1915 2746 2040 2800; x_wconf 81' lang='lat' dir='ltr'><strong>per-</strong></span> 
     </span>
    </p>
   </div>
   <div class='ocr_carea' id='block_1_45' title="bbox 448 2807 2036 2893">
    <p class='ocr_par' dir='ltr' id='par_1_45' title="bbox 448 2807 2036 2893">
     <span class='ocr_line' id='line_1_45' title="bbox 448 2807 2036 2893; baseline 0.012 -33"><span class='ocrx_word' id='word_1_322' title='bbox 448 2807 624 2868; x_wconf 80' lang='lat' dir='ltr'><strong>fectus</strong></span> <span class='ocrx_word' id='word_1_323' title='bbox 669 2808 839 2864; x_wconf 81' lang='lat' dir='ltr'><strong>fuisse</strong></span> <span class='ocrx_word' id='word_1_324' title='bbox 883 2811 1236 2882; x_wconf 84' lang='lat' dir='ltr'><strong>declaratur;</strong></span> <span class='ocrx_word' id='word_1_325' title='bbox 1303 2815 1436 2868; x_wconf 91' lang='lat' dir='ltr'><strong>illud</strong></span> <span class='ocrx_word' id='word_1_326' title='bbox 1497 2827 1702 2884; x_wconf 88' lang='lat' dir='ltr'><strong>autem,</strong></span> <span class='ocrx_word' id='word_1_327' title='bbox 1763 2821 1857 2874; x_wconf 83' lang='lat' dir='ltr'><strong>sub</strong></span> <span class='ocrx_word' id='word_1_328' title='bbox 1905 2822 2036 2893; x_wconf 81' lang='lat' dir='ltr'><strong>lege,</strong></span> 
     </span>
    </p>
   </div>
   <div class='ocr_carea' id='block_1_46' title="bbox 444 2897 2041 2974">
    <p class='ocr_par' dir='ltr' id='par_1_46' title="bbox 444 2897 2041 2974">
     <span class='ocr_line' id='line_1_46' title="bbox 444 2897 2041 2974; baseline 0.012 -26"><span class='ocrx_word' id='word_1_329' title='bbox 444 2910 556 2950; x_wconf 90' lang='lat' dir='ltr'><strong>non</strong></span> <span class='ocrx_word' id='word_1_330' title='bbox 619 2897 742 2952; x_wconf 85' lang='lat' dir='ltr'><strong>ﬁcte</strong></span> <span class='ocrx_word' id='word_1_331' title='bbox 797 2899 1023 2968; x_wconf 82' lang='lat' dir='ltr'><strong>solaque</strong></span> <span class='ocrx_word' id='word_1_332' title='bbox 1076 2903 1257 2974; x_wconf 86' lang='lat' dir='ltr'><strong>specie</strong></span> <span class='ocrx_word' id='word_1_333' title='bbox 1302 2903 1582 2960; x_wconf 89' lang='lat' dir='ltr'><strong>hominem</strong></span> <span class='ocrx_word' id='word_1_334' title='bbox 1636 2907 1809 2964; x_wconf 80' lang='lat' dir='ltr'><strong>fuisse</strong></span> <span class='ocrx_word' id='word_1_335' title='bbox 1856 2909 2041 2966; x_wconf 82' lang='lat' dir='ltr'><strong>decla-</strong></span> 
     </span>
    </p>
   </div>
   <div class='ocr_carea' id='block_1_47' title="bbox 447 2993 2040 3074">
    <p class='ocr_par' dir='ltr' id='par_1_47' title="bbox 447 2993 2040 3074">
     <span class='ocr_line' id='line_1_47' title="bbox 447 2993 2040 3074; baseline 0.011 -33"><span class='ocrx_word' id='word_1_336' title='bbox 447 2998 569 3056; x_wconf 89' lang='lat' dir='ltr'><strong>rat;</strong></span> <span class='ocrx_word' id='word_1_337' title='bbox 607 2999 885 3059; x_wconf 84' lang='lat' dir='ltr'><strong>postremo</strong></span> <span class='ocrx_word' id='word_1_338' title='bbox 937 2993 1148 3048; x_wconf 81' lang='lat' dir='ltr'><strong>habitus</strong></span> <span class='ocrx_word' id='word_1_339' title='bbox 1197 2995 1386 3066; x_wconf 63' lang='lat' dir='ltr'><strong>ﬁgura:</strong></span> <span class='ocrx_word' id='word_1_340' title='bbox 1428 3000 1842 3069; x_wconf 79' lang='lat' dir='ltr'><strong>constantiam;</strong></span> <span class='ocrx_word' id='word_1_341' title='bbox 1874 3013 2040 3074; x_wconf 85' lang='lat' dir='ltr'><strong>atque</strong></span> 
     </span>
    </p>
   </div>
   <div class='ocr_carea' id='block_1_48' title="bbox 444 3079 2036 3160">
    <p class='ocr_par' dir='ltr' id='par_1_48' title="bbox 444 3079 2036 3160">
     <span class='ocr_line' id='line_1_48' title="bbox 444 3079 2036 3160; baseline 0.011 -27"><span class='ocrx_word' id='word_1_342' title='bbox 444 3079 600 3145; x_wconf 76' lang='lat' dir='ltr'><strong>illud,</strong></span> <span class='ocrx_word' id='word_1_343' title='bbox 638 3091 694 3133; x_wconf 89' lang='lat' dir='ltr'><strong>ut</strong></span> <span class='ocrx_word' id='word_1_344' title='bbox 753 3083 927 3150; x_wconf 79' lang='lat' dir='ltr'><strong>homo,</strong></span> <span class='ocrx_word' id='word_1_345' title='bbox 971 3087 1270 3142; x_wconf 87' lang='lat' dir='ltr'><strong>immunem</strong></span> <span class='ocrx_word' id='word_1_346' title='bbox 1308 3104 1337 3142; x_wconf 79' lang='grc' dir='ltr'>ιι</span> <span class='ocrx_word' id='word_1_347' title='bbox 1392 3098 1620 3160; x_wconf 90' lang='lat' dir='ltr'><strong>peccato</strong></span> <span class='ocrx_word' id='word_1_348' title='bbox 1664 3095 2036 3150; x_wconf 86' lang='lat' dir='ltr'><strong>conditionem</strong></span> 
     </span>
    </p>
   </div>
   <div class='ocr_carea' id='block_1_49' title="bbox 443 3173 2040 3251">
    <p class='ocr_par' dir='ltr' id='par_1_49' title="bbox 443 3173 2040 3251">
     <span class='ocr_line' id='line_1_49' title="bbox 443 3173 2040 3251; baseline 0.011 -25"><span class='ocrx_word' id='word_1_349' title='bbox 443 3173 804 3229; x_wconf 86' lang='lat' dir='ltr'><strong>demonstrat.</strong></span> <span class='ocrx_word' id='word_1_350' title='bbox 838 3177 972 3243; x_wconf 68' lang='lat' dir='ltr'><strong>Qum</strong></span> <span class='ocrx_word' id='word_1_351' title='bbox 1023 3194 1144 3232; x_wconf 92' lang='lat' dir='ltr'><strong>cum</strong></span> <span class='ocrx_word' id='word_1_352' title='bbox 1179 3181 1255 3234; x_wconf 87' lang='lat' dir='ltr'><strong>ita</strong></span> <span class='ocrx_word' id='word_1_353' title='bbox 1297 3196 1356 3235; x_wconf 88' lang='lat' dir='ltr'><strong>se</strong></span> <span class='ocrx_word' id='word_1_354' title='bbox 1391 3182 1662 3251; x_wconf 89' lang='lat' dir='ltr'><strong>habeant,</strong></span> <span class='ocrx_word' id='word_1_355' title='bbox 1718 3201 1879 3241; x_wconf 89' lang='lat' dir='ltr'><strong>nemo</strong></span> <span class='ocrx_word' id='word_1_356' title='bbox 1921 3188 2040 3243; x_wconf 88' lang='lat' dir='ltr'><strong>ina-</strong></span> 
     </span>
    </p>
   </div>
   <div class='ocr_carea' id='block_1_50' title="bbox 444 3265 2035 3349">
    <p class='ocr_par' dir='ltr' id='par_1_50' title="bbox 444 3265 2035 3349">
     <span class='ocr_line' id='line_1_50' title="bbox 444 3265 2035 3349; baseline 0.009 -31"><span class='ocrx_word' id='word_1_357' title='bbox 444 3265 606 3322; x_wconf 88' lang='lat' dir='ltr'><strong>uihus</strong></span> <span class='ocrx_word' id='word_1_358' title='bbox 682 3267 880 3324; x_wconf 79' lang='lat' dir='ltr'><strong>fabulis</strong></span> <span class='ocrx_word' id='word_1_359' title='bbox 938 3269 1193 3340; x_wconf 88' lang='lat' dir='ltr'><strong>decipiat.</strong></span> <span class='ocrx_word' id='word_1_360' title='bbox 1276 3271 1410 3326; x_wconf 76' lang='lat' dir='ltr'><strong>Nam</strong></span> <span class='ocrx_word' id='word_1_361' title='bbox 1471 3274 1518 3329; x_wconf 91' lang='lat' dir='ltr'><strong>si</strong></span> <span class='ocrx_word' id='word_1_362' title='bbox 1588 3274 1730 3330; x_wconf 91' lang='lat' dir='ltr'><strong>idem</strong></span> <span class='ocrx_word' id='word_1_363' title='bbox 1800 3277 1892 3332; x_wconf 88' lang='lat' dir='ltr'><strong>ille</strong></span> <span class='ocrx_word' id='word_1_364' title='bbox 1940 3280 2035 3349; x_wconf 89' lang='lat' dir='ltr'><strong>qui</strong></span> 
     </span>
    </p>
   </div>
   <div class='ocr_carea' id='block_1_51' title="bbox 442 3361 2036 3434">
    <p class='ocr_par' dir='ltr' id='par_1_51' title="bbox 442 3361 2036 3434">
     <span class='ocr_line' id='line_1_51' title="bbox 442 3361 2036 3434; baseline 0.009 -22"><span class='ocrx_word' id='word_1_365' title='bbox 442 3370 665 3412; x_wconf 81' lang='lat' dir='ltr'><strong>Sursum</strong></span> <span class='ocrx_word' id='word_1_366' title='bbox 722 3376 848 3414; x_wconf 88' lang='lat' dir='ltr'><strong>vere</strong></span> <span class='ocrx_word' id='word_1_367' title='bbox 894 3372 979 3417; x_wconf 90' lang='lat' dir='ltr'><strong>est</strong></span> <span class='ocrx_word' id='word_1_368' title='bbox 1020 3377 1050 3414; x_wconf 92' lang='lat' dir='ltr'><strong>a</strong></span> <span class='ocrx_word' id='word_1_369' title='bbox 1100 3361 1261 3419; x_wconf 87' lang='lat' dir='ltr'><strong>Patre</strong></span> <span class='ocrx_word' id='word_1_370' title='bbox 1314 3366 1555 3434; x_wconf 80' lang='lat' dir='ltr'><strong>genitus,</strong></span> <span class='ocrx_word' id='word_1_371' title='bbox 1605 3369 1770 3422; x_wconf 90' lang='lat' dir='ltr'><strong>etiam</strong></span> <span class='ocrx_word' id='word_1_372' title='bbox 1805 3385 1835 3423; x_wconf 93' lang='lat' dir='ltr'><strong>a</strong></span> <span class='ocrx_word' id='word_1_373' title='bbox 1866 3370 2036 3426; x_wconf 82' lang='lat' dir='ltr'><strong>Maria</strong></span> 
     </span>
    </p>
   </div>
   <div class='ocr_carea' id='block_1_52' title="bbox 444 3450 2036 3532">
    <p class='ocr_par' dir='ltr' id='par_1_52' title="bbox 444 3450 2036 3532">
     <span class='ocr_line' id='line_1_52' title="bbox 444 3450 2036 3532; baseline 0.011 -31"><span class='ocrx_word' id='word_1_374' title='bbox 444 3450 662 3518; x_wconf 82' lang='lat' dir='ltr'><strong>genitus</strong></span> <span class='ocrx_word' id='word_1_375' title='bbox 690 3460 791 3517; x_wconf 89' lang='lat' dir='ltr'><strong>est,</strong></span> <span class='ocrx_word' id='word_1_376' title='bbox 831 3461 940 3505; x_wconf 90' lang='lat' dir='ltr'><strong>tam</strong></span> <span class='ocrx_word' id='word_1_377' title='bbox 975 3470 1218 3521; x_wconf 91' lang='lat' dir='ltr'><strong>sursum,</strong></span> <span class='ocrx_word' id='word_1_378' title='bbox 1255 3473 1420 3527; x_wconf 89' lang='lat' dir='ltr'><strong>quam</strong></span> <span class='ocrx_word' id='word_1_379' title='bbox 1467 3458 1611 3512; x_wconf 79' lang='lat' dir='ltr'><strong>infra</strong></span> <span class='ocrx_word' id='word_1_380' title='bbox 1648 3477 1779 3516; x_wconf 87' lang='lat' dir='ltr'><strong>vere</strong></span> <span class='ocrx_word' id='word_1_381' title='bbox 1816 3465 2036 3532; x_wconf 77' lang='lat' dir='ltr'><strong>genitus</strong></span> 
     </span>
    </p>
   </div>
   <div class='ocr_carea' id='block_1_53' title="bbox 446 3538 2038 3622">
    <p class='ocr_par' dir='ltr' id='par_1_53' title="bbox 446 3538 2038 3622">
     <span class='ocr_line' id='line_1_53' title="bbox 446 3538 2038 3622; baseline 0.009 -30"><span class='ocrx_word' id='word_1_382' title='bbox 446 3547 549 3595; x_wconf 88' lang='lat' dir='ltr'><strong>est.</strong></span> <span class='ocrx_word' id='word_1_383' title='bbox 589 3538 645 3592; x_wconf 89' lang='lat' dir='ltr'><strong>Si</strong></span> <span class='ocrx_word' id='word_1_384' title='bbox 677 3557 895 3596; x_wconf 88' lang='lat' dir='ltr'><strong>sursum</strong></span> <span class='ocrx_word' id='word_1_385' title='bbox 926 3543 1279 3614; x_wconf 80' lang='lat' dir='ltr'><strong>imperfectus</strong></span> <span class='ocrx_word' id='word_1_386' title='bbox 1319 3555 1424 3614; x_wconf 90' lang='lat' dir='ltr'><strong>est,</strong></span> <span class='ocrx_word' id='word_1_387' title='bbox 1473 3549 1616 3604; x_wconf 79' lang='lat' dir='ltr'><strong>infra</strong></span> <span class='ocrx_word' id='word_1_388' title='bbox 1665 3568 1883 3622; x_wconf 87' lang='lat' dir='ltr'><strong>quoque</strong></span> <span class='ocrx_word' id='word_1_389' title='bbox 1932 3553 2038 3607; x_wconf 89' lang='lat' dir='ltr'><strong>erit</strong></span> 
     </span>
    </p>
   </div>
   <div class='ocr_carea' id='block_1_54' title="bbox 447 3631 2040 3716">
    <p class='ocr_par' dir='ltr' id='par_1_54' title="bbox 447 3631 2040 3716">
     <span class='ocr_line' id='line_1_54' title="bbox 447 3631 2040 3716; baseline 0.008 -31"><span class='ocrx_word' id='word_1_390' title='bbox 447 3631 839 3702; x_wconf 77' lang='lat' dir='ltr'><strong>imperfectus;</strong></span> <span class='ocrx_word' id='word_1_391' title='bbox 882 3637 926 3690; x_wconf 91' lang='lat' dir='ltr'><strong>si</strong></span> <span class='ocrx_word' id='word_1_392' title='bbox 964 3653 1184 3691; x_wconf 88' lang='lat' dir='ltr'><strong>sursum</strong></span> <span class='ocrx_word' id='word_1_393' title='bbox 1219 3641 1519 3709; x_wconf 77' lang='lat' dir='ltr'><strong>perfectus,</strong></span> <span class='ocrx_word' id='word_1_394' title='bbox 1554 3644 1720 3698; x_wconf 90' lang='lat' dir='ltr'><strong>etiam</strong></span> <span class='ocrx_word' id='word_1_395' title='bbox 1748 3644 1892 3698; x_wconf 79' lang='lat' dir='ltr'><strong>infra</strong></span> <span class='ocrx_word' id='word_1_396' title='bbox 1923 3662 2040 3716; x_wconf 89' lang='lat' dir='ltr'><strong>per-</strong></span> 
     </span>
    </p>
   </div>
   <div class='ocr_carea' id='block_1_55' title="bbox 453 3723 2040 3806">
    <p class='ocr_par' dir='ltr' id='par_1_55' title="bbox 453 3723 2040 3806">
     <span class='ocr_line' id='line_1_55' title="bbox 453 3723 2040 3806; baseline 0.009 -28"><span class='ocrx_word' id='word_1_397' title='bbox 453 3723 632 3780; x_wconf 79' lang='lat' dir='ltr'><strong>fectus</strong></span> <span class='ocrx_word' id='word_1_398' title='bbox 657 3727 780 3780; x_wconf 90' lang='lat' dir='ltr'><strong>erit.</strong></span> <span class='ocrx_word' id='word_1_399' title='bbox 829 3725 1020 3798; x_wconf 79' lang='lat' dir='ltr'><strong>Neque</strong></span> <span class='ocrx_word' id='word_1_400' title='bbox 1064 3745 1193 3784; x_wconf 84' lang='lat' dir='ltr'><strong>vero</strong></span> <span class='ocrx_word' id='word_1_401' title='bbox 1247 3732 1303 3784; x_wconf 91' lang='lat' dir='ltr'><strong>in</strong></span> <span class='ocrx_word' id='word_1_402' title='bbox 1358 3733 1465 3787; x_wconf 89' lang='lat' dir='ltr'><strong>alio</strong></span> <span class='ocrx_word' id='word_1_403' title='bbox 1509 3735 1748 3804; x_wconf 90' lang='lat' dir='ltr'><strong>quodam</strong></span> <span class='ocrx_word' id='word_1_404' title='bbox 1796 3738 2040 3806; x_wconf 77' lang='lat' dir='ltr'><strong>perfecto</strong></span> 
     </span>
    </p>
   </div>
   <div class='ocr_carea' id='block_1_56' title="bbox 454 3813 2037 3894">
    <p class='ocr_par' dir='ltr' id='par_1_56' title="bbox 454 3813 2037 3894">
     <span class='ocr_line' id='line_1_56' title="bbox 454 3813 2037 3894; baseline 0.01 -26"><span class='ocrx_word' id='word_1_405' title='bbox 454 3813 739 3870; x_wconf 86' lang='lat' dir='ltr'><strong>habitasse</strong></span> <span class='ocrx_word' id='word_1_406' title='bbox 779 3815 1002 3883; x_wconf 90' lang='lat' dir='ltr'><strong>dicitur,</strong></span> <span class='ocrx_word' id='word_1_407' title='bbox 1048 3819 1143 3874; x_wconf 88' lang='lat' dir='ltr'><strong>sed</strong></span> <span class='ocrx_word' id='word_1_408' title='bbox 1180 3821 1233 3875; x_wconf 90' lang='lat' dir='ltr'><strong>in</strong></span> <span class='ocrx_word' id='word_1_409' title='bbox 1269 3823 1451 3892; x_wconf 89' lang='lat' dir='ltr'><strong>seipso</strong></span> <span class='ocrx_word' id='word_1_410' title='bbox 1490 3825 1788 3894; x_wconf 79' lang='lat' dir='ltr'><strong>perfecisse</strong></span> <span class='ocrx_word' id='word_1_411' title='bbox 1833 3829 2037 3884; x_wconf 87' lang='lat' dir='ltr'><strong>omnia.</strong></span> 
     </span>
    </p>
   </div>
   <div class='ocr_carea' id='block_1_57' title="bbox 449 3901 2039 3973">
    <p class='ocr_par' dir='ltr' id='par_1_57' title="bbox 449 3901 2039 3973">
     <span class='ocr_line' id='line_1_57' title="bbox 449 3901 2039 3973; baseline 0.009 -14"><span class='ocrx_word' id='word_1_412' title='bbox 449 3901 808 3959; x_wconf 88' lang='lat' dir='ltr'><strong>Postmodum</strong></span> <span class='ocrx_word' id='word_1_413' title='bbox 854 3923 986 3962; x_wconf 89' lang='lat' dir='ltr'><strong>vero</strong></span> <span class='ocrx_word' id='word_1_414' title='bbox 1035 3908 1116 3963; x_wconf 89' lang='lat' dir='ltr'><strong>sic</strong></span> <span class='ocrx_word' id='word_1_415' title='bbox 1159 3927 1188 3964; x_wconf 88' lang='lat' dir='ltr'><strong>a</strong></span> <span class='ocrx_word' id='word_1_416' title='bbox 1233 3915 1469 3969; x_wconf 91' lang='lat' dir='ltr'><strong>mortuis</strong></span> <span class='ocrx_word' id='word_1_417' title='bbox 1518 3918 1822 3972; x_wconf 78' lang='lat' dir='ltr'><strong>resurrexit</strong></span> <span class='ocrx_word' id='word_1_418' title='bbox 1847 3926 1905 3972; x_wconf 90' lang='lat' dir='ltr'><strong>ut</strong></span> <span class='ocrx_word' id='word_1_419' title='bbox 1929 3934 2039 3973; x_wconf 90' lang='lat' dir='ltr'><strong>non</strong></span> 
     </span>
    </p>
   </div>
   <div class='ocr_carea' id='block_1_58' title="bbox 451 3998 2040 4074">
    <p class='ocr_par' dir='ltr' id='par_1_58' title="bbox 451 3998 2040 4074">
     <span class='ocr_line' id='line_1_58' title="bbox 451 3998 2040 4074; baseline 0.009 -24"><span class='ocrx_word' id='word_1_420' title='bbox 451 3998 688 4069; x_wconf 91' lang='lat' dir='ltr'><strong>amplius</strong></span> <span class='ocrx_word' id='word_1_421' title='bbox 735 3999 790 4052; x_wconf 89' lang='lat' dir='ltr'><strong>in</strong></span> <span class='ocrx_word' id='word_1_422' title='bbox 839 4015 1040 4069; x_wconf 89' lang='lat' dir='ltr'><strong>corpus</strong></span> <span class='ocrx_word' id='word_1_423' title='bbox 1077 4002 1130 4056; x_wconf 92' lang='lat' dir='ltr'><strong>in</strong></span> <span class='ocrx_word' id='word_1_424' title='bbox 1176 4005 1450 4074; x_wconf 87' lang='lat' dir='ltr'><strong>sepulcro,</strong></span> <span class='ocrx_word' id='word_1_425' title='bbox 1493 4015 1549 4062; x_wconf 87' lang='lat' dir='ltr'><strong>et</strong></span> <span class='ocrx_word' id='word_1_426' title='bbox 1579 4007 1944 4074; x_wconf 83' lang='lat' dir='ltr'><strong>divinitatem,</strong></span> <span class='ocrx_word' id='word_1_427' title='bbox 1986 4018 2040 4065; x_wconf 88' lang='lat' dir='ltr'><strong>et</strong></span> 
     </span>
    </p>
   </div>
   <div class='ocr_carea' id='block_1_59' title="bbox 453 4091 2039 4169">
    <p class='ocr_par' dir='ltr' id='par_1_59' title="bbox 453 4091 2039 4169">
     <span class='ocr_line' id='line_1_59' title="bbox 453 4091 2039 4169; baseline 0.01 -28"><span class='ocrx_word' id='word_1_428' title='bbox 453 4091 694 4143; x_wconf 86' lang='lat' dir='ltr'><strong>animam</strong></span> <span class='ocrx_word' id='word_1_429' title='bbox 749 4092 852 4146; x_wconf 89' lang='lat' dir='ltr'><strong>sub</strong></span> <span class='ocrx_word' id='word_1_430' title='bbox 901 4100 1049 4148; x_wconf 88' lang='lat' dir='ltr'><strong>terra</strong></span> <span class='ocrx_word' id='word_1_431' title='bbox 1110 4095 1424 4165; x_wconf 86' lang='lat' dir='ltr'><strong>dividatur;</strong></span> <span class='ocrx_word' id='word_1_432' title='bbox 1482 4115 1661 4169; x_wconf 81' lang='lat' dir='ltr'><strong>neque</strong></span> <span class='ocrx_word' id='word_1_433' title='bbox 1706 4103 2039 4158; x_wconf 85' lang='lat' dir='ltr'><strong>contrectari</strong></span> 
     </span>
    </p>
   </div>
   <div class='ocr_carea' id='block_1_60' title="bbox 449 4183 2039 4263">
    <p class='ocr_par' dir='ltr' id='par_1_60' title="bbox 449 4183 2039 4263">
     <span class='ocr_line' id='line_1_60' title="bbox 449 4183 2039 4263; baseline 0.011 -30"><span class='ocrx_word' id='word_1_434' title='bbox 449 4183 690 4252; x_wconf 88' lang='lat' dir='ltr'><strong>amplius</strong></span> <span class='ocrx_word' id='word_1_435' title='bbox 726 4186 933 4254; x_wconf 89' lang='lat' dir='ltr'><strong>possit;</strong></span> <span class='ocrx_word' id='word_1_436' title='bbox 973 4202 1154 4257; x_wconf 88' lang='lat' dir='ltr'><strong>neque</strong></span> <span class='ocrx_word' id='word_1_437' title='bbox 1185 4205 1350 4260; x_wconf 91' lang='lat' dir='ltr'><strong>porro</strong></span> <span class='ocrx_word' id='word_1_438' title='bbox 1383 4192 1619 4248; x_wconf 87' lang='lat' dir='ltr'><strong>discedit</strong></span> <span class='ocrx_word' id='word_1_439' title='bbox 1649 4195 1908 4263; x_wconf 88' lang='lat' dir='ltr'><strong>amplius,</strong></span> <span class='ocrx_word' id='word_1_440' title='bbox 1942 4195 2039 4251; x_wconf 89' lang='lat' dir='ltr'><strong>scd</strong></span> 
     </span>
    </p>
   </div>
   <div class='ocr_carea' id='block_1_61' title="bbox 449 4276 2042 4355">
    <p class='ocr_par' dir='ltr' id='par_1_61' title="bbox 449 4276 2042 4355">
     <span class='ocr_line' id='line_1_61' title="bbox 449 4276 2042 4355; baseline 0.009 -27"><span class='ocrx_word' id='word_1_441' title='bbox 449 4276 691 4332; x_wconf 90' lang='lat' dir='ltr'><strong>occlusis</strong></span> <span class='ocrx_word' id='word_1_442' title='bbox 743 4277 956 4334; x_wconf 81' lang='lat' dir='ltr'><strong>foribus</strong></span> <span class='ocrx_word' id='word_1_443' title='bbox 1001 4281 1323 4350; x_wconf 73' lang='lat' dir='ltr'><strong>ingreditur,</strong></span> <span class='ocrx_word' id='word_1_444' title='bbox 1362 4292 1416 4338; x_wconf 88' lang='lat' dir='ltr'><strong>et</strong></span> <span class='ocrx_word' id='word_1_445' title='bbox 1443 4283 1666 4340; x_wconf 70' lang='lat' dir='ltr'><strong>Thema:</strong></span> <span class='ocrx_word' id='word_1_446' title='bbox 1692 4287 1878 4355; x_wconf 80' lang='lat' dir='ltr'><strong>digitis</strong></span> <span class='ocrx_word' id='word_1_447' title='bbox 1907 4302 2042 4342; x_wconf 84' lang='lat' dir='ltr'><strong>con-</strong></span> 
     </span>
    </p>
   </div>
   <div class='ocr_carea' id='block_1_62' title="bbox 455 4365 2041 4444">
    <p class='ocr_par' dir='ltr' id='par_1_62' title="bbox 455 4365 2041 4444">
     <span class='ocr_line' id='line_1_62' title="bbox 455 4365 2041 4444; baseline 0.011 -29"><span class='ocrx_word' id='word_1_448' title='bbox 455 4365 708 4435; x_wconf 77' lang='lat' dir='ltr'><strong>tingitur,</strong></span> <span class='ocrx_word' id='word_1_449' title='bbox 755 4384 824 4422; x_wconf 90' lang='lat' dir='ltr'><strong>ne</strong></span> <span class='ocrx_word' id='word_1_450' title='bbox 863 4367 1003 4424; x_wconf 80' lang='lat' dir='ltr'><strong>falsa</strong></span> <span class='ocrx_word' id='word_1_451' title='bbox 1053 4372 1291 4440; x_wconf 87' lang='lat' dir='ltr'><strong>quadam</strong></span> <span class='ocrx_word' id='word_1_452' title='bbox 1343 4374 1602 4444; x_wconf 82' lang='lat' dir='ltr'><strong>imagine,</strong></span> <span class='ocrx_word' id='word_1_453' title='bbox 1661 4376 1757 4430; x_wconf 90' lang='lat' dir='ltr'><strong>sed</strong></span> <span class='ocrx_word' id='word_1_454' title='bbox 1809 4376 2041 4432; x_wconf 88' lang='lat' dir='ltr'><strong>veritate</strong></span> 
     </span>
    </p>
   </div>
   <div class='ocr_carea' id='block_1_63' title="bbox 451 4459 2043 4539">
    <p class='ocr_par' dir='ltr' id='par_1_63' title="bbox 451 4459 2043 4539">
     <span class='ocr_line' id='line_1_63' title="bbox 451 4459 2043 4539; baseline 0.013 -34"><span class='ocrx_word' id='word_1_455' title='bbox 451 4466 708 4511; x_wconf 86' lang='lat' dir='ltr'><strong>constare</strong></span> <span class='ocrx_word' id='word_1_456' title='bbox 744 4459 1027 4513; x_wconf 87' lang='lat' dir='ltr'><strong>credatur.</strong></span> <span class='ocrx_word' id='word_1_457' title='bbox 1055 4461 1154 4515; x_wconf 86' lang='lat' dir='ltr'><strong>Cui</strong></span> <span class='ocrx_word' id='word_1_458' title='bbox 1187 4464 1408 4532; x_wconf 87' lang='lat' dir='ltr'><strong>quidem</strong></span> <span class='ocrx_word' id='word_1_459' title='bbox 1439 4474 1631 4534; x_wconf 89' lang='lat' dir='ltr'><strong>postea</strong></span> <span class='ocrx_word' id='word_1_460' title='bbox 1656 4466 1896 4524; x_wconf 89' lang='lat' dir='ltr'><strong>Thomas</strong></span> <span class='ocrx_word' id='word_1_461' title='bbox 1926 4469 2043 4539; x_wconf 87' lang='lat' dir='ltr'><strong>ipse</strong></span> 
     </span>
    </p>
   </div>
   <div class='ocr_carea' id='block_1_64' title="bbox 457 4542 2042 4623">
    <p class='ocr_par' dir='ltr' id='par_1_64' title="bbox 457 4542 2042 4623">
     <span class='ocr_line' id='line_1_64' title="bbox 457 4542 2042 4623; baseline 0.013 -28"><span class='ocrx_word' id='word_1_462' title='bbox 457 4542 617 4596; x_wconf 80' lang='lat' dir='ltr'><strong>ﬁdem</strong></span> <span class='ocrx_word' id='word_1_463' title='bbox 673 4545 908 4602; x_wconf 86' lang='lat' dir='ltr'><strong>habuit:</strong></span> <span class='ocrx_word' id='word_1_464' title='bbox 944 4550 1035 4604; x_wconf 90' lang='lat' dir='ltr'><strong>ubi</strong></span> <span class='ocrx_word' id='word_1_465' title='bbox 1089 4552 1221 4606; x_wconf 91' lang='lat' dir='ltr'><strong>illud</strong></span> <span class='ocrx_word' id='word_1_466' title='bbox 1281 4554 1562 4623; x_wconf 87' lang='lat' dir='ltr'><strong>impletum</strong></span> <span class='ocrx_word' id='word_1_467' title='bbox 1611 4567 1742 4612; x_wconf 90' lang='lat' dir='ltr'><strong>est:</strong></span> <span class='ocrx_word' id='word_1_468' title='bbox 1791 4558 2042 4615; x_wconf 80' lang='lat' dir='ltr'><strong>Manibus</strong></span> 
     </span>
    </p>
   </div>
   <div class='ocr_carea' id='block_1_65' title="bbox 2136 2180 3729 2255">
    <p class='ocr_par' dir='ltr' id='par_1_65' title="bbox 2136 2180 3729 2255">
     <span class='ocr_line' id='line_1_65' title="bbox 2136 2180 3729 2255; baseline -0.003 -16"><span class='ocrx_word' id='word_1_469' title='bbox 2136 2185 2512 2240; x_wconf 80' lang='grc' dir='ltr'><strong>ὑποπίπτοντα</strong></span> <span class='ocrx_word' id='word_1_470' title='bbox 2558 2184 2637 2255; x_wconf 74' lang='grc' dir='ltr'><strong>τῷ</strong></span> <span class='ocrx_word' id='word_1_471' title='bbox 2666 2183 2760 2236; x_wconf 79' lang='grc' dir='ltr'><strong>τοῦ</strong></span> <span class='ocrx_word' id='word_1_472' title='bbox 2805 2183 2976 2254; x_wconf 81' lang='grc' dir='ltr'>Ἀδὰμ</span> <span class='ocrx_word' id='word_1_473' title='bbox 3006 2181 3451 2254; x_wconf 77' lang='grc' dir='ltr'>παραπτώματις</span> <span class='ocrx_word' id='word_1_474' title='bbox 3495 2181 3604 2233; x_wconf 72' lang='grc' dir='ltr'><strong>Καὶ</strong></span> <span class='ocrx_word' id='word_1_475' title='bbox 3635 2180 3729 2234; x_wconf 64' lang='grc' dir='ltr'><strong>δή</strong></span> 
     </span>
    </p>
   </div>
   <div class='ocr_carea' id='block_1_66' title="bbox 2135 2272 3725 2347">
    <p class='ocr_par' dir='ltr' id='par_1_66' title="bbox 2135 2272 3725 2347">
     <span class='ocr_line' id='line_1_66' title="bbox 2135 2272 3725 2347; baseline -0.006 -14"><span class='ocrx_word' id='word_1_476' title='bbox 2135 2278 2291 2333; x_wconf 77' lang='grc' dir='ltr'>τοῦτό</span> <span class='ocrx_word' id='word_1_477' title='bbox 2321 2293 2486 2347; x_wconf 78' lang='grc' dir='ltr'>φησιν</span> <span class='ocrx_word' id='word_1_478' title='bbox 2511 2279 2540 2332; x_wconf 74' lang='grc' dir='ltr'>ὁ</span> <span class='ocrx_word' id='word_1_479' title='bbox 2585 2275 2925 2339; x_wconf 81' lang='grc' dir='ltr'>’Δπόστολος,</span> <span class='ocrx_word' id='word_1_480' title='bbox 2971 2275 3311 2342; x_wconf 77' lang='grc' dir='ltr'><strong>Γενόμενος</strong></span> <span class='ocrx_word' id='word_1_481' title='bbox 3353 2272 3472 2326; x_wconf 74' lang='grc' dir='ltr'><strong>ὑπὸ</strong></span> <span class='ocrx_word' id='word_1_482' title='bbox 3504 2274 3725 2340; x_wconf 73' lang='grc' dir='ltr'>νόμον·</span> 
     </span>
    </p>
   </div>
   <div class='ocr_carea' id='block_1_67' title="bbox 2136 2365 3727 2438">
    <p class='ocr_par' dir='ltr' id='par_1_67' title="bbox 2136 2365 3727 2438">
     <span class='ocr_line' id='line_1_67' title="bbox 2136 2365 3727 2438; baseline -0.005 -14"><span class='ocrx_word' id='word_1_483' title='bbox 2136 2373 2232 2425; x_wconf 77' lang='grc' dir='ltr'>καὶ</span> <span class='ocrx_word' id='word_1_484' title='bbox 2279 2371 2464 2434; x_wconf 81' lang='grc' dir='ltr'>πάλιν,</span> <span class='ocrx_word' id='word_1_485' title='bbox 2523 2371 2618 2422; x_wconf 83' lang='grc' dir='ltr'>Ἐν</span> <span class='ocrx_word' id='word_1_486' title='bbox 2646 2369 2910 2438; x_wconf 80' lang='grc' dir='ltr'>σχήματι</span> <span class='ocrx_word' id='word_1_487' title='bbox 2959 2366 3223 2434; x_wconf 77' lang='grc' dir='ltr'>εὑρεθείς</span> <span class='ocrx_word' id='word_1_488' title='bbox 3265 2366 3346 2431; x_wconf 85' lang='grc' dir='ltr'>ὡς</span> <span class='ocrx_word' id='word_1_489' title='bbox 3391 2365 3727 2432; x_wconf 75' lang='grc' dir='ltr'>ἅνθρωπος.</span> 
     </span>
    </p>
   </div>
   <div class='ocr_carea' id='block_1_68' title="bbox 2136 2455 3732 2533">
    <p class='ocr_par' dir='ltr' id='par_1_68' title="bbox 2136 2455 3732 2533">
     <span class='ocr_line' id='line_1_68' title="bbox 2136 2455 3732 2533; baseline -0.006 -15"><span class='ocrx_word' id='word_1_490' title='bbox 2136 2463 2211 2518; x_wconf 84' lang='grc' dir='ltr'>Τὸ</span> <span class='ocrx_word' id='word_1_491' title='bbox 2238 2463 2295 2517; x_wconf 83' lang='grc' dir='ltr'><strong>δέ</strong></span> <span class='ocrx_word' id='word_1_492' title='bbox 2320 2461 2608 2533; x_wconf 79' lang='grc' dir='ltr'>σχήματι,</span> <span class='ocrx_word' id='word_1_493' title='bbox 2642 2462 2737 2515; x_wconf 73' lang='grc' dir='ltr'><strong>καὶ</strong></span> <span class='ocrx_word' id='word_1_494' title='bbox 2767 2461 2829 2514; x_wconf 82' lang='grc' dir='ltr'>τὸ</span> <span class='ocrx_word' id='word_1_495' title='bbox 2862 2459 2978 2514; x_wconf 80' lang='grc' dir='ltr'><strong>ὑπὸ</strong></span> <span class='ocrx_word' id='word_1_496' title='bbox 3017 2460 3226 2528; x_wconf 80' lang='grc' dir='ltr'>νόμον,</span> <span class='ocrx_word' id='word_1_497' title='bbox 3281 2457 3347 2510; x_wconf 87' lang='grc' dir='ltr'><strong>δι’</strong></span> <span class='ocrx_word' id='word_1_498' title='bbox 3399 2455 3732 2527; x_wconf 77' lang='grc' dir='ltr'><strong>ἀμφοτέρων</strong></span> 
     </span>
    </p>
   </div>
   <div class='ocr_carea' id='block_1_69' title="bbox 2140 2543 3732 2624">
    <p class='ocr_par' dir='ltr' id='par_1_69' title="bbox 2140 2543 3732 2624">
     <span class='ocr_line' id='line_1_69' title="bbox 2140 2543 3732 2624; baseline -0.009 -16"><span class='ocrx_word' id='word_1_499' title='bbox 2140 2555 2526 2624; x_wconf 81' lang='grc' dir='ltr'><strong>συναγόμενον,</strong></span> <span class='ocrx_word' id='word_1_500' title='bbox 2562 2551 2876 2620; x_wconf 76' lang='grc' dir='ltr'><strong>τελειότητα</strong></span> <span class='ocrx_word' id='word_1_501' title='bbox 2907 2548 3164 2618; x_wconf 80' lang='grc' dir='ltr'>σημαίνει</span> <span class='ocrx_word' id='word_1_502' title='bbox 3198 2546 3291 2599; x_wconf 72' lang='grc' dir='ltr'><strong>καὶ</strong></span> <span class='ocrx_word' id='word_1_503' title='bbox 3319 2544 3591 2599; x_wconf 84' lang='grc' dir='ltr'>ἀπάθειαν</span> <span class='ocrx_word' id='word_1_504' title='bbox 3611 2559 3625 2571; x_wconf 88' lang='grc'><strong>·</strong></span> <span class='ocrx_word' id='word_1_505' title='bbox 3663 2543 3732 2594; x_wconf 80' lang='grc' dir='ltr'><strong>ἐκ</strong></span> 
     </span>
    </p>
   </div>
   <div class='ocr_carea' id='block_1_70' title="bbox 2139 2631 3733 2715">
    <p class='ocr_par' dir='ltr' id='par_1_70' title="bbox 2139 2631 3733 2715">
     <span class='ocr_line' id='line_1_70' title="bbox 2139 2631 3733 2715; baseline -0.009 -17"><span class='ocrx_word' id='word_1_506' title='bbox 2139 2644 2230 2698; x_wconf 79' lang='grc' dir='ltr'>τοῦ</span> <span class='ocrx_word' id='word_1_507' title='bbox 2267 2644 2608 2715; x_wconf 76' lang='grc' dir='ltr'>γενόμενος,</span> <span class='ocrx_word' id='word_1_508' title='bbox 2648 2640 2709 2694; x_wconf 74' lang='grc' dir='ltr'>τὸ</span> <span class='ocrx_word' id='word_1_509' title='bbox 2760 2635 2899 2692; x_wconf 85' lang='grc' dir='ltr'>εἶναι</span> <span class='ocrx_word' id='word_1_510' title='bbox 2933 2637 3162 2698; x_wconf 82' lang='grc' dir='ltr'>τέλειος·</span> <span class='ocrx_word' id='word_1_511' title='bbox 3196 2635 3289 2688; x_wconf 78' lang='grc' dir='ltr'><strong>καὶ</strong></span> <span class='ocrx_word' id='word_1_512' title='bbox 3319 2632 3412 2686; x_wconf 78' lang='grc' dir='ltr'>τοῦ</span> <span class='ocrx_word' id='word_1_513' title='bbox 3461 2631 3582 2686; x_wconf 78' lang='grc' dir='ltr'><strong>ὑπὸ</strong></span> <span class='ocrx_word' id='word_1_514' title='bbox 3630 2633 3733 2684; x_wconf 76' lang='grc' dir='ltr'><strong>νόο</strong></span> 
     </span>
    </p>
   </div>
   <div class='ocr_carea' id='block_1_71' title="bbox 2136 2721 3734 2808">
    <p class='ocr_par' dir='ltr' id='par_1_71' title="bbox 2136 2721 3734 2808">
     <span class='ocr_line' id='line_1_71' title="bbox 2136 2721 3734 2808; baseline -0.01 -18"><span class='ocrx_word' id='word_1_515' title='bbox 2136 2753 2274 2808; x_wconf 73' lang='grc' dir='ltr'>μον,</span> <span class='ocrx_word' id='word_1_516' title='bbox 2305 2735 2366 2789; x_wconf 84' lang='grc' dir='ltr'>τὸ</span> <span class='ocrx_word' id='word_1_517' title='bbox 2401 2736 2476 2806; x_wconf 86' lang='grc' dir='ltr'><strong>μὴ</strong></span> <span class='ocrx_word' id='word_1_518' title='bbox 2513 2733 2763 2803; x_wconf 85' lang='grc' dir='ltr'><strong>δοκήσει·</strong></span> <span class='ocrx_word' id='word_1_519' title='bbox 2811 2731 2904 2784; x_wconf 64' lang='grc' dir='ltr'>καὶ</span> <span class='ocrx_word' id='word_1_520' title='bbox 2933 2726 3012 2794; x_wconf 81' lang='grc' dir='ltr'>τῷ</span> <span class='ocrx_word' id='word_1_521' title='bbox 3049 2726 3334 2796; x_wconf 77' lang='grc' dir='ltr'>σχήματι,</span> <span class='ocrx_word' id='word_1_522' title='bbox 3363 2725 3462 2795; x_wconf 80' lang='grc' dir='ltr'>τῆς</span> <span class='ocrx_word' id='word_1_523' title='bbox 3495 2723 3640 2785; x_wconf 60' lang='lat' dir='ltr'><strong>mea;</strong></span> <span class='ocrx_word' id='word_1_524' title='bbox 3669 2721 3734 2774; x_wconf 81' lang='grc' dir='ltr'>τὸ</span> 
     </span>
    </p>
   </div>
   <div class='ocr_carea' id='block_1_72' title="bbox 2141 2817 3728 2899">
    <p class='ocr_par' dir='ltr' id='par_1_72' title="bbox 2141 2817 3728 2899">
     <span class='ocr_line' id='line_1_72' title="bbox 2141 2817 3728 2899; baseline -0.009 -16"><span class='ocrx_word' id='word_1_525' title='bbox 2141 2829 2359 2899; x_wconf 76' lang='grc' dir='ltr'>βέϐαιον</span> <span class='ocrx_word' id='word_1_526' title='bbox 2379 2843 2394 2858; x_wconf 93' lang='grc'><strong>·</strong></span> <span class='ocrx_word' id='word_1_527' title='bbox 2429 2825 2524 2879; x_wconf 76' lang='grc' dir='ltr'>καὶ</span> <span class='ocrx_word' id='word_1_528' title='bbox 2551 2825 2616 2877; x_wconf 85' lang='grc' dir='ltr'><strong>ἐκ</strong></span> <span class='ocrx_word' id='word_1_529' title='bbox 2640 2823 2732 2877; x_wconf 75' lang='grc' dir='ltr'>τοῦ</span> <span class='ocrx_word' id='word_1_530' title='bbox 2759 2823 2838 2888; x_wconf 85' lang='grc' dir='ltr'><strong>ὡς</strong></span> <span class='ocrx_word' id='word_1_531' title='bbox 2866 2821 3197 2888; x_wconf 78' lang='grc' dir='ltr'>ἄνθρωπος,</span> <span class='ocrx_word' id='word_1_532' title='bbox 3228 2818 3289 2870; x_wconf 84' lang='grc' dir='ltr'>τὸ</span> <span class='ocrx_word' id='word_1_533' title='bbox 3317 2817 3728 2887; x_wconf 81' lang='grc' dir='ltr'>ἀναμάρτητον.</span> 
     </span>
    </p>
   </div>
   <div class='ocr_carea' id='block_1_73' title="bbox 2139 2909 3734 2982">
    <p class='ocr_par' dir='ltr' id='par_1_73' title="bbox 2139 2909 3734 2982">
     <span class='ocr_line' id='line_1_73' title="bbox 2139 2909 3734 2982; baseline -0.008 -11"><span class='ocrx_word' id='word_1_534' title='bbox 2139 2917 2360 2971; x_wconf 76' lang='grc' dir='ltr'>Τούτων</span> <span class='ocrx_word' id='word_1_535' title='bbox 2390 2916 2572 2969; x_wconf 86' lang='grc' dir='ltr'>τοίνυν</span> <span class='ocrx_word' id='word_1_536' title='bbox 2616 2913 2790 2976; x_wconf 78' lang='grc' dir='ltr'>οὕτως</span> <span class='ocrx_word' id='word_1_537' title='bbox 2822 2911 3076 2982; x_wconf 79' lang='grc' dir='ltr'>ἐχόντων,</span> <span class='ocrx_word' id='word_1_538' title='bbox 3109 2909 3298 2980; x_wconf 79' lang='grc' dir='ltr'>μηδεὶς</span> <span class='ocrx_word' id='word_1_539' title='bbox 3325 2909 3593 2961; x_wconf 80' lang='grc' dir='ltr'>ἀπατάτω</span> <span class='ocrx_word' id='word_1_540' title='bbox 3638 2922 3734 2958; x_wconf 78' lang='grc' dir='ltr'>κε-</span> 
     </span>
    </p>
   </div>
   <div class='ocr_carea' id='block_1_74' title="bbox 2140 2998 3732 3078">
    <p class='ocr_par' dir='ltr' id='par_1_74' title="bbox 2140 2998 3732 3078">
     <span class='ocr_line' id='line_1_74' title="bbox 2140 2998 3732 3078; baseline -0.008 -16"><span class='ocrx_word' id='word_1_541' title='bbox 2140 3011 2250 3071; x_wconf 76' lang='grc' dir='ltr'>νοῖς</span> <span class='ocrx_word' id='word_1_542' title='bbox 2283 3006 2473 3078; x_wconf 81' lang='grc' dir='ltr'><strong>μύθοις</strong></span> <span class='ocrx_word' id='word_1_543' title='bbox 2502 3005 2638 3076; x_wconf 79' lang='lat'><strong>(&#39;59).</strong></span> <span class='ocrx_word' id='word_1_544' title='bbox 2671 3005 2733 3057; x_wconf 84' lang='grc' dir='ltr'><strong>Εἰ</strong></span> <span class='ocrx_word' id='word_1_545' title='bbox 2779 3003 2888 3072; x_wconf 77' lang='grc' dir='ltr'>γὰρ</span> <span class='ocrx_word' id='word_1_546' title='bbox 2927 3000 3132 3056; x_wconf 83' lang='grc' dir='ltr'>ἀνωθεν</span> <span class='ocrx_word' id='word_1_547' title='bbox 3166 2999 3446 3071; x_wconf 73' lang='grc' dir='ltr'>γεννηθεὶς</span> <span class='ocrx_word' id='word_1_548' title='bbox 3479 2998 3587 3052; x_wconf 80' lang='grc' dir='ltr'>ἀπὸ</span> <span class='ocrx_word' id='word_1_549' title='bbox 3621 3000 3732 3052; x_wconf 85' lang='grc' dir='ltr'><strong>Πα-</strong></span> 
     </span>
    </p>
   </div>
   <div class='ocr_carea' id='block_1_75' title="bbox 2139 3091 3734 3172">
    <p class='ocr_par' dir='ltr' id='par_1_75' title="bbox 2139 3091 3734 3172">
     <span class='ocr_line' id='line_1_75' title="bbox 2139 3091 3734 3172; baseline -0.006 -18"><span class='ocrx_word' id='word_1_550' title='bbox 2139 3100 2268 3172; x_wconf 83' lang='grc' dir='ltr'>τρδς</span> <span class='ocrx_word' id='word_1_551' title='bbox 2299 3097 2592 3170; x_wconf 75' lang='grc' dir='ltr'>ἀληθινῶς,</span> <span class='ocrx_word' id='word_1_552' title='bbox 2634 3095 2902 3168; x_wconf 76' lang='grc' dir='ltr'>ἐγεννήθη</span> <span class='ocrx_word' id='word_1_553' title='bbox 2931 3097 3024 3149; x_wconf 79' lang='grc' dir='ltr'>καὶ</span> <span class='ocrx_word' id='word_1_554' title='bbox 3057 3094 3166 3148; x_wconf 83' lang='grc' dir='ltr'><strong>ἀπὸ</strong></span> <span class='ocrx_word' id='word_1_555' title='bbox 3210 3094 3451 3164; x_wconf 83' lang='grc' dir='ltr'>Μαρίας,</span> <span class='ocrx_word' id='word_1_556' title='bbox 3492 3092 3588 3144; x_wconf 73' lang='grc' dir='ltr'><strong>καὶ</strong></span> <span class='ocrx_word' id='word_1_557' title='bbox 3619 3091 3734 3144; x_wconf 79' lang='grc' dir='ltr'><strong>ἀνω</strong></span> 
     </span>
    </p>
   </div>
   <div class='ocr_carea' id='block_1_76' title="bbox 2097 3183 3737 3260">
    <p class='ocr_par' dir='ltr' id='par_1_76' title="bbox 2097 3183 3737 3260">
     <span class='ocr_line' id='line_1_76' title="bbox 2097 3183 3737 3260; baseline -0.009 -12"><span class='ocrx_word' id='word_1_558' title='bbox 2097 3221 2100 3224; x_wconf 92' lang='grc'><strong>·</strong></span> <span class='ocrx_word' id='word_1_559' title='bbox 2139 3192 2416 3260; x_wconf 83' lang='grc' dir='ltr'>ἀληθεύει,</span> <span class='ocrx_word' id='word_1_560' title='bbox 2450 3191 2546 3244; x_wconf 69' lang='grc' dir='ltr'>καὶ</span> <span class='ocrx_word' id='word_1_561' title='bbox 2581 3190 2732 3245; x_wconf 76' lang='grc' dir='ltr'>κάτω</span> <span class='ocrx_word' id='word_1_562' title='bbox 2758 3187 3036 3257; x_wconf 81' lang='grc' dir='ltr'>ἀληθεύει.</span> <span class='ocrx_word' id='word_1_563' title='bbox 3068 3187 3180 3240; x_wconf 76' lang='grc' dir='ltr'><strong>Καὶ</strong></span> <span class='ocrx_word' id='word_1_564' title='bbox 3217 3184 3270 3236; x_wconf 82' lang='grc' dir='ltr'>εί</span> <span class='ocrx_word' id='word_1_565' title='bbox 3294 3183 3585 3237; x_wconf 80' lang='grc' dir='ltr'>ἐστινάνω</span> <span class='ocrx_word' id='word_1_566' title='bbox 3611 3184 3737 3235; x_wconf 83' lang='grc' dir='ltr'>ἀτε-</span> 
     </span>
    </p>
   </div>
   <div class='ocr_carea' id='block_1_77' title="bbox 2139 3272 3735 3356">
    <p class='ocr_par' dir='ltr' id='par_1_77' title="bbox 2139 3272 3735 3356">
     <span class='ocr_line' id='line_1_77' title="bbox 2139 3272 3735 3356; baseline -0.008 -19"><span class='ocrx_word' id='word_1_567' title='bbox 2139 3283 2258 3356; x_wconf 82' lang='grc' dir='ltr'>λὴς,</span> <span class='ocrx_word' id='word_1_568' title='bbox 2293 3283 2389 3337; x_wconf 81' lang='grc' dir='ltr'>καὶ</span> <span class='ocrx_word' id='word_1_569' title='bbox 2422 3283 2573 3336; x_wconf 82' lang='grc' dir='ltr'><strong>κάτω</strong></span> <span class='ocrx_word' id='word_1_570' title='bbox 2604 3280 2825 3351; x_wconf 82' lang='grc' dir='ltr'>ἀτελής.</span> <span class='ocrx_word' id='word_1_571' title='bbox 2869 3279 2932 3331; x_wconf 81' lang='grc' dir='ltr'><strong>Εἰ</strong></span> <span class='ocrx_word' id='word_1_572' title='bbox 2967 3277 3025 3330; x_wconf 75' lang='grc' dir='ltr'><strong>δὲ</strong></span> <span class='ocrx_word' id='word_1_573' title='bbox 3072 3277 3186 3330; x_wconf 74' lang='grc' dir='ltr'><strong>ἀνω</strong></span> <span class='ocrx_word' id='word_1_574' title='bbox 3219 3276 3336 3327; x_wconf 74' lang='grc' dir='ltr'>ἐστὶ</span> <span class='ocrx_word' id='word_1_575' title='bbox 3376 3273 3604 3337; x_wconf 81' lang='grc' dir='ltr'>τέλειος,</span> <span class='ocrx_word' id='word_1_576' title='bbox 3639 3272 3735 3324; x_wconf 77' lang='grc' dir='ltr'>καὶ</span> 
     </span>
    </p>
   </div>
   <div class='ocr_carea' id='block_1_78' title="bbox 2141 3363 3734 3440">
    <p class='ocr_par' dir='ltr' id='par_1_78' title="bbox 2141 3363 3734 3440">
     <span class='ocr_line' id='line_1_78' title="bbox 2141 3363 3734 3440; baseline -0.009 -9"><span class='ocrx_word' id='word_1_577' title='bbox 2141 3377 2293 3431; x_wconf 84' lang='grc' dir='ltr'>κάτω</span> <span class='ocrx_word' id='word_1_578' title='bbox 2330 3376 2447 3429; x_wconf 80' lang='grc' dir='ltr'>ἐστὶ</span> <span class='ocrx_word' id='word_1_579' title='bbox 2476 3374 2680 3437; x_wconf 82' lang='grc' dir='ltr'>τέλειος</span> <span class='ocrx_word' id='word_1_580' title='bbox 2700 3389 2715 3403; x_wconf 94' lang='grc'><strong>·</strong></span> <span class='ocrx_word' id='word_1_581' title='bbox 2741 3372 2840 3425; x_wconf 83' lang='grc' dir='ltr'><strong>οὐκ</strong></span> <span class='ocrx_word' id='word_1_582' title='bbox 2877 3371 2934 3424; x_wconf 91' lang='grc' dir='ltr'><strong>ἐν</strong></span> <span class='ocrx_word' id='word_1_583' title='bbox 2952 3369 3099 3440; x_wconf 82' lang='grc' dir='ltr'>ἄλλῳ</span> <span class='ocrx_word' id='word_1_584' title='bbox 3127 3368 3320 3438; x_wconf 85' lang='grc' dir='ltr'>τελείῳ</span> <span class='ocrx_word' id='word_1_585' title='bbox 3346 3369 3586 3438; x_wconf 74' lang='grc' dir='ltr'>ᾤκησεν,</span> <span class='ocrx_word' id='word_1_586' title='bbox 3617 3363 3734 3417; x_wconf 82' lang='grc' dir='ltr'>ἀλλ’</span> 
     </span>
    </p>
   </div>
   <div class='ocr_carea' id='block_1_79' title="bbox 2144 3457 3734 3530">
    <p class='ocr_par' dir='ltr' id='par_1_79' title="bbox 2144 3457 3734 3530">
     <span class='ocr_line' id='line_1_79' title="bbox 2144 3457 3734 3530; baseline -0.009 -8"><span class='ocrx_word' id='word_1_587' title='bbox 2144 3468 2337 3522; x_wconf 84' lang='grc' dir='ltr'>ἐαυτὸν</span> <span class='ocrx_word' id='word_1_588' title='bbox 2376 3466 2444 3521; x_wconf 80' lang='grc' dir='ltr'><strong>τὰ</strong></span> <span class='ocrx_word' id='word_1_589' title='bbox 2473 3466 2654 3520; x_wconf 80' lang='grc' dir='ltr'>πάντα</span> <span class='ocrx_word' id='word_1_590' title='bbox 2687 3463 2972 3517; x_wconf 87' lang='grc' dir='ltr'>ἐτελείωσε</span> <span class='ocrx_word' id='word_1_591' title='bbox 2993 3478 3006 3491; x_wconf 91' lang='grc'><strong>·</strong></span> <span class='ocrx_word' id='word_1_592' title='bbox 3044 3461 3139 3514; x_wconf 69' lang='grc' dir='ltr'><strong>κα)⁸</strong></span> <span class='ocrx_word' id='word_1_593' title='bbox 3177 3460 3373 3530; x_wconf 83' lang='grc' dir='ltr'>ἀνέστη</span> <span class='ocrx_word' id='word_1_594' title='bbox 3417 3461 3482 3512; x_wconf 83' lang='grc' dir='ltr'><strong>ἐκ</strong></span> <span class='ocrx_word' id='word_1_595' title='bbox 3508 3457 3619 3511; x_wconf 83' lang='grc' dir='ltr'><strong>τῶν</strong></span> <span class='ocrx_word' id='word_1_596' title='bbox 3645 3473 3734 3509; x_wconf 85' lang='grc' dir='ltr'>νε-</span> 
     </span>
    </p>
   </div>
   <div class='ocr_carea' id='block_1_80' title="bbox 2141 3549 3732 3631">
    <p class='ocr_par' dir='ltr' id='par_1_80' title="bbox 2141 3549 3732 3631">
     <span class='ocr_line' id='line_1_80' title="bbox 2141 3549 3732 3631; baseline -0.007 -19"><span class='ocrx_word' id='word_1_597' title='bbox 2141 3560 2313 3631; x_wconf 83' lang='grc' dir='ltr'>κρῶν,</span> <span class='ocrx_word' id='word_1_598' title='bbox 2369 3558 2567 3629; x_wconf 77' lang='grc' dir='ltr'>μηκέτι</span> <span class='ocrx_word' id='word_1_599' title='bbox 2619 3555 2977 3628; x_wconf 79' lang='grc' dir='ltr'>μεριζόμενος</span> <span class='ocrx_word' id='word_1_600' title='bbox 3031 3554 3088 3608; x_wconf 93' lang='grc' dir='ltr'><strong>ἐν</strong></span> <span class='ocrx_word' id='word_1_601' title='bbox 3140 3554 3385 3624; x_wconf 80' lang='grc' dir='ltr'>μνήματι</span> <span class='ocrx_word' id='word_1_602' title='bbox 3420 3553 3500 3614; x_wconf 85' lang='grc' dir='ltr'><strong>είς</strong></span> <span class='ocrx_word' id='word_1_603' title='bbox 3549 3549 3732 3620; x_wconf 81' lang='grc' dir='ltr'>σῶμα,</span> 
     </span>
    </p>
   </div>
   <div class='ocr_carea' id='block_1_81' title="bbox 2142 3643 3736 3721">
    <p class='ocr_par' dir='ltr' id='par_1_81' title="bbox 2142 3643 3736 3721">
     <span class='ocr_line' id='line_1_81' title="bbox 2142 3643 3736 3721; baseline -0.006 -17"><span class='ocrx_word' id='word_1_604' title='bbox 2142 3653 2237 3704; x_wconf 78' lang='grc' dir='ltr'>καί</span> <span class='ocrx_word' id='word_1_605' title='bbox 2267 3650 2518 3721; x_wconf 89' lang='grc' dir='ltr'>θεότητα,</span> <span class='ocrx_word' id='word_1_606' title='bbox 2549 3650 2644 3703; x_wconf 76' lang='grc' dir='ltr'>καὶ</span> <span class='ocrx_word' id='word_1_607' title='bbox 2668 3647 2846 3719; x_wconf 78' lang='grc' dir='ltr'>ψυχὴν</span> <span class='ocrx_word' id='word_1_608' title='bbox 2874 3648 2933 3700; x_wconf 88' lang='grc' dir='ltr'><strong>ἐν</strong></span> <span class='ocrx_word' id='word_1_609' title='bbox 2962 3645 3359 3716; x_wconf 86' lang='grc' dir='ltr'>καταχθονίοις,</span> <span class='ocrx_word' id='word_1_610' title='bbox 3397 3643 3596 3714; x_wconf 80' lang='grc' dir='ltr'>μηκέτι</span> <span class='ocrx_word' id='word_1_611' title='bbox 3631 3643 3736 3696; x_wconf 78' lang='grc' dir='ltr'><strong>ὑπὸ</strong></span> 
     </span>
    </p>
   </div>
   <div class='ocr_carea' id='block_1_82' title="bbox 2141 3735 3737 3812">
    <p class='ocr_par' dir='ltr' id='par_1_82' title="bbox 2141 3735 3737 3812">
     <span class='ocr_line' id='line_1_82' title="bbox 2141 3735 3737 3812; baseline -0.007 -16"><span class='ocrx_word' id='word_1_612' title='bbox 2141 3743 2288 3812; x_wconf 63' lang='grc' dir='ltr'>ἁφὴν</span> <span class='ocrx_word' id='word_1_613' title='bbox 2323 3742 2668 3804; x_wconf 83' lang='grc' dir='ltr'>ὑποπίπτων,</span> <span class='ocrx_word' id='word_1_614' title='bbox 2705 3739 2903 3810; x_wconf 83' lang='grc' dir='ltr'>μηκέτι</span> <span class='ocrx_word' id='word_1_615' title='bbox 2938 3739 3313 3809; x_wconf 83' lang='grc' dir='ltr'>ἀπερχόμενος</span> <span class='ocrx_word' id='word_1_616' title='bbox 3344 3737 3388 3800; x_wconf 83' lang='grc'>⁷,</span> <span class='ocrx_word' id='word_1_617' title='bbox 3415 3735 3532 3790; x_wconf 79' lang='grc' dir='ltr'>ἀλλ’</span> <span class='ocrx_word' id='word_1_618' title='bbox 3559 3735 3737 3804; x_wconf 78' lang='grc' dir='ltr'>είσερ-</span> 
     </span>
    </p>
   </div>
   <div class='ocr_carea' id='block_1_83' title="bbox 2143 3825 3736 3903">
    <p class='ocr_par' dir='ltr' id='par_1_83' title="bbox 2143 3825 3736 3903">
     <span class='ocr_line' id='line_1_83' title="bbox 2143 3825 3736 3903; baseline -0.004 -19"><span class='ocrx_word' id='word_1_619' title='bbox 2143 3833 2370 3903; x_wconf 87' lang='grc' dir='ltr'>χόμενος</span> <span class='ocrx_word' id='word_1_620' title='bbox 2411 3829 2590 3901; x_wconf 81' lang='grc' dir='ltr'>θυρῶν</span> <span class='ocrx_word' id='word_1_621' title='bbox 2638 3827 3060 3898; x_wconf 87' lang='grc' dir='ltr'>κεκλεισμένων,</span> <span class='ocrx_word' id='word_1_622' title='bbox 3095 3825 3500 3898; x_wconf 76' lang='grc' dir='ltr'>ψηλαφώμενος</span> <span class='ocrx_word' id='word_1_623' title='bbox 3541 3826 3599 3879; x_wconf 84' lang='grc' dir='ltr'><strong>δὲ</strong></span> <span class='ocrx_word' id='word_1_624' title='bbox 3630 3826 3736 3878; x_wconf 77' lang='grc' dir='ltr'><strong>ὑπὸ</strong></span> 
     </span>
    </p>
   </div>
   <div class='ocr_carea' id='block_1_84' title="bbox 2141 3915 3738 3991">
    <p class='ocr_par' dir='ltr' id='par_1_84' title="bbox 2141 3915 3738 3991">
     <span class='ocr_line' id='line_1_84' title="bbox 2141 3915 3738 3991; baseline -0.004 -17"><span class='ocrx_word' id='word_1_625' title='bbox 2141 3921 2236 3974; x_wconf 79' lang='grc' dir='ltr'><strong>τοῦ</strong></span> <span class='ocrx_word' id='word_1_626' title='bbox 2278 3922 2471 3991; x_wconf 76' lang='grc' dir='ltr'>Θωμᾶ,</span> <span class='ocrx_word' id='word_1_627' title='bbox 2506 3921 2593 3981; x_wconf 85' lang='grc' dir='ltr'>ἵνα</span> <span class='ocrx_word' id='word_1_628' title='bbox 2629 3920 2705 3990; x_wconf 83' lang='grc' dir='ltr'><strong>μὴ</strong></span> <span class='ocrx_word' id='word_1_629' title='bbox 2748 3918 3022 3990; x_wconf 81' lang='grc' dir='ltr'>φαντασίᾳ</span> <span class='ocrx_word' id='word_1_630' title='bbox 3068 3917 3400 3987; x_wconf 76' lang='grc' dir='ltr'>ἀπεικασθῇ.</span> <span class='ocrx_word' id='word_1_631' title='bbox 3433 3915 3552 3969; x_wconf 82' lang='grc' dir='ltr'>ἀλλ’</span> <span class='ocrx_word' id='word_1_632' title='bbox 3602 3917 3738 3987; x_wconf 81' lang='grc' dir='ltr'>ἀλη-</span> 
     </span>
    </p>
   </div>
   <div class='ocr_carea' id='block_1_85' title="bbox 2144 4008 3736 4083">
    <p class='ocr_par' dir='ltr' id='par_1_85' title="bbox 2144 4008 3736 4083">
     <span class='ocr_line' id='line_1_85' title="bbox 2144 4008 3736 4083; baseline -0.003 -18"><span class='ocrx_word' id='word_1_633' title='bbox 2144 4012 2296 4083; x_wconf 82' lang='grc' dir='ltr'>θείᾳ·</span> <span class='ocrx_word' id='word_1_634' title='bbox 2337 4016 2366 4066; x_wconf 85' lang='grc' dir='ltr'>ὁ</span> <span class='ocrx_word' id='word_1_635' title='bbox 2395 4012 2498 4064; x_wconf 85' lang='grc' dir='ltr'><strong>ὑπὸ</strong></span> <span class='ocrx_word' id='word_1_636' title='bbox 2526 4010 2620 4064; x_wconf 73' lang='grc' dir='ltr'><strong>τοῦ</strong></span> <span class='ocrx_word' id='word_1_637' title='bbox 2652 4012 2822 4081; x_wconf 78' lang='grc' dir='ltr'><strong>Θωμᾶ</strong></span> <span class='ocrx_word' id='word_1_638' title='bbox 2849 4009 3184 4074; x_wconf 83' lang='grc' dir='ltr'>πιστευθεὶς,</span> <span class='ocrx_word' id='word_1_639' title='bbox 3223 4008 3364 4080; x_wconf 84' lang='grc' dir='ltr'>μετὰ</span> <span class='ocrx_word' id='word_1_640' title='bbox 3405 4008 3468 4062; x_wconf 82' lang='grc' dir='ltr'>τὸ</span> <span class='ocrx_word' id='word_1_641' title='bbox 3513 4008 3736 4079; x_wconf 82' lang='grc' dir='ltr'>πληρω-</span> 
     </span>
    </p>
   </div>
   <div class='ocr_carea' id='block_1_86' title="bbox 2144 4101 3737 4175">
    <p class='ocr_par' dir='ltr' id='par_1_86' title="bbox 2144 4101 3737 4175">
     <span class='ocr_line' id='line_1_86' title="bbox 2144 4101 3737 4175; baseline -0.022 10"><span class='ocrx_word' id='word_1_642' title='bbox 2144 4104 2303 4175; x_wconf 75' lang='grc' dir='ltr'><strong>θῆναι</strong></span> <span class='ocrx_word' id='word_1_643' title='bbox 2341 4104 2403 4156; x_wconf 73' lang='grc' dir='ltr'>τὸ</span> <span class='ocrx_word' id='word_1_644' title='bbox 2448 4104 2864 4175; x_wconf 69' lang='grc' dir='ltr'>προειρημένον.</span> <span class='ocrx_word' id='word_1_645' title='bbox 2905 4103 3040 4168; x_wconf 84' lang='grc' dir='ltr'><strong>Ταῖς</strong></span> <span class='ocrx_word' id='word_1_646' title='bbox 3078 4103 3254 4170; x_wconf 80' lang='grc' dir='ltr'>χερσί</span> <span class='ocrx_word' id='word_1_647' title='bbox 3292 4119 3411 4171; x_wconf 84' lang='grc' dir='ltr'>μου</span> <span class='ocrx_word' id='word_1_648' title='bbox 3444 4101 3554 4154; x_wconf 78' lang='grc' dir='ltr'><strong>τὸν</strong></span> <span class='ocrx_word' id='word_1_649' title='bbox 3587 4101 3737 4154; x_wconf 73' lang='grc' dir='ltr'><strong>Θεὸν</strong></span> 
     </span>
    </p>
   </div>
   <div class='ocr_carea' id='block_1_87' title="bbox 2141 4191 3739 4261">
    <p class='ocr_par' dir='ltr' id='par_1_87' title="bbox 2141 4191 3739 4261">
     <span class='ocr_line' id='line_1_87' title="bbox 2141 4191 3739 4261; baseline -0.003 -13"><span class='ocrx_word' id='word_1_650' title='bbox 2141 4193 2492 4261; x_wconf 77' lang='grc' dir='ltr'>ἐξεζήτησα,</span> <span class='ocrx_word' id='word_1_651' title='bbox 2535 4194 2633 4247; x_wconf 75' lang='grc' dir='ltr'>καὶ</span> <span class='ocrx_word' id='word_1_652' title='bbox 2668 4195 2780 4246; x_wconf 80' lang='grc' dir='ltr'>οὐκ</span> <span class='ocrx_word' id='word_1_653' title='bbox 2816 4193 3158 4261; x_wconf 77' lang='grc' dir='ltr'>ήπατήθην.</span> <span class='ocrx_word' id='word_1_654' title='bbox 3204 4193 3261 4245; x_wconf 83' lang='lat'><strong>&#39;0</strong></span> <span class='ocrx_word' id='word_1_655' title='bbox 3307 4192 3470 4255; x_wconf 79' lang='grc' dir='ltr'>αὐτὸς</span> <span class='ocrx_word' id='word_1_656' title='bbox 3517 4191 3670 4256; x_wconf 81' lang='grc' dir='ltr'>Θεὸς,</span> <span class='ocrx_word' id='word_1_657' title='bbox 3710 4193 3739 4244; x_wconf 85' lang='grc' dir='ltr'><strong><em>ὁ</em></strong></span> 
     </span>
    </p>
   </div>
   <div class='ocr_carea' id='block_1_88' title="bbox 2144 4281 3735 4354">
    <p class='ocr_par' dir='ltr' id='par_1_88' title="bbox 2144 4281 3735 4354">
     <span class='ocr_line' id='line_1_88' title="bbox 2144 4281 3735 4354; baseline -0.001 -18"><span class='ocrx_word' id='word_1_658' title='bbox 2144 4285 2308 4346; x_wconf 82' lang='grc' dir='ltr'>αὐτὸς</span> <span class='ocrx_word' id='word_1_659' title='bbox 2359 4283 2668 4354; x_wconf 81' lang='grc' dir='ltr'>ἄνθρωπος,</span> <span class='ocrx_word' id='word_1_660' title='bbox 2708 4285 2756 4354; x_wconf 41' lang='grc' dir='ltr'><strong>,ὁ</strong></span> <span class='ocrx_word' id='word_1_661' title='bbox 2811 4284 2886 4354; x_wconf 85' lang='grc' dir='ltr'>μὴ</span> <span class='ocrx_word' id='word_1_662' title='bbox 2943 4282 3204 4352; x_wconf 75' lang='grc' dir='ltr'>σύγχυσιν</span> <span class='ocrx_word' id='word_1_663' title='bbox 3251 4281 3735 4351; x_wconf 77' lang='grc' dir='ltr'>ἀπεργασάμενος,</span> 
     </span>
    </p>
   </div>
   <div class='ocr_carea' id='block_1_89' title="bbox 2145 4373 3739 4446">
    <p class='ocr_par' dir='ltr' id='par_1_89' title="bbox 2145 4373 3739 4446">
     <span class='ocr_line' id='line_1_89' title="bbox 2145 4373 3739 4446; baseline -0.003 -17"><span class='ocrx_word' id='word_1_664' title='bbox 2145 4375 2281 4429; x_wconf 80' lang='grc' dir='ltr'>ἀλλὰ</span> <span class='ocrx_word' id='word_1_665' title='bbox 2310 4375 2378 4428; x_wconf 77' lang='grc' dir='ltr'>τὰ</span> <span class='ocrx_word' id='word_1_666' title='bbox 2404 4375 2499 4429; x_wconf 81' lang='grc' dir='ltr'><strong>δύο</strong></span> <span class='ocrx_word' id='word_1_667' title='bbox 2531 4376 2773 4446; x_wconf 81' lang='grc' dir='ltr'>κεράσας</span> <span class='ocrx_word' id='word_1_668' title='bbox 2803 4377 2882 4438; x_wconf 82' lang='grc' dir='ltr'><strong>είς</strong></span> <span class='ocrx_word' id='word_1_669' title='bbox 2907 4375 2964 4428; x_wconf 78' lang='grc' dir='ltr'><strong>ἐν</strong></span> <span class='ocrx_word' id='word_1_670' title='bbox 2983 4391 2996 4404; x_wconf 79' lang='grc'><strong><em>⁸</em></strong></span> <span class='ocrx_word' id='word_1_671' title='bbox 3027 4376 3126 4427; x_wconf 78' lang='grc' dir='ltr'>οὐκ</span> <span class='ocrx_word' id='word_1_672' title='bbox 3149 4375 3231 4437; x_wconf 81' lang='grc' dir='ltr'><strong>είς</strong></span> <span class='ocrx_word' id='word_1_673' title='bbox 3257 4373 3604 4443; x_wconf 80' lang='grc' dir='ltr'>ἁνυπαρξίαν</span> <span class='ocrx_word' id='word_1_674' title='bbox 3633 4390 3739 4442; x_wconf 87' lang='grc' dir='ltr'>χω-</span> 
     </span>
    </p>
   </div>
   <div class='ocr_carea' id='block_1_90' title="bbox 2149 4463 3836 4540">
    <p class='ocr_par' dir='ltr' id='par_1_90' title="bbox 2149 4463 3836 4540">
     <span class='ocr_line' id='line_1_90' title="bbox 2149 4463 3836 4540; baseline 0 -22"><span class='ocrx_word' id='word_1_675' title='bbox 2149 4470 2357 4540; x_wconf 75' lang='grc' dir='ltr'>ρήσας,</span> <span class='ocrx_word' id='word_1_676' title='bbox 2411 4467 2549 4520; x_wconf 82' lang='grc' dir='ltr'>ἀλλὰ</span> <span class='ocrx_word' id='word_1_677' title='bbox 2595 4465 3019 4536; x_wconf 82' lang='grc' dir='ltr'>συνδυναμώσας</span> <span class='ocrx_word' id='word_1_678' title='bbox 3065 4467 3223 4537; x_wconf 86' lang='grc' dir='ltr'>σῶμα</span> <span class='ocrx_word' id='word_1_679' title='bbox 3268 4466 3455 4537; x_wconf 82' lang='grc' dir='ltr'>γήινον</span> <span class='ocrx_word' id='word_1_680' title='bbox 3497 4468 3566 4534; x_wconf 83' lang='grc' dir='ltr'><strong>τῇ</strong></span> <span class='ocrx_word' id='word_1_681' title='bbox 3617 4463 3738 4516; x_wconf 80' lang='grc' dir='ltr'>θεό·</span> <span class='ocrx_word' id='word_1_682' title='bbox 3833 4488 3836 4491; x_wconf 65' lang='grc'><strong>’</strong></span> 
     </span>
    </p>
   </div>
   <div class='ocr_carea' id='block_1_91' title="bbox 2143 4556 3737 4630">
    <p class='ocr_par' dir='ltr' id='par_1_91' title="bbox 2143 4556 3737 4630">
     <span class='ocr_line' id='line_1_91' title="bbox 2143 4556 3737 4630; baseline -0.003 -18"><span class='ocrx_word' id='word_1_683' title='bbox 2143 4576 2288 4629; x_wconf 85' lang='grc' dir='ltr'>τητι.</span> <span class='ocrx_word' id='word_1_684' title='bbox 2342 4561 2422 4623; x_wconf 90' lang='grc' dir='ltr'><strong>είς</strong></span> <span class='ocrx_word' id='word_1_685' title='bbox 2472 4559 2600 4630; x_wconf 84' lang='grc' dir='ltr'>μίαν</span> <span class='ocrx_word' id='word_1_686' title='bbox 2645 4558 2876 4628; x_wconf 81' lang='grc' dir='ltr'>δύναμιν</span> <span class='ocrx_word' id='word_1_687' title='bbox 2920 4559 3154 4627; x_wconf 72' lang='grc' dir='ltr'>ἥνωσεν,</span> <span class='ocrx_word' id='word_1_688' title='bbox 3197 4559 3278 4619; x_wconf 84' lang='grc' dir='ltr'><strong>είς</strong></span> <span class='ocrx_word' id='word_1_689' title='bbox 3327 4556 3457 4626; x_wconf 87' lang='grc' dir='ltr'>μίαν</span> <span class='ocrx_word' id='word_1_690' title='bbox 3507 4556 3737 4627; x_wconf 80' lang='grc' dir='ltr'>θεότητα</span> 
     </span>
    </p>
   </div>
   <div class='ocr_carea' id='block_1_92' title="bbox 453 4633 2034 4718">
    <p class='ocr_par' dir='ltr' id='par_1_92' title="bbox 453 4633 2034 4715">
     <span class='ocr_line' id='line_1_92' title="bbox 453 4633 2034 4715; baseline 0.013 -29"><span class='ocrx_word' id='word_1_691' title='bbox 453 4635 582 4686; x_wconf 83' lang='lat' dir='ltr'><strong>meis</strong></span> <span class='ocrx_word' id='word_1_692' title='bbox 625 4633 793 4688; x_wconf 84' lang='lat' dir='ltr'><strong>Deum</strong></span> <span class='ocrx_word' id='word_1_693' title='bbox 839 4640 1074 4707; x_wconf 81' lang='lat' dir='ltr'><strong>quwsivi,</strong></span> <span class='ocrx_word' id='word_1_694' title='bbox 1131 4652 1180 4695; x_wconf 87' lang='lat' dir='ltr'><strong>et</strong></span> <span class='ocrx_word' id='word_1_695' title='bbox 1233 4660 1337 4697; x_wconf 86' lang='lat' dir='ltr'><strong>non</strong></span> <span class='ocrx_word' id='word_1_696' title='bbox 1377 4661 1492 4698; x_wconf 84' lang='lat' dir='ltr'><strong>sum</strong></span> <span class='ocrx_word' id='word_1_697' title='bbox 1538 4647 1782 4715; x_wconf 76' lang='lat' dir='ltr'><strong>deceptus</strong></span> <span class='ocrx_word' id='word_1_698' title='bbox 1809 4651 1854 4704; x_wconf 85' lang='grc'>⁸.</span> <span class='ocrx_word' id='word_1_699' title='bbox 1897 4650 2034 4707; x_wconf 87' lang='lat' dir='ltr'><strong>Idem</strong></span> 
     </span>
    </p>
   </div>
   <div class='ocr_carea' id='block_1_93' title="bbox 2137 4633 3738 4718">
    <p class='ocr_par' dir='ltr' id='par_1_93' title="bbox 2148 4640 3738 4718">
     <span class='ocr_line' id='line_1_93' title="bbox 2148 4640 3738 4718; baseline -0.002 -18"><span class='ocrx_word' id='word_1_700' title='bbox 2148 4650 2490 4718; x_wconf 79' lang='grc' dir='ltr'>συνήγαγεν·</span> <span class='ocrx_word' id='word_1_701' title='bbox 2547 4643 2629 4709; x_wconf 80' lang='grc' dir='ltr'>εἷς</span> <span class='ocrx_word' id='word_1_702' title='bbox 2681 4644 2756 4698; x_wconf 84' lang='grc' dir='ltr'>ὣν</span> <span class='ocrx_word' id='word_1_703' title='bbox 2808 4645 3035 4716; x_wconf 85' lang='grc' dir='ltr'>Κύριος,</span> <span class='ocrx_word' id='word_1_704' title='bbox 3090 4640 3172 4707; x_wconf 76' lang='grc' dir='ltr'>εἷς</span> <span class='ocrx_word' id='word_1_705' title='bbox 3219 4643 3474 4715; x_wconf 70' lang='grc' dir='ltr'>Χριστὸς,</span> <span class='ocrx_word' id='word_1_706' title='bbox 3526 4645 3588 4696; x_wconf 82' lang='grc' dir='ltr'><strong>οὐ</strong></span> <span class='ocrx_word' id='word_1_707' title='bbox 3646 4645 3738 4697; x_wconf 78' lang='grc' dir='ltr'><strong>δύο</strong></span> 
     </span>
    </p>
   </div>
   <div class='ocr_carea' id='block_1_94' title="bbox 451 4723 2034 4812">
    <p class='ocr_par' dir='ltr' id='par_1_94' title="bbox 451 4723 2034 4811">
     <span class='ocr_line' id='line_1_94' title="bbox 451 4723 2034 4811; baseline 0.013 -33"><span class='ocrx_word' id='word_1_708' title='bbox 451 4737 586 4794; x_wconf 78' lang='lat' dir='ltr'><strong>ergo</strong></span> <span class='ocrx_word' id='word_1_709' title='bbox 620 4723 765 4780; x_wconf 91' lang='lat' dir='ltr'><strong>Deus</strong></span> <span class='ocrx_word' id='word_1_710' title='bbox 800 4735 853 4781; x_wconf 85' lang='lat' dir='ltr'><strong>et</strong></span> <span class='ocrx_word' id='word_1_711' title='bbox 895 4729 1058 4784; x_wconf 88' lang='lat' dir='ltr'><strong>homo</strong></span> <span class='ocrx_word' id='word_1_712' title='bbox 1097 4733 1235 4786; x_wconf 89' lang='lat' dir='ltr'><strong>nihil</strong></span> <span class='ocrx_word' id='word_1_713' title='bbox 1274 4735 1599 4804; x_wconf 86' lang='lat' dir='ltr'><strong>permistum</strong></span> <span class='ocrx_word' id='word_1_714' title='bbox 1637 4739 2034 4811; x_wconf 77' lang='lat' dir='ltr'><strong>confusumque</strong></span> 
     </span>
    </p>
   </div>
   <div class='ocr_carea' id='block_1_95' title="bbox 2137 4723 3740 4812">
    <p class='ocr_par' dir='ltr' id='par_1_95' title="bbox 2147 4737 3740 4812">
     <span class='ocr_line' id='line_1_95' title="bbox 2147 4737 3740 4812; baseline -0.001 -20"><span class='ocrx_word' id='word_1_715' title='bbox 2147 4740 2395 4812; x_wconf 80' lang='grc' dir='ltr'>Χριστοὶ,</span> <span class='ocrx_word' id='word_1_716' title='bbox 2441 4739 2565 4792; x_wconf 76' lang='grc' dir='ltr'>οὐδὲ</span> <span class='ocrx_word' id='word_1_717' title='bbox 2603 4738 2696 4791; x_wconf 82' lang='grc' dir='ltr'><strong>δύο</strong></span> <span class='ocrx_word' id='word_1_718' title='bbox 2729 4738 2873 4792; x_wconf 90' lang='grc' dir='ltr'>Θεοί.</span> <span class='ocrx_word' id='word_1_719' title='bbox 2920 4738 3010 4791; x_wconf 89' lang='grc' dir='ltr'>Ἐν</span> <span class='ocrx_word' id='word_1_720' title='bbox 3055 4737 3203 4810; x_wconf 82' lang='grc' dir='ltr'>αὐτῷ</span> <span class='ocrx_word' id='word_1_721' title='bbox 3245 4738 3406 4808; x_wconf 87' lang='grc' dir='ltr'>σῶμα</span> <span class='ocrx_word' id='word_1_722' title='bbox 3439 4755 3740 4808; x_wconf 77' lang='grc' dir='ltr'>πνευματιο</span> 
     </span>
    </p>
   </div>
   <div class='ocr_carea' id='block_1_96' title="bbox 454 4817 2034 4903">
    <p class='ocr_par' dir='ltr' id='par_1_96' title="bbox 454 4817 2034 4897">
     <span class='ocr_line' id='line_1_96' title="bbox 454 4817 2034 4897; baseline 0.014 -29"><span class='ocrx_word' id='word_1_723' title='bbox 454 4817 730 4886; x_wconf 68' lang='lat' dir='ltr'><strong>praestitit,</strong></span> <span class='ocrx_word' id='word_1_724' title='bbox 776 4819 870 4874; x_wconf 90' lang='lat' dir='ltr'><strong>sed</strong></span> <span class='ocrx_word' id='word_1_725' title='bbox 915 4821 970 4874; x_wconf 88' lang='lat' dir='ltr'><strong>in</strong></span> <span class='ocrx_word' id='word_1_726' title='bbox 1026 4839 1192 4877; x_wconf 91' lang='lat' dir='ltr'><strong>unum</strong></span> <span class='ocrx_word' id='word_1_727' title='bbox 1236 4827 1400 4880; x_wconf 86' lang='lat' dir='ltr'><strong>ambo</strong></span> <span class='ocrx_word' id='word_1_728' title='bbox 1434 4832 1780 4897; x_wconf 84' lang='lat' dir='ltr'><strong>temperavit.</strong></span> <span class='ocrx_word' id='word_1_729' title='bbox 1819 4834 1899 4888; x_wconf 88' lang='lat' dir='ltr'><strong>lta</strong></span> <span class='ocrx_word' id='word_1_730' title='bbox 1933 4852 2034 4890; x_wconf 88' lang='lat' dir='ltr'><strong>non</strong></span> 
     </span>
    </p>
   </div>
   <div class='ocr_carea' id='block_1_97' title="bbox 2137 4817 3739 4903">
    <p class='ocr_par' dir='ltr' id='par_1_97' title="bbox 2150 4830 3739 4903">
     <span class='ocr_line' id='line_1_97' title="bbox 2150 4830 3739 4903; baseline -0.001 -17"><span class='ocrx_word' id='word_1_731' title='bbox 2150 4833 2267 4896; x_wconf 85' lang='grc' dir='ltr'>κὸν,</span> <span class='ocrx_word' id='word_1_732' title='bbox 2299 4835 2357 4886; x_wconf 90' lang='grc' dir='ltr'><strong>ἐν</strong></span> <span class='ocrx_word' id='word_1_733' title='bbox 2400 4831 2550 4903; x_wconf 78' lang='grc' dir='ltr'><strong>αὑτῷ</strong></span> <span class='ocrx_word' id='word_1_734' title='bbox 2593 4832 2784 4903; x_wconf 86' lang='grc' dir='ltr'>θεότης</span> <span class='ocrx_word' id='word_1_735' title='bbox 2817 4831 3222 4902; x_wconf 81' lang='grc' dir='ltr'>ἀκατάληπτος,</span> <span class='ocrx_word' id='word_1_736' title='bbox 3266 4832 3328 4883; x_wconf 76' lang='grc' dir='ltr'>τὸ</span> <span class='ocrx_word' id='word_1_737' title='bbox 3359 4832 3631 4894; x_wconf 83' lang='grc' dir='ltr'>πεπονθὸς</span> <span class='ocrx_word' id='word_1_738' title='bbox 3667 4830 3739 4902; x_wconf 82' lang='grc' dir='ltr'><strong>μὴ</strong></span> 
     </span>
    </p>
   </div>
   <div class='ocr_carea' id='block_1_98' title="bbox 454 4906 2044 4991">
    <p class='ocr_par' dir='ltr' id='par_1_98' title="bbox 454 4906 2044 4991">
     <span class='ocr_line' id='line_1_98' title="bbox 454 4906 2044 4991; baseline 0.014 -32"><span class='ocrx_word' id='word_1_739' title='bbox 454 4906 509 4960; x_wconf 89' lang='lat' dir='ltr'><strong>in</strong></span> <span class='ocrx_word' id='word_1_740' title='bbox 554 4909 782 4964; x_wconf 88' lang='lat' dir='ltr'><strong>nihilum</strong></span> <span class='ocrx_word' id='word_1_741' title='bbox 827 4912 983 4979; x_wconf 88' lang='lat' dir='ltr'><strong>abiit,</strong></span> <span class='ocrx_word' id='word_1_742' title='bbox 1027 4915 1122 4969; x_wconf 88' lang='lat' dir='ltr'><strong>sed</strong></span> <span class='ocrx_word' id='word_1_743' title='bbox 1173 4923 1449 4970; x_wconf 89' lang='lat' dir='ltr'><strong>terrenum</strong></span> <span class='ocrx_word' id='word_1_744' title='bbox 1503 4935 1704 4991; x_wconf 88' lang='lat' dir='ltr'><strong>corpus</strong></span> <span class='ocrx_word' id='word_1_745' title='bbox 1759 4923 2044 4982; x_wconf 88' lang='lat' dir='ltr'><strong>divinitate</strong></span> 
     </span>
    </p>
   </div>
   <div class='ocr_carea' id='block_1_99' title="bbox 454 4999 2040 5081">
    <p class='ocr_par' dir='ltr' id='par_1_99' title="bbox 454 4999 2040 5081">
     <span class='ocr_line' id='line_1_99' title="bbox 454 4999 2040 5081; baseline 0.009 -29"><span class='ocrx_word' id='word_1_746' title='bbox 454 4999 790 5055; x_wconf 78' lang='lat' dir='ltr'><strong>Conﬁrmans</strong></span> <span class='ocrx_word' id='word_1_747' title='bbox 821 5002 876 5055; x_wconf 90' lang='lat' dir='ltr'><strong>in</strong></span> <span class='ocrx_word' id='word_1_748' title='bbox 913 5019 1076 5058; x_wconf 90' lang='lat' dir='ltr'><strong>unam</strong></span> <span class='ocrx_word' id='word_1_749' title='bbox 1123 5007 1230 5060; x_wconf 85' lang='lat' dir='ltr'><strong>vim</strong></span> <span class='ocrx_word' id='word_1_750' title='bbox 1273 5007 1728 5080; x_wconf 83' lang='lat' dir='ltr'><strong>divinitatemque</strong></span> <span class='ocrx_word' id='word_1_751' title='bbox 1764 5012 2040 5081; x_wconf 83' lang='lat' dir='ltr'><strong>conﬂavit,</strong></span> 
     </span>
    </p>
   </div>
   <div class='ocr_carea' id='block_1_100' title="bbox 456 5091 2042 5171">
    <p class='ocr_par' dir='ltr' id='par_1_100' title="bbox 456 5091 2042 5171">
     <span class='ocr_line' id='line_1_100' title="bbox 456 5091 2042 5171; baseline 0.013 -31"><span class='ocrx_word' id='word_1_752' title='bbox 456 5101 600 5143; x_wconf 91' lang='lat' dir='ltr'><strong>unus</strong></span> <span class='ocrx_word' id='word_1_753' title='bbox 644 5091 896 5147; x_wconf 88' lang='lat' dir='ltr'><strong>videlicet</strong></span> <span class='ocrx_word' id='word_1_754' title='bbox 947 5093 1235 5163; x_wconf 88' lang='lat' dir='ltr'><strong>Dominus,</strong></span> <span class='ocrx_word' id='word_1_755' title='bbox 1285 5115 1537 5171; x_wconf 89' lang='lat' dir='ltr'><strong>unusque</strong></span> <span class='ocrx_word' id='word_1_756' title='bbox 1582 5102 1880 5166; x_wconf 87' lang='lat' dir='ltr'><strong>Christus;</strong></span> <span class='ocrx_word' id='word_1_757' title='bbox 1931 5122 2042 5160; x_wconf 92' lang='lat' dir='ltr'><strong>non</strong></span> 
     </span>
    </p>
   </div>
   <div class='ocr_carea' id='block_1_101' title="bbox 457 5177 2039 5265">
    <p class='ocr_par' dir='ltr' id='par_1_101' title="bbox 457 5177 2039 5265">
     <span class='ocr_line' id='line_1_101' title="bbox 457 5177 2039 5265; baseline 0.011 -33"><span class='ocrx_word' id='word_1_758' title='bbox 457 5177 566 5233; x_wconf 89' lang='lat' dir='ltr'><strong>duo</strong></span> <span class='ocrx_word' id='word_1_759' title='bbox 608 5178 834 5244; x_wconf 87' lang='lat' dir='ltr'><strong>Christi,</strong></span> <span class='ocrx_word' id='word_1_760' title='bbox 879 5185 963 5239; x_wconf 84' lang='lat' dir='ltr'><strong>vel</strong></span> <span class='ocrx_word' id='word_1_761' title='bbox 1015 5186 1117 5242; x_wconf 86' lang='lat' dir='ltr'><strong>Dii.</strong></span> <span class='ocrx_word' id='word_1_762' title='bbox 1164 5189 1218 5242; x_wconf 91' lang='lat' dir='ltr'><strong>In</strong></span> <span class='ocrx_word' id='word_1_763' title='bbox 1255 5205 1320 5244; x_wconf 89' lang='lat' dir='ltr'><strong>eo</strong></span> <span class='ocrx_word' id='word_1_764' title='bbox 1350 5193 1596 5261; x_wconf 82' lang='lat' dir='ltr'><strong>spiritale</strong></span> <span class='ocrx_word' id='word_1_765' title='bbox 1630 5209 1832 5265; x_wconf 90' lang='lat' dir='ltr'><strong>corpus</strong></span> <span class='ocrx_word' id='word_1_766' title='bbox 1876 5197 2039 5262; x_wconf 89' lang='lat' dir='ltr'><strong>inest,</strong></span> 
     </span>
    </p>
   </div>
   <div class='ocr_carea' id='block_1_102' title="bbox 458 5269 2040 5356">
    <p class='ocr_par' dir='ltr' id='par_1_102' title="bbox 458 5269 2040 5356">
     <span class='ocr_line' id='line_1_102' title="bbox 458 5269 2040 5356; baseline 0.011 -34"><span class='ocrx_word' id='word_1_767' title='bbox 458 5269 514 5322; x_wconf 83' lang='lat' dir='ltr'><strong>in</strong></span> <span class='ocrx_word' id='word_1_768' title='bbox 544 5271 734 5327; x_wconf 86' lang='lat' dir='ltr'><strong>eodem</strong></span> <span class='ocrx_word' id='word_1_769' title='bbox 765 5271 1025 5331; x_wconf 87' lang='lat' dir='ltr'><strong>divinitas</strong></span> <span class='ocrx_word' id='word_1_770' title='bbox 1064 5295 1186 5346; x_wconf 65' lang='lat' dir='ltr'><strong>quae</strong></span> <span class='ocrx_word' id='word_1_771' title='bbox 1234 5282 1626 5350; x_wconf 87' lang='lat' dir='ltr'><strong>comprehendi</strong></span> <span class='ocrx_word' id='word_1_772' title='bbox 1679 5301 1786 5338; x_wconf 91' lang='lat' dir='ltr'><strong>non</strong></span> <span class='ocrx_word' id='word_1_773' title='bbox 1838 5295 2040 5356; x_wconf 87' lang='lat' dir='ltr'><strong>potest.</strong></span> 
     </span>
    </p>
   </div>
   <div class='ocr_carea' id='block_1_103' title="bbox 2151 4922 3735 4995">
    <p class='ocr_par' dir='ltr' id='par_1_103' title="bbox 2151 4922 3735 4995">
     <span class='ocr_line' id='line_1_103' title="bbox 2151 4922 3735 4995; baseline -0.005 -17"><span class='ocrx_word' id='word_1_774' title='bbox 2151 4923 2411 4995; x_wconf 84' lang='grc' dir='ltr'>φθαρτὸν,</span> <span class='ocrx_word' id='word_1_775' title='bbox 2447 4925 2508 4976; x_wconf 80' lang='grc' dir='ltr'>τὸ</span> <span class='ocrx_word' id='word_1_776' title='bbox 2551 4923 2762 4987; x_wconf 82' lang='grc' dir='ltr'>ἀπαθὲς</span> <span class='ocrx_word' id='word_1_777' title='bbox 2806 4923 3102 4994; x_wconf 83' lang='grc' dir='ltr'>ἄφθαρτον,</span> <span class='ocrx_word' id='word_1_778' title='bbox 3152 4923 3433 4994; x_wconf 80' lang='grc' dir='ltr'>ἀφθαρσία</span> <span class='ocrx_word' id='word_1_779' title='bbox 3471 4922 3533 4974; x_wconf 81' lang='grc' dir='ltr'>τὸ</span> <span class='ocrx_word' id='word_1_780' title='bbox 3580 4922 3735 4975; x_wconf 84' lang='grc' dir='ltr'>ὅλον·</span> 
     </span>
    </p>
   </div>
   <div class='ocr_carea' id='block_1_104' title="bbox 2149 5012 3736 5088">
    <p class='ocr_par' dir='ltr' id='par_1_104' title="bbox 2149 5012 3736 5088">
     <span class='ocr_line' id='line_1_104' title="bbox 2149 5012 3736 5088; baseline 0.001 -22"><span class='ocrx_word' id='word_1_781' title='bbox 2149 5015 2282 5079; x_wconf 84' lang='grc' dir='ltr'>Θεὸς</span> <span class='ocrx_word' id='word_1_782' title='bbox 2313 5015 2538 5086; x_wconf 84' lang='grc' dir='ltr'>Κύριος,</span> <span class='ocrx_word' id='word_1_783' title='bbox 2575 5017 2940 5088; x_wconf 75' lang='grc' dir='ltr'>καθεζόμενος</span> <span class='ocrx_word' id='word_1_784' title='bbox 2983 5018 3041 5070; x_wconf 82' lang='grc' dir='ltr'><strong>ἐν</strong></span> <span class='ocrx_word' id='word_1_785' title='bbox 3075 5015 3225 5087; x_wconf 79' lang='grc' dir='ltr'>δεξιᾷ</span> <span class='ocrx_word' id='word_1_786' title='bbox 3264 5013 3358 5067; x_wconf 83' lang='grc' dir='ltr'><strong>τοῦ</strong></span> <span class='ocrx_word' id='word_1_787' title='bbox 3391 5015 3626 5085; x_wconf 72' lang='grc' dir='ltr'>Πατρός,</span> <span class='ocrx_word' id='word_1_788' title='bbox 3665 5012 3736 5083; x_wconf 81' lang='grc' dir='ltr'><strong>μὴ</strong></span> 
     </span>
    </p>
   </div>
   <div class='ocr_carea' id='block_1_105' title="bbox 2150 5105 3736 5180">
    <p class='ocr_par' dir='ltr' id='par_1_105' title="bbox 2150 5105 3736 5180">
     <span class='ocr_line' id='line_1_105' title="bbox 2150 5105 3736 5180; baseline 0.001 -24"><span class='ocrx_word' id='word_1_789' title='bbox 2150 5105 2494 5177; x_wconf 72' lang='grc' dir='ltr'>παραλείψεις</span> <span class='ocrx_word' id='word_1_790' title='bbox 2545 5109 2643 5178; x_wconf 86' lang='grc' dir='ltr'>τὴν</span> <span class='ocrx_word' id='word_1_791' title='bbox 2691 5109 2904 5180; x_wconf 80' lang='grc' dir='ltr'>σάρκα,</span> <span class='ocrx_word' id='word_1_792' title='bbox 2953 5109 3034 5170; x_wconf 85' lang='grc' dir='ltr'><strong>εἰς</strong></span> <span class='ocrx_word' id='word_1_793' title='bbox 3082 5107 3138 5158; x_wconf 80' lang='grc' dir='ltr'>ἓν</span> <span class='ocrx_word' id='word_1_794' title='bbox 3181 5107 3238 5158; x_wconf 83' lang='grc' dir='ltr'><strong>δὲ</strong></span> <span class='ocrx_word' id='word_1_795' title='bbox 3291 5105 3602 5170; x_wconf 86' lang='grc' dir='ltr'>συνενώσας</span> <span class='ocrx_word' id='word_1_796' title='bbox 3647 5107 3736 5158; x_wconf 76' lang='grc' dir='ltr'>καὶ</span> 
     </span>
    </p>
   </div>
   <div class='ocr_carea' id='block_1_106' title="bbox 2148 5195 3734 5270">
    <p class='ocr_par' dir='ltr' id='par_1_106' title="bbox 2148 5195 3734 5270">
     <span class='ocr_line' id='line_1_106' title="bbox 2148 5195 3734 5270; baseline 0.002 -23"><span class='ocrx_word' id='word_1_797' title='bbox 2148 5199 2226 5259; x_wconf 77' lang='grc' dir='ltr'>εἰς</span> <span class='ocrx_word' id='word_1_798' title='bbox 2258 5197 2387 5266; x_wconf 88' lang='grc' dir='ltr'>μίαν</span> <span class='ocrx_word' id='word_1_799' title='bbox 2428 5198 2490 5251; x_wconf 79' lang='grc' dir='ltr'>τὸ</span> <span class='ocrx_word' id='word_1_800' title='bbox 2517 5198 2638 5252; x_wconf 85' lang='grc' dir='ltr'>ὅλον</span> <span class='ocrx_word' id='word_1_801' title='bbox 2669 5199 2921 5270; x_wconf 81' lang='grc' dir='ltr'>θεότητα,</span> <span class='ocrx_word' id='word_1_802' title='bbox 2953 5198 3318 5269; x_wconf 79' lang='grc' dir='ltr'>καθεζόμενος</span> <span class='ocrx_word' id='word_1_803' title='bbox 3359 5200 3416 5250; x_wconf 88' lang='grc' dir='ltr'><strong>ἐν</strong></span> <span class='ocrx_word' id='word_1_804' title='bbox 3450 5197 3600 5268; x_wconf 77' lang='grc' dir='ltr'>δεξιᾷ</span> <span class='ocrx_word' id='word_1_805' title='bbox 3646 5195 3734 5250; x_wconf 78' lang='grc' dir='ltr'>τοῦ</span> 
     </span>
    </p>
   </div>
   <div class='ocr_carea' id='block_1_107' title="bbox 2150 5289 2382 5360">
    <p class='ocr_par' dir='ltr' id='par_1_107' title="bbox 2150 5289 2382 5360">
     <span class='ocr_line' id='line_1_107' title="bbox 2150 5289 2382 5360; baseline 0.017 -20"><span class='ocrx_word' id='word_1_806' title='bbox 2150 5289 2382 5360; x_wconf 83' lang='grc' dir='ltr'>Πατρός.</span> 
     </span>
    </p>
   </div>
   <div class='ocr_carea' id='block_1_108' title="bbox 459 5360 3738 5453">
    <p class='ocr_par' dir='ltr' id='par_1_108' title="bbox 459 5360 3738 5453">
     <span class='ocr_line' id='line_1_108' title="bbox 459 5360 3738 5453; baseline 0.007 -39"><span class='ocrx_word' id='word_1_807' title='bbox 459 5360 534 5416; x_wconf 86' lang='lat' dir='ltr'><strong>Ac</strong></span> <span class='ocrx_word' id='word_1_808' title='bbox 591 5363 733 5433; x_wconf 91' lang='lat' dir='ltr'><strong>quod</strong></span> <span class='ocrx_word' id='word_1_809' title='bbox 794 5381 1018 5435; x_wconf 88' lang='lat' dir='ltr'><strong>passum</strong></span> <span class='ocrx_word' id='word_1_810' title='bbox 1071 5378 1177 5436; x_wconf 88' lang='lat' dir='ltr'><strong>est,</strong></span> <span class='ocrx_word' id='word_1_811' title='bbox 1238 5376 1613 5445; x_wconf 89' lang='lat' dir='ltr'><strong>corruptionis</strong></span> <span class='ocrx_word' id='word_1_812' title='bbox 1665 5389 1748 5432; x_wconf 89' lang='lat' dir='ltr'><strong>cst</strong></span> <span class='ocrx_word' id='word_1_813' title='bbox 1802 5394 2041 5448; x_wconf 77' lang='lat' dir='ltr'><strong>expers;</strong></span> <span class='ocrx_word' id='word_1_814' title='bbox 2081 5383 2224 5450; x_wconf 87' lang='lat' dir='ltr'><strong>quod</strong></span> <span class='ocrx_word' id='word_1_815' title='bbox 2262 5384 2506 5452; x_wconf 88' lang='lat' dir='ltr'><strong>passioni</strong></span> <span class='ocrx_word' id='word_1_816' title='bbox 2535 5401 2644 5440; x_wconf 92' lang='lat' dir='ltr'><strong>non</strong></span> <span class='ocrx_word' id='word_1_817' title='bbox 2671 5386 2968 5441; x_wconf 78' lang='lat' dir='ltr'><strong>obnoxium</strong></span> <span class='ocrx_word' id='word_1_818' title='bbox 3005 5393 3110 5448; x_wconf 81' lang='lat' dir='ltr'><strong>est,</strong></span> <span class='ocrx_word' id='word_1_819' title='bbox 3181 5385 3588 5453; x_wconf 75' lang='lat' dir='ltr'><strong>incorruptum,</strong></span> <span class='ocrx_word' id='word_1_820' title='bbox 3658 5380 3738 5435; x_wconf 90' lang='lat' dir='ltr'><strong>vel</strong></span> 
     </span>
    </p>
   </div>
   <div class='ocr_carea' id='block_1_109' title="bbox 550 5512 1332 5581">
    <p class='ocr_par' dir='ltr' id='par_1_109' title="bbox 550 5512 1332 5581">
     <span class='ocr_line' id='line_1_109' title="bbox 550 5512 1332 5581; baseline 0.015 -16"><span class='ocrx_word' id='word_1_821' title='bbox 550 5512 596 5565; x_wconf 81' lang='grc'><strong>¹1</strong></span> <span class='ocrx_word' id='word_1_822' title='bbox 627 5516 768 5572; x_wconf 83' lang='lat' dir='ltr'><strong>Petr.</strong></span> <span class='ocrx_word' id='word_1_823' title='bbox 820 5535 881 5581; x_wconf 87' lang='lat' dir='ltr'><strong>tl,</strong></span> <span class='ocrx_word' id='word_1_824' title='bbox 916 5521 1007 5574; x_wconf 71' lang='grc'>22.</span> <span class='ocrx_word' id='word_1_825' title='bbox 1086 5525 1106 5553; x_wconf 74' lang='grc'>³</span> <span class='ocrx_word' id='word_1_826' title='bbox 1144 5523 1259 5576; x_wconf 86' lang='lat' dir='ltr'><strong>Col.</strong></span> <span class='ocrx_word' id='word_1_827' title='bbox 1296 5541 1332 5577; x_wconf 90' lang='grc' dir='ltr'><strong>ιι</strong></span> 
     </span>
    </p>
   </div>
   <div class='ocr_carea' id='block_1_110' title="bbox 466 5579 1508 5667">
    <p class='ocr_par' dir='ltr' id='par_1_110' title="bbox 466 5579 1508 5667">
     <span class='ocr_line' id='line_1_110' title="bbox 466 5579 1508 5667; baseline 0.021 -35"><span class='ocrx_word' id='word_1_828' title='bbox 466 5579 487 5612; x_wconf 83' lang='grc'><strong>⁷</strong></span> <span class='ocrx_word' id='word_1_829' title='bbox 519 5599 608 5647; x_wconf 70' lang='grc' dir='ltr'><strong>γρ.</strong></span> <span class='ocrx_word' id='word_1_830' title='bbox 643 5579 999 5660; x_wconf 77' lang='grc' dir='ltr'>ἀπεχόμενος.</span> <span class='ocrx_word' id='word_1_831' title='bbox 1034 5591 1093 5647; x_wconf 87' lang='lat' dir='ltr'><strong>F.</strong></span> <span class='ocrx_word' id='word_1_832' title='bbox 1125 5579 1508 5667; x_wconf 78' lang='grc' dir='ltr'>κατεχόμενος.</span> 
     </span>
    </p>
   </div>
   <div class='ocr_carea' id='block_1_111' title="bbox 473 5725 904 5806">
    <p class='ocr_par' dir='ltr' id='par_1_111' title="bbox 473 5725 904 5806">
     <span class='ocr_line' id='line_1_111' title="bbox 473 5725 904 5806; baseline 0 -14"><span class='ocrx_word' id='word_1_833' title='bbox 473 5791 490 5806; x_wconf 71' lang='grc'><em>,</em></span> <span class='ocrx_word' id='word_1_834' title='bbox 543 5725 651 5795; x_wconf 62' lang='grc'><strong>(⁵9)</strong></span> <span class='ocrx_word' id='word_1_835' title='bbox 675 5735 904 5806; x_wconf 51' lang='grc' dir='ltr'>,Μηδεὶς</span> 
     </span>
    </p>
   </div>
   <div class='ocr_carea' id='block_1_112' title="bbox 472 5807 1741 5877">
    <p class='ocr_par' dir='ltr' id='par_1_112' title="bbox 472 5807 1741 5877">
     <span class='ocr_line' id='line_1_112' title="bbox 472 5807 1741 5877; baseline 0.024 -33"><span class='ocrx_word' id='word_1_836' title='bbox 472 5807 748 5854; x_wconf 76' lang='grc' dir='ltr'>ιιιιιιιοιιιο</span> <span class='ocrx_word' id='word_1_837' title='bbox 776 5811 1075 5868; x_wconf 80' lang='lat' dir='ltr'><strong>mutavisse</strong></span> <span class='ocrx_word' id='word_1_838' title='bbox 1107 5807 1741 5877; x_wconf 55' lang='lat' dir='ltr'><strong>&#39;l‘homasium&#39;constat.</strong></span> 
     </span>
    </p>
   </div>
   <div class='ocr_carea' id='block_1_113' title="bbox 1342 5526 2034 5613">
    <p class='ocr_par' dir='ltr' id='par_1_113' title="bbox 1342 5526 2034 5598">
     <span class='ocr_line' id='line_1_113' title="bbox 1342 5526 2034 5598; baseline 0.009 -18"><span class='ocrx_word' id='word_1_839' title='bbox 1342 5567 1356 5588; x_wconf 92' lang='lat'><strong>,</strong></span> <span class='ocrx_word' id='word_1_840' title='bbox 1393 5526 1446 5582; x_wconf 89' lang='lat'><strong>9.</strong></span> <span class='ocrx_word' id='word_1_841' title='bbox 1524 5529 1544 5560; x_wconf 85' lang='grc'>³</span> <span class='ocrx_word' id='word_1_842' title='bbox 1569 5527 1839 5598; x_wconf 77' lang='lat' dir='ltr'><strong>Galat.tv,</strong></span> <span class='ocrx_word' id='word_1_843' title='bbox 1877 5533 1932 5587; x_wconf 73' lang='grc'>4.</span> <span class='ocrx_word' id='word_1_844' title='bbox 1996 5533 2034 5586; x_wconf 46' lang='grc' dir='ltr'><strong>⁸⁵η</strong></span> 
     </span>
    </p>
   </div>
   <div class='ocr_carea' id='block_1_114' title="bbox 2137 5526 3736 5613">
    <p class='ocr_par' dir='ltr' id='par_1_114' title="bbox 2140 5535 3736 5613">
     <span class='ocr_line' id='line_1_114' title="bbox 2140 5535 3736 5613; baseline 0.001 -24"><span class='ocrx_word' id='word_1_845' title='bbox 2140 5535 2268 5608; x_wconf 89' lang='lat' dir='ltr'><strong>lipp.</strong></span> <span class='ocrx_word' id='word_1_846' title='bbox 2303 5555 2363 5604; x_wconf 91' lang='grc' dir='ltr'><strong>ιι,</strong></span> <span class='ocrx_word' id='word_1_847' title='bbox 2391 5539 2441 5594; x_wconf 88' lang='grc'>7.</span> <span class='ocrx_word' id='word_1_848' title='bbox 2518 5542 2538 5571; x_wconf 78' lang='grc'>⁸</span> <span class='ocrx_word' id='word_1_849' title='bbox 2569 5540 2714 5597; x_wconf 88' lang='lat' dir='ltr'><strong>Psal.</strong></span> <span class='ocrx_word' id='word_1_850' title='bbox 2743 5557 2926 5601; x_wconf 73' lang='lat' dir='ltr'><strong>Lxxvr,</strong></span> <span class='ocrx_word' id='word_1_851' title='bbox 2952 5543 3005 5596; x_wconf 81' lang='lat'><strong>5.</strong></span> <span class='ocrx_word' id='word_1_852' title='bbox 3085 5543 3104 5572; x_wconf 83' lang='grc'>⁶</span> <span class='ocrx_word' id='word_1_853' title='bbox 3134 5540 3264 5613; x_wconf 76' lang='lat' dir='ltr'><strong>Leg.</strong></span> <span class='ocrx_word' id='word_1_854' title='bbox 3291 5539 3419 5594; x_wconf 80' lang='grc' dir='ltr'>νοῦν</span> <span class='ocrx_word' id='word_1_855' title='bbox 3446 5539 3736 5610; x_wconf 79' lang='grc' dir='ltr'>ἐσχηκότα.</span> 
     </span>
    </p>
   </div>
   <div class='ocr_carea' id='block_1_115' title="bbox 936 5741 2034 5832">
    <p class='ocr_par' dir='ltr' id='par_1_115' title="bbox 936 5741 2034 5832">
     <span class='ocr_line' id='line_1_115' title="bbox 936 5741 2034 5832; baseline 0.023 -40"><span class='ocrx_word' id='word_1_856' title='bbox 936 5741 1216 5832; x_wconf 39' lang='lat' dir='ltr'><strong>defuturi?)</strong></span> <span class='ocrx_word' id='word_1_857' title='bbox 1248 5747 1447 5829; x_wconf 73' lang='grc' dir='ltr'>κενρῖς</span> <span class='ocrx_word' id='word_1_858' title='bbox 1470 5751 1710 5819; x_wconf 79' lang='grc' dir='ltr'>μύθοις.</span> <span class='ocrx_word' id='word_1_859' title='bbox 1747 5756 1790 5808; x_wconf 77' lang='grc' dir='ltr'>Α</span> <span class='ocrx_word' id='word_1_860' title='bbox 1825 5756 2034 5817; x_wconf 81' lang='lat' dir='ltr'><strong>Petavic</strong></span> 
     </span>
    </p>
   </div>
   <div class='ocr_carea' id='block_1_116' title="bbox 2137 5741 3733 5832">
    <p class='ocr_par' dir='ltr' id='par_1_116' title="bbox 2137 5762 3733 5832">
     <span class='ocr_line' id='line_1_116' title="bbox 2137 5762 3733 5832; baseline -0.007 -11"><span class='ocrx_word' id='word_1_861' title='bbox 2137 5764 2339 5832; x_wconf 82' lang='lat' dir='ltr'><strong>:rtitur,</strong></span> <span class='ocrx_word' id='word_1_862' title='bbox 2410 5763 2581 5821; x_wconf 85' lang='lat' dir='ltr'><strong>Nemo</strong></span> <span class='ocrx_word' id='word_1_863' title='bbox 2650 5765 2896 5822; x_wconf 79' lang='lat' dir='ltr'><strong>inanibus</strong></span> <span class='ocrx_word' id='word_1_864' title='bbox 2945 5763 3111 5820; x_wconf 78' lang='lat' dir='ltr'><strong>verbis</strong></span> <span class='ocrx_word' id='word_1_865' title='bbox 3156 5762 3371 5819; x_wconf 80' lang='lat' dir='ltr'><strong>illudut.</strong></span> <span class='ocrx_word' id='word_1_866' title='bbox 3432 5764 3590 5831; x_wconf 78' lang='lat' dir='ltr'><strong>Quod</strong></span> <span class='ocrx_word' id='word_1_867' title='bbox 3633 5774 3733 5814; x_wconf 87' lang='lat' dir='ltr'><strong>non</strong></span> 
     </span>
    </p>
   </div>
  </div>
