3950 6424
229 373 306 431 n9
1547 348 1990 408 ANCORATUS.

3289 343 3395 404 {70

227 488 365 561 potius
405 488 560 539 totum
602 480 778 552 ipsum
816 473 1156 545 incorruptio
1194 478 1298 528 est.
1357 469 1501 527 Deus
1568 470 1659 526 ille
1724 469 1990 525 Dominus
2037 466 2105 522 ad
2156 467 2438 523 dexteram
2487 464 2667 522 Patris
2719 463 3017 521 considens
3072 477 3243 520 carne
3289 464 3397 520 mi-

225 558 335 638 nime
372 578 627 643 derelicta,
683 575 772 631 sed
814 580 926 628 toto
967 571 1022 626 in
1052 584 1230 634 unum
1280 568 1536 638 idemque
1567 574 1624 622 ct
1656 566 1713 621 in
1747 580 1913 621 unam
1971 563 2312 620 divinitatem
2374 563 2718 630 coadunato,
2766 562 2831 619 ad
2887 561 3169 617 dexteram
3213 558 3397 618 Patris

228 673 356 729 sedet.

272 766 374 819 ΠΧ.
411 756 563 825 Οὗτος
600 755 691 815 οὗν
731 762 759 815 6
797 760 1125 830 Μονογενὴς,
1168 759 1196 812 ὁ
1241 757 1464 821 τέλειος,
1497 758 1524 810 6
1570 755 1723 810 ἄκτι-

1903 746 2146 802 LXXXI.
2190 746 2403 803 Unicus
2433 747 2602 818 igitur
2620 745 2713 801 ille
2742 743 2838 801 Dei
2873 742 3071 808 Filius,
3095 742 3397 814 perfectus,

222 830 330 917 στος,
358 853 383 904 6
408 851 673 922 ἄτρεπτος,
717 849 745 901 6
779 847 1154 911 ἀναλλοίωτος,
1194 848 1222 900 6
1270 846 1645 916 ἀπερινόητος,
1688 845 1717 896 6

220 943 415 1014 ἀόρατος,
437 939 839 1009 ἐνανορωπήσας
867 939 925 990 ὲν
967 938 1118 1008 ἡμῖν,
1149 939 1242 991 καὶ
1271 935 1509 998 ἀναστὰς
1547 951 1713 987 πνευ-

220 1031 430 1101 ματικῶς,
453 1029 540 1083 καὶ
566 1028 753 1100 μηκέτι
769 1026 1147 1098 ἀποθνήσκων,
1167 1026 1362 1098 μηκέτι
1394 1024 1709 1096 πτωχεύων,
1763 1080 1765 1082 ,

219 1124 326 1183 ιτδί
350 1121 489 1191 ἡμᾶς
532 1122 877 1190 πτωχεύσας
934 1120 1230 1186 πλούσιος
1277 1117 1381 1187 ὢν,
1428 1119 1457 1171 6
1500 1118 1717 1189 πνεῦμα

214 1217 270 1268 ὢν
294 1216 412 1278 ὅλος,
435 1216 461 1267 6
483 1213 541 1268 τὸ
579 1212 834 1285 σαρκικὸν
876 1212 973 1266 καὶ
1012 1211 1073 1265 τὸ
1107 1211 1285 1266 θεῖκδν
1329 1211 1485 1275 ὲνῶν,
1514 1209 1719 1281 Κύριος

218 1300 292 1368 εἷς,
316 1302 556 1373 βασιλεὺς,
603 1301 852 1374 Χριστὸς,
880 1304 909 1355 6
936 1302 1063 1365 Υἱὸς
1106 1300 1199 1354 τοῦ
1229 1300 1385 1366 Θεοῦ,
1421 1302 1479 1353 ὲν
1503 1299 1563 1353 οὐ
1573 1299 1718 1371 ρανῷ

216 1392 447 1456 καθεσθεὶς
466 1395 527 1446 ἐν
546 1391 689 1463 δεξιᾷ
714 1390 809 1445 τοῦ
841 1391 1052 1461 Πατρὸς
1074 1390 1277 1445 ἐπάνω
1297 1390 1500 1459 πάσης
1526 1389 1721 1460 ἀρχῆς

215 1482 287 1536 καί
323 1482 603 1548 ἐξουσίας,
656 1480 964 1550 δυνάμεως
1007 1481 1105 1535 καὶ
1153 1480 1378 1547 παντὸς
1430 1481 1721 1550 ὀνόματος

212 1569 603 1639 ὀνομαζομένου,
643 1568 807 1639 φησὶν
842 1571 899 1621 ἐν
934 1567 1279 1637 Εὑαγγελίῳ’
1329 1567 1721 1629 Ἀπελθόντες

209 1661 490 1723 ,ϐαπτίσατε
516 1659 708 1715 πάντα
739 1658 823 1712 -τὰ
853 1658 999 1727 ἔθνη
1027 1661 1110 1724 είς
1142 1658 1330 1728 ὄνομα
1361 1659 1592 1725 Πατρός
1621 1658 1719 1712 καί

211 1753 316 1807 Υἱοῦ
349 1753 435 1806 καί
465 1753 631 1823 ἀπίου
681 1752 1044 1820 Πνεὺματος.
1084 1750 1252 1804 Τοῦτο
1295 1749 1372 1815 δὲ,
1422 1750 1542 1812 καὶ,
1593 1751 1723 1803 ἁνα-

211 1843 339 1911 μέσον
359 1844 430 1908 ὃν,
455 1845 513 1896 οὐ
547 1843 835 1913 συναλοιφῇ
866 1842 1103 1912 ἐσήμαινε
1130 1841 1222 1895 τὸν
1251 1841 1379 1894 Υἱὺν
1411 1840 1489 1911 τῷ
1523 1841 1717 1911 Πατρὶ,

205 1933 312 1987 ἀλλὰ
341 1935 538 2005 Πατέρα
558 1930 666 1987 οἶδε
701 1932 921 2003 Πατέρα
942 1932 1215 2003 ἀληθινὸν,
1245 1932 1339 1986 καὶ
1369 1931 1560 1985 ἑαυτὸν
1590 1930 1723 2002 ἁλη-

206 2024 318 2077 om»
359 2025 622 2093 ἀπέδειξεν
671 2023 1276 2091 ὲνυπόστατονίΔόγον,
1319 2023 1411 2076 καὶ
1466 2022 1525 2076 τὶ
1569 2022 1722 2090 ἆγιον

1825 838 2141 900 incrcatus,
2213 842 2516 900 constans,
2579 833 2978 897 immutabilis,
3054 834 3150 905 qui
3193 849 3402 906 .neque

1823 928 2008 983 animo
2060 926 2302 998 concipi,
2362 942 2542 998 neque
2593 925 2768 982 videri
2824 931 3027 996 potest,
3093 924 3239 980 inter
3297 940 3401 980 nos

1824 1018 1990 1073 homo
2019 1018 2219 1085 lactus,
2257 1033 2321 1074 ac
2353 1018 2675 1089 spiritaliter
2717 1031 3030 1088 resurgens,
3063 1030 3242 1086 neque
3281 1029 3401 1070 mo-

1826 1112 1975 1168 riens
2004 1110 2262 1183 amplius,
2320 1126 2497 1182 neque
2542 1110 2900 1167 mendicans:
2954 1107 3156 1164 Nostra
3202 1107 3404 1179 quippe

1826 1220 1991 1259 causa
2043 1203 2186 1258 dives
2233 1220 2351 1258 cum
2396 1213 2553 1270 esset,
2594 1204 2893 1259 mendicare
2926 1203 3088 1257 t'otuit
3116 1203 3132 1233 ⁸
3157 1223 3168 1257 :
3196 1201 3286 1257 ille
3307 1202 3402 1272 qui

1828 1301 1979 1346 totus
2026 1294 2257 1363 spiritus
2303 1301 2407 1358 est,
2451 1295 2545 1364 qui
2581 1308 2801 1349 carnem
2839 1308 2963 1349 cum
2993 1291 3280 1348 divinitate
3310 1308 3405 1349 co-

1829 1384 2052 1454 pulavit,
2102 1385 2212 1455 87
2252 1401 2395 1440 unus
2443 1384 2730 1448 Dominus,
2795 1399 2911 1447 rex,
2966 1383 3238 1450 Christus,
3307 1382 3404 1438 Dei

1829 1474 2032 1540 Filius,
2091 1476 2145 1530 in
2203 1477 2343 1530 cmlo
2400 1476 2694 1532 considens
2754 1474 2821 1529 ad
2883 1472 3062 1529 Patris
3119 1474 3403 1529 dexteram
3452 1482 3461 1486 ‘

1828 1582 1995 1635 supra
2035 1566 2387 1635 principatum
2431 1582 2657 1631 onmem,
2706 1574 3018 1635 potestatem
3048 1581 3110 1618 ac
3136 1565 3403 1629 virtutem,

1827 1666 1874 1711 et
1904 1674 2089 1712 nomen
2118 1674 2269 1712 omne
2291 1656 2428 1727 quod
2455 1656 2721 1710 nominari
2756 1666 2923 1724 potest
2949 1657 2970 1688 ¹
2993 1696 3008 1720 ,
3044 1655 3118 1709 ita
3151 1654 3206 1708 in
3234 1651 3408 1707 Evam

1829 1749 1969 1819 gelio
2001 1748 2300 1818 praecepit:
2331 1745 2531 1801 Euntes
2585 1746 2850 1816 baptizata
2892 1762 3070 1802 omnes
3121 1753 3296 1816 gentes
3349 1744 3406 1798 in

1829 1838 2039 1892 nomine
2087 1836 2305 1903 Patris,
2354 1847 2402 1890 et
2450 1835 2608 1902 Filii,
2657 1845 2708 1891 et
2749 1835 2982 1904 Spiritus
3010 1834 3248 1897 samtii.
3282 1833 3408 1890 H333

1828 1943 1960 1982 vero
2000 1927 2294 1998 copulandi
2344 1927 2632 1998 intcrjecta
2683 1928 2978 1999 particula,
3019 1937 3092 1995 et,
3126 1942 3234 1983 non
3275 1942 3410 1983 con—

1830 2016 2017 2074 lusum
2066 2034 2190 2074 cum
2239 2018 2401 2074 Patre
2436 2017 2634 2073 Filium
2667 2034 2791 2075 esse
2821 2020 3124 2091 signiﬁcat;
3165 2018 3259 2076 sed
3306 2018 3404 2073 Pa-

206 2114 334 2168 αὐτοῦ
380 2116 589 2187 Πνεῦμα
633 2117 997 2171 ὲνὺπόστατον
1046 2114 1304 2185 Πνεῦμα,
1355 2115 1449 2169 καὶ
1499 2114 1724 2185 Πνεῦμα

1833 2121 1965 2168 trem
1992 2126 2180 2167 verum
2211 2126 2334 2166 csse
2379 2110 2621 2178 Patrem,
2670 2126 2736 2167 ac
2777 2111 3019 2182 seipsum
3058 2126 3250 2167 verum
3284 2127 3412 2168 esse

203 2204 431 2276 ἀληθείας,
457 2207 726 2273 ἄκτιστον,
750 2209 1036 2279 ἄτρεπτον,
1084 2207 1439 2261 ἀναλλοίωτον
1460 2225 1473 2238 υ
1502 2208 1600 2278 οὐχ
1649 2207 1724 2272 ὡς

205 2295 268 2348 in
287 2313 357 2360 τις
386 2298 651 2371 ὑπονοήσῃ
688 2298 876 2363 δολίως
907 2299 1204 2371 φερόμενος
1231 2298 1368 2371 πρὸς
1393 2298 1491 2370 τὴν
1519 2298 1722 2363 πίστιν,

203 2389 401 2452 καὶτοὺς
430 2390 590 2454 πόδας
622 2390 787 2444 αὐτοῦ
814 2390 1205 2461 ἀποκρύπτων,
1236 2390 1332 2444 καὶ
1357 2389 1726 2461 δολιευόμενος

202 2479 308 2550 πρὸς
344 2481 432 2552 τὴν
478 2482 768 2553 ἀλήθειαν·
815 2480 1034 2542 Ἐτάζει
1074 2481 1182 2553 γὰρ
1211 2479 1463 2550 καρδίας
1499 2479 1600 2533 καὶ
1626 2495 1725 2533 νε-

200 2569 344 2635 φροὺς
392 2574 423 2625 ό
470 2572 629 2637 Θεός.
688 2571 793 2624 Καὶ
837 2570 985 2640 λέγει
1032 2571 1061 2624 6
1110 2569 1419 2641 αἱρετικόςο
1473 2567 1725 2638 Δηλονότι

204 2648 501 2716 πιστεύωὸτι
540 2665 568 2716 6
602 2662 797 2733 Πατὴρ
839 2661 1049 2734 Πατὴρ,
1092 2661 1187 2714 καὶ
1217 2662 1245 2713 6
1278 2659 1405 2724 Υίδς
1441 2659 1591 2723 Υἱὸς,
1631 2658 1727 2713 καὶ⁴

202 2751 247 2804 τὸ
270 2753 399 2821 ἅγιον
435 2754 657 2826 Πνεῦμα
702 2754 856 2824 ἆγιον
887 2752 1113 2824 Πνεῦμα
1133 2769 1148 2783 ο
1180 2753 1276 2807 καὶ
1302 2751 1548 2822 ὁμολογῶ
1577 2753 1728 2823 τρεῖς

203 2843 477 2911 ὑποστάσεις
522 2848 582 2900 ὲν
627 2848 730 2918 μιᾷ
766 2846 956 2919 οὐσίαι
1003 2846 1102 2916 οὐχ
1142 2845 1332 2917 ἑτέραν
1363 2845 1421 2899 δὲ
1464 2845 1608 2915 λέγω
1633 2846 1726 2900 οῦ-

203 2934 295 2986 σίαν
334 2937 472 3008 παρά
496 2938 596 3008 τὴν
630 2936 886 3008 θεότητα,
928 2936 1028 3006 οὐχ
1072 2935 1265 3008 ὲτέραν
1308 2935 1538 3007 θεότητα
1576 2935 1728 3006 παρὰ

201 3024 278 3095 τὴν
311 3028 512 3082 οὐσίαν·
556 3028 696 3083 ἀλλά
747 3029 836 3082 διὰ
877 3028 939 3082 τὸ
987 3027 1160 3092 οὕτως
1218 3016 1481 3101 ἀκριϐοῦν
1537 3027 1728 3081 οὐσίαν

202 3117 444 3190 καλοῦμεν,
474 3122 562 3176 ἵνα
602 3120 684 3193 μὴ
714 3118 843 3175 ἄλλο
881 3121 975 3174 καὶ
1016 3119 1145 3176 ἄλλο
1184 3115 1322 3184 εἶδος
1354 3119 1598 3191 εἴπωμεν
1629 3120 1729 3187 τῆς

202 3204 408 3281 θεότητος
449 3212 546 3282 τῆς
574 3211 826 3283 Τριάδος.
857 3209 1318 3281 Κρυπταζόμενος
1357 3210 1465 3282 γάρ
1494 3212 1521 3264 ὁ
1555 3208 1731 3263 τοιοῦ-

200 3286 277 3354 τος’
313 3294 379 3359 ὡς
403 3292 569 3365 εἷπον,
601 3298 958 3371 ρᾳδιούργως,
1001 3299 1095 3353 και
1133 3299 1295 3353 πάλιν
1325 3299 1516 3363 δολίως
1545 3298 1725 3367 λέγει’

206 3380 403 3439 Πιστεύω
421 3389 499 3443 ὅτι
526 3390 723 3463 Πατὴρ
746 3390 955 3465 Πατὴρ,
984 3391 1111 3455 Υἱὸς
1137 3390 1285 3455 Υἱὸς,
1316 3391 1545 3462 Πνεῦμα
1575 3391 1730 3459 ἅγιον

1827 2205 2226 2262 demonslravit
2253 2203 2569 2261 subsistens
2601 2203 2861 2268 Verbum,
2896 2220 2962 2261 ac
2990 2204 3253 2275 Spiritum
3277 2218 3407 2260 san-

1828 2306 1976 2354 ctum
2032 2296 2429 2353 subsistentem
2451 2295 2738 2365 Spiritum,
2769 2302 2823 2351 et
2852 2295 3093 2352 veritatis
3116 2295 3403 2367 Spiritum,

1830 2389 2163 2453 increatum,
2219 2386 2617 2442 immutabilem
2665 2401 2731 2442 ac
2777 2394 3122 2443 constantem
3158 2406 3173 2442 :
3203 2401 3314 2443 non
3339 2389 3409 2442 at!

1829 2493 1956 2534 eum
1996 2477 2243 2541 modum,
2273 2492 2384 2547 quo
2412 2475 2748 2548 persuadere
2778 2475 2882 2532 sibi
2903 2475 3177 2547 quispiam
3203 2482 3405 2546 potest.

1830 2571 1924 2641 qui
1976 2569 2164 2627 fucum
2213 2568 2339 2625 ﬁdei
2382 2568 2564 2624 facere
2613 2569 2771 2635 velit,
2810 2582 2875 2623 ac
2900 2567 3131 2639 pedibus
3161 2566 3279 2625 suis
3304 2565 3413 2622 dis-

1830 2663 2157 2720 simulanter
2185 2662 2418 2735 ingredi,
2445 2669 2501 2717 et
2535 2661 2818 2717 veritatem
2853 2659 3050 2716 callide
3097 2674 3163 2715 ac
3186 2657 3412 2714 fraudu—

1831 2756 2007 2811 lenter
2039 2755 2337 2827 obtegere:
2362 2752 2505 2808 Deus
2549 2753 2752 2824 quippe
2797 2768 2945 2808 renes
2970 2759 3021 2807 et
3051 2751 3216 2807 corda
3261 2767 3413 2807 scru—

1839 2854 1988 2900 tatur
2005 2847 2047 2901 '*.
2075 2845 2177 2901 llic
2209 2846 2343 2901 mihi
2378 2845 2667 2902 haereticus
2699 2845 2890 2916 objicit
2916 2864 2929 2901 :
2957 2843 3221 2916 Equidem
3246 2844 3413 2901 credo

1839 2933 2059 2991 Patrem
2115 2951 2242 2991 esse
2289 2933 2530 3001 Patrem,
2578 2943 2632 2989 et
2677 2933 2877 2991 Filium
2924 2950 3048 2992 esse
3099 2933 3319 3000 Filium,
3358 2942 3413 2989 et

1833 3023 2096 3095 Spiritum
2140 3033 2392 3081 sanctum
2434 3040 2556 3082 esse
2592 3024 2857 3095 Spiritum
2894 3032 3170 3090 sanctum,
3207 3039 3272 3079 ac
3298 3030 3413 3079 tres

1833 3117 2160 3188 hypostases
2218 3119 2273 3173 in
2324 3133 2438 3173 una
2490 3116 2800 3173 substantia
2854 3116 3134 3187 prolltcor.
3193 3120 3264 3170 At
3310 3131 3412 3185 ego

1832 3206 1995 3260 aliam
2046 3222 2169 3263 esse
2210 3216 2406 3277 pratter
2431 3207 2767 3263 divinitatem
2823 3220 2965 3277 nego
3019 3204 3409 3266 substantiam,

1833 3304 1927 3352 aut
1970 3305 2168 3367 praeter
2211 3298 2576 3355 substantiam
2613 3297 2953 3353 divinitatem
3000 3297 3184 3362 aliam,
3219 3295 3315 3352 sed
3348 3305 3407 3350 ut

1836 3388 2151 3445 accuratius
2213 3390 2526 3461 loquamur,
2566 3403 2631 3445 ac
2660 3404 2729 3444 ne
2760 3388 2865 3443 alia
2893 3396 2947 3444 et
2975 3387 3082 3442 alia
3111 3386 3414 3442 divinitatis

208 3470 380 3546 Πνεῦμα
415 3479 566 3548 ἅγιον
586 3498 602 3514 '
658 3482 914 3540 ὑπόνοιαν
939 3482 999 3536 δὲ
1029 3482 1142 3554 ἔχει
1181 3481 1439 3554 τοιαύτην
1485 3499 1728 3553 κεκρυμ-

1835 3478 1891 3533 in
1933 3478 2204 3537 Trinitate
2257 3482 2433 3536 forma
2480 3481 2717 3549 dicatur,
2761 3481 3125 3538 substantiam
3174 3481 3415 3552 appella-

207 3563 463 3636 μένηνιὼς
511 3573 608 3642 ἀφ’
640 3574 800 3644 ἡμῶν
843 3574 906 3627 τὸ
927 3573 1081 3629 Θεῖον
1129 3574 1438 3639 ἀπεικάσας
1482 3573 1631 3643 λέγει
1673 3574 1731 3627 ὲν

199 3656 360 3731 ἑαυτῷ,
400 3666 479 3719 ὅτι
524 3668 614 3731 Ὠς
660 3666 771 3738 ἔχω
822 3666 982 3739 σῶμα
1025 3666 1119 3721 καὶ
1145 3666 1323 3738 ψυχὴν
1376 3667 1468 3720 καὶ⁵
1514 3666 1732 3738 πνεῦμα

196 3742 505 3819 ἀνθρώπειον,
533 3754 686 3809 οὕτω
727 3757 823 3809 καὶ
852 3757 885 3829 ἡ
914 3755 1136 3826 Θεότης.
1172 3757 1362 3828 Πατὴρ
1394 3756 1514 3827 μὲν,
1549 3757 1625 3821 ὡς
1654 3759 1733 3810 εἰ-

196 3840 309 3901 πεῖν,
337 3842 392 3896 τὸ
430 3840 601 3910 εἴδοςο
642 3847 775 3912 Υίὸς
815 3847 872 3901 δὲ
910 3846 986 3911 ὡς
1024 3847 1084 3900 ἐν
1119 3847 1201 3918 τῷ
1235 3847 1508 3920 ἀνθρώπῳ
1548 3848 1730 3921 ψυχή’

194 3928 384 4002 Πνεῦμα
424 3936 481 3989 δὲ
524 3937 722 4009 ὥσπερ
763 3939 827 3994 τὸ
872 3940 1106 4011 ὲμπνέον
1146 3940 1236 3997 διὰ
1275 3941 1369 3995 τοῦ
1416 3940 1728 4013 ἀνθρώπου.

192 4017 322 4086 Τινὲς
358 4024 463 4098 γάρ
516 4028 888 4093 δολιεύονται,
941 4030 1038 4085 καὶ
1087 4029 1263 4095 οὕτως
1310 4030 1591 4102 νομίζουσι
1633 4031 1732 4102 τὴν

189 4108 415 4186 θεότητα.
457 4119 651 4191 Ἡμεῖς
701 4120 758 4174 δὲ
786 4121 884 4193 οὐχ
929 4120 1100 4186 οὕτως
1131 4122 1429 4194 ἐμάθομεν,
1460 4122 1575 4175 ἀλλ’
1620 4121 1731 4175 ἰδοὺ

184 4202 210 4254 6
247 4204 416 4279 Πατὴρ
461 4210 519 4264 ἐν
567 4211 788 4283 οὐρανῷ
831 4212 919 4267 διὰ
967 4213 1152 4282 φωνῆς
1199 4215 1499 4287 μαρτυρεῖο
1550 4212 1659 4265 ἰδοὺ
1704 4213 1734 4264 ὁ

191 4289 295 4357 Υἱὸς
333 4299 387 4350 ὲν
423 4299 662 4373 Ἰορδάνῃ
683 4318 697 4332 ·
732 4303 842 4356 ἰδοὺ
875 4303 938 4356 τὸ
966 4302 1192 4374 Πνεῦμα
1232 4305 1295 4359 τὸ
1331 4305 1487 4373 ἅγιον
1519 4304 1579 4356 ὲν
1603 4303 1733 4356 εἴδει

188 4394 482 4462 περιστερᾶς
525 4393 933 4465 κατερχόμενον
976 4395 1393 4466 ὲσχηματίξετο,
1430 4396 1567 4450 ἀλλὰ
1610 4395 1732 4449 καθ’

185 4475 325 4532 ἑαυτὸ
363 4483 780 4555 ἐσχηματιζετο,
828 4486 950 4540 καθ’
989 4489 1151 4541 ἑαυτὸ
1182 4489 1477 4552 ὑπόστασις
1504 4486 1585 4551 ὃν,
1633 4489 1735 4540 οὐκ

187 4565 372 4636 ἀλλῦίας
403 4574 557 4645 παρά
603 4577 707 4648 τὴν
754 4575 848 4631 τοῦ
892 4578 1105 4649 Πατρὸς
1151 4579 1244 4634 καὶ
1272 4577 1423 4645 Υἱοῦ,
1470 4578 1608 4632 ἀλλά
1634 4578 1736 4648 τῆς

186 4657 328 4730 αὑτῆς
353 4665 557 4730 οὐσίας.
589 4667 759 4721 Πάλιν
782 4667 983 4740 ἑτέρως
1000 4685 1014 4698 ”
1056 4668 1183 4722 Ἰδοὺ
1206 4670 1395 4740 Πατὴρ
1421 4669 1653 4740 κάθηται
1677 4668 1735 4721 ὲν

1836 3588 1981 3628 mus.
2013 3572 2147 3627 Nam
2188 3574 2281 3644 qui
2319 3574 2434 3630 haec
2459 3575 2613 3641 dicit,
2668 3574 2865 3630 callide
2909 3558 3307 3644 tergiversatur
3345 3587 3413 3628 ac

1833 3665 2166 3733 dissimulat,
2205 3676 2259 3724 et
2291 3668 2417 3725 dolo
2463 3669 2608 3736 malo
2658 3669 2739 3724 sic
2784 3668 3068 3739 loquitur:
3096 3666 3274 3724 Credo
3305 3666 3415 3722 Pa-

1836 3759 1975 3809 trem
2005 3769 2130 3810 esse
2155 3755 2394 3819 Patrem,
2429 3765 2484 3812 et
2515 3756 2713 3812 Filium
2746 3771 2870 3813 esse
2896 3754 3119 3821 Filium,
3152 3766 3207 3813 et
3240 3754 3416 3828 Spiri-

1836 3853 1952 3901 tum
1978 3853 2229 3901 sanctum
2260 3862 2384 3906 esse
2415 3846 2678 3919 Spiritum
2708 3856 2962 3904 sanctum
2994 3867 3009 3903 :
3041 3862 3167 3903 cum
3196 3846 3412 3903 interim

1835 3938 2110 3993 occultam
2153 3939 2447 4009 quamdam
2481 3940 2865 4012 cogitationem
2899 3939 2953 3994 in
2985 3939 3169 3995 animo
3209 3938 3411 4002 foveat,

1837 4035 2003 4099 atque
2049 4029 2117 4083 ad
2158 4031 2466 4101 exemplum
2500 4039 2710 4086 natura:
2747 4039 2953 4087 nostrae
2977 4031 3085 4087 tale
3113 4030 3218 4087 sibi
3249 4030 3413 4102 quid-

1835 4117 1960 4172 dam
1991 4119 2059 4173 de
2093 4118 2385 4176 Divinitate
2433 4120 2600 4192 tingat
2626 4139 2641 4176 :
2670 4118 2760 4174 Uti
2791 4136 2894 4191 ego
2940 4135 3187 4190 corpore,
3233 4120 3413 4175 anima

1836 4219 1890 4266 et
1923 4211 2167 4266 humano
2195 4227 2317 4267 sum
2354 4213 2547 4283 spiritu
2572 4211 2858 4283 praeditus,
2884 4212 2959 4267 ita
2985 4212 3248 4268 Divinitas
3271 4211 3412 4283 ipsa.

1835 4302 2018 4368 Quare
2042 4302 2205 4376 Pater
2244 4305 2392 4359 velut
2430 4302 2609 4358 forma
2650 4304 2898 4374 quaedam
2929 4310 3033 4368 est,
3054 4311 3129 4359 ut
3154 4305 3229 4359 ita
3263 4304 3415 4359 dixe-

1837 4395 1962 4462 rim,
1992 4410 2058 4449 ac
2084 4396 2336 4464 species;
2369 4396 2541 4453 Filius
2579 4396 2805 4468 perinde
2844 4404 2930 4454 est
2972 4405 3135 4469 atque
3177 4397 3413 4452 hominis

1838 4487 2017 4541 anima
2045 4504 2060 4554 ;
2113 4485 2355 4557 Spiritus
2397 4488 2571 4544 instar
2605 4489 2727 4559 ejus
2767 4497 2853 4544 est
2884 4489 2979 4560 qui
3011 4504 3108 4561 per
3138 4489 3411 4545 hominem

1838 4580 2032 4652 spirat.
2080 4579 2191 4636 Nec
2234 4582 2380 4637 enim
2428 4582 2774 4638 cavillatores
2805 4583 3026 4653 quidam
3067 4582 3285 4649 desunt,
3320 4583 3413 4655 qui
3518 4652 3521 4655 Α

1839 4671 1908 4725 de
1931 4670 2223 4728 Divinitate
2250 4672 2619 4743 sicjudicent.
2658 4672 2770 4730 Nos
2816 4683 2998 4731 autem
3041 4675 3203 4748 longe
3256 4675 3415 4732 aliter

184 4750 366 4859 ῗύρανῷ
391 4772 404 4787 ’
449 4757 513 4810 τὸ
549 4758 610 4812 δὲ
653 4759 902 4828 κάθηται
940 4760 1017 4832 μὴ
1047 4761 1209 4814 πάλιν
1255 4760 1605 4831 ὑπολάμϐανε
1637 4759 1728 4811 ἀν-

1838 4762 2156 4819 didicimus.
2182 4763 2323 4821 Ecce
2358 4765 2456 4820 tibi
2484 4765 2648 4821 Pater
2673 4781 2704 4821 e
2732 4766 2874 4822 coelo
2902 4767 3049 4821 clara
3078 4781 3213 4822 voce
3245 4773 3413 4822 testa-

184 4840 457 4911 θρωπίνως,
484 4848 604 4902 ἀλλ’
640 4849 1047 4921 ἀνεκδιηγήτως
1072 4852 1168 4905 καὶ
1194 4852 1590 4923 ἀκαταλήπτοις
1617 4853 1730 4923 ἔχε.

183 4927 270 4986 Καὶ
305 4938 400 4992 οὐκ
440 4935 626 5002 εἶπεν,
690 4941 941 5011 ’Δνῆλθεν
986 4945 1015 4995 6
1048 4942 1176 5006 Υἱὸς·
1219 4945 1302 5007 εἰς
1352 4944 1444 4997 τὸν
1490 4945 1732 5014 Πατέρα,

181 5024 298 5089 ἀλλ’,
340 5029 663 5085 Ἐκάθισεν
697 5031 769 5086 ἐν
796 5031 966 5098 δεξιᾷ
998 5033 1103 5087 τοῦ
1144 5035 1395 5101 Πατρός.
1431 5036 1542 5088 Καὶ
1573 5036 1736 5088 πάλιν

182 5114 288 5185 περὶ
321 5117 412 5172 τοῦ
458 5120 788 5191 Πνεύματος
818 5119 911 5175 τοῦ
949 5122 1108 5191 ἁγίου
1160 5121 1331 5191 λέγων
1362 5124 1392 5176 6
1429 5122 1738 5195 Μονογενὴς

179 5203 479 5263 ἐδίδασκεν·Δ
534 5211 919 5282 Ἀπέρχομαι,
958 5213 1235 5280 κάκεῖνος
1274 5215 1588 5270 ἐλεύσεται
1607 5254 1623 5280 ,
1671 5214 1737 5270 τὸ

176 5297 394 5369 Πνεῦμα
422 5302 492 5358 τὸ
528 5302 729 5374 ἅγιον,
761 5304 827 5359 τὸ
860 5305 1103 5375 Πνεῦμα
1127 5305 1240 5375 τῆς
1274 5306 1581 5375 ἀληθείας.
1629 5310 1739 5363 “Ar

178 5388 245 5469 (fit
284 5392 393 5461 ἐγὼ
437 5396 716 5462 ἀπέλθω,
772 5397 1052 5464 κάκεῖνος
1100 5401 1215 5453 οὐκ
1256 5401 1510 5469 ἔρχεται.
1566 5402 1630 5455 Εἰ
1677 5400 1737 5455 δὲ

177 5465 238 5542 ἦν
265 5483 322 5531 τὸ
356 5484 587 5557 Πνεῦμα
619 5487 912 5560 συναλοιφή
946 5481 1095 5559 αὐτῷ
1123 5488 1200 5559 τῷ
1399 5492 1498 5545 οὐκ
1525 5491 1593 5545 ἂν
1621 5491 1738 5544 ἕλε-

176 5578 294 5632 Ύενι
359 5570 745 5647 Ἀπέρχομαι,
799 5579 1078 5644 κάκεῖνος
1138 5578 1407 5649 ἕρχεται’
1467 5580 1584 5636 ἀλλ’
1650 5581 1737 5636 ἵνα

1841 4859 1961 4917 tur;
2002 4868 2071 4908 en
2114 4851 2290 4910 Filius
2318 4853 2387 4908 ad
2412 4853 2707 4910 Iordanem
2735 4873 2751 4923 ;
2780 4871 2849 4911 en
2887 4854 3126 4926 Spiritus
3151 4855 3416 4910 columbae

1840 4943 2026 5011 specie
2079 4958 2354 5014 apparens
2397 4946 2540 4999 hanc
2578 4961 2676 5015 per
2708 4960 2829 5002 sese
2883 4945 3120 5016 ﬁguram
3162 4944 3343 5000 induit
3368 4947 3413 5009 ⁸,

1839 5046 2075 5101 persona
2110 5048 2206 5103 per
2228 5048 2348 5088 sese
2384 5048 2483 5089 sua
2512 5040 2798 5099 constans,
2846 5049 2958 5089 non
2990 5049 3021 5088 a
3048 5032 3212 5090 Patre
3245 5031 3418 5089 Filio-

1840 5139 1949 5192 que
2003 5124 2253 5189 diversaa,
2301 5126 2397 5182 sed
2446 5125 2689 5197 ejusdem
2731 5141 2857 5182 cum
2904 5127 3014 5183 illis
3068 5128 3412 5185 substantiae.

1842 5211 2033 5268 Potest
2073 5223 2128 5268 et
2164 5213 2296 5269 illud
2329 5215 2437 5269 alio
2465 5216 2626 5271 modo
2656 5216 2932 5273 declarari
2959 5216 3164 5274 :-Pater
3196 5219 3251 5274 in
3276 5222 3418 5276 creto

1842 5306 2093 5363 considet
2120 5328 2135 5365 :
2167 5309 2454 5366 considere
2482 5324 2613 5366 vero
2635 5324 2759 5364 cum
2788 5310 3010 5376 dicitur,
3036 5327 3147 5367 non
3174 5312 3415 5368 humano

1848 5413 2022 5464 more,
2063 5399 2162 5455 sed
2193 5401 2571 5472 alia,quadam
2599 5404 2834 5471 ratione,
2862 5418 2986 5474 quae
3009 5418 3109 5459 nec
3131 5402 3414 5474 explicari.

1844 5506 2026 5560 neque
2067 5493 2455 5562 comprehendi
2496 5502 2699 5565 potest,
2737 5495 2997 5566 intellige.
3025 5493 3212 5565 Neque
3235 5493 3410 5549 dixit:

1842 5582 1958 5653 88
1982 5582 2242 5640 Ascendit
2269 5582 2336 5639 ad
2366 5582 2584 5642 Patrem
2619 5584 2810 5654 Filius,
2853 5585 2970 5652 sed,
3006 5583 3159 5642 Sedet
3195 5585 3265 5639 ad
3290 5585 3414 5639 dex-

239 5721 258 5756 ³
288 5724 330 5781 ll
357 5730 480 5788 Cor.
515 5746 640 5793 vm,
671 5733 725 5788 9.
798 5738 819 5768 ³
847 5736 1041 5808 Ephcs.
1073 5755 1111 5803 ι.
1141 5739 1230 5794 9.1.
1300 5742 1331 5825 K‘
1363 5740 1552 5796 Matth.
1584 5756 1718 5795 nan

1833 5745 1863 5799 ι.
1943 5743 1964 5775 ⁸
1995 5742 2140 5801 Psal.
2177 5762 2271 5812 vn,
2312 5747 2390 5802 l0.
2471 5749 2491 5781 ⁸
2527 5748 2717 5806 Matth.
2751 5763 2835 5813 ιιι,
2865 5748 2956 5813 26,
2988 5745 3077 5803 27.

478 5824 755 5889 Ρετιωί..
789 5832 931 5896 Gn,
968 5836 1010 5895 Χ
1029 5834 1186 5894 l.lll.

3147 5842 3187 5901 6
