3950 6420
231 432 320 488 I75

1616 425 1992 484 ANCORATU
2003 426 2062 483 S.

3375 433 3478 490 στι

225 565 401 621 ρεται,
441 547 538 604 καὶ
577 547 789 621 πρῶτον
831 547 1184 618 ἀποθνήσκει,
1229 548 1418 602 ἔπειτα
1452 547 1782 618 τελεσφορεῖ-

1898 547 2116 601 succisa
2154 552 2282 602 sunt
2335 555 2460 616 post
2507 547 2843 604 excisionem
2899 565 3094 607 rursus
3138 548 3475 607 excitantur.

221 659 332 697 ται·
369 644 462 696 ἐὰν
491 643 604 715 γὰρ
635 644 706 716 μὴ
740 643 1009 716 ἀποθάνῃ,
1047 643 1108 696 ού
1144 643 1511 711 ζωογονεῖται.
1549 642 1788 714 Σφραγῖ-

222 731 309 796 δας
335 733 393 784 ἐν
425 732 560 801 ἡμῖν
589 734 616 786 ὁ
637 731 768 795 Θεὸς
794 731 1014 802 ἐποίησε
1044 731 1131 785 διὰ
1157 731 1266 786 τῶν
1308 731 1515 802 ὀνύχων
1538 731 1674 784 δέκα
1694 731 1788 786 καὶ

222 821 360 885 δέκα,
392 823 761 889 ἀναστάσεως,
798 822 1063 896 περὶτῶν
1097 825 1130 894 ἠ
1142 823 1258 894 μῶν
1296 823 1526 876 ἐλπίδων
1569 817 1795 893 μαρτυολ

224 913 426 985 ρούσας.
473 915 636 969 Ἀ).λά
676 916 770 970 καὶ
797 916 873 980 ὡς
906 916 994 969 διὰ
1021 917 1285 986 στεφάνου
1322 917 1422 986 τῆς
1461 916 1647 988 τριχὸς
1689 913 1790 985 τὴν

223 1005 367 1075 ἡμῶν
414 1006 711 1061 ἀνάστασιν
759 1007 1022 1079 ἐκήρυξεο
1059 1008 1122 1062 τὸ
1167 1009 1277 1079 γὰρ
1320 1008 1512 1062 δοκοῦν
1550 1009 1609 1061 έν
1655 1009 1788 1078 ἡμῖν

223 1094 395 1166 νεκρὸν
417 1095 601 1167 σῶμα,
629 1098 902 1151 τουτέστιν
927 1100 984 1154 αἰ
1008 1099 1215 1170 τρίχες,
1257 1099 1380 1154 καθ’
1427 1099 1666 1171 ἑκάστην
1693 1115 1784 1151 τε-

225 1185 469 1255 μνόμεναι
516 1183 674 1253 αὖθις
719 1187 1030 1258 θάλλουσαι,
1059 1189 1162 1261 τῆς
1188 1190 1540 1254 ἀναστάσεως
1570 1189 1669 1260 τὴν
1693 1187 1782 1241 έλ-

222 1277 334 1330 πίδα
364 1279 401 1332 ¹.

1895 635 2132 693 Locusta
2180 637 2438 702 moritur,
2481 646 2771 709 postquam
2804 639 2974 696 fetum
3007 640 3299 712 quemdam
3334 643 3476 697 emi-

1895 729 1996 793 sit,
2033 738 2090 786 et
2113 731 2169 784 in
2200 736 2403 785 terram
2433 729 2685 800 deposuit
2710 749 2724 797 ;
2775 742 2832 786 et
2875 731 3156 802 aliquanto
3185 739 3310 803 post
3337 739 3477 787 tem-

1895 836 2027 892 pore
2085 828 2232 876 terra
2283 819 2542 874 mandata
2598 821 2704 876 sibi
2747 836 2812 875 ac
2849 821 3169 890 consepulta
3213 821 3472 876 restituit.

1895 910 2203 967 Herbarum
2262 912 2626 983 stirpiumque
2686 912 2897 968 semina
2949 919 3349 973 conseruntur,
3412 926 3475 966 ac

1893 1003 2131 1074 primum
2182 1011 2432 1059 emortua
2492 1004 2559 1060 ad
2617 1003 2857 1074 perfecta
2906 1003 3256 1075 postmodum
3299 1003 3474 1058 inere-

1892 1102 2077 1150 rnenta
2104 1095 2472 1165 perveniunt;
2510 1096 2617 1152 nisi
2654 1097 2802 1152 enim
2844 1103 3063 1151 mortua
3099 1093 3322 1158 fuerint,
3378 1107 3478 1148 ne-

1893 1199 2170 1255 quaquam
2221 1185 2519 1242 viviscuut.
2573 1185 2716 1252 Quid
2753 1185 2902 1256 quod
2945 1185 3078 1241 etin
3120 1184 3312 1240 decem
3360 1195 3480 1236 ma-

1893 1291 2065 1332 nuum
2119 1291 2181 1331 ac
2236 1277 2432 1347 pedum
2477 1279 2753 1348 unguibus
2811 1276 3271 1332 resurrectionem
3317 1272 3478 1328 nobis

220 1373 607 1442 quodammodo
643 1373 787 1431 Deus
825 1375 1105 1447 obsignat,
1150 1391 1214 1431 ac
1259 1375 1380 1447 spei
1440 1382 1644 1432 nostrae
1702 1371 1940 1430 evidenti
1996 1371 2314 1428 testimonio
2363 1371 2716 1442 suﬂ‘ragatur.
2781 1371 2926 1438 Quin
2978 1379 3033 1426 et
3080 1370 3197 1441 ipsa
3244 1368 3475 1438 capillo-

219 1479 326 1517 rum
376 1480 582 1522 corona
633 1466 876 1522 eamdem
941 1469 1401 1525 resurrectionem
1467 1467 1770 1539 praadicat:
1811 1465 2015 1521 etenim
2076 1478 2198 1534 quae
2275 1463 2524 1534 corporis
2571 1478 2702 1534 pars
2743 1463 2798 1516 in
2850 1461 3012 1517 nobis
3059 1469 3273 1516 mortua
3321 1459 3476 1513 vide-

219 1566 313 1618 tur,
351 1557 451 1611 hoc
492 1567 599 1621 est,
645 1559 739 1629 pili
781 1560 1026 1629 quotidie
1069 1559 1285 1616 detonsi
1344 1569 1510 1631 atque
1577 1560 1774 1614 iterum
1841 1555 2202 1631 pullulantes,
2267 1569 2421 1625 spem
2457 1555 2616 1610 nobis
2661 1553 3088 1609 resurrectionis
3134 1550 3467 1608 ostendunt.

279 1649 394 1702 HA'.
435 1651 548 1703 Καὶ
592 1651 848 1724 ἀμύθητα
890 1653 1036 1708 ἐστιν
1075 1657 1252 1709 εἰπεῖν
1285 1657 1366 1720 εἰς
1404 1655 1782 1732 πληροφορίαν

220 1739 314 1792 τῶν
340 1740 582 1793 ἀπίστων
603 1739 663 1805 ἐξ
690 1740 1124 1813 ὑποδειγμάτων.
1162 1744 1300 1797 Ἀλλ’
1322 1745 1421 1798 οὐκ
1447 1744 1633 1798 ἔπεισε
1659 1743 1782 1796 τού-

1964 1626 2248 1704 ιχχιξιν.
2289 1649 2521 1705 Possum
2563 1649 2668 1704 alia
2705 1658 2760 1706 et
2809 1649 3028 1721 quidem
3082 1647 3295 1704 inﬁnita
3347 1661 3475 1717 per-

1890 1755 2138 1800 censere.
2179 1755 2416 1811 quorum
2462 1741 2730 1810 exemplis
2772 1739 3109 1811 persuadere
3155 1737 3473 1813 inﬁdelibus

217 1847 328 1894 τους
353 1833 385 1901 η
409 1831 589 1900 φάττα
615 1832 678 1886 τὸ
703 1831 908 1904 ὄρνεον,
935 1834 1056 1888 οὐδὲ
1079 1836 1107 1887 ὁ
1151 1835 1362 1906 μυωξὸς
1385 1835 1498 1908 (49)
1521 1835 1583 1888 τὸ
1606 1832 1744 1898 ζῶον
1767 1847 1782 1864 ’

1891 1833 1998 1888 ista
2028 1832 2262 1903 possint.
2308 1830 2511 1886 Verum
2564 1846 2667 1886 nec
2717 1831 2826 1887 illis
2868 1829 3154 1902 palumbes
3183 1827 3301 1884 avis
3326 1842 3476 1898 qua:-

218 1921 529 1993 ἀποθνήσκει
571 1921 683 1994 γὰρ
712 1922 773 1976 τὸ
803 1923 1045 1977 τοιοῦτον
1080 1924 1377 1996 ἑξάμηνον,
1407 1924 1502 1978 καὶ
1540 1926 1575 1996 ἡ
1603 1923 1783 1994 φάττα

217 2015 406 2085 ἡμέρας
434 2016 863 2086 τεσσαράκοντα,
893 2017 988 2070 καὶ
1034 2012 1192 2082 αὖθις
1227 2017 1367 2089 μετά
1401 2018 1527 2081 τοὺς
1557 2016 1784 2089 καιροὺς

216 2107 377 2162 αὐτῶν
423 2107 732 2161 ἀναϐιοῦσι.
781 2108 1058 2180 Κάνθαροι
1090 2108 1149 2162 δὲ
1200 2107 1487 2179 μέλλοντες
1526 2107 1784 2179 τελευτᾷν

215 2198 295 2251 ὲπί
321 2201 551 2272 σφαῖραν
585 2201 690 2271 τῆς
721 2199 929 2270 κόπρου
959 2200 1187 2263 ἑαυτοὺς
1217 2199 1542 2272 κρύπτουσι,
1582 2199 1785 2270 θάψαν-

215 2305 293 2351 τες
325 2289 418 2360 τὴν
453 2289 717 2361 τοιαύτην
747 2292 985 2362 σφαῖραν
1018 2290 1077 2344 έν
1105 2293 1176 2362 γῇ
1204 2291 1299 2344 καὶ
1338 2289 1781 2362 καταχώσαντες,

217 2381 294 2432 καὶ
320 2380 484 2445 οὕτως
513 2385 580 2436 ἐκ
609 2383 712 2453 τῆς
749 2383 930 2437 αὐτῶν
977 2383 1202 2454 ἰκμάδος
1241 2378 1400 2447 αὖθις
1437 2383 1783 2455 εὑρίσκονται

217 2470 538 2537 tamam;
597 2473 662 2538 ἐξ
711 2474 913 2529 αὐτῶν.
958 2475 1092 2546 Περὶ
1135 2473 1190 2528 δὲ
1255 2473 1342 2528 τοῦ
1391 2474 1631 2545 φοίνικος
1686 2473 1782 2529 τοῦ

229 2561 492 2632 Ἀραϐικοῦ
527 2565 720 2636 ὀρνέου
757 2565 1016 2636 περισσόν
1060 2583 1148 2636 μοι
1181 2565 1242 2619 τὸ
1284 2566 1492 2635 λέγειν·
1523 2566 1625 2638 ἤδη
1673 2566 1783 2638 γὰρ

218 2654 284 2716 εἰς
317 2654 477 2726 ἀκοὴν
518 2657 754 2724 ἀφῖκται
789 2656 998 2709 πολλῶν
1041 2656 1251 2710 πιστῶν
1281 2673 1341 2709 τε
1380 2657 1476 2711 καὶ
1513 2657 1779 2712 ἀπίστων.

227 2743 281 2796 Ἡ
306 2744 356 2798 δὲ
386 2748 502 2800 κατ’
541 2746 712 2801 αὑτὸν
742 2747 1001 2810 ὑπόθεσις
1040 2747 1220 2801 τοιάδε
1250 2747 1503 2818 φαίνεται
1526 2763 1539 2776 °
1573 2750 1784 2802 Πεντα-

217 2837 464 2890 κοσιοσιδν
504 2837 634 2902 ἔτος
671 2837 952 2904 διατελῶν,
985 2837 1126 2892 ὲπάν
1156 2839 1314 2910 γνοίη
1353 2839 1444 2893 τὸν
1469 2839 1658 2910 καιρὸν
1683 2839 1784 2908 τῆς

217 2926 355 2980 αὑτοῦ
389 2929 654 3000 τελευτῆς
679 2929 962 2995 ὲνστάντα,
997 2929 1162 3002 σηκὸν
1192 2930 1291 3001 μὲν
1321 2930 1615 3001 ἐργάζεται
1643 2933 1785 3001 ἀρω-

221 3019 399 3088 μάτων,
430 3023 523 3075 καὶ
549 3022 740 3092 φέρων
769 3021 988 3094 ἔρχεται
1017 3025 1094 3087 εἰς
1131 3023 1287 3076 πόλιν
1315 3023 1423 3076 τῶν
1468 3023 1782 3092 Αἰγυπτίων

229 3111 536 3168 Ἡλιούπολιν
573 3113 716 3167 οὕτω
748 3114 1111 3186 καλουμένην,
1143 3116 1238 3168 Ὧν
1261 3115 1306 3168 δ’
1338 3116 1781 3186 έρμηνευομένην

1886 1924 2054 1987 dam,
2119 1940 2218 1980 nec
2279 1925 2484 1980 animal
2547 1924 2680 1978 illud
2737 1939 2899 1996 quem
2958 1937 3168 1978 murem
3216 1921 3473 1991 Alpinum

1885 2022 2108 2082 vocant,
2162 2013 2323 2070 ﬁdem
2365 2024 2598 2085 possunt
2644 2013 2825 2071 facere
2855 2033 2869 2069 :
2903 2029 2935 2070 e
2982 2014 3184 2085 quibus
3235 2013 3326 2068 hic
3377 2027 3475 2068 sex

1886 2110 2033 2160 totos
2067 2119 2286 2160 menses
2317 2105 2460 2160 inter
2490 2114 2737 2160 mortuos
2762 2105 2944 2178 jacet;
2971 2105 3062 2159 illa
3090 2103 3474 2175 quadragenos

1887 2199 2004 2257 dies
2036 2217 2050 2253 :
2079 2214 2142 2255 ac
2169 2199 2402 2256 subinde
2451 2200 2570 2256 suis
2605 2199 2806 2270 cuique
2837 2199 3178 2270 temporibus
3215 2197 3473 2264 evolutis,

1886 2307 2082 2347 rursus
2136 2291 2452 2347 excitantur
2493 2289 2562 2344 ad
2615 2291 2802 2345 vitam.
2850 2288 3128 2344 Scarahaai
3187 2289 3477 2362 appropin-

1887 2390 2095 2457 quante
2151 2391 2331 2438 morte
2380 2382 2645 2438 stercoris
2692 2397 2753 2438 se
2788 2381 2959 2454 pilula
3000 2380 3267 2448 condunt,
3307 2395 3472 2452 quam

1886 2475 1991 2530 sub
2027 2482 2230 2530 terram
2269 2475 2595 2541 defodiunt;
2630 2481 2684 2528 et
2713 2473 2937 2544 genitali
2965 2472 3205 2544 quodam
3245 2471 3475 2527 humore

1887 2583 2051 2639 quem
2081 2585 2111 2624 e
2141 2569 2339 2639 seipsis
2385 2568 2666 2634 emittunt,
2709 2566 3040 2624 reviviscere
3071 2581 3169 2638 per
3196 2581 3322 2622 sese
3353 2579 3475 2621 cer-

1885 2667 2112 2714 nuntur.
2143 2657 2280 2713 Nam
2329 2657 2398 2714 de
2443 2657 2698 2729 phmnice
2747 2657 2956 2716 Arabiae
2995 2672 3096 2712 ave
3139 2657 3473 2713 mentionem

1887 2748 2072 2804 facere
2118 2763 2588 2820 supervacaneum
2629 2764 2714 2806 esu.
2747 2769 2760 2805 :
2789 2757 2876 2806 est
2904 2750 3049 2806 enim
3083 2764 3148 2805 ea
3183 2764 3272 2805 res
3303 2750 3476 2821 pluri-

1886 2857 2104 2896 morum
2161 2851 2272 2895 tam
2326 2841 2570 2898 ﬁdelium
2622 2858 2788 2913 quam
2846 2841 3153 2899 intidclium
3197 2841 3476 2897 auditione

1885 2934 2124 3004 vulgata.
2150 2932 2320 3004 Cujus
2348 2933 2568 3002 quidem
2597 2933 2825 2989 historia
2857 2944 2941 2990 est
2963 2933 3272 3003 ejusmodi:
3299 2935 3478 3001 Quin-

1886 3023 2190 3093 gentesimo
2218 3023 2397 3076 artatis
2421 3037 2586 3088 anno,
2621 3038 2747 3078 cum
2779 3022 2988 3079 instare
3009 3023 3194 3079 obitus
3218 3023 3305 3078 sui
3341 3032 3476 3079 tem-

1889 3129 1991 3184 pus
2031 3114 2398 3184 praesenserit,
2430 3115 2680 3169 cellulam
2722 3129 2791 3170 ex
2831 3116 3170 3171 aromatibus
3215 3124 3476 3172 constru-

219 3203 309 3257 ἀπὸ
329 3206 417 3278 τῆς
446 3206 836 3277 Αἰγυπτιακῆς
879 3206 1162 3261 διαλέκτου
1206 3207 1302 3262 καὶ
1341 3206 1624 3279 Ἐὁραῖδος
1644 3226 1655 3237 ·
1688 3209 1782 3262 καὶ

1891 3214 2032 3260 ctam
2061 3208 2116 3260 in
2147 3205 2338 3260 urbem
2371 3204 2666 3275 quamdam
2702 3203 2926 3276 Egypti
2967 3213 3348 3276 transportare
3381 3222 3475 3262 so-

220 3300 406 3367 ταρσοίς
440 3299 600 3361 ἰδίοις
629 3297 698 3351 τὰ
727 3297 899 3371 στήθη
941 3299 1009 3352 τὰ
1050 3299 1244 3353 ἑαυτοῦ
1281 3299 1550 3371 μαστίξας
1581 3300 1775 3365 πολλὰ,

225 3383 311 3455 πῦρ
347 3385 448 3438 ἀπὸ
477 3385 581 3441 τοῦ
633 3385 883 3456 σώματος
921 3385 1084 3439 αὑτοῦ
1133 3386 1562 3457 προφερόμενος,
1615 3385 1782 3456 ἐμπί-

230 3489 363 3544 πρησι
405 3479 504 3549 τὴν
557 3477 928 3548 ὑποκειμένην
979 3477 1113 3550 ὓλην
1140 3477 1220 3548 τῷ
1257 3477 1430 3548 τόπῳ,
1471 3479 1566 3532 καὶ
1607 3476 1780 3540 οὕτως

226 3564 380 3620 ἑαυτὸν
417 3569 709 3623 δλοκαυτοῖ
744 3569 839 3621 καὶ
871 3568 1052 3632 πάσας
1091 3567 1188 3632 τὰς
1227 3570 1438 3642 σάρκας
1483 3569 1648 3622 αὐτοῦ
1683 3569 1781 3624 σὺν

221 3655 412 3723 ὀστέοις.
453 3660 555 3715 Ἐκ
588 3660 722 3714 Θεοῦ
754 3661 810 3714 δὲ
838 3661 1152 3731 οἰκονομίας
1174 3661 1336 3732 νέφος
1367 3662 1780 3728 ἀποστέλλεται,

221 3751 296 3802 καὶ
314 3752 522 3819 ύετίζει,
553 3754 653 3806 καὶ
675 3752 1063 3808 κατασϐεννύει
1084 3753 1183 3824 τὴν
1209 3754 1269 3807 τὸ
1293 3754 1455 3824 σῶμα
1475 3753 1569 3808 τοῦ
1591 3754 1780 3826 ὀρνέου

220 3842 728 3916 καταδαπανὴσασαν
767 3844 964 3914 φλόγα,
999 3845 1195 3917 νεκροῦ
1237 3846 1336 3916 μὲν
1369 3845 1468 3917 ἤδη
1509 3846 1661 3910 ὄντος
1683 3847 1781 3900 τοῦ

219 3929 399 3998 ὀρνέου,
426 3935 516 3986 καὶ
547 3932 887 4003 ὀπηθέντος
915 3933 1190 4004 ἀκρότατα
1209 3949 1225 3965 ·
1259 3931 1579 4002 σϐεσθείσης
1603 3933 1658 3986 δὲ
1680 3933 1780 4003 τῆς

220 4021 407 4091 φλογὸς,
432 4025 665 4092 λείψανα
697 4028 796 4095 τῆς
834 4024 1036 4095 σαρκὸς
1078 4022 1244 4078 αὑτοῦ
1286 4023 1364 4076 ἔτι
1419 4023 1577 4094 σῶμα
1621 4041 1780 4093 περι-

218 4109 456 4176 λείπεται,
488 4115 592 4171 καὶ
630 4115 766 4186 πρὸς
799 4115 928 4186 μίαν
965 4116 1179 4186 ἡμέραν
1226 4114 1594 4184 ἀφανισθέντα
1639 4115 1783 4168 σκώ-

216 4203 338 4274 ληκα
360 4211 516 4281 γεννᾷ
536 4226 551 4239 ·
585 4210 614 4262 ὁ
648 4206 863 4280 σκώληξ
891 4211 1185 4280 πτεροφυεῖ
1209 4209 1422 4271 νεοττὸς
1447 4207 1740 4276 γενόμενος
1763 4223 1778 4240 ο

218 4299 272 4366 τῇ
297 4298 348 4350 δὲ
385 4301 541 4374 τρίτῃ
580 4300 762 4374 ἡμέρᾳ
786 4300 1093 4374 άδρύνεται,
1123 4301 1217 4353 καὶ
1251 4299 1536 4372 ἀδρυνθεὶς
1569 4300 1681 4362 τοῖς
1704 4297 1782 4368 τῷ

217 4389 346 4461 τόπῳ
372 4391 904 4466 ὲξυπηρετουμένοις
932 4394 1127 4448 ἑαυτὸν
1165 4394 1478 4464 ἐμφανίζει,
1503 4393 1597 4446 καὶ
1625 4389 1782 4456 αὖθις

219 4479 482 4554 ἀνατρέχει
506 4488 589 4547 εἰς
617 4483 715 4557 τὴν
749 4485 882 4538 ἰδίαν
909 4486 1164 4557 πατρίδα,
1197 4486 1290 4538 καὶ
1313 4487 1674 4541 ἀναπαύεται.

278 4759 390 4816 ΠΕ¹.
418 4763 713 4832 Θαυμάσαι
743 4761 799 4816 δέ
848 4778 941 4833 μοι
981 4761 1167 4814 ἔπεστι
1196 4761 1328 4833 περὶ
1369 4762 1471 4832 τῆς
1513 4761 1623 4814 τῶν
1657 4761 1784 4816 ἀπί-

223 4865 343 4905 στων
387 4855 659 4925 Ἐλλήνων
703 4855 798 4907 καὶ
848 4853 1022 4908 ἄλλων
1077 4852 1368 4924 βαρϐάρων
1420 4853 1784 4925 ἠπατημένης

219 4935 342 4989 κατὰ
366 4940 541 4994 πάντα
580 4940 840 5004 διανοίας,
883 4940 959 5004 ὡς
989 4941 1048 4996 έν
1085 4943 1195 5005 τοῖς
1241 4942 1421 4995 αὐτῶν
1458 4941 1650 5011 μύθοις
1683 4942 1783 4993 ούκ

220 5027 542 5099 αἰσχύνονται
567 5033 861 5087 ἀνάστασιν
881 5032 1044 5087 παντὶ
1061 5033 1369 5105 σημαίνειν,
1393 5034 1487 5087 καὶ
1510 5050 1578 5086 πε
1588 5033 1642 5103 pi
1662 5033 1789 5088 ἀνα·

223 5119 443 5190 στάσεως
468 5124 730 5190 πολλάκις
754 5125 921 5197 ᾅδειν,
957 5124 1032 5189 ὼς
1060 5127 1108 5178 οἱ
1140 5125 1300 5195 μῦθοι
1327 5125 1510 5179 αὐτῶν
1542 5124 1786 5196 ἀναγρά-

283 5278 297 5308 ¹
326 5278 484 5337 Deest
515 5281 818 5354 quidpiam.

285 5431 389 5504 (42)
417 5433 489 5490 De
518 5437 844 5493 animaiculo
871 5437 987 5502 illo,
1021 5437 1108 5492 cui
1140 5450 1337 5492 nomen
1364 5436 1578 5504 μυωξὸς
1599 5436 1773 5492 Graeci

230 5493 404 5577 iecere,
451 5505 782 5577 Epiphanius
831 5493 986 5563 idem,
1022 5508 1080 5577 in
1121 5507 1316 5560 lueresi
1352 5493 1442 5577 ﬁt,
1499 5493 1650 5560 inim.
1686 5509 1775 5570 73,

231 5568 322 5620 sub
347 5568 511 5628 linem'
533 5568 645 5632 haec
684 5577 847 5634 habet
872 5579 1024 5634 iuxta
1060 5576 1310 5630 Latinam
1355 5574 1562 5630 Petavii
1608 5568 1778 5631 inter;

231 5643 562 5703 pretationem
597 5666 609 5700 :
644 5643 997 5701 Naturalium
1021 5663 1195 5700 rerum
1223 5647 1506 5713 scriptores
1532 5656 1779 5700 asserunt

237 5722 460 5826 n‘tfqoxum
489 5716 539 5791 in
576 5716 812 5772 latibulis
857 5718 967 5771 suis
1005 5718 1142 5784 fetus
1181 5716 1362 5769 eodem
1393 5725 1552 5784 partu
1601 5719 1779 5782 plures

239 5793 262 5826 ρ
292 5793 394 5826 ere:
423 5796 638 5826 muan
687 5788 926 5826 millplirpl
969 5795 1016 5826 οι
1051 5802 1109 5826 οη
1147 5785 1374 5826 annilius:
1454 5788 1620 5826 “enim
1654 5787 1779 5826 inci.

239 5785 394 5859 Pﬁmf;
423 5785 638 5858 quinque
666 5788 926 5859 Auidelicet
969 5795 1016 5840 et
1051 5802 1122 5859 eo
1147 5785 1397 5859 arnplius.
1454 5788 1620 5854 iisque
1653 5787 1784 5839 insi-

240 5846 361 5900 diari
390 5846 620 5914 viperam.
651 5855 783 5922 Qua:
815 5857 1082 5910 unirersos
1108 5857 1161 5908 in
1197 5846 1418 5910 latibulo
1461 5846 1637 5922 nacta,
1666 5873 1782 5909 cum

1890 3298 1984 3363 let,
2031 3311 2152 3366 qua:
2199 3294 2501 3366 Heliopolis
2547 3296 2873 3366 appellatur,
2917 3295 2988 3352 ab
3035 3295 3310 3369 Egyptiis
3343 3313 3475 3354 vero

1887 3396 1942 3445 et
1975 3387 2217 3445 Hebraeis
2245 3387 2349 3442 On.
2397 3387 2474 3442 lbi
2512 3396 2703 3459 pectus
2757 3404 2918 3444 suum
2961 3391 3164 3460 saepius
3197 3390 3302 3446 alis
3341 3405 3476 3446 con-

1887 3481 2206 3545 verberans,
2263 3481 2441 3551 ignem
2483 3496 2512 3536 e
2567 3496 2669 3537 suo
2728 3495 2959 3552 corpore
3015 3481 3298 3552 exprimit,
3363 3499 3476 3554 quo

1889 3571 2194 3642 subiectam
2265 3571 2554 3626 materiam
2619 3571 2861 3627 incendit
2917 3591 2929 3628 :
2991 3573 3066 3628 ita
3123 3573 3474 3646 semetipsum

1895 3679 2231 3734 carnemque
2311 3679 2466 3719 suam
2525 3678 2742 3718 omnem
2807 3679 2933 3720 cum
2995 3665 3217 3722 ossibus
3273 3666 3471 3722 exurit.

1891 3755 2032 3811 Tum
2089 3756 2304 3812 occulta
2351 3755 2588 3825 quadam
2635 3754 2727 3810 Dei
2782 3757 3127 3828 providentia
3183 3756 3472 3830 superfusa

1889 3848 2064 3902 nubes
2117 3846 2348 3918 depluit,
2401 3861 2466 3903 ac
2516 3845 2794 3902 ﬂammam
2844 3849 2992 3903 illam
3039 3865 3160 3922 qua:
3192 3851 3310 3906 avis
3352 3865 3478 3905 cor-

1888 3955 1993 4012 pus
2043 3941 2270 4010 depasta
2319 3939 2520 4005 l'uerit,
2567 3939 2679 4010 ω
2722 3941 3046 4013 exstinguit.
3105 3941 3321 3997 Mortua
3373 3942 3477 4013 igio

1888 4036 1982 4084 tur
2042 4044 2142 4084 ave
2204 4043 2268 4082 ac
2326 4026 2567 4084 ﬂammis
2631 4045 2860 4100 prorsus
2921 4039 3142 4097 assata,
3211 4032 3476 4088 restincta

1889 4120 2149 4185 ﬂamma,
2203 4122 2387 4176 carnis
2439 4135 2503 4175 ac
2553 4122 2803 4191 corporis
2856 4121 3182 4192 superstites
3231 4123 3478 4195 reliquiae

1888 4210 2081 4266 eodem
2151 4209 2240 4266 die
2314 4220 2654 4280 consumptae
2708 4225 2945 4266 vermem
2999 4219 3263 4282 generant
3312 4229 3326 4264 :
3380 4213 3475 4282 qui

1889 4303 2056 4374 paulo
2102 4310 2228 4373 post
2267 4311 2543 4373 pennatus
2576 4302 2782 4367 evadit,
2820 4310 2874 4357 et
2907 4302 2963 4356 in
2997 4302 3206 4372 pullum
3238 4317 3474 4359 conver-

1889 4395 2140 4449 titurzis
2195 4395 2356 4449 tertio
2411 4393 2501 4450 die
2557 4393 2775 4449 demum
2832 4392 3122 4459 adolescit,
3180 4400 3343 4465 atque
3397 4394 3471 4448 ita

1890 4485 1997 4540 loci
2033 4485 2183 4540 illius
2237 4485 2441 4540 accolis
2485 4485 2581 4556 qui
2631 4483 2756 4540 istic
2811 4491 3196 4556 occupantur,
3259 4484 3480 4556 conspi-

1815 4562 1860 4616 Ῑ)
1891 4581 2149 4636 ciendum
2181 4595 2240 4636 se
2274 4580 2522 4651 praebet:
2555 4581 2682 4636 inde
2725 4581 2782 4635 in
2831 4581 3064 4652 patriam
3109 4581 3385 4646 convolat,
3425 4589 3479 4637 et

1891 4673 2213 4743 acquiescit.

1960 4761 2225 4819 LXXXV.
2269 4762 2379 4836 Ego
2409 4778 2541 4818 vero
2568 4765 2800 4835 gentiles
2831 4763 2968 4819 istos
2997 4763 3221 4818 Graecos
3253 4776 3316 4816 ac
3347 4762 3478 4818 bar-

1887 4857 2052 4911 haros
2078 4855 2325 4910 inﬁdeles
2347 4855 2623 4910 admiror:
2646 4869 2882 4925 quorum
2908 4853 3046 4908 adeo
3063 4853 3374 4907 obcaecatus
3396 4860 3481 4905 est

1890 4947 2128 5011 animus,
2169 4955 2227 4998 ut
2269 4945 2323 4998 in
2369 4944 2486 4998 suis
2521 4944 2768 5012 ipsorum
2813 4941 3014 4995 fabulis
3047 4939 3480 4995 resurrectionis

1890 5035 2222 5090 mentionem
2256 5032 2550 5088 identidem
2583 5045 2893 5104 aspergere,
2925 5045 2990 5085 ac
3018 5030 3086 5086 de
3107 5045 3171 5086 ea
3192 5031 3482 5100 quamplu-

1888 5124 2030 5179 rima
2077 5123 2378 5194 praedicare
2422 5122 2651 5180 minime
2684 5129 3012 5189 vereantur;
3054 5137 3203 5189 nam,
3239 5130 3300 5178 ut
3341 5121 3482 5178 ﬂetis

1882 5437 2133 5493 devorare
2175 5440 2338 5511 simul
2382 5455 2559 5493 omnes
2603 5448 2846 5510 nequeat,
2878 5449 2987 5495 tum
3036 5437 3245 5511 quidem
3291 5453 3454 5511 auum

1886 5511 2214 5579 alterumque
2237 5510 2309 5562 ad
2339 5511 2640 5563 satietatem
2669 5508 2936 5575 absumit;
2976 5508 3194 5564 cat’teros
3220 5508 3483 5576 confossis

1887 5580 2054 5633 oculis
2099 5580 2168 5632 ad
2217 5580 2472 5646 pabulum
2523 5579 2731 5645 aufert;
2765 5596 3031 5650 cmcosque
3078 5579 3266 5642 nutrit,
3319 5579 3485 5650 donec

1888 5650 2147 5717 prolatos,
2187 5649 2276 5702 ubi
2311 5650 2519 5702 libitum
2546 5659 2647 5712 est,
2691 5651 2928 5720 singulos
2946 5647 3298 5720 'depascatur.
3330 5648 3404 5700 Αι
3441 5647 3484 5699 si

1891 5716 2028 5788 forte
2067 5720 2241 5787 ignari
2268 5721 2486 5788 quidam
2515 5721 2569 5772 in
2607 5721 2738 5774 tales
2764 5716 3062 5780 inciderint,
3098 5726 3146 5788 et
3178 5716 3246 5770 ad
3276 5733 3486 5770 reseca.-

1892 5789 2016 5840 dum
2048 5787 2298 5856 ceperint,
2327 5790 2589 5859 letiferum
2617 5806 2682 5843 ea:
2707 5791 2771 5842 iis
2810 5805 3056 5844 venenum
3096 5787 3376 5857 hauriunt,
3399 5795 3485 5840 uto

1892 5869 2010 5926 pote
2042 5861 2228 5928 riperw
2260 5876 2448 5915 veneno
2477 5860 2715 5914 nutrilis.
3421 5874 3430 5885 '
