3950 6434
461 428 560 480 ίτῖἶ

1882 428 1938 480 S.
1984 425 2221 479 EPIPIH
2231 426 2319 480 NII

3601 430 3684 483 ιτθ

464 542 678 593 illorum
705 540 1032 594 commentis
1065 538 1322 604 traditur,
1361 539 1595 594 Alcestis
1621 537 1782 592 Peliae
1811 537 1917 590 ﬁlia
1945 554 2044 607 pm

2161 555 2364 606 ρουσιν·
2422 535 2716 608 ’Λλκηστιν
2771 540 2868 609 μὲν
2917 540 3319 610 τελευτήσασαν
3372 539 3465 611 τΙτν
3519 541 3686 594 Πελίου

463 630 692 684 Admeto
719 630 840 684 viro
871 645 973 684 suo
1005 641 1242 692 mortua,
1276 631 1462 686 triduo
1494 639 1682 700 postea
1715 630 1783 683 ab
1816 628 2043 683 Hercule

462 719 532 774 ad
559 733 790 788 superos
854 719 1131 783 excitata,
1191 736 1257 774 ex
1312 720 1609 778 inferorqu
1675 717 2043 790 penetralibus

470 812 713 868 emersit.
755 809 910 876 Quod
944 811 1082 866 idem
1101 820 1154 866 et
1176 812 1356 883 Pelopi
1389 813 1619 882 contigit
1659 811 1873 866 Tantali
1911 811 2041 870 ﬁlio,

469 917 592 956 cum
638 903 760 972 ejus
791 917 994 973 corpus
1036 904 1089 956 in
1135 902 1307 958 frusta
1356 905 1639 958 concisum
1683 918 1879 972 parens
1931 903 2046 970 ipse

467 991 620 1048 falsis
661 993 878 1046 illorum
913 993 1229 1048 numinibus
1273 993 1640 1063 apposuisset.
1675 991 1896 1046 Necnon
1933 991 2043 1044 Eu-

465 1083 620 1148 eleis,
661 1097 822 1152 quem
855 1083 1207 1154 IEseulapius
1247 1086 1521 1138 revocavit
1556 1083 1622 1138 ad
1657 1084 1845 1136 vitam.
1883 1081 2044 1137 Item--

467 1189 573 1243 que
593 1175 788 1228 Castor
809 1173 1048 1228 Pollucis
1078 1174 1264 1230 fratris
1295 1174 1559 1228 beneﬁcio
1583 1175 1653 1228 ab
1684 1175 1905 1230 interitu
1935 1173 2048 1226 vin-

468 1266 720 1318 dicatur:
755 1265 844 1334 qui
879 1265 1106 1319 alternis
1135 1280 1260 1318 cum
1291 1280 1356 1319 eo
1388 1265 1553 1318 vitam
1598 1280 1752 1319 suam
1795 1282 2043 1320 commu-

473 1365 589 1409 tare
641 1355 851 1408 maluit.
911 1353 1110 1407 Adha-c
1159 1352 1494 1408 Protesilaus
1548 1355 1687 1409 idem
1740 1354 2046 1409 Laodamiae

470 1460 631 1515 Opera
672 1455 1002 1501 consecutus
1035 1446 1276 1515 ﬁngitur.
1318 1445 1586 1501 Praeterea
1633 1446 1960 1518 Sisyphum,
1991 1457 2047 1502 ct

466 1537 776 1599 Tantalum,
811 1545 867 1592 et
891 1536 1120 1593 Caucasi
1155 1537 1296 1593 ﬁlias
1329 1553 1467 1607 quas
1501 1536 1696 1593 Furias
1732 1546 1948 1602 vocant,
1982 1554 2048 1592 ac

465 1628 703 1698 denique
753 1627 1064 1694 Tiresiam,
1109 1627 1165 1682 in
1213 1637 1422 1682 tartara
1462 1629 1719 1684 dctrusos
1778 1631 2046 1685 scelerum

470 1719 579 1774 illic
610 1733 800 1788 poenas
843 1719 1172 1789 expendere,
1205 1728 1260 1774 et
1289 1721 1456 1774 alium
1503 1735 1658 1784 saxo,
1686 1721 1853 1774 alium
1889 1733 2005 1774 rota
2031 1763 2046 1785 ,

472 1805 636 1856 alium
669 1805 924 1874 supplicii
959 1805 1068 1860 alio
1097 1821 1297 1876 genere
1327 1807 1588 1872 cruciari,
1632 1811 1686 1862 in
1722 1824 1897 1879 eoque
1926 1826 2047 1879 pcr-

2146 629 2286 700 ὑπὲρ
2329 628 2422 682 τοῦ
2473 629 2664 700 ἀνδρὸς
2712 630 2884 700 αὐτῆς
2920 631 3211 701 Ἀδμήτου,
3247 631 3338 683 καὶ
3379 631 3514 701 ὑπὲρ
3550 632 3566 662 ¹
3608 631 3686 684 τοῦ

2156 718 2449 789 Ἡρακλέος
2509 721 2648 790 μετά
2695 722 2794 793 (δὲ)
2838 723 3135 794 τριήμερον
3182 723 3565 792 ὲγηγερμένην,
3609 724 3690 775 καὶ

2145 810 2252 862 ἀπὸ
2279 810 2385 862 τῶν
2429 810 2636 864 ἀδύτων
2672 813 3069 883 ἀνηνεγμένην.
3115 813 3333 866 Πέλοπά
3363 829 3421 864 τε
3461 812 3546 865 τὸν
3571 811 3691 864 Ta;-

2143 901 2304 954 τάλου
2341 901 2478 972 μετά
2510 901 2569 955 τὸ
2595 903 3044 974 κρεωνομηθῆναι
3077 902 3182 955 ὑπὸ
3217 902 3310 955 τοῦ
3348 901 3474 954 ἰδίου
3512 901 3692 970 πατρδς

2147 994 2188 1061 (³
2228 990 2568 1061 Ἀμφιάρεω)
2604 995 2715 1055 τοῖς
2737 991 3114 1062 ψευδωνύμως
3140 991 3318 1044 αὐτῶν
3358 990 3515 1055 θεοῖς.
3555 991 3693 1044 Καέὸ

2146 1082 2385 1152 Εὑκλεὴς
2420 1081 2524 1135 ὑπὸ
2555 1083 2649 1135 τοῦ
2707 1082 3038 1153 Ἀσκληπιοῦ
3087 1082 3561 1152 ἀναζωογονηθείς.
3594 1082 3692 1134 Ki-

2149 1191 2294 1245 στωρ
2337 1174 2424 1228 διά
2458 1173 2804 1242 Πολυδεύκην
2847 1175 2938 1229 τὸν
2979 1174 3209 1243 ἀδελφὸν
3252 1173 3439 1238 αὐτοῦ,
3468 1172 3539 1235 ὼς
3575 1170 3695 1224 {itth

2147 1266 2294 1336 αὐτῷ
2320 1266 2419 1337 τὴν
2453 1265 2598 1337 ζωὴν
2639 1267 2769 1336 παρ’
2797 1265 3012 1336 ἡμέραν
3058 1265 3347 1320 ἀλλάσσειν
3387 1264 3572 1316 εἵλετο.
3603 1265 3698 1316 Καὶ

2145 1361 2174 1411 ὁ
2202 1357 2576 1428 Πρωτεσίλαος
2607 1355 2696 1410 διὰ
2733 1356 3097 1425 Λαοδάμειαν.
3136 1356 3298 1408 Ἀλλά
3341 1357 3435 1408 καί
3469 1355 3697 1424 Σίσυφον,

2148 1451 2243 1502 καὶ
2268 1449 2358 1501 τὸν
2395 1448 2687 1510 Τάνταλον,
2715 1448 2809 1501 καὶ
2852 1448 2949 1511 τὰς
2998 1448 3294 1501 Καυκάσου
3329 1446 3620 1516 θυγατέρας
3644 1445 3699 1508 ἀς

2161 1539 2437 1612 Ἐριννυας
2480 1539 2801 1610 κεκλήκασι,
2834 1540 2925 1592 καὶ
2951 1539 3237 1609 Τειρεσίαν
3282 1537 3399 1606 ἅμα
3428 1537 3594 1607 τούτῳ
3617 1555 3700 1590 κα·

2148 1631 2680 1702 τατεταρταρῶσθαι,
2723 1633 2816 1684 καὶ
2841 1631 3020 1683 δοῦναι
3052 1631 3206 1701 δίκην
3254 1632 3455 1692 ἐκεῖσε,
3492 1629 3577 1681 τὸν
3618 1629 3701 1698 μὲν

2148 1725 2234 1778 διά
2268 1726 2492 1795 πέτρας,
2525 1724 2615 1776 τὸν
2637 1723 2690 1776 δὲ
2719 1725 2823 1776 ὑπὸ
2853 1723 3065 1794 τροχὸν,
3095 1722 3186 1776 καὶ
3216 1722 3410 1785 ἄλλους
3441 1721 3604 1784 ἄλλως
3631 1737 3701 1772 τε·

2149 1817 2514 1888 τιμωρῆσθαι,
2559 1817 2653 1868 καί
2692 1815 2772 1868 ἔτι
2817 1815 3082 1884 ὑπάρχειν
3115 1816 3171 1866 ὲν
3217 1812 3477 1885 τιμωρία,
3525 1811 3594 1874 ὡς
3638 1811 3703 1880 μὴ

473 1912 724 1968 severare
757 1898 1050 1953 commenti
1081 1907 1230 1961 sunt,
1259 1906 1316 1952 ut
1337 1913 1446 1952 non
1483 1898 1700 1968 penitus
1729 1901 1782 1953 in
1817 1901 2046 1953 nihilum

2161 1911 2228 1971 είς
2257 1908 2596 1979 ἀνυπαρξίαν
2636 1906 3044 1978 κεχωρηκότας,
3077 1906 3422 1975 ὑπάρχοντας
3447 1904 3502 1956 δὲ
3532 1907 3586 1956 ἐν
3617 1901 3704 1954 atii-

471 1987 678 2042 rcdacti
713 1988 846 2052 sint,
883 1987 978 2043 sed
1009 2004 1130 2043 cum
1167 1989 1492 2059 corporibus
1522 1989 1819 2044 etiamnum
1855 2006 2051 2061 super-

471 2082 603 2134 sint.
636 2073 773 2132 Nam
798 2078 844 2133 si
875 2090 1129 2134 carerent
1163 2081 1509 2149 corporibus,
1541 2079 1764 2150 quinam
1795 2096 1930 2135 saxo
1965 2098 2052 2133 rn—

472 2179 592 2222 tave
624 2166 872 2221 damnari
916 2168 1185 2237 possent?
1223 2168 1388 2224 Multa
1439 2169 1492 2223 id
1527 2185 1699 2238 genus
1743 2169 1847 2223 alia
1897 2184 2050 2224 com-

469 2256 730 2326 prehendi
772 2264 1021 2326 possunt,
1071 2245 1273 2328 quibus
1302 2269 1355 2313 et
1387 2258 1521 2315 ﬁdes
1569 2268 1757 2314 nostra
1791 2261 2054 2316 corrobo-

469 2352 602 2414 rari,
633 2360 688 2405 et
717 2350 932 2405 illorum
960 2353 1211 2407 convinci
1251 2352 1465 2407 falsitas
1498 2354 1696 2423 possit.

540 2441 828 2497 LXXXVI.
872 2442 969 2499 His
1018 2445 1300 2514 gentilium
1348 2444 1582 2500 somniis
1632 2455 1686 2500 et
1741 2445 2052 2501 inﬁdelitali

471 2538 685 2606 gemina
723 2545 852 2592 sunt
882 2551 945 2591 ac
970 2550 1248 2608 germana,
1275 2551 1396 2604 quae
1419 2537 1488 2588 ab
1519 2537 1792 2592 haereticis
1818 2537 2050 2592 aderun-

471 2641 580 2682 tur.
633 2629 876 2694 Quorum
922 2627 1171 2682 nonnulli
1204 2641 1311 2680 non
1351 2641 1667 2698 corporum,
1703 2627 1800 2683 sed
1841 2629 2055 2682 anima-

475 2735 594 2772 rum
643 2717 1099 2774 resurrectionem
1164 2715 1281 2772 fore
1330 2718 1650 2787 praedicant.
1707 2717 1863 2785 Quod
1914 2718 2056 2773 idem

477 2810 710 2880 gentiles
741 2809 844 2874 illi,
875 2808 943 2864 de
970 2809 1172 2879 quibus
1200 2807 1333 2875 dixi,
1370 2809 1627 2882 opinione
1659 2825 1759 2864 sua
1795 2810 2060 2880 proﬁten-

479 2911 568 2956 tur
597 2923 608 2956 :
639 2901 773 2958 adeo
809 2909 869 2957 ut
896 2902 1114 2955 illorum
1139 2901 1300 2974 longe
1328 2902 1729 2958 absurdissima
1761 2904 1836 2958 sit
1859 2904 2058 2969 oratio,

476 2999 532 3045 et
581 2989 646 3044 ad
695 2989 1046 3044 excitandum
1097 2988 1268 3044 risum
1320 2989 1387 3043 ab
1431 2990 1539 3044 illis
1585 2991 1876 3061 expli-ata.
1926 2990 2059 3045 Nam

475 3080 622 3150 quod
653 3080 1115 3136 resurrectionem
1151 3079 1387 3134 haereses
1423 3080 1528 3135 illae
1571 3088 1850 3152 utcunque
1883 3082 2061 3138 faten-

2155 2018 2346 2070 μασιν’
2389 2002 2438 2052 εἱ
2473 2001 2548 2070 μὴ
2593 1999 2701 2070 γάρ
2746 1998 2970 2068 σώματα
3015 1992 3182 2068 εἶχον,
3226 1997 3341 2062 πῶς
3373 1997 3479 2049 ὑπὸ
3525 1994 3708 2065 πέτραν

2155 2092 2246 2144 καὶ
2271 2091 2461 2160 τροχὸν
2499 2091 2790 2160 τιμωρίαις
2830 2089 3177 2159 παρεδίδοντο
3203 2105 3216 2153 ;
3251 2089 3363 2141 Καὶ
3392 2087 3557 2140 πολλὰ
3581 2085 3708 2139 ἔστιν

2161 2185 2509 2256 περὶτούτων
2544 2185 2744 2252 λέγειν,
2769 2183 2849 2246 είς
2897 2184 3240 2253 παράστασιν
3271 2181 3370 2251 τῆς
3400 2183 3458 2233 ὲν
3487 2180 3609 2250 ἡμῖν
3631 2175 3710 2230 πί-

2157 2294 2344 2340 στεως,
2385 2276 2604 2346 ἔλεγχον
2634 2275 2690 2328 δὲ
2719 2275 2808 2328 τὸν
2845 2275 2979 2344 πρὸς
3017 2271 3232 2336 αὐτούς.

2226 2449 2369 2518 HQ".
2417 2450 2574 2504 Ἀλλά
2609 2451 2701 2505 καὶ
2755 2453 2803 2504 οί
2849 2453 2912 2504 ὲκ
2958 2450 3065 2503 τῶν
3111 2450 3374 2522 αἱρέσεων
3427 2447 3713 2520 ὁρμώμενοι

2157 2545 2360 2614 ἀδελφά
2399 2544 2606 2604 τούτοις
2643 2543 2829 2615 ᾅδουσι
2860 2544 2952 2597 κα)⁵
2989 2545 3202 2614 συνῳδὰ
3230 2545 3326 2614 τῆς
3360 2543 3636 2607 ἀπιστίας,
3665 2542 3715 2592 ὲν

2157 2637 2234 2706 τῷ
2258 2635 2406 2698 τινὰς
2428 2636 2528 2706 μὲν
2553 2635 2660 2688 τῶν
2684 2630 2974 2706 αἰρετικῶν
3004 2634 3180 2702 λέγειν
3205 2636 3265 2688 οὐ
3293 2633 3548 2704 σώματος
3576 2631 3713 2702 (49.⁸),

2160 2728 2295 2781 ἀλλά
2318 2726 2494 2798 ψυχῆς
2523 2726 2817 2780 ἀνάστασιν
2847 2724 3064 2778 ἔσεσθαι
3083 2741 3094 2753 ·
3128 2723 3390 2786 ὡσαύτως
3418 2724 3477 2777 δὲ
3501 2723 3591 2776 καὶ
3610 2722 3717 2782 τοὺς

2162 2818 2594 2890 προειρημένους
2631 2816 2901 2889 Ἕλληνας
2945 2816 3006 2868 τὸ
3054 2816 3184 2869 αὐτὸ
3239 2813 3484 2886 νομίζειν
3535 2830 3590 2866 τε
3636 2812 3717 2864 καὶ

2164 2910 2536 2977 συνδοξάζειν·
2564 2909 2640 2973 ὡς
2668 2905 2806 2962 εἶναι
2835 2909 2925 2962 τὸν
2954 2908 3109 2977 λόγον
3140 2907 3317 2960 αὐτῶν
3349 2905 3570 2978 ληρώδη
3599 2903 3715 2975 μᾶλ-

2161 3002 2250 3055 λυν
2282 3001 2420 3074 ὑπὲρ
2446 3001 2712 3071 κινήσεως
2741 2999 2762 3030 ³
2793 2997 3246 3069 προϐαλλόμενον.
3294 2996 3425 3049 Ἐὰν
3459 2995 3565 3067 γάρ
3602 2991 3717 3048 ἀνά-

2165 3109 2351 3146 στασιν
2367 3090 2594 3144 εἴπωσιν
2615 3090 2671 3144 αἱ
2687 3089 2945 3161 αἱρέσεις,
2969 3087 3063 3142 καὶ
3079 3087 3215 3151 ὅλως
3235 3087 3534 3141 ἀνάστασιν
3556 3081 3720 3156 ἡγοῦν-

477 3183 567 3227 tur
605 3187 669 3226 ac
715 3171 955 3226 futuram
987 3171 1324 3234 existiment,
1370 3173 1464 3228 sed
1492 3190 1612 3229 eam
1641 3175 1706 3228 ad
1746 3175 1894 3229 solas
1938 3176 2055 3229 ani-

2162 3201 2272 3247 ται,
2305 3183 2432 3254 περὶ
2463 3180 2649 3252 ψυχῶν
2691 3180 2748 3234 δὲ
2787 3179 2944 3232 τοῦτο
2982 3178 3276 3249 ὁρίζονται,
3313 3176 3510 3248 εὔηθές
3537 3179 3644 3228 ἐστι
3671 3172 3720 3224 τὸ

476 3280 592 3321 mas
615 3263 896 3331 referunt;
940 3263 1070 3335 ﬁngi
1102 3264 1238 3318 nihil
1275 3264 1382 3334 91
1424 3273 1603 3335 potest
1650 3266 1911 3336 ineptius.
1951 3267 2054 3334 Qui

475 3358 621 3412 enim
651 3371 937 3428 resurgere
967 3356 1166 3426 poterit
1195 3358 1400 3423 anima,
1436 3374 1559 3428 qua:
1594 3375 1874 3430 nunquam
1911 3361 2052 3416 ceci-

475 3449 655 3504 derit?
683 3451 800 3504 Non
839 3448 988 3503 enim
1028 3449 1243 3503 animas
1285 3449 1342 3503 in
1375 3452 1651 3520 sepulcra,
1693 3452 1789 3507 sed
1826 3467 2058 3524 corpora

477 3540 847 3610 deponimus:
883 3539 1082 3594 animae
1118 3539 1320 3610 quippe
1362 3556 1473 3595 non
1525 3541 1750 3608 cadunt,
1799 3543 1894 3598 sed
1943 3560 2063 3598 ear-

479 3650 605 3700 nes;
643 3633 785 3688 unde
827 3643 881 3688 et
919 3639 1261 3688 mortuorum
1301 3647 1531 3704 corpora
1581 3635 1742 3705 vulgo
1786 3635 2053 3691 cadavera

477 3725 853 3780 nominantur.
885 3725 1252 3791 Quamobrem
1279 3726 1324 3781 si
1356 3741 1464 3795 qua
1510 3726 1654 3797 apud
1699 3728 1822 3782 illos
1852 3739 1936 3782 est
1969 3745 2058 3781 re-

476 3818 838 3875 surrectionis
873 3818 1030 3886 ﬁdes,
1074 3817 1278 3872 nemini
1309 3817 1535 3873 dubium
1566 3825 1651 3873 est
1678 3820 1809 3888 quin
1842 3819 1908 3872 ad
1945 3833 2061 3873 cur-

478 3926 580 3980 pus
613 3909 760 3980 quod
795 3909 1013 3974 cecidit,
1055 3923 1164 3963 non
1196 3910 1262 3963 ad
1306 3909 1545 3964 animam
1580 3909 1755 3980 ipsam
1790 3913 2064 3980 pertinuere

479 4002 693 4056 debeat.
734 4000 908 4056 Graeci
949 4016 1076 4056 vero
1100 4017 1173 4056 ac
1203 4001 1434 4072 gentiles
1458 4001 1561 4072 ipsi
1586 4002 1678 4071 qui
1702 4003 2065 4057 resurrectio-

479 4108 604 4148 nem
634 4091 881 4148 funditus
911 4099 1133 4162 negant,
1167 4092 1253 4147 vel
1277 4092 1380 4147 hoc
1413 4108 1522 4148 uno
1557 4100 1880 4163 argumento
1911 4093 2068 4148 refel-

481 4185 690 4249 luntur,
733 4182 876 4254 quod
917 4183 1253 4238 solemnibus
1293 4198 1432 4253 quos
1475 4191 1674 4238 vocant
1720 4181 1944 4248 diebus,
1989 4184 2066 4237 ci-

479 4280 606 4331 bum
651 4290 714 4331 ae
760 4283 948 4344 potum
999 4274 1064 4329 ad
1106 4283 1447 4329 mortuorum
1493 4275 1742 4345 sepulcra
1791 4276 2064 4342 deferunt,

479 4371 573 4422 ubi
606 4369 788 4422 cibum
823 4383 1037 4422 onmem
1067 4365 1303 4422 ﬂammis
1336 4367 1577 4431 adolent,
1622 4375 1676 4422 et
1719 4369 1784 4422 de
1825 4372 1953 4422 vino
1994 4369 2060 4422 li-

478 4463 616 4513 bant
646 4477 657 4510 :
685 4471 791 4525 qua
822 4458 875 4510 in
893 4473 951 4511 re
970 4473 1146 4526 neque
1174 4458 1405 4512 mortuis
1431 4469 1684 4527 prosunt,
1718 4469 1772 4512 et
1799 4459 1902 4512 sibi
1931 4459 2065 4528 ipsis

2161 3273 2398 3328 τοιοῦτον
2419 3289 2432 3302 °
2463 3271 2580 3334 πῶς
2603 3272 2668 3340 γά
2678 3289 2708 3342 ρ
2727 3271 2873 3341 ψυχὴ
2901 3271 3263 3340 ἀναστήσεται
3286 3267 3363 3339 μὴ
3393 3266 3719 3325 mittenda;

2163 3367 2237 3420 Οὐ
2267 3365 2374 3435 γὰρ
2402 3364 2679 3434 θάπτομεν
2705 3365 2804 3424 τάς
2834 3361 3012 3431 ψυχάς
3043 3361 3100 3411 ἐν
3133 3362 3245 3422 τοῖς
3275 3359 3584 3429 μνημείοις,
3606 3354 3721 3408 ἀλλὰ

2162 3457 2230 3510 τά
2256 3457 2508 3528 σώματα·
2531 3454 2699 3525 ψυχαὶ
2730 3455 2838 3525 γάρ
2859 3454 2918 3505 οὺ
2944 3452 3252 3515 πίπτουσιν,
3280 3450 3393 3503 ἀλλ’
3426 3451 3478 3503 αἱ
3511 3449 3719 3520 σάρκες·

2163 3550 2238 3612 ὡς
2270 3548 2362 3600 καὶ
2395 3549 2426 3617 ἠ
2458 3546 2714 3616 συνήθεια
2769 3540 2926 3595 εἴωθε
2958 3541 3143 3594 καλεῖν
3182 3539 3250 3593 τά
3293 3537 3466 3608 νεκρά
3496 3537 3721 3605 σώματα,

2165 3637 2453 3708 πτώματα.
2489 3634 2680 3688 Τοίνυν
2725 3635 2773 3686 εἰ
2816 3633 3113 3692 ἀνάστασις
3153 3629 3280 3700 παρ’
3322 3629 3510 3690 αὐτοῖς
3552 3622 3720 3695 ὁμολο-

2165 3731 2362 3796 γεῖται,
2396 3724 2555 3778 παντί
2599 3741 2674 3794 τῳ
2699 3722 2856 3792 δῆλόν
2892 3723 3038 3774 ἐστιν
3067 3720 3126 3774 οὐ
3155 3718 3354 3790 ψυχῆς,
3395 3716 3537 3770 ἀλλὰ
3561 3718 3723 3783 σώμα-

2164 3837 2252 3882 τος
2297 3817 2663 3879 πεπτωκότος.
2707 3813 2966 3884 Ἕλληνες
3008 3812 3064 3865 δὲ
3117 3811 3277 3864 πάλιν
3324 3809 3633 3878 ἐλέγχονται
3677 3800 3725 3852 τὺ

2167 3916 2274 3966 πάν
2299 3913 2400 3981 τῆς
2427 3909 2774 3972 ἀναστάσεως
2802 3907 3146 3978 ἀρνούμενοι,
3177 3902 3551 3973 ἀποφέροντες
3579 3900 3652 3958 είς
3669 3893 3724 3946 ti

2169 4005 2426 4074 μνήματα
2457 4001 2722 4072 βρώματά
2748 4018 2806 4054 τε
2839 4001 2932 4054 καὶ
2959 4000 3181 4069 πόματα
3209 3997 3267 4049 ὲν
3301 3997 3422 4058 ταῖς
3447 3992 3724 4060 πανδήμοις

2168 4095 2526 4164 καλουμέναις
2549 4092 2782 4164 ἡμέραις
2807 4109 2820 4122 ·
2850 4089 3203 4144 ὁλοκαυτοῦσι
3232 4087 3330 4158 μὲν
3355 4085 3427 4139 τά
3452 4085 3723 4152 ἐδέσματα.

2170 4187 2454 4240 σπένδουσι
2498 4185 2556 4238 δὲ
2588 4187 2712 4247 τοὺς
2755 4182 2954 4247 οἴνους,
3003 4181 3172 4252 μηδὲν
3209 4179 3307 4250 μὲν
3349 4179 3483 4240 τοὺς
3522 4171 3725 4244 νεκροὺς

2168 4277 2523 4348 ὠφελοῦντες,
2571 4277 2796 4338 ἑαυτοὺς
2837 4273 2894 4326 δὲ
2946 4272 3144 4344 μᾶλλον
3196 4270 3546 4341 βλάπτοντες.
3577 4261 3725 4317 Πάλιν

2167 4368 2568 4438 ἀναγκάζονται
2599 4367 2704 4420 ἀπὸ
2738 4367 2836 4435 τῆς
2868 4363 3155 4435 συνηθείας
3189 4361 3476 4432 ὁμολογεῖν
3516 4358 3611 4426 τὴν
3635 4351 3726 4405 τᾷι

2169 4460 2378 4532 νεκρῶν
2405 4460 2697 4513 ἀνάστασιν
2719 4473 2731 4485 ⁸
2762 4456 2889 4509 ἔνθα
2923 4455 3032 4526 γάρ
3072 4453 3229 4523 ἐτέθη
3265 4451 3332 4505 τά
3379 4450 3608 4521 σώματα
3632 4443 3724 4511 μ’»)

484 4551 870 4604 detrimentum
906 4549 1159 4603 alIcrunt.
1197 4547 1303 4603 Sed
1336 4549 1419 4602 vel
1452 4551 1567 4619 ipsa
1598 4564 1692 4604 eos
1720 4551 2055 4605 consuetudo

2168 4553 2273 4605 τῶν
2303 4549 2738 4621 τελευτησάντων
2781 4547 3196 4619 παραγίνονται,
3233 4543 3327 4596 καὶ
3364 4535 3726 4612 προσφωνοῦσι

485 4641 552 4694 ad
597 4640 960 4695 conﬁtendam
1010 4647 1351 4693 mortuorum
1403 4643 1860 4696 resurrectionem
1897 4642 2062 4712 adigit

481 4731 646 4786 etiam
673 4729 874 4784 invitos
902 4748 915 4784 :
943 4728 1212 4800 siquidem
1248 4728 1315 4782 ad
1341 4744 1465 4783 eum
1502 4731 1682 4785 locum
1713 4732 1769 4784 in
1795 4748 1906 4803 quo
1929 4749 2064 4788 eon-

480 4823 592 4876 dita
632 4826 763 4876 sunt
806 4829 1148 4876 mortuorum
1197 4834 1462 4889 corpora,
1513 4835 1635 4876 sese
1681 4821 2060 4887 conferentes,

481 4913 835 4983 consepultos
864 4913 975 4969 illic
1007 4911 1329 4968 nominatim
1366 4912 1666 4968 inclamant
1699 4931 1712 4966 :
1748 4911 1944 4984 Surge,
1977 4916 2064 4970 in-

553 5071 570 5101 ί
611 5066 739 5122 Cor.
769 5068 892 5124 ὑπό.
966 5073 988 5102 ²
1013 5068 1221 5124 Vitium
1257 5070 1443 5127 subest
1491 5071 1621 5127 huic
1663 5071 1804 5127 loco.

555 5190 690 5257 (42‘)
730 5190 813 5242 Οὐ
842 5189 1134 5257 σώματος.
1174 5189 1308 5246 Vide
1349 5192 1597 5248 haeresim
1631 5191 1720 5258 67,
1758 5193 2056 5248 numeris!

483 5272 538 5318 et
569 5260 625 5320 6,
651 5258 1018 5328 potissimum.

553 5329 665 5450 (ἑῦ)
701 5330 892 5383 ’Ἔνθα
919 5328 1032 5422 γὰρ
1060 5327 1229 5408 ἐτέθη
1270 5331 1343 5382 τὰ
1380 5331 1640 5412 σώματα.
1669 5329 1818 5385 Zeno
1853 5330 2054 5412 vernn.

613 5399 713 5450 sal.
752 5413 909 5450 XLIX:
950 5396 1072 5450 Λοη
1101 5415 1137 5450 tt
1181 5399 1371 5450 solum.
1397 5418 1484 5450 am
1524 5401 1656 5450 tales
1696 5411 1839 5450 sunt.
1875 5401 2054 5450 displi-

483 5403 537 5453 in
565 5396 713 5470 Psal.
752 5413 909 5470 XLIX;
950 5396 1139 5470 Nonii
1181 5399 1371 5470 solum,
1397 5396 1484 5470 qui
1524 5401 1656 5454 tales
1696 5411 1839 5460 sunt,
1875 5401 2065 5468 displi-

484 5477 600 5537 cent
627 5468 747 5537 illeo
772 5482 789 5530 ;
816 5465 905 5520 sed
942 5475 998 5537 et
1035 5467 1136 5537 illi,
1176 5468 1265 5537 qui
1307 5465 1420 5534 per'
1446 5471 1688 5535 sepulcra
1715 5465 2060 5533 discurrunt;

487 5536 576 5602 qui
613 5536 793 5608 fctosis
825 5535 1067 5608 prandiis
1098 5535 1440 5608 cadaueribus
1467 5541 1777 5608 sacriﬁcant
1817 5551 2059 5592 mortuo-

489 5617 631 5677 rum.
665 5606 1000 5677 angustinus
1035 5621 1082 5659 vr
1117 5606 1274 5671 Conf.
1317 5623 1436 5676 cap.
1475 5623 1534 5670 ιι,
1591 5606 1784 5662 scribit
1826 5610 2061 5662 Ambro-

489 5672 634 5719 sium
679 5672 964 5745 Mediolani
1007 5672 1475 5743 prohibuisSefne
1523 5679 1718 5745 pultes.
1752 5692 1968 5745 panem,
2009 5687 2062 5731 ct

492 5748 724 5809 nierum,
757 5744 898 5794 sicut
919 5744 973 5796 in
1002 5745 1184 5800 Africa
1209 5747 1321 5801 ﬁeri
1336 5744 1581 5809 solebat,
1615 5747 1681 5800 ad
1714 5744 2066 5802 honorandas

486 5799 872 5862 dﬂfunctorum
920 5799 1235 5874 memorias
1251 5799 1541 5880 inferrent,
1570 5799 1680 5870 'ne
1701 5799 1819 5870 ulla,
1839 5799 2064 5874 ίοσὲαδίο

2169 4646 2280 4707 τοῖς
2309 4642 2670 4712 τεθαμμένοις
2699 4640 2910 4709 νεκροῖς
2945 4635 3005 4701 ἐξ
3032 4635 3323 4704 ὀνόματος·
3365 4633 3619 4690 Ἀνάστα,
3651 4623 3728 4692 qi-

2172 4751 2415 4796 σκοντες,
2442 4734 2469 4784 ὁ
2500 4731 2668 4794 δεῖνα,
2701 4730 2839 4799 φάγε
2872 4729 2965 4782 καὶ
2991 4726 3106 4780 πίθι
3131 4725 3226 4778 καὶ
3253 4722 3606 4793 εὐφράνθητι.
3635 4713 3727 4770 Καὶ

2169 4829 2217 4879 εί
2254 4826 2349 4894 μὲν
2392 4825 2489 4886 τὰς
2523 4822 2700 4892 ψυχὰς
2741 4823 2919 4874 ἐκεῖσε
2962 4819 3273 4888 νομίζουσιν
3312 4811 3725 4886 ὲμπαραμένειν,

2169 4919 2296 4971 ἔνθα
2329 4917 2396 4970 τά
2427 4917 2656 4984 λείψανα
2681 4914 2788 4968 τῶν
2825 4911 3268 4982 τελευτησάντων
3293 4907 3581 4971 τέθαπται,
3607 4902 3728 4955 ἀπα·

1911 5074 1932 5105 ³
1971 5071 2031 5128 F.
2067 5074 2207 5142 ὑπὲρ
2240 5073 2338 5136 τῆς
2378 5061 2471 5124 to;
2499 5071 2733 5140 γέλωτος
2766 5072 3052 5140 κινήσεως.

2166 5209 2220 5246 se
2257 5190 2618 5264 ingurgitandi
2659 5187 3170 5264 dare_tur_ebrios_is;
3199 5196 3248 5239 et
3291 5184 3417 5254 quia
3464 5182 3730 5264 illauquast

2165 5252 2466 5329 parentalia
2521 5259 2889 5323 superstitioni
2920 5258 3196 5329 gentilium
3237 5252 3388 5329 esset
3452 5252 3730 5329 simillima-

2169 5317 2538 5385 ‘l‘ertullianus
2581 5317 2800 5399 Ᾰροιυῃ.
2853 5317 2973 5399 cap.
3011 5329 3113 5381 15:
3145 5324 3284 5399 Quid
3329 5325 3540 5399 omnino
3567 5318 3631 5372 ad
3654 5317 3733 5399 lut-

2167 5402 2435 5455 norantlos
2460 5418 2547 5454 eos
2577 5394 2778 5466 facitis,
2811 5394 2948 5468 quod
2975 5413 3078 5450 non
3113 5398 3273 5448 etiam
3307 5394 3542 5468 mortuis
3569 5396 3733 5468 vestris

2166 5472 2497 5539 conferatis?
2531 5456 2699 5522 Λῗάεσ
2735 5456 2959 5539 proinde
2984 5481 3000 5520 :
3049 5483 3172 5518 aras
3206 5464 3446 5531 proinde.
3478 5460 3621 5514 Idem
3651 5456 3731 5539 ltit-

2168 5536 2329 5607 bitus,
2361 5551 2409 5593 et
2437 5541 2675 5608 insignia
2700 5540 2751 5590 in
2773 5538 2986 5608 statutis
3013 5551 3030 5599 ,'
3055 5546 3110 5588 ut
3139 5545 3292 5608 ictas,
3315 5547 3501 5608 utars,
3524 5539 3574 5608 ul
3597 5536 3731 5608 ηιῖςιξς

2167 5590 2682 5675 ίίιιῆῗηίοιέίανὶνῖιιίτ,
2725 5590 2801 5660 ita
2832 5607 2972 5659 Deus
3008 5590 3104 5659 cst.
3142 5603 3259 5675 Quo
3283 5590 3578 5675 Idilfert'ab
3599 5590 3730 5675 epulo

2169 5678 2341 5742 Joris,
2385 5671 2778 5734 Silicernium?
2818 5695 2848 5729 (ι
2900 5675 3126 5742 simpulo
3173 5673 3347 5726 abba?
3396 5672 3458 5723 ab
3515 5671 3731 5742 υξτιεριΐε

2171 5732 2491 5817 pollinctor?
2523 5747 2664 5800 Nam
2684 5759 2730 5801 et
2757 5732 3240 5814 aruspes'mortuis
3271 5745 3504 5812 apparet.
3538 5732 3723 5787 PETAV-
