3994 6410
474 402 579 461 179

1839 402 1899 457 S.
1939 399 2279 456 EPIPIIANII
3621 409 3707 465 illi

474 520 637 577 ritate
662 520 876 588 nititur,
911 520 1072 579 tidem
1104 521 1269 576 ullam
1305 528 1581 578 mereatur
1612 544 1623 577 :
1654 521 1756 577 hoc
1782 523 1928 579 enim
1956 539 2053 593 pro

2164 522 2281 577 οὖτε
2316 523 2632 594 ἐμοίχευσα,
2665 524 2765 578 οὐκ
2814 522 3037 592 ἔκλεψα,
3067 524 3168 577 οὐκ
3202 523 3484 593 ἐφόνευσα,
3518 524 3610 578 οὒκ
3642 526 3710 580 εί-

476 624 537 666 se
566 618 747 681 potest
774 612 972 669 aﬂ‘erre
993 630 1008 666 :
1033 611 1147 683 Ego
1174 626 1283 666 non
1311 612 1553 682 peccavi,
1599 613 1695 669 sed
1721 627 1924 684 corpus
1953 632 1965 667 :
1990 629 2057 669 ex

2164 614 2594 685 δωλολάτρευσα,
2624 613 2684 666 οὖ
2716 631 2767 668 τι
2806 614 2916 667 τῶν
2948 613 3136 667 κακῶν
3167 616 3262 667 καὶ
3293 615 3596 685 ἀνηκέστων
3618 618 3714 688 sip-

475 713 587 769 quo
618 702 762 756 enim
786 702 856 757 ab
879 717 946 758 eo
973 702 1226 767 discessi,
1264 702 1684 758 fornicationem
1710 704 1937 767 nullam,
1966 716 2059 759 aut

2164 707 2438 777 γασάμην.
2472 706 2577 760 Καὶ
2611 706 2834 775 εὔλογος
2875 706 3233 779 εὑρεθήσεται
3262 708 3295 779 ἠ
3330 708 3498 778 αὐτῆς
3537 709 3713 761 ἀπολο-

477 789 828 860 adulterium,
864 801 956 849 aut
1001 793 1230 859 furtum,
1278 803 1373 848 aut
1424 794 1776 850 homicidium
1822 796 2058 861 admisi;

476 896 544 938 ac
588 884 739 941 nullo
778 900 867 940 me
911 886 1180 941 idolorum
1211 887 1385 951 cultu,
1417 894 1511 940 aut
1544 888 1755 943 caeteris
1802 888 1855 942 id
1890 904 2062 959 genus

478 976 818 1033 detestandis
865 979 1165 1034 sceleribus
1210 979 1500 1033 obstrinxi.
1548 979 1659 1034 Nec
1712 980 1917 1049 injusta
1964 981 2063 1035 de-

2159 798 2272 866 γία.
2309 798 2561 866 Εὑλόγως
2590 798 2647 851 δὲ
2687 799 2857 867 αὐτῆς
2893 798 3360 869 ἀπολογουμένης,
3393 799 3445 851 τί
3469 800 3711 872 ἐροῦμενς

2175 890 2361 960 Ἀργεῖ
2387 890 2496 962 ἄρα
2519 893 2551 961 ἡ
2591 890 2685 943 τοῦ
2714 890 2851 943 Θεοῦ
2886 892 3097 963 κρίσις;
3131 891 3244 944 ἀλλ’
3264 892 3463 955 ἀδίκως
3490 892 3716 963 ἐπιφέρει

2162 980 2261 1051 τὴν
2289 979 2458 1051 ὀργὴν
2489 981 2519 1032 ὁ
2553 982 2686 1044 Θεὸς
2709 980 2852 1034 κατὰ
2890 980 2999 1034 τῶν
3032 980 3363 1052 ἀνθρώπων;
3394 980 3467 1051 μὴ
3493 980 3715 1049 γένοιτοί

482 1066 655 1122 fensio
680 1069 782 1124 ieta
814 1068 995 1124 fuerit.
1022 1068 1156 1123 Cum
1192 1070 1305 1125 haec
1336 1070 1500 1140 igitur
1529 1072 1724 1127 merito
1754 1071 1820 1125 ad
1850 1072 1935 1128 sui
1982 1072 2390 1127 excusationem
2446 1074 2711 1141 attulerit,
2741 1074 2872 1144 quid
2938 1074 3218 1131 dicemus?
3256 1074 3337 1127 An
3394 1075 3622 1129 otiosum
3665 1087 3719 1126 ac

480 1173 947 1227 supervacaneum
979 1174 1062 1218 est
1099 1162 1192 1218 Dei
1232 1163 1652 1233 judiciumiaut
1696 1163 1901 1234 injuste
1941 1179 2098 1219 suam
2156 1166 2210 1219 in
2288 1166 2536 1221 homines
2580 1166 2715 1219 iram
2772 1183 3027 1223 exercere
3076 1165 3351 1238 putandus
3407 1173 3492 1222 est
3554 1165 3719 1220 Deus?

478 1250 635 1306 Absit
661 1254 673 1305 ί

552 1340 883 1397 LXXXVIII.
924 1344 1035 1400 Nos
1081 1345 1230 1399 enim
1278 1347 1485 1400 scimus
1531 1346 1667 1399 nihil
1715 1359 1823 1399 non
1869 1360 1899 1398 a
1949 1343 2058 1400 Deo

480 1432 593 1488 ﬁeri
629 1447 789 1503 posse
816 1452 827 1486 :
860 1449 924 1489 ac
956 1450 1063 1489 non
1104 1435 1267 1489 modo
1300 1436 1419 1491 sine
1461 1437 1643 1489 anima
1673 1450 1901 1506 corpora
1934 1450 2060 1505 pro-

480 1522 623 1578 ferre
651 1538 834 1594 posse.
862 1526 958 1581 sed
986 1533 1041 1580 et
1062 1526 1332 1582 exstincta
1364 1528 1581 1598 penitus
1619 1526 1711 1581 illa
1734 1527 2060 1582 reviviscere

478 1614 658 1669 denuo
680 1629 864 1685 posse,
886 1629 951 1670 ac
976 1630 1073 1685 per
1092 1631 1213 1671 sese
1240 1618 1405 1671 etiam
1430 1632 1537 1670 non
1560 1616 1801 1669 animata
1828 1615 2056 1677 moveri,

478 1705 527 1761 si
553 1705 705 1773 velit,
729 1707 1188 1777 quemadmodum
1208 1722 1441 1777 corpora
1465 1706 1554 1760 illa
1572 1722 1692 1777 quae
1708 1706 2060 1762 sanctissimo

480 1796 749 1854 Ezechieli
774 1815 871 1870 per
898 1799 1075 1855 visum
1105 1801 1286 1855 oblata
1315 1806 1466 1861 sunt,
1501 1798 1751 1869 exemplo
1781 1813 1885 1855 suo
1908 1814 2060 1853 com-

2236 1344 2369 1399 IIH'.
2408 1345 2644 1415 Οἴδαμεν
2682 1345 2738 1397 δὲ
2771 1345 2851 1398 ὅτι
2892 1346 3071 1399 πάντα
3111 1343 3190 1415 τῷ
3235 1342 3354 1413 Θεῷ
3386 1341 3604 1403 δυνατὰ,
3642 1343 3724 1395 καὶ

2163 1434 2385 1491 δύναται
2406 1437 2499 1489 καὶ
2524 1435 2680 1507 σῶμα
2698 1437 2885 1507 φέρειν
2904 1438 3031 1491 ἄνευ
3047 1436 3244 1505 ψυχῆς,
3263 1436 3354 1487 καὶ
3371 1435 3438 1487 τὰ
3457 1432 3632 1501 ἀφανῆ
3648 1450 3726 1499 γε·

2164 1530 2358 1596 γονότα
2390 1529 2616 1599 σώματα
2646 1528 2867 1583 δύναται
2905 1527 3067 1581 πάλιν
3098 1524 3378 1591 ἀναϐιοῦν,
3397 1524 3655 1579 κινεῖσθαί
3678 1540 3728 1575 τε

2167 1620 2306 1673 αὑτά
2335 1620 2427 1689 ἀφ’
2460 1618 2668 1672 ἑαυτῶν
2691 1619 2817 1673 ἄνευ
2854 1618 3065 1689 ψυχῶν,
3104 1618 3199 1671 ἐὰν
3226 1616 3373 1687 θέλῃ.
3404 1615 3493 1678 Ὦς
3523 1615 3614 1667 καὶ
3642 1614 3727 1683 ἥδη

2168 1710 2237 1763 τά
2268 1709 2363 1763 τοῦ
2390 1711 2696 1779 ἀγιωτάτου
2734 1709 2994 1782 Ἰεζεκιὴλ
3018 1711 3117 1781 τὴν
3151 1706 3407 1779 τοιαύτην
3442 1706 3729 1777 οἰκονομίαν

2168 1800 2447 1868 ἐποίησεν,
2481 1798 2677 1865 Ἔλεγε
2704 1797 2815 1870 γὰρ
2847 1799 2925 1869 τῷ
2957 1800 3099 1868 ἁγίῳ
3136 1797 3425 1869 προφήτην
3460 1795 3623 1857 Εἰπὲ,
3655 1794 3731 1847 υἱὲ

482 1890 803 1957 probarunt.
847 1889 983 1945 Nam
1011 1905 1135 1945 cum
1166 1891 1446 1961 pr0phetze
1472 1890 1708 1945 dixisset
1730 1890 1871 1946 Deus
1899 1909 1911 1944 :
1938 1889 2057 1955 Dic,

2166 1891 2517 1961 drUfo'mov,
2564 1890 2793 1944 ὀστοῦν
2840 1890 2988 1959 πρὸς
3036 1889 3282 1954 ὀστοῦν,
3328 1886 3429 1941 καὶ
3463 1886 3732 1955 ἁρμονίαν

480 1979 562 2047 ﬁli
594 1980 846 2043 hominis,
883 1992 941 2037 ut
976 1999 1033 2037 os
1066 1982 1134 2037 ad
1169 1998 1249 2048 os,
1283 1992 1332 2036 et
1364 1986 1622 2052 functura
1661 1983 1730 2035 ad
1748 1984 2060 2051 juncturam

480 2069 745 2125 redeat‘:
776 2078 891 2125 tum
925 2070 1255 2142 stupendum
1294 2071 1513 2125 virtutis
1557 2070 1758 2125 divinae
1785 2071 2061 2141 specimen

479 2162 728 2234 contigit,
771 2172 851 2226 ut,
896 2177 1023 2217 cum
1065 2162 1308 2217 nondum
1358 2161 1556 2217 infusa:
1596 2173 1786 2218 essent
1824 2162 2060 2226 animas,

478 2254 573 2308 sed
627 2253 779 2308 arida
825 2254 1093 2309 duntaxat
1149 2270 1276 2311 ossa
1326 2264 1699 2326 superessent,
1746 2268 1854 2308 non
1899 2254 2062 2308 modo

477 2344 730 2401 movendi
762 2346 847 2403 sui
877 2345 987 2418 93
1026 2346 1133 2401 vim
1168 2346 1233 2400 ad
1268 2347 1515 2401 divinum
1548 2345 1682 2400 illud
1715 2359 1855 2413 opus
1894 2343 2063 2398 habe-

479 2446 630 2501 rent,
663 2437 760 2492 sed
810 2446 865 2493 et
896 2440 1167 2509 sapientia
1205 2438 1674 2509 intelligentiaque
1698 2436 1925 2491 minime
1944 2436 2062 2489 vul-

477 2529 597 2599 gari
632 2544 761 2586 ossa
808 2530 899 2583 illa
938 2532 1161 2600 praedita
1206 2530 1522 2586 viderentur
1551 2548 1563 2583 :
1590 2544 1699 2583 non
1750 2528 1895 2583 enim
1940 2542 2063 2598 qua:

480 2622 659 2677 vicina
689 2623 855 2692 capiti
887 2630 1036 2690 sunt,
1072 2624 1138 2679 ad
1172 2625 1335 2694 pedes
1368 2622 1603 2692 quadam
1636 2621 1910 2676 oblivione
1942 2635 2063 2676 sese

479 2712 865 2781 conferebant;
890 2730 1066 2784 neque
1097 2716 1223 2769 colli
1251 2714 1535 2777 vertebrae,
1562 2711 1628 2765 ad
1654 2712 1888 2765 talorum
1916 2724 2065 2763 com-

479 2806 751 2862 missuras
782 2807 1106 2862 aberrantes
1135 2807 1317 2861 locum
1347 2804 1667 2875 quaerebant
1698 2820 1711 2856 :
1744 2802 1839 2858 sed
1868 2817 2063 2855 unum-

478 2898 739 2969 quodque
766 2899 976 2954 ossium
1007 2900 1087 2955 sic
1111 2938 1128 2963 ,
1162 2906 1426 2967 tauquam
1465 2895 1817 2965 intelligentia
1864 2894 2061 2964 praedi-

478 2996 596 3043 tum
637 2998 820 3055 esset,
869 2990 1061 3057 agitari
1113 2989 1477 3060 progredique
1518 2988 1697 3042 visum
1737 2992 1855 3049 est,
1907 2992 1962 3040 et
1996 2984 2062 3037 ad

477 3095 797 3153 compagem
858 3081 1237 3138 adhaarescere
1304 3096 1484 3137 suam.
1542 3078 1817 3145 Quocirca
1880 3085 2063 3146 potest

478 3170 645 3235 Deus,
690 3173 737 3228 si
780 3172 950 3236 lubet,
997 3173 1209 3228 animas
1253 3172 1373 3228 sine
1414 3170 1743 3240 corporibus
1773 3168 2055 3222 excitare:

475 3263 571 3334 qui
616 3263 670 3318 in
715 3278 782 3319 eo
824 3265 967 3318 viam
1010 3277 1164 3318 suam
1206 3276 1271 3316 ac
1314 3261 1611 3331 potentiam
1645 3258 2055 3328 comprobavit,

475 3353 624 3425 quod
651 3353 801 3409 istud
842 3353 1021 3423 ipsum
1059 3352 1207 3423 quod
1238 3354 1473 3407 maxime
1508 3352 1578 3407 ab
1610 3351 1927 3406 hominibus
1961 3351 2059 3404 de-

477 3450 757 3514 speratum
787 3450 955 3503 esset,
989 3442 1320 3498 reviviscere
1349 3451 1473 3496 ante
1511 3449 1706 3497 cariora
1751 3440 1935 3494 omnia
1966 3456 2061 3494 vo-

477 3534 645 3588 luerit
676 3547 773 3602 per
812 3533 1130 3586 mandatum
1176 3532 1310 3584 illud
1360 3532 1503 3601 quod
1550 3530 1823 3586 Ezechicli
1872 3530 2060 3583 datum

476 3628 583 3677 est.
615 3620 803 3692 Neque
835 3632 965 3677 vero
1004 3621 1176 3675 dixit:
1208 3620 1367 3687 Iube,
1411 3622 1482 3675 Illi
1528 3622 1790 3683 hominis,
1824 3622 2058 3693 primum

476 3710 735 3767 advenire
764 3711 1019 3781 spiritum
1046 3728 1059 3764 :
1090 3710 1185 3766 sed
1219 3711 1394 3781 prius,
1438 3711 1585 3782 quod
1614 3710 1885 3765 diﬁlcilius
1912 3712 2062 3766 vide-

476 3800 670 3867 batur,
713 3800 1077 3856 informanda:
1130 3802 1253 3857 ﬁdei
1298 3803 1473 3872 gratia
1522 3805 1746 3875 planum
1792 3819 1856 3856 ac
1902 3803 2061 3859 facile

476 3891 744 3958 reddidit,
786 3893 890 3948 hoc
928 3901 1034 3959 est,
1084 3908 1316 3965 corpora
1362 3896 1481 3966 ipsa
1526 3894 1954 3965 conglutinavit,
1997 3911 2060 3951 ac

475 3993 592 4038 tutu
628 3986 843 4039 auimas
879 3985 932 4039 in
961 3999 1195 4055 corpora
1230 3985 1417 4040 subire
1440 3986 1630 4056 jussit.
1692 3985 1756 4042 Et
1801 3988 2057 4054 surrexit,

474 4077 677 4150 inquit,
725 4078 907 4149 ingens
946 4078 1101 4132 turba
1123 4079 1164 4133 ⁸.
1218 4074 1406 4148 Itaque
1455 4095 1582 4133 cum
1634 4076 1797 4144 Deus,
1842 4082 1919 4133 uti
1965 4081 2058 4135 de-

472 4180 841 4226 monstratum
888 4178 1005 4237 est,
1060 4172 1229 4226 vitam
1276 4171 1527 4243 corporis
1582 4171 1894 4241 instaurare
1940 4174 2059 4229 sine

472 4263 654 4319 anima
688 4264 884 4335 possit,
943 4280 1147 4335 corpus
1188 4272 1369 4319 tamen
1422 4264 1601 4334 ipsum
1645 4279 1743 4333 per
1782 4281 1904 4321 sese
1939 4268 2058 4322 sine

473 4353 656 4407 anima
685 4353 1043 4408 condemnari
1081 4369 1192 4407 non
1232 4361 1437 4422 potest;
1485 4352 1649 4407 habet
1688 4354 1833 4407 enim
1863 4354 2058 4423 justis-

475 4441 673 4495 simam
707 4442 1106 4505 defensionem,
1148 4452 1312 4511 quam
1345 4444 1609 4497 adversus
1646 4443 1891 4498 divinum
1919 4446 2059 4514 judi-

2167 1989 2317 2056 πρὸς
2350 1988 2663 2057 ἁρμονίαν.
2718 1986 2824 2040 Καὶ
2874 1981 2943 2056 ἦν
2995 1985 3275 2055 Θαυμάσαι
3320 1984 3421 2052 τὴν
3476 1982 3569 2034 τοῦ
3615 1980 3731 2033 Θεοῦ

2164 2080 2418 2149 δύναμιν,
2445 2079 2527 2131 ὅτι
2569 2078 2797 2148 μηδέπω
2830 2076 2937 2130 τῶν
2973 2074 3165 2145 ψυχῶν
3192 2072 3589 2145 ἐμϐληθεισῶν,
3615 2070 3733 2124 ἀλλά

2167 2170 2346 2241 ξηρῶν
2381 2170 2554 2223 ὄντων
2580 2171 2809 2231 ὀστέων,
2841 2169 2901 2221 οὐ
2937 2168 3100 2239 μόνον
3143 2165 3235 2218 τοῦ
3268 2164 3537 2218 κινεῖσθαι
3573 2161 3733 2232 ἕχων⁸

2163 2262 2394 2332 δύναμιν
2432 2263 2524 2315 ἐπὶ
2557 2261 2658 2331 τῆς
2695 2259 2791 2314 τοῦ
2835 2260 2970 2312 Θεοῦ
3002 2257 3275 2330 πράξεως,
3311 2254 3451 2308 ἀλλὰ
3492 2254 3587 2308 καὶ
3622 2270 3732 2305 συν-

2165 2356 2337 2419 έσεως
2390 2355 2459 2408 τὰ
2518 2355 2652 2408 ὀστᾶ
2696 2350 3004 2423 ἐνεπλήσθη
3073 2351 3166 2407 καὶ
3216 2347 3477 2417 γνώσεως
3545 2346 3604 2399 οὐ
3650 2348 3734 2414 τῆς

2165 2447 2438 2518 τυχούσης
2458 2464 2472 2477 ·
2509 2446 2569 2499 οὐ
2600 2444 2709 2515 γὰρ
2735 2442 2805 2497 τά
2836 2443 2972 2513 πρὸς
2998 2444 3126 2505 τοὺς
3163 2441 3328 2503 πόδας
3362 2438 3547 2501 ὀστέα,
3588 2438 3734 2505 ἐγγὺς

2163 2539 2263 2607 τῆς
2299 2537 2541 2607 κεφαλῆς
2574 2534 2717 2589 κατά
2753 2533 2926 2607 λήθην
2958 2533 3200 2596 ὲδάδιζεν
3224 2548 3237 2561 ·
3268 2531 3390 2583 οὐδὲ
3416 2532 3467 2583 οἱ
3503 2528 3596 2582 τοῦ
3619 2544 3733 2597 τρα-

2164 2630 2328 2699 χήλου
2355 2627 2657 2689 σπόνδυλοι,
2682 2643 2748 2678 πε
2758 2626 2813 2697 pl.
2836 2625 2934 2688 τὰς
2962 2623 3070 2677 τῶν
3100 2621 3463 2694 ἀστραγάλων
3492 2619 3735 2692 ἁρμονίας

2168 2720 2513 2790 πλανώμενοι
2565 2719 2659 2771 τὸν
2702 2718 2865 2770 τόπον
2915 2716 3175 2785 ἐζήτουν
3223 2711 3337 2766 ἀλλ’
3376 2713 3609 2765 ἕκαστον
3643 2708 3735 2760 τῶν

2166 2812 2370 2863 ὀστέων
2404 2809 2499 2863 καὶ
2541 2807 2764 2880 ἐκινήθη
2803 2808 2895 2861 καὶ
2930 2806 3144 2871 ἐϐάδιζε
3189 2805 3332 2858 κατὰ
3369 2804 3619 2865 σύνεσιν,
3656 2799 3735 2853 καὶ

2164 2907 2231 2974 τῇ
2265 2902 2428 2956 αὐτοῦ
2464 2900 2697 2973 ἁρμονία
2725 2899 3093 2970 προσετίθετο.
3121 2898 3182 2950 Ei
3211 2896 3340 2964 γοῦν
3367 2894 3517 2948 θέλει
3547 2896 3575 2947 ὁ
3598 2892 3732 2952 Θεῦς,

2165 2992 2388 3045 δύναται
2423 2991 2517 3043 καὶ
2552 2989 2779 3059 σώματα
2814 2988 2941 3041 ἄνευ
2969 2985 3146 3057 ψυχῆς
3184 2987 3418 3055 ἐγεῖραι.
3459 2984 3547 3037 Ἑν
3579 2980 3734 3050 τούτῳ

2164 3083 2275 3154 γὰρ
2308 3084 2369 3135 τὸ
2398 3080 2623 3135 δυνατὸν
2667 3079 2833 3133 αὐτοῦ
2877 3078 3095 3143 ἔδειξεν,
3137 3079 3195 3130 ἐν
3225 3075 3302 3146 τῷ
3344 3075 3406 3128 τὸ
3450 3073 3602 3147 παρὰ
3640 3074 3735 3133 τοῖς

2166 3174 2475 3245 ἀνθρώποις
2508 3172 2943 3245 ἀπηλπισμένον,
2990 3172 3168 3223 ἐκεῖνο
3210 3169 3429 3240 πρῶτον
3475 3162 3732 3226 ἀναϐιοῦν,

2163 3265 2253 3319 διὰ
2277 3265 2338 3318 τὸ
2369 3265 2447 3336 τῷ
2489 3264 2751 3335 Ἰεζεκιὴλ
2798 3262 3246 3334 προστεταχέναι.
3281 3259 3393 3314 Καὶ
3426 3258 3530 3312 οὐκ
3566 3251 3732 3310 εἶπεν·

2163 3357 2319 3419 Είπὲ,
2345 3357 2428 3408 υἱὲ
2456 3354 2770 3427 ἀνθρώπου,
2798 3352 3016 3425 πρῶτον
3047 3351 3221 3405 ἐλθεῖν
3249 3352 3311 3405 τὸ
3339 3348 3563 3420 πνεῦμα
3581 3365 3593 3377 ·
3617 3343 3735 3401 ἀλλὰ

2166 3444 2307 3516 μετά
2336 3446 2399 3498 τὸ
2436 3444 2808 3516 ἐξευμαρῆσαι
2837 3444 2857 3474 ⁵
2885 3443 2947 3497 τὸ
2984 3440 3246 3513 δυσχερὲς
3279 3440 3368 3494 διὰ
3416 3442 3518 3511 τὴν
3554 3439 3733 3499 πίστιν,

2163 3539 2308 3609 φημὶ
2349 3536 2405 3591 δὲ
2458 3537 2521 3590 τὸ
2578 3535 2647 3590 τά
2707 3536 2938 3606 σώματα
2998 3533 3375 3606 συναφθῆναι,
3406 3534 3531 3587 τότε
3582 3545 3733 3601 προς·

2162 3629 2320 3695 έταξε
2346 3628 2445 3693 τάς
2469 3628 2647 3699 ψυχὰς
2684 3626 2947 3682 εἰσελθεῖν
2980 3629 3058 3691 είς
3086 3626 3225 3680 αὺτά
3246 3625 3317 3679 τά
3344 3624 3597 3697 σώματα.
3641 3619 3735 3676 Καὶ

2162 3719 2413 3787 ἀνέστη,
2449 3721 2604 3791 φησὶ,
2643 3718 2847 3787 πολλὴ
2887 3718 3235 3789 συναγωγή.
3272 3718 3545 3772 Δύνασθαι
3576 3716 3734 3770 τοίνυν

2161 3810 2254 3863 τὸν
2304 3810 2436 3863 Θεὸν
2481 3810 2706 3881 ποιῆσαι
2746 3810 2883 3881 ἔφην
2927 3812 3023 3863 καὶ
3067 3810 3226 3882 σῶμα
3274 3809 3396 3879 δίχα
3424 3808 3603 3879 ψυχῆς
3623 3808 3735 3861 ἀνα-

2163 3900 2335 3965 ϐιοῦν,
2380 3901 2524 3955 καθά
2573 3901 2985 3973 προδέδεικται·
3013 3900 3128 3954 ἀλλ’
3153 3902 3214 3954 οὑ
3249 3900 3475 3955 δύναται
3500 3898 3734 3971 κριθῆναι

2162 3992 2324 4046 ἐαυτὸ
2360 3992 2421 4045 τὸ
2469 3992 2662 4063 σῶμαο
2718 3992 2831 4063 ἔχει
2880 3992 2990 4063 γὰρ
3038 3992 3253 4045 δικαίαν
3300 3991 3599 4059 ἀπολογίαν
3636 3985 3731 4057 (46)

2162 4085 2300 4157 πρδς
2336 4085 2435 4156 τὴν
2475 4084 2569 4139 τοῦ
2626 4085 2762 4138 θεοῦ
2808 4086 3013 4157 κρίσιν.
3054 4088 3258 4141 Φάσκει
3303 4085 3417 4157 γὰρ
3468 4086 3563 4139 καὶ⁵
3618 4078 3733 4136 αὐτὸ

2160 4174 2355 4242 λέγον·
2396 4173 2493 4227 Ἐκ
2536 4175 2635 4245 τῆς
2662 4175 2841 4246 ψυχῆς
2888 4175 3105 4247 ἐκείνης
3142 4170 3211 4246 ἧν
3255 4176 3289 4245 ἠ
3328 4176 3616 4247 ἁμαρτία,
3647 4172 3732 4225 οὐκ

2160 4264 2311 4335 ήμην
2366 4263 2538 4316 αἴτιον
2593 4263 2745 4331 ἐγὼο
2813 4264 2997 4330 ἐξότου
3044 4266 3152 4335 γὰρ
3211 4263 3395 4335 ἐκείνη
3468 4266 3562 4319 ἀπ’
3614 4258 3730 4332 ἐμοῦ

2160 4350 2395 4421 ἀπέστη,
2424 4349 2498 4421 μὴ
2532 4350 2865 4421 ἐμοίχευσα;
2898 4353 2974 4423 μὴ
2998 4354 3332 4423 ἐπόρνευσα;
3366 4355 3445 4425 μὴ
3475 4351 3730 4418 κέκλοφας

2166 4437 2241 4509 μὴ
2276 4439 2769 4510 εἰδωλολάτρευσα;
2817 4442 2892 4513 μή
2938 4460 2991 4495 τι
3025 4443 3133 4497 τῶν
3166 4443 3423 4497 τοιούτων
3454 4443 3730 4515 ἀμπλακη-

477 4531 625 4587 cium
660 4540 938 4602 opponat:
966 4547 1090 4586 nam
1121 4541 1175 4587 et
1216 4532 1393 4601 ipsum
1427 4548 1524 4601 pro
1562 4548 1621 4587 se
1654 4533 1797 4589 istud
1822 4536 2057 4606 allegare

2168 4530 2355 4599 μάτων
2392 4533 2769 4604 είργασάμην;
2817 4536 2927 4587 Καὶ⁵
2959 4534 3113 4588 ἔσται
3144 4536 3288 4589 κατά
3332 4536 3427 4589 τὸν
3461 4535 3568 4589 τῶν
3602 4531 3731 4601 φιλο-

478 4621 809 4692 potestzAb
858 4622 1042 4675 anima
1088 4622 1177 4675 illa
1216 4630 1498 4692 peccatum
1544 4638 1706 4677 omne
1754 4624 2055 4695 profectum

475 4719 563 4768 est
590 4730 606 4767 :
639 4716 742 4783 ego
765 4712 896 4783 quid
928 4712 1119 4783 potui?
1148 4728 1274 4768 nam
1303 4728 1366 4768 ex
1392 4728 1502 4785 quo
1531 4728 1559 4766 a
1588 4726 1674 4769 me
1705 4715 1818 4770 haec
1844 4716 2060 4775 absces-

475 4802 569 4867 sit,
616 4817 747 4856 num
800 4801 1133 4858 adulterium
1180 4810 1274 4857 aut
1320 4803 1737 4859 fornicationem
1784 4806 2059 4864 furtumve

474 4893 763 4950 commisi?
800 4910 930 4949 uum
962 4894 1108 4949 idola
1138 4894 1324 4948 colui?
1364 4910 1493 4950 num
1525 4902 1848 4950 czcterorum
1883 4899 2061 4953 crimi-

474 4999 606 5039 num
639 4986 857 5054 aliquod
905 4986 1253 5055 perpetravi?
1302 4985 1377 5039 Ita
1418 5001 1482 5040 ex
1529 4988 1895 5055 pervicacium
1927 4989 2059 5045 isto-

474 5090 598 5129 rum
630 5077 901 5130 senteutia
934 5074 1025 5132 Dei
1051 5078 1319 5146 judicium
1365 5079 1528 5135 inane
1557 5086 1612 5132 et
1643 5078 1832 5134 inutile
1872 5080 2053 5135 fuerit.

475 5164 747 5232 Quocirca
791 5166 870 5220 uti
917 5181 1120 5236 corpus
1161 5177 1217 5224 et.
1249 5170 1429 5223 anima
1462 5169 1515 5222 in
1550 5185 1716 5223 unum
1763 5170 2055 5239 conjuncta

478 5271 646 5311 unum
689 5256 965 5311 hominem
1012 5258 1319 5314 conﬂarunt
1364 5274 1394 5311 a
1434 5258 1542 5314 Deo
1574 5259 1902 5328 productum
1933 5278 1945 5314 :
1975 5266 2057 5318 sic

2166 4627 2364 4681 νείκων
2389 4628 2546 4697 λόγον
2572 4630 2855 4702 ἄπρακτος
2892 4634 2926 4704 ὴ
2956 4632 3049 4687 τοῦ
3072 4631 3207 4685 Θεοῦ
3241 4632 3443 4701 κρίσις.
3479 4627 3576 4680 Διὰ
3593 4622 3730 4677 τοῦτο

2165 4716 2241 4781 ὡς
2265 4714 2333 4790 ἦν
2364 4719 2424 4773 τὸ
2454 4720 2611 4791 σῶμα
2633 4723 2724 4776 καὶ
2746 4724 2778 4793 ἡ
2802 4722 2948 4794 ψυχὴ
2988 4722 3240 4786 σύνθετος
3266 4717 3345 4783 εἷς
3366 4719 3644 4790 ἄνθρωπος
3676 4714 3728 4764 ἐκ

2166 4810 2303 4863 Θεοῦ
2353 4814 2675 4884 γενόμενος,
2732 4810 2887 4878 αὖθις
2934 4818 2962 4868 ὀ
2998 4813 3205 4877 δίκαιος
3247 4812 3443 4883 κριτὴς
3488 4811 3547 4863 τὸ
3591 4805 3729 4873 σῶμα

2165 4901 2393 4973 ὲἰἐίρειν
2426 4906 2517 4957 καὶ
2542 4907 2641 4976 τὴν
2676 4908 2855 4979 ψυχὴν
2902 4906 3069 4960 αὑτοῦ
3120 4908 3178 4959 ἐν
3217 4902 3368 4974 αὑτῴ
3398 4903 3612 4962 δίδωσι,
3648 4892 3728 4946 καὶ

2163 4993 2339 5057 οὕτως
2384 4996 2570 5049 δικαία
2598 5000 2889 5070 γενήσεται
2921 5002 2953 5069 ἡ
2986 4998 3081 5052 τοῦ
3125 4997 3263 5050 Θεοῦ
3314 4994 3499 5065 κρίσις
3519 5033 3535 5055 ι
3570 4991 3726 5058 ἀμφο-

2162 5083 2338 5154 τέρων
2372 5088 2806 5153 κοινωνούντων,
2843 5089 2875 5159 ἢ
2909 5088 3010 5158 τῆς
3035 5088 3103 5141 δι’
3138 5086 3414 5157 ἁμαρτίας
3442 5077 3725 5151 τιμωρίας,

2162 5174 2193 5242 ἦ
2237 5175 2335 5244 τῆς
2386 5177 2452 5230 δι’
2496 5178 2698 5249 ἀρετὴν
2736 5176 3074 5244 θεοσεϐείας,
3141 5178 3237 5232 καὶ
3286 5175 3389 5246 τῆς
3448 5168 3725 5245 μελλούσης

2169 5262 2516 5326 ἀποδίδοσθαι
2554 5273 2667 5335 τοῖς
2710 5272 2884 5341 ἁγίοις
2918 5270 3369 5341 μισθαποδοσῖας-

471 5350 653 5418 justus
682 5350 775 5405 ille
836 5351 1002 5420 judex
1045 5365 1245 5421 corpus
1282 5353 1505 5418 excitat,
1567 5368 1631 5407 ac
1671 5370 1826 5410 suam
1870 5354 1945 5408 illi
1989 5360 2227 5413 animam
2265 5362 2523 5419 infundit.
2581 5367 2760 5437 Atque
2823 5367 2925 5420 hoc
2961 5378 3122 5435 pacto
3154 5365 3367 5433 justum
3416 5367 3501 5417 est
3526 5353 3616 5409 Dei
3648 5348 3726 5418 iu'

475 5440 701 5506 dicium,
743 5458 870 5497 cum
913 5442 1087 5497 ambae
1129 5452 1313 5513 partes
1349 5446 1465 5500 sive
1497 5447 1783 5502 constituti
1835 5460 2063 5518 peccato
2102 5456 2382 5526 supplicii,
2414 5458 2531 5512 sive
2560 5460 2750 5529 pietati
2782 5460 3082 5531 virtutique
3106 5473 3170 5512 ac
3212 5456 3424 5512 sanctis
3487 5446 3717 5506 omni“?

478 5535 759 5600 promissae
786 5534 971 5604 gloria:
1000 5536 1386 5591 communione
1414 5536 1735 5607 junguntur.

550 5646 566 5675 ¹
601 5644 798 5700 Erech.
826 5664 1033 5714 xxxvn,
1062 5647 1113 5702 7.
1190 5648 1210 5680 ’
1240 5648 1371 5703 ibid.
1402 5649 1489 5703 10.
1566 5651 1587 5683 ³
1617 5650 1676 5705 F.
1705 5647 1871 5723 εἶχον.
1949 5652 1969 5686 ⁸
1997 5656 2059 5709 Rt

2164 5656 2247 5722 ἐξε
2257 5660 2535 5730 ρευνῆσαι.

545 5735 861 5822 (ἀϐλἝχει
897 5740 1004 5808 γὰρ
1044 5739 1286 5795 δικαίαν
1329 5742 1683 5811 ἀπολογίαν.
1736 5745 1810 5801 Dc
1853 5747 2041 5803 codem

2164 5766 2178 5806 :
2234 5762 2556 5822 argumento
2586 5755 2707 5812 vide
2735 5772 3028 5813 numerum
3093 5756 3159 5810 72
3196 5756 3467 5813 haereseos
3530 5746 3612 5813 διν
3667 5740 3713 5795 in

475 5802 733 5862 I’attario.
