3994 6410
211 417 307 471 181

1624 424 2066 485 ΑΜΖΟΠᾹῚἪΞ.

3367 430 3470 483 18?.

280 530 602 586 ΠΘ’.Ταῦτα
616 531 669 586 δὲ
692 535 768 597 εἰς
782 536 1119 606 παράστασιν
1136 538 1229 608 τῆς
1245 538 1501 610 ἀληθείας
1517 541 1615 611 τῆς
1632 541 1772 612 ἡμῶι

1969 543 2253 600 LXXXIX.
2290 545 2412 600 llaec
2444 562 2543 600 nos
2570 545 2634 599 ad
2654 545 2932 600 veritatem
2961 544 3074 614 spei
3102 551 3302 600 nostrae
3322 559 3470 608 com-

206 620 425 686 ἐλπίδος
462 624 661 690 ἱκανῶς
697 626 840 697 ἔχειν
875 628 1214 698 νομίζοντες,
1244 631 1400 699 ὀλίγα
1427 633 1548 686 ἀντί
1575 634 1783 688 πολλῶν

206 714 582 802 ⁴παρεθέμεθα.
616 717 715 771 Διά
740 717 798 771 δὲ
823 719 949 783 τοὺς
980 720 1239 789 λέγοντας
1267 722 1376 802 (47)
1407 723 1594 796 ἕτερον
1629 725 1786 796 σῶμα

202 799 324 851 ἀντὶ
361 799 459 852 τοῦ
508 802 795 867 πίπτοντος
841 806 1185 878 ἐγείρεσθαι,
1229 799 1390 865 πάλιν
1430 815 1509 882 τῷ
1554 813 1786 885 καμάτῳ

201 889 635 960 προστιθέμεθα,
673 893 952 966 ὠφελῆσαι
999 899 1126 962 τοὺς
1155 899 1510 972 βουλομένους
1546 907 1784 958 συνιέναι

199 983 298 1036 καὶ
349 982 451 1053 τὴν
508 985 678 1056 αὐτὴν
736 981 891 1057 ζωὴν
942 989 1204 1044 ἀπολέσαι
1269 993 1345 1064 μὴ
1410 997 1784 1068 πειρωμένους

201 1071 541 1141 βουλόμενοι.
583 1075 795 1129 Γένοιτο
848 1077 958 1150 γάρ
1003 1078 1234 1150 κάμνειν
1294 1084 1443 1154 ἡμᾶς
1484 1086 1611 1149 τοὺς
1658 1087 1784 1140 έλα-

200 1161 425 1230 χίστους
451 1163 544 1216 καὶ
570 1165 913 1235 οὐδαμινοὺς,
949 1169 1044 1222 καὶ
1074 1169 1284 1236 πάντας
1313 1173 1660 1243 ὠφελεῖσθαι.
1691 1177 1783 1229 καὶ

202 1254 279 1340 μὴ
330 1256 616 1326 ἀρνεῖσθαι
647 1259 943 1316 ἀνάστασιν
991 1264 1089 1336 τῆς
1121 1266 1398 1338 ἡμετέρας
1454 1269 1676 1340 σαρκὸς,
1725 1271 1782 1322 ὲν

199 1337 346 1414 ᾗπερ
381 1347 492 1410 πᾶς
536 1347 564 1398 ὁ
597 1347 868 1422 θησαυρὸς
903 1353 998 1407 καὶ
1044 1356 1248 1426 κρηπὶς
1275 1337 1474 1422 παντὸς
1507 1337 1783 1430 σώφρονος

198 1433 492 1506 λογισμοῦ,
536 1439 630 1492 καὶ
663 1443 844 1513 πάσης
887 1444 1257 1519 ἀγαθοεργίας
1292 1451 1448 1515 ἐλπὶς
1491 1452 1779 1519 διάκειται,

199 1528 340 1580 κατὰ
363 1529 426 1581 τό
451 1532 740 1602 εἰρημένον
757 1552 770 1565 ·
801 1537 1087 1605 Ἔχοντες
1107 1540 1216 1593 τὸν
1235 1544 1542 1612 θησαυρὸν
1568 1545 1784 1600 τοῦτον

195 1619 266 1670 ἐν
296 1621 681 1690 ὀστρακίνοις
712 1627 972 1696 σώμασι,
998 1631 1095 1684 καὶ
1134 1632 1206 1686 τά
1232 1633 1382 1705 ἑξῆς.
1424 1636 1780 1707 Ἑγκρατευό-

196 1710 339 1779 μεθα
399 1713 510 1786 γάρ
541 1717 592 1770 οἱ
641 1718 926 1784 ἀσθενεῖς,
973 1725 1362 1795 ἀγνευόμενοι,
1413 1729 1780 1800 ἐλεημοσύνας

193 1801 567 1874 έπιποθοῦμεν
613 1810 785 1864 ποιεῖν
838 1811 884 1863 ot
922 1811 1211 1879 ἀδύνατοι,
1248 1815 1338 1869 διά
1369 1817 1468 1887 τὴν
1499 1818 1606 1871 τῶν
1631 1819 1782 1872 ὲλπι-

1900 636 2238 706 probandam
2269 638 2517 693 sullirere
2542 637 2668 700 rati,
2700 653 2730 691 e
2758 636 2946 691 multis
2981 649 3153 705 pauca
3185 636 3463 704 proposui-

1896 741 2036 782 mus.
2095 725 2252 782 Nunc
2308 727 2574 783 adversus
2637 727 2790 790 illos,
2850 726 2944 796 qui
2997 725 3143 780 aliud
3194 725 3464 794 quoddam

1893 833 2095 887 corpus
2151 820 2220 873 ab
2273 834 2340 873 eo
2387 820 2531 888 quod
2587 817 2805 882 cecidit,
2858 816 3084 871 excitari
3131 823 3344 884 putant,
3401 815 3466 867 ad

1895 918 2214 980 susceptum
2241 909 2556 979 disputandi
2586 910 2824 963 laborem
2849 906 3098 962 nonnihil
3125 906 3466 975 adjiciamus,

1896 1006 1957 1053 ut
2004 1015 2099 1056 eos
2153 1001 2246 1070 qui
2293 1001 2596 1072 intelligere
2644 1001 2746 1055 ista
2785 999 3089 1063 voluerint,
3132 1005 3188 1053 et
3235 998 3467 1052 salutem

1890 1093 2130 1148 retinere
2161 1093 2494 1157 studuerint,
2527 1093 2869 1163 adjuvemus.
2896 1090 3082 1162 Neque
3103 1105 3232 1146 vero
3261 1089 3467 1146 tenuis-

1889 1184 2045 1239 simis
2079 1185 2243 1241 nobis
2278 1199 2343 1239 ac
2369 1185 2574 1239 nullius
2607 1185 2762 1254 pretii
2797 1183 3109 1238 hominibus
3147 1180 3464 1235 detrectan-

1888 1275 1992 1330 dus
2025 1276 2138 1348 94
2181 1277 2331 1332 labor
2361 1284 2482 1332 est:
2524 1278 2570 1330 si
2617 1276 2778 1330 modo
2816 1291 2879 1330 ea
2923 1275 2976 1328 in
3026 1288 3218 1329 omnes
3259 1272 3467 1325 utilitas

1886 1366 2163 1421 derivetur
2191 1377 2242 1421 ut
2279 1383 2347 1422 ne
2367 1370 2549 1422 carnis
2577 1375 2778 1421 nostrae
2810 1365 3267 1421 resurrectionem
3299 1363 3467 1416 abue-

1885 1467 2036 1530 gent,
2081 1460 2134 1513 in
2169 1475 2276 1530 qua
2315 1461 2607 1516 thesaurus
2640 1459 2818 1514 omnis
2846 1468 2900 1513 et
2935 1472 3081 1512 sana:
3125 1455 3324 1510 ruentis
3371 1455 3464 1507 lir-

1889 1558 2249 1615 mamentum,
2273 1564 2337 1603 ac
2365 1549 2492 1603 boni
2517 1549 2697 1602 omnis
2719 1547 2881 1602 ollicii
2908 1560 3033 1616 spes
3052 1553 3170 1600 est:
3200 1543 3464 1597 [labentes

1887 1639 2194 1692 thesaurum
2216 1640 2353 1694 hunc
2382 1642 2433 1694 in
2458 1640 2708 1709 ﬁctilibus
2736 1639 3040 1708 corporibus
3064 1640 3106 1706 ³,
3129 1646 3234 1695 etc.
3256 1637 3466 1707 Quippe

1885 1745 1988 1786 nos
2043 1732 2344 1790 imbecilles
2400 1733 2528 1788 licet
2586 1731 2984 1788 continentiam
3038 1745 3102 1784 ac
3157 1730 3465 1786 castitatem

1884 1823 2147 1886 colimus,
2193 1832 2248 1879 et
2302 1825 2354 1877 in
2413 1839 2680 1894 pauperes
2733 1823 2960 1879 benelici
3005 1837 3130 1880 esse
3180 1821 3466 1878 studemus

191 1893 447 1964 ζομένων
493 1897 795 1952 ἀπόλαυσιν
825 1902 927 1972 τῆς
973 1903 1083 1958 τῶν
1143 1906 1354 1977 νεκρῶν
1399 1909 1772 1974 ἀναστάσεωςε

1887 1912 2142 1981 quamvis
2178 1911 2378 1968 infirmi
2416 1893 2480 1968 ac
2513 1913 2742 1977 debiles,
2777 1921 2836 1967 ut
2864 1913 2931 1970 iis
2964 1913 3130 1968 rebus
3165 1927 3303 1982 quas
3339 1929 3464 1982 spe-

190 1989 290 2040 καὶ
324 1988 500 2054 οὕτως
525 1991 552 2044 ό
575 1990 798 2062 κάμνων
828 1993 1220 2066 τεθεμελίωται
1252 1998 1487 2061 πίστεως
1509 2001 1602 2054 καὶ
1633 1999 1781 2053 ἐλπί-

187 2079 320 2142 δος,
368 2080 506 2134 Θεοῦ
558 2083 791 2155 ἀγάπης·
821 2089 1144 2160 μαρτυρίῳ,
1187 2091 1283 2142 καὶ
1335 2092 1475 2164 ὑπὲρ
1519 2092 1780 2162 ὀνόματος

184 2169 328 2223 θεοῦ
362 2173 424 2224 ὲν
454 2172 715 2245 διωγμοῖς
753 2175 1001 2245 βασάνων
1047 2182 1143 2234 καὶ
1187 2181 1364 2236 ἄλλων
1395 2183 1780 2255 ἀπανθρώπων

183 2260 506 2326 κολάσεων,
557 2265 614 2316 ὲν
658 2267 770 2328 τοῖς
803 2265 879 2338 μὴ
933 2267 1289 2339 ἀρνουμένοις
1329 2271 1630 2328 ἀνάστασιν
1678 2275 1778 2344 τῆς

189 2356 347 2426 ἡμῶν
387 2356 615 2428 σαρκὸς,
662 2359 799 2414 ἀλλά
839 2361 1191 2416 πιστεύουσιν
1219 2362 1310 2417 ὅτι·
1347 2363 1480 2418 αύτὸ
1521 2365 1584 2418 τὸ
1617 2382 1773 2420 σπει-

184 2446 425 2518 ρόμενον
454 2449 514 2502 ὲν
540 2451 606 2520 τῇ
649 2453 724 2522 γῇ
769 2453 1196 2524 ὲνεργηθήσεται
1224 2457 1264 2509 ¹.
1301 2455 1405 2509 Δύο
1432 2456 1540 2528 γὰρ
1583 2460 1774 2528 σαφεῖς

183 2539 282 2591 καὶ
309 2537 530 2608 ἀληθεῖς
563 2543 870 2614 μαρτυρίας
895 2541 1101 2599 ἔδωκαν
1128 2546 1259 2617 ἡμῖν
1288 2548 1345 2599 αἱ
1369 2546 1510 2602 θεῖαι
1535 2548 1770 2618 Γραφαὶ,

184 2629 250 2681 δι’
290 2623 368 2683 ὧν
397 2631 678 2702 δυνάμεθα
707 2633 807 2705 τὴν
842 2634 946 2704 τῆς
993 2635 1150 2707 ἡμῶν
1199 2636 1544 2702 ἀναστάσεως
1582 2638 1772 2692 ἐλπίδα

186 2717 515 2784 γεκῦναι,καὶ
533 2720 613 2791 μὴ.
624 2721 888 2794 σφαλῆναι
908 2724 1098 2794 μύθοις
1114 2726 1436 2792 καινοδόξων
1449 2729 1545 2782 ἀνθ
1554 2727 1769 2800 ρώπων,

185 2809 610 2879 ἀπατηθέντων,
645 2814 740 2867 καὶ
769 2813 846 2885 τῷ
877 2814 976 2886 βίῳ
1005 2815 1118 2886 (48)
1155 2817 1374 2889 ἀπάτην
1419 2818 1768 2891 γραψάντων.

186 2899 282 2952 Ἶν’
322 2895 420 2953 οὖν
452 2901 526 2972 μὴ
557 2901 776 2968 πολλαῖς
813 2906 1142 2978 μαρτυρίαις
1179 2910 1473 2981 χρήσωμαι
1527 2909 1606 2980 (ού
1661 2909 1770 2982 γάρ

183 2990 322 3040 εἰσιν
346 2989 531 3059 ὀλίγαι
563 2993 621 3045 ἐν
656 2994 832 3064 Καινῇ
865 3012 923 3048 τε
949 2995 1052 3050 καὶ
1075 2998 1288 3070 Παλαιᾷ
1318 2999 1448 3070 περὶ
1488 3002 1586 3072 τῆς
1613 3001 1770 3072 ἡμῶν

183 3079 405 3143 ἐλπίδος·
433 3081 527 3135 καὶ
559 3082 953 3155 ἀναστάσεως),
974 3088 1258 3159 συντόμως
1301 3090 1413 3160 ἐρῶ
1446 3090 1605 3145 τοῦτο
1630 3091 1764 3163 (.59).

1887 2018 2096 2067 ramus,
2141 2005 2196 2060 in
2231 2013 2575 2061 mortuorum
2631 2006 2722 2060 illa
2769 2005 3172 2061 resurrectione
3218 2005 3466 2074 perfrua-

1885 2109 2030 2150 mur.
2064 2094 2142 2150 lta
2174 2097 2268 2167 qui
2313 2096 2526 2150 labores
2560 2096 2814 2164 suscipit,
2853 2093 2996 2157 tidei,
3035 2093 3148 2164 spei
3178 2107 3241 2146 ac
3267 2093 3468 2147 divina:

1883 2185 2180 2241 charitatis
2221 2180 2537 2242 testimonio
2572 2186 2857 2251 fundatur,
2894 2193 2947 2238 et
2977 2200 3074 2252 pro
3106 2184 3199 2238 Dei
3244 2185 3466 2238 nomine

1879 2278 1932 2332 in
1976 2279 2428 2348 persecutionum
2458 2278 2796 2335 cruciatibus
2828 2286 2883 2332 et
2917 2275 3285 2331 atrocissimis
3324 2291 3465 2345 sup-

1881 2369 2060 2438 pliciis
2094 2369 2236 2425 inter
2281 2384 2379 2426 eos
2408 2377 2741 2439 perseverat,
2773 2369 2866 2438 qui
2907 2368 3093 2424 carnis
3130 2375 3333 2422 nostra:
3373 2382 3462 2421 rc-

1881 2460 2278 2516 surrectionem
2301 2476 2408 2516 non
2435 2470 2657 2532 negant,
2684 2460 2781 2516 sed
2806 2460 2948 2516 idem
2977 2459 3109 2513 illud
3131 2458 3278 2528 quod
3299 2457 3462 2511 modo

1882 2552 2286 2621 proseminatur
2321 2553 2374 2606 in
2407 2559 2572 2618 terra,
2597 2562 3036 2608 resurrecturum
3058 2565 3182 2608 esse
3205 2550 3456 2605 credunt.

1883 2641 2029 2698 Duas
2073 2643 2218 2698 enim
2268 2644 2588 2714 perspicuas
2624 2659 2688 2700 ac
2727 2643 3068 2700 certissimas
3106 2642 3463 2696 auctoritates

1880 2748 2055 2789 sacrae
2087 2733 2247 2790 nobis
2287 2732 2502 2789 Littera:
2547 2733 2921 2804 suppeditant,
2958 2733 3162 2803 quibus
3209 2745 3462 2786 resurre-

1878 2823 2076 2878 ctionis
2108 2831 2311 2878 nostrae
2341 2837 2494 2892 spem
2517 2835 2850 2894 cognoscere
2884 2833 3199 2890 possumus,
3224 2833 3293 2871 ne
3335 2816 3458 2869 ina-

1878 2914 2027 2968 nium
2053 2913 2334 2967 hominum
2367 2911 2567 2967 fablllis
2599 2911 2961 2974 abducamur,
2994 2909 3162 2980 quiet
3201 2906 3301 2978 ipsi
3335 2904 3461 2958 falsi

1877 3008 2029 3065 sunt,
2069 3007 2124 3055 et
2156 2999 2398 3053 humano
2447 2999 2631 3068 generi
2669 2999 2784 3055 suis
2812 2997 3034 3067 scriptis
3069 2995 3322 3050 falsitatis
3362 3007 3460 3046 au-

1877 3099 2060 3146 ctores
2107 3089 2456 3144 exstiterunt.
2497 3087 2682 3154 Quare
2725 3105 2793 3143 ne
2837 3087 3088 3156 pluribus
3130 3081 3460 3138 testimoniis

182 3171 336 3226 adid
381 3183 526 3238 utar,
568 3177 828 3246 quoniam
871 3193 980 3234 non
1025 3195 1200 3252 pauca
1245 3190 1377 3238 sunt
1411 3184 1468 3238 in
1523 3181 1676 3239 Novo
1718 3198 1782 3238 ac
1822 3182 2016 3240 Vetere
2065 3182 2440 3246 Testamento,
2497 3180 2699 3252 quibus
2732 3193 2867 3250 spes.
2883 3188 3072 3233 nostra
3113 3190 3176 3229 ac
3205 3187 3453 3230 resurre-

180 3264 384 3320 ctionis
421 3265 556 3323 ﬁdes
589 3270 810 3336 nititur,
841 3273 1036 3340 paucis
1070 3274 1175 3330 ista
1211 3276 1565 3345 complectar.

256 3361 328 3422 Lf.
362 3355 429 3409 Ei
461 3357 588 3413 ἀλλο
613 3356 681 3432 ἦν
704 3361 766 3415 τὸ
787 3363 1159 3435 ἐγειρόμενον,
1189 3366 1443 3438 καθάπερ
1491 3368 1634 3432 τινὲς
1666 3367 1770 3438 φά-

1943 3359 2058 3416 XC.
2101 3357 2160 3414 Si
2184 3357 2332 3414 aliud
2356 3364 2506 3413 esset
2533 3355 2680 3427 quod
2714 3355 2948 3426 resurgit
2989 3369 3214 3426 corpus,
3244 3364 3302 3410 ut
3325 3371 3459 3411 non-

195 3462 430 3516 σκουσιν,
461 3450 561 3504 οὒκ
595 3451 664 3506 ἂν
706 3455 736 3508 ὁ
770 3455 1089 3522 ’Δπόστολος
1129 3457 1521 3525 διεϐεϐαιοῦτο,
1556 3459 1728 3526 λέγων
1751 3475 1768 3492 ο

189 3538 290 3592 Δεῖ
302 3541 408 3608 γὰρ
434 3542 496 3596 τὸ
519 3544 788 3612 φθαρτὸν
810 3546 986 3601 τοῦτο
1011 3547 1384 3605 ἐνδύσασθαι
1401 3551 1764 3620 ἀφθαρσίαν.

199 3626 355 3682 Ἐπεὶ
381 3629 442 3682 δὲ
483 3632 576 3685 καὶ
621 3635 753 3704 περὶ
787 3634 948 3706 δόξης
991 3636 1102 3690 τῶν
1149 3639 1349 3707 ἁγίων,
1387 3639 1464 3705 ὼς
1515 3641 1768 3712 μέλλουσι

180 3718 573 3790 φαιδρύνεσθαι
597 3762 614 3787 ,
661 3725 758 3778 καὶ
811 3725 1156 3782 ἀλλοιοῦσθαι
1208 3731 1266 3782 ὲν
1313 3729 1439 3801 δόξῃ
1487 3731 1624 3802 μετά
1670 3733 1768 3802 τὴν

174 3811 520 3875 ἀνάστασιν,
573 3813 825 3887 καθάπερ
869 3817 1056 3887 λέγει,
1101 3820 1420 3891 Ἑγεῲεται
1464 3823 1536 3876 ἐν
1579 3822 1764 3892 δόξῃ,

172 3903 544 3975 ὲδραιωθῆναι
564 3907 584 3938 ⁸
605 3909 754 3978 ἡμᾶς
782 3911 841 3963 ὲν
879 3913 946 3981 τῇ
974 3911 1150 3966 ἐλπίδι
1173 3928 1186 3942 ·
1217 3914 1382 3984 φησὶν
1409 3916 1441 3984 ἡ
1468 3916 1599 3984 ἁγία
1623 3916 1766 3986 Γρα-

172 3995 248 4062 φή
271 4009 287 4022 ο
319 3994 582 4061 Ἄφρων,
621 3997 703 4050 σὺ
747 3998 778 4051 ὃ
809 3999 1081 4068 σπείρεις
1111 4002 1185 4054 οὑ
1228 3999 1622 4070 ζωογονεῖται,
1657 4003 1768 4056 ἐὰν

167 4083 255 4151 μὴ
281 4083 590 4154 ἀποθάνῃ·
624 4089 722 4140 καὶ
752 4090 862 4144 οὐκ
894 4089 1043 4144 αὐτὸ
1080 4091 1146 4145 τὸ
1178 4096 1624 4163 γεννησόμενον
1645 4093 1765 4148 0'6)-

168 4189 254 4240 μα
295 4173 593 4241 σπείρεις,
619 4177 759 4231 ἀλλ’
791 4179 843 4233 εὶ
891 4180 1069 4250 τύχῃ,
1115 4181 1340 4236 κόκκον
1365 4182 1542 4236 σίτου
1577 4181 1617 4252 ἢ
1649 4181 1767 4238 τῶν

1872 3450 2039 3506 nullis
2068 3449 2266 3520 placet,
2291 3463 2571 3519 nunquam
2613 3447 2758 3502 istud
2788 3445 3079 3502 aﬂirmarct
3115 3447 3410 3517 Apostolus
3441 3468 3452 3501 :

1873 3542 2095 3611 Oportet
2141 3542 2281 3598 enim
2327 3539 2672 3610 corruptibite
2718 3539 2814 3593 hoc
2861 3539 3078 3594 induere
3107 3540 3458 3608 incorruptio-

1873 3653 1992 3692 nem
2021 3636 2061 3688 ⁸.
2121 3634 2196 3690 De
2235 3641 2552 3690 sanctorum
2593 3648 2722 3689 vero
2771 3633 2946 3703 gloria
2993 3633 3454 3702 quemadmodum

1872 3725 2275 3797 splendidiores
2310 3725 2445 3791 tieri,
2483 3740 2546 3782 ac
2576 3735 2701 3797 post
2745 3726 3205 3780 resurrectionem
3244 3726 3297 3779 in
3337 3727 3456 3794 gloo

1871 3820 1952 3871 ria
1978 3817 2306 3872 comumtari
2324 3816 2544 3880 debent,
2571 3815 3030 3886 quemadmodum
3059 3815 3223 3870 dicit:
3262 3814 3456 3868 Resur.

1873 3919 1952 3981 get
1992 3911 2046 3966 in
2089 3909 2341 3980 gloria“:
2373 3907 2814 3981 quandoquidem
2841 3907 2893 3960 in
2921 3922 2984 3962 ea
3019 3923 3114 3976 spe
3141 3906 3453 3961 conﬁrmari

1873 4017 1975 4058 nos
2005 4007 2241 4072 oportet,
2269 3999 2554 4070 Scriptura
2587 3999 2670 4055 sic
2701 3999 2944 4069 loquitur
2969 4018 2981 4054 :
3013 3998 3207 4065 Stulte,
3239 4013 3296 4052 tu
3318 3998 3456 4065 quod

1872 4092 2104 4146 seminus
2141 4107 2246 4146 non
2277 4091 2500 4152 uiviscit,
2529 4089 2633 4142 nisi
2668 4099 2932 4144 mortuum
2969 4091 3039 4142 sit
3067 4099 3155 4142 :et
3187 4105 3292 4142 non
3321 4087 3459 4141 idem

1873 4182 2012 4252 quod
2045 4180 2402 4253 generandum
2443 4190 2520 4234 est
2549 4195 2742 4248 corpus
2777 4179 3032 4246 seminus,
3079 4179 3194 4243 sed,
3222 4179 3270 4232 si
3298 4178 3456 4246 forte,

251 4329 269 4359 '
307 4325 368 4382 F.
407 4328 846 4404 ξξεγερθήσεται.
923 4333 1137 4391 ιοεεει
1168 4335 1395 4392 verbum
1423 4335 1666 4408 aliquod.
1742 4336 1762 4367 ³

1878 4337 1983 4391 lor.
2008 4352 2079 4406 tv,
2113 4335 2166 4388 7.
2246 4333 2311 4387 ιι
2341 4332 2466 4390 Cor.
2491 4333 2693 4402 xv,55.
2770 4333 2792 4364 '
2828 4332 2986 4400 ibid.,
3019 4333 3114 4388 45.

248 4442 371 4526 (.57)
411 4443 615 4526 Areas
649 4445 791 4526 roug-
817 4447 1496 4526 Jé7prtaq._0i'igetteni,
1535 4451 1766 4526 ejusque

173 4519 492 4588 sectatores
533 4517 803 4588 intelligit,
843 4519 936 4588 qui
969 4517 1645 4577 statuebant—hominesin
1676 4517 1766 4576 re-

1873 4459 2020 4505 tetur
2046 4464 2271 4505 necesse
2295 4455 2412 4513 est;
2444 4446 2688 4502 declarat
2716 4447 2860 4502 enim
2885 4446 3178 4517 quamdam
3209 4448 3455 4502 omnium

1870 4521 2112 4591 genitum
2151 4520 2316 4591 veluti
2358 4519 2802 4582 consensionem,
2836 4518 3208 4591 intimutuque
3230 4534 3453 4591 sensum

173 4581 793 4659 sur-rectionecorpora
833 4581 1122 4643 habituros
1163 4605 1288 4644 esse
1323 4590 1391 4644 ab
1429 4592 1518 4651 iis,
1563 4590 1766 4659 quibus
1800 4581 1842 4635 Ι)
1870 4581 2335 4659 resurrectionem
2382 4603 2676 4658 corporum
2715 4581 3332 4659 ostendentem;Simili
3368 4590 3454 4642 via

171 4655 299 4726 vita
338 4655 555 4726 mortali
593 4665 840 4725 utuntur,
870 4659 1112 4726 diversa,
1142 4669 1199 4715 et
1228 4661 1553 4716 orbiculata:
1579 4655 1770 4716 nescio

171 4722 348 4792 cujus
385 4723 588 4792 ﬁgurae.

249 4792 374 4870 (.58)
413 4795 523 4848 Καὶ
558 4794 638 4861 τῷ
661 4797 799 4870 βίῳ.
827 4795 1029 4854 Vocem
1062 4797 1175 4870 βίος
1206 4813 1314 4870 pro,
1331 4797 1614 4854 hominum
1647 4801 1770 4854 uni-

172 4869 456 4940 versitate
506 4876 665 4940 recte
710 4869 1063 4940 interpretati
1105 4878 1234 4940 sunt
1267 4869 1553 4940 Al’etavins
1603 4878 1769 4940 atque

173 4932 564 5006 Thomasius;
615 4937 665 4990 id
701 4932 1140 5006 enim'postulat.
1177 4938 1280 4992 loci
1332 4939 1541 4994 indoles
1591 4932 1766 4995 Gra‘ci

171 5004 467 5084 scrutatus
518 5007 676 5076 genio
731 5004 958 5084 minime
1014 5007 1768 5084 repugtiatite.__Epiphanius

175 5071 325 5126 inibi
348 5071 635 5143 Origenem
669 5079 1039 5149 perstringere
1073 5071 1307 5143 videtur,
1338 5071 1594 5149 illiusque
1622 5081 1766 5134 scri—

174 5152 297 5211 pta,
350 5158 476 5219 qua;
502 5154 647 5199 tanta
685 5147 1080 5219 memorantur,
1117 5156 1312 5204 utnon
1352 5147 1626 5219 defuerint
1672 5151 1765 5219 qui

172 5228 279 5294 seu
341 5213 512 5294 millia
561 5217 982 5294 numeraverim.
1025 5218 1301 5294 volumina
1339 5235 1353 5271 :
1401 5217 1479 5294 _De
1507 5213 1767 5294 ‘Orige'ue

172 5283 314 5360 vide
350 5280 694 5360 Vincentium
745 5285 1088 5360 Lit-incusem
1133 5286 1552 5344 Cammonitorio
1597 5280 1764 5360 supra

170 5353 639 5434 ad‘p'ag.nl59_et
663 5364 915 5434 sequenk
945 5359 1116 5428 partis
1145 5375 1186 5412 ι.

249 5421 381 5498 μθ)
415 5421 484 5498 Si_
523 5425 596 5498 ad
638 5421 886 5498 rationes
933 5421 987 5482 et
1037 5428 1761 5498 argumentarespicimus,

170 5492 401 5570 quibus
449 5491 506 5546 S.
556 5493 894 5570 Epiphanius
959 5513 1058 5568 pro
1100 5491 1514 5552 resurrectione
1562 5491 1764 5570 carnis

172 5562 303 5632 agit
336 5561 1123 5638 αιξγοτευείιίιιιιῖειὶςοε,’ροισι
1151 5583 1265 5621 rem
1301 5583 1455 5621 suam
1492 5568 1764 5637 principio

172 5631 458 5708 eiemplis
516 5636 865 5708 quibusdam
898 5651 926 5708 a
976 5631 1152 5708 irebus
1206 5647 1414 5708 natura:
1461 5631 1788 5708 desutiiiitis.

176 5698 369 5781 ipsum
397 5698 752 5781 exor'itavisse
778 5721 794 5760 :
824 5705 1032 5781 deinde
1079 5707 1346 5781 moribus,
1386 5698 1768 5781 religiosisqucl

181 5773 463 5847 institutis
495 5773 769 5829 hominum
822 5776 970 5829 illam
1051 5777 1377 5832 continuare
1428 5773 1756 5847 sti'sccpisEs-e.

185 5839 348 5908 Quid
403 5856 535 5900 sane
583 5849 891 5919 argumenti
932 5861 1103 5916 genus
1138 5847 1270 5904 satis
1315 5849 1556 5904 validum.
1592 5839 1760 5919 'rcpup

1870 4670 1926 4716 et
1941 4661 2153 4715 ratione
2172 4658 2340 4716 Deum
2363 4662 2630 4715 exsistere
2652 4674 2776 4714 cum
2795 4658 3080 4722 Cicerone,
3096 4658 3451 4722 Tertulliano,

1872 4732 2106 4800 aliisque
2130 4729 2404 4800 veteribus
2426 4729 2765 4800 philosolibis
2785 4729 3167 4785 demonstrare
3190 4729 3450 4783 solemus.

1872 4799 2060 4872 Tertio
2093 4799 2441 4872 progreditur
2488 4799 2828 4872 Epiphanius
2864 4801 2963 4872 ad
2988 4814 3113 4852 eum
3163 4814 3454 4872 argumen-

1871 4867 2323 4932 tationis'loc'um,
2356 4869 2444 4923 cui
2473 4867 2707 4924 rationis
2731 4869 3050 4938 theoIOgicte
3074 4882 3269 4921 nomen
3294 4867 3451 4938 iusta

1871 4955 2078 4995 morem
2115 4941 2166 4994 in
2208 4940 2413 4995 scholis
2445 4946 2746 5010 receptum,
2785 4936 2969 5010 facere
2995 4952 3311 5010 possumus.
3339 4936 3449 5010 Qui

1871 5026 2005 5067 sane
2050 5012 2204 5065 locus
2259 5021 2319 5064 ut
2353 5010 2406 5064 in
2441 5006 2731 5077 praesentia
2759 5010 2828 5063 ab
2875 5007 3180 5077 Epiphanio
3227 5006 3452 5061 adbibe-

1869 5091 1980 5144 tur,
2027 5080 2153 5135 licet
2194 5079 2596 5135 iueluetabilem
2627 5079 2829 5133 habere
2860 5077 2968 5130 vim
3004 5093 3112 5130 non
3165 5078 3448 5140 videatur;

1868 5151 2139 5234 elumbem
2167 5190 2182 5214 ,
2220 5149 2628 5234 infirmumque
2675 5148 2901 5228 omnino
2958 5156 3216 5234 reputare
3266 5155 3449 5234 tamen

1872 5221 2022 5274 illum
2055 5235 2164 5274 non
2200 5219 2484 5274 debemus.
2518 5216 2587 5274 Se
2628 5220 2902 5272 convertit
2939 5216 3158 5272 domum
3213 5216 3278 5270 ad
3310 5217 3449 5270 divi-

1869 5306 2064 5344 narum
2099 5289 2506 5358 Scripturarum
2548 5290 2898 5352 dorumenta,
2935 5305 3055 5358 quae
3093 5289 3158 5341 ad
3195 5297 3448 5358 astruen-

1869 5362 1994 5414 tlam
2047 5377 2159 5415 rem
2195 5356 2443 5414 eamdem
2485 5359 2737 5414 adhibuit
2766 5356 2990 5414 uberius
3017 5359 3214 5413 deinde
3245 5359 3298 5410 in
3341 5356 3450 5410 Pa-

1872 5431 2024 5484 nario
2061 5431 2128 5484 ad
2161 5431 2400 5484 lnereses
2431 5430 2501 5484 6-!
2530 5440 2584 5484 et
2611 5431 2699 5484 67.
2733 5428 2809 5482 Ea
2848 5429 3199 5491 documenta,
3231 5429 3276 5482 si
3312 5427 3444 5486 illis.

1870 5511 1927 5554 ut
1954 5517 2053 5570 par
2079 5509 2184 5561 est,
2222 5508 2408 5565 utatur
2439 5501 2746 5570 theologus,
2771 5499 3138 5570 ﬁrmissimam
3156 5513 3288 5570 pra:
3327 5514 3450 5550 Olli-

1868 5567 2032 5627 uilius
2077 5572 2199 5626 aliis
2249 5573 2586 5640 argumentis
2628 5567 2918 5625 sutili-inut
2971 5569 3036 5623 ad
3085 5567 3448 5640 evincendutn

1869 5643 2173 5704 rationem;
2211 5638 2381 5695 sacra:
2426 5642 2634 5710 quaevis
2676 5641 2954 5709 religionis
2998 5639 3178 5705 capita
3210 5638 3318 5692 illis
3359 5654 3449 5691 ro-

1867 5711 2174 5792 borantur:
2237 5711 2526 5768 roboratur
2556 5711 2772 5768 ct-illud
2809 5711 2876 5766 de
2923 5722 3221 5779 corporum
3262 5723 3448 5765 resur—

1868 5793 2129 5837 Γιξςιιυιιυ.
