3994 6414
566 440 668 494 185

1982 445 2040 501 S.
2075 446 2144 500 El

2257 446 2414 500 lANll
3720 445 3808 501 ιιι

564 555 729 610 tritici
757 569 1003 625 granum,
1027 554 1105 608 vel
1133 555 1354 608 alterius
1402 557 1617 610 seminis
1661 575 1678 621 ;
1716 557 1852 612 Deus
1888 574 2005 612 vero
2039 560 2131 613 dat

2250 561 2442 613 ν’ἱλλων
2465 557 2819 627 exsurdant:
2850 558 2982 626 (ΞΟ),
3009 558 3103 610 καί
3129 560 3160 611 ό
3187 558 3329 623 Θεὸς
3351 557 3602 612 δίδωσιν
3625 557 3766 612 αὐτὸ
3785 563 3807 594 ³

563 643 647 698 illi
676 659 863 711 corpus
892 651 1050 713 prout
1078 644 1186 697 rult
1210 646 1250 696 ¹.
1283 643 1394 698 Hoc
1425 646 1604 716 ipsum
1636 645 1700 700 ad
1731 663 1918 701 eorum
1942 664 2138 718 repun-

565 737 891 790 sentandam
925 735 1152 801 gloriam
1188 736 1278 804 qui
1317 752 1442 789 cum
1476 737 1570 790 illo
1609 739 1898 806 splendore
1927 755 1987 792 ac
2014 741 2138 794 luce

566 826 933 881 resurrecturi
983 835 1132 885 sunt.
1187 827 1393 896 injecit.
1443 827 1619 898 Atque
1666 838 1725 882 ut
1766 846 1991 899 granum
2044 847 2139 900 per

570 917 810 987 seipsum
846 918 912 972 ad
952 932 1070 972 eam
1110 919 1336 986 gloriam
1373 920 1655 988 pervenire
1686 929 2034 982 monstraret,
2083 923 2137 974 in

570 1004 866 1079 Evangelia
902 1008 1042 1064 dixit
1088 1011 1226 1065 idem
1264 1011 1355 1080 qui
1403 1019 1458 1064 et
1491 1013 1544 1064 in
1590 1010 1760 1064 Paulo
1787 1012 1854 1065 de
1892 1028 2140 1066 resurre-

571 1103 755 1157 ctione
783 1103 1083 1158 disseruit:
1135 1102 1259 1157 Nisi
1299 1121 1522 1172 granum
1567 1106 1820 1174 frumenti
1857 1106 2047 1160 cadens
2085 1108 2137 1159 in

573 1202 797 1261 terram,
849 1207 1114 1249 mortuum
1161 1195 1347 1262 fuerit,
1399 1197 1569 1248 solum
1617 1209 1828 1252 manet:
1877 1199 1922 1250 si
1965 1207 2138 1250 autem

573 1294 836 1339 mortuum
881 1285 1074 1354 fuerit,
1123 1287 1345 1338 multum
1373 1287 1603 1354 fructum
1629 1289 1784 1356 oﬁ'crt
1811 1292 1851 1341 ί.
1901 1289 2038 1356 Ergo
2083 1300 2138 1343 et

569 1375 865 1444 Apostolus
897 1391 1124 1445 granum
1156 1377 1476 1440 nominavit,
1509 1389 1561 1432 et
1590 1379 1729 1432 idem
1763 1395 1990 1448 granum
2026 1395 2141 1433 cor-

570 1465 718 1533 poris
759 1465 1010 1520 Salvator
1054 1482 1148 1536 per
1196 1467 1436 1536 seipsum
1484 1469 1744 1524 ostendit.
1787 1470 1926 1535 Quid
1975 1471 2141 1539 igitur

567 1553 751 1610 dicere
777 1557 1113 1625 possumus?
1147 1557 1337 1612 Nonne
1371 1561 1649 1629 proprium
1680 1561 1857 1631 ipsum
1886 1561 1994 1631 95
2023 1563 2141 1630 ejus

569 1656 794 1712 corpus,
830 1645 934 1700 hoc
976 1653 1080 1710 est,
1127 1645 1268 1699 idem
1311 1661 1539 1715 granum
1584 1649 1857 1703 surrexit?
1895 1664 1963 1702 an
1996 1648 2139 1700 aliud

571 1741 658 1788 est
687 1733 834 1803 quod
857 1748 922 1789 ex
959 1735 1078 1804 ipso
1109 1746 1228 1805 post
1255 1739 1493 1793 triduum
1523 1754 1554 1794 e
1587 1738 1840 1807 sepulcro
1865 1738 2143 1792 surrexit?

573 1830 633 1876 ut
656 1824 831 1892 angeli
867 1831 1172 1880 testantur:
1213 1826 1474 1892 Surrexit,
1519 1844 1621 1880 non
1649 1836 1725 1880 est
1757 1827 1839 1879 hic
1870 1826 1927 1880 ':
1960 1836 2051 1880 aut
2088 1826 2138 1879 id

2241 652 2306 704 τὸ
2350 650 2519 718 σῶμα
2557 651 2636 715 ὡς
2674 649 2954 715 ἠθέλησε.
2996 648 3166 701 Τοῦτο
3208 651 3287 712 είς
3324 649 3482 715 δόξαν
3527 647 3641 700 τῶν
3679 650 3812 717 ἐγει-

2241 741 2484 810 ρομένων
2512 741 2569 792 ὲν
2606 739 2923 810 φαιδρότητι
2959 734 3264 792 εἷπεν.”1να
3306 739 3364 792 δὲ
3402 737 3552 808 δείξῃ
3580 737 3675 790 τὸν
3704 737 3816 792 κύκ-

2243 848 2339 883 κον
2374 831 2860 902 προσλαμϐάνοντα
2899 829 2995 901 τὴν
3037 830 3193 894 δόξαν
3221 831 3290 883 δι’
3324 831 3545 894 ἑαυτοῦ,
3580 826 3735 883 εἶπεν
3761 833 3815 884 ὲν

2239 923 2316 993 τῷ
2341 921 2659 992 ΕὑαγγεΜῳ
2687 924 2714 975 ὁ
2740 923 2833 974 καὶ
2867 925 2922 974 ἐν
2941 921 3136 990 Παύλῳ
3156 921 3393 992 λαλήσας
3430 939 3495 973 πε
3507 922 3563 990 pi.
3588 923 3817 975 ἀναστά-

2243 1026 2416 1074 σεως·
2465 1012 2606 1063 Ἐὰν
2647 1009 2732 1078 μὴ
2781 1013 2814 1063 ὁ
2863 1012 3082 1074 κόκκος
3114 1009 3219 1063 τοῦ
3261 1010 3436 1062 σίτου
3474 1009 3686 1062 πεσὼν
3733 1012 3815 1074 είς

2241 1101 2356 1165 τὴν
2403 1099 2520 1168 γῆν
2565 1099 2859 1165 ἀποθάνῃ,
2906 1101 3071 1168 φησὶ,
3122 1101 3309 1168 μόνος
3359 1100 3560 1167 μένε-ι’
3600 1100 3712 1151 ἐὰν·
3753 1098 3817 1150 δὲ

2243 1190 2538 1257 ἀποθάνῃ,
2571 1191 2769 1243 πολὺν
2799 1191 3030 1256 καρπὸν
3059 1189 3240 1258 φέρει.
3271 1192 3412 1260 "Ap:
3438 1189 3570 1257 γοῦν
3596 1193 3625 1242 ὁ
3667 1191 3816 1241 Ἀπό-

2244 1283 2427 1344 στολος
2456 1281 2653 1334 κόκκον
2691 1282 2880 1351 ἔφησε,
2915 1283 3007 1333 καὶ
3029 1283 3055 1332 ὁ
3087 1280 3274 1352 Σωτὴρ
3305 1282 3394 1333 τὸν
3422 1281 3588 1333 αὐτὸν
3623 1281 3814 1332 κόκκον

2241 1370 2334 1423 τοῦ
2372 1369 2624 1439 σώματος
2665 1371 2734 1422 δι’
2769 1369 2934 1424 αὑτοῦ
2985 1370 3252 1434 ἀπέδειξε.
3288 1370 3353 1422 Τί
3398 1367 3492 1423 οὖν
3545 1371 3813 1440 ipsiipsi);

2241 1463 2341 1514 οὐκ
2374 1462 2506 1514 αὐτὸ
2532 1462 2591 1513 τὸ
2641 1463 2847 1532 σπαρὲν
2881 1461 3011 1514 [διον
3045 1461 3208 1513 αὑτοῦ
3259 1460 3435 1530 σῶμα,
3487 1461 3763 1512 τουτέστιν
3789 1463 3815 1510 ὀ

2242 1555 2470 1616 κόκκος,
2527 1553 2756 1623 ἀνέστη;
2799 1553 2831 1622 ἢ
2887 1553 3071 1622 ἕτερον
3118 1548 3185 1622 ἦν
3230 1551 3292 1603 τὸ
3345 1550 3402 1614 ἐξ
3458 1550 3627 1602 αὑτοῦ
3685 1550 3816 1617 μετὰ

2241 1645 2539 1714 τριήμερον
2565 1644 2803 1696 ἀναστὰν
2837 1645 2900 1695 ὲκ
2933 1643 3026 1695 τοῦ
3069 1641 3374 1711 μνημείου;
3403 1641 3479 1703 ὼς
3514 1641 3562 1691 οἱ
3599 1638 3818 1705 ahala:

2241 1735 2492 1802 λέγουσιν
2512 1751 2524 1764 ·
2565 1735 2829 1799 Ἀνέστη,
2860 1735 2969 1787 οὐκ
2991 1726 3295 1785 ἔστη-ὧδε
3314 1748 3326 1760 ·
3361 1731 3456 1783 καὶ
3481 1729 3559 1792 ὥς
3586 1747 3718 1798 φησι
3751 1732 3815 1798 τῇ

2242 1827 2463 1897 Μαρία·
2520 1825 2614 1890 Μή
2670 1843 2788 1894 μου
2831 1823 3057 1879 ἅπτου·
3113 1823 3277 1874 οὔπω
3322 1823 3430 1890 γὰρ
3477 1818 3819 1884 ἀναϐέϐηκα

572 1914 716 1982 quod
760 1913 940 1969 Maria:
973 1915 1104 1969 dicit
1131 1935 1145 1971 :
1196 1916 1325 1970 Noli
1357 1934 1436 1972 me
1469 1927 1713 1987 tangere;
1745 1917 1974 1970 nondum
2003 1917 2140 1970 enim

2250 1915 2392 1982 πρὸς
2425 1915 2532 1967 τὸν
2563 1914 2794 1981 Πατέρα
2815 1930 2964 1981 μουο
3002 1913 3093 1965 καὶ
3121 1913 3193 1973 ὡς
3223 1911 3461 1964 δείκνυσι
3495 1911 3597 1972 τὰς
3634 1912 3818 1982 χεῖρας

573 2003 787 2058 ostendi
821 2005 891 2058 ad
935 2005 1153 2060 Patrem
1195 2025 1366 2062 meum
1392 2010 1441 2073 ‘;
1484 2017 1578 2062 aut
1615 2023 1738 2062 cum
1780 2024 1974 2062 manus
2014 2023 2143 2063 suas

575 2106 642 2146 ac
669 2093 816 2149 latus
846 2092 1070 2150 Thoma:
1098 2111 1222 2148 cum
1271 2097 1355 2151 his
1386 2097 1565 2151 verbis
1604 2095 1978 2149 demonstrat:
2016 2093 2145 2147 Noli

569 2199 684 2238 esse
728 2185 1030 2239 incredulus
1059 2189 1103 2238 ⁸.
1155 2185 1260 2240 Sed
1307 2195 1402 2240 aut
1451 2184 1749 2238 inﬁdelium
1791 2195 1875 2238 est
1925 2185 2142 2252 penitus

569 2273 722 2326 illum
757 2276 1126 2330 resurrexisse
1169 2290 1410 2345 negare:
1463 2285 1553 2328 aut
1590 2289 1780 2328 eorum
1815 2275 1908 2343 qui
1947 2274 2143 2343 depra-

567 2370 749 2418 vatam
778 2364 938 2420 tidem
973 2366 1199 2431 habent,
1231 2381 1477 2420 asserere
1507 2381 1612 2420 non
1645 2365 1785 2418 idem
1817 2365 1960 2434 quod
1994 2379 2142 2418 mor-

569 2461 724 2510 tuum
748 2463 834 2511 est
870 2457 1240 2512 resnrrexisse
1266 2472 1500 2527 corpus;
1540 2457 1776 2511 lidelium
1813 2456 2030 2510 demum
2059 2463 2144 2509 est

2243 2007 2338 2059 καὶ
2370 2007 2470 2075 τὴν
2509 2004 2750 2074 πλευρὰν
2780 2004 2858 2074 τῷ
2898 2005 3088 2074 Θωμᾷ,
3115 2004 3317 2070 λέγων·
3352 2003 3445 2069 Μὴ
3483 2005 3660 2071 γ’νου
3691 2002 3820 2053 ἀπι-

2243 2112 2410 2161 στος.
2477 2094 2614 2147 Ἀλλ’
2667 2096 2911 2148 ἀπίστων
2965 2094 3083 2147 ἐστὶ
3140 2094 3201 2146 τὸ
3249 2095 3421 2146 εἰπεῖν
3487 2093 3654 2152 ὅλως.
3709 2093 3820 2143 Οὖκ

2243 2187 2442 2256 ἀνέστη
2469 2203 2483 2216 ·
2519 2185 2552 2256 ἢ
2589 2185 2682 2238 καὶ
2706 2185 3050 2239 κακοπίστων
3083 2185 3199 2237 ἐστὶ
3231 2186 3292 2238 τὸ
3317 2185 3514 2245 εἰπεῖν,
3548 2184 3667 2234 Οὐκ
3693 2182 3821 2235 ani-:0

2241 2276 2304 2328 τὸ
2335 2277 2597 2346 κοιμηθὲν
2645 2277 2843 2348 ἀνέστη
2865 2292 2880 2307 ο
2917 2276 3125 2330 πιστῶν
3155 2276 3212 2329 δέ
3245 2279 3358 2329 ἐστι
3400 2277 3463 2330 τὸ
3513 2281 3716 2345 εἰπεῖν,
3742 2280 3820 2332 ὅτι

2247 2365 2379 2419 αὐτὸ
2397 2367 2457 2418 τὸ
2485 2366 2645 2436 σῶμα
2671 2367 2893 2436 ἀνέστη.
2942 2368 3051 2420 Καὶ
3078 2367 3184 2420 ἀπὺ
3208 2367 3302 2420 τοῦ
3326 2368 3490 2421 αὐτοῦ
3521 2370 3642 2439 σῶμ
3659 2387 3782 2432 ατος
3802 2370 3823 2400 ⁹

2246 2457 2497 2527 ἠγείρετο
2531 2458 2682 2527 ἡμῖν,
2714 2458 2802 2510 ἵνα
2829 2458 2909 2520 είς
2935 2457 3124 2511 ἐλπίδα
3151 2458 3407 2527 ἀληθείας
3435 2463 3715 2530 καταστῇ.

571 2551 862 2616 aﬂirmare,
892 2551 1034 2606 idem
1084 2567 1206 2606 esse
1254 2561 1456 2620 corpus
1494 2553 1809 2604 excitatum.
1874 2549 2045 2604 Porro
2102 2564 2225 2604 cum
2263 2551 2451 2606 eodem
2497 2552 2780 2606 nobiscum
2814 2565 3042 2621 corpore
3082 2551 3309 2605 excitari
3341 2552 3532 2615 voluit,
3578 2561 3640 2605 ut
3673 2566 3819 2621 spem

572 2645 732 2699 nobis
769 2645 1017 2699 veritatis
1039 2645 1323 2700 tribueret.

645 2734 782 2792 XCI.
822 2737 904 2790 Ad
939 2737 1188 2792 eumdem
1233 2739 1433 2808 quippe
1470 2739 1628 2791 linem
1683 2739 1964 2792 clavorum
1996 2740 2142 2793 cica-

576 2827 742 2882 trices
769 2827 1006 2896 reliquit,
1035 2843 1136 2880 nec
1156 2827 1278 2882 illas
1309 2829 1527 2881 abolere
1550 2829 1716 2881 voluit
1740 2844 1915 2899 neque
1941 2829 2144 2884 lancea:

579 2917 886 2987 vestigium,
919 2918 1136 2972 tametsi
1171 2917 1354 2986 januis
1403 2918 1608 2971 clausis
1660 2928 1806 2973 esset
1842 2920 2141 2989 ingressus.

577 3007 788 3064 Etenim
827 3007 973 3078 quod
1020 3008 1072 3062 in
1113 3024 1180 3064 eo
1211 3010 1431 3062 carnale
1473 3024 1673 3079 corpus
1721 3017 1859 3077 erat,
1903 3012 2146 3081 spiritale

577 3099 819 3154 surrexit
849 3117 862 3154 :
893 3099 986 3154 sed
1016 3114 1123 3154 non
1164 3101 1310 3154 aliud
1342 3109 1521 3156 tamen
1555 3110 1750 3170 praeter
1781 3101 1832 3154 id
1861 3117 1971 3171 quo
2009 3118 2146 3172 prae-

2317 2738 2434 2802 L_A'.
2475 2737 2569 2802 Εἰς
2602 2737 2760 2790 τοῦτο
2811 2737 2921 2805 (51)
2974 2737 3083 2808 γὰρ
3127 2737 3222 2790 καὶ
3256 2738 3380 2797 τοὺς
3409 2738 3622 2803 τύπους
3680 2743 3820 2794 εἴασε

2244 2827 2354 2881 τῶν
2384 2828 2550 2897 ἥλων,
2588 2827 2662 2898 μὴ
2708 2827 3012 2896 ἀπαλείψας
3058 2827 3252 2890 αὐτοὺς
3278 2866 3292 2889 ,
3343 2828 3476 2898 μηδὲ
3515 2831 3618 2882 τὸν
3661 2831 3820 2884 τύπον

2245 2919 2347 2988 τῆς
2394 2918 2625 2988 λόγχης,
2681 2918 2920 2986 καίτοιγε
2974 2916 3230 2971 εἰσελθὼν
3266 2918 3443 2988 θυρῶν
3493 2920 3822 2991 κεκλεισμέ-

2249 3026 2374 3060 νων.
2407 3009 2480 3060 Τὸ
2514 3009 2623 3078 γὰρ
2651 3009 2910 3079 σαρκικὸν
2959 3007 3123 3060 αὐτοῦ
3176 3008 3546 3078 πνευματικὸν
3588 3010 3819 3079 ἀνέστη,

2251 3101 2364 3154 ἀλλ’
2390 3101 2489 3152 οὐκ
2518 3099 2644 3152 ἀλλο
2673 3099 2820 3168 παρά
2846 3098 2905 3150 τὸ
2925 3097 3006 3157 ὃν,
3028 3099 3107 3161 είς
3132 3097 3356 3168 θεότητσ
3388 3099 3717 3158 σδνενωθὲν,
3749 3101 3823 3162 εἰς

575 3191 722 3245 ditus
754 3199 894 3253 erat,
930 3190 1076 3260 quod
1103 3205 1226 3245 cum
1260 3191 1552 3247 Divinitate
1576 3193 1929 3261 conjunctum
1963 3192 2016 3247 in
2040 3193 2144 3262 spi-

2250 3191 2549 3260 λεπτότητα
2593 3190 2897 3258 πνεύματος
2949 3187 3243 3258 κοσμηθέν.
3281 3189 3340 3240 El
3384 3189 3482 3258 μὲν
3517 3190 3636 3258 γὰρ
3677 3191 3722 3220 ¹⁶
3761 3185 3823 3258 ἦν

576 3281 790 3336 ritalem
820 3279 1111 3350 quamdam
1156 3281 1512 3336 subtilitatem
1557 3284 1795 3337 transiit.
1841 3282 1955 3337 Nisi
1999 3283 2144 3336 enim

576 3371 840 3441 spiritalis
865 3372 954 3424 illa
975 3370 1250 3425 subtilitas
1281 3370 1493 3433 fuisset,
1524 3373 1796 3441 quodnam
1829 3382 1985 3427 terra:
2005 3373 2149 3426 fora-

577 3475 705 3514 men
761 3461 1030 3514 tantillum
1074 3475 1275 3528 corpus
1327 3463 1668 3530 excepisset?
1717 3462 1820 3517 Sed
1866 3463 2148 3519 declarare

577 3551 726 3604 istud
765 3550 978 3604 voluit:
1019 3549 1372 3618 Corruptibile
1415 3561 1651 3604 nostrum
1697 3553 1791 3604 hoc
1841 3567 2028 3620 corpus
2065 3554 2147 3605 in-

578 3641 738 3695 duere
771 3643 1218 3709 incorruptionem
1241 3642 1282 3696 ⁸.
1317 3641 1472 3706 Quod
1502 3644 1604 3695 etsi
1641 3645 1868 3696 mortale
1913 3643 2004 3704 sit,
2047 3644 2149 3696 im-

577 3734 909 3790 mortalitate
937 3735 1186 3790 vcstitnr.
1217 3733 1426 3789 Idcirco
1455 3735 1665 3792 foribus
1691 3736 1927 3790 occlusis
1966 3737 2146 3806 ingre-

577 3825 748 3890 ditur,
780 3833 841 3880 ut
866 3825 1009 3896 quod
1045 3841 1294 3880 crassum
1324 3841 1387 3880 ac
1417 3836 1730 3881 concretum
1757 3835 1862 3889 est,
1892 3837 2053 3881 tenue
2084 3842 2146 3880 ac

579 3915 812 3983 subtile;
849 3916 994 3986 quod
1016 3916 1245 3970 mortale
1283 3925 1385 3981 est,
1423 3916 1759 3983 immortale;
1793 3917 1935 3986 quod
1953 3932 2146 3970 corru-

579 4007 748 4077 ptioni
766 4008 1060 4062 obnoxium
1077 4019 1180 4069 est,
1193 4008 1570 4076 incorruptum
1592 4018 1830 4062 monstra
1840 4007 2144 4062 ret.Verum

578 4105 639 4153 ut
653 4113 845 4154 omnes
861 4100 1205 4154 convinceret
1222 4099 1311 4167 qui
1331 4099 1488 4152 saluti
1510 4106 1728 4163 nostra,
1751 4099 1852 4154 hoc
1865 4107 1948 4153 est
1966 4115 2148 4154 resur-

575 4191 808 4247 rectioni
838 4190 1108 4258 difﬁdunt,
1142 4191 1283 4246 idem
1325 4192 1416 4247 ille
1441 4193 1533 4261 qui
1563 4208 1765 4262 corpus
1788 4193 1842 4248 in
1868 4194 2146 4249 subtilita-

575 4292 681 4337 tem
721 4290 1083 4347 converterat,
1120 4290 1175 4338 et
1211 4285 1666 4338 resurrectionem
1713 4291 2045 4353 temperarat
2093 4283 2146 4335 in

575 4372 852 4441 spiritum,
877 4373 1156 4428 clavorum
1181 4373 1464 4428 cicatrices
1492 4382 1584 4427 aut
1609 4375 1808 4428 lancea:
1832 4390 1940 4428 non
1968 4381 2148 4428 sustu-

576 4463 660 4525 lit,
699 4462 794 4516 sed
827 4463 968 4517 idem
1009 4479 1133 4518 esse
1178 4462 1386 4524 docuit,
1431 4464 1574 4532 quod
1617 4464 1673 4517 in
1713 4478 1879 4516 cruce
1923 4477 2145 4532 passum

2249 3281 2512 3348 λεπτότης
2562 3280 2892 3348 πνεύματος.
2934 3280 3063 3332 ποία
3106 3281 3210 3348 γῆς
3256 3280 3362 3350 ὀπὴ
3397 3280 3618 3347 ἐδέχετο
3673 3282 3825 3350 σῶμα

2252 3372 2484 3442 μικρόν;
2524 3372 2661 3424 Ἀλλ’
2691 3372 2777 3424 ἵνα
2804 3371 2952 3440 δείξῃ
2984 3373 3064 3424 ὅτι
3096 3371 3224 3424 αὐτὸ
3257 3372 3331 3425 τὸ
3360 3371 3633 3439 φθαρτὸν
3661 3373 3826 3440 71min-

2247 3461 2517 3515 ἐνδύεται
2565 3459 2924 3527 ἀφθαρσίαν.
2979 3459 3042 3512 Et
3097 3458 3204 3530 γὰρ
3243 3461 3337 3511 καὶ
3388 3459 3587 3529 θνητόν
3638 3462 3822 3524 ἐστιν,

2249 3552 2544 3606 ἀθανασίαν
2603 3549 2868 3602 ἐνδύεται.
2925 3549 3157 3619 Είσῆλθε
3212 3549 3311 3616 μὲν
3367 3549 3548 3619 θυρῶν
3613 3551 3825 3605 κεκλει-

2251 3642 2498 3710 σμένων,
2538 3641 2628 3692 ἵνα
2665 3638 2812 3708 δείξῃ
2856 3637 2916 3690 τὸ
2963 3637 3274 3707 παχυμερὲς
3314 3634 3688 3705 λεπτομερὲς,
3737 3638 3825 3689 καὶ

2248 3735 2307 3786 τὸ
2335 3733 2526 3803 θνητὸν
2555 3730 2819 3784 ἀθάνατον
2840 3770 2854 3793 ,
2894 3730 2988 3782 καὶ
3015 3729 3076 3780 τὸ
3102 3726 3338 3797 φθαρτὸν
3363 3725 3642 3796 ἄφθαρτον
3668 3745 3684 3758 υ
3746 3729 3825 3780 ἴνα

2247 3826 2302 3877 δὲ
2342 3826 2547 3886 πάντας
2595 3821 2787 3891 ἐλέγξῃ
2817 3822 2945 3883 τοὺς
2987 3818 3349 3879 ἀπιστοῦντας
3392 3819 3470 3878 είς
3527 3818 3632 3885 τὴν
3670 3818 3826 3886 ἡμῶν

2251 3915 2545 3984 σωτηρίαν,
2583 3913 2724 3982 φημὶ
2754 3911 2810 3963 δὲ
2848 3909 2946 3980 τὴν
2971 3910 3288 3970 ἀνάστασιν,
3321 3907 3348 3957 ὁ
3388 3907 3468 3967 εἰς
3516 3906 3826 3976 λεπτότητα

2254 4006 2600 4077 μεταϐάλλων
2651 4003 2709 4055 τὺ
2756 4001 2951 4070 σῶμα,
2997 4001 3090 4052 καὶ
3145 3999 3225 4060 είς
3283 3997 3495 4065 πνεῦμα
3553 3997 3828 4066 συγκερά-

2251 4112 2350 4158 σας
2397 4095 2498 4165 τὴν
2549 4094 2880 4152 ἀνάστασιν,
2915 4090 3014 4141 οὐκ
3054 4086 3322 4158 ἀπήλειψε
3363 4086 3462 4148 τὰς
3501 4085 3670 4148 οὐλὰς
3725 4087 3828 4138 τῶν

2249 4187 2392 4256 ἥλων
2414 4225 2426 4246 ,
2461 4185 2580 4236 οὐδὲ
2613 4183 2704 4235 τὸν
2736 4182 2903 4234 τύπον
2931 4179 3028 4248 τῆς
3056 4179 3281 4247 λόγχης·
3313 4176 3424 4230 ἀλλ’
3464 4175 3663 4240 ἔδειξεν
3698 4175 3827 4229 αὐτὸ

2251 4280 2342 4332 ἐπὶ
2390 4277 2483 4330 τοῦ
2537 4273 2771 4345 σταυροῦ
2819 4271 3120 4334 πεπονθὸς,
3176 4271 3258 4322 ὅτι
3320 4269 3422 4320 οὐκ
3464 4266 3594 4320 ἄλλο
3642 4261 3716 4335 ἦν
3773 4266 3827 4315 τὸ

2251 4369 2509 4428 ἀναστὰν,
2538 4367 2658 4419 οὐδὲ
2699 4363 2794 4417 ἀπ’
2822 4361 2988 4415 αὐτοῦ
3035 4362 3221 4431 ἕτερον
3253 4360 3408 4426 φυὲν,
3447 4355 3737 4408 ἁλλ’λαὺτὺ
3774 4355 3826 4406 τὸ

2254 4459 2521 4522 πεπονθὸς
2544 4456 2770 4518 ἀπαθὲς.
2796 4457 2890 4507 καὶ
2909 4452 3071 4514 αὐτὸς
3090 4454 3118 4504 ὁ
3142 4449 3321 4504 πεσὼν
3343 4450 3539 4509 κόκκος
3565 4448 3823 4509 ἀναστὰς,

578 4559 767 4618 postea
799 4553 1134 4618 resurrexit;
1179 4567 1356 4621 neque
1383 4568 1511 4607 vero
1550 4553 1695 4606 aliud
1726 4568 1791 4606 ex
1826 4553 1944 4622 ipso
1986 4567 2144 4608 coor-

2253 4550 2492 4612 ἀναστὰς
2521 4550 2576 4602 δὲ
2620 4547 2915 4616 ἄφθαρτος,
2946 4543 3055 4596 Καὶ
3088 4543 3174 4595 ἵνα
3207 4541 3368 4594 πάλιν
3407 4540 3481 4609 μὴ
3511 4537 3825 4607 νομίσωμεν

578 4649 716 4704 tum,
747 4656 935 4697 verum
963 4642 1066 4697 hoc
1094 4643 1294 4712 ipsum,
1326 4643 1472 4712 quod
1499 4657 1816 4712 perpessum
1845 4649 1983 4706 erat,
2025 4658 2148 4710 per-

577 4729 854 4800 pessionis
876 4745 1071 4800 expers
1100 4746 1224 4785 esse
1251 4731 1452 4784 factum
1474 4749 1490 4797 ;
1515 4738 1568 4785 et
1593 4731 1733 4785 idem
1765 4730 1911 4800 quod
1933 4732 2146 4786 cecide-

574 4828 683 4884 rat,
714 4821 810 4876 sed
856 4820 1231 4893 incorruptum
1275 4823 1648 4878 resurrexisse
1679 4837 1932 4891 granum.
1968 4823 2046 4876 Ac
2079 4839 2147 4878 ne

573 4915 714 4970 forte
751 4925 960 4984 partem
1001 4915 1270 4970 duntaxat
1301 4914 1447 4970 illius
1473 4915 1761 4970 excitatam
1800 4928 1922 4968 esse
1955 4913 2146 4966 creda-

575 5021 718 5069 mus,
748 5007 876 5060 licet
899 5015 1074 5062 totum
1111 5007 1290 5077 ipsum
1330 5007 1740 5076 corruptionem
1787 5019 1895 5058 non
1923 5003 2144 5067 viderit,

573 5103 749 5150 totum
777 5098 1134 5152 nihilominus
1172 5097 1493 5154 resurrexit.
1533 5095 1806 5165 Scriptum
1846 5093 1991 5149 enim
2020 5100 2141 5147 est:

572 5186 858 5254 Surrexit,
903 5206 1005 5243 non
1034 5199 1111 5243 est
1144 5189 1226 5242 hic
1247 5191 1290 5244 ⁷.
1322 5189 1462 5244 Vere
1497 5203 1628 5257 ergo
1660 5185 1897 5243 surrexit
1925 5205 1937 5240 :
1969 5199 2145 5254 neque

649 5370 666 5401 ¹
700 5369 742 5421 ll
777 5371 905 5426 Cor.
941 5385 1030 5431 xv,
1055 5367 1238 5422 36-38.
1349 5369 1368 5400 ’
1391 5367 1551 5422 Joan.
1580 5366 1786 5429 πιι,¹ὶ4.

1888 5365 1909 5396 ³
1944 5363 2110 5418 Marc.
2139 5378 2250 5426 xvr,
2275 5363 2328 5415 6.

2258 4643 2422 4712 μέρος
2455 4658 2508 4693 τι
2542 4638 2839 4708 ἐγηγέρθαι
2867 4638 2924 4702 ἐξ
2947 4634 3134 4697 αὑτοῦ,
3160 4634 3291 4688 αὐιὼ
3321 4632 3418 4702 μὲν
3446 4631 3567 4684 ὅλον
3599 4629 3704 4681 οὐκ
3727 4625 3825 4680 εἶδε

2254 4730 2577 4801 διαφθορὰν,
2637 4727 2752 4780 ἀλλ’
2811 4724 2942 4778 αὐτὸ
3000 4723 3120 4774 ὅλον
3189 4720 3408 4788 ἀνέστη.
3470 4717 3634 4785 Λέγει
3675 4719 3820 4787 γάρ·

2265 4819 2532 4885 Ἀνέστη,
2560 4818 2671 4870 οὐκ
2695 4815 2866 4868 ἐστιν
2887 4805 3024 4865 ὦδε.
3066 4807 3357 4879 Ἀληθινῶς
3391 4807 3612 4878 ἀνέστη,
3646 4811 3747 4862 καί
3772 4807 3825 4860 οὐ

2261 4909 2586 4979 σφάλλονται
2614 4909 2670 4960 al
2704 4905 2942 4977 Γραφαὶ,
2979 4899 3135 4958 οὖσαι
3163 4899 3405 4970 ἡμετέρα
3443 4898 3579 4968 ζωή.
3612 4899 3723 4952 Καὶ
3751 4901 3828 4951 ἴνα

2262 5003 2336 5072 μὴ
2387 4999 2624 5071 εὕρωσιν
2678 4997 2730 5050 οἱ
2773 4995 3114 5066 ἠπατημένοι
3163 4990 3477 5061 πρόφασιν,
3521 4988 3688 5040 ὀστέα
3743 4989 3827 5039 καὶ

2259 5090 2437 5160 σάρκα
2478 5086 2646 5152 ἔδειξε
2695 5085 2774 5155 τῷ
2821 5084 3020 5153 Θωμᾷ,
3055 5080 3295 5142 καὶτοῖς
3345 5077 3611 5148 μαθηταῖς
3667 5074 3825 5129 αὑτοῦ

2253 5181 2465 5250 ἐλεγενο
2534 5175 2721 5234 ἰδετέ
2779 5192 2856 5244 με
2916 5174 3006 5228 ὅτι
3065 5172 3179 5243 ἐγώ
3225 5174 3372 5240 εἰμι·
3438 5167 3676 5236 πνεῦμα
3723 5166 3824 5236 γὰρ

2431 5359 2634 5416 ‘Joan.
2666 5374 2758 5420 xx,
2795 5354 2884 5408 17.
2958 5352 2981 5384 ³
3008 5352 3138 5406 ibid.
3168 5351 3261 5404 27.
3338 5349 3359 5380 ⁸
3396 5346 3413 5400 Ι
3443 5344 3567 5402 Cor.
3602 5361 3693 5410 xv,
3739 5343 3822 5398 53.

569 5437 591 5469 '
634 5437 805 5493 Marc.
841 5455 955 5502 xvr,
984 5438 1038 5492 6.
1113 5439 1136 5470 ⁸
1167 5437 1230 5492 F.
1260 5438 1429 5506 αὐτῷ.
1507 5439 1528 5469 ⁹
1563 5437 1623 5490 F.
1655 5436 1927 5508 χώματος.
1974 5436 2014 5465 ιθ
2048 5433 2109 5489 F.

2250 5432 2376 5503 γάρ.

647 5591 760 5661 (εο)
804 5592 859 5644 ln
893 5589 1132 5659 Epistula
1159 5591 1332 5661 prima
1353 5589 1436 5661 ad
1460 5590 1774 5661 (.orinthios
1803 5605 1923 5660 cap.
1950 5605 2048 5661 xv_._
2067 5587 2156 5661 38.

579 5657 834 5730 legimus,
878 5657 1026 5730 Ὀίδὲ
1061 5657 1194 5724 Θεὸς
1231 5657 1602 5730 umquam;
1642 5662 1819 5730 σῶμα,
1852 5657 1958 5714 etc.
2007 5658 2160 5713 Unde

579 5726 835 5781 dictionis
870 5729 1061 5784 vitium
1109 5734 1177 5789 ab
1231 5726 1660 5796 hoc—Epiphauii
1707 5726 1828 5785 loco
1867 5745 2161 5799 possumus

581 5805 850 5850 αιιιονεῐε.

2337 5586 2450 5657 (51)
2489 5585 2619 5657 Quae
2647 5582 2836 5657 hocet
2884 5574 3131 5657 sequenti
3151 5587 3402 5657 muniet-2
3430 5571 3723 5657 Ancorth
3738 5565 3823 5657 leo

2267 5639 2640 5726 gniitu’rﬁ'ide
2661 5651 2869 5726 iisdem
2914 5639 3048 5726 fere,
3083 5645 3165 5696 vel
3214 5643 3486 5726 similibus
3523 5639 3818 5726 verbisis-

2268 5708 2442 5796 posita
2472 5708 2524 5796 et
2563 5724 2615 5775 in
2658 5720 2889 5774 Panario
2920 5708 3297 5775 sub-numeris
3339 5711 3408 5768 64
3435 5718 3486 5766 et
3520 5708 3588 5764 65
3642 5708 3821 5774 Orige-

2264 5794 2440 5852 niana:
2473 5794 2760 5849 lucrcseos.
