3994 6454
431 420 538 478 187

1850 425 1907 480 S.
1958 423 2297 480 EPIPHANli

3616 424 3744 480 138

365 587 368 590 ,
428 539 702 597 Dominus
729 538 1050 608 assumpsit,
1080 545 1243 608 atque
1274 537 1438 593 homo
1463 540 1639 594 nostri
1675 539 1870 596 similis
1894 557 2017 596 esse

2128 541 2220 611 τὴν
2255 541 2530 612 σωτηρίαν
2551 581 2564 604 ,
2608 543 2701 595 καὶ
2751 544 2809 595 ἐν
2853 544 2924 612 τῇ
2960 541 3126 596 αὑτοῦ
3155 542 3539 613 ἀνθρωπότητι
3565 540 3738 611 πάθῃ

431 632 579 688 Deus
621 647 687 686 ac
748 629 986 686 Verbum
1037 629 1240 691 voluit.
1293 638 1351 685 ut
1399 630 1711 700 passionem
1762 632 2018 702 passione

430 724 777 786 dissolveret,
809 737 874 776 ac
897 736 996 777 sua
1030 731 1206 777 morte
1225 733 1453 777 mortem
1482 723 1874 794 exstingueret.
1911 723 2018 779 Sed

431 815 708 869 divinitati
756 814 974 884 ipsimct
1019 821 1106 869 est
1154 815 1416 869 attributa
1452 815 1660 884 passio.
1705 831 2016 886 quanquam

433 907 502 960 ab
545 906 696 960 omni
734 905 997 960 immunis
1035 912 1122 960 est
1161 906 1415 976 passione
1460 905 1744 973 divinitas,
1777 909 1908 978 quia
1946 908 2017 960 ita

433 1011 634 1054 saneto
651 1005 708 1052 et
747 998 816 1052 ab
838 998 986 1052 omni
1013 999 1271 1066 passione
1300 999 1673 1054 remotissima
1703 999 1814 1056 Deo
1843 999 2020 1055 Verbo

435 1088 677 1142 venienti
704 1088 931 1157 placuit.
968 1089 1238 1143 Cancrum
1262 1088 1535 1158 ejusmodi
1556 1097 1644 1145 est
1664 1090 1820 1155 illud,
1860 1092 1937 1145 uti
1971 1093 2017 1147 si

434 1177 566 1245 quis
593 1185 744 1232 veste
775 1178 847 1232 sit
873 1177 1123 1240 indutus,
1162 1193 1283 1247 quae
1309 1194 1532 1248 aspersa
1560 1181 1846 1252 sanguinis
1874 1184 2019 1238 stilla

435 1269 509 1322 sit
559 1268 780 1333 infecta,
831 1269 906 1323 ita
950 1278 1008 1324 ut
1047 1269 1114 1323 ad
1149 1270 1327 1340 ipsum
1368 1286 1569 1341 corpus
1605 1274 1754 1331 illius
1796 1277 2019 1334 minime

435 1359 782 1425 pervenerit;
817 1367 929 1413 tum
969 1359 1114 1414 enim
1148 1361 1438 1432 sanguinis
1468 1363 1562 1417 illa
1594 1366 1804 1420 macula
1839 1368 1886 1422 ei
1923 1371 2018 1438 qui

432 1448 664 1504 indutus
701 1458 807 1515 est,
857 1451 1114 1520 imputari
1153 1453 1312 1509 solet.
1372 1454 1461 1510 Sic
1518 1457 1571 1511 in
1616 1471 1784 1514 carne
1823 1476 2020 1531 passus

431 1549 517 1594 est
545 1541 817 1607 Christus,
850 1543 954 1600 hoc
980 1553 1087 1609 est,
1119 1545 1340 1601 homine
1367 1545 1670 1614 Dominico,
1689 1568 1852 1622 quem
1880 1553 2020 1609 Deus

443 1629 682 1687 Verbum
717 1633 938 1690 t'mlitns
973 1636 1240 1706 allapsum
1270 1637 1448 1706 ipsum
1481 1639 1586 1696 sibi
1615 1641 1889 1698 formavit.
1919 1645 2019 1700 Cui

440 1723 663 1793 quidem
698 1723 892 1778 Petrus
919 1725 1005 1781 bis
1041 1727 1223 1782 verbis
1254 1730 1625 1800 astipulatur:
1662 1731 2028 1802 Morti/iocus

434 1815 646 1886 quidem
703 1832 892 1880 carne,
940 1819 1231 1886 vivi/iciunis
1285 1831 1461 1875 autem
1519 1824 1790 1892 spiritu‘;
1848 1829 2017 1884 item:

2120 633 2262 704 ὑπὲρ
2309 633 2466 704 ἡμῶν
2501 635 2610 688 τῶν
2638 634 2977 705 ἀνθρώπων,
3025 635 3197 697 πάθος
3242 634 3329 688 διὰ
3357 634 3452 688 τοῦ
3506 633 3733 694 πάθους

2121 723 2319 786 λύσας,
2353 724 2446 776 καὶ
2478 723 2708 777 θάνατον
2743 721 2836 776 διὰ
2886 723 3120 776 Θανάτου
3161 721 3256 774 τοῦ
3292 722 3422 774 ἰδίου
3470 715 3738 773 θανατώ-

2122 829 2242 875 σας.
2289 811 2570 882 Ἐλογίσθη
2593 813 2653 866 δὲ
2695 813 2758 865 τὸ
2806 812 2978 876 πάθος
3013 815 3094 874 εἰς
3142 811 3242 884 τὴν
3276 811 3509 880 θεότητα
3532 849 3549 874 ,
3589 807 3738 861 καί-

2121 921 2202 958 τοι
2233 921 2295 971 γε
2324 904 2422 972 τῆς
2452 904 2704 974 θεότητος
2737 903 2985 967 ἀπαθοῦς
3013 903 3179 974 οὔσης
3199 920 3215 934 ·
3250 904 3333 956 ὅτι
3364 901 3540 964 οὕτως
3564 899 3740 953 εὑδό-

2121 1012 2290 1065 κησεν
2315 995 2484 1048 ἐλθὼν
2512 995 2540 1047 ό
2575 996 2730 1064 ἆγιος
2778 999 2875 1050 καὶ
2908 997 3126 1066 ἀπαθὴς
3156 995 3291 1058 Θεὸς
3324 995 3518 1060 Λόγος.
3553 993 3738 1044 Ἔστι.

2119 1088 2177 1141 δὲ
2204 1088 2264 1140 τὸ
2295 1087 2597 1158 ὑπόδειγμα
2626 1087 2828 1142 τοιόνδε
2855 1105 2929 1150 τι,
2963 1088 3039 1150 ὼς
3070 1089 3164 1142 ὲάν
3192 1104 3274 1150 τις
3305 1087 3526 1156 ἱμάτιον
3559 1084 3736 1137 ἔνδε-

2120 1176 2348 1247 δυμένος
2373 1216 2388 1242 ,
2422 1181 2480 1232 ἐν
2517 1178 2573 1232 δὲ
2620 1177 2698 1248 τῷ
2745 1178 2946 1249 ίματίῳ
2996 1175 3136 1248 αἷμα
3182 1176 3463 1250 ραντισθὲν
3505 1175 3738 1246 μολύνῃ

2120 1267 2181 1320 τὺ
2211 1268 2446 1338 ἱμάτιον,
2477 1269 2538 1322 τὸ
2566 1268 2622 1322 δὲ
2658 1269 2821 1340 σῶμα
2849 1269 2950 1322 οὐκ
2978 1269 3183 1336 ἔφθασε
3212 1268 3304 1322 τοῦ
3334 1267 3732 1336 ἐνδεδυμένον,

2121 1358 2395 1424 λογίζεται
2421 1359 2479 1413 δὲ
2517 1361 2546 1412 ὁ
2599 1361 2790 1423 σπῖλος
2838 1361 2866 1413 ό
2897 1361 2961 1412 ὲκ
2996 1359 3094 1412 τοῦ
3124 1359 3358 1429 αἵματος
3395 1356 3474 1426 τῷ
3501 1355 3738 1409 ἐνδεδυ-

2126 1450 2272 1521 μένῳ
2303 1450 2365 1503 τὸ
2411 1451 2648 1520 ἱμάτιον.
2689 1451 2876 1516 Οὕτως
2930 1453 2988 1504 ὲν
3033 1454 3104 1522 τῇ
3147 1451 3314 1522 σαρκὶ
3360 1448 3638 1501 πέπονθεν
3702 1448 3744 1498 ὁ.

2123 1541 2357 1612 Χριστὸς
2378 1581 2395 1607 ,
2430 1544 2490 1596 ὲν
2535 1543 2684 1614 αὑτῷ
2714 1560 2860 1614 φημι
2898 1543 2977 1614 τῷ
3011 1541 3283 1614 Κυριακῷ
3311 1538 3584 1612 ἀνθρώπῳ
3609 1578 3628 1600 9
3666 1538 3736 1590 δν

2123 1636 2286 1700 αὐτὸς
2337 1636 2681 1691 ἀνεπλάσατο
2713 1635 2884 1690 ἐλθὼν
2935 1636 3032 1689 ἀπ’
3064 1632 3314 1705 οὐρανῶν
3339 1634 3368 1686 ό
3393 1633 3545 1698 ἅγιος
3577 1627 3738 1690 Θεὸς

2124 1725 2296 1790 Λόγος
2315 1739 2330 1752 ·
2361 1723 2438 1788 ὣς
2463 1741 2629 1796 φησιν
2656 1727 2686 1778 ό
2712 1725 2866 1794 ἀγιος
2890 1723 3097 1794 Πέτρος
3122 1761 3138 1785 ,
3169 1719 3537 1782 Θανατωθεὶς
3561 1734 3738 1783 σαρ-

2124 1815 2203 1879 κὶ,
2238 1814 2613 1883 ζωοποιηθεὶς
2641 1815 2710 1869 δὲ
2741 1817 3033 1884 πνεύματι
3051 1830 3065 1844 ·
3100 1814 3196 1866 καὶ
3221 1811 3382 1867 πάλιν
3401 1849 3417 1874 ,
3445 1806 3737 1878 Χριστοῦ

436 1903 648 1958 Christo
667 1906 834 1976 igitur
853 1923 1010 1976 passo
1031 1924 1125 1977 pro
1151 1908 1299 1963 nobis
1321 1927 1498 1978 carne,
1518 1926 1567 1966 ει
1594 1929 1681 1967 vos
1704 1916 2021 1984 cogitatione

2128 1903 2236 1961 οὖν
2267 1907 2566 1975 παθόντος
2611 1908 2765 1976 ὑπὲρ
2811 1905 2982 1977 ἡμῶν
3013 1903 3232 1973 σαρκὶ,
3265 1902 3362 1956 καὶ
3387 1899 3553 1970 ὑμεῖς
3591 1896 3738 1965 τὴν

436 1996 980 2054 eademarmemini’.
1007 2001 1086 2055 Ad
1113 2000 1237 2056 eum
1261 2003 1446 2072 itaque
1479 2004 1701 2060 modum
1736 2008 2028 2078 sanguinis

437 2089 655 2141 macula
680 2089 769 2142 illa
803 2107 924 2160 qua:
956 2093 1202 2148 vestibus
1226 2094 1575 2159 adhaerescit,
1595 2098 1643 2151 ei
1673 2098 1768 2168 qui
1799 2100 2030 2156 indutus

435 2186 520 2231 est
535 2180 847 2235 ascribilur.
875 2183 942 2236 Et
963 2198 1087 2238 vero
1105 2185 1288 2241 carnis
1306 2185 1422 2256 ipsa
1445 2190 1726 2258 perpessio
1747 2189 2020 2246 divinitati

436 2269 639 2323 trihula
658 2279 763 2338 cst,
783 2272 1046 2344 licctipsa
1068 2276 1202 2330 nihil
1227 2292 1386 2348 passa
1419 2280 1512 2346 sit,
1542 2289 1598 2334 ut
1622 2297 1690 2336 ne
1713 2283 1770 2336 in
1803 2283 2023 2340 homine

433 2360 675 2417 mundus
705 2378 857 2433 spem
885 2379 950 2419 ac
978 2366 1234 2420 ﬁduciam
1275 2369 1529 2435 colioeet,
1562 2370 1658 2426 sed
1687 2373 1744 2426 in
1800 2373 2033 2430 homine

434 2448 742 2518 Dominico,
766 2469 893 2509 cum
926 2456 1178 2514 videlicet
1201 2458 1462 2516 divinitas
1486 2461 1603 2532 ipsa
1635 2462 1890 2534 imputari
1915 2466 2028 2520 sibi

435 2542 751 2611 passionem
785 2547 1042 2612 voluerit,
1091 2557 1152 2603 ut
1181 2552 1458 2620 passionis
1485 2568 1682 2623 expers
1706 2555 1798 2609 illa
1821 2555 2024 2612 divini-

436 2625 578 2687 tatis'
598 2633 840 2690 conditio
884 2637 1055 2694 totius
1087 2639 1276 2694 mundi
1315 2642 1468 2697 salus
1512 2643 1704 2711 ﬁeret;
1748 2654 1911 2716 atque
1962 2657 2024 2702 ut

437 2721 642 2777 inﬂicta
688 2727 842 2780 carni
886 2729 1625 2804 perpessio,divinitati,quae
1645 2735 1780 2789 nihil
1804 2737 2019 2793 interim

438 2814 1142 2882 patiebatur,nihilominus
1175 2821 1624 2879 tribuereturzin
1689 2841 1799 2895 quo
1874 2832 2021 2900 quod

437 2905 703 3009 scriptum
732 2918 816 2963 est
842 2909 1195 2978 impleretur:
1222 2911 1282 2968 Si
1305 2916 1448 2969 enim
1476 2919 1860 2987 cognovissent,
1885 2937 2024 2976 nun-

434 2997 595 3066 qua’m
626 2997 912 3054 Dominum
936 3002 1122 3071 glorim
1144 3005 1535 3074 cruciﬁxissent
1553 3009 1596 3074 ⁸,
1630 3017 1740 3064 etc.

509 3083 690 3141 XCIV.
746 3089 1055 3146 Crucilixus
1101 3103 1189 3149 est
1233 3110 1386 3164 ergo,
1435 3098 1737 3154 cruciﬁxus
1779 3111 1885 3166 est,
1939 3102 2021 3158 in—

2124 1998 2321 2068 αὐτὴν
2348 1999 2595 2054 ἔννοιαν
2621 1999 2982 2053 ὁπλίσασθε.
3019 1994 3207 2057 Οὕτως
3235 1993 3296 2046 τὺ
3328 1986 3464 2061 αἷμα
3490 1991 3548 2042 ὲν
3579 1990 3742 2056 ίμα-

2123 2087 2224 2158 τεῳ
2251 2088 2364 2158 (55)
2393 2087 2675 2156 λογίζεσθε
2704 2089 2725 2119 ⁷
2754 2087 2835 2158 τῷ
2862 2084 3116 2158 φοροῦντι
3136 2101 3151 2114 ·
3184 2081 3435 2151 ἐλογίσθη
3464 2077 3621 2147 αὺτῷ
3659 2077 3740 2129 τὸ

2124 2179 2296 2242 πάθος
2318 2180 2417 2248 τῆς
2447 2178 2652 2251 σαρκὸς
2679 2180 2760 2241 εἰς
2788 2177 3018 2247 θεότητα
3040 2214 3056 2236 ,
3108 2173 3274 2244 μηδὲν
3307 2171 3474 2239 αὐτῆς
3504 2165 3738 2220 παθού-

2125 2287 2226 2340 σης
2249 2309 2267 2334 ,
2298 2272 2385 2324 ἵνα
2411 2271 2486 2342 μὴ
2513 2273 2592 2334 εἰς
2620 2269 2906 2341 ἄνθρωπον
2937 2266 3036 2338 ἔχῃ
3067 2268 3096 2318 ό
3132 2264 3337 2334 κόσμος
3367 2262 3464 2331 τὴν
3489 2258 3734 2321 ἐλπίδα,

2123 2360 2238 2414 ἀλλ’
2265 2361 2327 2414 ἑν.
2347 2360 2427 2431 τῷ
2464 2360 2729 2432 Κυριακῷ
2771 2359 3074 2431 ἀνθρώπῳ,
3110 2355 3210 2425 τῆς
3239 2353 3489 2423 θεότητος
3519 2348 3740 2402 ἀνα-δε-

2123 2458 2360 2528 χομένης
2394 2456 2711 2527 λογισθῆναι
2741 2458 2822 2519 είς
2873 2455 3044 2526 αὐτὴν
3094 2453 3157 2505 τὸ
3184 2449 3357 2513 πάθος
3379 2465 3391 2480 ·
3425 2447 3512 2499 ἶνα
3546 2444 3740 2513 γένη-

2122 2567 2210 2602 ται
2239 2547 2381 2619 ὑπὲρ
2408 2547 2617 2618 κόσμου
2653 2549 2686 2619 ἡ
2726 2548 2834 2601 ἀπὸ
2861 2547 3114 2616 θεότητος
3145 2544 3383 2597 ἀπάθεια
3413 2538 3670 2608 σωτηρία
3716 2553 3732 2567 ·

2125 2641 2214 2695 ἵνα
2233 2640 2294 2693 τό
2323 2641 2382 2693 ὲν
2415 2639 2577 2710 σαρκὶ
2603 2641 2896 2710 γενόμενον
2928 2637 3100 2700 πάθος
3133 2639 3214 2699 εἰς
3237 2634 3334 2704 τὴν
3359 2631 3590 2700 θεότητα
3623 2627 3735 2682 λο-

2123 2730 2285 2802 γισθῇ
2313 2771 2328 2796 ,
2385 2731 2562 2784 καίτοι
2596 2748 2660 2799 γε
2692 2731 2860 2803 μηδὲν
2893 2729 3173 2799 παθούσης
3204 2727 3373 2796 αὐτῆς
3395 2741 3412 2757 ·
3458 2723 3545 2775 ἵνα
3569 2719 3736 2788 πλη-

2126 2818 2273 2889 ρωθῇ
2320 2819 2355 2889 ὴ
2410 2818 2644 2887 λέγουσα
2679 2820 2900 2890 Γραφή·
2959 2818 3028 2872 Ei
3079 2817 3192 2886 γὰρ
3231 2815 3547 2883 ἔγνωσαν.
3595 2812 3733 2864 οὐκ

2125 2908 2204 2963 ἂν
2245 2911 2354 2964 τὸν
2399 2912 2620 2980 Κύριον
2650 2911 2761 2980 τῆς
2805 2911 2990 2979 δόξης
3033 2908 3465 2977 ἐσταύρωσαν,
3497 2903 3594 2956 καὶ
3646 2903 3748 2956 τὰ

2125 3001 2272 3072 ἑξῆς.

2196 3120 2308 3183 ἰπΔη
2350 3117 2700 3189 Ἑσταυρὼθη
2740 3112 2872 3182 οὖν,
2919 3114 3240 3188 ἐσταυρώθη
3284 3115 3317 3168 δ’
3342 3114 3545 3185 Κύριος
3571 3153 3586 3178 ,
3615 3117 3740 3170 καὶ

433 3193 622 3247 quam,
670 3180 970 3247 Dominus;
1012 3192 1068 3240 et
1109 3202 1212 3242 nos
1251 3190 1572 3245 cruciﬁxum
1623 3193 1920 3252 adoramus
1956 3211 2021 3252 ac

435 3271 706 3296 ..ιι-...Ιι.-..,
774 3286 1178 3296 ..----....Αᾼ.-ηη
1218 3295 1255 3296 κγ
1304 3288 1317 3296 .
1391 3282 1425 3296 ,ο
1528 3283 1560 3296 ι.
1704 3295 1708 3296 ,
1767 3287 1779 3296 .
1940 3291 1950 3296 _

2128 3209 2546 3280 προσκυνοῦμεν
2583 3209 2675 3263 τὸν
2709 3207 3153 3279 ἐσταυρωμένον,
3185 3206 3276 3260 τὸν
3311 3208 3548 3274 ταφέντα
3572 3245 3587 3269 ,
3615 3208 3730 3257 καὶ

435 3271 731 3340 sepultum.
774 3286 1264 3349 resurgentemquc
1303 3282 1464 3336 tertia
1509 3283 1618 3350 die,
1663 3295 1720 3341 et
1765 3287 1820 3342 in
1848 3291 2022 3348 caelos

433 3364 847 3420 ascendentem.
914 3366 960 3421 0
1018 3369 1248 3425 altitudo
1283 3373 1591 3430 divitiarum
1644 3387 1695 3431 et
1749 3381 2024 3447 sapientia:

433 3462 482 3504 et
526 3453 762 3507 scientia:
804 3455 944 3509 Dei!
980 3464 1039 3511 ut
1069 3460 1334 3529 scriptum
1371 3473 1458 3518 est
1475 3467 1517 3518 ⁵.
1569 3470 1656 3521 Ea:
1692 3482 1844 3536 parte
1884 3474 2024 3526 enim

434 3541 822 3608 cognoscimus,
860 3551 909 3594 et
954 3558 1019 3596 ea:
1045 3555 1195 3612 parte
1231 3549 1602 3616 prophetarum
1622 3555 1664 3620 ⁵,
1703 3563 1964 3628 tanquam
1993 3576 2025 3616 e

437 3625 578 3678 mari
622 3627 824 3680 stillam
873 3627 1070 3684 divinae
1116 3633 1362 3690 scientiae
1409 3652 1475 3693 ac
1517 3625 1850 3712 cognitionis
1888 3646 2025 3700 haua

436 3715 668 3778 rientes,
701 3726 868 3788 atque
895 3719 1161 3788 ejusmodi
1198 3726 1554 3794 providentia:
1586 3740 1641 3787 et
1673 3733 2026 3793 administra-

435 3807 606 3864 tionis
636 3812 950 3880 exemplum
979 3815 1201 3885 aliquod
1234 3821 1496 3889 assecuti,
1537 3838 1604 3878 ae
1630 3825 1868 3897 denique
1906 3829 2024 3898 spei

435 3907 643 3956 nostrae
689 3901 1012 3974 ﬁduciaque
1037 3907 1268 3978 gratiam
1304 3925 1468 3966 :cum
1513 3928 1578 3968 ex
1622 3925 1778 3988 grata
1826 3919 1879 3973 in
1922 3936 2024 3976 nos

435 3990 721 4047 voluntate
766 4007 832 4047 ac
860 3998 1230 4053 consensione
1258 3997 1460 4068 Patris,
1491 4012 1547 4058 et
1586 4007 1870 4065 voluntate
1900 4009 2022 4068 Filii

435 4095 504 4135 ac
539 4081 781 4152 Spiritus
804 4086 1002 4151 sancti,
1037 4096 1213 4144 totum
1254 4094 1360 4147 hoc
1391 4097 1667 4164 negotium
1700 4099 1770 4154 ab
1793 4117 1902 4156 uno
1929 4119 2025 4158 eo-

435 4171 674 4244 demque
700 4173 812 4230 Deo
845 4176 918 4232 sit
947 4178 1414 4238 administratum.
1449 4185 1563 4257 98
1587 4187 1859 4246 Caeterum
1895 4209 2020 4250 cum

435 4265 494 4319 in
523 4268 781 4325 omnibus
824 4269 1124 4343 Scriptura:
1166 4275 1302 4332 locis
1347 4281 1582 4348 sparsim
1621 4281 1769 4339 illius
1820 4285 1889 4341 de
1931 4302 2021 4342 re-

435 4362 782 4418 surrectione
827 4362 1100 4435 dogmatis
1130 4367 1331 4438 injecta
1365 4371 1440 4426 sit
1472 4374 1699 4440 mentio,
1746 4377 2022 4432 nihilomi-

434 4464 544 4504 nus
577 4465 791 4508 summa
836 4455 913 4510 rei
953 4471 1017 4510 ac
1042 4458 1308 4527 perfectio
1351 4461 1422 4515 ad
1471 4465 1828 4522 subsistentis
1857 4467 2020 4524 Verbi

2123 3299 2432 3354 ἀναστάντα
2459 3301 2526 3370 τῇ
2555 3298 2716 3370 τρίτῃ
2761 3298 2972 3369 ἡμέρᾳ,
3001 3298 3097 3351 καὶ
3136 3299 3216 3360 είς
3263 3296 3524 3367 οὐρανοὺς
3550 3295 3727 3349 ἀνελ-

2124 3388 2303 3443 θόντα.
2357 3390 2426 3442 Ὠ
2467 3387 2662 3452 ,βάθος
2720 3388 2991 3442 πλούτου
3037 3386 3136 3439 καὶ
3171 3385 3394 3453 σοφίας
3431 3384 3527 3436 καί
3565 3383 3738 3453 πει-ὡς

2123 3496 2277 3548 σεως
2301 3480 2452 3535 Θεοῦ
2475 3481 2496 3532 .'
2517 3480 2658 3534 κατά
2684 3480 2745 3533 τὸ
2776 3477 3181 3551 γεγραμμένον.
3223 3478 3320 3530 Ἐκ
3351 3476 3573 3546 μέρους
3601 3474 3728 3545 γὰρ

2123 3572 2527 3643 γινώσκομεν,
2584 3570 2682 3624 καί
2727 3571 2797 3624 ἐκ
2840 3568 3064 3638 μέρους
3110 3568 3564 3636 προφητεύομεν
3587 3605 3601 3628 ,
3634 3565 3726 3628 ὡς

2126 3663 2312 3733 ρανίδα
2347 3661 2455 3718 ἀπὸ
2490 3661 2766 3730 πελάγους
2800 3661 3092 3732 ἀρυόμενοι
3128 3659 3228 3729 τῆς
3257 3658 3351 3712 τοῦ
3389 3657 3522 3710 θεοῦ
3571 3658 3725 3725 γνὼ-

2125 3768 2264 3815 σεως
2281 3791 2295 3815 ,
2326 3752 2420 3806 καὶ
2450 3751 2964 3822 καταλαμϐάνοντες
2985 3751 3086 3822 τῆς
3114 3747 3371 3818 τοιαύτης
3398 3749 3723 3818 οἰκονομίας

2124 3844 2466 3915 ὑπόδειγμα,
2521 3847 2621 3915 τῆς
2669 3841 2829 3914 ἡμῶν
2884 3840 3100 3904 ἐλπίδος
3152 3839 3253 3911 τὴν
3303 3840 3464 3911 χάριν
3491 3878 3506 3902 ,
3560 3839 3722 3892 εὐδο-

2126 3935 2219 4005 κία
2251 3936 2364 4005 (54)
2409 3936 2661 4006 Πατρός,
2721 3933 2938 4006 θελήσει
2974 3930 3108 3986 Υἱοῦ
3157 3931 3256 3985 σὺν
3305 3931 3518 4001 θελήσει
3549 3930 3720 3998 ἁγίου

2125 4026 2474 4096 Πνεύματος,
2525 4027 2626 4097 τῆς
2657 4025 2822 4080 αὐτοῦ
2867 4023 3004 4077 Θεοῦ
3055 4022 3388 4094 οἰκονομίας.
3445 4017 3606 4092 Εἶχον
3653 4021 3720 4075 δὲ

2125 4117 2302 4169 πᾶσαι·
2349 4117 2404 4170 αί
2459 4116 2672 4186 Γραφαῖ
2721 4114 2998 4186 σποράδην
3033 4114 3096 4168 τὸ
3147 4115 3408 4187 κήρυγμα
3448 4115 3562 4183 (55)
3612 4115 3717 4184 τῆς

2123 4207 2514 4270 ἀναστάσεως·
2546 4208 2793 4278 ἐτηρεῖτο
2821 4205 2879 4259 δὲ
2926 4205 2986 4258 τδ
3029 4205 3234 4258 τέλειον
3279 4208 3346 4276 τῇ
3401 4202 3566 4259 αὐτοῦ
3614 4205 3732 4257 τοῦ-

2125 4297 2494 4350 ὲνυποστάτου
2517 4297 2693 4366 Λόγου
2721 4297 3025 4368 παρουσίᾳ·
3050 4297 3353 4367 Πλήρωμα
3380 4297 3490 4367 τὰρ
3519 4299 3715 4364 νόμου

2124 4386 2402 4452 Χριστὸς.
2432 4385 2576 4439 κατὰ
2605 4385 2667 4439 τὸ
2695 4385 3099 4456 γεγραμμένον.
3144 4385 3254 4439 Ποῦ
3279 4384 3388 4456 γάρ
3414 4386 3515 4439 οὐκ
3555 4384 3712 4452 ἔλεγε

2124 4472 2185 4526 τὸ
2218 4473 2361 4526 θετον
2391 4475 2626 4544 γράμμ
2655 4474 2784 4547 περὶ
2809 4474 3159 4538 ἀναστάσεως
3188 4492 3204 4540 ;
3237 4475 3458 4546 Πρῶτον
3504 4475 3566 4528 τὺ
3615 4474 3712 4527 τοῦ

437 4544 831 4598 reservabatur
871 4546 1186 4603 adventum.
1223 4549 1674 4620 Complementum
1715 4560 1903 4636 quippe
1943 4563 2019 4616 le-

2130 4565 2295 4618 ’Λὸελ
2322 4561 2464 4636 αἷμα
2502 4544 2795 4637 κηρύττει·
2841 4565 2980 4636 μετά
3015 4567 3124 4639 γὰρ
3155 4567 3214 4621 τὺ
3246 4544 3540 4621 ἀποθανεῖν
3564 4609 3579 4632 ,
3630 4567 3713 4620 ἔτι

434 4635 518 4704 gis
547 4633 793 4690 Christus
832 4647 932 4702 est,
969 4646 1029 4692 ut
1059 4639 1343 4711 Scriptura
1377 4653 1610 4702 testatur
1631 4649 1674 4703 ⁵.
1705 4633 1842 4716 Quis
1870 4654 2014 4708 enim

2128 4657 2310 4720 λαλεῖ,
2368 4633 2532 4729 ιρησὶν
2653 4633 2863 4730 Γραφῆ.
2933 4633 3118 4727 Ἐνέὼᾷ(
3139 4658 3442 4725 μετετέθη,
3468 4658 3562 4709 κ(ιῖ
3591 4658 3704 4718 οὐχ

436 4726 594 4782 locus
624 4727 680 4782 in
733 4729 911 4786 sacris
945 4728 1170 4790 Litteris
1207 4743 1312 4802 est,
1355 4737 1409 4792 in
1451 4753 1562 4808 quo
1597 4745 2016 4801 resurrectionis

504 4883 522 4914 ί
554 4881 573 4937 1
608 4882 754 4942 Petr.
775 4901 855 4952 ιιι,
888 4887 976 4945 18.

431 4953 456 4985 '
492 4953 550 5008 F.
583 4954 871 5025 λογίζεται.

507 5071 620 5141 (55)
681 5073 878 5128 Οὕτως
925 5073 993 5146 τὸ
1028 5069 1171 5146 αἷμα
1226 5075 1298 5129 ἐν
1365 5077 1590 5146 ίματίῳ.
1634 5077 1719 5133 Ad
1755 5095 1873 5134 eum
1905 5097 2022 5135 mo-

432 5140 563 5213 (ium
605 5140 718 5209 'quo
772 5145 1044 5213 sanguinis
1087 5140 1306 5199 'macula
1367 5140 1672 5203 uestimento
1719 5149 2015 5205 ari/uerens.

431 5211 607 5286 gnate
630 5250 670 5286 ,_
697 5220 752 5266 et
783 5211 907 5286 cuin
960 5216 1279 5270 discrimine
1329 5217 1484 5272 locus
1528 5226 1613 5274 est
1647 5220 2020 5286 accipiendus.

435 5279 554 5334 Non
585 5283 729 5336 enim
781 5282 849 5336 ad
901 5297 1025 5337 eum
1060 5287 1284 5339 omnino
1333 5287 1556 5342 modum
1606 5288 1701 5343 Dci
1733 5279 1930 5344 Filium
1964 5291 2020 5344 in

434 5365 602 5430 carne
635 5367 857 5430 passum
887 5353 1152 5430 dicimus,
1185 5371 1294 5430 quo
1326 5358 1736 5430 vestis__macula
1785 5361 2022 5430 imputa-

437 5427 525 5500 tur
551 5420 600 5476 ei
631 5420 723 5492 qui
757 5433 920 5500 _veste
950 5420 1217 5500 induitur.
1249 5423 1542 5500 intercedit
1583 5429 1712 5482 unio
1765 5420 2020 5500 hyp'osta-

437 5490 564 5563 tica,
593 5489 702 5560 qua
737 5489 1129 5563 duarnaturze,
1157 5493 1340 5548 divina
1369 5496 1643 5556 videlicet.
1669 5507 1724 5553 ct
1757 5489 2015 5563 humana,

437 5558 687 5638 iuunam
723 5561 1062 5638 subsistunt_
1084 5577 1393 5638 personam.
1423 5563 1541 5638 Non
1587 5568 1753 5638 igitur
1789 5558 2016 5638 prorsus

437 5626 509 5707 uti
535 5643 654 5681 cum
693 5631 907 5707 modum
927 5670 941 5694 ,
969 5626 1294 5707 sed'aliqua
1340 5626 1824 5707 ratione_,valiquo
1855 5638 2017 5707 modo

442 5697 509 5746 ad
538 5711 658 5750 cum
692 5704 926 5751 modum.
955 5701 1036 5753 Ab
1060 5697 1312 5758 humanis
1342 5704 1507 5758 rebus
1539 5697 1794 5760 derivata:
1823 5706 2016 5762 simili-

440 5766 699 5843 tudines,
739 5783 859 5843 qua;
905 5767 1084 5824 divina
1139 5783 1267 5827 sunt
1295 5785 1710 5843 repraesentare
1740 5777 2018 5843 adatquatc

437 5848 549 5891 non
582 5833 794 5902 valent;
832 5837 1068 5895 humana
1113 5858 1140 5896 a
1197 5833 1400 5900 divinis
1439 5843 1760 5900 immensum
1789 5833 2012 5902 disiant.

1089 4890 1157 4946 ³1
1189 4889 1337 4949 Petr.
1379 4909 1468 4964 tv,
1506 4895 1557 4952 i.
1633 4898 1657 4930 ³
1693 4898 1732 4968 Ι,
1758 4899 1886 4955 Cor.
1925 4917 1984 4968 ιι,
2020 4899 2073 4956 8.

2129 4749 2472 4817 ηὑρίσκετο,
2497 4747 2593 4801 καὶ
2639 4747 2742 4800 οὐκ
2782 4743 2890 4801 εἶδε
2932 4746 3190 4800 θάνατον⁹
3228 4747 3562 4818 εὐηρέστησε
3599 4752 3709 4816 γᾰρ

2174 4902 2197 4934 ⁸
2230 4902 2389 4958 (tuin.
2424 4917 2504 4968 ιι,
2545 4901 2637 4958 53.
2740 4901 2761 4933 "
2792 4899 2814 4955 Ι
2841 4899 2967 4956 Cor.
3003 4915 3125 4968 xm,
3165 4899 3220 4954 9.
3324 4900 3522 4955 'Rom.
3563 4914 3618 4960 ιι,
3653 4901 3704 4953 is.

2205 5081 2317 5151 (54)
2368 5083 2631 5151 meam
2653 5123 2668 5148 ,
2718 5093 2853 5152 etc.‘
2870 5081 2947 5136 Ex
2981 5097 3049 5137 eo
3083 5082 3206 5136 loco
3239 5082 3385 5152 quod
3434 5081 3706 5152 reliquum

2123 5149 2407 5224 estusque
2441 5155 2508 5207 ad
2562 5149 2748 5209 vocem
2803 5149 2949 5224 εἶχον
3003 5154 3075 5206 ita
3119 5149 3513 5224 interpretatur
3551 5151 3708 5208 Peta-

2125 5223 2285 5277 vius:
2330 5223 2496 5292 ldquc
2543 5240 2608 5277 ea:
2663 5233 2819 5294 grata
2860 5223 2913 5276 in
2945 5223 3360 5294 nosvolunt'ate,
3395 5240 3456 5275 ac
3485 5239 3703 5276 consen-

2121 5293 2268 5346 sions
2295 5292 2507 5374 Patris,
2534 5305 2584 5348 et
2617 5292 2888 5374 voiuntate
2934 5292 3068 5346 Filii
3092 5333 3105 5354 ,
3139 5309 3200 5374 ac
3231 5292 3465 5374 Spiritus
3494 5295 3701 5374 sancti:

2124 5372 2290 5416 totum
2327 5363 2499 5416 uthac
2528 5363 2890 5432 negotiunrab
2928 5379 3034 5415 uno
3068 5368 3350 5432 eodemque
3375 5362 3482 5414 Dea
3516 5363 3585 5416 sit
3614 5363 3703 5414 ad-

2123 5433 2506 5488 ministratum.
2548 5430 2666 5487 Non
2691 5435 2765 5487 ita
2801 5431 3155 5495 Thomasius,
3190 5433 3282 5500 qui
3332 5430 3581 5486 fortasse
3601 5448 3701 5486 nec

2123 5503 2350 5557 omnino
2375 5513 2660 5572 assecutus
2687 5513 2771 5557 est
2794 5502 3082 5572 Epiphanii
3124 5503 3282 5572 eoiin
3312 5502 3435 5572 loco
3455 5517 3696 5557 sensum.

2195 5572 2312 5642 (55)
2363 5571 2683 5650 Κήρργμα,
2721 5571 3221 5650 non’dogmahsed
3257 5571 3477 5641 proprie
3503 5587 3698 5650 prisco-

2125 5640 2303 5704 nium,
2359 5643 2505 5710 quod
2541 5640 2827 5710 praeconis
2869 5640 3003 5695 voce
3028 5640 3291 5706 edicitur;
3338 5640 3590 5711 praesenti
3643 5640 3694 5693 in

2125 5711 2244 5782 loco
2270 5720 2568 5782 usurpatur
2591 5712 2659 5765 ad
2690 5711 3060 5782 denotandum
3096 5711 3522 5782 praedictionem,
3557 5725 3690 5782 prai-

2125 5779 2477 5848 dicationcm,
2518 5782 2602 5838 vel
2639 5779 2994 5838 mentionem.
