3994 6414
168 397 246 452 i8!)
1516 391 1960 449 ANCORATUS.

3278 387 3380 446 £90

167 505 227 577 τῷ
249 503 368 573 Θεῷ.
394 502 513 557 Νῶε
565 503 790 557 κιϐωτὸν
819 503 1218 558 κατεσκεύασεν
1250 505 1315 556 ἐκ
1363 503 1498 558 Θεοῦ
1529 523 1695 576 προσ-

1805 519 1908 572 non
1964 502 2353 558 meminerint?
2417 500 2654 555 Primum
2726 497 2911 553 Abelis
2965 496 3189 566 sanguis
3232 495 3380 551 illam

170 597 398 666 τάγματος
421 596 437 627 ⁸
469 594 644 664 ἑαυτῷ
674 594 1081 664 παλιγγενεσίας
1119 594 1196 666 τῷ
1252 595 1437 668 οἰκείῳ
1466 597 1693 669 ἐργαζό-

178 701 296 757 μενος
329 685 456 756 οίκῳ
486 724 501 737 .
555 684 800 757 Ἀϐραὰμ
848 685 1113 758 γηραλέος
1169 685 1436 757 λαμϐάνει
1493 688 1692 750 παῖδα,

178 775 528 847 νενεκρωμένου
559 776 656 848 ἥδη
697 774 790 830 τοῦ
841 775 1113 848 σώματος.
1169 777 1276 831 Καὶ
1314 777 1380 832 ἐκ
1412 778 1622 864 νεκρῶν
1666 781 1696 833 6

171 865 272 929 θεὸς
308 865 399 937 τὴν
425 865 610 920 ἐλπίδα
646 866 995 940 κεχάρισται,
1037 866 1411 938 νεκρωοείσης
1460 868 1697 939 μάλιστα

166 955 244 1025 τῆς
289 956 486 1028 μήτρας
531 955 780 1032 Σάρραςο
819 959 914 1012 καὶ
964 957 1026 1011 τὸ
1075 957 1561 1030 πεπαλαιωμένον,
1603 959 1695 1012 καὶ

167 1048 300 1114 ἐγγὺς
325 1047 618 1118 ἀφανισμοῦ
648 1048 870 1118 γεγονὸς
902 1047 1001 1119 τῆς
1030 1051 1149 1103 κατ’
1178 1048 1402 1120 ἐθισμὸν
1440 1052 1697 1119 γυναικὸς

167 1133 438 1199 ἀκολουθίας
463 1177 478 1201 ,
514 1138 547 1207 ὴ
586 1136 911 1208 ξηρανθείσα
939 1138 1092 1211 πηγὴ
1118 1135 1271 1203 αὖθις
1299 1139 1527 1209 δύναμιν
1558 1141 1696 1212 λαμ-

169 1224 289 1276 ϐάνει
314 1226 385 1288 εἰς
411 1227 708 1299 καταϐολὴν
740 1228 1053 1301 σπέρματος
1075 1272 1089 1296 ,
1116 1231 1206 1284 καὶ
1232 1233 1265 1302 ἡ
1293 1232 1538 1303 γηραλέα
1572 1251 1698 1286 νεω-

171 1315 272 1384 τέρα
319 1317 540 1371 κυῖσκει.
592 1319 702 1373 Καὶ
764 1321 950 1375 Ἰσαὰκ
1005 1321 1115 1375 ἀπὸ
1162 1323 1392 1378 Θανάτου
1434 1324 1578 1389 ζῶν,
1619 1325 1697 1396 τῷ

172 1407 302 1476 πατρὶ
332 1408 590 1478 παρεδόθη
608 1425 623 1442 ο
648 1411 676 1462 6
715 1409 824 1483 γὰρ
860 1411 992 1476 Θεὸς
1026 1411 1084 1477 ἐξ
1112 1414 1462 1478 ἀναστάσεως
1487 1413 1696 1488 νεκρῶν

172 1497 229 1567 τῷ
255 1501 401 1570 πατρὶ
426 1501 515 1554 τὸν
557 1502 719 1556 παῖδα
763 1505 1089 1576 παραδιδοὺς
1123 1504 1302 1570 ζῶντα
1341 1506 1531 1559 ἐλπίδα
1569 1507 1700 1577 ἐκή-

176 1606 342 1658 ρυττεν,
399 1587 591 1663 Ἰωσὴφ
623 1593 864 1648 δείκνυσι
924 1595 1022 1668 τὴν
1060 1597 1442 1668 πραγματείαν
1467 1637 1482 1662 ,
1531 1597 1606 1668 μὴ
1639 1598 1698 1651 ὲν

174 1676 358 1749 δευτέρῳ
386 1678 661 1751 τιθέμενος
707 1683 806 1752 τὴν
834 1683 944 1736 τῶν
975 1683 1179 1739 ὀστέων
1233 1684 1419 1739 ἐλπίδα
1444 1701 1457 1713 ³
1495 1687 1699 1756 ἐπεμε-

172 1771 278 1825 λεῖτο
299 1772 392 1843 γὰρ
428 1774 531 1826 τῶν
560 1774 813 1830 τοιούτων
837 1815 851 1838 ,
886 1776 985 1847 οὐχ
1018 1777 1095 1840 ὠς
1125 1777 1511 1857 ἀπολλυμένων
1531 1818 1547 1842 ,
1582 1777 1695 1831 ἀλλ’

1797 593 2056 666 praedicat
2093 611 2106 647 :
2157 609 2284 648 nam
2345 601 2465 662 post
2512 599 2741 644 mortem
2770 589 2949 643 adhuc
2985 587 3224 656 loquitur
3251 627 3265 649 ,
3321 595 3382 644 ut

1797 685 1964 741 refert
1987 683 2328 754 Scriptura‘.
2359 680 2538 736 Enoch
2571 680 2869 733 translatus
2895 685 2999 740 est,
3032 687 3080 730 et
3111 693 3210 728 non
3239 677 3382 729 inve-

1799 778 2072 842 niebatur,
2131 791 2309 846 neque
2366 783 2597 828 mortem
2648 769 2815 834 vidit,
2867 768 3126 839 quoniam
3180 765 3385 836 placuit

1797 865 1910 921 Deo
1936 867 1977 919 ³.
2015 864 2128 922 Noe
2161 867 2252 922 Dei
2284 864 2541 919 mandato
2577 859 2867 917 fabricavit
2907 873 3115 921 arcam,
3154 871 3385 925 eamque

1797 958 1942 1012 velut
1995 958 2468 1028 regenerationem
2525 954 2745 1008 familia:
2798 967 2913 1007 sua:
2958 949 3180 1004 molitus
3226 946 3373 1003 est‘.

1797 1049 2147 1104 Abrahamus
2200 1054 2362 1102 atate
2409 1045 2698 1100 confectus
2752 1041 2920 1097 filium
2973 1050 3223 1095 emortuo
3267 1037 3382 1105 jam

1799 1156 2030 1212 corpore
2063 1139 2315 1209 suscipit,
2357 1153 2422 1192 ac
2467 1135 2608 1191 Deus
2649 1151 2800 1205 spem
2837 1130 3126 1188 emortuis
3155 1130 3386 1198 largitus

1797 1241 1905 1296 est,
1950 1231 2252 1300 praesertim
2287 1245 2413 1283 cum
2461 1227 2611 1282 Sara:
2643 1233 2928 1282 emortuus
2977 1231 3123 1278 esset
3159 1231 3384 1284 uterus;

1800 1338 1863 1377 ac
1893 1323 2037 1392 quod
2075 1321 2474 1376 invetéraverat
2501 1325 2556 1372 et
2595 1314 2992 1386 propemodum
3035 1321 3154 1367 erat
3180 1311 3388 1366 exstin-

1799 1421 1972 1476 ctum,
2009 1412 2115 1466 hoc
2159 1421 2262 1475 est,
2308 1407 2636 1480 proﬂuvium
2683 1406 2816 1459 illud
2874 1403 3140 1458 muliebre
3167 1402 3388 1472 jamdu-

1799 1503 1928 1558 dum
1974 1502 2315 1556 exsiccatum
2347 1513 2566 1553 rursum
2599 1497 2963 1557 instauratur,
2993 1503 3047 1549 et
3087 1492 3156 1546 ad
3199 1507 3386 1548 semen

1799 1589 2162 1646 emittendum
2223 1589 2369 1643 vires
2419 1587 2666 1656 accepit;
2720 1599 2861 1639 anus
2917 1584 3152 1652 denique
3195 1581 3388 1652 puclla:

1800 1696 1952 1735 more
1986 1677 2282 1750 parturit'.
2326 1677 2390 1732 Et
2429 1677 2578 1733 Isaac
2613 1677 2759 1731 velut
2802 1690 2832 1729 a
2881 1683 3056 1729 morte
3095 1680 3388 1728 revocatus

1802 1769 1869 1824 ad
1896 1771 2061 1824 vitam
2087 1768 2305 1823 oblatus
2333 1777 2418 1823 est
2445 1768 2588 1838 patri
2611 1769 2631 1798 ⁶
2662 1785 2674 1820 :
2707 1767 2910 1837 quippe
2956 1765 3099 1820 Deus
3133 1779 3201 1818 ex
3239 1780 3389 1818 mor-

169 1861 227 1924 ὡς
269 1863 546 1932 μελλόντων
579 1862 735 1930 αὖθις
769 1865 1043 1922 ἀναϐιοῦν.
1095 1868 1206 1922 Καὶ
1237 1869 1538 1922 ἐνετέλλετο
1567 1869 1696 1921 ἀνα-

1805 1869 2022 1915 tuoruni
2070 1861 2474 1916 resurrectione
2515 1861 2697 1914 vivum
2728 1858 2938 1930 parenti
2986 1865 3389 1926 repraesentans

169 1953 445 2022 κομισθῆναι
476 1955 541 2007 ἐκ
588 1955 688 2025 τῆς
715 1955 824 2009 τῶν
854 1957 1169 2024 Αἰγυπτίων
1206 1955 1410 2028 χώρας,
1463 1958 1524 2010 οὐ
1552 1973 1694 2028 παρ-

169 2039 324 2110 έργως.
369 2043 472 2096 Καὶ
525 2046 554 2097 6
623 2045 820 2116 Ἰωσὴφ
864 2045 1023 2100 τοῦτο
1077 2048 1354 2118 ἐσήμανε,
1406 2050 1696 2103 Συνανοί·

169 2131 285 2184 σατέ
333 2150 443 2201 μου
507 2133 581 2188 τὰ
644 2133 796 2190 ὀστᾶ
820 2176 835 2200 ,
885 2135 1108 2202 φάσκων
1143 2151 1158 2164 ·
1223 2134 1528 2204 ἐπισκοπῇ
1586 2136 1698 2205 γὰρ

171 2219 506 2290 ἐπισκέψεται
543 2223 701 2292 ίψᾶς
740 2226 774 2278 ὁ
802 2225 1035 2292 Κύριος.
1066 2225 1127 2276 Et
1175 2223 1250 2295 μὴ
1295 2224 1451 2287 ἐλπὶς
1477 2220 1544 2296 ἦν
1570 2225 1700 2277 ἀνα-

176 2311 396 2377 στᾶσεως,
443 2313 523 2377 τίς
571 2314 774 2366 ὀστέων
820 2316 854 2385 ἡ
905 2312 1190 2384 ἐπιμέλεια
1236 2318 1366 2386 περὶ
1404 2315 1511 2368 τῶν
1543 2315 1697 2386 φθει-

175 2401 370 2470 ρομένων
411 2404 610 2458 ὀστέων
649 2404 990 2459 ἐντέλλεσθαι
1023 2405 1150 2468 τοὺς
1181 2405 1461 2472 δικαίους;
1495 2407 1694 2478 Πρώτη

174 2494 291 2564 φωνὴ
315 2493 382 2566 τῷ
404 2497 605 2568 Μωῦσῇ
635 2499 668 2568 η
706 2495 801 2550 τοῦ
829 2495 964 2550 Θεοῦ
997 2498 1297 2570 μαρτυρία’
1317 2498 1460 2568 Ἐγὼ
1494 2501 1527 2552 ὁ
1553 2497 1698 2564 Θεὸς

184 2584 420 2656 Ἀϐραὰμ,
446 2589 542 2642 και
574 2592 608 2643 δ
637 2576 788 2656 Θεός
827 2589 1055 2656 Ἰσαὰκ,
1089 2589 1188 2643 και
1223 2593 1257 2644 δ
1289 2590 1434 2654 Θεὸς
1469 2590 1695 2654 Ἰακὼϐ,

181 2673 256 2725 τῶν
279 2677 326 2729 ὲν
349 2677 523 2750 κόσμῳ
563 2680 664 2750 μὲν
707 2679 1102 2750 κοιμωμένων,
1137 2681 1268 2751 παρ’
1301 2680 1426 2750 ἐμοὶ
1456 2678 1694 2744 ζώντων.

187 2766 254 2816 Ἓν
277 2767 490 2838 Πνεῦμα,
519 2769 697 2823 καὶτὸ
727 2770 860 2824 αὐτὸ
881 2769 941 2823 1:6
967 2769 1206 2842 λαλῆσαν
1232 2771 1290 2824 έν
1318 2771 1496 2842 νόμῳ,
1528 2772 1621 2825 καὶ
1645 2774 1703 2826 ὲν

185 2853 439 2930 Εὐαγγελίῳ
465 2861 717 2916 διδάσκον
741 2879 754 2893 ο
786 2861 942 2915 τοῦτο
973 2862 1082 2932 γὰρ
1124 2863 1219 2916 καὶ
1253 2863 1628 2928 Σαδδουκαίοις
1675 2866 1704 2918 6

185 2945 328 3019 Σωτὴρ
347 2952 624 3023 ἐσήμαινεν
644 2993 660 3020 ,
709 2953 764 3006 '0
797 2952 1006 3009 λαλῶν
1048 2955 1119 3008 ἐν
1147 2954 1270 3022 τοῖς
1325 2958 1661 3026 προφήταις
1685 2995 1701 3022 ,

186 3053 386 3110 mpsim.

1807 1951 2001 2015 filium.
2033 1967 2186 2023 spem
2217 1951 2642 2008 resurrectionis
2666 1948 2930 2006 ostendit.
2968 1948 3114 2003 Idem
3146 1956 3202 2001 et
3230 1946 3389 2002 Jose-

1803 2044 1948 2114 phus
1996 2059 2098 2098 suo
2131 2043 2278 2099 facto
2309 2041 2709 2112 comprobavit,
2751 2055 2874 2096 cum
2924 2039 3132 2094 ossium
3163 2051 3388 2093 suorum

1804 2149 1955 2204 spem
1980 2141 2035 2189 et
2076 2133 2544 2203 exspectationem
2579 2131 2956 2202 negligendam
2989 2146 3099 2185 non
3134 2129 3386 2199 putavit:

1803 2226 2006 2296 quibus
2049 2241 2158 2279 non
2203 2233 2464 2294 tanquam
2508 2223 2791 2292 perituris,
2845 2221 2939 2277 sed
2984 2231 3045 2275 ut
3090 2221 3220 2274 olim
3268 2219 3390 2274 vita:

1805 2316 2158 2372 restituendis
2198 2331 2388 2370 curam
2433 2314 2718 2379 adhibuit;
2751 2320 2916 2383 atque
2963 2321 3023 2366 ut
3055 2328 3123 2367 ex
3153 2310 3391 2381 Egypto

1807 2410 2234 2480 deportarentur
2254 2409 2421 2463 etiam
2455 2415 2616 2476 atque
2643 2407 2810 2460 etiam
2838 2405 3119 2475 praecepit,
3153 2404 3237 2459 his
3267 2419 3392 2458 ver-

1805 2499 1890 2557 bis
1918 2517 2050 2557 suos
2079 2501 2354 2555 allocutus
2384 2515 2398 2552 :
2431 2497 2748 2566 Exportate,
2772 2497 2972 2568 inquit,
3001 2513 3125 2552 ossa
3153 2513 3269 2550 mea
3301 2513 3393 2550 vo-

1805 2592 2008 2646 biscum
2035 2608 2053 2647 :
2085 2593 2348 2647 visitando
2373 2591 2513 2646 enim
2538 2590 2772 2645 visitabit
2801 2607 2888 2645 vos
2913 2589 3172 2644 Dominus
3195 2589 3238 2642 ".
3298 2590 3395 2641 At-

1807 2685 1900 2756 qui
1931 2687 1978 2742 si
2015 2686 2163 2740 nulla
2195 2693 2343 2741 esset
2379 2685 2562 2739 futura
2602 2683 2958 2744 resurrectio,
2991 2695 3257 2752 quorsum
3284 2689 3394 2734 tam

1806 2778 2042 2849 diligens
2069 2778 2278 2834 ossium
2321 2792 2476 2842 cura,
2508 2783 2568 2830 ut
2613 2777 2681 2832 de
2722 2775 2986 2847 perituris
3017 2773 3393 2842 ossibusjusti

1808 2869 2060 2924 homines
2101 2877 2210 2923 tam
2253 2878 2514 2924 accurate
2540 2869 3004 2937 vehementerque
3034 2867 3398 2922 mandarent?

1804 2958 1920 3014 Vox
1953 2959 2044 3013 illa
2081 2961 2256 3030 prima
2305 2975 2430 3030 quae
2461 2958 2634 3030 Moysi
2667 2959 2813 3014 edita
2861 2966 2968 3023 est,
2999 2958 3065 3013 de
3099 2957 3288 3012 eadem
3337 2972 3398 3011 re

1803 3054 1899 3112 Dei
1954 3057 2326 3112 testimonium
2376 3054 2616 3109 habuit:
2667 3053 2779 3123 Ego
2817 3069 2959 3116 sum,
2996 3051 3195 3121 inquit,
3253 3048 3395 3102 Deus

189 3125 416 3198 Abraham,
458 3143 506 3188 et
547 3133 689 3191 Deus
723 3133 902 3204 Isaac,
950 3143 1000 3190 et
1049 3135 1191 3192 Deus
1232 3137 1401 3194 Jacob
1423 3139 1469 3204 ⁸,
1518 3141 1610 3210 qui
1648 3143 1702 3197 in
1737 3145 1942 3200 mundo
1979 3147 2204 3212 mortui,
2243 3145 2386 3216 apud
2415 3161 2502 3200 me
2535 3144 2747 3199 vivunt.
2814 3141 2966 3196 Unus
2996 3157 3161 3212 porro
3224 3140 3397 3193 idern-

187 3234 267 3287 que
287 3220 513 3294 Spiritus,
547 3231 640 3300 qui
677 3230 734 3284 in
776 3231 894 3304 lege
938 3232 1155 3288 locutus
1202 3242 1317 3298 est,
1366 3234 1516 3290 istud
1560 3237 1737 3306 ipsum
1781 3240 1835 3292 in
1878 3238 2173 3310 Evangelio
2219 3252 2439 3308 quoque
2495 3237 2687 3292 docuit
2730 3254 2744 3290 :
2811 3234 3082 3305 siquidem
3133 3231 3395 3288 Dominus

191 3316 441 3378 Sadducazis
466 3324 602 3378 idem
642 3325 806 3395 plane
835 3323 1164 3395 significavit
1190 3325 1327 3392 :Qui
1352 3326 1603 3396 loquebar
1645 3329 1700 3382 in
1731 3331 2021 3398 prophetis,
2057 3346 2172 3384 ecce
2201 3329 2392 3383 adsum
2410 3329 2457 3383 '.

249 3411 340 3476 ιε’.
384 3414 670 3480 Ύποδείξει
731 3415 789 3468 δὲ
821 3418 854 3484 ἡ
911 3415 1107 3486 ῥάϐδος
1151 3415 1247 3469 τοῦ
1310 3416 1520 3489 Ἀαρὼν
1567 3417 1700 3489 ξηρά

1884 3418 2049 3476 XCV.
2088 3418 2201 3476 Nec
2231 3420 2416 3478 minus
2451 3417 2518 3472 ad
2552 3416 2685 3472 illud
2718 3413 3210 3470 demonstrandum
3251 3412 3399 3468 valet

201 3494 300 3554 οὖσα
333 3505 504 3561 πολλῶν
529 3510 673 3579 τάχα
711 3506 870 3574 ἐτῶν,
897 3507 990 3561 καὶ
1028 3508 1087 3561 ὲν
1140 3511 1314 3580 σκηνῇ
1349 3509 1440 3579 ἀφ’
1470 3509 1709 3582 ἑσπέρας

199 3592 382 3666 καὶάχρι
421 3600 514 3669 τῆς
561 3600 637 3678 ἕω
696 3598 1144 3668 καταλειφθεῖσα.
1177 3597 1374 3664 Αὑτοῖς
1425 3600 1536 3672 γὰρ
1569 3602 1708 3672 μετά

195 3687 394 3754 καμάτων
420 3690 520 3761 (56)
556 3691 624 3745 τὰ
662 3690 844 3756 ζῶντα
890 3689 1086 3762 δένδρα
1131 3689 1221 3743 διὰ
1253 3690 1478 3744 δεκαδύο
1522 3691 1708 3763 μηνῶν

191 3775 297 3829 κατά
317 3781 531 3850 περίοδον
559 3779 811 3836 ἐνιαυτοῦ
841 3780 1218 3852 πληρουμένου
1248 3781 1494 3854 καρποὺς
1521 3784 1705 3854 γεννᾷ,

189 3863 302 3932 ἡλίου
322 3884 373 3922 τε
397 3869 682 3936 θάλποντος
702 3912 718 3936 ,
757 3871 927 3925 ὑετῶν
959 3871 1297 3944 ἀρδευόντων
1323 3913 1338 3937 ,
1375 3873 1582 3946 δρόσων
1612 3893 1709 3928 πεο

187 3961 498 4027 ταννυουσῶν,
529 3964 728 4028 νυκτός
753 3981 812 4017 τε
840 3965 934 4018 καὶ
959 3965 1177 4038 ἡμέρας
1216 3966 1536 4036 τρεφουσῶν
1561 4008 1574 4032 ,
1603 3967 1708 4020 ὑπὸ

186 4047 287 4113 μίαν
313 4051 460 4106 νύκτα
499 4055 558 4108 τὸ
584 4053 846 4128 δυσχερὲς
881 4056 1105 4128 εὐχερὲς
1145 4058 1175 4111 6
1216 4058 1350 4121 Θεὸς
1375 4059 1670 4130 εἰργάσατο
1688 4077 1702 4090 °

183 4134 431 4213 ἐϐλάστησε
483 4146 588 4218 γὰρ
625 4148 660 4218 ἡ
694 4145 837 4218 ξηρά
859 4146 1052 4218 ῥάϐδος
1075 4185 1090 4212 ,
1123 4147 1217 4200 καὶ
1245 4148 1420 4217 φύλλα
1458 4148 1707 4202 ἐκϐάλλει

186 4231 256 4282 τιιὶ
296 4239 513 4305 καρποὺς
545 4239 862 4310 πεπείρους.
910 4239 992 4293 Τά
1039 4241 1201 4310 ὅμοια
1233 4241 1340 4312 γὰρ
1375 4241 1652 4308 ὑπέδειξεν
1679 4244 1708 4296 ό

186 4315 285 4385 Θεὴς
303 4325 391 4394 τῆς
421 4329 717 4402 μελλούσης
744 4331 836 4385 ὑπ’
870 4331 1036 4384 αὑτοῦ
1068 4331 1286 4385 ἔσεσθαι
1332 4334 1702 4397 ἀναστάσεως.

187 4410 651 4493 Συλλσμϐανομένων
687 4423 746 4477 δὲ
796 4422 906 4476 τῶν
949 4423 1154 4477 παίδων
1194 4423 1335 4478 κατά
1379 4425 1469 4478 τὸν
1511 4426 1706 4495 σεμνὸν

189 4503 350 4576 γάμον,
372 4511 425 4566 ὃν
453 4517 482 4567 ό
511 4514 718 4587 Κύριος
747 4515 991 4581 ὑπέδειξε
1010 4557 1027 4583 ,
1054 4516 1271 4588 πρῶτον
1304 4517 1705 4572 καταϐάλλεται

187 4598 360 4671 σπέρμα
405 4605 499 4677 τῆς
544 4607 901 4674 ἀκολουθίας,
963 4608 1038 4672 ὡς
1066 4610 1374 4675 κατέδειξεν
1417 4613 1445 4664 6
1476 4613 1702 4684 Κύριος,

187 4691 294 4745 κατὰ
311 4695 396 4760 τὰς
426 4699 744 4770 γεννητικὰς
773 4701 1014 4772 μήτρας·
1045 4700 1222 4773 χρόνῳ
1245 4701 1302 4755 δὲ
1340 4703 1707 4774 ἀνακυλιόμε-

1810 3513 2047 3568 Aaronis
2087 3513 2178 3566 illa
2209 3511 2381 3582 virga,
2413 3526 2536 3581 quae
2576 3509 2766 3565 multis
2783 3510 2897 3578 jam
2929 3508 3090 3563 annis
3129 3505 3394 3571 arefacta,

1810 3611 1866 3658 et
1903 3603 1956 3659 in
1998 3603 2356 3659 tabernaculo
2395 3618 2425 3657 a
2477 3617 2710 3674 vespera
2755 3602 2824 3655 ad
2877 3600 3180 3656 diluculum
3221 3616 3398 3669 usque

1809 3695 2058 3768 deposita
2089 3695 2267 3751 fuerat
2289 3697 2353 3749 ιο.
2390 3694 2527 3750 Cum
2560 3695 2707 3750 enim
2759 3693 2896 3748 viva:
2948 3693 3177 3747 arbores
3221 3693 3398 3762 spisse

1809 3804 2152 3860 Operoseque
2204 3787 2497 3843 duodecim
2552 3786 2687 3841 totis
2717 3785 2831 3855 99
2859 3785 3177 3848 mensibus,
3234 3793 3400 3853 atque

1810 3896 1957 3937 anno
2003 3891 2252 3936 vertente
2301 3881 2516 3935 fructus
2561 3879 2798 3950 pariant,
2850 3893 2973 3934 cum
3027 3877 3162 3934 solis
3201 3875 3400 3932 ardore

1809 3972 2072 4038 confotaz,
2135 3982 2250 4027 tum
2301 3972 2540 4042 irrigata:
2588 3970 2825 4040 pluviis,
2873 3979 3040 4039 atque
3088 3969 3401 4038 cxplicante

1811 4081 1934 4121 rore
1968 4065 2237 4136 germina,
2293 4080 2359 4120 ac
2406 4064 2526 4119 dies
2563 4071 2618 4118 et
2648 4070 2840 4117 noctes
2875 4063 3075 4128 alente,
3129 4075 3238 4115 una
3288 4077 3398 4115 non

1810 4157 2046 4225 amplius
2086 4165 2270 4221 nocte,
2320 4154 2465 4224 quod
2517 4153 2742 4208 diﬂicile
2795 4159 2918 4207 erat
2979 4151 3131 4205 nullo
3179 4152 3404 4221 negotio

1810 4245 1952 4302 Deus
1994 4247 2265 4312 absolvit;
2308 4261 2435 4301 nam
2479 4254 2535 4300 et
2586 4245 2740 4321 arida
2771 4243 2924 4314 virga
2974 4243 3287 4313 pullulavit,
3342 4249 3399 4296 et

1812 4338 1940 4393 folia
1970 4346 2328 4408 maturosque
2358 4337 2570 4392 fructus
2615 4336 2828 4407 peperit
2858 4354 2872 4388 :
2906 4349 3013 4404 qua
3060 4333 3285 4404 quidem
3321 4333 3404 4387 sis

1812 4431 2122 4487 militudine
2165 4429 2403 4484 futuram
2456 4430 2608 4484 illam
2674 4429 2726 4483 vi
2784 4441 2883 4482 sua
2934 4423 3400 4482 resurrectionem

1811 4518 1954 4576 Deus
1993 4519 2321 4575 adumbrare
2354 4519 2552 4574 voluit.
2579 4519 2720 4574 Cum
2757 4518 3004 4573 honestis
3037 4515 3240 4586 nuptiis
3263 4530 3400 4584 qua-

1811 4627 1930 4668 rum
1961 4620 2158 4668 auctor
2185 4621 2270 4667 est
2313 4611 2480 4676 Deus,
2523 4611 2682 4667 liberi
2721 4618 3120 4682 propagantur,
3161 4608 3399 4678 primum

1812 4704 1870 4759 in
1903 4706 2196 4776 genitalem
2241 4707 2435 4760 rnatris
2477 4715 2716 4766 uterum.
2747 4702 3205 4773 quemadmodum
3256 4700 3403 4754 Deus

188 4795 254 4830 νον
277 4784 327 4837 τὸ
350 4791 677 4862 καταϐληθὲν
707 4795 764 4846 ἐν
798 4795 863 4864 τῇ
893 4794 1091 4864 γαστρὶ
1117 4833 1131 4857 ,
1162 4793 1571 4867 τελεσφορεῖται
1612 4795 1700 4850 διὰ

1811 4796 2074 4863 instituit,
2105 4811 2295 4850 semen
2333 4795 2664 4859 infunditur,
2698 4802 2812 4848 tum
2859 4807 3151 4864 progressu
3189 4801 3400 4860 tempo-

186 4873 332 4940 χρόνον
365 4881 738 4955 ὲνναμηνιαίου
759 4900 775 4918 ι
817 4886 960 4954 φημὶ
988 4885 1044 4938 δὲ
1069 4885 1174 4938 ὑπὸ
1205 4885 1363 4941 ἐννέα
1401 4886 1587 4958 μηνῶν
1613 4887 1705 4941 τὸν

185 4961 368 5036 ἀριθμὸν
401 4974 851 5046 τελεσιουργεῖται
885 4976 948 5029 τὸ
981 4977 1341 5048 κυῖσκόμενον
1374 4979 1470 5030 καὶ
1513 4979 1706 5046 γεννᾶ-

187 5065 266 5106 ται.
301 5058 374 5114 Ἐν
394 5063 446 5116 δὲ
472 5068 536 5136 τῇ
559 5067 851 5121 ἀναστάσει
887 5068 985 5138 οὐχ
1012 5066 1226 5132 οὕτως.
1263 5068 1368 5121 ὑπὸ
1399 5067 1551 5139 οῆξιν
1594 5068 1703 5138 γὰρ

189 5140 416 5218 τὸέργον*
445 5157 733 5212 Σαλπίσει
770 5159 919 5227 γὰρ,
967 5158 1068 5213 καὶ
1115 5162 1168 5213 οὶ
1215 5159 1416 5228 νεκροὶ
1463 5160 1706 5231 ἐγερθή-

187 5245 349 5293 σονται
379 5241 656 5316 ἄφθαρτοι
677 5265 689 5278 ·
722 5249 795 5313 ὼς
821 5249 1020 5316 ἔδειξεν
1053 5250 1080 5303 6
1109 5248 1317 5321 Κύριος
1341 5251 1400 5303 ἐν
1429 5254 1496 5322 τῇ
1530 5254 1702 5324 σκηνῇ

239 5394 250 5424 ¹
276 5393 447 5474 Deesse
475 5406 722 5474 nonnihil
763 5407 994 5461 videtur.
1093 5411 1113 5440 ²
1138 5407 1301 5463 Hebr.
1331 5425 1405 5474 XI,
1433 5409 1485 5464 4.

1594 5409 1616 5440 ³
1643 5407 1777 5463 ibid.
1816 5410 1886 5472 5;
1924 5409 2059 5466 Gen.
2088 5427 2141 5478 ν,
2181 5411 2271 5464 2L

1813 4888 1889 4944 ris
1921 4888 2068 4959 quod
2099 4896 2278 4944 satum
2309 4895 2401 4944 est
2437 4889 2493 4941 in
2520 4894 2700 4954 utero,
2726 4901 2919 4942 novem
2955 4882 3228 4938 mensium
3260 4891 3396 4936 tem-

1812 4994 1944 5050 pore
1983 4979 2288 5050 perﬁcitur,
2326 4994 2392 5034 ae
2437 4979 2659 5033 demum
2695 4978 2751 5031 in
2800 4977 2980 5030 lucem
3014 4974 3307 5028 emittitur.
3337 4970 3396 5025 In

1812 5071 2216 5126 resurrectione
2278 5085 2412 5124 vero
2471 5083 2582 5122 non
2635 5068 2824 5123 eadem
2879 5065 2984 5121 erit
3040 5063 3218 5130 ratio;
3274 5079 3412 5136 mo-_

1813 5171 1996 5218 mento
2026 5164 2227 5234 quippe
2259 5177 2346 5217 res
2391 5170 2505 5216 tota
2534 5161 2814 5232 peragitur
2849 5179 2862 5212 :
2899 5157 3106 5212 Etenim
3143 5158 3269 5210 tuba
3308 5171 3399 5208 ca-

1812 5262 1918 5320 uet,
1951 5262 2000 5306 et
2026 5254 2224 5308 mortui
2255 5262 2526 5324 resurgant
2560 5251 2937 5320 incorrupti”.
2959 5248 3015 5305 ld
3042 5248 3275 5320 quodin
3301 5247 3396 5300 illo

2379 5410 2398 5441 "
2427 5409 2562 5466 Gen.
2596 5426 2669 5474 vr,
2702 5409 2736 5460 8
2761 5426 2882 5480 sqq.
2989 5409 3015 5480 '7
3043 5407 3178 5480 Gen.
3220 5420 3352 5460 xvm
3377 5444 3391 5463 .

182 5459 234 5548 10
256 5478 358 5536 sqq.
396 5473 446 5548 ,ξ
467 5473 612 5548 ce...
659 5459 927 5548 nugis;
952 5459 1112 5534 iter».
1139 5459 1405 5544 £391”
1423 5459 1700 5534 {Exodi}

1805 5459 2348 5546 ,’1ξ).ηἷίῐιιό(ῖ.“ιιι,
2391 5459 2678 5536 δῖ’ῖιέίιῖ
2708 5459 2900 5548 Livi-:16.
2981 5479 3023 5510 ¹⁰
3056 5459 3393 5542 Νυιιιζανιι,

182 5529 208 5580 θ
229 5529 339 5606 Salii
395 5543 434 5574 “
465 5543 631 5600 lCor.
661 5529 763 5612 xv,
781 5529 867 5602 δέ.

206 5654 328 5734 ,(ἓῖεξ)
353 5661 501 5734 lieni
526 5666 840 5733 καμάτων,
885 5681 1094 5734 operose
1116 5708 1131 5730 ,
1180 5682 1301 5718 cum
1349 5665 1548 5722 labore.
1613 5667 1697 5722 Ad

446 5716 683 5818 mentem
705 5716 777 5789 eo
787 5716 845 5818 iri
878 5716 997 5790 loco
1012 5716 1699 5818 εἷἰᾖξξβᾷἰ-ωιιέεζδριίῶξ

194 5791 448 5856 teddcrctur
493 5819 586 5872 per
617 5805 933 5862 adverbium
976 5807 1078 5861 vix.
1113 5791 1262 5861 Illud
1307 5791 1700 5876 nostriinteri-

1807 5668 1979 5739 pretis
2008 5669 2178 5739 spisse
2210 5681 2655 5739 operoscquc_nec
2701 5679 2921 5739 sensum
2940 5660 3178 5739 reddere
3211 5661 3386 5739 Cytaei

1808 5733 1990 5796 icxtus
2023 5733 2267 5807 videtur,
2316 5733 2493 5810 neque
2524 5737 2773 5794 Latinam
2805 5735 3011 5793 redolet
3039 5733 3386 5806 elegantiam.
