  <div class='ocr_page' id='page_1' title='image "/cluster/home/n/w/nwhite01/storage/ocr_20150623/43:no.3/coo.31924054869429/103.png"; bbox 0 0 3994 6414; ppageno 0'>
   <div class='ocr_carea' id='block_1_1' title="bbox 612 394 2189 473">
    <p class='ocr_par' dir='ltr' id='par_1_1' title="bbox 612 394 2189 457">
     <span class='ocr_line' id='line_1_1' title="bbox 612 394 2189 457; baseline 0.004 -6"><span class='ocrx_word' id='word_1_1' title='bbox 612 394 712 451; x_wconf 67' lang='grc'><strong>191</strong></span> <span class='ocrx_word' id='word_1_2' title='bbox 2031 399 2088 456; x_wconf 89' lang='lat' dir='ltr'><strong>S.</strong></span> <span class='ocrx_word' id='word_1_3' title='bbox 2129 401 2189 457; x_wconf 86' lang='grc' dir='ltr'>ΕΙ</span> 
     </span>
    </p>
   </div>
   <div class='ocr_carea' id='block_1_2' title="bbox 2261 394 3838 473">
    <p class='ocr_par' dir='ltr' id='par_1_2' title="bbox 2261 401 3838 473">
     <span class='ocr_line' id='line_1_2' title="bbox 2261 401 3838 473; baseline 0.008 -15"><span class='ocrx_word' id='word_1_4' title='bbox 2261 401 2468 458; x_wconf 64' lang='grc' dir='ltr'><strong>δΙΙΑΝΙΙ</strong></span> <span class='ocrx_word' id='word_1_5' title='bbox 3754 415 3838 473; x_wconf 68' lang='lat' dir='ltr'><strong>ili]</strong></span> 
     </span>
    </p>
   </div>
   <div class='ocr_carea' id='block_1_3' title="bbox 617 511 2194 594">
    <p class='ocr_par' dir='ltr' id='par_1_3' title="bbox 617 511 2194 583">
     <span class='ocr_line' id='line_1_3' title="bbox 617 511 2194 583; baseline 0.006 -18"><span class='ocrx_word' id='word_1_6' title='bbox 617 511 947 566; x_wconf 84' lang='lat' dir='ltr'><strong>Testimouii</strong></span> <span class='ocrx_word' id='word_1_7' title='bbox 986 513 1345 568; x_wconf 88' lang='lat' dir='ltr'><strong>tabernaculo</strong></span> <span class='ocrx_word' id='word_1_8' title='bbox 1382 511 1644 571; x_wconf 83' lang='lat' dir='ltr'><strong>Dominus</strong></span> <span class='ocrx_word' id='word_1_9' title='bbox 1674 517 1934 583; x_wconf 85' lang='lat' dir='ltr'><strong>ostendit,</strong></span> <span class='ocrx_word' id='word_1_10' title='bbox 1975 519 2066 574; x_wconf 93' lang='lat' dir='ltr'><strong>ubi</strong></span> <span class='ocrx_word' id='word_1_11' title='bbox 2098 537 2194 574; x_wconf 90' lang='lat' dir='ltr'><strong>nu-</strong></span> 
     </span>
    </p>
   </div>
   <div class='ocr_carea' id='block_1_4' title="bbox 2266 511 3843 594">
    <p class='ocr_par' dir='ltr' id='par_1_4' title="bbox 2266 521 3843 594">
     <span class='ocr_line' id='line_1_4' title="bbox 2266 521 3843 594; baseline 0.005 -20"><span class='ocrx_word' id='word_1_12' title='bbox 2266 563 2272 583; x_wconf 64' lang='lat'><strong>,</strong></span> <span class='ocrx_word' id='word_1_13' title='bbox 2303 523 2399 575; x_wconf 77' lang='grc' dir='ltr'>τοῦ</span> <span class='ocrx_word' id='word_1_14' title='bbox 2435 521 2767 594; x_wconf 85' lang='grc' dir='ltr'>μαρτυρίου,</span> <span class='ocrx_word' id='word_1_15' title='bbox 2801 521 2883 574; x_wconf 80' lang='grc' dir='ltr'><strong>ὅτι</strong></span> <span class='ocrx_word' id='word_1_16' title='bbox 2931 522 2998 575; x_wconf 85' lang='grc' dir='ltr'><strong>τά</strong></span> <span class='ocrx_word' id='word_1_17' title='bbox 3031 521 3208 592; x_wconf 83' lang='grc' dir='ltr'>κάρυα</span> <span class='ocrx_word' id='word_1_18' title='bbox 3243 523 3311 575; x_wconf 84' lang='grc' dir='ltr'><strong>τά</strong></span> <span class='ocrx_word' id='word_1_19' title='bbox 3341 521 3397 574; x_wconf 83' lang='grc' dir='ltr'><strong>ὲν</strong></span> <span class='ocrx_word' id='word_1_20' title='bbox 3441 526 3552 590; x_wconf 80' lang='grc' dir='ltr'>τοῖς</span> <span class='ocrx_word' id='word_1_21' title='bbox 3600 525 3719 590; x_wconf 74' lang='grc' dir='ltr'>ζῶσι</span> <span class='ocrx_word' id='word_1_22' title='bbox 3757 529 3843 582; x_wconf 75' lang='grc' dir='ltr'>δέν-</span> 
     </span>
    </p>
   </div>
   <div class='ocr_carea' id='block_1_5' title="bbox 610 604 2187 688">
    <p class='ocr_par' dir='ltr' id='par_1_5' title="bbox 610 604 2187 682">
     <span class='ocr_line' id='line_1_5' title="bbox 610 604 2187 682; baseline 0.005 -25"><span class='ocrx_word' id='word_1_23' title='bbox 610 618 706 658; x_wconf 85' lang='lat' dir='ltr'><strong>ces</strong></span> <span class='ocrx_word' id='word_1_24' title='bbox 733 619 874 674; x_wconf 89' lang='lat' dir='ltr'><strong>quas</strong></span> <span class='ocrx_word' id='word_1_25' title='bbox 905 604 1040 658; x_wconf 63' lang='lat' dir='ltr'><strong>vivae</strong></span> <span class='ocrx_word' id='word_1_26' title='bbox 1073 605 1300 662; x_wconf 84' lang='lat' dir='ltr'><strong>arbores</strong></span> <span class='ocrx_word' id='word_1_27' title='bbox 1332 614 1458 676; x_wconf 90' lang='lat' dir='ltr'><strong>post</strong></span> <span class='ocrx_word' id='word_1_28' title='bbox 1491 607 1778 664; x_wconf 83' lang='lat' dir='ltr'><strong>duodecim</strong></span> <span class='ocrx_word' id='word_1_29' title='bbox 1826 625 2043 666; x_wconf 85' lang='lat' dir='ltr'><strong>menses</strong></span> <span class='ocrx_word' id='word_1_30' title='bbox 2071 627 2187 682; x_wconf 91' lang='lat' dir='ltr'><strong>pro-</strong></span> 
     </span>
    </p>
   </div>
   <div class='ocr_carea' id='block_1_6' title="bbox 2268 604 3845 688">
    <p class='ocr_par' dir='ltr' id='par_1_6' title="bbox 2305 610 3845 688">
     <span class='ocr_line' id='line_1_6' title="bbox 2305 610 3845 688; baseline 0.004 -24"><span class='ocrx_word' id='word_1_31' title='bbox 2305 611 2453 683; x_wconf 80' lang='grc' dir='ltr'><strong>ὅροις</strong></span> <span class='ocrx_word' id='word_1_32' title='bbox 2483 611 2571 665; x_wconf 77' lang='grc' dir='ltr'>διὰ</span> <span class='ocrx_word' id='word_1_33' title='bbox 2599 610 2828 665; x_wconf 88' lang='grc' dir='ltr'>δεκαδύο</span> <span class='ocrx_word' id='word_1_34' title='bbox 2859 611 3043 683; x_wconf 88' lang='grc' dir='ltr'>μηνῶν</span> <span class='ocrx_word' id='word_1_35' title='bbox 3068 611 3512 683; x_wconf 87' lang='grc' dir='ltr'>ἐγκυμονούμενα</span> <span class='ocrx_word' id='word_1_36' title='bbox 3545 615 3600 666; x_wconf 92' lang='grc' dir='ltr'><strong>ἐν</strong></span> <span class='ocrx_word' id='word_1_37' title='bbox 3631 615 3700 685; x_wconf 81' lang='grc' dir='ltr'>τῷ</span> <span class='ocrx_word' id='word_1_38' title='bbox 3730 617 3845 688; x_wconf 71' lang='grc' dir='ltr'>ξηρῷ</span> 
     </span>
    </p>
   </div>
   <div class='ocr_carea' id='block_1_7' title="bbox 612 693 2189 772">
    <p class='ocr_par' dir='ltr' id='par_1_7' title="bbox 612 693 2189 770">
     <span class='ocr_line' id='line_1_7' title="bbox 612 693 2189 770; baseline 0.006 -23"><span class='ocrx_word' id='word_1_39' title='bbox 612 693 819 758; x_wconf 87' lang='lat' dir='ltr'><strong>ferunt,</strong></span> <span class='ocrx_word' id='word_1_40' title='bbox 855 693 911 747; x_wconf 91' lang='lat' dir='ltr'><strong>in</strong></span> <span class='ocrx_word' id='word_1_41' title='bbox 948 694 1105 749; x_wconf 89' lang='lat' dir='ltr'><strong>arido</strong></span> <span class='ocrx_word' id='word_1_42' title='bbox 1149 711 1498 767; x_wconf 86' lang='lat' dir='ltr'><strong>exsuccoque</strong></span> <span class='ocrx_word' id='word_1_43' title='bbox 1539 698 1688 768; x_wconf 83' lang='lat' dir='ltr'><strong>ligno</strong></span> <span class='ocrx_word' id='word_1_44' title='bbox 1736 710 2015 770; x_wconf 64' lang='lat' dir='ltr'><strong>conceptae</strong></span> <span class='ocrx_word' id='word_1_45' title='bbox 2073 702 2189 756; x_wconf 79' lang='lat' dir='ltr'><strong>den-</strong></span> 
     </span>
    </p>
   </div>
   <div class='ocr_carea' id='block_1_8' title="bbox 2268 693 3845 772">
    <p class='ocr_par' dir='ltr' id='par_1_8' title="bbox 2303 701 3845 772">
     <span class='ocr_line' id='line_1_8' title="bbox 2303 701 3845 772; baseline 0.004 -20"><span class='ocrx_word' id='word_1_46' title='bbox 2303 702 2444 772; x_wconf 74' lang='grc' dir='ltr'>ξύλῳ</span> <span class='ocrx_word' id='word_1_47' title='bbox 2484 701 2822 766; x_wconf 78' lang='grc' dir='ltr'>πυκάζονται</span> <span class='ocrx_word' id='word_1_48' title='bbox 2853 743 2868 767; x_wconf 92' lang='grc'><strong>,</strong></span> <span class='ocrx_word' id='word_1_49' title='bbox 2906 702 2998 754; x_wconf 75' lang='grc' dir='ltr'>καὶ</span> <span class='ocrx_word' id='word_1_50' title='bbox 3052 701 3271 771; x_wconf 71' lang='grc' dir='ltr'>βλαστοὶ</span> <span class='ocrx_word' id='word_1_51' title='bbox 3316 702 3609 771; x_wconf 79' lang='grc' dir='ltr'>γινόμενα,</span> <span class='ocrx_word' id='word_1_52' title='bbox 3657 704 3740 756; x_wconf 77' lang='grc' dir='ltr'>καὶ</span> <span class='ocrx_word' id='word_1_53' title='bbox 3768 707 3845 759; x_wconf 71' lang='grc' dir='ltr'><strong>ὑπὸ</strong></span> 
     </span>
    </p>
   </div>
   <div class='ocr_carea' id='block_1_9' title="bbox 613 785 2190 868">
    <p class='ocr_par' dir='ltr' id='par_1_9' title="bbox 613 785 2190 860">
     <span class='ocr_line' id='line_1_9' title="bbox 613 785 2190 860; baseline 0.006 -21"><span class='ocrx_word' id='word_1_54' title='bbox 613 785 791 839; x_wconf 83' lang='lat' dir='ltr'><strong>siores</strong></span> <span class='ocrx_word' id='word_1_55' title='bbox 821 785 1268 854; x_wconf 73' lang='lat' dir='ltr'><strong>germinarunt‘,</strong></span> <span class='ocrx_word' id='word_1_56' title='bbox 1305 795 1364 841; x_wconf 93' lang='lat' dir='ltr'><strong>ut</strong></span> <span class='ocrx_word' id='word_1_57' title='bbox 1409 788 1556 858; x_wconf 89' lang='lat' dir='ltr'><strong>quod</strong></span> <span class='ocrx_word' id='word_1_58' title='bbox 1603 789 1910 857; x_wconf 76' lang='lat' dir='ltr'><strong>duodecim,</strong></span> <span class='ocrx_word' id='word_1_59' title='bbox 1953 794 2031 848; x_wconf 93' lang='lat' dir='ltr'><strong>uti</strong></span> <span class='ocrx_word' id='word_1_60' title='bbox 2063 795 2190 860; x_wconf 74' lang='lat' dir='ltr'><strong>disi,</strong></span> 
     </span>
    </p>
   </div>
   <div class='ocr_carea' id='block_1_10' title="bbox 2268 785 3845 868">
    <p class='ocr_par' dir='ltr' id='par_1_10' title="bbox 2306 791 3845 868">
     <span class='ocr_line' id='line_1_10' title="bbox 2306 791 3845 868; baseline 0.003 -24"><span class='ocrx_word' id='word_1_61' title='bbox 2306 792 2434 862; x_wconf 86' lang='grc' dir='ltr'>μίαν</span> <span class='ocrx_word' id='word_1_62' title='bbox 2468 791 2636 845; x_wconf 89' lang='grc' dir='ltr'>νύκτα</span> <span class='ocrx_word' id='word_1_63' title='bbox 2661 833 2674 855; x_wconf 95' lang='grc'><strong>,</strong></span> <span class='ocrx_word' id='word_1_64' title='bbox 2727 794 2788 845; x_wconf 75' lang='grc' dir='ltr'>οὗ</span> <span class='ocrx_word' id='word_1_65' title='bbox 2823 792 2982 862; x_wconf 73' lang='grc' dir='ltr'>μόνον</span> <span class='ocrx_word' id='word_1_66' title='bbox 3005 791 3083 855; x_wconf 81' lang='grc' dir='ltr'><strong>δὲ,</strong></span> <span class='ocrx_word' id='word_1_67' title='bbox 3108 792 3221 845; x_wconf 83' lang='grc' dir='ltr'>ἀλλ’</span> <span class='ocrx_word' id='word_1_68' title='bbox 3253 793 3358 845; x_wconf 80' lang='grc' dir='ltr'>ὑπὸ</span> <span class='ocrx_word' id='word_1_69' title='bbox 3386 793 3541 863; x_wconf 77' lang='grc' dir='ltr'>Θῆξιν</span> <span class='ocrx_word' id='word_1_70' title='bbox 3574 797 3693 864; x_wconf 79' lang='grc' dir='ltr'>μιᾶς</span> <span class='ocrx_word' id='word_1_71' title='bbox 3728 795 3845 868; x_wconf 74' lang='grc' dir='ltr'>ὧρας</span> 
     </span>
    </p>
   </div>
   <div class='ocr_carea' id='block_1_11' title="bbox 615 873 2192 957">
    <p class='ocr_par' dir='ltr' id='par_1_11' title="bbox 615 873 2192 954">
     <span class='ocr_line' id='line_1_11' title="bbox 615 873 2192 954; baseline 0.011 -29"><span class='ocrx_word' id='word_1_72' title='bbox 615 873 898 928; x_wconf 85' lang='lat' dir='ltr'><strong>mensibus</strong></span> <span class='ocrx_word' id='word_1_73' title='bbox 925 875 1192 930; x_wconf 90' lang='lat' dir='ltr'><strong>elaborari</strong></span> <span class='ocrx_word' id='word_1_74' title='bbox 1226 878 1384 942; x_wconf 86' lang='lat' dir='ltr'><strong>solet,</strong></span> <span class='ocrx_word' id='word_1_75' title='bbox 1419 895 1526 934; x_wconf 91' lang='lat' dir='ltr'><strong>una</strong></span> <span class='ocrx_word' id='word_1_76' title='bbox 1571 892 1727 936; x_wconf 89' lang='lat' dir='ltr'><strong>nocte</strong></span> <span class='ocrx_word' id='word_1_77' title='bbox 1753 883 1836 936; x_wconf 91' lang='lat' dir='ltr'><strong>vel</strong></span> <span class='ocrx_word' id='word_1_78' title='bbox 1874 899 1984 938; x_wconf 91' lang='lat' dir='ltr'><strong>uno</strong></span> <span class='ocrx_word' id='word_1_79' title='bbox 2013 887 2192 954; x_wconf 83' lang='lat' dir='ltr'><strong>potius</strong></span> 
     </span>
    </p>
   </div>
   <div class='ocr_carea' id='block_1_12' title="bbox 2266 873 3843 957">
    <p class='ocr_par' dir='ltr' id='par_1_12' title="bbox 2303 884 3843 957">
     <span class='ocr_line' id='line_1_12' title="bbox 2303 884 3843 957; baseline 0.003 -20"><span class='ocrx_word' id='word_1_80' title='bbox 2303 885 2744 955; x_wconf 73' lang='grc' dir='ltr'><strong>ἐτελεσιούργησε</strong></span> <span class='ocrx_word' id='word_1_81' title='bbox 2786 884 2846 936; x_wconf 83' lang='grc' dir='ltr'><strong>τὸ</strong></span> <span class='ocrx_word' id='word_1_82' title='bbox 2890 884 2980 936; x_wconf 64' lang='grc' dir='ltr'>διὰ</span> <span class='ocrx_word' id='word_1_83' title='bbox 3012 884 3240 937; x_wconf 80' lang='grc' dir='ltr'><strong>δεκαδύο</strong></span> <span class='ocrx_word' id='word_1_84' title='bbox 3279 885 3463 955; x_wconf 84' lang='grc' dir='ltr'>μηνῶν</span> <span class='ocrx_word' id='word_1_85' title='bbox 3491 924 3505 948; x_wconf 91' lang='grc'><strong>,</strong></span> <span class='ocrx_word' id='word_1_86' title='bbox 3539 887 3613 949; x_wconf 82' lang='grc' dir='ltr'>ὡς</span> <span class='ocrx_word' id='word_1_87' title='bbox 3643 887 3843 957; x_wconf 75' lang='grc' dir='ltr'>εἴρηται,</span> 
     </span>
    </p>
   </div>
   <div class='ocr_carea' id='block_1_13' title="bbox 616 962 2193 1048">
    <p class='ocr_par' dir='ltr' id='par_1_13' title="bbox 616 962 2193 1040">
     <span class='ocr_line' id='line_1_13' title="bbox 616 962 2193 1040; baseline 0.008 -24"><span class='ocrx_word' id='word_1_88' title='bbox 616 962 767 1018; x_wconf 66' lang='lat' dir='ltr'><strong>horae</strong></span> <span class='ocrx_word' id='word_1_89' title='bbox 811 976 1090 1021; x_wconf 83' lang='lat' dir='ltr'><strong>momento</strong></span> <span class='ocrx_word' id='word_1_90' title='bbox 1133 968 1204 1021; x_wconf 90' lang='lat' dir='ltr'><strong>sit</strong></span> <span class='ocrx_word' id='word_1_91' title='bbox 1239 984 1269 1022; x_wconf 90' lang='lat' dir='ltr'><strong>a</strong></span> <span class='ocrx_word' id='word_1_92' title='bbox 1313 968 1423 1024; x_wconf 92' lang='lat' dir='ltr'><strong>Deo</strong></span> <span class='ocrx_word' id='word_1_93' title='bbox 1462 970 1787 1040; x_wconf 88' lang='lat' dir='ltr'><strong>perfectum.</strong></span> <span class='ocrx_word' id='word_1_94' title='bbox 1833 973 2193 1039; x_wconf 89' lang='lat' dir='ltr'><strong>Quemadmo-</strong></span> 
     </span>
    </p>
   </div>
   <div class='ocr_carea' id='block_1_14' title="bbox 2268 962 3845 1048">
    <p class='ocr_par' dir='ltr' id='par_1_14' title="bbox 2302 974 3845 1048">
     <span class='ocr_line' id='line_1_14' title="bbox 2302 974 3845 1048; baseline 0.003 -23"><span class='ocrx_word' id='word_1_95' title='bbox 2302 975 2584 1044; x_wconf 82' lang='grc' dir='ltr'>γινόμενον</span> <span class='ocrx_word' id='word_1_96' title='bbox 2607 992 2618 1004; x_wconf 89' lang='grc'>·</span> <span class='ocrx_word' id='word_1_97' title='bbox 2655 975 2747 1026; x_wconf 77' lang='grc' dir='ltr'><strong>καὶ</strong></span> <span class='ocrx_word' id='word_1_98' title='bbox 2781 974 2855 1038; x_wconf 82' lang='grc' dir='ltr'>ὡς</span> <span class='ocrx_word' id='word_1_99' title='bbox 2893 974 2952 1027; x_wconf 81' lang='grc' dir='ltr'><strong>τὸ</strong></span> <span class='ocrx_word' id='word_1_100' title='bbox 2989 975 3069 1044; x_wconf 47' lang='grc' dir='ltr'>δι’.</span> <span class='ocrx_word' id='word_1_101' title='bbox 3090 975 3244 1027; x_wconf 87' lang='grc' dir='ltr'>ἐννέα</span> <span class='ocrx_word' id='word_1_102' title='bbox 3281 975 3462 1044; x_wconf 83' lang='grc' dir='ltr'>μηνῶν</span> <span class='ocrx_word' id='word_1_103' title='bbox 3504 976 3563 1027; x_wconf 83' lang='grc' dir='ltr'><strong>ἐν</strong></span> <span class='ocrx_word' id='word_1_104' title='bbox 3603 979 3662 1046; x_wconf 82' lang='grc' dir='ltr'>τῇ</span> <span class='ocrx_word' id='word_1_105' title='bbox 3707 979 3845 1048; x_wconf 70' lang='grc' dir='ltr'>κοιλίᾳ</span> 
     </span>
    </p>
   </div>
   <div class='ocr_carea' id='block_1_15' title="bbox 615 1053 2192 1138">
    <p class='ocr_par' dir='ltr' id='par_1_15' title="bbox 615 1053 2192 1121">
     <span class='ocr_line' id='line_1_15' title="bbox 615 1053 2192 1121; baseline 0.01 -15"><span class='ocrx_word' id='word_1_106' title='bbox 615 1053 746 1106; x_wconf 89' lang='lat' dir='ltr'><strong>dum</strong></span> <span class='ocrx_word' id='word_1_107' title='bbox 775 1069 899 1109; x_wconf 89' lang='lat' dir='ltr'><strong>cum</strong></span> <span class='ocrx_word' id='word_1_108' title='bbox 938 1057 1123 1112; x_wconf 80' lang='lat' dir='ltr'><strong>infans</strong></span> <span class='ocrx_word' id='word_1_109' title='bbox 1171 1075 1364 1116; x_wconf 83' lang='lat' dir='ltr'><strong>novem</strong></span> <span class='ocrx_word' id='word_1_110' title='bbox 1413 1063 1695 1119; x_wconf 88' lang='lat' dir='ltr'><strong>mensibus</strong></span> <span class='ocrx_word' id='word_1_111' title='bbox 1729 1066 1922 1121; x_wconf 81' lang='lat' dir='ltr'><strong>matris</strong></span> <span class='ocrx_word' id='word_1_112' title='bbox 1959 1066 2013 1120; x_wconf 92' lang='lat' dir='ltr'><strong>in</strong></span> <span class='ocrx_word' id='word_1_113' title='bbox 2045 1076 2192 1121; x_wconf 83' lang='lat' dir='ltr'><strong>utero</strong></span> 
     </span>
    </p>
   </div>
   <div class='ocr_carea' id='block_1_16' title="bbox 2265 1053 3842 1138">
    <p class='ocr_par' dir='ltr' id='par_1_16' title="bbox 2301 1063 3842 1138">
     <span class='ocr_line' id='line_1_16' title="bbox 2301 1063 3842 1138; baseline 0.003 -22"><span class='ocrx_word' id='word_1_114' title='bbox 2301 1065 2591 1134; x_wconf 81' lang='grc' dir='ltr'>γενόμενον</span> <span class='ocrx_word' id='word_1_115' title='bbox 2648 1063 2876 1136; x_wconf 75' lang='grc' dir='ltr'>βρέφος,</span> <span class='ocrx_word' id='word_1_116' title='bbox 2937 1063 2965 1117; x_wconf 82' lang='grc' dir='ltr'>ὃ</span> <span class='ocrx_word' id='word_1_117' title='bbox 3016 1063 3104 1117; x_wconf 75' lang='grc' dir='ltr'><strong>διὰ</strong></span> <span class='ocrx_word' id='word_1_118' title='bbox 3161 1065 3352 1118; x_wconf 78' lang='grc' dir='ltr'>πολλοῦ</span> <span class='ocrx_word' id='word_1_119' title='bbox 3387 1065 3483 1118; x_wconf 76' lang='grc' dir='ltr'>τοῦ</span> <span class='ocrx_word' id='word_1_120' title='bbox 3531 1069 3711 1138; x_wconf 79' lang='grc' dir='ltr'>χρόνου</span> <span class='ocrx_word' id='word_1_121' title='bbox 3748 1087 3842 1120; x_wconf 54' lang='grc' dir='ltr'>σενι</span> 
     </span>
    </p>
   </div>
   <div class='ocr_carea' id='block_1_17' title="bbox 617 1145 2194 1227">
    <p class='ocr_par' dir='ltr' id='par_1_17' title="bbox 617 1145 2193 1225">
     <span class='ocr_line' id='line_1_17' title="bbox 617 1145 2193 1225; baseline 0.01 -30"><span class='ocrx_word' id='word_1_122' title='bbox 617 1151 880 1211; x_wconf 77' lang='lat' dir='ltr'><strong>gestatus,</strong></span> <span class='ocrx_word' id='word_1_123' title='bbox 933 1145 1194 1202; x_wconf 88' lang='lat' dir='ltr'><strong>diuturno</strong></span> <span class='ocrx_word' id='word_1_124' title='bbox 1266 1158 1509 1220; x_wconf 81' lang='lat' dir='ltr'><strong>tempore</strong></span> <span class='ocrx_word' id='word_1_125' title='bbox 1569 1153 1693 1223; x_wconf 84' lang='lat' dir='ltr'><strong>tingi</strong></span> <span class='ocrx_word' id='word_1_126' title='bbox 1748 1156 2045 1225; x_wconf 84' lang='lat' dir='ltr'><strong>perﬁcique</strong></span> <span class='ocrx_word' id='word_1_127' title='bbox 2104 1172 2193 1211; x_wconf 87' lang='lat' dir='ltr'><strong>so-</strong></span> 
     </span>
    </p>
   </div>
   <div class='ocr_carea' id='block_1_18' title="bbox 2264 1145 3841 1227">
    <p class='ocr_par' dir='ltr' id='par_1_18' title="bbox 2303 1154 3841 1227">
     <span class='ocr_line' id='line_1_18' title="bbox 2303 1154 3841 1227; baseline 0.002 -20"><span class='ocrx_word' id='word_1_128' title='bbox 2303 1154 2464 1224; x_wconf 80' lang='grc' dir='ltr'>ἀχθὲν</span> <span class='ocrx_word' id='word_1_129' title='bbox 2527 1154 2854 1217; x_wconf 78' lang='grc' dir='ltr'><strong>τελειοῦται,</strong></span> <span class='ocrx_word' id='word_1_130' title='bbox 2905 1155 2962 1207; x_wconf 86' lang='grc' dir='ltr'><strong>ἐν</strong></span> <span class='ocrx_word' id='word_1_131' title='bbox 3013 1155 3070 1207; x_wconf 81' lang='grc' dir='ltr'>δὲ</span> <span class='ocrx_word' id='word_1_132' title='bbox 3115 1157 3181 1225; x_wconf 78' lang='grc' dir='ltr'>τῇ</span> <span class='ocrx_word' id='word_1_133' title='bbox 3237 1156 3529 1210; x_wconf 78' lang='grc' dir='ltr'>ἀναστάσει</span> <span class='ocrx_word' id='word_1_134' title='bbox 3581 1159 3680 1210; x_wconf 80' lang='grc' dir='ltr'>ὑπὸ</span> <span class='ocrx_word' id='word_1_135' title='bbox 3724 1159 3841 1227; x_wconf 59' lang='lat' dir='ltr'><strong>bii-si</strong></span> 
     </span>
    </p>
   </div>
   <div class='ocr_carea' id='block_1_19' title="bbox 616 1233 2193 1327">
    <p class='ocr_par' dir='ltr' id='par_1_19' title="bbox 616 1233 2193 1327">
     <span class='ocr_line' id='line_1_19' title="bbox 616 1233 2193 1327; baseline 0.01 -43"><span class='ocrx_word' id='word_1_136' title='bbox 616 1233 751 1296; x_wconf 87' lang='lat' dir='ltr'><strong>leat;</strong></span> <span class='ocrx_word' id='word_1_137' title='bbox 796 1233 849 1286; x_wconf 87' lang='lat' dir='ltr'><strong>in</strong></span> <span class='ocrx_word' id='word_1_138' title='bbox 885 1238 1287 1292; x_wconf 84' lang='lat' dir='ltr'><strong>resurrectione</strong></span> <span class='ocrx_word' id='word_1_139' title='bbox 1325 1249 1503 1294; x_wconf 90' lang='lat' dir='ltr'><strong>tamen</strong></span> <span class='ocrx_word' id='word_1_140' title='bbox 1551 1250 1830 1327; x_wconf 70' lang='lat' dir='ltr'><strong>momento</strong></span> <span class='ocrx_word' id='word_1_141' title='bbox 1887 1259 2013 1304; x_wconf 90' lang='lat' dir='ltr'><strong>uno.</strong></span> <span class='ocrx_word' id='word_1_142' title='bbox 2062 1261 2193 1314; x_wconf 92' lang='lat' dir='ltr'><strong>pnn-</strong></span> 
     </span>
    </p>
   </div>
   <div class='ocr_carea' id='block_1_20' title="bbox 1354 1233 2931 1327">
    <p class='ocr_par' dir='ltr' id='par_1_20' title="bbox 1354 1246 2931 1327">
     <span class='ocr_line' id='line_1_20' title="bbox 1354 1246 2931 1327; baseline 0.005 -35"><span class='ocrx_word' id='word_1_143' title='bbox 1354 1255 1503 1294; x_wconf 85' lang='lat' dir='ltr'><strong>amen</strong></span> <span class='ocrx_word' id='word_1_144' title='bbox 1551 1250 1830 1327; x_wconf 70' lang='lat' dir='ltr'><strong>momento</strong></span> <span class='ocrx_word' id='word_1_145' title='bbox 1887 1259 2013 1304; x_wconf 90' lang='lat' dir='ltr'><strong>uno.</strong></span> <span class='ocrx_word' id='word_1_146' title='bbox 2062 1261 2200 1314; x_wconf 86' lang='lat' dir='ltr'><strong>pun-</strong></span> <span class='ocrx_word' id='word_1_147' title='bbox 2306 1247 2600 1318; x_wconf 77' lang='grc' dir='ltr'>πληρωθὲν</span> <span class='ocrx_word' id='word_1_148' title='bbox 2631 1246 2931 1300; x_wconf 87' lang='grc' dir='ltr'>ἀνίσταται.</span> 
     </span>
    </p>
   </div>
   <div class='ocr_carea' id='block_1_21' title="bbox 614 1324 2194 1402">
    <p class='ocr_par' dir='ltr' id='par_1_21' title="bbox 614 1324 2194 1402">
     <span class='ocr_line' id='line_1_21' title="bbox 614 1324 2194 1402; baseline 0.007 -28"><span class='ocrx_word' id='word_1_149' title='bbox 614 1330 814 1388; x_wconf 88' lang='lat' dir='ltr'><strong>ctoqiie</strong></span> <span class='ocrx_word' id='word_1_150' title='bbox 831 1324 1094 1390; x_wconf 90' lang='lat' dir='ltr'><strong>temporis</strong></span> <span class='ocrx_word' id='word_1_151' title='bbox 1119 1325 1394 1392; x_wconf 82' lang='lat' dir='ltr'><strong>perfectus</strong></span> <span class='ocrx_word' id='word_1_152' title='bbox 1421 1336 1584 1398; x_wconf 88' lang='lat' dir='ltr'><strong>atque</strong></span> <span class='ocrx_word' id='word_1_153' title='bbox 1607 1324 1894 1386; x_wconf 76' lang='lat' dir='ltr'><strong>absolutus</strong></span> <span class='ocrx_word' id='word_1_154' title='bbox 1918 1343 2194 1402; x_wconf 77' lang='lat' dir='ltr'><strong>exsurget.</strong></span> 
     </span>
    </p>
   </div>
   <div class='ocr_carea' id='block_1_22' title="bbox 686 1408 2263 1488">
    <p class='ocr_par' dir='ltr' id='par_1_22' title="bbox 686 1408 2199 1475">
     <span class='ocr_line' id='line_1_22' title="bbox 686 1408 2199 1475; baseline 0.008 -14"><span class='ocrx_word' id='word_1_155' title='bbox 686 1408 871 1463; x_wconf 84' lang='lat' dir='ltr'><strong>XCVI.</strong></span> <span class='ocrx_word' id='word_1_156' title='bbox 930 1409 1113 1465; x_wconf 82' lang='lat' dir='ltr'><strong>Fidem</strong></span> <span class='ocrx_word' id='word_1_157' title='bbox 1156 1413 1468 1469; x_wconf 81' lang='lat' dir='ltr'><strong>infidelibus</strong></span> <span class='ocrx_word' id='word_1_158' title='bbox 1519 1417 1833 1473; x_wconf 84' lang='lat' dir='ltr'><strong>hominibus</strong></span> <span class='ocrx_word' id='word_1_159' title='bbox 1885 1419 2052 1473; x_wconf 79' lang='lat' dir='ltr'><strong>faciat</strong></span> <span class='ocrx_word' id='word_1_160' title='bbox 2106 1419 2199 1475; x_wconf 89' lang='lat' dir='ltr'><strong>Dei</strong></span> 
     </span>
    </p>
   </div>
   <div class='ocr_carea' id='block_1_23' title="bbox 2261 1408 3838 1488">
    <p class='ocr_par' dir='ltr' id='par_1_23' title="bbox 2373 1414 3838 1488">
     <span class='ocr_line' id='line_1_23' title="bbox 2373 1414 3838 1488; baseline -0.002 -18"><span class='ocrx_word' id='word_1_161' title='bbox 2373 1419 2504 1484; x_wconf 45' lang='grc' dir='ltr'><strong>ΗΕΓ.</strong></span> <span class='ocrx_word' id='word_1_162' title='bbox 2532 1418 2788 1472; x_wconf 85' lang='grc' dir='ltr'>Πεισάτω</span> <span class='ocrx_word' id='word_1_163' title='bbox 2808 1418 2932 1480; x_wconf 74' lang='grc' dir='ltr'>τοὺς</span> <span class='ocrx_word' id='word_1_164' title='bbox 2962 1418 3220 1480; x_wconf 84' lang='grc' dir='ltr'>ἀπίστους</span> <span class='ocrx_word' id='word_1_165' title='bbox 3245 1419 3278 1488; x_wconf 77' lang='grc' dir='ltr'><strong>ἡ</strong></span> <span class='ocrx_word' id='word_1_166' title='bbox 3299 1416 3530 1485; x_wconf 82' lang='grc' dir='ltr'>δύναμις</span> <span class='ocrx_word' id='word_1_167' title='bbox 3551 1414 3639 1468; x_wconf 77' lang='grc' dir='ltr'>τοῦ</span> <span class='ocrx_word' id='word_1_168' title='bbox 3659 1417 3838 1486; x_wconf 77' lang='grc' dir='ltr'>Κυρίου,</span> 
     </span>
    </p>
   </div>
   <div class='ocr_carea' id='block_1_24' title="bbox 612 1493 2189 1576">
    <p class='ocr_par' dir='ltr' id='par_1_24' title="bbox 612 1498 2189 1574">
     <span class='ocr_line' id='line_1_24' title="bbox 612 1498 2189 1574; baseline 0.008 -24"><span class='ocrx_word' id='word_1_169' title='bbox 612 1498 698 1552; x_wconf 84' lang='lat' dir='ltr'><strong>vis</strong></span> <span class='ocrx_word' id='word_1_170' title='bbox 737 1513 799 1552; x_wconf 90' lang='lat' dir='ltr'><strong>ac</strong></span> <span class='ocrx_word' id='word_1_171' title='bbox 849 1501 1110 1568; x_wconf 87' lang='lat' dir='ltr'><strong>potentia,</strong></span> <span class='ocrx_word' id='word_1_172' title='bbox 1165 1502 1325 1570; x_wconf 84' lang='lat' dir='ltr'><strong>cujus</strong></span> <span class='ocrx_word' id='word_1_173' title='bbox 1362 1504 1621 1558; x_wconf 81' lang='lat' dir='ltr'><strong>voluntati</strong></span> <span class='ocrx_word' id='word_1_174' title='bbox 1676 1524 1826 1561; x_wconf 81' lang='lat' dir='ltr'><strong>nemo</strong></span> <span class='ocrx_word' id='word_1_175' title='bbox 1854 1518 2024 1574; x_wconf 78' lang='lat' dir='ltr'><strong>potest</strong></span> <span class='ocrx_word' id='word_1_176' title='bbox 2071 1510 2189 1562; x_wconf 84' lang='lat' dir='ltr'><strong>resi-</strong></span> 
     </span>
    </p>
   </div>
   <div class='ocr_carea' id='block_1_25' title="bbox 2264 1493 3841 1576">
    <p class='ocr_par' dir='ltr' id='par_1_25' title="bbox 2308 1493 3841 1576">
     <span class='ocr_line' id='line_1_25' title="bbox 2308 1493 3841 1576; baseline 0.001 -18"><span class='ocrx_word' id='word_1_177' title='bbox 2308 1509 2328 1540; x_wconf 84' lang='lat'><strong>&#39;</strong></span> <span class='ocrx_word' id='word_1_178' title='bbox 2349 1506 3352 1576; x_wconf 70' lang='grc' dir='ltr'>οὐδεὶςιὶνθίστατηιτῷβουλήμιιτι,</span> <span class='ocrx_word' id='word_1_179' title='bbox 3391 1507 3447 1558; x_wconf 79' lang='grc' dir='ltr'>Ἀ</span> <span class='ocrx_word' id='word_1_180' title='bbox 3457 1493 3841 1560; x_wconf 26' lang='grc' dir='ltr'>κουσάτωῖΒιιωῦ-</span> 
     </span>
    </p>
   </div>
   <div class='ocr_carea' id='block_1_26' title="bbox 612 1589 2189 1666">
    <p class='ocr_par' dir='ltr' id='par_1_26' title="bbox 612 1589 2189 1663">
     <span class='ocr_line' id='line_1_26' title="bbox 612 1589 2189 1663; baseline 0.007 -21"><span class='ocrx_word' id='word_1_181' title='bbox 612 1598 749 1642; x_wconf 71' lang='lat' dir='ltr'><strong>sier:</strong></span> <span class='ocrx_word' id='word_1_182' title='bbox 769 1590 810 1642; x_wconf 75' lang='lat'><strong>’.</strong></span> <span class='ocrx_word' id='word_1_183' title='bbox 847 1589 1050 1643; x_wconf 76' lang='lat' dir='ltr'><strong>Audiat</strong></span> <span class='ocrx_word' id='word_1_184' title='bbox 1087 1590 1298 1662; x_wconf 74' lang='lat' dir='ltr'><strong>Moyses</strong></span> <span class='ocrx_word' id='word_1_185' title='bbox 1339 1601 1393 1646; x_wconf 92' lang='lat' dir='ltr'><strong>ct</strong></span> <span class='ocrx_word' id='word_1_186' title='bbox 1440 1596 1696 1650; x_wconf 79' lang='lat' dir='ltr'><strong>ostendat</strong></span> <span class='ocrx_word' id='word_1_187' title='bbox 1728 1617 1740 1650; x_wconf 90' lang='lat'><strong>:</strong></span> <span class='ocrx_word' id='word_1_188' title='bbox 1776 1598 1916 1663; x_wconf 83' lang='lat' dir='ltr'><strong>Quid</strong></span> <span class='ocrx_word' id='word_1_189' title='bbox 1947 1601 2000 1652; x_wconf 83' lang='lat' dir='ltr'><strong>in</strong></span> <span class='ocrx_word' id='word_1_190' title='bbox 2042 1617 2189 1653; x_wconf 78' lang='lat' dir='ltr'><strong>manu</strong></span> 
     </span>
    </p>
   </div>
   <div class='ocr_carea' id='block_1_27' title="bbox 2264 1589 3841 1666">
    <p class='ocr_par' dir='ltr' id='par_1_27' title="bbox 2305 1595 3841 1666">
     <span class='ocr_line' id='line_1_27' title="bbox 2305 1595 3841 1666; baseline 0 -18"><span class='ocrx_word' id='word_1_191' title='bbox 2305 1598 2403 1666; x_wconf 76' lang='grc' dir='ltr'>σῆς</span> <span class='ocrx_word' id='word_1_192' title='bbox 2425 1634 2441 1658; x_wconf 92' lang='grc'><strong>,</strong></span> <span class='ocrx_word' id='word_1_193' title='bbox 2468 1595 2561 1649; x_wconf 80' lang='grc' dir='ltr'><strong>καὶ</strong></span> <span class='ocrx_word' id='word_1_194' title='bbox 2593 1595 2948 1648; x_wconf 74' lang='grc' dir='ltr'>ἐπιδεικνύτω</span> <span class='ocrx_word' id='word_1_195' title='bbox 2972 1611 2986 1625; x_wconf 78' lang='grc'><strong><em>⁸</em></strong></span> <span class='ocrx_word' id='word_1_196' title='bbox 3035 1597 3096 1650; x_wconf 81' lang='grc' dir='ltr'>Τί</span> <span class='ocrx_word' id='word_1_197' title='bbox 3131 1595 3202 1648; x_wconf 79' lang='grc' dir='ltr'>ἐν</span> <span class='ocrx_word' id='word_1_198' title='bbox 3242 1595 3317 1664; x_wconf 73' lang='grc' dir='ltr'>τῇ</span> <span class='ocrx_word' id='word_1_199' title='bbox 3348 1597 3504 1665; x_wconf 77' lang='grc' dir='ltr'>χειρί</span> <span class='ocrx_word' id='word_1_200' title='bbox 3542 1613 3654 1650; x_wconf 87' lang='grc' dir='ltr'><strong>σου</strong></span> <span class='ocrx_word' id='word_1_201' title='bbox 3676 1613 3692 1656; x_wconf 87' lang='grc'><em>;</em></span> <span class='ocrx_word' id='word_1_202' title='bbox 3718 1599 3841 1663; x_wconf 57' lang='lat' dir='ltr'><strong>cndu</strong></span> 
     </span>
    </p>
   </div>
   <div class='ocr_carea' id='block_1_28' title="bbox 613 1679 2190 1759">
    <p class='ocr_par' dir='ltr' id='par_1_28' title="bbox 613 1679 2190 1759">
     <span class='ocr_line' id='line_1_28' title="bbox 613 1679 2190 1759; baseline 0.009 -29"><span class='ocrx_word' id='word_1_203' title='bbox 613 1689 708 1731; x_wconf 83' lang='lat' dir='ltr'><strong>tua</strong></span> <span class='ocrx_word' id='word_1_204' title='bbox 731 1679 931 1735; x_wconf 79' lang='lat' dir='ltr'><strong>habes?</strong></span> <span class='ocrx_word' id='word_1_205' title='bbox 961 1681 1036 1733; x_wconf 88' lang='lat' dir='ltr'><strong>ait</strong></span> <span class='ocrx_word' id='word_1_206' title='bbox 1059 1682 1131 1734; x_wconf 86' lang='lat' dir='ltr'><strong>illi</strong></span> <span class='ocrx_word' id='word_1_207' title='bbox 1157 1680 1419 1738; x_wconf 89' lang='lat' dir='ltr'><strong>Dominus</strong></span> <span class='ocrx_word' id='word_1_208' title='bbox 1441 1685 1494 1737; x_wconf 73' lang='grc' dir='ltr'><strong>ἐ</strong></span> <span class='ocrx_word' id='word_1_209' title='bbox 1540 1697 1592 1739; x_wconf 78' lang='lat' dir='ltr'><strong>at</strong></span> <span class='ocrx_word' id='word_1_210' title='bbox 1616 1687 1694 1741; x_wconf 91' lang='lat' dir='ltr'><strong>is:</strong></span> <span class='ocrx_word' id='word_1_211' title='bbox 1739 1687 1972 1758; x_wconf 84' lang='lat' dir='ltr'><strong>Virgam,</strong></span> <span class='ocrx_word' id='word_1_212' title='bbox 2006 1690 2190 1759; x_wconf 89' lang='lat' dir='ltr'><strong>inquit.</strong></span> 
     </span>
    </p>
   </div>
   <div class='ocr_carea' id='block_1_29' title="bbox 2261 1679 3838 1759">
    <p class='ocr_par' dir='ltr' id='par_1_29' title="bbox 2301 1679 3838 1756">
     <span class='ocr_line' id='line_1_29' title="bbox 2301 1679 3838 1756; baseline -0.002 -19"><span class='ocrx_word' id='word_1_213' title='bbox 2301 1687 2330 1737; x_wconf 97' lang='lat'><strong>6</strong></span> <span class='ocrx_word' id='word_1_214' title='bbox 2360 1685 2562 1756; x_wconf 81' lang='grc' dir='ltr'>Κύριος</span> <span class='ocrx_word' id='word_1_215' title='bbox 2585 1701 2598 1714; x_wconf 89' lang='grc'><strong>·</strong></span> <span class='ocrx_word' id='word_1_216' title='bbox 2635 1686 2663 1737; x_wconf 88' lang='grc' dir='ltr'>ὁ</span> <span class='ocrx_word' id='word_1_217' title='bbox 2700 1685 2758 1738; x_wconf 86' lang='grc' dir='ltr'><strong>δέ</strong></span> <span class='ocrx_word' id='word_1_218' title='bbox 2791 1679 2913 1737; x_wconf 84' lang='grc' dir='ltr'>εῐπε</span> <span class='ocrx_word' id='word_1_219' title='bbox 2937 1724 2951 1748; x_wconf 93' lang='grc'><strong>,</strong></span> <span class='ocrx_word' id='word_1_220' title='bbox 3002 1683 3272 1750; x_wconf 74' lang='grc' dir='ltr'>Ῥάϐδος.</span> <span class='ocrx_word' id='word_1_221' title='bbox 3311 1686 3370 1738; x_wconf 87' lang='lat' dir='ltr'><strong>&#39;H</strong></span> <span class='ocrx_word' id='word_1_222' title='bbox 3401 1684 3458 1737; x_wconf 78' lang='grc' dir='ltr'>δὲ</span> <span class='ocrx_word' id='word_1_223' title='bbox 3490 1685 3674 1755; x_wconf 74' lang='grc' dir='ltr'>ῥάϐδος</span> <span class='ocrx_word' id='word_1_224' title='bbox 3701 1683 3838 1751; x_wconf 73' lang='grc' dir='ltr'>ξυλίνη</span> 
     </span>
    </p>
   </div>
   <div class='ocr_carea' id='block_1_30' title="bbox 619 1759 2196 1847">
    <p class='ocr_par' dir='ltr' id='par_1_30' title="bbox 619 1766 2196 1846">
     <span class='ocr_line' id='line_1_30' title="bbox 619 1766 2196 1846; baseline 0.008 -26"><span class='ocrx_word' id='word_1_225' title='bbox 619 1766 784 1836; x_wconf 77' lang='lat' dir='ltr'><strong>Virga</strong></span> <span class='ocrx_word' id='word_1_226' title='bbox 833 1783 998 1839; x_wconf 90' lang='lat' dir='ltr'><strong>porro</strong></span> <span class='ocrx_word' id='word_1_227' title='bbox 1029 1771 1204 1840; x_wconf 80' lang='lat' dir='ltr'><strong>lignea</strong></span> <span class='ocrx_word' id='word_1_228' title='bbox 1243 1781 1299 1827; x_wconf 92' lang='lat' dir='ltr'><strong>et</strong></span> <span class='ocrx_word' id='word_1_229' title='bbox 1345 1773 1582 1828; x_wconf 76' lang='lat' dir='ltr'><strong>arefacta</strong></span> <span class='ocrx_word' id='word_1_230' title='bbox 1621 1792 1846 1846; x_wconf 84' lang='lat' dir='ltr'><strong>prorsus</strong></span> <span class='ocrx_word' id='word_1_231' title='bbox 1884 1789 2021 1832; x_wconf 90' lang='lat' dir='ltr'><strong>erat.</strong></span> <span class='ocrx_word' id='word_1_232' title='bbox 2062 1780 2196 1834; x_wconf 89' lang='lat' dir='ltr'><strong>Tum</strong></span> 
     </span>
    </p>
   </div>
   <div class='ocr_carea' id='block_1_31' title="bbox 2260 1759 3837 1847">
    <p class='ocr_par' dir='ltr' id='par_1_31' title="bbox 2301 1759 3837 1847">
     <span class='ocr_line' id='line_1_31' title="bbox 2301 1759 3837 1847; baseline -0.002 -19"><span class='ocrx_word' id='word_1_233' title='bbox 2301 1772 2406 1846; x_wconf 79' lang='grc' dir='ltr'>ἦν,</span> <span class='ocrx_word' id='word_1_234' title='bbox 2440 1776 2579 1847; x_wconf 72' lang='grc' dir='ltr'>ξηρὰ</span> <span class='ocrx_word' id='word_1_235' title='bbox 2602 1776 2659 1829; x_wconf 82' lang='grc' dir='ltr'><strong>δὲ</strong></span> <span class='ocrx_word' id='word_1_236' title='bbox 2709 1775 2906 1844; x_wconf 83' lang='grc' dir='ltr'>πάντη.</span> <span class='ocrx_word' id='word_1_237' title='bbox 2946 1776 3055 1829; x_wconf 76' lang='grc' dir='ltr'>Καί</span> <span class='ocrx_word' id='word_1_238' title='bbox 3091 1759 3252 1845; x_wconf 70' lang='grc' dir='ltr'>φησί·</span> <span class='ocrx_word' id='word_1_239' title='bbox 3300 1776 3509 1843; x_wconf 68' lang='grc' dir='ltr'>Ῥίψον</span> <span class='ocrx_word' id='word_1_240' title='bbox 3554 1775 3734 1842; x_wconf 70' lang='grc' dir='ltr'>αὐτὴν</span> <span class='ocrx_word' id='word_1_241' title='bbox 3769 1775 3837 1826; x_wconf 71' lang='grc' dir='ltr'>ἐπὶ</span> 
     </span>
    </p>
   </div>
   <div class='ocr_carea' id='block_1_32' title="bbox 618 1856 2195 1940">
    <p class='ocr_par' dir='ltr' id='par_1_32' title="bbox 618 1859 2195 1940">
     <span class='ocr_line' id='line_1_32' title="bbox 618 1859 2195 1940; baseline 0.009 -30"><span class='ocrx_word' id='word_1_242' title='bbox 618 1859 928 1916; x_wconf 84' lang='lat' dir='ltr'><strong>Dominus:</strong></span> <span class='ocrx_word' id='word_1_243' title='bbox 962 1861 1192 1930; x_wconf 73' lang='lat' dir='ltr'><strong>Profice,</strong></span> <span class='ocrx_word' id='word_1_244' title='bbox 1239 1866 1434 1933; x_wconf 86' lang='lat' dir='ltr'><strong>inquit,</strong></span> <span class='ocrx_word' id='word_1_245' title='bbox 1462 1867 1610 1920; x_wconf 81' lang='lat' dir='ltr'><strong>illaut</strong></span> <span class='ocrx_word' id='word_1_246' title='bbox 1647 1870 1700 1921; x_wconf 88' lang='lat' dir='ltr'><strong>in</strong></span> <span class='ocrx_word' id='word_1_247' title='bbox 1735 1879 1953 1925; x_wconf 82' lang='lat' dir='ltr'><strong>terram.</strong></span> <span class='ocrx_word' id='word_1_248' title='bbox 1990 1872 2195 1940; x_wconf 70' lang='lat' dir='ltr'><strong>Abjccil</strong></span> 
     </span>
    </p>
   </div>
   <div class='ocr_carea' id='block_1_33' title="bbox 2265 1856 3842 1940">
    <p class='ocr_par' dir='ltr' id='par_1_33' title="bbox 2265 1859 3842 1936">
     <span class='ocr_line' id='line_1_33' title="bbox 2265 1859 3842 1936; baseline -0.002 -19"><span class='ocrx_word' id='word_1_249' title='bbox 2265 1859 2416 1932; x_wconf 66' lang='grc' dir='ltr'>ῐτῆς</span> <span class='ocrx_word' id='word_1_250' title='bbox 2463 1865 2594 1934; x_wconf 64' lang='grc' dir='ltr'>γῆς.</span> <span class='ocrx_word' id='word_1_251' title='bbox 2637 1864 2747 1917; x_wconf 72' lang='grc' dir='ltr'><strong>Καὶ</strong></span> <span class='ocrx_word' id='word_1_252' title='bbox 2783 1864 2973 1936; x_wconf 66' lang='grc' dir='ltr'>ἔρριψε</span> <span class='ocrx_word' id='word_1_253' title='bbox 3024 1864 3121 1935; x_wconf 78' lang='grc' dir='ltr'>τὴν</span> <span class='ocrx_word' id='word_1_254' title='bbox 3180 1863 3350 1936; x_wconf 76' lang='grc' dir='ltr'>ξηρὰν</span> <span class='ocrx_word' id='word_1_255' title='bbox 3405 1864 3634 1935; x_wconf 66' lang='grc' dir='ltr'>ῥάϐδον,</span> <span class='ocrx_word' id='word_1_256' title='bbox 3681 1862 3761 1915; x_wconf 75' lang='grc' dir='ltr'><strong>καὶ</strong></span> <span class='ocrx_word' id='word_1_257' title='bbox 3801 1864 3842 1914; x_wconf 79' lang='grc' dir='ltr'>τὸ</span> 
     </span>
    </p>
   </div>
   <div class='ocr_carea' id='block_1_34' title="bbox 616 1949 2193 2027">
    <p class='ocr_par' dir='ltr' id='par_1_34' title="bbox 616 1949 2193 2027">
     <span class='ocr_line' id='line_1_34' title="bbox 616 1949 2193 2027; baseline 0.005 -23"><span class='ocrx_word' id='word_1_258' title='bbox 616 1965 750 2020; x_wconf 87' lang='lat' dir='ltr'><strong>ergo</strong></span> <span class='ocrx_word' id='word_1_259' title='bbox 778 1949 991 2020; x_wconf 81' lang='lat' dir='ltr'><strong>Moyses</strong></span> <span class='ocrx_word' id='word_1_260' title='bbox 1038 1953 1245 2008; x_wconf 86' lang='lat' dir='ltr'><strong>aridam</strong></span> <span class='ocrx_word' id='word_1_261' title='bbox 1276 1955 1509 2026; x_wconf 82' lang='lat' dir='ltr'><strong>virgam;</strong></span> <span class='ocrx_word' id='word_1_262' title='bbox 1543 1966 1597 2011; x_wconf 93' lang='lat' dir='ltr'><strong>et</strong></span> <span class='ocrx_word' id='word_1_263' title='bbox 1644 1959 1786 2027; x_wconf 89' lang='lat' dir='ltr'><strong>quod</strong></span> <span class='ocrx_word' id='word_1_264' title='bbox 1813 1960 2023 2014; x_wconf 89' lang='lat' dir='ltr'><strong>aridum</strong></span> <span class='ocrx_word' id='word_1_265' title='bbox 2061 1967 2193 2024; x_wconf 78' lang='lat' dir='ltr'><strong>erat1</strong></span> 
     </span>
    </p>
   </div>
   <div class='ocr_carea' id='block_1_35' title="bbox 2262 1949 3839 2027">
    <p class='ocr_par' dir='ltr' id='par_1_35' title="bbox 2305 1954 3839 2024">
     <span class='ocr_line' id='line_1_35' title="bbox 2305 1954 3839 2024; baseline 0.001 -16"><span class='ocrx_word' id='word_1_266' title='bbox 2305 1955 2465 2024; x_wconf 62' lang='lat' dir='ltr'><strong>ﬁ&#39;qp’w</strong></span> <span class='ocrx_word' id='word_1_267' title='bbox 2490 1957 2517 2008; x_wconf 89' lang='lat'><strong>6</strong></span> <span class='ocrx_word' id='word_1_268' title='bbox 2544 1954 2675 2018; x_wconf 74' lang='grc' dir='ltr'>Θεὸς</span> <span class='ocrx_word' id='word_1_269' title='bbox 2721 1955 2887 2024; x_wconf 63' lang='grc' dir='ltr'>ὑγρὸν</span> <span class='ocrx_word' id='word_1_270' title='bbox 2919 1954 3198 2020; x_wconf 77' lang='grc' dir='ltr'>ἐπετέλει,</span> <span class='ocrx_word' id='word_1_271' title='bbox 3234 1955 3328 2007; x_wconf 77' lang='grc' dir='ltr'><strong>καὶ</strong></span> <span class='ocrx_word' id='word_1_272' title='bbox 3383 1956 3446 2007; x_wconf 85' lang='grc' dir='ltr'><strong>οὐ</strong></span> <span class='ocrx_word' id='word_1_273' title='bbox 3500 1955 3654 2024; x_wconf 69' lang='grc' dir='ltr'>μόνον</span> <span class='ocrx_word' id='word_1_274' title='bbox 3697 1955 3839 2022; x_wconf 70' lang='grc' dir='ltr'>ὑγρδν.</span> 
     </span>
    </p>
   </div>
   <div class='ocr_carea' id='block_1_36' title="bbox 618 2040 2195 2116">
    <p class='ocr_par' dir='ltr' id='par_1_36' title="bbox 618 2040 2195 2116">
     <span class='ocr_line' id='line_1_36' title="bbox 618 2040 2195 2116; baseline 0.008 -24"><span class='ocrx_word' id='word_1_275' title='bbox 618 2040 904 2094; x_wconf 71' lang='lat' dir='ltr'><strong>humidum</strong></span> <span class='ocrx_word' id='word_1_276' title='bbox 929 2057 992 2098; x_wconf 87' lang='lat' dir='ltr'><strong>ac</strong></span> <span class='ocrx_word' id='word_1_277' title='bbox 1025 2045 1176 2099; x_wconf 81' lang='lat' dir='ltr'><strong>succi</strong></span> <span class='ocrx_word' id='word_1_278' title='bbox 1203 2047 1421 2116; x_wconf 86' lang='lat' dir='ltr'><strong>plenuin</strong></span> <span class='ocrx_word' id='word_1_279' title='bbox 1467 2049 1700 2104; x_wconf 86' lang='lat' dir='ltr'><strong>reddidit</strong></span> <span class='ocrx_word' id='word_1_280' title='bbox 1731 2049 1872 2106; x_wconf 90' lang='lat' dir='ltr'><strong>Deus</strong></span> <span class='ocrx_word' id='word_1_281' title='bbox 1903 2069 1916 2105; x_wconf 91' lang='lat'><strong>:</strong></span> <span class='ocrx_word' id='word_1_282' title='bbox 1955 2067 2056 2107; x_wconf 88' lang='lat' dir='ltr'><strong>nec</strong></span> <span class='ocrx_word' id='word_1_283' title='bbox 2103 2053 2195 2105; x_wconf 90' lang='lat' dir='ltr'><strong>liu-</strong></span> 
     </span>
    </p>
   </div>
   <div class='ocr_carea' id='block_1_37' title="bbox 2265 2040 3842 2116">
    <p class='ocr_par' dir='ltr' id='par_1_37' title="bbox 2302 2043 3842 2114">
     <span class='ocr_line' id='line_1_37' title="bbox 2302 2043 3842 2114; baseline -0.003 -17"><span class='ocrx_word' id='word_1_284' title='bbox 2302 2045 2436 2098; x_wconf 76' lang='grc' dir='ltr'>ἀλλὰ</span> <span class='ocrx_word' id='word_1_285' title='bbox 2467 2044 2562 2096; x_wconf 73' lang='grc' dir='ltr'>καὶ</span> <span class='ocrx_word' id='word_1_286' title='bbox 2595 2043 2838 2113; x_wconf 69' lang='grc' dir='ltr'>ἔμψυχον</span> <span class='ocrx_word' id='word_1_287' title='bbox 2865 2085 2878 2104; x_wconf 91' lang='grc'><strong>,</strong></span> <span class='ocrx_word' id='word_1_288' title='bbox 2916 2043 3047 2097; x_wconf 82' lang='grc' dir='ltr'><strong>ἀλλά</strong></span> <span class='ocrx_word' id='word_1_289' title='bbox 3082 2045 3174 2097; x_wconf 72' lang='grc' dir='ltr'>καὶ</span> <span class='ocrx_word' id='word_1_290' title='bbox 3206 2046 3272 2114; x_wconf 82' lang='grc' dir='ltr'>τῇ</span> <span class='ocrx_word' id='word_1_291' title='bbox 3311 2043 3472 2112; x_wconf 81' lang='grc' dir='ltr'>φύσει</span> <span class='ocrx_word' id='word_1_292' title='bbox 3507 2043 3842 2114; x_wconf 68' lang='grc' dir='ltr'>παρηλλαγμέ-</span> 
     </span>
    </p>
   </div>
   <div class='ocr_carea' id='block_1_38' title="bbox 620 2131 2197 2210">
    <p class='ocr_par' dir='ltr' id='par_1_38' title="bbox 620 2131 2197 2210">
     <span class='ocr_line' id='line_1_38' title="bbox 620 2131 2197 2210; baseline 0.008 -28"><span class='ocrx_word' id='word_1_293' title='bbox 620 2131 832 2184; x_wconf 88' lang='lat' dir='ltr'><strong>niidum</strong></span> <span class='ocrx_word' id='word_1_294' title='bbox 883 2132 1048 2187; x_wconf 91' lang='lat' dir='ltr'><strong>modo</strong></span> <span class='ocrx_word' id='word_1_295' title='bbox 1097 2135 1190 2189; x_wconf 89' lang='lat' dir='ltr'><strong>sed</strong></span> <span class='ocrx_word' id='word_1_296' title='bbox 1242 2145 1295 2190; x_wconf 91' lang='lat' dir='ltr'><strong>et</strong></span> <span class='ocrx_word' id='word_1_297' title='bbox 1345 2137 1665 2202; x_wconf 85' lang='lat' dir='ltr'><strong>animatum,</strong></span> <span class='ocrx_word' id='word_1_298' title='bbox 1721 2140 1964 2210; x_wconf 86' lang='lat' dir='ltr'><strong>adeoque</strong></span> <span class='ocrx_word' id='word_1_299' title='bbox 2009 2151 2197 2194; x_wconf 86' lang='lat' dir='ltr'><strong>natura</strong></span> 
     </span>
    </p>
   </div>
   <div class='ocr_carea' id='block_1_39' title="bbox 2262 2131 3839 2210">
    <p class='ocr_par' dir='ltr' id='par_1_39' title="bbox 2302 2132 3839 2204">
     <span class='ocr_line' id='line_1_39' title="bbox 2302 2132 3839 2204; baseline -0.004 -17"><span class='ocrx_word' id='word_1_300' title='bbox 2302 2152 2390 2187; x_wconf 84' lang='lat' dir='ltr'><strong>vov</strong></span> <span class='ocrx_word' id='word_1_301' title='bbox 2416 2175 2428 2195; x_wconf 92' lang='lat'><strong>,</strong></span> <span class='ocrx_word' id='word_1_302' title='bbox 2459 2135 2553 2187; x_wconf 68' lang='grc' dir='ltr'><strong>καὶ</strong></span> <span class='ocrx_word' id='word_1_303' title='bbox 2579 2137 2645 2204; x_wconf 82' lang='grc' dir='ltr'>τῇ</span> <span class='ocrx_word' id='word_1_304' title='bbox 2682 2133 2840 2203; x_wconf 67' lang='grc' dir='ltr'>οὐσίᾳ</span> <span class='ocrx_word' id='word_1_305' title='bbox 2868 2133 3067 2203; x_wconf 78' lang='grc' dir='ltr'><strong>ἑτέρως</strong></span> <span class='ocrx_word' id='word_1_306' title='bbox 3098 2135 3572 2204; x_wconf 75' lang='grc' dir='ltr'>ἐσχηματισμένον</span> <span class='ocrx_word' id='word_1_307' title='bbox 3603 2133 3725 2202; x_wconf 76' lang='lat'><strong>(57).</strong></span> <span class='ocrx_word' id='word_1_308' title='bbox 3760 2132 3839 2182; x_wconf 65' lang='grc' dir='ltr'><strong>Οὐκ</strong></span> 
     </span>
    </p>
   </div>
   <div class='ocr_carea' id='block_1_40' title="bbox 615 2221 2192 2296">
    <p class='ocr_par' dir='ltr' id='par_1_40' title="bbox 615 2227 2192 2287">
     <span class='ocr_line' id='line_1_40' title="bbox 615 2227 2192 2287; baseline 0.006 -11"><span class='ocrx_word' id='word_1_309' title='bbox 615 2231 908 2287; x_wconf 89' lang='lat' dir='ltr'><strong>mutatum,</strong></span> <span class='ocrx_word' id='word_1_310' title='bbox 955 2233 1010 2280; x_wconf 92' lang='lat' dir='ltr'><strong>et</strong></span> <span class='ocrx_word' id='word_1_311' title='bbox 1058 2227 1222 2280; x_wconf 91' lang='lat' dir='ltr'><strong>aliam</strong></span> <span class='ocrx_word' id='word_1_312' title='bbox 1271 2227 1324 2281; x_wconf 94' lang='lat' dir='ltr'><strong>in</strong></span> <span class='ocrx_word' id='word_1_313' title='bbox 1368 2229 1733 2284; x_wconf 90' lang='lat' dir='ltr'><strong>subslantiam</strong></span> <span class='ocrx_word' id='word_1_314' title='bbox 1776 2232 2192 2287; x_wconf 87' lang='lat' dir='ltr'><strong>conformatum.</strong></span> 
     </span>
    </p>
   </div>
   <div class='ocr_carea' id='block_1_41' title="bbox 2262 2221 3839 2296">
    <p class='ocr_par' dir='ltr' id='par_1_41' title="bbox 2299 2221 3839 2296">
     <span class='ocr_line' id='line_1_41' title="bbox 2299 2221 3839 2296; baseline -0.004 -19"><span class='ocrx_word' id='word_1_315' title='bbox 2299 2221 2368 2295; x_wconf 78' lang='grc' dir='ltr'>ἦν</span> <span class='ocrx_word' id='word_1_316' title='bbox 2406 2225 2696 2294; x_wconf 82' lang='grc' dir='ltr'>φάντασμα</span> <span class='ocrx_word' id='word_1_317' title='bbox 2747 2224 2808 2276; x_wconf 84' lang='grc' dir='ltr'><strong>τὸ</strong></span> <span class='ocrx_word' id='word_1_318' title='bbox 2845 2224 3004 2296; x_wconf 78' lang='grc' dir='ltr'>ἔργον</span> <span class='ocrx_word' id='word_1_319' title='bbox 3031 2241 3044 2253; x_wconf 89' lang='grc'><strong>·</strong></span> <span class='ocrx_word' id='word_1_320' title='bbox 3078 2224 3302 2295; x_wconf 71' lang='grc' dir='ltr'>ἀληθείᾳ</span> <span class='ocrx_word' id='word_1_321' title='bbox 3353 2226 3464 2295; x_wconf 72' lang='grc' dir='ltr'><strong>γὰρ</strong></span> <span class='ocrx_word' id='word_1_322' title='bbox 3521 2224 3653 2276; x_wconf 83' lang='grc' dir='ltr'><strong>Θεοῦ</strong></span> <span class='ocrx_word' id='word_1_323' title='bbox 3705 2238 3839 2292; x_wconf 73' lang='grc' dir='ltr'>προς-</span> 
     </span>
    </p>
   </div>
   <div class='ocr_carea' id='block_1_42' title="bbox 612 2313 2189 2392">
    <p class='ocr_par' dir='ltr' id='par_1_42' title="bbox 612 2313 2189 2392">
     <span class='ocr_line' id='line_1_42' title="bbox 612 2313 2189 2392; baseline 0.006 -24"><span class='ocrx_word' id='word_1_324' title='bbox 612 2313 724 2370; x_wconf 85' lang='lat' dir='ltr'><strong>Nec</strong></span> <span class='ocrx_word' id='word_1_325' title='bbox 777 2317 956 2372; x_wconf 83' lang='lat' dir='ltr'><strong>inanis</strong></span> <span class='ocrx_word' id='word_1_326' title='bbox 1011 2319 1444 2390; x_wconf 88' lang='lat' dir='ltr'><strong>adunibrataque</strong></span> <span class='ocrx_word' id='word_1_327' title='bbox 1498 2319 1598 2374; x_wconf 89' lang='lat' dir='ltr'><strong>fuit</strong></span> <span class='ocrx_word' id='word_1_328' title='bbox 1656 2323 1745 2375; x_wconf 90' lang='lat' dir='ltr'><strong>illa</strong></span> <span class='ocrx_word' id='word_1_329' title='bbox 1812 2323 2024 2392; x_wconf 81' lang='lat' dir='ltr'><strong>species</strong></span> <span class='ocrx_word' id='word_1_330' title='bbox 2060 2341 2073 2377; x_wconf 91' lang='lat'><strong>:</strong></span> <span class='ocrx_word' id='word_1_331' title='bbox 2109 2321 2189 2377; x_wconf 88' lang='lat' dir='ltr'><strong>Dei</strong></span> 
     </span>
    </p>
   </div>
   <div class='ocr_carea' id='block_1_43' title="bbox 2262 2313 3839 2392">
    <p class='ocr_par' dir='ltr' id='par_1_43' title="bbox 2306 2314 3839 2387">
     <span class='ocr_line' id='line_1_43' title="bbox 2306 2314 3839 2387; baseline -0.007 -15"><span class='ocrx_word' id='word_1_332' title='bbox 2306 2318 2548 2387; x_wconf 73' lang='grc' dir='ltr'>τάγματι</span> <span class='ocrx_word' id='word_1_333' title='bbox 2601 2314 2930 2386; x_wconf 74' lang='grc' dir='ltr'>ἐργάζεται,</span> <span class='ocrx_word' id='word_1_334' title='bbox 2995 2315 3087 2367; x_wconf 75' lang='grc' dir='ltr'><strong>καὶ</strong></span> <span class='ocrx_word' id='word_1_335' title='bbox 3139 2315 3199 2366; x_wconf 82' lang='grc' dir='ltr'><strong>ού</strong></span> <span class='ocrx_word' id='word_1_336' title='bbox 3252 2316 3548 2385; x_wconf 70' lang='grc' dir='ltr'>φαντασίᾳ..</span> <span class='ocrx_word' id='word_1_337' title='bbox 3588 2315 3669 2368; x_wconf 84' lang='grc' dir='ltr'>Ἑν</span> <span class='ocrx_word' id='word_1_338' title='bbox 3714 2315 3839 2366; x_wconf 67' lang='grc' dir='ltr'>ἅπασι</span> 
     </span>
    </p>
   </div>
   <div class='ocr_carea' id='block_1_44' title="bbox 619 2402 2196 2482">
    <p class='ocr_par' dir='ltr' id='par_1_44' title="bbox 619 2407 2196 2482">
     <span class='ocr_line' id='line_1_44' title="bbox 619 2407 2196 2482; baseline 0.006 -24"><span class='ocrx_word' id='word_1_339' title='bbox 619 2407 824 2475; x_wconf 88' lang='lat' dir='ltr'><strong>quippe</strong></span> <span class='ocrx_word' id='word_1_340' title='bbox 856 2418 1129 2477; x_wconf 64' lang='lat' dir='ltr'><strong>praicepto</strong></span> <span class='ocrx_word' id='word_1_341' title='bbox 1175 2425 1241 2463; x_wconf 86' lang='lat' dir='ltr'><strong>ex</strong></span> <span class='ocrx_word' id='word_1_342' title='bbox 1291 2411 1368 2463; x_wconf 89' lang='lat' dir='ltr'><strong>rei</strong></span> <span class='ocrx_word' id='word_1_343' title='bbox 1407 2411 1636 2466; x_wconf 83' lang='lat' dir='ltr'><strong>veritate</strong></span> <span class='ocrx_word' id='word_1_344' title='bbox 1681 2428 1790 2466; x_wconf 91' lang='lat' dir='ltr'><strong>nou</strong></span> <span class='ocrx_word' id='word_1_345' title='bbox 1839 2413 1987 2467; x_wconf 91' lang='lat' dir='ltr'><strong>inani</strong></span> <span class='ocrx_word' id='word_1_346' title='bbox 2021 2416 2196 2482; x_wconf 86' lang='lat' dir='ltr'><strong>specie</strong></span> 
     </span>
    </p>
   </div>
   <div class='ocr_carea' id='block_1_45' title="bbox 2264 2402 3841 2482">
    <p class='ocr_par' dir='ltr' id='par_1_45' title="bbox 2302 2402 3841 2480">
     <span class='ocr_line' id='line_1_45' title="bbox 2302 2402 3841 2480; baseline -0.006 -18"><span class='ocrx_word' id='word_1_347' title='bbox 2302 2409 2410 2480; x_wconf 81' lang='grc' dir='ltr'>γὰρ</span> <span class='ocrx_word' id='word_1_348' title='bbox 2441 2407 2827 2478; x_wconf 71' lang='grc' dir='ltr'>διορθουμένην</span> <span class='ocrx_word' id='word_1_349' title='bbox 2865 2407 2964 2476; x_wconf 81' lang='grc' dir='ltr'><strong>τὴν</strong></span> <span class='ocrx_word' id='word_1_350' title='bbox 2994 2405 3151 2476; x_wconf 79' lang='grc' dir='ltr'>ἡμῶν</span> <span class='ocrx_word' id='word_1_351' title='bbox 3182 2404 3420 2459; x_wconf 83' lang='grc' dir='ltr'>διάνοιαν</span> <span class='ocrx_word' id='word_1_352' title='bbox 3450 2406 3748 2478; x_wconf 69' lang='grc' dir='ltr'>παρέστησε</span> <span class='ocrx_word' id='word_1_353' title='bbox 3783 2402 3841 2454; x_wconf 66' lang='grc' dir='ltr'>διὰ</span> 
     </span>
    </p>
   </div>
   <div class='ocr_carea' id='block_1_46' title="bbox 614 2495 2191 2570">
    <p class='ocr_par' dir='ltr' id='par_1_46' title="bbox 614 2495 2191 2570">
     <span class='ocr_line' id='line_1_46' title="bbox 614 2495 2191 2570; baseline 0.007 -24"><span class='ocrx_word' id='word_1_354' title='bbox 614 2509 756 2562; x_wconf 88' lang='lat' dir='ltr'><strong>opus</strong></span> <span class='ocrx_word' id='word_1_355' title='bbox 791 2495 968 2564; x_wconf 79' lang='lat' dir='ltr'><strong>ipsum</strong></span> <span class='ocrx_word' id='word_1_356' title='bbox 1007 2498 1312 2566; x_wconf 81' lang='lat' dir='ltr'><strong>perﬁcitur.</strong></span> <span class='ocrx_word' id='word_1_357' title='bbox 1337 2499 1515 2568; x_wconf 83' lang='lat' dir='ltr'><strong>Atque</strong></span> <span class='ocrx_word' id='word_1_358' title='bbox 1545 2508 1604 2553; x_wconf 94' lang='lat' dir='ltr'><strong>ut</strong></span> <span class='ocrx_word' id='word_1_359' title='bbox 1649 2502 2066 2570; x_wconf 82' lang='lat' dir='ltr'><strong>intelligentiam</strong></span> <span class='ocrx_word' id='word_1_360' title='bbox 2100 2518 2191 2556; x_wconf 88' lang='lat' dir='ltr'><strong>no-</strong></span> 
     </span>
    </p>
   </div>
   <div class='ocr_carea' id='block_1_47' title="bbox 2262 2495 3839 2570">
    <p class='ocr_par' dir='ltr' id='par_1_47' title="bbox 2301 2495 3839 2569">
     <span class='ocr_line' id='line_1_47' title="bbox 2301 2495 3839 2569; baseline -0.008 -15"><span class='ocrx_word' id='word_1_361' title='bbox 2301 2499 2580 2560; x_wconf 78' lang='grc' dir='ltr'>Μωῦσέως</span> <span class='ocrx_word' id='word_1_362' title='bbox 2605 2499 2702 2569; x_wconf 76' lang='grc' dir='ltr'>τὴν</span> <span class='ocrx_word' id='word_1_363' title='bbox 2743 2496 3020 2568; x_wconf 84' lang='grc' dir='ltr'>ἀλήθειαν.</span> <span class='ocrx_word' id='word_1_364' title='bbox 3065 2498 3246 2564; x_wconf 85' lang='grc' dir='ltr'>Ἔγνω</span> <span class='ocrx_word' id='word_1_365' title='bbox 3263 2498 3382 2567; x_wconf 77' lang='grc' dir='ltr'>,γὰρ</span> <span class='ocrx_word' id='word_1_366' title='bbox 3423 2499 3454 2549; x_wconf 89' lang='lat'><strong>6</strong></span> <span class='ocrx_word' id='word_1_367' title='bbox 3499 2498 3761 2567; x_wconf 57' lang='grc' dir='ltr'>προψήτης</span> <span class='ocrx_word' id='word_1_368' title='bbox 3785 2495 3839 2544; x_wconf 73' lang='grc' dir='ltr'>ὅτι</span> 
     </span>
    </p>
   </div>
   <div class='ocr_carea' id='block_1_48' title="bbox 615 2585 2192 2661">
    <p class='ocr_par' dir='ltr' id='par_1_48' title="bbox 615 2586 2192 2661">
     <span class='ocr_line' id='line_1_48' title="bbox 615 2586 2192 2661; baseline 0.006 -23"><span class='ocrx_word' id='word_1_369' title='bbox 615 2594 787 2638; x_wconf 84' lang='lat' dir='ltr'><strong>stram</strong></span> <span class='ocrx_word' id='word_1_370' title='bbox 831 2586 885 2637; x_wconf 87' lang='lat' dir='ltr'><strong>in</strong></span> <span class='ocrx_word' id='word_1_371' title='bbox 915 2587 1169 2641; x_wconf 82' lang='lat' dir='ltr'><strong>omnibus</strong></span> <span class='ocrx_word' id='word_1_372' title='bbox 1206 2588 1482 2658; x_wconf 77' lang='lat' dir='ltr'><strong>dirigeret,</strong></span> <span class='ocrx_word' id='word_1_373' title='bbox 1519 2598 1572 2644; x_wconf 86' lang='lat' dir='ltr'><strong>et</strong></span> <span class='ocrx_word' id='word_1_374' title='bbox 1620 2591 1688 2644; x_wconf 90' lang='lat' dir='ltr'><strong>ab</strong></span> <span class='ocrx_word' id='word_1_375' title='bbox 1717 2606 1904 2646; x_wconf 85' lang='lat' dir='ltr'><strong>errore</strong></span> <span class='ocrx_word' id='word_1_376' title='bbox 1941 2593 2192 2661; x_wconf 46' lang='lat' dir='ltr'><strong>proliibe‘</strong></span> 
     </span>
    </p>
   </div>
   <div class='ocr_carea' id='block_1_49' title="bbox 2263 2585 3840 2661">
    <p class='ocr_par' dir='ltr' id='par_1_49' title="bbox 2300 2585 3840 2660">
     <span class='ocr_line' id='line_1_49' title="bbox 2300 2585 3840 2660; baseline -0.008 -15"><span class='ocrx_word' id='word_1_377' title='bbox 2300 2593 2361 2645; x_wconf 85' lang='grc' dir='ltr'>τὸ</span> <span class='ocrx_word' id='word_1_378' title='bbox 2389 2590 2668 2660; x_wconf 80' lang='grc' dir='ltr'>γινόμενον</span> <span class='ocrx_word' id='word_1_379' title='bbox 2691 2590 2789 2642; x_wconf 80' lang='grc' dir='ltr'><strong>οὐκ</strong></span> <span class='ocrx_word' id='word_1_380' title='bbox 2812 2585 2878 2659; x_wconf 82' lang='grc' dir='ltr'>ἦν</span> <span class='ocrx_word' id='word_1_381' title='bbox 2907 2589 3148 2657; x_wconf 85' lang='grc' dir='ltr'>δοκήσει,</span> <span class='ocrx_word' id='word_1_382' title='bbox 3175 2587 3287 2640; x_wconf 84' lang='grc' dir='ltr'>ἀλλ’</span> <span class='ocrx_word' id='word_1_383' title='bbox 3311 2587 3562 2658; x_wconf 80' lang='grc' dir='ltr'>ἀληθείᾳ,</span> <span class='ocrx_word' id='word_1_384' title='bbox 3586 2590 3640 2639; x_wconf 90' lang='grc' dir='ltr'><strong>ἐν</strong></span> <span class='ocrx_word' id='word_1_385' title='bbox 3660 2586 3726 2654; x_wconf 81' lang='grc' dir='ltr'><strong>τῷ</strong></span> <span class='ocrx_word' id='word_1_386' title='bbox 3745 2586 3840 2636; x_wconf 79' lang='grc' dir='ltr'>ἀπο-</span> 
     </span>
    </p>
   </div>
   <div class='ocr_carea' id='block_1_50' title="bbox 618 2675 2195 2756">
    <p class='ocr_par' dir='ltr' id='par_1_50' title="bbox 618 2676 2195 2754">
     <span class='ocr_line' id='line_1_50' title="bbox 618 2676 2195 2754; baseline 0.006 -27"><span class='ocrx_word' id='word_1_387' title='bbox 618 2683 723 2738; x_wconf 81' lang='lat' dir='ltr'><strong>rct,</strong></span> <span class='ocrx_word' id='word_1_388' title='bbox 760 2676 1044 2731; x_wconf 85' lang='lat' dir='ltr'><strong>veritatem</strong></span> <span class='ocrx_word' id='word_1_389' title='bbox 1073 2677 1189 2747; x_wconf 85' lang='lat' dir='ltr'><strong>ipse</strong></span> <span class='ocrx_word' id='word_1_390' title='bbox 1213 2695 1310 2747; x_wconf 91' lang='lat' dir='ltr'><strong>per</strong></span> <span class='ocrx_word' id='word_1_391' title='bbox 1341 2679 1562 2750; x_wconf 79' lang='lat' dir='ltr'><strong>Moysen</strong></span> <span class='ocrx_word' id='word_1_392' title='bbox 1593 2682 1864 2736; x_wconf 80' lang='lat' dir='ltr'><strong>exhibuit.</strong></span> <span class='ocrx_word' id='word_1_393' title='bbox 1898 2682 2033 2736; x_wconf 90' lang='lat' dir='ltr'><strong>Nam</strong></span> <span class='ocrx_word' id='word_1_394' title='bbox 2057 2686 2195 2754; x_wconf 87' lang='lat' dir='ltr'><strong>quod</strong></span> 
     </span>
    </p>
   </div>
   <div class='ocr_carea' id='block_1_51' title="bbox 2262 2675 3839 2756">
    <p class='ocr_par' dir='ltr' id='par_1_51' title="bbox 2301 2675 3839 2756">
     <span class='ocr_line' id='line_1_51' title="bbox 2301 2675 3839 2756; baseline -0.01 -19"><span class='ocrx_word' id='word_1_395' title='bbox 2301 2684 2525 2756; x_wconf 71' lang='grc' dir='ltr'>δρᾶσαι.</span> <span class='ocrx_word' id='word_1_396' title='bbox 2564 2683 2627 2734; x_wconf 89' lang='grc' dir='ltr'>Εἰ</span> <span class='ocrx_word' id='word_1_397' title='bbox 2675 2681 2784 2751; x_wconf 65' lang='grc' dir='ltr'><strong>γὰρ</strong></span> <span class='ocrx_word' id='word_1_398' title='bbox 2835 2680 3106 2750; x_wconf 63' lang='grc' dir='ltr'>φαντασίᾳ.</span> <span class='ocrx_word' id='word_1_399' title='bbox 3150 2679 3266 2748; x_wconf 67' lang='grc' dir='ltr'>ᾔδει</span> <span class='ocrx_word' id='word_1_400' title='bbox 3321 2678 3381 2731; x_wconf 77' lang='grc' dir='ltr'>τὸ</span> <span class='ocrx_word' id='word_1_401' title='bbox 3429 2679 3729 2749; x_wconf 82' lang='grc' dir='ltr'>γινόμενον,</span> <span class='ocrx_word' id='word_1_402' title='bbox 3773 2675 3839 2725; x_wconf 68' lang='grc' dir='ltr'><strong>οὐκ</strong></span> 
     </span>
    </p>
   </div>
   <div class='ocr_carea' id='block_1_52' title="bbox 617 2764 2194 2846">
    <p class='ocr_par' dir='ltr' id='par_1_52' title="bbox 617 2769 2194 2845">
     <span class='ocr_line' id='line_1_52' title="bbox 617 2769 2194 2845; baseline 0.004 -24"><span class='ocrx_word' id='word_1_403' title='bbox 617 2775 732 2822; x_wconf 90' lang='lat' dir='ltr'><strong>tum</strong></span> <span class='ocrx_word' id='word_1_404' title='bbox 768 2769 951 2833; x_wconf 82' lang='lat' dir='ltr'><strong>fiebat,</strong></span> <span class='ocrx_word' id='word_1_405' title='bbox 980 2786 1087 2824; x_wconf 91' lang='lat' dir='ltr'><strong>non</strong></span> <span class='ocrx_word' id='word_1_406' title='bbox 1140 2772 1261 2824; x_wconf 85' lang='lat' dir='ltr'><strong>ficta</strong></span> <span class='ocrx_word' id='word_1_407' title='bbox 1298 2773 1482 2841; x_wconf 85' lang='lat' dir='ltr'><strong>specie</strong></span> <span class='ocrx_word' id='word_1_408' title='bbox 1524 2773 1617 2827; x_wconf 88' lang='lat' dir='ltr'><strong>sed</strong></span> <span class='ocrx_word' id='word_1_409' title='bbox 1652 2789 1709 2827; x_wconf 87' lang='lat' dir='ltr'><strong>re</strong></span> <span class='ocrx_word' id='word_1_410' title='bbox 1748 2789 1875 2827; x_wconf 88' lang='lat' dir='ltr'><strong>vera</strong></span> <span class='ocrx_word' id='word_1_411' title='bbox 1926 2776 2037 2845; x_wconf 88' lang='lat' dir='ltr'><strong>geri</strong></span> <span class='ocrx_word' id='word_1_412' title='bbox 2071 2791 2194 2844; x_wconf 91' lang='lat' dir='ltr'><strong>pro-</strong></span> 
     </span>
    </p>
   </div>
   <div class='ocr_carea' id='block_1_53' title="bbox 2261 2764 3838 2846">
    <p class='ocr_par' dir='ltr' id='par_1_53' title="bbox 2302 2764 3838 2846">
     <span class='ocr_line' id='line_1_53' title="bbox 2302 2764 3838 2846; baseline -0.008 -18"><span class='ocrx_word' id='word_1_413' title='bbox 2302 2774 2696 2846; x_wconf 82' lang='grc' dir='ltr'>ἀπεδίδρασκεν</span> <span class='ocrx_word' id='word_1_414' title='bbox 2751 2771 2859 2825; x_wconf 86' lang='grc' dir='ltr'><strong>ἀπὸ</strong></span> <span class='ocrx_word' id='word_1_415' title='bbox 2893 2772 3186 2842; x_wconf 73' lang='grc' dir='ltr'>προσώπου</span> <span class='ocrx_word' id='word_1_416' title='bbox 3240 2770 3334 2822; x_wconf 74' lang='grc' dir='ltr'>τοῦ</span> <span class='ocrx_word' id='word_1_417' title='bbox 3367 2771 3568 2840; x_wconf 63' lang='grc' dir='ltr'>ὄφεως,</span> <span class='ocrx_word' id='word_1_418' title='bbox 3608 2768 3748 2821; x_wconf 71' lang='grc' dir='ltr'>Ἀλλά</span> <span class='ocrx_word' id='word_1_419' title='bbox 3789 2764 3838 2833; x_wconf 75' lang='grc' dir='ltr'>μὴ</span> 
     </span>
    </p>
   </div>
   <div class='ocr_carea' id='block_1_54' title="bbox 617 2857 2194 2931">
    <p class='ocr_par' dir='ltr' id='par_1_54' title="bbox 617 2860 2194 2931">
     <span class='ocr_line' id='line_1_54' title="bbox 617 2860 2194 2931; baseline 0.007 -20"><span class='ocrx_word' id='word_1_420' title='bbox 617 2862 782 2930; x_wconf 84' lang='lat' dir='ltr'><strong>pheta</strong></span> <span class='ocrx_word' id='word_1_421' title='bbox 815 2869 926 2914; x_wconf 92' lang='lat' dir='ltr'><strong>tum</strong></span> <span class='ocrx_word' id='word_1_422' title='bbox 953 2860 1212 2931; x_wconf 86' lang='lat' dir='ltr'><strong>fugiendo</strong></span> <span class='ocrx_word' id='word_1_423' title='bbox 1235 2864 1577 2918; x_wconf 78' lang='lat' dir='ltr'><strong>monstravit.</strong></span> <span class='ocrx_word' id='word_1_424' title='bbox 1611 2863 1745 2918; x_wconf 87' lang='lat' dir='ltr'><strong>Nam</strong></span> <span class='ocrx_word' id='word_1_425' title='bbox 1782 2865 1826 2919; x_wconf 93' lang='lat' dir='ltr'><strong>si</strong></span> <span class='ocrx_word' id='word_1_426' title='bbox 1851 2867 2113 2920; x_wconf 75' lang='lat' dir='ltr'><strong>duntaxat</strong></span> <span class='ocrx_word' id='word_1_427' title='bbox 2141 2867 2194 2922; x_wconf 87' lang='lat' dir='ltr'><strong>id</strong></span> 
     </span>
    </p>
   </div>
   <div class='ocr_carea' id='block_1_55' title="bbox 2255 2857 3832 2931">
    <p class='ocr_par' dir='ltr' id='par_1_55' title="bbox 2303 2857 3832 2930">
     <span class='ocr_line' id='line_1_55' title="bbox 2303 2857 3832 2930; baseline -0.006 -11"><span class='ocrx_word' id='word_1_428' title='bbox 2303 2865 2463 2919; x_wconf 83' lang='grc' dir='ltr'>πάλιν</span> <span class='ocrx_word' id='word_1_429' title='bbox 2487 2865 2643 2917; x_wconf 77' lang='grc' dir='ltr'>τοῦτο</span> <span class='ocrx_word' id='word_1_430' title='bbox 2673 2864 2750 2925; x_wconf 85' lang='grc' dir='ltr'><strong>είς</strong></span> <span class='ocrx_word' id='word_1_431' title='bbox 2777 2861 3071 2916; x_wconf 80' lang='grc' dir='ltr'>σκάνδαλον</span> <span class='ocrx_word' id='word_1_432' title='bbox 3097 2863 3384 2930; x_wconf 82' lang='grc' dir='ltr'>γενήσεται</span> <span class='ocrx_word' id='word_1_433' title='bbox 3408 2865 3523 2923; x_wconf 86' lang='grc' dir='ltr'>τοῖς</span> <span class='ocrx_word' id='word_1_434' title='bbox 3549 2857 3832 2928; x_wconf 70' lang='grc' dir='ltr'>φιλονείκως.</span> 
     </span>
    </p>
   </div>
   <div class='ocr_carea' id='block_1_56' title="bbox 617 2947 2194 3025">
    <p class='ocr_par' dir='ltr' id='par_1_56' title="bbox 617 2951 2186 3021">
     <span class='ocr_line' id='line_1_56' title="bbox 617 2951 2186 3021; baseline 0.006 -19"><span class='ocrx_word' id='word_1_435' title='bbox 617 2964 900 3018; x_wconf 81' lang='lat' dir='ltr'><strong>apparere,</strong></span> <span class='ocrx_word' id='word_1_436' title='bbox 943 2951 1102 3020; x_wconf 81' lang='lat'><strong>100</strong></span> <span class='ocrx_word' id='word_1_437' title='bbox 1125 2966 1232 3005; x_wconf 92' lang='lat' dir='ltr'><strong>non</strong></span> <span class='ocrx_word' id='word_1_438' title='bbox 1280 2967 1338 3007; x_wconf 88' lang='lat' dir='ltr'><strong>re</strong></span> <span class='ocrx_word' id='word_1_439' title='bbox 1381 2954 1497 3021; x_wconf 89' lang='lat' dir='ltr'><strong>ipsa</strong></span> <span class='ocrx_word' id='word_1_440' title='bbox 1537 2953 1649 3008; x_wconf 83' lang='lat' dir='ltr'><strong>ﬁeri</strong></span> <span class='ocrx_word' id='word_1_441' title='bbox 1685 2955 2030 3020; x_wconf 88' lang='lat' dir='ltr'><strong>credidisset,</strong></span> <span class='ocrx_word' id='word_1_442' title='bbox 2070 2973 2186 3012; x_wconf 89' lang='lat' dir='ltr'><strong>ser-</strong></span> 
     </span>
    </p>
   </div>
   <div class='ocr_carea' id='block_1_57' title="bbox 2260 2947 3837 3025">
    <p class='ocr_par' dir='ltr' id='par_1_57' title="bbox 2304 2947 3837 3025">
     <span class='ocr_line' id='line_1_57' title="bbox 2304 2947 3837 3025; baseline -0.008 -15"><span class='ocrx_word' id='word_1_443' title='bbox 2304 2959 2396 3010; x_wconf 74' lang='grc' dir='ltr'><strong>καὶ</strong></span> <span class='ocrx_word' id='word_1_444' title='bbox 2442 2956 2670 3009; x_wconf 77' lang='grc' dir='ltr'>εἴπωσιν</span> <span class='ocrx_word' id='word_1_445' title='bbox 2695 2995 2710 3017; x_wconf 94' lang='grc'><strong>,</strong></span> <span class='ocrx_word' id='word_1_446' title='bbox 2741 2957 2824 3009; x_wconf 79' lang='grc' dir='ltr'><strong>ὅτι</strong></span> <span class='ocrx_word' id='word_1_447' title='bbox 2854 2954 2986 3024; x_wconf 79' lang='grc' dir='ltr'>άλλη</span> <span class='ocrx_word' id='word_1_448' title='bbox 3018 2948 3084 3025; x_wconf 71' lang='grc' dir='ltr'>ἦν</span> <span class='ocrx_word' id='word_1_449' title='bbox 3119 2956 3150 3022; x_wconf 78' lang='grc' dir='ltr'>ἡ</span> <span class='ocrx_word' id='word_1_450' title='bbox 3185 2953 3379 3022; x_wconf 75' lang='grc' dir='ltr'>ράὸδος</span> <span class='ocrx_word' id='word_1_451' title='bbox 3403 2994 3419 3018; x_wconf 89' lang='grc'><strong>,</strong></span> <span class='ocrx_word' id='word_1_452' title='bbox 3457 2955 3486 3005; x_wconf 94' lang='lat'><strong>6</strong></span> <span class='ocrx_word' id='word_1_453' title='bbox 3517 2953 3571 3005; x_wconf 80' lang='grc' dir='ltr'>δὲ</span> <span class='ocrx_word' id='word_1_454' title='bbox 3598 2951 3719 3011; x_wconf 69' lang='grc' dir='ltr'>Θεὸς</span> <span class='ocrx_word' id='word_1_455' title='bbox 3745 2947 3837 2999; x_wconf 83' lang='grc' dir='ltr'>ἔδω-</span> 
     </span>
    </p>
   </div>
   <div class='ocr_carea' id='block_1_58' title="bbox 617 3038 2194 3118">
    <p class='ocr_par' dir='ltr' id='par_1_58' title="bbox 617 3039 2194 3116">
     <span class='ocr_line' id='line_1_58' title="bbox 617 3039 2194 3116; baseline 0.009 -26"><span class='ocrx_word' id='word_1_456' title='bbox 617 3045 835 3109; x_wconf 82' lang='lat' dir='ltr'><strong>peutein</strong></span> <span class='ocrx_word' id='word_1_457' title='bbox 866 3039 1018 3094; x_wconf 92' lang='lat' dir='ltr'><strong>illum</strong></span> <span class='ocrx_word' id='word_1_458' title='bbox 1050 3057 1160 3096; x_wconf 92' lang='lat' dir='ltr'><strong>non</strong></span> <span class='ocrx_word' id='word_1_459' title='bbox 1201 3040 1434 3112; x_wconf 80' lang='lat' dir='ltr'><strong>fugeret.</strong></span> <span class='ocrx_word' id='word_1_460' title='bbox 1471 3044 1576 3099; x_wconf 87' lang='lat' dir='ltr'><strong>Sed</strong></span> <span class='ocrx_word' id='word_1_461' title='bbox 1607 3061 1675 3099; x_wconf 78' lang='lat' dir='ltr'><strong>ne</strong></span> <span class='ocrx_word' id='word_1_462' title='bbox 1707 3045 1848 3102; x_wconf 85' lang='lat' dir='ltr'><strong>forte</strong></span> <span class='ocrx_word' id='word_1_463' title='bbox 1876 3049 2194 3116; x_wconf 84' lang='lat' dir='ltr'><strong>pervicaces</strong></span> 
     </span>
    </p>
   </div>
   <div class='ocr_carea' id='block_1_59' title="bbox 2261 3038 3838 3118">
    <p class='ocr_par' dir='ltr' id='par_1_59' title="bbox 2303 3038 3838 3118">
     <span class='ocr_line' id='line_1_59' title="bbox 2303 3038 3838 3118; baseline -0.009 -17"><span class='ocrx_word' id='word_1_464' title='bbox 2303 3067 2398 3102; x_wconf 87' lang='grc' dir='ltr'><strong>κεν</strong></span> <span class='ocrx_word' id='word_1_465' title='bbox 2425 3049 2561 3118; x_wconf 75' lang='grc' dir='ltr'>αὐτῇ</span> <span class='ocrx_word' id='word_1_466' title='bbox 2584 3046 2790 3100; x_wconf 82' lang='grc' dir='ltr'>ἀλλοῖον</span> <span class='ocrx_word' id='word_1_467' title='bbox 2827 3047 2987 3114; x_wconf 79' lang='grc' dir='ltr'>σῶμα</span> <span class='ocrx_word' id='word_1_468' title='bbox 3020 3046 3095 3109; x_wconf 76' lang='grc' dir='ltr'>ὡς</span> <span class='ocrx_word' id='word_1_469' title='bbox 3123 3045 3379 3116; x_wconf 73' lang='grc' dir='ltr'>ὴῢέλησε.</span> <span class='ocrx_word' id='word_1_470' title='bbox 3409 3045 3523 3097; x_wconf 79' lang='grc' dir='ltr'><strong>Καὶ</strong></span> <span class='ocrx_word' id='word_1_471' title='bbox 3557 3042 3750 3114; x_wconf 81' lang='grc' dir='ltr'>πρῶτον</span> <span class='ocrx_word' id='word_1_472' title='bbox 3773 3038 3838 3108; x_wconf 69' lang='grc' dir='ltr'><strong>μὲν</strong></span> 
     </span>
    </p>
   </div>
   <div class='ocr_carea' id='block_1_60' title="bbox 619 3129 2196 3208">
    <p class='ocr_par' dir='ltr' id='par_1_60' title="bbox 619 3129 2196 3205">
     <span class='ocr_line' id='line_1_60' title="bbox 619 3129 2196 3205; baseline 0.01 -25"><span class='ocrx_word' id='word_1_473' title='bbox 619 3129 874 3185; x_wconf 84' lang='lat' dir='ltr'><strong>homines</strong></span> <span class='ocrx_word' id='word_1_474' title='bbox 903 3131 1225 3188; x_wconf 79' lang='lat' dir='ltr'><strong>oﬂ&#39;ensionis</strong></span> <span class='ocrx_word' id='word_1_475' title='bbox 1256 3133 1407 3188; x_wconf 91' lang='lat' dir='ltr'><strong>illinc</strong></span> <span class='ocrx_word' id='word_1_476' title='bbox 1452 3138 1800 3193; x_wconf 76' lang='lat' dir='ltr'><strong>occasionem</strong></span> <span class='ocrx_word' id='word_1_477' title='bbox 1835 3140 2001 3205; x_wconf 79' lang='lat' dir='ltr'><strong>nacti,</strong></span> <span class='ocrx_word' id='word_1_478' title='bbox 2046 3141 2196 3195; x_wconf 83' lang='lat' dir='ltr'><strong>nobis</strong></span> 
     </span>
    </p>
   </div>
   <div class='ocr_carea' id='block_1_61' title="bbox 2262 3129 3839 3208">
    <p class='ocr_par' dir='ltr' id='par_1_61' title="bbox 2262 3133 3839 3208">
     <span class='ocr_line' id='line_1_61' title="bbox 2262 3133 3839 3208; baseline -0.005 -17"><span class='ocrx_word' id='word_1_479' title='bbox 2262 3199 2271 3208; x_wconf 90' lang='lat'><strong><em>_</em></strong></span> <span class='ocrx_word' id='word_1_480' title='bbox 2304 3136 2394 3191; x_wconf 80' lang='grc' dir='ltr'><strong>οὖν</strong></span> <span class='ocrx_word' id='word_1_481' title='bbox 2426 3139 2743 3208; x_wconf 77' lang='grc' dir='ltr'>μαθέτωσαν</span> <span class='ocrx_word' id='word_1_482' title='bbox 2767 3177 2782 3201; x_wconf 95' lang='grc'><strong>,</strong></span> <span class='ocrx_word' id='word_1_483' title='bbox 2813 3138 2893 3190; x_wconf 82' lang='grc' dir='ltr'>ὅτι</span> <span class='ocrx_word' id='word_1_484' title='bbox 2922 3137 3023 3188; x_wconf 74' lang='grc' dir='ltr'><strong>οὐκ</strong></span> <span class='ocrx_word' id='word_1_485' title='bbox 3064 3136 3229 3205; x_wconf 83' lang='grc' dir='ltr'>ἄλλην</span> <span class='ocrx_word' id='word_1_486' title='bbox 3255 3136 3374 3188; x_wconf 77' lang='grc' dir='ltr'>ἀντὶ</span> <span class='ocrx_word' id='word_1_487' title='bbox 3395 3133 3839 3205; x_wconf 58' lang='grc' dir='ltr'>ἄλληςέιίύχωςεν.</span> 
     </span>
    </p>
   </div>
   <div class='ocr_carea' id='block_1_62' title="bbox 617 3199 2194 3301">
    <p class='ocr_par' dir='ltr' id='par_1_62' title="bbox 617 3220 2194 3298">
     <span class='ocr_line' id='line_1_62' title="bbox 617 3220 2194 3298; baseline 0.007 -25"><span class='ocrx_word' id='word_1_488' title='bbox 617 3220 765 3275; x_wconf 90' lang='lat' dir='ltr'><strong>istud</strong></span> <span class='ocrx_word' id='word_1_489' title='bbox 793 3222 1059 3291; x_wconf 70' lang='lat' dir='ltr'><strong>obiiciant</strong></span> <span class='ocrx_word' id='word_1_490' title='bbox 1089 3225 1244 3281; x_wconf 81' lang='lat' dir='ltr'><strong>:Alia</strong></span> <span class='ocrx_word' id='word_1_491' title='bbox 1275 3235 1388 3280; x_wconf 94' lang='lat' dir='ltr'><strong>tum</strong></span> <span class='ocrx_word' id='word_1_492' title='bbox 1417 3228 1566 3298; x_wconf 89' lang='lat' dir='ltr'><strong>virga</strong></span> <span class='ocrx_word' id='word_1_493' title='bbox 1599 3229 1722 3293; x_wconf 87' lang='lat' dir='ltr'><strong>fuit,</strong></span> <span class='ocrx_word' id='word_1_494' title='bbox 1755 3231 1846 3284; x_wconf 91' lang='lat' dir='ltr'><strong>cui</strong></span> <span class='ocrx_word' id='word_1_495' title='bbox 1882 3231 2022 3286; x_wconf 91' lang='lat' dir='ltr'><strong>Deus</strong></span> <span class='ocrx_word' id='word_1_496' title='bbox 2053 3233 2194 3285; x_wconf 86' lang='lat' dir='ltr'><strong>aliud</strong></span> 
     </span>
    </p>
   </div>
   <div class='ocr_carea' id='block_1_63' title="bbox 2262 3199 3839 3301">
    <p class='ocr_par' dir='ltr' id='par_1_63' title="bbox 2262 3199 3839 3301">
     <span class='ocr_line' id='line_1_63' title="bbox 2262 3199 3839 3301; baseline -0.009 -15"><span class='ocrx_word' id='word_1_497' title='bbox 2262 3199 2273 3255; x_wconf 51' lang='grc'><strong><em>⁵</em></strong></span> <span class='ocrx_word' id='word_1_498' title='bbox 2306 3233 2420 3285; x_wconf 84' lang='grc' dir='ltr'>ἀλλ’</span> <span class='ocrx_word' id='word_1_499' title='bbox 2452 3231 2619 3301; x_wconf 75' lang='grc' dir='ltr'>αὐτὴν</span> <span class='ocrx_word' id='word_1_500' title='bbox 2670 3231 2885 3300; x_wconf 65' lang='grc' dir='ltr'>ἐκείνην</span> <span class='ocrx_word' id='word_1_501' title='bbox 2915 3229 3012 3298; x_wconf 76' lang='grc' dir='ltr'><strong>τὴν</strong></span> <span class='ocrx_word' id='word_1_502' title='bbox 3060 3227 3229 3298; x_wconf 77' lang='grc' dir='ltr'>ξηρὰν</span> <span class='ocrx_word' id='word_1_503' title='bbox 3269 3223 3438 3281; x_wconf 80' lang='grc' dir='ltr'>οὖσαν</span> <span class='ocrx_word' id='word_1_504' title='bbox 3469 3227 3750 3297; x_wconf 70' lang='grc' dir='ltr'>ἐψύχωσεν·</span> <span class='ocrx_word' id='word_1_505' title='bbox 3787 3222 3839 3272; x_wconf 78' lang='grc' dir='ltr'>ὅτι</span> 
     </span>
    </p>
   </div>
   <div class='ocr_carea' id='block_1_64' title="bbox 618 3309 2195 3391">
    <p class='ocr_par' dir='ltr' id='par_1_64' title="bbox 618 3311 2195 3384">
     <span class='ocr_line' id='line_1_64' title="bbox 618 3311 2195 3384; baseline 0.009 -23"><span class='ocrx_word' id='word_1_506' title='bbox 618 3311 895 3380; x_wconf 89' lang='lat' dir='ltr'><strong>quoddam</strong></span> <span class='ocrx_word' id='word_1_507' title='bbox 926 3329 1127 3383; x_wconf 88' lang='lat' dir='ltr'><strong>corpus</strong></span> <span class='ocrx_word' id='word_1_508' title='bbox 1160 3331 1256 3384; x_wconf 90' lang='lat' dir='ltr'><strong>pro</strong></span> <span class='ocrx_word' id='word_1_509' title='bbox 1287 3333 1384 3371; x_wconf 89' lang='lat' dir='ltr'><strong>sua</strong></span> <span class='ocrx_word' id='word_1_510' title='bbox 1423 3321 1705 3375; x_wconf 87' lang='lat' dir='ltr'><strong>voluntate</strong></span> <span class='ocrx_word' id='word_1_511' title='bbox 1730 3321 1942 3376; x_wconf 91' lang='lat' dir='ltr'><strong>tribuit.</strong></span> <span class='ocrx_word' id='word_1_512' title='bbox 1980 3322 2195 3376; x_wconf 87' lang='lat' dir='ltr'><strong>Discanl</strong></span> 
     </span>
    </p>
   </div>
   <div class='ocr_carea' id='block_1_65' title="bbox 2264 3309 3841 3391">
    <p class='ocr_par' dir='ltr' id='par_1_65' title="bbox 2305 3309 3841 3391">
     <span class='ocr_line' id='line_1_65' title="bbox 2305 3309 3841 3391; baseline -0.01 -15"><span class='ocrx_word' id='word_1_513' title='bbox 2305 3323 2462 3376; x_wconf 81' lang='grc' dir='ltr'>τοῦτο</span> <span class='ocrx_word' id='word_1_514' title='bbox 2486 3323 2547 3374; x_wconf 73' lang='grc' dir='ltr'>τὸ</span> <span class='ocrx_word' id='word_1_515' title='bbox 2591 3321 2744 3374; x_wconf 82' lang='grc' dir='ltr'>δοθὲν</span> <span class='ocrx_word' id='word_1_516' title='bbox 2792 3323 2857 3391; x_wconf 85' lang='grc' dir='ltr'>τῇ</span> <span class='ocrx_word' id='word_1_517' title='bbox 2892 3319 3071 3389; x_wconf 76' lang='grc' dir='ltr'>ῥάϐδῳ</span> <span class='ocrx_word' id='word_1_518' title='bbox 3106 3319 3292 3389; x_wconf 89' lang='grc' dir='ltr'>σῶμα,</span> <span class='ocrx_word' id='word_1_519' title='bbox 3324 3318 3418 3370; x_wconf 75' lang='grc' dir='ltr'><strong>καὶ</strong></span> <span class='ocrx_word' id='word_1_520' title='bbox 3468 3317 3757 3386; x_wconf 80' lang='grc' dir='ltr'>κινούμενον</span> <span class='ocrx_word' id='word_1_521' title='bbox 3780 3309 3841 3362; x_wconf 75' lang='grc' dir='ltr'><strong>ὑπ’</strong></span> 
     </span>
    </p>
   </div>
   <div class='ocr_carea' id='block_1_66' title="bbox 618 3401 2195 3482">
    <p class='ocr_par' dir='ltr' id='par_1_66' title="bbox 618 3401 2195 3476">
     <span class='ocr_line' id='line_1_66' title="bbox 618 3401 2195 3476; baseline 0.006 -22"><span class='ocrx_word' id='word_1_522' title='bbox 618 3401 674 3455; x_wconf 89' lang='lat' dir='ltr'><strong>in</strong></span> <span class='ocrx_word' id='word_1_523' title='bbox 707 3403 900 3471; x_wconf 84' lang='lat' dir='ltr'><strong>primis</strong></span> <span class='ocrx_word' id='word_1_524' title='bbox 937 3412 1278 3474; x_wconf 87' lang='lat' dir='ltr'><strong>oportctnon</strong></span> <span class='ocrx_word' id='word_1_525' title='bbox 1313 3408 1538 3461; x_wconf 87' lang='lat' dir='ltr'><strong>alteram</strong></span> <span class='ocrx_word' id='word_1_526' title='bbox 1573 3425 1668 3476; x_wconf 93' lang='lat' dir='ltr'><strong>pro</strong></span> <span class='ocrx_word' id='word_1_527' title='bbox 1698 3411 1888 3474; x_wconf 86' lang='lat' dir='ltr'><strong>altera,</strong></span> <span class='ocrx_word' id='word_1_528' title='bbox 1919 3412 2014 3466; x_wconf 90' lang='lat' dir='ltr'><strong>sed</strong></span> <span class='ocrx_word' id='word_1_529' title='bbox 2055 3427 2195 3466; x_wconf 87' lang='lat' dir='ltr'><strong>eain-</strong></span> 
     </span>
    </p>
   </div>
   <div class='ocr_carea' id='block_1_67' title="bbox 2262 3401 3839 3482">
    <p class='ocr_par' dir='ltr' id='par_1_67' title="bbox 2307 3403 3839 3482">
     <span class='ocr_line' id='line_1_67' title="bbox 2307 3403 3839 3482; baseline -0.007 -17"><span class='ocrx_word' id='word_1_530' title='bbox 2307 3413 2470 3466; x_wconf 78' lang='grc' dir='ltr'>αὑτοῦ</span> <span class='ocrx_word' id='word_1_531' title='bbox 2505 3412 2660 3480; x_wconf 81' lang='grc' dir='ltr'>γένος</span> <span class='ocrx_word' id='word_1_532' title='bbox 2684 3451 2698 3475; x_wconf 93' lang='grc'><strong>,</strong></span> <span class='ocrx_word' id='word_1_533' title='bbox 2741 3411 2773 3482; x_wconf 79' lang='grc' dir='ltr'><strong>ἥ</strong></span> <span class='ocrx_word' id='word_1_534' title='bbox 2812 3406 2950 3472; x_wconf 79' lang='grc' dir='ltr'>εἶδος</span> <span class='ocrx_word' id='word_1_535' title='bbox 2973 3451 2988 3474; x_wconf 95' lang='grc'><strong>,</strong></span> <span class='ocrx_word' id='word_1_536' title='bbox 3013 3410 3094 3472; x_wconf 79' lang='grc' dir='ltr'><strong>είς</strong></span> <span class='ocrx_word' id='word_1_537' title='bbox 3126 3409 3305 3478; x_wconf 83' lang='grc' dir='ltr'>κρίσιν</span> <span class='ocrx_word' id='word_1_538' title='bbox 3333 3410 3361 3461; x_wconf 90' lang='lat'><strong>6</strong></span> <span class='ocrx_word' id='word_1_539' title='bbox 3390 3409 3529 3472; x_wconf 81' lang='grc' dir='ltr'>Θεὸς</span> <span class='ocrx_word' id='word_1_540' title='bbox 3555 3409 3649 3460; x_wconf 74' lang='grc' dir='ltr'><strong>οὐκ</strong></span> <span class='ocrx_word' id='word_1_541' title='bbox 3687 3403 3839 3457; x_wconf 73' lang='grc' dir='ltr'>ἐκάλει.</span> 
     </span>
    </p>
   </div>
   <div class='ocr_carea' id='block_1_68' title="bbox 617 3491 2194 3573">
    <p class='ocr_par' dir='ltr' id='par_1_68' title="bbox 617 3491 2194 3572">
     <span class='ocr_line' id='line_1_68' title="bbox 617 3491 2194 3572; baseline 0.008 -28"><span class='ocrx_word' id='word_1_542' title='bbox 617 3491 741 3545; x_wconf 88' lang='lat' dir='ltr'><strong>dein</strong></span> <span class='ocrx_word' id='word_1_543' title='bbox 773 3493 947 3562; x_wconf 88' lang='lat' dir='ltr'><strong>ipsam</strong></span> <span class='ocrx_word' id='word_1_544' title='bbox 977 3509 1099 3562; x_wconf 74' lang='lat' dir='ltr'><strong>qua:</strong></span> <span class='ocrx_word' id='word_1_545' title='bbox 1144 3496 1295 3548; x_wconf 89' lang='lat' dir='ltr'><strong>arida</strong></span> <span class='ocrx_word' id='word_1_546' title='bbox 1327 3506 1468 3561; x_wconf 89' lang='lat' dir='ltr'><strong>erat,</strong></span> <span class='ocrx_word' id='word_1_547' title='bbox 1501 3500 1798 3553; x_wconf 87' lang='lat' dir='ltr'><strong>auiinatam</strong></span> <span class='ocrx_word' id='word_1_548' title='bbox 1833 3501 2005 3556; x_wconf 88' lang='lat' dir='ltr'><strong>fuisse</strong></span> <span class='ocrx_word' id='word_1_549' title='bbox 2033 3521 2045 3555; x_wconf 92' lang='lat'><strong>:</strong></span> <span class='ocrx_word' id='word_1_550' title='bbox 2076 3518 2194 3572; x_wconf 89' lang='lat' dir='ltr'><strong>pro-</strong></span> 
     </span>
    </p>
   </div>
   <div class='ocr_carea' id='block_1_69' title="bbox 2264 3491 3841 3573">
    <p class='ocr_par' dir='ltr' id='par_1_69' title="bbox 2305 3492 3841 3573">
     <span class='ocr_line' id='line_1_69' title="bbox 2305 3492 3841 3573; baseline -0.009 -15"><span class='ocrx_word' id='word_1_551' title='bbox 2305 3507 2426 3559; x_wconf 71' lang='grc' dir='ltr'>οὐδὲ</span> <span class='ocrx_word' id='word_1_552' title='bbox 2471 3505 2590 3557; x_wconf 69' lang='grc' dir='ltr'>ἀντὶ</span> <span class='ocrx_word' id='word_1_553' title='bbox 2627 3505 2730 3570; x_wconf 76' lang='grc' dir='ltr'>τῆς</span> <span class='ocrx_word' id='word_1_554' title='bbox 2770 3501 2966 3573; x_wconf 74' lang='grc' dir='ltr'>ῥάϐδου</span> <span class='ocrx_word' id='word_1_555' title='bbox 3016 3502 3108 3554; x_wconf 80' lang='grc' dir='ltr'><strong>τὸν</strong></span> <span class='ocrx_word' id='word_1_556' title='bbox 3153 3502 3428 3572; x_wconf 84' lang='grc' dir='ltr'>δράκοντα</span> <span class='ocrx_word' id='word_1_557' title='bbox 3472 3499 3693 3569; x_wconf 73' lang='grc' dir='ltr'>ἠθέλησε</span> <span class='ocrx_word' id='word_1_558' title='bbox 3733 3492 3841 3546; x_wconf 69' lang='lat' dir='ltr'><strong>6nd-</strong></span> 
     </span>
    </p>
   </div>
   <div class='ocr_carea' id='block_1_70' title="bbox 621 3581 2198 3662">
    <p class='ocr_par' dir='ltr' id='par_1_70' title="bbox 621 3584 2198 3660">
     <span class='ocr_line' id='line_1_70' title="bbox 621 3584 2198 3660; baseline 0.008 -26"><span class='ocrx_word' id='word_1_559' title='bbox 621 3591 807 3652; x_wconf 88' lang='lat' dir='ltr'><strong>pterea</strong></span> <span class='ocrx_word' id='word_1_560' title='bbox 847 3584 995 3653; x_wconf 87' lang='lat' dir='ltr'><strong>quod</strong></span> <span class='ocrx_word' id='word_1_561' title='bbox 1025 3601 1227 3640; x_wconf 90' lang='lat' dir='ltr'><strong>novum</strong></span> <span class='ocrx_word' id='word_1_562' title='bbox 1260 3587 1394 3641; x_wconf 90' lang='lat' dir='ltr'><strong>illud</strong></span> <span class='ocrx_word' id='word_1_563' title='bbox 1439 3590 1606 3658; x_wconf 80' lang='lat' dir='ltr'><strong>virgae</strong></span> <span class='ocrx_word' id='word_1_564' title='bbox 1634 3605 1835 3660; x_wconf 81' lang='lat' dir='ltr'><strong>corpus</strong></span> <span class='ocrx_word' id='word_1_565' title='bbox 1866 3592 2117 3656; x_wconf 90' lang='lat' dir='ltr'><strong>inditum,</strong></span> <span class='ocrx_word' id='word_1_566' title='bbox 2148 3601 2198 3646; x_wconf 88' lang='lat' dir='ltr'><strong>et</strong></span> 
     </span>
    </p>
   </div>
   <div class='ocr_carea' id='block_1_71' title="bbox 2264 3581 3841 3662">
    <p class='ocr_par' dir='ltr' id='par_1_71' title="bbox 2311 3581 3841 3662">
     <span class='ocr_line' id='line_1_71' title="bbox 2311 3581 3841 3662; baseline -0.009 -15"><span class='ocrx_word' id='word_1_567' title='bbox 2311 3594 2447 3659; x_wconf 79' lang='grc' dir='ltr'>ζειν,</span> <span class='ocrx_word' id='word_1_568' title='bbox 2479 3593 2612 3647; x_wconf 78' lang='grc' dir='ltr'><strong>ἀλλά</strong></span> <span class='ocrx_word' id='word_1_569' title='bbox 2643 3591 3017 3662; x_wconf 81' lang='grc' dir='ltr'>πληροφορίαν</span> <span class='ocrx_word' id='word_1_570' title='bbox 3065 3592 3161 3661; x_wconf 80' lang='grc' dir='ltr'><strong>μὲν</strong></span> <span class='ocrx_word' id='word_1_571' title='bbox 3192 3590 3283 3643; x_wconf 81' lang='grc' dir='ltr'>διὰ</span> <span class='ocrx_word' id='word_1_572' title='bbox 3313 3591 3414 3658; x_wconf 77' lang='grc' dir='ltr'>τῆς</span> <span class='ocrx_word' id='word_1_573' title='bbox 3454 3589 3644 3662; x_wconf 67' lang='grc' dir='ltr'>ῥάῆἒου</span> <span class='ocrx_word' id='word_1_574' title='bbox 3668 3581 3841 3640; x_wconf 73' lang='grc' dir='ltr'>ἀναστά-</span> 
     </span>
    </p>
   </div>
   <div class='ocr_carea' id='block_1_72' title="bbox 620 3673 2197 3756">
    <p class='ocr_par' dir='ltr' id='par_1_72' title="bbox 620 3673 2197 3748">
     <span class='ocr_line' id='line_1_72' title="bbox 620 3673 2197 3748; baseline 0.008 -23"><span class='ocrx_word' id='word_1_575' title='bbox 620 3688 743 3741; x_wconf 72' lang='lat' dir='ltr'><strong>qiize</strong></span> <span class='ocrx_word' id='word_1_576' title='bbox 775 3673 844 3729; x_wconf 89' lang='lat' dir='ltr'><strong>ab</strong></span> <span class='ocrx_word' id='word_1_577' title='bbox 875 3675 1066 3732; x_wconf 86' lang='lat' dir='ltr'><strong>eodem</strong></span> <span class='ocrx_word' id='word_1_578' title='bbox 1113 3679 1422 3748; x_wconf 81' lang='lat' dir='ltr'><strong>agitabatur</strong></span> <span class='ocrx_word' id='word_1_579' title='bbox 1450 3690 1647 3734; x_wconf 86' lang='lat' dir='ltr'><strong>natura</strong></span> <span class='ocrx_word' id='word_1_580' title='bbox 1689 3683 1803 3736; x_wconf 88' lang='lat' dir='ltr'><strong>sive</strong></span> <span class='ocrx_word' id='word_1_581' title='bbox 1834 3683 2031 3747; x_wconf 86' lang='lat' dir='ltr'><strong>forma,</strong></span> <span class='ocrx_word' id='word_1_582' title='bbox 2065 3683 2197 3738; x_wconf 83' lang='lat' dir='ltr'><strong>lianc</strong></span> 
     </span>
    </p>
   </div>
   <div class='ocr_carea' id='block_1_73' title="bbox 2262 3673 3839 3756">
    <p class='ocr_par' dir='ltr' id='par_1_73' title="bbox 2320 3675 3839 3756">
     <span class='ocr_line' id='line_1_73' title="bbox 2320 3675 3839 3756; baseline -0.009 -17"><span class='ocrx_word' id='word_1_583' title='bbox 2320 3704 2456 3749; x_wconf 78' lang='grc' dir='ltr'>σεως</span> <span class='ocrx_word' id='word_1_584' title='bbox 2522 3685 2836 3756; x_wconf 73' lang='grc' dir='ltr'>εἰργάσατο.</span> <span class='ocrx_word' id='word_1_585' title='bbox 2874 3682 2950 3734; x_wconf 80' lang='grc' dir='ltr'>Τὸ</span> <span class='ocrx_word' id='word_1_586' title='bbox 3002 3683 3060 3735; x_wconf 82' lang='grc' dir='ltr'>δὲ</span> <span class='ocrx_word' id='word_1_587' title='bbox 3108 3683 3238 3735; x_wconf 85' lang='grc' dir='ltr'>ἴδιον</span> <span class='ocrx_word' id='word_1_588' title='bbox 3288 3681 3510 3734; x_wconf 76' lang='grc' dir='ltr'>δυνατὸν</span> <span class='ocrx_word' id='word_1_589' title='bbox 3542 3683 3570 3734; x_wconf 91' lang='lat'><strong>6</strong></span> <span class='ocrx_word' id='word_1_590' title='bbox 3619 3677 3732 3738; x_wconf 73' lang='grc' dir='ltr'><strong>Θεὸς</strong></span> <span class='ocrx_word' id='word_1_591' title='bbox 3769 3675 3839 3724; x_wconf 79' lang='grc' dir='ltr'>ἁττ-</span> 
     </span>
    </p>
   </div>
   <div class='ocr_carea' id='block_1_74' title="bbox 620 3762 2197 3845">
    <p class='ocr_par' dir='ltr' id='par_1_74' title="bbox 620 3762 2197 3841">
     <span class='ocr_line' id='line_1_74' title="bbox 620 3762 2197 3841; baseline 0.006 -24"><span class='ocrx_word' id='word_1_592' title='bbox 620 3762 765 3818; x_wconf 86' lang='lat' dir='ltr'><strong>Dcus</strong></span> <span class='ocrx_word' id='word_1_593' title='bbox 811 3765 1169 3834; x_wconf 85' lang='lat' dir='ltr'><strong>adjudicium</strong></span> <span class='ocrx_word' id='word_1_594' title='bbox 1215 3769 1441 3825; x_wconf 85' lang='lat' dir='ltr'><strong>minime</strong></span> <span class='ocrx_word' id='word_1_595' title='bbox 1464 3772 1726 3838; x_wconf 82' lang='lat' dir='ltr'><strong>vocabat;</strong></span> <span class='ocrx_word' id='word_1_596' title='bbox 1767 3788 1946 3841; x_wconf 91' lang='lat' dir='ltr'><strong>neque</strong></span> <span class='ocrx_word' id='word_1_597' title='bbox 1981 3775 2048 3828; x_wconf 87' lang='lat' dir='ltr'><strong>de</strong></span> <span class='ocrx_word' id='word_1_598' title='bbox 2086 3790 2197 3828; x_wconf 89' lang='lat' dir='ltr'><strong>ser-</strong></span> 
     </span>
    </p>
   </div>
   <div class='ocr_carea' id='block_1_75' title="bbox 2260 3762 3837 3845">
    <p class='ocr_par' dir='ltr' id='par_1_75' title="bbox 2313 3767 3837 3845">
     <span class='ocr_line' id='line_1_75' title="bbox 2313 3767 3837 3845; baseline -0.01 -15"><span class='ocrx_word' id='word_1_599' title='bbox 2313 3778 2522 3831; x_wconf 86' lang='grc' dir='ltr'>εδείκνυ</span> <span class='ocrx_word' id='word_1_600' title='bbox 2552 3818 2566 3839; x_wconf 92' lang='grc'><strong>,</strong></span> <span class='ocrx_word' id='word_1_601' title='bbox 2606 3777 2692 3829; x_wconf 82' lang='grc' dir='ltr'>ἵνα</span> <span class='ocrx_word' id='word_1_602' title='bbox 2726 3777 2797 3845; x_wconf 83' lang='grc' dir='ltr'>μή</span> <span class='ocrx_word' id='word_1_603' title='bbox 2828 3793 2910 3838; x_wconf 86' lang='grc' dir='ltr'><strong>τις</strong></span> <span class='ocrx_word' id='word_1_604' title='bbox 2951 3775 3225 3845; x_wconf 77' lang='grc' dir='ltr'>ἀπιστήσῃ</span> <span class='ocrx_word' id='word_1_605' title='bbox 3264 3773 3343 3843; x_wconf 84' lang='grc' dir='ltr'>τῷ</span> <span class='ocrx_word' id='word_1_606' title='bbox 3381 3771 3596 3842; x_wconf 81' lang='grc' dir='ltr'>δυνατῷ</span> <span class='ocrx_word' id='word_1_607' title='bbox 3643 3771 3694 3821; x_wconf 85' lang='grc' dir='ltr'><strong>ἐν</strong></span> <span class='ocrx_word' id='word_1_608' title='bbox 3728 3767 3837 3817; x_wconf 71' lang='grc' dir='ltr'>πᾶσι.</span> 
     </span>
    </p>
   </div>
   <div class='ocr_carea' id='block_1_76' title="bbox 620 3852 2197 3936">
    <p class='ocr_par' dir='ltr' id='par_1_76' title="bbox 620 3859 2197 3929">
     <span class='ocr_line' id='line_1_76' title="bbox 620 3859 2197 3929; baseline 0.006 -21"><span class='ocrx_word' id='word_1_609' title='bbox 620 3864 786 3924; x_wconf 84' lang='lat' dir='ltr'><strong>perite</strong></span> <span class='ocrx_word' id='word_1_610' title='bbox 817 3871 916 3925; x_wconf 91' lang='lat' dir='ltr'><strong>pro</strong></span> <span class='ocrx_word' id='word_1_611' title='bbox 945 3859 1098 3929; x_wconf 83' lang='lat' dir='ltr'><strong>virga</strong></span> <span class='ocrx_word' id='word_1_612' title='bbox 1139 3859 1393 3927; x_wconf 85' lang='lat' dir='ltr'><strong>judicare</strong></span> <span class='ocrx_word' id='word_1_613' title='bbox 1428 3863 1676 3928; x_wconf 79' lang='lat' dir='ltr'><strong>volebat;</strong></span> <span class='ocrx_word' id='word_1_614' title='bbox 1709 3863 1802 3917; x_wconf 89' lang='lat' dir='ltr'><strong>sed</strong></span> <span class='ocrx_word' id='word_1_615' title='bbox 1846 3863 2197 3918; x_wconf 90' lang='lat' dir='ltr'><strong>resurrectio-</strong></span> 
     </span>
    </p>
   </div>
   <div class='ocr_carea' id='block_1_77' title="bbox 2261 3852 3838 3936">
    <p class='ocr_par' dir='ltr' id='par_1_77' title="bbox 2313 3852 3838 3936">
     <span class='ocr_line' id='line_1_77' title="bbox 2313 3852 3838 3936; baseline -0.01 -14"><span class='ocrx_word' id='word_1_616' title='bbox 2313 3869 2423 3922; x_wconf 73' lang='grc' dir='ltr'><strong>Καὶ</strong></span> <span class='ocrx_word' id='word_1_617' title='bbox 2474 3867 2606 3921; x_wconf 68' lang='grc' dir='ltr'>αὐτὸ</span> <span class='ocrx_word' id='word_1_618' title='bbox 2634 3867 2692 3921; x_wconf 83' lang='grc' dir='ltr'>δὲ</span> <span class='ocrx_word' id='word_1_619' title='bbox 2726 3866 2864 3936; x_wconf 86' lang='grc' dir='ltr'><strong>μετά</strong></span> <span class='ocrx_word' id='word_1_620' title='bbox 2913 3865 3096 3935; x_wconf 76' lang='grc' dir='ltr'>πάσης</span> <span class='ocrx_word' id='word_1_621' title='bbox 3128 3863 3429 3933; x_wconf 80' lang='grc' dir='ltr'>ἀσφαλείας</span> <span class='ocrx_word' id='word_1_622' title='bbox 3478 3852 3838 3930; x_wconf 73' lang='grc' dir='ltr'>ἐποιήσατο-οὖ</span> 
     </span>
    </p>
   </div>
   <div class='ocr_carea' id='block_1_78' title="bbox 621 3944 2198 4028">
    <p class='ocr_par' dir='ltr' id='par_1_78' title="bbox 621 3944 2198 4019">
     <span class='ocr_line' id='line_1_78' title="bbox 621 3944 2198 4019; baseline 0.005 -21"><span class='ocrx_word' id='word_1_623' title='bbox 621 3944 711 3998; x_wconf 89' lang='lat' dir='ltr'><strong>nis</strong></span> <span class='ocrx_word' id='word_1_624' title='bbox 743 3945 798 3999; x_wconf 91' lang='lat' dir='ltr'><strong>in</strong></span> <span class='ocrx_word' id='word_1_625' title='bbox 834 3945 926 4000; x_wconf 87' lang='lat' dir='ltr'><strong>illa</strong></span> <span class='ocrx_word' id='word_1_626' title='bbox 967 3948 1118 4019; x_wconf 83' lang='lat' dir='ltr'><strong>virga</strong></span> <span class='ocrx_word' id='word_1_627' title='bbox 1163 3949 1527 4006; x_wconf 82' lang='lat' dir='ltr'><strong>certissimam</strong></span> <span class='ocrx_word' id='word_1_628' title='bbox 1575 3950 1754 4006; x_wconf 83' lang='lat' dir='ltr'><strong>facere</strong></span> <span class='ocrx_word' id='word_1_629' title='bbox 1803 3953 1963 4007; x_wconf 84' lang='lat' dir='ltr'><strong>ﬁdem</strong></span> <span class='ocrx_word' id='word_1_630' title='bbox 2010 3953 2198 4008; x_wconf 88' lang='lat' dir='ltr'><strong>consti-</strong></span> 
     </span>
    </p>
   </div>
   <div class='ocr_carea' id='block_1_79' title="bbox 2262 3944 3839 4028">
    <p class='ocr_par' dir='ltr' id='par_1_79' title="bbox 2313 3945 3839 4028">
     <span class='ocr_line' id='line_1_79' title="bbox 2313 3945 3839 4028; baseline -0.006 -19"><span class='ocrx_word' id='word_1_631' title='bbox 2313 3956 2422 4028; x_wconf 85' lang='grc' dir='ltr'>γὰρ</span> <span class='ocrx_word' id='word_1_632' title='bbox 2455 3957 2619 4027; x_wconf 81' lang='grc' dir='ltr'>μέρος</span> <span class='ocrx_word' id='word_1_633' title='bbox 2673 3973 2725 4008; x_wconf 89' lang='grc' dir='ltr'><strong>τι</strong></span> <span class='ocrx_word' id='word_1_634' title='bbox 2777 3957 2878 4026; x_wconf 80' lang='grc' dir='ltr'><strong>τῆς</strong></span> <span class='ocrx_word' id='word_1_635' title='bbox 2927 3954 3121 4026; x_wconf 75' lang='grc' dir='ltr'>ῥάϐδου</span> <span class='ocrx_word' id='word_1_636' title='bbox 3171 3955 3391 4025; x_wconf 72' lang='grc' dir='ltr'>ἤγειρεν</span> <span class='ocrx_word' id='word_1_637' title='bbox 3417 3994 3432 4019; x_wconf 86' lang='grc'><strong>,</strong></span> <span class='ocrx_word' id='word_1_638' title='bbox 3466 3953 3579 4008; x_wconf 81' lang='grc' dir='ltr'>ἀλλ’</span> <span class='ocrx_word' id='word_1_639' title='bbox 3624 3952 3735 4019; x_wconf 80' lang='grc' dir='ltr'>ὅλην</span> <span class='ocrx_word' id='word_1_640' title='bbox 3772 3945 3839 4011; x_wconf 71' lang='grc' dir='ltr'>τὴν</span> 
     </span>
    </p>
   </div>
   <div class='ocr_carea' id='block_1_80' title="bbox 623 4041 2200 4118">
    <p class='ocr_par' dir='ltr' id='par_1_80' title="bbox 623 4041 2200 4115">
     <span class='ocr_line' id='line_1_80' title="bbox 623 4041 2200 4115; baseline 0.008 -29"><span class='ocrx_word' id='word_1_641' title='bbox 623 4043 827 4099; x_wconf 69' lang='grc' dir='ltr'>ιιιιιτιιι,</span> <span class='ocrx_word' id='word_1_642' title='bbox 861 4052 924 4091; x_wconf 90' lang='lat' dir='ltr'><strong>ac</strong></span> <span class='ocrx_word' id='word_1_643' title='bbox 956 4055 1110 4094; x_wconf 88' lang='lat' dir='ltr'><strong>suam</strong></span> <span class='ocrx_word' id='word_1_644' title='bbox 1141 4041 1359 4096; x_wconf 88' lang='lat' dir='ltr'><strong>interim</strong></span> <span class='ocrx_word' id='word_1_645' title='bbox 1389 4044 1770 4098; x_wconf 88' lang='lat' dir='ltr'><strong>demonstrare</strong></span> <span class='ocrx_word' id='word_1_646' title='bbox 1799 4045 2117 4115; x_wconf 86' lang='lat' dir='ltr'><strong>potentiam,</strong></span> <span class='ocrx_word' id='word_1_647' title='bbox 2149 4056 2200 4098; x_wconf 86' lang='lat' dir='ltr'><strong>ul</strong></span> 
     </span>
    </p>
   </div>
   <div class='ocr_carea' id='block_1_81' title="bbox 1656 4041 3233 4118">
    <p class='ocr_par' dir='ltr' id='par_1_81' title="bbox 1656 4043 3233 4118">
     <span class='ocr_line' id='line_1_81' title="bbox 1656 4043 3233 4118; baseline 0.001 -22"><span class='ocrx_word' id='word_1_648' title='bbox 1656 4060 1770 4098; x_wconf 82' lang='lat' dir='ltr'><strong>rare</strong></span> <span class='ocrx_word' id='word_1_649' title='bbox 1799 4045 2117 4115; x_wconf 83' lang='lat' dir='ltr'><strong>potentiam,</strong></span> <span class='ocrx_word' id='word_1_650' title='bbox 2149 4056 2210 4098; x_wconf 86' lang='lat' dir='ltr'><strong>iit</strong></span> <span class='ocrx_word' id='word_1_651' title='bbox 2322 4048 2513 4118; x_wconf 75' lang='grc' dir='ltr'>ῥάϐδον</span> <span class='ocrx_word' id='word_1_652' title='bbox 2551 4046 2846 4117; x_wconf 77' lang='grc' dir='ltr'>μετέϐαλεν</span> <span class='ocrx_word' id='word_1_653' title='bbox 2878 4046 2953 4108; x_wconf 81' lang='grc' dir='ltr'>ὡς</span> <span class='ocrx_word' id='word_1_654' title='bbox 2983 4043 3233 4114; x_wconf 71' lang='grc' dir='ltr'>ἠθέλησε.</span> 
     </span>
    </p>
   </div>
   <div class='ocr_carea' id='block_1_82' title="bbox 623 4123 3839 4208">
    <p class='ocr_par' dir='ltr' id='par_1_82' title="bbox 623 4123 3839 4208">
     <span class='ocr_line' id='line_1_82' title="bbox 623 4123 3839 4208; baseline -0.002 -29"><span class='ocrx_word' id='word_1_655' title='bbox 623 4141 692 4179; x_wconf 88' lang='lat' dir='ltr'><strong>ne</strong></span> <span class='ocrx_word' id='word_1_656' title='bbox 724 4127 848 4196; x_wconf 89' lang='lat' dir='ltr'><strong>quis</strong></span> <span class='ocrx_word' id='word_1_657' title='bbox 877 4129 926 4182; x_wconf 91' lang='lat' dir='ltr'><strong>ei</strong></span> <span class='ocrx_word' id='word_1_658' title='bbox 967 4131 1058 4199; x_wconf 91' lang='lat' dir='ltr'><strong>qui</strong></span> <span class='ocrx_word' id='word_1_659' title='bbox 1109 4132 1163 4186; x_wconf 91' lang='lat' dir='ltr'><strong>in</strong></span> <span class='ocrx_word' id='word_1_660' title='bbox 1209 4134 1466 4188; x_wconf 91' lang='lat' dir='ltr'><strong>omnibus</strong></span> <span class='ocrx_word' id='word_1_661' title='bbox 1500 4144 1804 4204; x_wconf 76' lang='lat' dir='ltr'><strong>praepotens</strong></span> <span class='ocrx_word' id='word_1_662' title='bbox 1846 4145 1952 4199; x_wconf 84' lang='lat' dir='ltr'><strong>est,</strong></span> <span class='ocrx_word' id='word_1_663' title='bbox 1989 4137 2274 4191; x_wconf 77' lang='lat' dir='ltr'><strong>ditiiieret.</strong></span> <span class='ocrx_word' id='word_1_664' title='bbox 2320 4141 2496 4208; x_wconf 85' lang='lat' dir='ltr'><strong>Atque</strong></span> <span class='ocrx_word' id='word_1_665' title='bbox 2524 4139 2629 4192; x_wconf 87' lang='lat' dir='ltr'><strong>hoc</strong></span> <span class='ocrx_word' id='word_1_666' title='bbox 2695 4139 2873 4205; x_wconf 87' lang='lat' dir='ltr'><strong>ipsum</strong></span> <span class='ocrx_word' id='word_1_667' title='bbox 2943 4152 3067 4189; x_wconf 85' lang='lat' dir='ltr'><strong>cuin</strong></span> <span class='ocrx_word' id='word_1_668' title='bbox 3131 4137 3279 4188; x_wconf 92' lang='lat' dir='ltr'><strong>omni</strong></span> <span class='ocrx_word' id='word_1_669' title='bbox 3313 4137 3573 4190; x_wconf 82' lang='lat' dir='ltr'><strong>cautione</strong></span> <span class='ocrx_word' id='word_1_670' title='bbox 3623 4123 3839 4202; x_wconf 73' lang='lat' dir='ltr'><strong>perfecit:</strong></span> 
     </span>
    </p>
   </div>
   <div class='ocr_carea' id='block_1_83' title="bbox 623 4219 3489 4298">
    <p class='ocr_par' dir='ltr' id='par_1_83' title="bbox 623 4219 3489 4298">
     <span class='ocr_line' id='line_1_83' title="bbox 623 4219 3489 4298; baseline 0.003 -26"><span class='ocrx_word' id='word_1_671' title='bbox 623 4233 732 4272; x_wconf 90' lang='lat' dir='ltr'><strong>non</strong></span> <span class='ocrx_word' id='word_1_672' title='bbox 790 4219 934 4272; x_wconf 90' lang='lat' dir='ltr'><strong>enim</strong></span> <span class='ocrx_word' id='word_1_673' title='bbox 989 4230 1196 4291; x_wconf 86' lang='lat' dir='ltr'><strong>partem</strong></span> <span class='ocrx_word' id='word_1_674' title='bbox 1243 4224 1410 4295; x_wconf 71' lang='lat' dir='ltr'><strong>virgae</strong></span> <span class='ocrx_word' id='word_1_675' title='bbox 1458 4225 1726 4280; x_wconf 79' lang='lat' dir='ltr'><strong>duntaxat</strong></span> <span class='ocrx_word' id='word_1_676' title='bbox 1777 4228 2069 4290; x_wconf 79' lang='lat' dir='ltr'><strong>excitavit;</strong></span> <span class='ocrx_word' id='word_1_677' title='bbox 2108 4228 2202 4282; x_wconf 70' lang='lat' dir='ltr'><strong>scd</strong></span> <span class='ocrx_word' id='word_1_678' title='bbox 2244 4229 2510 4298; x_wconf 83' lang='lat' dir='ltr'><strong>integram</strong></span> <span class='ocrx_word' id='word_1_679' title='bbox 2548 4227 2723 4296; x_wconf 88' lang='lat' dir='ltr'><strong>ipsam</strong></span> <span class='ocrx_word' id='word_1_680' title='bbox 2749 4227 3035 4280; x_wconf 86' lang='lat' dir='ltr'><strong>voluntate</strong></span> <span class='ocrx_word' id='word_1_681' title='bbox 3059 4239 3155 4277; x_wconf 91' lang='lat' dir='ltr'><strong>sua</strong></span> <span class='ocrx_word' id='word_1_682' title='bbox 3194 4225 3489 4280; x_wconf 82' lang='lat' dir='ltr'><strong>convertit.</strong></span> 
     </span>
    </p>
   </div>
   <div class='ocr_carea' id='block_1_84' title="bbox 695 4301 2272 4382">
    <p class='ocr_par' dir='ltr' id='par_1_84' title="bbox 695 4307 2210 4378">
     <span class='ocr_line' id='line_1_84' title="bbox 695 4307 2210 4378; baseline 0.004 -16"><span class='ocrx_word' id='word_1_683' title='bbox 695 4307 904 4364; x_wconf 71' lang='lat' dir='ltr'><strong>XCVI].</strong></span> <span class='ocrx_word' id='word_1_684' title='bbox 946 4310 1099 4377; x_wconf 86' lang='lat' dir='ltr'><strong>Quod</strong></span> <span class='ocrx_word' id='word_1_685' title='bbox 1130 4321 1310 4368; x_wconf 90' lang='lat' dir='ltr'><strong>autem</strong></span> <span class='ocrx_word' id='word_1_686' title='bbox 1343 4315 1418 4367; x_wconf 86' lang='lat' dir='ltr'><strong>ita</strong></span> <span class='ocrx_word' id='word_1_687' title='bbox 1451 4331 1572 4372; x_wconf 86' lang='lat' dir='ltr'><strong>sese</strong></span> <span class='ocrx_word' id='word_1_688' title='bbox 1611 4331 1699 4372; x_wconf 89' lang='lat' dir='ltr'><strong>res</strong></span> <span class='ocrx_word' id='word_1_689' title='bbox 1731 4316 1950 4378; x_wconf 87' lang='lat' dir='ltr'><strong>habeat,</strong></span> <span class='ocrx_word' id='word_1_690' title='bbox 1977 4331 2042 4370; x_wconf 91' lang='lat' dir='ltr'><strong>ac</strong></span> <span class='ocrx_word' id='word_1_691' title='bbox 2067 4331 2210 4370; x_wconf 48' lang='lat' dir='ltr'><strong>seni.</strong></span> 
     </span>
    </p>
   </div>
   <div class='ocr_carea' id='block_1_85' title="bbox 2263 4301 3840 4382">
    <p class='ocr_par' dir='ltr' id='par_1_85' title="bbox 2390 4301 3840 4382">
     <span class='ocr_line' id='line_1_85' title="bbox 2390 4301 3840 4382; baseline -0.01 -15"><span class='ocrx_word' id='word_1_692' title='bbox 2390 4317 2501 4382; x_wconf 58' lang='grc' dir='ltr'><strong>ιιΖο.</strong></span> <span class='ocrx_word' id='word_1_693' title='bbox 2541 4315 2650 4368; x_wconf 73' lang='grc' dir='ltr'>Καὶ</span> <span class='ocrx_word' id='word_1_694' title='bbox 2676 4314 2758 4366; x_wconf 84' lang='grc' dir='ltr'>ὅτι</span> <span class='ocrx_word' id='word_1_695' title='bbox 2796 4313 2892 4382; x_wconf 85' lang='grc' dir='ltr'>μὲν</span> <span class='ocrx_word' id='word_1_696' title='bbox 2923 4310 3096 4364; x_wconf 81' lang='grc' dir='ltr'>ταῦτα</span> <span class='ocrx_word' id='word_1_697' title='bbox 3129 4309 3301 4374; x_wconf 76' lang='grc' dir='ltr'>οὕτως</span> <span class='ocrx_word' id='word_1_698' title='bbox 3335 4310 3448 4380; x_wconf 75' lang='grc' dir='ltr'>ἔχει</span> <span class='ocrx_word' id='word_1_699' title='bbox 3471 4351 3486 4375; x_wconf 89' lang='grc'><strong>,</strong></span> <span class='ocrx_word' id='word_1_700' title='bbox 3515 4311 3608 4364; x_wconf 70' lang='grc' dir='ltr'><strong>καὶ</strong></span> <span class='ocrx_word' id='word_1_701' title='bbox 3633 4307 3678 4359; x_wconf 74' lang='grc' dir='ltr'>οἱ</span> <span class='ocrx_word' id='word_1_702' title='bbox 3704 4301 3840 4369; x_wconf 78' lang='grc' dir='ltr'>νεκροὶ</span> 
     </span>
    </p>
   </div>
   <div class='ocr_carea' id='block_1_86' title="bbox 623 4399 2200 4476">
    <p class='ocr_par' dir='ltr' id='par_1_86' title="bbox 623 4401 2200 4476">
     <span class='ocr_line' id='line_1_86' title="bbox 623 4401 2200 4476; baseline 0.006 -26"><span class='ocrx_word' id='word_1_703' title='bbox 623 4401 850 4468; x_wconf 71' lang='lat' dir='ltr'><strong>piternae</strong></span> <span class='ocrx_word' id='word_1_704' title='bbox 876 4401 1001 4455; x_wconf 75' lang='lat' dir='ltr'><strong>vita:</strong></span> <span class='ocrx_word' id='word_1_705' title='bbox 1045 4418 1172 4471; x_wconf 87' lang='lat' dir='ltr'><strong>spes</strong></span> <span class='ocrx_word' id='word_1_706' title='bbox 1211 4405 1448 4459; x_wconf 88' lang='lat' dir='ltr'><strong>mortuis</strong></span> <span class='ocrx_word' id='word_1_707' title='bbox 1473 4417 1693 4460; x_wconf 88' lang='lat' dir='ltr'><strong>ostensa</strong></span> <span class='ocrx_word' id='word_1_708' title='bbox 1724 4407 1813 4470; x_wconf 88' lang='lat' dir='ltr'><strong>sit,</strong></span> <span class='ocrx_word' id='word_1_709' title='bbox 1849 4407 2110 4476; x_wconf 88' lang='lat' dir='ltr'><strong>quodque</strong></span> <span class='ocrx_word' id='word_1_710' title='bbox 2142 4405 2200 4460; x_wconf 86' lang='lat' dir='ltr'><strong>ad</strong></span> 
     </span>
    </p>
   </div>
   <div class='ocr_carea' id='block_1_87' title="bbox 2260 4399 3837 4476">
    <p class='ocr_par' dir='ltr' id='par_1_87' title="bbox 2319 4399 3837 4476">
     <span class='ocr_line' id='line_1_87' title="bbox 2319 4399 3837 4476; baseline -0.007 -18"><span class='ocrx_word' id='word_1_711' title='bbox 2319 4406 2508 4459; x_wconf 85' lang='grc' dir='ltr'>ἐλπίδα</span> <span class='ocrx_word' id='word_1_712' title='bbox 2562 4406 2742 4476; x_wconf 77' lang='grc' dir='ltr'>ἔχουσι</span> <span class='ocrx_word' id='word_1_713' title='bbox 2778 4403 2923 4472; x_wconf 78' lang='grc' dir='ltr'>ζωῆς</span> <span class='ocrx_word' id='word_1_714' title='bbox 2973 4401 3193 4455; x_wconf 77' lang='grc' dir='ltr'>αἰωνίου</span> <span class='ocrx_word' id='word_1_715' title='bbox 3223 4443 3237 4468; x_wconf 93' lang='grc'><strong>,</strong></span> <span class='ocrx_word' id='word_1_716' title='bbox 3285 4401 3378 4454; x_wconf 84' lang='grc' dir='ltr'><strong>καὶ</strong></span> <span class='ocrx_word' id='word_1_717' title='bbox 3409 4403 3462 4454; x_wconf 77' lang='grc' dir='ltr'>οἱ</span> <span class='ocrx_word' id='word_1_718' title='bbox 3510 4403 3568 4456; x_wconf 93' lang='grc' dir='ltr'><strong>ἐν</strong></span> <span class='ocrx_word' id='word_1_719' title='bbox 3619 4399 3837 4469; x_wconf 64' lang='grc' dir='ltr'>μνήμασιν</span> 
     </span>
    </p>
   </div>
   <div class='ocr_carea' id='block_1_88' title="bbox 627 4479 2204 4568">
    <p class='ocr_par' dir='ltr' id='par_1_88' title="bbox 627 4488 2204 4568">
     <span class='ocr_line' id='line_1_88' title="bbox 627 4488 2204 4568; baseline 0.007 -29"><span class='ocrx_word' id='word_1_720' title='bbox 627 4488 795 4539; x_wconf 89' lang='lat' dir='ltr'><strong>vitam</strong></span> <span class='ocrx_word' id='word_1_721' title='bbox 832 4491 1106 4545; x_wconf 77' lang='lat' dir='ltr'><strong>excitandi</strong></span> <span class='ocrx_word' id='word_1_722' title='bbox 1157 4493 1231 4546; x_wconf 91' lang='lat' dir='ltr'><strong>illi</strong></span> <span class='ocrx_word' id='word_1_723' title='bbox 1280 4495 1390 4548; x_wconf 90' lang='lat' dir='ltr'><strong>sint</strong></span> <span class='ocrx_word' id='word_1_724' title='bbox 1443 4497 1536 4564; x_wconf 93' lang='lat' dir='ltr'><strong>qui</strong></span> <span class='ocrx_word' id='word_1_725' title='bbox 1589 4497 1642 4550; x_wconf 91' lang='lat' dir='ltr'><strong>in</strong></span> <span class='ocrx_word' id='word_1_726' title='bbox 1695 4499 1963 4567; x_wconf 82' lang='lat' dir='ltr'><strong>sepulcris</strong></span> <span class='ocrx_word' id='word_1_727' title='bbox 2000 4498 2204 4568; x_wconf 88' lang='lat' dir='ltr'><strong>jacent,</strong></span> 
     </span>
    </p>
   </div>
   <div class='ocr_carea' id='block_1_89' title="bbox 2261 4479 3838 4568">
    <p class='ocr_par' dir='ltr' id='par_1_89' title="bbox 2261 4481 3838 4567">
     <span class='ocr_line' id='line_1_89' title="bbox 2261 4481 3838 4567; baseline -0.01 -15"><span class='ocrx_word' id='word_1_728' title='bbox 2261 4485 2284 4531; x_wconf 65' lang='grc'>³</span> <span class='ocrx_word' id='word_1_729' title='bbox 2315 4499 2708 4567; x_wconf 82' lang='grc' dir='ltr'>ἀναστήσονται</span> <span class='ocrx_word' id='word_1_730' title='bbox 2732 4537 2746 4560; x_wconf 88' lang='grc'><strong>,</strong></span> <span class='ocrx_word' id='word_1_731' title='bbox 2781 4495 2936 4549; x_wconf 84' lang='grc' dir='ltr'>κάλει</span> <span class='ocrx_word' id='word_1_732' title='bbox 2973 4510 3062 4564; x_wconf 88' lang='grc' dir='ltr'><strong>μοι</strong></span> <span class='ocrx_word' id='word_1_733' title='bbox 3105 4493 3268 4546; x_wconf 83' lang='grc' dir='ltr'>πάλιν</span> <span class='ocrx_word' id='word_1_734' title='bbox 3310 4493 3566 4564; x_wconf 84' lang='grc' dir='ltr'>μάρτυρα</span> <span class='ocrx_word' id='word_1_735' title='bbox 3606 4491 3689 4543; x_wconf 82' lang='grc' dir='ltr'><strong>τδν</strong></span> <span class='ocrx_word' id='word_1_736' title='bbox 3732 4481 3838 4546; x_wconf 77' lang='grc' dir='ltr'>ἀξιό-</span> 
     </span>
    </p>
   </div>
   <div class='ocr_carea' id='block_1_90' title="bbox 632 4573 2209 4657">
    <p class='ocr_par' dir='ltr' id='par_1_90' title="bbox 632 4573 2201 4657">
     <span class='ocr_line' id='line_1_90' title="bbox 632 4573 2201 4657; baseline 0.011 -31"><span class='ocrx_word' id='word_1_737' title='bbox 632 4573 853 4644; x_wconf 85' lang='lat' dir='ltr'><strong>Moysen</strong></span> <span class='ocrx_word' id='word_1_738' title='bbox 889 4591 1082 4634; x_wconf 90' lang='lat' dir='ltr'><strong>rursus</strong></span> <span class='ocrx_word' id='word_1_739' title='bbox 1121 4588 1377 4651; x_wconf 87' lang='lat' dir='ltr'><strong>tanquam</strong></span> <span class='ocrx_word' id='word_1_740' title='bbox 1405 4584 1667 4653; x_wconf 84' lang='lat' dir='ltr'><strong>majorem</strong></span> <span class='ocrx_word' id='word_1_741' title='bbox 1702 4588 1847 4641; x_wconf 88' lang='lat' dir='ltr'><strong>omni</strong></span> <span class='ocrx_word' id='word_1_742' title='bbox 1877 4589 2201 4657; x_wconf 79' lang='lat' dir='ltr'><strong>exceptione</strong></span> 
     </span>
    </p>
   </div>
   <div class='ocr_carea' id='block_1_91' title="bbox 2256 4573 3833 4657">
    <p class='ocr_par' dir='ltr' id='par_1_91' title="bbox 2315 4577 3833 4657">
     <span class='ocr_line' id='line_1_91' title="bbox 2315 4577 3833 4657; baseline -0.007 -15"><span class='ocrx_word' id='word_1_743' title='bbox 2315 4607 2504 4642; x_wconf 88' lang='grc' dir='ltr'>πιστον</span> <span class='ocrx_word' id='word_1_744' title='bbox 2531 4587 2787 4642; x_wconf 80' lang='grc' dir='ltr'>Μωῦσέα.</span> <span class='ocrx_word' id='word_1_745' title='bbox 2822 4586 3326 4655; x_wconf 85' lang='grc' dir='ltr'>Πλημμελήσαντος</span> <span class='ocrx_word' id='word_1_746' title='bbox 3358 4585 3470 4657; x_wconf 78' lang='grc' dir='ltr'>γὰρ</span> <span class='ocrx_word' id='word_1_747' title='bbox 3490 4584 3581 4637; x_wconf 80' lang='grc' dir='ltr'>τοῦ</span> <span class='ocrx_word' id='word_1_748' title='bbox 3621 4577 3833 4641; x_wconf 68' lang='grc' dir='ltr'>Ῥουδεὶμ.</span> 
     </span>
    </p>
   </div>
   <div class='ocr_carea' id='block_1_92' title="bbox 631 4667 2208 4750">
    <p class='ocr_par' dir='ltr' id='par_1_92' title="bbox 631 4667 2207 4742">
     <span class='ocr_line' id='line_1_92' title="bbox 631 4667 2207 4742; baseline 0.01 -25"><span class='ocrx_word' id='word_1_749' title='bbox 631 4671 824 4719; x_wconf 89' lang='lat' dir='ltr'><strong>testem</strong></span> <span class='ocrx_word' id='word_1_750' title='bbox 877 4667 1082 4723; x_wconf 90' lang='lat' dir='ltr'><strong>advoca</strong></span> <span class='ocrx_word' id='word_1_751' title='bbox 1113 4688 1127 4724; x_wconf 89' lang='lat'><strong>:</strong></span> <span class='ocrx_word' id='word_1_752' title='bbox 1157 4673 1299 4741; x_wconf 89' lang='lat' dir='ltr'><strong>apud</strong></span> <span class='ocrx_word' id='word_1_753' title='bbox 1351 4688 1514 4742; x_wconf 87' lang='lat' dir='ltr'><strong>quem</strong></span> <span class='ocrx_word' id='word_1_754' title='bbox 1565 4691 1687 4729; x_wconf 89' lang='lat' dir='ltr'><strong>cum</strong></span> <span class='ocrx_word' id='word_1_755' title='bbox 1756 4676 1948 4732; x_wconf 77' lang='lat' dir='ltr'><strong>Ruben</strong></span> <span class='ocrx_word' id='word_1_756' title='bbox 1995 4677 2207 4733; x_wconf 88' lang='lat' dir='ltr'><strong>facinus</strong></span> 
     </span>
    </p>
   </div>
   <div class='ocr_carea' id='block_1_93' title="bbox 2256 4667 3833 4750">
    <p class='ocr_par' dir='ltr' id='par_1_93' title="bbox 2312 4671 3833 4750">
     <span class='ocr_line' id='line_1_93' title="bbox 2312 4671 3833 4750; baseline -0.008 -19"><span class='ocrx_word' id='word_1_757' title='bbox 2312 4681 2586 4750; x_wconf 78' lang='grc' dir='ltr'>ἐπαρᾶται</span> <span class='ocrx_word' id='word_1_758' title='bbox 2610 4677 2759 4747; x_wconf 84' lang='grc' dir='ltr'>αὑτῴ</span> <span class='ocrx_word' id='word_1_759' title='bbox 2780 4679 2808 4729; x_wconf 89' lang='lat'><strong>6</strong></span> <span class='ocrx_word' id='word_1_760' title='bbox 2836 4676 3021 4748; x_wconf 81' lang='grc' dir='ltr'>πατὴρ</span> <span class='ocrx_word' id='word_1_761' title='bbox 3055 4676 3221 4729; x_wconf 69' lang='grc' dir='ltr'>αὐτοῦ</span> <span class='ocrx_word' id='word_1_762' title='bbox 3253 4679 3280 4729; x_wconf 89' lang='lat'><strong>6</strong></span> <span class='ocrx_word' id='word_1_763' title='bbox 3302 4675 3459 4744; x_wconf 73' lang='grc' dir='ltr'>ἅγιος</span> <span class='ocrx_word' id='word_1_764' title='bbox 3505 4671 3687 4728; x_wconf 78' lang='grc' dir='ltr'>Ἰακὼϐ</span> <span class='ocrx_word' id='word_1_765' title='bbox 3712 4671 3735 4720; x_wconf 86' lang='lat'><strong>6</strong></span> <span class='ocrx_word' id='word_1_766' title='bbox 3761 4679 3833 4714; x_wconf 75' lang='grc' dir='ltr'>πει-</span> 
     </span>
    </p>
   </div>
   <div class='ocr_carea' id='block_1_94' title="bbox 625 4760 2202 4854">
    <p class='ocr_par' dir='ltr' id='par_1_94' title="bbox 625 4762 2202 4840">
     <span class='ocr_line' id='line_1_94' title="bbox 625 4762 2202 4840; baseline 0.008 -30"><span class='ocrx_word' id='word_1_767' title='bbox 625 4764 1022 4825; x_wconf 86' lang='lat' dir='ltr'><strong>perpetrasset.</strong></span> <span class='ocrx_word' id='word_1_768' title='bbox 1056 4762 1138 4816; x_wconf 89' lang='lat' dir='ltr'><strong>sic</strong></span> <span class='ocrx_word' id='word_1_769' title='bbox 1178 4764 1226 4817; x_wconf 91' lang='lat' dir='ltr'><strong>ei</strong></span> <span class='ocrx_word' id='word_1_770' title='bbox 1257 4772 1408 4834; x_wconf 89' lang='lat' dir='ltr'><strong>pater</strong></span> <span class='ocrx_word' id='word_1_771' title='bbox 1439 4766 1822 4823; x_wconf 89' lang='lat' dir='ltr'><strong>sanctissimus</strong></span> <span class='ocrx_word' id='word_1_772' title='bbox 1857 4770 1948 4824; x_wconf 90' lang='lat' dir='ltr'><strong>ille</strong></span> <span class='ocrx_word' id='word_1_773' title='bbox 1976 4771 2202 4840; x_wconf 86' lang='lat' dir='ltr'><strong>patriar-</strong></span> 
     </span>
    </p>
   </div>
   <div class='ocr_carea' id='block_1_95' title="bbox 2256 4760 3833 4854">
    <p class='ocr_par' dir='ltr' id='par_1_95' title="bbox 2311 4760 3833 4854">
     <span class='ocr_line' id='line_1_95' title="bbox 2311 4760 3833 4854; baseline -0.024 -10"><span class='ocrx_word' id='word_1_774' title='bbox 2311 4771 2578 4840; x_wconf 79' lang='grc' dir='ltr'>τριάρχης</span> <span class='ocrx_word' id='word_1_775' title='bbox 2599 4809 2612 4832; x_wconf 72' lang='grc' dir='ltr'><strong>ς</strong></span> <span class='ocrx_word' id='word_1_776' title='bbox 2669 4769 2761 4822; x_wconf 83' lang='grc' dir='ltr'>καί</span> <span class='ocrx_word' id='word_1_777' title='bbox 2807 4785 2940 4838; x_wconf 81' lang='grc' dir='ltr'>φησι</span> <span class='ocrx_word' id='word_1_778' title='bbox 2965 4784 2980 4799; x_wconf 91' lang='grc'><strong>·</strong></span> <span class='ocrx_word' id='word_1_779' title='bbox 3047 4767 3332 4834; x_wconf 74' lang='grc' dir='ltr'>Ῥουόεὶμ,</span> <span class='ocrx_word' id='word_1_780' title='bbox 3367 4760 3719 4854; x_wconf 54' lang='grc' dir='ltr'>πρωτότοκος</span> <span class='ocrx_word' id='word_1_781' title='bbox 3749 4766 3833 4854; x_wconf 47' lang='grc' dir='ltr'><strong>μοῗ</strong></span> 
     </span>
    </p>
   </div>
   <div class='ocr_carea' id='block_1_96' title="bbox 624 4846 2201 4929">
    <p class='ocr_par' dir='ltr' id='par_1_96' title="bbox 624 4846 2201 4929">
     <span class='ocr_line' id='line_1_96' title="bbox 624 4846 2201 4929; baseline 0.009 -29"><span class='ocrx_word' id='word_1_782' title='bbox 624 4849 728 4902; x_wconf 89' lang='lat' dir='ltr'><strong>clia</strong></span> <span class='ocrx_word' id='word_1_783' title='bbox 762 4846 932 4905; x_wconf 82' lang='lat' dir='ltr'><strong>Jacob</strong></span> <span class='ocrx_word' id='word_1_784' title='bbox 983 4852 1358 4923; x_wconf 79' lang='lat' dir='ltr'><strong>imprecatur:</strong></span> <span class='ocrx_word' id='word_1_785' title='bbox 1392 4855 1572 4910; x_wconf 79' lang='lat' dir='ltr'><strong>Ruben</strong></span> <span class='ocrx_word' id='word_1_786' title='bbox 1621 4859 1998 4929; x_wconf 77' lang='lat' dir='ltr'><strong>primogenitus</strong></span> <span class='ocrx_word' id='word_1_787' title='bbox 2038 4877 2201 4925; x_wconf 78' lang='lat' dir='ltr'><strong>meus,</strong></span> 
     </span>
    </p>
   </div>
   <div class='ocr_carea' id='block_1_97' title="bbox 2255 4846 3832 4929">
    <p class='ocr_par' dir='ltr' id='par_1_97' title="bbox 2311 4846 3832 4927">
     <span class='ocr_line' id='line_1_97' title="bbox 2311 4846 3832 4927; baseline -0.007 -14"><span class='ocrx_word' id='word_1_788' title='bbox 2311 4859 2409 4913; x_wconf 80' lang='grc' dir='ltr'>καὶ</span> <span class='ocrx_word' id='word_1_789' title='bbox 2444 4857 2598 4927; x_wconf 77' lang='grc' dir='ltr'>ἀρχὴ</span> <span class='ocrx_word' id='word_1_790' title='bbox 2635 4857 2861 4910; x_wconf 74' lang='grc' dir='ltr'>τέκνων</span> <span class='ocrx_word' id='word_1_791' title='bbox 2901 4873 3056 4925; x_wconf 78' lang='grc' dir='ltr'>μου,</span> <span class='ocrx_word' id='word_1_792' title='bbox 3087 4856 3438 4923; x_wconf 71' lang='grc' dir='ltr'>ἐξύϐρισας·</span> <span class='ocrx_word' id='word_1_793' title='bbox 3486 4856 3564 4920; x_wconf 86' lang='grc' dir='ltr'>ὡς</span> <span class='ocrx_word' id='word_1_794' title='bbox 3608 4850 3742 4914; x_wconf 79' lang='grc' dir='ltr'>ὕδωρ</span> <span class='ocrx_word' id='word_1_795' title='bbox 3772 4846 3832 4910; x_wconf 68' lang='lat' dir='ltr'><strong>ﬂii</strong></span> 
     </span>
    </p>
   </div>
   <div class='ocr_carea' id='block_1_98' title="bbox 624 4932 2201 5020">
    <p class='ocr_par' dir='ltr' id='par_1_98' title="bbox 624 4941 2201 5020">
     <span class='ocr_line' id='line_1_98' title="bbox 624 4941 2201 5020; baseline 0.009 -28"><span class='ocrx_word' id='word_1_796' title='bbox 624 4949 675 4992; x_wconf 81' lang='lat' dir='ltr'><strong>et</strong></span> <span class='ocrx_word' id='word_1_797' title='bbox 717 4941 1036 5010; x_wconf 78' lang='lat' dir='ltr'><strong>principium</strong></span> <span class='ocrx_word' id='word_1_798' title='bbox 1076 4944 1362 5000; x_wconf 83' lang='lat' dir='ltr'><strong>liberorum</strong></span> <span class='ocrx_word' id='word_1_799' title='bbox 1411 4964 1665 5012; x_wconf 85' lang='lat' dir='ltr'><strong>mearum,</strong></span> <span class='ocrx_word' id='word_1_800' title='bbox 1711 4950 1968 5018; x_wconf 87' lang='lat' dir='ltr'><strong>injuriam</strong></span> <span class='ocrx_word' id='word_1_801' title='bbox 2011 4951 2201 5020; x_wconf 78' lang='lat' dir='ltr'><strong>fecisti.</strong></span> 
     </span>
    </p>
   </div>
   <div class='ocr_carea' id='block_1_99' title="bbox 2254 4932 3831 5020">
    <p class='ocr_par' dir='ltr' id='par_1_99' title="bbox 2307 4932 3831 5020">
     <span class='ocr_line' id='line_1_99' title="bbox 2307 4932 3831 5020; baseline -0.011 -9"><span class='ocrx_word' id='word_1_802' title='bbox 2307 4949 2559 5018; x_wconf 68' lang='grc' dir='ltr'>ἐκζέσῃς</span> <span class='ocrx_word' id='word_1_803' title='bbox 2584 4966 2598 4979; x_wconf 84' lang='grc'><em>’</em></span> <span class='ocrx_word' id='word_1_804' title='bbox 2633 4947 2853 5013; x_wconf 79' lang='grc' dir='ltr'>ἀνέϐης</span> <span class='ocrx_word' id='word_1_805' title='bbox 2885 4947 2996 5016; x_wconf 74' lang='grc' dir='ltr'>γὰρ</span> <span class='ocrx_word' id='word_1_806' title='bbox 3027 4950 3115 5014; x_wconf 82' lang='grc' dir='ltr'><strong>είς</strong></span> <span class='ocrx_word' id='word_1_807' title='bbox 3143 4947 3257 5014; x_wconf 80' lang='grc' dir='ltr'>τὴν</span> <span class='ocrx_word' id='word_1_808' title='bbox 3284 4947 3496 5013; x_wconf 82' lang='grc' dir='ltr'>κοίτην</span> <span class='ocrx_word' id='word_1_809' title='bbox 3535 4943 3635 4997; x_wconf 87' lang='grc' dir='ltr'>τοῦ</span> <span class='ocrx_word' id='word_1_810' title='bbox 3664 4932 3831 5020; x_wconf 66' lang='grc' dir='ltr'>πατρίς</span> 
     </span>
    </p>
   </div>
   <div class='ocr_carea' id='block_1_100' title="bbox 628 5018 2205 5110">
    <p class='ocr_par' dir='ltr' id='par_1_100' title="bbox 628 5031 2204 5110">
     <span class='ocr_line' id='line_1_100' title="bbox 628 5031 2204 5110; baseline 0.007 -25"><span class='ocrx_word' id='word_1_811' title='bbox 628 5031 780 5085; x_wconf 76' lang='lat' dir='ltr'><strong>Sicut</strong></span> <span class='ocrx_word' id='word_1_812' title='bbox 810 5048 948 5102; x_wconf 87' lang='lat' dir='ltr'><strong>aqua</strong></span> <span class='ocrx_word' id='word_1_813' title='bbox 986 5053 1092 5088; x_wconf 82' lang='lat' dir='ltr'><strong>non</strong></span> <span class='ocrx_word' id='word_1_814' title='bbox 1116 5038 1388 5106; x_wconf 78' lang='lat' dir='ltr'><strong>e/ferveas.</strong></span> <span class='ocrx_word' id='word_1_815' title='bbox 1419 5038 1790 5094; x_wconf 80' lang='lat' dir='ltr'><strong>Cousceudisti</strong></span> <span class='ocrx_word' id='word_1_816' title='bbox 1831 5041 2000 5096; x_wconf 84' lang='lat' dir='ltr'><strong>cubile</strong></span> <span class='ocrx_word' id='word_1_817' title='bbox 2035 5045 2204 5110; x_wconf 74' lang='lat' dir='ltr'><strong>patris</strong></span> 
     </span>
    </p>
   </div>
   <div class='ocr_carea' id='block_1_101' title="bbox 2255 5018 3832 5110">
    <p class='ocr_par' dir='ltr' id='par_1_101' title="bbox 2312 5018 3832 5106">
     <span class='ocr_line' id='line_1_101' title="bbox 2312 5018 3832 5106; baseline -0.013 -13"><span class='ocrx_word' id='word_1_818' title='bbox 2312 5055 2429 5095; x_wconf 90' lang='grc' dir='ltr'><strong>σου</strong></span> <span class='ocrx_word' id='word_1_819' title='bbox 2450 5080 2464 5100; x_wconf 84' lang='grc'><strong>,</strong></span> <span class='ocrx_word' id='word_1_820' title='bbox 2500 5039 2599 5094; x_wconf 82' lang='grc' dir='ltr'>καὶ</span> <span class='ocrx_word' id='word_1_821' title='bbox 2631 5037 3034 5106; x_wconf 69' lang='grc' dir='ltr'>ἀπεκάλυψας</span> <span class='ocrx_word' id='word_1_822' title='bbox 3058 5079 3074 5101; x_wconf 90' lang='grc'><strong>,</strong></span> <span class='ocrx_word' id='word_1_823' title='bbox 3107 5038 3304 5106; x_wconf 72' lang='grc' dir='ltr'>φησὶν,</span> <span class='ocrx_word' id='word_1_824' title='bbox 3337 5033 3408 5093; x_wconf 81' lang='grc' dir='ltr'>οὗ</span> <span class='ocrx_word' id='word_1_825' title='bbox 3437 5037 3664 5100; x_wconf 72' lang='grc' dir='ltr'>ἀνέϐης.</span> <span class='ocrx_word' id='word_1_826' title='bbox 3703 5029 3773 5079; x_wconf 84' lang='grc' dir='ltr'>Ἐν</span> <span class='ocrx_word' id='word_1_827' title='bbox 3795 5018 3832 5071; x_wconf 81' lang='grc' dir='ltr'>δὲ</span> 
     </span>
    </p>
   </div>
   <div class='ocr_carea' id='block_1_102' title="bbox 630 5121 2207 5204">
    <p class='ocr_par' dir='ltr' id='par_1_102' title="bbox 630 5123 2207 5201">
     <span class='ocr_line' id='line_1_102' title="bbox 630 5123 2207 5201; baseline 0.01 -27"><span class='ocrx_word' id='word_1_828' title='bbox 630 5123 730 5188; x_wconf 87' lang='lat' dir='ltr'><strong>tui,</strong></span> <span class='ocrx_word' id='word_1_829' title='bbox 766 5133 814 5176; x_wconf 86' lang='lat' dir='ltr'><strong>et</strong></span> <span class='ocrx_word' id='word_1_830' title='bbox 846 5127 1102 5192; x_wconf 76' lang='lat' dir='ltr'><strong>retexisti,</strong></span> <span class='ocrx_word' id='word_1_831' title='bbox 1133 5129 1331 5198; x_wconf 88' lang='lat' dir='ltr'><strong>inquit,</strong></span> <span class='ocrx_word' id='word_1_832' title='bbox 1365 5148 1466 5201; x_wconf 86' lang='lat' dir='ltr'><strong>quo</strong></span> <span class='ocrx_word' id='word_1_833' title='bbox 1514 5134 1804 5187; x_wconf 76' lang='lat' dir='ltr'><strong>ascendisti</strong></span> <span class='ocrx_word' id='word_1_834' title='bbox 1829 5135 1869 5188; x_wconf 64' lang='grc'><strong>⁵.</strong></span> <span class='ocrx_word' id='word_1_835' title='bbox 1905 5134 1975 5188; x_wconf 83' lang='lat' dir='ltr'><strong>At</strong></span> <span class='ocrx_word' id='word_1_836' title='bbox 2010 5136 2066 5188; x_wconf 88' lang='lat' dir='ltr'><strong>in</strong></span> <span class='ocrx_word' id='word_1_837' title='bbox 2099 5134 2207 5190; x_wconf 82' lang='lat' dir='ltr'><strong>Ile-</strong></span> 
     </span>
    </p>
   </div>
   <div class='ocr_carea' id='block_1_103' title="bbox 2256 5121 3833 5204">
    <p class='ocr_par' dir='ltr' id='par_1_103' title="bbox 2312 5121 3833 5204">
     <span class='ocr_line' id='line_1_103' title="bbox 2312 5121 3833 5204; baseline -0.005 -18"><span class='ocrx_word' id='word_1_838' title='bbox 2312 5132 2388 5204; x_wconf 77' lang='grc' dir='ltr'>τῷ</span> <span class='ocrx_word' id='word_1_839' title='bbox 2425 5130 2700 5203; x_wconf 79' lang='grc' dir='ltr'>Ἐϐραῖκῷ</span> <span class='ocrx_word' id='word_1_840' title='bbox 2745 5129 2858 5201; x_wconf 79' lang='lat'><strong>(58)</strong></span> <span class='ocrx_word' id='word_1_841' title='bbox 2885 5170 2898 5193; x_wconf 90' lang='lat'><strong>,</strong></span> <span class='ocrx_word' id='word_1_842' title='bbox 2938 5129 3205 5198; x_wconf 76' lang='grc' dir='ltr'><strong>ἐλθωόἁρ</strong></span> <span class='ocrx_word' id='word_1_843' title='bbox 3233 5129 3254 5160; x_wconf 85' lang='grc'><strong><em>⁶</em></strong></span> <span class='ocrx_word' id='word_1_844' title='bbox 3279 5145 3293 5161; x_wconf 76' lang='grc' dir='ltr'><strong>ο</strong></span> <span class='ocrx_word' id='word_1_845' title='bbox 3340 5130 3475 5200; x_wconf 83' lang='grc' dir='ltr'>ὅπερ</span> <span class='ocrx_word' id='word_1_846' title='bbox 3525 5125 3662 5179; x_wconf 71' lang='grc' dir='ltr'>ἐστὶν</span> <span class='ocrx_word' id='word_1_847' title='bbox 3704 5121 3833 5188; x_wconf 78' lang='grc' dir='ltr'><strong>ἑρμη-</strong></span> 
     </span>
    </p>
   </div>
   <div class='ocr_carea' id='block_1_104' title="bbox 629 5232 2206 5386">
    <p class='ocr_par' dir='ltr' id='par_1_104' title="bbox 629 5241 2199 5386">
     <span class='ocr_line' id='line_1_104' title="bbox 629 5241 2199 5386; baseline 0.006 -90"><span class='ocrx_word' id='word_1_848' title='bbox 629 5241 903 5386; x_wconf 46' lang='grc' dir='ltr'>θιέθῗὲιη.</span> <span class='ocrx_word' id='word_1_849' title='bbox 936 5261 1071 5312; x_wconf 84' lang='lat' dir='ltr'><strong>xvu,</strong></span> <span class='ocrx_word' id='word_1_850' title='bbox 1103 5247 1136 5302; x_wconf 88' lang='lat'><strong>6</strong></span> <span class='ocrx_word' id='word_1_851' title='bbox 1168 5264 1289 5320; x_wconf 79' lang='lat' dir='ltr'><strong>sqq.</strong></span> <span class='ocrx_word' id='word_1_852' title='bbox 1365 5253 1385 5283; x_wconf 81' lang='grc'><em>³</em></span> <span class='ocrx_word' id='word_1_853' title='bbox 1420 5250 1618 5308; x_wconf 84' lang='lat' dir='ltr'><strong>Esther</strong></span> <span class='ocrx_word' id='word_1_854' title='bbox 1675 5268 1794 5319; x_wconf 87' lang='lat' dir='ltr'><strong>xui,</strong></span> <span class='ocrx_word' id='word_1_855' title='bbox 1821 5254 1875 5308; x_wconf 91' lang='lat'><strong>9.</strong></span> <span class='ocrx_word' id='word_1_856' title='bbox 1975 5254 1996 5285; x_wconf 90' lang='grc'>³</span> <span class='ocrx_word' id='word_1_857' title='bbox 2028 5253 2199 5310; x_wconf 87' lang='lat' dir='ltr'><strong>Exod.</strong></span> 
     </span>
    </p>
   </div>
   <div class='ocr_carea' id='block_1_105' title="bbox 2252 5232 3829 5386">
    <p class='ocr_par' dir='ltr' id='par_1_105' title="bbox 2257 5232 3829 5320">
     <span class='ocr_line' id='line_1_105' title="bbox 2257 5232 3829 5320; baseline -0.014 -14"><span class='ocrx_word' id='word_1_858' title='bbox 2257 5270 2308 5318; x_wconf 72' lang='grc' dir='ltr'><strong>ν,</strong></span> <span class='ocrx_word' id='word_1_859' title='bbox 2343 5250 2376 5304; x_wconf 75' lang='grc'><strong>2</strong></span> <span class='ocrx_word' id='word_1_860' title='bbox 2407 5265 2528 5320; x_wconf 86' lang='lat' dir='ltr'><strong>sqq.</strong></span> <span class='ocrx_word' id='word_1_861' title='bbox 2631 5248 2651 5280; x_wconf 75' lang='lat'><strong><em>‘</em></strong></span> <span class='ocrx_word' id='word_1_862' title='bbox 2684 5245 2818 5302; x_wconf 91' lang='lat' dir='ltr'><strong>Gen.</strong></span> <span class='ocrx_word' id='word_1_863' title='bbox 2849 5262 2998 5310; x_wconf 82' lang='lat' dir='ltr'><strong>xLix,</strong></span> <span class='ocrx_word' id='word_1_864' title='bbox 3033 5247 3103 5310; x_wconf 80' lang='lat'><strong>5,</strong></span> <span class='ocrx_word' id='word_1_865' title='bbox 3134 5248 3187 5301; x_wconf 71' lang='grc'><strong>4.</strong></span> <span class='ocrx_word' id='word_1_866' title='bbox 3293 5247 3313 5278; x_wconf 82' lang='grc'><strong><em>⁵</em></strong></span> <span class='ocrx_word' id='word_1_867' title='bbox 3337 5244 3496 5301; x_wconf 89' lang='lat' dir='ltr'><strong>Deest</strong></span> <span class='ocrx_word' id='word_1_868' title='bbox 3516 5239 3592 5297; x_wconf 76' lang='grc' dir='ltr'>οὗ.</span> <span class='ocrx_word' id='word_1_869' title='bbox 3689 5237 3707 5268; x_wconf 84' lang='grc'>⁶</span> <span class='ocrx_word' id='word_1_870' title='bbox 3735 5232 3829 5285; x_wconf 81' lang='lat' dir='ltr'><strong>Cor-</strong></span> 
     </span>
    </p>
   </div>
   <div class='ocr_carea' id='block_1_106' title="bbox 701 5417 2278 5511">
    <p class='ocr_par' dir='ltr' id='par_1_106' title="bbox 701 5426 2207 5511">
     <span class='ocr_line' id='line_1_106' title="bbox 701 5426 2207 5511; baseline 0.007 -32"><span class='ocrx_word' id='word_1_871' title='bbox 701 5426 820 5508; x_wconf 44' lang='lat'><strong>(57).</strong></span> <span class='ocrx_word' id='word_1_872' title='bbox 870 5427 981 5483; x_wconf 73' lang='lat' dir='ltr'><strong>Kal</strong></span> <span class='ocrx_word' id='word_1_873' title='bbox 1027 5427 1105 5511; x_wconf 70' lang='grc' dir='ltr'>τῇ</span> <span class='ocrx_word' id='word_1_874' title='bbox 1167 5432 1372 5511; x_wconf 36' lang='grc' dir='ltr'>οὐσία.</span> <span class='ocrx_word' id='word_1_875' title='bbox 1400 5431 1612 5511; x_wconf 65' lang='grc' dir='ltr'>ἑτέρως</span> <span class='ocrx_word' id='word_1_876' title='bbox 1663 5434 2207 5511; x_wconf 61' lang='grc' dir='ltr'>ἐσχηματισμένον.</span> 
     </span>
    </p>
   </div>
   <div class='ocr_carea' id='block_1_107' title="bbox 2254 5417 3831 5511">
    <p class='ocr_par' dir='ltr' id='par_1_107' title="bbox 2310 5417 3831 5511">
     <span class='ocr_line' id='line_1_107' title="bbox 2310 5417 3831 5511; baseline -0.011 -21"><span class='ocrx_word' id='word_1_877' title='bbox 2310 5434 2452 5505; x_wconf 90' lang='lat' dir='ltr'><strong>quod</strong></span> <span class='ocrx_word' id='word_1_878' title='bbox 2485 5432 2752 5511; x_wconf 46' lang='lat' dir='ltr'><strong>excellere</strong></span> <span class='ocrx_word' id='word_1_879' title='bbox 2780 5430 3074 5511; x_wconf 75' lang='lat' dir='ltr'><strong>signiﬁcat.</strong></span> <span class='ocrx_word' id='word_1_880' title='bbox 3116 5429 3366 5511; x_wconf 80' lang='lat' dir='ltr'><strong>Pro_quo</strong></span> <span class='ocrx_word' id='word_1_881' title='bbox 3398 5427 3535 5511; x_wconf 55' lang='lat' dir='ltr'><strong>Liui</strong></span> <span class='ocrx_word' id='word_1_882' title='bbox 3557 5417 3831 5511; x_wconf 35' lang='lat' dir='ltr'><strong>:PMiidéxff:</strong></span> 
     </span>
    </p>
   </div>
   <div class='ocr_carea' id='block_1_108' title="bbox 629 5495 3828 5576">
    <p class='ocr_par' dir='ltr' id='par_1_108' title="bbox 629 5495 3828 5576">
     <span class='ocr_line' id='line_1_108' title="bbox 629 5495 3828 5576; baseline -0.002 -25"><span class='ocrx_word' id='word_1_883' title='bbox 629 5495 858 5566; x_wconf 76' lang='lat' dir='ltr'><strong>Proprie</strong></span> <span class='ocrx_word' id='word_1_884' title='bbox 900 5513 1009 5576; x_wconf 68' lang='lat' dir='ltr'><strong>non</strong></span> <span class='ocrx_word' id='word_1_885' title='bbox 1039 5495 1264 5576; x_wconf 75' lang='lat' dir='ltr'><strong>denotat</strong></span> <span class='ocrx_word' id='word_1_886' title='bbox 1299 5495 1463 5576; x_wconf 72' lang='lat' dir='ltr'><strong>tiliam</strong></span> <span class='ocrx_word' id='word_1_887' title='bbox 1491 5495 1565 5576; x_wconf 51' lang='lat' dir='ltr'><strong>&#39;iii</strong></span> <span class='ocrx_word' id='word_1_888' title='bbox 1589 5495 1601 5498; x_wconf 61' lang='grc'><em>’</em></span> <span class='ocrx_word' id='word_1_889' title='bbox 1621 5495 1974 5576; x_wconf 62' lang='lat' dir='ltr'><strong>substantiam</strong></span> <span class='ocrx_word' id='word_1_890' title='bbox 1998 5495 2214 5573; x_wconf 56' lang='lat' dir='ltr'><strong>&#39;coufor-</strong></span> <span class='ocrx_word' id='word_1_891' title='bbox 2477 5501 2560 5556; x_wconf 84' lang='lat' dir='ltr'><strong>Ne</strong></span> <span class='ocrx_word' id='word_1_892' title='bbox 2591 5495 2860 5576; x_wconf 60' lang='lat' dir='ltr'><strong>ebullias:</strong></span> <span class='ocrx_word' id='word_1_893' title='bbox 2887 5512 2935 5576; x_wconf 75' lang='lat' dir='ltr'><strong>et</strong></span> <span class='ocrx_word' id='word_1_894' title='bbox 2968 5502 3192 5576; x_wconf 48' lang='lat' dir='ltr'><strong>{queam</strong></span> <span class='ocrx_word' id='word_1_895' title='bbox 3223 5495 3522 5576; x_wconf 51' lang='lat' dir='ltr'><strong>Naiirquod</strong></span> <span class='ocrx_word' id='word_1_896' title='bbox 3567 5495 3740 5576; x_wconf 43' lang='lat' dir='ltr'><strong>fervet:</strong></span> <span class='ocrx_word' id='word_1_897' title='bbox 3765 5495 3828 5576; x_wconf 51' lang='lat' dir='ltr'><strong>ff:</strong></span> 
     </span>
    </p>
   </div>
   <div class='ocr_carea' id='block_1_109' title="bbox 637 5554 3826 5656">
    <p class='ocr_par' dir='ltr' id='par_1_109' title="bbox 637 5554 3826 5656">
     <span class='ocr_line' id='line_1_109' title="bbox 637 5554 3826 5656; baseline 0.003 -39"><span class='ocrx_word' id='word_1_898' title='bbox 637 5554 860 5656; x_wconf 45' lang='lat' dir='ltr'><strong>piat-uim,</strong></span> <span class='ocrx_word' id='word_1_899' title='bbox 886 5567 1188 5656; x_wconf 52' lang='lat' dir='ltr'><strong>sednpotilus</strong></span> <span class='ocrx_word' id='word_1_900' title='bbox 1210 5573 1262 5652; x_wconf 70' lang='lat' dir='ltr'><strong>in</strong></span> <span class='ocrx_word' id='word_1_901' title='bbox 1287 5570 1588 5656; x_wconf 54' lang='lat' dir='ltr'><strong>substantia</strong></span> <span class='ocrx_word' id='word_1_902' title='bbox 2312 5554 2608 5656; x_wconf 31' lang='lat' dir='ltr'><strong>tidiiit&#39;iir—et‘</strong></span> <span class='ocrx_word' id='word_1_903' title='bbox 2632 5554 3826 5656; x_wconf 39' lang='lat' dir='ltr'><strong>eminet;AtjEpi‘pbanius‘iiieul!fffbffﬂhﬂf</strong></span> 
     </span>
    </p>
   </div>
   <div class='ocr_carea' id='block_1_110' title="bbox 639 5631 2216 5715">
    <p class='ocr_par' dir='ltr' id='par_1_110' title="bbox 639 5631 2215 5715">
     <span class='ocr_line' id='line_1_110' title="bbox 639 5631 2215 5715; baseline 0.01 -32"><span class='ocrx_word' id='word_1_904' title='bbox 639 5635 920 5715; x_wconf 41' lang='lat' dir='ltr'><strong>Quod-ad</strong></span> <span class='ocrx_word' id='word_1_905' title='bbox 968 5631 1260 5709; x_wconf 80' lang='lat' dir='ltr'><strong>Epiphanii</strong></span> <span class='ocrx_word' id='word_1_906' title='bbox 1305 5647 1542 5694; x_wconf 87' lang='lat' dir='ltr'><strong>mentem</strong></span> <span class='ocrx_word' id='word_1_907' title='bbox 1597 5651 1652 5698; x_wconf 90' lang='lat' dir='ltr'><strong>et</strong></span> <span class='ocrx_word' id='word_1_908' title='bbox 1705 5631 1933 5715; x_wconf 76' lang='lat' dir='ltr'><strong>scopum</strong></span> <span class='ocrx_word' id='word_1_909' title='bbox 1991 5645 2215 5714; x_wconf 88' lang='lat' dir='ltr'><strong>propius</strong></span> 
     </span>
    </p>
   </div>
   <div class='ocr_carea' id='block_1_111' title="bbox 2246 5631 3823 5715">
    <p class='ocr_par' dir='ltr' id='par_1_111' title="bbox 2314 5631 3823 5715">
     <span class='ocr_line' id='line_1_111' title="bbox 2314 5631 3823 5715; baseline -0.003 -18"><span class='ocrx_word' id='word_1_910' title='bbox 2314 5643 2642 5715; x_wconf 63' lang='grc' dir='ltr'>φιλούμενον</span> <span class='ocrx_word' id='word_1_911' title='bbox 2687 5641 2908 5710; x_wconf 89' lang='lat' dir='ltr'><strong>proprie</strong></span> <span class='ocrx_word' id='word_1_912' title='bbox 2939 5631 3251 5715; x_wconf 70' lang='lat' dir='ltr'><strong>signiﬁcare</strong></span> <span class='ocrx_word' id='word_1_913' title='bbox 3299 5640 3374 5708; x_wconf 81' lang='grc' dir='ltr'>μὴ</span> <span class='ocrx_word' id='word_1_914' title='bbox 3409 5635 3642 5715; x_wconf 71' lang='grc' dir='ltr'>ἐκζέσῃςο</span> <span class='ocrx_word' id='word_1_915' title='bbox 3667 5631 3823 5715; x_wconf 58' lang='lat' dir='ltr'><strong>C&#39;ﬂf‘</strong></span> 
     </span>
    </p>
   </div>
   <div class='ocr_carea' id='block_1_112' title="bbox 645 5699 3819 5779">
    <p class='ocr_par' dir='ltr' id='par_1_112' title="bbox 645 5699 3819 5779">
     <span class='ocr_line' id='line_1_112' title="bbox 645 5699 3819 5779; baseline -0.008 1"><span class='ocrx_word' id='word_1_916' title='bbox 645 5703 872 5779; x_wconf 48' lang='lat'><strong>“9993‘-</strong></span> <span class='ocrx_word' id='word_1_917' title='bbox 1015 5699 1034 5708; x_wconf 48' lang='lat'>-</span> <span class='ocrx_word' id='word_1_918' title='bbox 1072 5699 1092 5709; x_wconf 61' lang='grc'><em>’</em></span> <span class='ocrx_word' id='word_1_919' title='bbox 1161 5777 1175 5779; x_wconf 92' lang='lat'><em>_</em></span> <span class='ocrx_word' id='word_1_920' title='bbox 1341 5778 1346 5779; x_wconf 51' lang='lat'><strong><em>,</em></strong></span> <span class='ocrx_word' id='word_1_921' title='bbox 1503 5777 1523 5779; x_wconf 27' lang='grc' dir='ltr'><em>ᾼ</em></span> <span class='ocrx_word' id='word_1_922' title='bbox 1806 5699 1824 5715; x_wconf 75' lang='grc'><em>’</em></span> <span class='ocrx_word' id='word_1_923' title='bbox 1991 5699 2008 5714; x_wconf 66' lang='grc'><strong><em>³</em></strong></span> <span class='ocrx_word' id='word_1_924' title='bbox 2092 5699 2109 5714; x_wconf 81' lang='grc'><em>’</em></span> <span class='ocrx_word' id='word_1_925' title='bbox 2317 5699 2726 5767; x_wconf 68' lang='grc' dir='ltr'>ιῖιοιιίἠιιιιιιιίι</span> <span class='ocrx_word' id='word_1_926' title='bbox 2791 5699 3158 5779; x_wconf 65' lang='lat' dir='ltr'><strong>propinquius</strong></span> <span class='ocrx_word' id='word_1_927' title='bbox 3211 5699 3494 5779; x_wconf 44' lang='lat' dir='ltr'><strong>occurrit,</strong></span> <span class='ocrx_word' id='word_1_928' title='bbox 3531 5699 3673 5774; x_wconf 78' lang='lat' dir='ltr'><strong>quam</strong></span> <span class='ocrx_word' id='word_1_929' title='bbox 3710 5699 3819 5755; x_wconf 70' lang='grc' dir='ltr'>ιιππ-</span> 
     </span>
    </p>
   </div>
   <div class='ocr_carea' id='block_1_113' title="bbox 717 5769 2294 5852">
    <p class='ocr_par' dir='ltr' id='par_1_113' title="bbox 717 5769 2214 5850">
     <span class='ocr_line' id='line_1_113' title="bbox 717 5769 2214 5850; baseline 0.001 -22"><span class='ocrx_word' id='word_1_930' title='bbox 717 5769 826 5842; x_wconf 77' lang='grc'><strong>(58)</strong></span> <span class='ocrx_word' id='word_1_931' title='bbox 871 5775 1062 5850; x_wconf 24' lang='grc' dir='ltr'>Ἐν,δέ</span> <span class='ocrx_word' id='word_1_932' title='bbox 1114 5777 1191 5843; x_wconf 81' lang='grc' dir='ltr'>τῷ</span> <span class='ocrx_word' id='word_1_933' title='bbox 1249 5777 1553 5846; x_wconf 71' lang='grc' dir='ltr'>Ἐϐραϊκῷ.</span> <span class='ocrx_word' id='word_1_934' title='bbox 1586 5779 1820 5837; x_wconf 74' lang='lat' dir='ltr'><strong>Verbum</strong></span> <span class='ocrx_word' id='word_1_935' title='bbox 1858 5792 2008 5842; x_wconf 61' lang='lat' dir='ltr'><strong>1mm</strong></span> <span class='ocrx_word' id='word_1_936' title='bbox 2045 5799 2074 5836; x_wconf 65' lang='grc' dir='ltr'><strong>ει</strong></span> <span class='ocrx_word' id='word_1_937' title='bbox 2111 5794 2214 5845; x_wconf 48' lang='lat' dir='ltr'><strong>nm</strong></span> 
     </span>
    </p>
   </div>
   <div class='ocr_carea' id='block_1_114' title="bbox 1922 5769 3499 5852">
    <p class='ocr_par' dir='ltr' id='par_1_114' title="bbox 1922 5769 3499 5852">
     <span class='ocr_line' id='line_1_114' title="bbox 1922 5769 3499 5852; baseline -0.008 -10"><span class='ocrx_word' id='word_1_938' title='bbox 1922 5792 2008 5842; x_wconf 75' lang='lat' dir='ltr'><strong>Tm</strong></span> <span class='ocrx_word' id='word_1_939' title='bbox 2045 5799 2074 5836; x_wconf 90' lang='lat' dir='ltr'><strong>a</strong></span> <span class='ocrx_word' id='word_1_940' title='bbox 2111 5794 2214 5845; x_wconf 61' lang='lat' dir='ltr'><strong>“int</strong></span> <span class='ocrx_word' id='word_1_941' title='bbox 2319 5783 2424 5839; x_wconf 86' lang='lat' dir='ltr'><strong>Sed</strong></span> <span class='ocrx_word' id='word_1_942' title='bbox 2460 5783 2564 5837; x_wconf 84' lang='lat' dir='ltr'><strong>lioc</strong></span> <span class='ocrx_word' id='word_1_943' title='bbox 2615 5769 3241 5852; x_wconf 60' lang='lat' dir='ltr'><strong>ipsuiu&#39;niiiiisalicnum</strong></span> <span class='ocrx_word' id='word_1_944' title='bbox 3273 5778 3499 5835; x_wconf 79' lang='lat' dir='ltr'><strong>videtur.</strong></span> 
     </span>
    </p>
   </div>
  </div>
