3994 6416
239 335 328 391 ll"?
1597 327 1975 388 ANCORATU
1985 331 2042 388 S.

3389 331 3496 390 198

238 443 522 518 προσ-ἔταξε
568 441 771 512 λέγειν,
799 441 885 496 ἴνα
938 440 1080 512 μετὰ
1131 441 1193 494 τὸ
1232 442 1529 513 ἀναστῆναι
1555 443 1692 514 πρὸς
1715 443 1816 516 τὴν

1922 453 2196 503 momento
2238 446 2390 512 facit,
2437 461 2540 503 nec
2590 447 2828 519 amplius
2863 463 2928 505 ea
2971 446 3196 505 dissolvi
3238 462 3494 518 possunt.

237 539 389 610 ὥραν,
422 534 680 606 σημανθῇ
704 535 802 606 μὲν
836 532 992 604 ήμῶν
1019 535 1054 604 ή
1078 533 1235 597 ἐλπὶς
1257 535 1356 604 τῆς
1379 535 1674 607 σωτηρίας,
1706 537 1803 592 ἀν-

239 628 439 698 θρώπου
483 628 547 681 δὲ
577 628 730 695 λόγος
753 624 916 696 λυθῇ,
948 625 1043 679 καὶ
1079 627 1141 678 οὐ
1162 624 1257 678 τοῦ
1299 626 1502 697 Κυρίου
1524 665 1538 688 ,
1574 626 1806 696 ἤμελλον

240 722 329 792 γὰρ
357 719 521 773 πάλιν
541 717 899 787 ἀποθνήσκειν
920 718 1106 770 ἐκεῖνα
1129 716 1196 770 τὰ
1213 718 1366 770 ὀστᾶ.
1401 717 1569 771 Ὅταν
1593 717 1651 770 δὲ
1676 717 1807 791 εἴπῃ

239 810 500 880 ὀΚύριος.
558 807 902 876 Ἀνιὶστητε,
939 806 1265 879 ἐγείρονται,
1304 808 1399 862 καὶ
1428 808 1530 862 οὐκ
1563 807 1808 879 ἀποθνήο

241 917 412 952 nouat.
435 917 447 929 ·
498 899 637 952 Θεοῦ
669 898 777 967 γὰρ
817 899 974 967 λόγος
1008 899 1069 952 οὐ
1097 898 1406 970 λυθήσεται.

1909 538 2128 594 llontini
2179 539 2412 610 proinde
2459 541 2818 611 pronuntiare
2855 543 2958 596 ista
3003 541 3193 610 jussit,
3243 547 3303 596 ut
3342 540 3396 594 iu
3427 555 3495 594 eo

1909 631 2054 701 quod
2081 630 2148 686 ad
2178 639 2393 702 tempus
2422 647 2660 702 corpora
2707 633 2800 687 illa
2836 641 3207 698 resurgerem,
3239 648 3364 702 spes
3395 648 3494 686 no-

1910 729 2039 778 strae
2071 722 2267 778 salutis
2291 723 2715 780 adumbraretur
2742 742 2755 778 :
2791 724 3030 780 hominis
3070 740 3219 789 vero,
3251 739 3359 778 non
3387 723 3493 776 Do-

1912 811 2046 865 mini
2079 826 2261 867 sermo
2291 813 2724 880 dissolveretur;
2775 815 3045 884 siquidem
3083 829 3208 870 ossa
3259 815 3352 868 illa
3397 813 3494 867 tle-

1910 915 2024 956 nuo
2049 902 2401 972 postmodum
2435 912 2593 958 erant
2639 905 2928 961 moritura.
2963 906 3189 971 Quoties
3221 920 3348 960 vero
3375 905 3497 957 Do-

237 985 405 1046 minus
444 990 605 1056 dicit,
654 990 942 1063 Resurgite,
991 1001 1304 1062 resurgunt,
1349 1006 1522 1062 neque
1557 989 1865 1046 moriuntur
1900 993 2170 1063 amplius:
2219 1008 2346 1049 nam
2397 993 2490 1051 Dei
2535 1009 2717 1050 sermo
2747 995 2972 1050 dissolvi
3013 995 3364 1066 rescindique
3385 1011 3498 1050 non

235 1093 420 1154 potest.

297 1175 366 1228 P’.
401 1173 499 1227 Διὰ
522 1171 680 1227 τοῦτο
714 1174 807 1226 καὶ
837 1175 864 1226 6
886 1173 1088 1244 Κύριος
1128 1175 1184 1226 ἐν
1229 1173 1391 1247 σαρκὶ
1423 1172 1593 1227 ἐλθὼν
1617 1175 1802 1248 ἤγειρε

237 1265 465 1336 νεκροὺς,
504 1264 595 1316 ἵνα
620 1264 680 1316 τὸ
709 1264 798 1318 διὰ
828 1266 927 1336 τῆς
961 1264 1164 1336 σαρκὸς
1194 1265 1354 1320 πάλιν
1383 1266 1621 1336 κοιμηθῇ
1659 1306 1673 1330 ,
1700 1267 1804 1330 ἓως

236 1359 357 1427 αὑτὴ
383 1360 414 1426 ή
447 1356 586 1426 σὰρξ
609 1356 835 1428 ἀναστῇ.
880 1358 976 1410 καὶ
1023 1357 1223 1428 μηκέτι
1253 1357 1522 1430 ἀποθάνῃ,
1552 1359 1646 1411 καὶ
1673 1375 1798 1412 σιω·

241 1448 372 1518 πήσῃ
395 1447 554 1500 τοῦτο
575 1447 750 1516 λέγειν
775 1447 920 1518 μόνῳ
935 1449 1317 1520 ἐνὶ,Ἐ’γειραι,
1333 1447 1510 1518 δεῦρο
1529 1449 1645 1514 ἔξω
1660 1467 1673 1479 ·
1701 1450 1806 1513 ἕως

240 1540 297 1592 ἂν
318 1539 462 1612 ἔλθῃ,
490 1541 591 1593 καὶ
618 1540 812 1612 μηκέτι
839 1540 1035 1604 ἑνικῶς
1048 1540 1454 1611 εἷπῃ,Ἕτ-ειρε,
1478 1541 1615 1606 ἀλλ’,
1635 1541 1807 1609 Ἐγεί-

242 1629 380 1698 ρεσθε
401 1630 627 1694 πάντες,
641 1631 740 1702 τὴν
756 1629 1050 1701 καθολικὴν
1079 1631 1378 1685 ἀνάστασιν
1408 1631 1772 1702 ἐργαζόμενος
1790 1646 1804 1661 ·

239 1719 384 1782 αὐτὸς
407 1720 519 1792 γάρ
553 1721 701 1774 ἐστιν
733 1723 768 1792 ᾗ
800 1721 1096 1784 ἀνάστασις
1117 1721 1230 1774 τῶν
1257 1721 1490 1793 νεκρῶν.
1527 1722 1584 1776 Ὀ
1613 1721 1670 1774 δὲ
1697 1722 1806 1792 γὰρ

235 1812 362 1879 μετὰ
387 1812 448 1864 τὸ
469 1813 771 1883 ἀναστῆναι
805 1813 870 1865 ἐκ
900 1812 1011 1866 τῶν
1033 1812 1244 1882 νεκρῶν
1269 1813 1459 1866 οὐδένα
1486 1815 1676 1884 ἡγειρε
1702 1813 1810 1866 τῶν

237 1905 543 1975 προσφάτους
565 1904 1026 1976 τελευτησάντων·
1056 1905 1504 1973 Ἀνέστησανδέ
1534 1908 1630 1959 σὺν
1659 1904 1811 1976 αὑτῷ

237 1997 419 2050 πολλὰ
469 1996 724 2066 σώματα
764 1995 884 2050 τῶν
945 1995 1391 2066 κεκοιμημένων
1439 1997 1657 2066 ἁγίων,
1712 1996 1811 2050 χιιι

233 2081 507 2152 ὤφθησαν
545 2082 828 2150 πολλοῖς,
875 2085 994 2155 μετ’
1036 2084 1201 2138 αὑτοῦ
1244 2085 1578 2149 εἰσελθόντες
1613 2088 1692 2148 εἰς
1720 2086 1812 2139 τὸν

236 2175 498 2243 νυμφῶνα,
545 2173 692 2239 κατὰ
724 2166 792 2228 τὰ
829 2176 888 2230 ἐν
918 2175 1237 2246 Εὑαγγελίῳ
1262 2176 1651 2247 γεγραμμένα.
1702 2177 1814 2231 Καὶ

237 2265 324 2318 οὐκ
347 2260 518 2329 εἶπεν,
573 2265 802 2337 Ἀνέστη
845 2265 1010 2336 μέρος
1044 2267 1152 2318 τῶν
1188 2267 1458 2336 σωμάτων
1484 2265 1593 2320 τῶν
1617 2266 1810 2334 ἁγίων,

236 2357 371 2421 ἀλλὰ,
401 2356 655 2427 σώματα
701 2355 820 2410 τῶν
857 2357 1061 2426 ἁγίων,
1098 2358 1192 2411 καὶ
1227 2357 1656 2429 ἐνεφανίσθησαν
1688 2357 1814 2411 πολ-

237 2447 462 2513 λοῖς,οὐκ
487 2449 642 2504 ἄλλοι
666 2449 818 2513 ὄντες
845 2449 996 2521 παρὰ
1021 2450 1148 2514 τοὺς
1180 2451 1660 2522 τετελευτηκότας,
1689 2449 1808 2504 ἀλλ’

235 2541 709 2611 ἐπιγινωσκόμενοι
728 2541 877 2612 παρὰ
890 2540 994 2594 τῶν
1023 2541 1167 2596 ἰδίων
1188 2541 1238 2594 οἳ
1260 2542 1320 2594 οὐ
1339 2543 1444 2612 πρὸ
1459 2541 1652 2612 χρόνου
1672 2536 1814 2610 ἦσαν

240 2633 684 2704 τετελευτηκότες.
711 2633 820 2687 Καὶ
839 2632 1020 2697 ἄλλοις
1037 2633 1206 2698 δεῖξαι
1222 2633 1278 2686 δὲ
1302 2633 1626 2704 βουλόμενος
1649 2635 1676 2684 6
1699 2631 1813 2684 Κύ-

243 2742 339 2794 ριος
370 2725 523 2798 ἡμῶν
584 2725 655 2778 τὸ
696 2723 912 2796 θαῦμα,
959 2725 1029 2778 τὰ
1081 2725 1145 2796 δὴ
1198 2725 1432 2797 δυσχερῆ
1493 2726 1677 2778 ἐκεῖνα
1726 2725 1816 2778 εὐ-

242 2820 356 2889 χερῆ
383 2819 619 2884 δεικνὺς,
649 2817 910 2872 ἐπετέλει.
943 2819 1053 2872 Καὶ
1074 2819 1162 2872 ὅτε
1189 2819 1286 2888 μὲν
1307 2818 1527 2890 ἔρχεται
1553 2817 1690 2889 πρὸς
1717 2819 1816 2889 τήν

247 2912 549 2980 προσφάτως
565 2911 972 2982 τελευτήσασαν
993 2910 1164 2982 κόρην
1180 2911 1279 2982 τὴν
1305 2910 1584 2983 θυγατέρα
1597 2909 1692 2963 τοῦ
1715 2911 1816 2983 ἀρ-

247 3002 623 3073 χισυναγώγου,
645 3004 834 3074 ἐπειδὴ
855 3003 991 3073 αὐτῇ
1021 3007 1086 3075 τῇ
1124 3002 1243 3075 ὥρᾳ
1265 3002 1639 3074 τετελεύτηκε,
1686 3019 1818 3056 κατ-

1987 1171 2146 1243 103
2189 1171 2250 1227 C-
2291 1173 2472 1244 Atque
2498 1188 2562 1230 ea
2587 1188 2751 1230 causa
2775 1173 2988 1229 videtur
3011 1188 3154 1235 esse,
3184 1187 3286 1228 cur
3315 1171 3498 1227 Domi-

1911 1281 2016 1322 nus
2037 1281 2160 1320 cum
2192 1279 2358 1320 carne
2403 1265 2628 1321 veniens
2671 1273 2920 1321 mortuos
2967 1266 3241 1330 excitarit,
3268 1273 3326 1319 ut
3349 1265 3499 1335 quod

1909 1357 2096 1412 carnis
2127 1356 2434 1411 interventu
2461 1365 2775 1411 revocatum
2798 1362 2946 1412 esset
2976 1356 3043 1411 ad
3076 1357 3263 1420 vitam,
3300 1357 3496 1410 iterum

1913 1456 2242 1510 moreretur,
2283 1447 2460 1503 donec
2487 1462 2618 1502 caro
2645 1448 2761 1517 ipsa
2793 1461 2902 1502 non
2939 1448 3176 1518 amplius
3227 1449 3500 1502 moritura

1911 1549 2235 1611 consurgat,
2267 1556 2392 1594 cum
2434 1540 2688 1596 videlicet
2721 1555 2832 1595 non
2875 1541 3111 1610 amplius
3140 1541 3232 1595 uni
3267 1541 3371 1596 hoc
3405 1542 3501 1595 ali-

1913 1633 2002 1686 cui
2026 1632 2254 1686 dixerit:
2279 1632 2449 1702 Surge
2466 1631 2509 1699 ¹,
2528 1633 2640 1686 veni
2660 1633 2806 1701 foras
2829 1633 2872 1698 ’,
2895 1631 3093 1695 donec,
3119 1632 3363 1703 inquam,
3397 1634 3498 1687 ad-

1913 1723 2144 1786 venerit,
2178 1737 2354 1791 neque
2396 1723 2748 1793 singulariter
2778 1723 2926 1778 dicat
2957 1723 3194 1794 amplius
3233 1740 3246 1775 :
3287 1723 3500 1793 Surge;

1913 1815 2035 1878 sed,
2069 1813 2291 1885 Surgite
2315 1829 2528 1877 omnes.
2560 1830 2626 1870 ac
2654 1829 3005 1871 communem
3037 1817 3500 1872 resurrectionem

1914 1908 2189 1962 universis
2228 1907 2482 1963 indixerit
2526 1927 2540 1962 :
2583 1903 2854 1978 siquidem
2886 1908 3004 1978 ipse
3035 1917 3121 1964 est
3153 1917 3500 1962 mortuorum

1913 2001 2271 2057 resurrectio.
2313 1998 2488 2054 Porro
2536 2001 2632 2055 ubi
2683 2014 2715 2054 a
2758 2001 2992 2055 mortuis
3049 2000 3321 2055 excitatus
3378 2007 3500 2063 est,

1913 2095 2187 2148 neminem
2236 2109 2300 2147 ex
2347 2093 2414 2147 iis
2457 2093 2550 2161 qui
2600 2101 2852 2148 recenter
2902 2092 3174 2156 obierant,
3207 2107 3239 2145 a
3271 2092 3504 2146 mortuis

1913 2182 2224 2236 suscitavit.
2275 2179 2412 2232 Nam
2453 2194 2578 2234 cum
2630 2180 2747 2250 ipso
2791 2181 3012 2250 quidem
3067 2182 3238 2234 multa
3277 2195 3504 2248 corpora

1913 2281 2223 2324 sanctorum
2261 2272 2351 2340 qui
2381 2269 2733 2336 dormierunt,
2780 2281 3204 2336 resurrexerunt,
3244 2283 3293 2325 et
3323 2286 3504 2340 appa—

1911 2369 2132 2412 ruerunt
2171 2361 2354 2412 multis
2383 2401 2397 2425 ,
2428 2374 2552 2413 cum
2583 2359 2636 2412 in
2671 2361 2970 2414 thalamum
3007 2367 3192 2416 essent
3235 2360 3500 2430 ingressi,

1913 2459 1974 2504 ut
2005 2453 2061 2504 in
2101 2449 2398 2520 Evangelio
2444 2450 2676 2520 legimus
2703 2450 2744 2503 ³.
2777 2452 2940 2521 Atqui
2990 2467 3098 2507 non
3144 2451 3326 2506 dixit:
3365 2451 3504 2507 Pars

1915 2550 2233 2597 sanctorum
2261 2556 2558 2611 corporum
2590 2544 2893 2598 resurrexit
2919 2563 2932 2598 :
2963 2544 3082 2609 sed,
3116 2542 3354 2614 Corpora
3383 2561 3506 2598 san-

1913 2645 2143 2699 ctorum,
2189 2642 2244 2690 et
2285 2635 2604 2690 obtulerunt
2636 2652 2696 2690 se
2725 2637 2947 2704 multis;
2996 2652 3104 2692 non
3138 2637 3206 2692 ab
3237 2639 3306 2694 iis
3336 2639 3432 2708 qui
3471 2655 3504 2695 e

1918 2729 2025 2783 vita
2072 2727 2185 2796 jam
2235 2734 2608 2791 excesserant,
2656 2727 2893 2795 diversi;
2952 2729 3048 2784 sed
3086 2743 3117 2782 a
3162 2729 3280 2785 suis
3335 2729 3506 2800 agniti

1915 2820 2009 2890 qui
2060 2820 2222 2890 paulo
2258 2827 2386 2874 ante
2433 2835 2499 2874 ex
2547 2819 2648 2874 hac
2696 2820 2807 2874 vita
2854 2821 3244 2890 migraveraut.
3295 2821 3400 2876 Sed
3446 2831 3508 2875 ut

1915 2912 2058 2967 idem
2096 2912 2359 2968 Dominus
2389 2913 2527 2967 alios
2550 2926 2769 2982 quoque
2800 2913 2934 2966 tanti
2967 2914 3218 2968 miraculi
3250 2915 3506 2969 conscios

1917 3018 1983 3058 ac
2011 3003 2304 3074 participes
2339 3003 2562 3070 faceret,
2599 3003 2835 3058 difﬁcilia
2863 3004 2952 3057 illa
2979 3004 3236 3058 facillima
3265 3021 3388 3060 esse
3417 3006 3510 3060 de-

250 3094 444 3164 ηξίωσεν
467 3097 610 3166 αὐτῇ
643 3097 816 3148 εἰπεῖν
832 3112 845 3125 ⁸
864 3094 1205 3162 Ἀνάστηθι,
1223 3095 1260 3163 ή
1280 3095 1444 3160 παῖς·
1461 3093 1536 3162 τῷ
1551 3092 1627 3159 δὲ,
1646 3092 1816 3148 Ἀνά-

1922 3104 2234 3149 monstrans
2284 3093 2462 3164 reipsa
2515 3094 2765 3164 perfecit.
2813 3093 2947 3149 Nam
2993 3111 3119 3150 cum
3166 3096 3233 3149 ad
3268 3097 3508 3166 puellam

249 3189 418 3253 στηθι,
444 3186 813 3258 ἰσχυροποιῶν
829 3185 890 3239 τὸ
905 3185 1006 3257 ήδη
1023 3185 1338 3256 λελυμένον,
1355 3184 1543 3254 ἐπειδὴ
1566 3183 1646 3236 ἔτι
1674 3184 1731 3236 ἐν
1748 3186 1814 3256 τῇ

250 3275 382 3350 κλίνῃ
393 3274 476 3348 ἦν.
501 3279 608 3333 Τὸν
632 3279 688 3332 δέ
709 3278 824 3332 υἱὸν
851 3278 948 3348 τῆς
970 3279 1146 3349 χήρας
1163 3277 1260 3348 τῆς
1278 3278 1336 3330 ἐν
1359 3277 1425 3345 τῇ
1453 3274 1613 3339 Ναῒν,
1630 3273 1816 3344 ἐπειδὴ

257 3368 340 3438 ήδη
371 3371 419 3422 ἐν
451 3373 513 3440 τῇ
553 3368 710 3440 σορῷ
759 3367 1067 3440 ἐξεφέρετο,
1117 3367 1502 3440 εὐχερέστερον
1553 3367 1814 3436 ἡγειρενο

262 3460 399 3528 ἥψατο
417 3465 521 3535 γὰρ
545 3464 656 3533 τῆς
689 3462 871 3533 σοροῦ,
906 3461 1000 3515 καὶ
1031 3461 1130 3514 οὐκ
1163 3457 1285 3514 εἶπέ
1313 3477 1367 3513 τι
1393 3457 1508 3530 (64)
1540 3457 1618 3528 τῷ
1645 3457 1816 3522 παιδὶ,

260 3550 366 3605 ἀλλὰ
395 3556 544 3625 μόνον
575 3553 764 3625 ἥψατο
795 3553 894 3624 τῆς
934 3551 1116 3624 σοροῦ,
1148 3553 1244 3607 καὶ
1287 3551 1508 3622 ἀνέστη.
1545 3550 1618 3603 T6
1646 3549 1704 3603 δὲ
1737 3548 1818 3603 ἔτι

253 3644 536 3713 βαθύτατον,
562 3648 666 3700 καὶ
693 3646 821 3717 παρ’
849 3647 1038 3701 ἐλπίδα
1061 3646 1158 3700 ἀνθ
1168 3644 1364 3717 ρώπων
1393 3643 1573 3714 πολλῷ
1605 3642 1816 3714 μακρόο

250 3753 402 3808 τερον,
433 3741 517 3794 ὅτε
549 3736 725 3813 ἦλθεν
748 3739 842 3792 ἐπὶ
869 3739 962 3794 τὸν
989 3741 1265 3812 τετραήμε
1276 3756 1364 3809 ρον
1392 3736 1543 3802 Λάζα
1554 3755 1664 3810 ρον,
1700 3736 1821 3790 οὐδὲ

249 3821 397 3890 εἶπεν,
428 3829 743 3902 Ἀνάστηθι,
769 3829 891 3883 οὐδὲ
919 3830 1098 3900 ἥψατο
1121 3832 1186 3899 τῇ
1213 3829 1358 3900 χειρὶ
1387 3828 1481 3881 τοῦ
1515 3829 1817 3898 μνήματος,

248 3917 347 3968 ἀλλ’
370 3919 535 3985 οὕτως
578 3924 647 3975 ἐν
679 3921 882 3992 ἑτοίμῳ
913 3921 1068 3975 καλεῖ
1099 3922 1157 3974 ἐν
1194 3923 1258 3991 τῇ
1294 3921 1399 3992 ἰδίᾳ
1426 3919 1665 3990 ἐξουσία·
1701 3920 1822 3973 Λά-

245 4007 380 4076 ζαρε,
422 4012 598 4080 δεῦρο
648 4012 782 4077 ἔξω.
841 4012 983 4065 Πολὺ
1021 4011 1080 4064 δέ
1125 4011 1513 4082 εὑχερέστερόν
1561 4013 1677 4062 ἐστι
1725 4011 1822 4064 καὶ

247 4100 564 4175 ἑτοιμότερον
594 4103 683 4168 τὸ,
716 4104 898 4171 Δεῦρο
927 4103 1064 4167 ἔξω,
1099 4102 1252 4174 παρὰ
1284 4103 1344 4155 τὸ
1383 4101 1643 4171 ἅψασθαι,
1673 4101 1734 4154 τὸ
1763 4101 1824 4154 δὲ

246 4192 460 4263 ἅψασθαι
494 4198 663 4252 πάλιν
697 4196 1089 4268 εὐχερέστερον
1123 4197 1238 4248 ἐστι
1284 4195 1418 4248 πολὺ
1449 4193 1542 4246 τοῦ
1570 4193 1821 4261 καλέσαι,

256 4284 316 4338 ἰι
349 4289 521 4356 παῖς,
548 4289 872 4356 ἀνάστηθι.
902 4284 1028 4342 Ὧδε
1072 4288 1129 4341 δὲ
1177 4288 1356 4342 πάντα
1401 4289 1547 4340 ποιεῖ
1591 4287 1620 4338 6
1667 4285 1822 4355 ἅγιος

247 4377 326 4429 τοῦ
349 4379 479 4434 Θεοῦ
529 4383 729 4452 Λόγος,
764 4382 852 4435 ἵνα
890 4383 1024 4452 ἡμῖν
1071 4380 1172 4452 τὴν
1202 4381 1394 4434 ἐλπίδα
1435 4379 1688 4450 ὑποδείξῃ
1724 4379 1824 4450 τῆς

249 4467 594 4538 ἀναστάσεως.

1921 3187 2066 3241 illam
2113 3184 2413 3257 Synagoga:
2460 3186 2724 3256 principis
2771 3186 2937 3240 filiam
2991 3201 3185 3241 recens
3229 3197 3506 3241 mortuam

1919 3278 2267 3341 accessisset,
2293 3278 2438 3347 quod
2463 3277 2652 3332 eadem
2679 3287 2828 3333 esset
2855 3277 2989 3331 hora
3013 3286 3251 3341 mortua,
3285 3279 3360 3333 ita
3383 3295 3505 3333 eam

1920 3369 2245 3438 compellare
2265 3369 2518 3439 dignatus
2539 3376 2623 3423 est
2645 3387 2659 3422 :
2683 3369 2870 3439 Surge,
2899 3369 3074 3438 puella
3097 3370 3141 3437 ⁸;
3161 3370 3364 3440 quibus
3387 3385 3510 3424 ver-

1921 3461 2006 3514 bis
2045 3458 2189 3530 quod
2225 3457 2338 3529 jam
2373 3459 2702 3514 dissolutum
2730 3468 2870 3525 erat,
2899 3475 3040 3515 novo
3082 3461 3277 3515 robore
3306 3459 3511 3514 confir-

1921 3555 2112 3619 mavit,
2143 3569 2268 3608 cum
2301 3553 2480 3608 adhuc
2510 3553 2564 3607 iu
2592 3553 2792 3609 lectulo
2817 3554 3050 3623 jaceret.
3090 3553 3158 3606 At
3191 3554 3366 3608 viduae
3387 3552 3512 3606 Nai-

1921 3645 2125 3700 mitlcm
2149 3644 2340 3709 illium,
2365 3643 2511 3714 quod
2541 3644 2596 3697 in
2621 3645 2802 3698 loculo
2821 3645 2932 3714 jam
2959 3643 3265 3708 efferretur,
3295 3646 3509 3700 facilius

1921 3735 2199 3790 excitavit.
2236 3733 2448 3804 Quippe
2482 3734 2721 3788 loculum
2751 3734 2950 3803 tetigit,
2988 3749 3170 3805 neque
3201 3733 3507 3803 quidquam

1924 3841 2095 3897 puero
2133 3825 2273 3880 dixit
2297 3827 2351 3879 ':
2385 3824 2478 3880 sed
2532 3823 2601 3878 ad
2635 3825 2812 3880 solum
2847 3823 3014 3878 loculi
3051 3832 3368 3878 contactum
3418 3823 3510 3877 ille

1924 3914 2185 3974 surrexit.
2219 3913 2377 3980 Quod
2407 3920 2592 3968 autem
2635 3914 2811 3968 multo
2845 3914 3011 3968 altius
3051 3927 3116 3967 ac
3157 3912 3511 3983 praestantius

1924 4017 2034 4070 cst,
2069 4017 2123 4062 et
2153 4008 2393 4061 humana
2429 4007 2580 4061 omni
2614 4023 2711 4077 spe
2752 4007 2911 4077 longe
2943 4009 3225 4076 superius,
3272 4022 3398 4061 cum
3443 4005 3511 4060 ad

1923 4099 2346 4168 quatriduanum
2362 4097 2628 4153 Lazarum
2651 4101 3115 4161 aecessisset,non
3136 4099 3293 4163 dixit,
3312 4099 3509 4168 Surge,

1925 4205 2026 4246 nec
2051 4193 2362 4261 sepulcrum
2387 4207 2551 4246 manu
2577 4191 2843 4262 contigit;
2874 4191 2966 4246 sed
2993 4190 3139 4259 quod
3165 4189 3301 4244 adeo
3328 4205 3513 4259 prom-

1926 4292 2078 4354 ptum
2109 4297 2176 4336 ac
2203 4282 2444 4352 proclive
2473 4289 2616 4344 erat,
2654 4297 2752 4350 pro
2782 4297 2880 4336 sua
2917 4286 3188 4350 potestate
3217 4279 3304 4332 his
3330 4279 3513 4333 verbis

1925 4377 2126 4431 excitat
2151 4394 2164 4429 :
2194 4373 2420 4437 Lazare,
2458 4373 2574 4428 veni
2603 4373 2811 4442 foras’.
2836 4371 2931 4427 Est
2964 4381 3147 4425 autem
3177 4371 3351 4425 multo
3376 4369 3509 4424 illud

1853 4464 1895 4518 D
1927 4469 2143 4523 facilius
2177 4468 2390 4531 dicere,
2435 4464 2564 4519 Veni
2593 4465 2762 4534 foras,
2804 4478 2968 4534 quam
3013 4461 3268 4517 manibus
3295 4461 3513 4516 contin-

249 4574 384 4627 gere;
429 4561 899 4632 quemadmodum
950 4567 1177 4631 tangere
1229 4559 1444 4616 facilius
1490 4569 1596 4621 est,
1646 4575 1809 4630 quam
1848 4560 2129 4614 evocando
2168 4559 2389 4612 dicere:
2423 4556 2634 4623 Puella,
2685 4572 2860 4627 surge.
2913 4555 3046 4623 Quae
3106 4554 3328 4624 quidem
3396 4569 3515 4610 om.

250 4655 324 4706 nia
352 4666 599 4711 sanctum
627 4656 724 4710 Dei
757 4655 993 4710 Verbum
1013 4657 1141 4710 ideo
1171 4657 1423 4710 molitum
1452 4664 1560 4722 est,
1587 4664 1645 4709 ut
1670 4670 1822 4725 spem
1865 4655 2026 4709 nobis
2062 4654 2485 4708 resurrectionis
2514 4652 2760 4708 offerret.

309 4743 420 4799 PA’.
483 4748 547 4801 Εἰ
613 4748 670 4800 δὲ
738 4747 1055 4818 βουληθείην
1116 4747 1214 4808 τὰς
1263 4749 1441 4811 πάσας
1518 4749 1819 4819 μαρτυρίας

251 4837 304 4888 ἐκ
344 4840 526 4894 πασῶν
574 4839 686 4892 τῶν
729 4839 960 4910 Γραφῶν
1012 4838 1354 4903 ἐκλέξασθαι,
1409 4840 1604 4910 μικρὸς
1651 4839 1751 4908 μὲν
1791 4839 1821 4892 6

249 4929 492 5002 ἡμέτερος
525 4931 676 4995 νοῦς,
711 4932 914 5003 βραχύς
950 4949 1010 4985 τε
1043 4931 1138 4983 καὶ
1171 4930 1389 5002 ἰδιώτης
1409 4948 1424 4960 ⁸
1455 4931 1605 5000 ὅμως
1635 4929 1724 4983 διὰ
1759 4928 1820 4982 τὸ

251 5020 430 5090 πλῆθος
467 5026 547 5087 εἰς
583 5024 718 5076 πολὺ
753 5023 954 5086 πλάτος
990 5021 1295 5075 ἐπεκτείνω
1333 5022 1424 5075 τὸν
1467 5021 1642 5089 λόγον.
1692 5021 1826 5073 Συν-

250 5110 368 5166 ελὼν
411 5115 469 5168 δὲ
513 5115 666 5186 ἐρῶ,
710 5115 792 5168 ὅτι
821 5118 855 5186 ή
897 5114 1054 5186 ήμῶν
1088 5115 1332 5185 σωτηρία
1359 5113 1622 5183 σύντομός
1650 5113 1822 5176 ἐστιν,

312 5265 326 5293 ³
349 5268 479 5327 Luc.
510 5288 632 5340 vm,
665 5273 753 5328 54.
830 5275 850 5304 ¹
878 5272 1036 5328 Joan.
1065 5289 1142 5338 ιι,
1174 5272 1264 5327 45.
1342 5272 1362 5304 ³
1394 5269 1580 5325 Matth.
1619 5286 1790 5335 xxvu,
1827 5271 1916 5325 55.

313 5443 416 5514 (64)
448 5447 556 5499 Καὶ
579 5449 692 5501 οὐκ
714 5443 842 5501 εἷπέ
867 5465 942 5502 τι.
968 5446 1225 5500 Memoria
1249 5445 1469 5508 labitur,
1495 5444 1652 5498 aliter
1673 5444 1817 5498 enim

254 5510 302 5564 in
332 5510 638 5584 Evangelia.
671 5544 740 5558 -
786 5517 858 5571 Ea
901 5519 955 5572 iu
993 5525 1144 5588 parte
1181 5517 1382 5570 labitur
1417 5516 1701 5586 Epiphanii
1737 5529 1822 5588 ar-

254 5588 617 5650 gumentatio;
667 5603 787 5656 qua:
831 5584 1012 5642 tamen
1060 5601 1161 5640 nec
1214 5595 1326 5639 tota
1358 5584 1595 5648 cori-uit;
1630 5584 1818 5656 paucis

255 5657 462 5710 mutatis
492 5652 733 5711 firmitati
767 5657 921 5711 facile
950 5657 1336 5712 restitueretur
1356 5672 1490 5710 suae.
1521 5655 1674 5724 Apud
1711 5652 1814 5706 Lu-

255 5733 361 5776 cam
388 5742 483 5793 vn,
525 5727 612 5792 M,
645 5727 874 5798 legimus
908 5725 1187 5782 Christum
1229 5724 1413 5782 Jcsum
1461 5741 1570 5780 non
1605 5734 1814 5778 tantum

1998 4746 2082 4802 Cl.
2130 4746 2329 4802 Verum
2360 4747 2406 4801 si
2434 4747 2795 4802 auctoritates
2821 4762 3012 4802 omnes
3031 4761 3060 4801 e
3087 4747 3264 4801 sacris
3294 4744 3516 4802 Litteris

1925 4853 2221 4908 excerpere
2269 4839 2534 4902 voluero,
2589 4841 2826 4908 primum
2875 4839 3058 4892 tenuis
3101 4853 3165 4891 ac
3214 4839 3515 4907 perpusilla

1925 4928 2192 5000 rudisque
2225 4944 2382 4985 mens
2425 4937 2506 4986 est
2545 4936 2733 4984 nostra
2769 4946 2782 4982 :
2817 4928 3016 4982 deinde
3051 4944 3244 4982 vereor
3287 4945 3354 4981 ne
3386 4944 3514 4997 proo

1927 5026 2050 5089 pter
2072 5019 2287 5087 copiam
2320 5032 2385 5072 ac
2411 5017 2820 5072 multitudinem
2859 5017 3079 5087 longius
3108 5018 3288 5071 oratio
3323 5027 3514 5073 nostra

1927 5110 2262 5182 proferatur.
2311 5109 2682 5177 Quamobrem
2733 5108 2958 5179 paucis,
3008 5108 3169 5182 104
3207 5119 3369 5180 atque
3411 5110 3515 5164 hoc

1994 5271 2014 5301 ⁵
2045 5267 2178 5324 Luc.
2217 5285 2339 5336 vm,
2372 5269 2463 5324 54.
2539 5270 2558 5301 ⁵
2602 5267 2738 5324 Luc.
2771 5284 2870 5335 vn,
2910 5269 2997 5329 l4,
3072 5270 3092 5302 ⁸
3121 5268 3280 5325 Joan.
3314 5285 3388 5330 xi,
3420 5267 3511 5322 45.

1927 5442 2173 5511 tetigisse
2193 5442 2454 5504 loculum,
2471 5457 2580 5512 quo
2599 5453 2849 5498 mortuus
2878 5442 3156 5498 ferebatur
3171 5441 3513 5512 adolescens;

1927 5508 2105 5568 sedet
2134 5513 2182 5566 ei
2230 5520 2356 5583 item
2386 5508 2614 5583 insuper
2638 5514 2963 5583 prmeepisse
2998 5522 3054 5583 ut
3079 5522 3344 5583 surgeret.
3380 5508 3514 5583 Vul-

1927 5530 2020 5568 seu
2052 5530 2105 5568 et
2134 5530 2182 5566 et
2231 5530 2356 5576 item
2386 5530 2614 5582 insuper
2638 5530 2811 5583 prisce
2858 5530 2963 5566 tsse
2998 5530 3054 5564 ιιι
3079 5530 3344 5582 surgeret.
3388 5530 3512 5563 νιιι-

1925 5591 2052 5653 gata
2074 5583 2266 5636 habet:
2302 5582 2643 5653 Adolescens,
2678 5584 2773 5638 tibi
2797 5530 2947 5635 (fico:
2988 5580 3188 5651 Surge;
3215 5581 3303 5653 cui
3330 5581 3512 5653 omni-

1925 5650 1996 5776 ῇὲ
2037 5653 2340 5775 ércgpondct
2381 5651 2569 5709 Graeca
2615 5654 2816 5709 dictio:
2868 5650 3173 5718 Νεανίσκε,
3225 5651 3308 5705 σοὶ
3349 5650 3514 5720 λέγω,

1971 5740 2030 5776 ⁴“.’
2069 5740 2097 5776 β
2137 5740 2245 5776 ητι.

1971 5740 2245 5794 ιγερυητι.
