3994 6406
553 326 651 384 l‘J'J

1925 322 1983 377 S.
2018 318 2372 375 EPll’llAMl
3544 334 3549 341 '
3676 318 3764 373 τοι)

548 455 659 495 uno
698 439 864 494 verbo
897 437 1226 508 complectar
1250 455 1265 492 ι
1293 435 1516 491 Brevem
1547 448 1611 489 ac
1647 433 2114 505 compendiariam

2229 440 2275 489 ὲν
2304 436 2435 488 πᾶσι
2465 433 2520 486 δὲ
2553 434 2609 486 ἐν
2645 434 2745 503 μιᾷ
2777 432 2952 485 ἐλπίδι
2974 434 3073 502 τῆς
3106 431 3452 497 ἀναστάσεως
3480 432 3605 502 ἡμῖν
3630 449 3771 503 κεκη-

548 531 741 585 salutis
766 545 888 585 esse
913 539 1119 583 nostra:
1143 530 1307 593 viam,
1335 542 1398 580 ac
1430 540 1542 597 prae
1569 525 1781 580 caeteris
1804 524 1859 577 in
1886 524 1990 578 hac
2011 539 2118 578 una

550 621 974 675 resurrectionis
1001 635 1124 689 qua:
1154 618 1444 688 prazdicata
1467 618 1626 672 nobis
1652 626 1759 679 est,
1787 616 1985 670 liducia
2009 616 2122 669 col-

548 712 803 765 locatam.
842 711 949 764 Sed
982 711 1066 765 his
1096 712 1252 765 ﬁdem
1284 711 1549 779 abrogant
1578 708 1845 770 inﬁdeles,
1880 723 2123 761 corrum-

548 811 683 869 punt
714 800 979 862 hmretici,
1010 805 1362 852 contumaces
1395 805 1682 865 respuunt,
1715 797 1837 849 vani
1871 796 2121 849 homines

549 891 825 959 rcjiciunt.
871 891 1013 945 Deus
1061 906 1191 944 vero
1239 888 1675 943 misericordiam
1712 887 1970 941 omnibus
2021 886 2123 940 im-

550 982 741 1049 pertiri
788 982 939 1043 velit,
983 990 1037 1034 et
1073 981 1345 1035 obductas
1386 980 1618 1049 caligine
1649 990 1858 1034 mentes
1904 978 2121 1031 illorum

553 1086 651 1125 sua
683 1073 801 1126 luce
841 1070 1152 1141 perfundat.
1194 1070 1405 1125 Etenim
1438 1071 1690 1140 gentiles,
1724 1070 1815 1123 ubi
1854 1069 2122 1137 Spiritum

552 1170 803 1216 sanetum
848 1162 1182 1231 acceperint,
1220 1162 1289 1214 ab
1323 1162 1437 1231 ipsa
1470 1162 1698 1215 veritate
1729 1176 1791 1215 ac
1825 1159 2123 1229 superiori-

553 1253 655 1307 bus
704 1254 957 1307 omnibus
1005 1254 1154 1307 hisce
1197 1252 1522 1306 testimoniis
1572 1251 1923 1316 refellentur,
1964 1251 2059 1305 sed
2093 1265 2122 1303 a

552 1344 706 1397 vobis
741 1345 971 1396 maxime
996 1351 1199 1396 sanctae
1226 1343 1319 1395 Dei
1351 1340 1611 1395 Ecclesia:
1636 1356 1699 1395 ac
1724 1342 1845 1395 ﬁdei
1867 1356 1917 1394 οι
1935 1342 2126 1395 thodo-

550 1449 630 1486 χιε
656 1433 797 1486 ﬁliis.
837 1432 1031 1485 Doccte
1062 1433 1245 1502 itaque
1277 1448 1371 1486 vos
1401 1434 1492 1501 qui
1525 1432 1731 1501 Spiritu
1772 1441 1963 1487 sancto
1986 1449 2125 1502 pra:-

549 1524 649 1576 ιΙιιί
689 1523 847 1583 estis,
884 1523 1085 1591 quibus
1119 1523 1413 1591 opportuni
1449 1523 1721 1577 sermonis
1753 1538 2016 1577 concessa
2049 1522 2127 1575 fa-

547 1615 726 1667 t‘ultas
748 1623 831 1666 est
865 1629 988 1664 cum
1025 1629 1089 1667 os
1116 1613 1445 1681 aperueritis
1476 1629 1489 1664 :
1522 1614 1753 1681 primum
1783 1613 1928 1681 quod
1958 1613 2126 1667 disci-

549 1704 661 1772 puli
701 1719 821 1757 csse
848 1703 1054 1757 Christi
1093 1703 1372 1757 meruistis
1416 1712 1696 1771 pastorum
1746 1704 2039 1772 principis,
2071 1713 2125 1758 et

2230 529 2523 597 ρυγμένης.
2549 527 2733 579 Ταῦτα
2754 526 2811 577 δὲ
2834 524 3152 577 ἀπιστοῦσιν
3178 528 3223 577 οῖ
3247 526 3483 587 ἄπιστοι,
3501 524 3776 595 παραφθεί-

2230 636 2379 688 ρουσι
2414 616 2712 681 κακόδοξοι,
2742 617 2801 669 οὐ
2843 616 3085 685 δέχονται
3121 616 3430 684 φιλόνεικοι,
3462 614 3775 668 ἀπωθοῦνται

2227 707 2509 771 κενόδοξοι.
2553 708 2677 769 Τοῖς
2718 707 2775 759 δὲ
2809 709 2973 759 πᾶσιν
3015 710 3043 759 ό
3082 706 3212 769 Θεὸς
3249 706 3311 758 τὸ
3337 705 3479 766 ἔλεος
3512 703 3775 774 παράσχοι,

2226 801 2321 851 καὶ
2341 798 2624 864 διαυγὰσοι
2646 796 2715 849 τὰ
2753 798 3105 867 ζεζοφωμένα
3136 798 3242 850 τῶν
3270 794 3780 865 διανοημάτων.Ἐλ-

2224 890 2381 959 ληνες
2414 891 2510 957 μὲν
2534 889 2641 959 γὰρ
2661 888 2914 951 λαϐόντες
2939 890 3161 959 Πνεῦμα
3182 890 3354 957 ἅγιον,
3385 886 3777 956 ἐλεγχθήσονται

2227 982 2333 1032 ὑπὸ
2388 982 2486 1049 τῆς
2541 980 2795 1047 ἀληθείας
2852 982 2944 1031 καὶ
3006 980 3195 1033 πασῶν
3254 981 3363 1031 τῶν
3412 977 3781 1048 προλεχθεισῶν

2230 1072 2563 1141 μαρτυριῶν,
2601 1070 2832 1139 μάλιστα
2857 1071 2911 1121 δὲ
2947 1070 3036 1138 ὑφ’
3056 1071 3207 1139 ὑμῶν
3235 1070 3344 1122 τῶν
3367 1070 3496 1123 υἱῶν
3522 1069 3617 1138 τῆς
3641 1070 3781 1135 ἁγίας

2224 1160 2317 1213 τοῦ
2361 1161 2494 1212 θεοῦ
2530 1160 2852 1228 Ἐκκλησίας
2893 1160 2986 1212 καὶ
3025 1159 3304 1230 όρθοδὸξου
3353 1160 3604 1220 πίστεως.
3652 1159 3782 1211 Διδά-

2228 1267 2384 1303 σκετε
2432 1251 2537 1319 γὰρ
2581 1250 2834 1312 λαϐόντες
2876 1251 3099 1319 Πνεῦμα
3152 1250 3328 1319 ἆγιον,
3381 1249 3781 1312 καταξιωθέντες

2226 1342 2384 1406 λόγου
2419 1340 2637 1391 εὐθέτου
2675 1342 2732 1391 ὲν
2757 1340 2961 1404 ἀνοίξει
2993 1340 3087 1393 τοῦ
3120 1342 3417 1410 στόματος⁹
3452 1340 3659 1411 πρῶτον
3682 1342 3779 1404 μὲν,

2227 1430 2307 1482 ὅτι
2354 1430 2589 1499 μαθηταὶ
2637 1428 2729 1481 τοῦ
2780 1429 3015 1499 Χριστοῦ
3061 1429 3488 1493 καταξιωθέντες
3534 1424 3666 1482 εἶναι
3704 1429 3779 1482 τοῦ

2228 1520 2614 1589 ἀρχιποιμένος
2649 1521 2742 1571 καί
2783 1520 3090 1589 προστάτου
3129 1521 3238 1573 τῶν
3280 1521 3565 1591 ἡμετέρων
3598 1520 3778 1590 ψυχῶν,

2226 1610 2301 1670 ὼς
2358 1610 2427 1662 τὰ
2478 1610 2720 1679 τρόφιμα
2776 1614 2888 1673 τοῖς
2936 1610 3029 1663 τοῦ
3080 1612 3319 1681 Χριστοῦ
3375 1611 3641 1680 ποιμνίοις
3691 1613 3780 1671 τοῖς

2230 1698 2436 1749 ἑαυτῶν
2500 1698 2648 1761 λαοῖς
2708 1703 3142 1767 συναγαγόντες,
3219 1701 3593 1771 μεριμνῶντες
3659 1700 3781 1760 ὅπως

551 1794 856 1845 animarum
885 1800 1197 1845 nostrarum
1231 1792 1618 1849 moderatoris.
1644 1807 1708 1844 ac
1736 1793 2003 1860 praesidis,
2039 1802 2124 1845 ut—

2230 1788 2453 1851 έαυτοῦς
2502 1806 2559 1841 τε
2606 1790 2698 1842 καὶ
2745 1790 2838 1842 τοῦ
2889 1792 3024 1843 Θεοῦ
3075 1792 3363 1862 θρέμματα
3390 1833 3405 1853 ,
3448 1792 3591 1860 qui".
3624 1790 3675 1842 δὲ
3709 1790 3783 1840 τὸν

552 1896 674 1952 pote
704 1885 796 1952 qui
829 1884 1030 1936 Christi
1082 1883 1371 1951 gregibus,
1423 1884 1522 1936 hoc
1563 1892 1647 1937 est
1676 1884 1986 1937 manumissis
2030 1900 2127 1953 po-

552 1974 693 2042 pulis
717 1974 970 2026 alimenta
1000 1974 1339 2041 colligentes,
1361 1973 1548 2026 incum
1577 1987 1765 2024 curam
1796 1972 2129 2039 incumbitis,

551 2072 612 2117 ut
642 2073 749 2116 tam
782 2080 878 2118 vos
912 2064 1080 2132 ipsos,
1125 2078 1288 2131 quam
1331 2062 1423 2115 Dei
1460 2078 1675 2131 pecora,
1709 2078 1901 2131 nempe
1936 2079 2127 2131 quem-

550 2156 680 2208 libet
728 2155 823 2222 qui
866 2170 931 2207 εκ
980 2162 1169 2207 sancta
1221 2154 1311 2205 illa
1353 2161 1498 2207 terra
1540 2168 1661 2221 quae
1718 2154 1860 2221 apud
1909 2153 2129 2223 Moysen

549 2244 910 2313 signiﬁcatur,
948 2245 1180 2295 fructum
1209 2258 1401 2310 capere
1431 2241 1686 2303 voluerit,
1720 2241 1911 2296 sedulo
1938 2258 2128 2311 pasca-

549 2336 639 2391 tis.
679 2336 811 2400 Quis
846 2335 1009 2405 igitur
1044 2334 1308 2403 prudens,
1344 2335 1389 2388 si
1424 2333 1494 2387 ad
1526 2349 1619 2387 vos
1653 2335 1941 2404 religiosos
1969 2350 2033 2389 ac
2066 2335 2130 2388 ﬁ-

548 2428 698 2481 deles
735 2427 1009 2495 respiciat,
1050 2442 1082 2477 ο
1124 2426 1381 2478 catholici
1424 2433 1479 2479 et
1530 2423 1787 2479 Ecclesiae
1834 2426 1929 2478 ﬁlii
1980 2426 2128 2494 (cum
2172 2418 2173 2421 “

549 2516 759 2585 aliquos
787 2515 1032 2577 nomino,
1062 2514 1309 2569 veritatis
1332 2529 1523 2568 omnes
1556 2514 1718 2577 ﬁlios,
1748 2515 1827 2567 uti
1860 2516 2128 2585 scriptum

550 2578 657 2671 est,
685 2598 1073 2676 comprehendi
1101 2604 1268 2673 volo),
1298 2605 1445 2673 quis,
1478 2604 1721 2672 inquam,
1754 2620 1852 2660 vos
1883 2606 2125 2671 intuens,

550 2697 617 2751 de
662 2697 857 2751 borum
889 2695 993 2750 ﬁde
1022 2694 1323 2750 dubitabit?
1368 2694 1476 2750 Vos
1510 2697 1655 2749 enim
1691 2696 1953 2764 sapientis
1981 2698 2127 2753 illius

550 2803 616 2842 ac
647 2787 961 2843 fortissimae
999 2787 1245 2840 mulieris
1292 2787 1426 2841 estis
1477 2786 1607 2852 ﬁlii,
1656 2787 1817 2854 cujus
1865 2788 2033 2843 decus
2074 2796 2129 2844 et

550 2881 779 2951 gloriam
827 2880 1085 2933 Salomon
1136 2878 1219 2933 his
1257 2879 1439 2934 verbis
1488 2880 1758 2947 expressit
1797 2899 1809 2931 :
1849 2878 2128 2934 Mulierem

551 2974 742 3038 [artem
763 2972 877 3038 quis
906 2970 1126 3023 inveniet
1149 2970 1164 2999 ί
1191 2969 1213 3021 ?
1251 2966 1432 3034 Quare
1460 2984 1586 3023 cum
1617 2984 1797 3022 raram
1832 2970 1979 3023 illam
2004 2988 2128 3028 esse

553 3061 635 3115 vel
669 3060 998 3129 singularem
1028 3059 1211 3128 potius
1234 3058 1477 3127 judicet,
1512 3072 1607 3112 vos
1639 3056 1784 3127 quod
1819 3059 2015 3114 melius
2043 3070 2127 3116 est

2233 1878 2553 1948 βουλόμενον
2606 1881 2821 1944 πάντως
2863 1881 3188 1948 ὼφελεῑδθαι
3244 1883 3308 1934 ἐκ
3351 1882 3448 1950 τῆς
3495 1881 3649 1947 ἁγίας
3701 1880 3783 1948 γῆς

2227 1972 2326 2039 τῆς
2376 1970 2525 2039 παρὰ
2579 1972 2785 2042 armasti
2843 1972 3240 2041 αἰνιττομένηςν
3300 1972 3562 2042 θρέψητε·
3620 1971 3704 2031 Τίς
3738 1970 3782 2019 δὲ

2226 2061 2335 2112 τῶν
2388 2062 2791 2130 εῦφρονούντων
2826 2064 2905 2125 εἰς
2950 2064 3091 2133 ὑμᾶς
3144 2065 3268 2125 τοὺς
3308 2062 3557 2123 εὐλαϐεῖς
3596 2061 3682 2112 καὶ
3718 2076 3785 2109 πι-

2232 2154 2388 2214 στοὺς
2429 2151 2677 2215 σκοπῶν,
2704 2147 2747 2205 ὦ
2774 2152 3042 2223 όρθόδοξοι
3080 2152 3171 2204 καὶ
3214 2148 3317 2205 υἰολ
3349 2153 3450 2220 τῆς
3489 2150 3781 2217 Ἐκκλησίας

2246 2245 2442 2313 (ἐνίους
2471 2246 2577 2313 γὰρ
2605 2244 2799 2312 λέγων,
2821 2247 3027 2310 πάντας
3060 2244 3182 2306 τοὺς
3220 2245 3366 2306 υἱοὺς
3403 2244 3501 2312 τῆς
3537 2241 3765 2311 ἀληθείας

2229 2336 2391 2403 λέγω,
2428 2337 2568 2388 κατὰ
2590 2336 2651 2388 τὸ
2678 2335 3104 2407 γεγραμμένον),
3131 2336 3218 2398 τίς
3252 2337 3377 2404 περί
3408 2334 3613 2386 τούτων
3636 2336 3783 2401 ἀμςιο

2229 2430 2446 2492 ϐάλλοις
2491 2430 2666 2498 Σοςῆς
2703 2429 2809 2499 γὰρ
2838 2428 2989 2489 ὄντες
3032 2430 3125 2481 καὶ
3168 2428 3552 2496 ἀνδρειοτάτης
3590 2426 3685 2476 υἰοί
3703 2441 3784 2491 γυ·

2229 2520 2432 2581 ναικὸς,
2457 2516 2525 2589 ἦς
2541 2519 2599 2570 τὸ
2626 2519 2778 2580 κλέος
2797 2520 2948 2590 παρὰ
2970 2519 3274 2587 Σολομῶντι
3291 2520 3503 2585 λέγοντι
3526 2516 3785 2570 Τυναῖκα

2228 2609 2514 2677 ἀνδρείαν
2540 2610 2632 2675 τίς
2659 2609 2936 2677 είιριξσεω
2962 2610 3036 2672 ὡς
3066 2610 3295 2673 σπανίας
3325 2610 3515 2679 οῦσης,
3541 2607 3783 2679 μᾶλλονδὲ

2232 2702 2380 2770 μιᾶς,
2404 2699 2464 2751 τὸ
2491 2702 2741 2772 κρεῖττον
2766 2700 3070 2766 ἐκλέξεσθε,
3097 2702 3190 2753 καὶ
3215 2701 3274 2753 τὸ
3297 2701 3577 2771 ὠφέλιμον
3594 2701 3782 2767 ἀγαπῄο

2229 2809 2368 2846 σετε.
2384 2787 2760 2857 Ἀνδρείανδὲ
2776 2793 3025 2859 γυναῖκα
3042 2792 3210 2845 νοείτέ
3238 2810 3329 2863 μοι
3366 2793 3466 2863 τὴν
3493 2789 3783 2859 Ἐκκλησίαν

2228 2885 2319 2938 τοῦ
2360 2885 2491 2938 Θεοῦ
2528 2887 2625 2957 τὴν
2660 2887 2813 2956 ὑμῶν
2863 2886 3092 2957 μητέρα,
3123 2881 3190 2957 ἦς
3228 2887 3379 2939 οὐδὲν
3418 2885 3779 2957 ἀνδρειότερον,

2229 2977 2568 3046 θνησκούσης
2629 2978 2749 3030 καθ’
2800 2979 3029 3031 ἕκαστον
3097 2978 3520 3048 ἐπεγειρόμενον
3578 2972 3781 3044 διωγμιν

2234 3067 2373 3137 ὑπὲρ
2404 3068 2499 3121 τοῦ
2528 3070 2785 3138 ὀνόματος
2817 3070 2911 3123 τοῦ
2944 3069 3071 3121 ἰδίου
3098 3068 3310 3139 ἀνδρός.

549 3155 748 3221 eligite,
774 3163 827 3209 et
857 3153 1000 3224 quod
1023 3154 1151 3208 utile
1184 3160 1269 3208 est
1294 3152 1563 3206 adamate.
1600 3151 1817 3206 Fortem
1847 3168 1978 3207 vero
2028 3158 2297 3214 mulierem
2324 3162 2388 3213 ad
2444 3163 2743 3216 Ecclesiam
2791 3162 2907 3229 Dei,
2956 3170 3295 3231 matremque
3343 3169 3583 3217 vestram
3641 3155 3782 3229 perti-

550 3267 681 3306 nerc
724 3260 933 3321 putate,
974 3265 1081 3320 qua
1111 3249 1248 3303 nihil
1283 3264 1407 3305 esse
1446 3257 1627 3319 potest
1669 3250 1888 3314 fortius,
1922 3260 1976 3305 ut
2010 3268 2131 3321 qua:
2164 3256 2396 3327 singulis
2425 3259 2733 3328 quibusque
2758 3259 3234 3328 pcrsecutionihus
3284 3273 3382 3327 pro
3440 3258 3544 3311 viri
3568 3256 3650 3311 sui
3698 3266 3781 3305 ιιοο

555 3341 699 3397 mine
738 3349 969 3395 mortem
1000 3349 1241 3410 appetat.

620 3426 729 3481 Cll.
774 3427 974 3481 Eadem
1017 3403 1145 3480 vero
1180 3426 1568 3482 candidissima
1602 3430 1799 3483 mulier
1825 3430 1890 3485 de
1922 3446 2126 3501 sponso

2299 3403 2416 3487 PB".
2448 3434 2593 3506 Δῦτη
2637 3432 2731 3490 οῦν
2780 3438 2811 3507 ἡ
2858 3437 3243 3505 ἐπιεικεστάτη
3276 3435 3365 3489 τὸν
3412 3434 3543 3488 ἴδιον
3584 3434 3782 3510 νυμφίον

554 3532 654 3571 suo
689 3517 981 3585 diligenter
1021 3517 1335 3571 sciscitatur
1374 3517 1427 3571 in
1463 3520 1708 3573 Canticis
1736 3539 1749 3573 z
1780 3520 1879 3573 ι’ὺὶ
1919 3524 2126 3590 pascis,

553 3606 642 3660 ubi
682 3610 845 3661 cubas
878 3609 934 3660 in
976 3608 1192 3661 meridie
1217 3612 1236 3639 ¹
1258 3610 1280 3661 ?
1306 3609 1559 3665 Christus
1589 3626 1719 3665 vero
1754 3612 1809 3664 in
1851 3621 1996 3666 terra
2038 3614 2129 3667 illa

554 3716 659 3753 non
708 3700 869 3753 modo
914 3700 1113 3769 pascit,
1165 3701 1261 3754 sed
1292 3709 1345 3754 et
1379 3712 1655 3770 pastorum
1686 3718 1913 3757 suorum
1966 3705 2129 3774 pedes

553 3790 937 3843 calceamentis
972 3791 1099 3844 exui
1125 3791 1303 3860 jubet,
1352 3794 1427 3845 uti
1464 3791 1675 3863 Moyses
1720 3795 1989 3864 principio
2028 3796 2125 3850 de-

554 3879 849 3933 claravit’.
877 3879 920 3931 A
955 3896 1066 3948 quo
1092 3891 1145 3934 et
1172 3896 1271 3936 vos
1302 3882 1563 3937 traditum
1602 3885 1733 3938 illud
1774 3888 2127 3958 accipientg,

555 3968 789 4036 primum
826 3984 921 4023 eos
945 3970 1041 4038 qui
1072 3970 1139 4022 ad
1170 3979 1414 4026 sanctam
1445 3974 1729 4029 sclentiam
1765 3977 2127 4031 introducun-

554 4062 665 4116 tur,
697 4062 813 4107 tuto
844 4055 1085 4126 dirigite,
1118 4068 1172 4112 et
1211 4067 1267 4111 ut
1305 4062 1532 4129 quilibet
1563 4064 1776 4117 calceos
1811 4073 1975 4119 exuat
2005 4067 2129 4119 tlili-

554 4155 742 4213 genter
772 4144 991 4200 'clIicitc.
1025 4144 1165 4199 Varii
1199 4163 1359 4216 porro
1403 4161 1532 4204 sunt
1566 4152 1997 4224 uniuscujusque
2025 4170 2126 4208 no-

552 4244 725 4289 strum
766 4237 932 4292 calcei
960 4254 975 4301 ;
1009 4254 1133 4291 nam
1165 4240 1281 4293 suis
1311 4243 1541 4311 quisque
1572 4242 1731 4299 factis
1752 4246 2125 4300 velutcalcea-

551 4328 743 4383 mentis
779 4330 1058 4383 subnexus
1087 4339 1193 4385 est.
1236 4332 1411 4400 Atque
1444 4334 1598 4403 105
1638 4336 1741 4390 hoc
1777 4337 1941 4391 modo
1969 4337 2127 4391 vobis

550 4416 752 4470 Christi
783 4417 1069 4487 discipulis
1089 4428 1142 4475 et
1164 4424 1396 4491 egregiis
1426 4427 1736 4490 pastoribus
1761 4428 2126 4497 obsequentes

554 4506 783 4575 singuli,
821 4508 867 4561 si
901 4510 1025 4577 quis
1073 4510 1344 4565 idolorum
1395 4514 1542 4568 cultu
1578 4520 1727 4569 velut
1766 4520 1951 4572 calceo
1995 4520 2126 4577 sub-

553 4596 781 4650 strictus
804 4606 907 4659 est,
932 4599 1080 4652 hunc
1109 4600 1285 4668 ipsum
1314 4602 1519 4655 cultum
1546 4614 1725 4659 vestra
1750 4608 2127 4664 cohortatione

554 4686 743 4753 solvit;
785 4688 924 4745 alius
957 4690 1282 4746 adulterium
1316 4695 1484 4757 exuit,
1519 4696 1934 4755 fornicationem
1962 4704 2124 4770 alius,

554 4777 693 4873 alius
722 4778 945 4845 furtum,
979 4780 1328 4851 cupiditatem
1358 4786 1499 4840 alius
1522 4796 1575 4841 et
1601 4791 1903 4846 avaritiam.
1937 4793 2123 4863 Neque
2155 4820 2198 4873 ι)

554 4869 657 4924 hoc
689 4878 916 4930 tantum.
951 4873 1043 4927 sed
1083 4884 1133 4927 et
1168 4873 1545 4931 abominandis
1577 4881 1753 4937 verbis
1780 4897 1842 4935 ac
1870 4886 2121 4953 turpibus

554 4962 893 5025 renuntians,
917 4979 1011 5032 spe
1039 4963 1315 5021 fclicitatis
1346 4968 1556 5025 illectus
1588 4974 1967 5043 unusquisque
2000 4991 2123 5031 sese

558 5049 658 5103 sub
694 5050 1044 5106 fortissimam
1094 5056 1281 5124 optimi
1333 5061 1569 5127 pastoris
1614 5077 1835 5117 manum
1878 5079 1974 5134 per
2020 5080 2118 5122 vos

558 5138 848 5205 prteclaros
888 5140 1187 5211 discipulos
1219 5148 1553 5213 pascendum
1586 5152 1881 5205 committit
1914 5170 1927 5205 :
1962 5169 2125 5210 nemo

625 5296 639 5325 '
672 5291 829 5349 Prov.
866 5310 1013 5363 xxxi,
1050 5296 1135 5350 10.
1225 5300 1244 5329 ²
1268 5298 1424 5356 Cant.
1464 5317 1501 5368 ι,
1537 5303 1589 5356 7.
1668 5304 1688 5336 ³
1722 5303 1892 5359 Exod.
1925 5323 2007 5370 ιιι,
2039 5308 2093 5363 5.

627 5444 750 5529 (65)_
776 5446 898 5529 ,Ἔχ
925 5446 1000 5529 τῇ
1022 5448 1113 5529 ’τῇ
1161 5453 1569 5529 πςροειρτυιένῃ,
1602 5456 1935 5529 Crediderim
1968 5459 2119 5515 hisce

556 5513 613 5593 in
642 5513 820 5593 verbis
848 5518 907 5570 S.
933 5513 1299 5593 ’Epipliani’utn
1318 5513 1658 5593 '.rcspe§isse
1698 5527 1764 5579 ad
1792 5513 2115 5584 Ecclesiaﬁm.

558 5578 737 5663 l‘iostri
782 5578 1101 5663 interpretcs
1147 5588 1324 5643 locum
1368 5578 1519 5645 illum
1570 5578 2117 5663 caprimcrehllatinis

561 5648 738 5703 verbis
765 5648 1241 5720 prmtchniserunt.

2229 3524 2470 3594 ἀκριϐῶς
2491 3526 2669 3595 ἐρωτᾷ
2692 3528 2747 3578 ἐν
2778 3529 2843 3595 τῇ
2872 3525 3035 3595 βίϐλῳ
3057 3525 3165 3577 τῶν
3182 3525 3469 3594 ’ᾼσμάτων
3494 3542 3507 3555 ’
3545 3525 3658 3576 Ποῦ
3677 3540 3779 3574 ποι-

2224 3616 2495 3682 μιιίνεις;
2521 3616 2636 3669 ποῦ
2662 3616 2943 3681 κατάξεις
2966 3616 3034 3668 ἑν
3049 3616 3419 3683 μεσημὲρίςυ
3442 3615 3712 3685 ΙΙοιμαὶνει
3737 3612 3781 3664 δὲ

2229 3706 2459 3774 Χριστὸς
2487 3707 2544 3756 ἐν
2573 3710 2643 3775 γῇ
2672 3710 2737 3777 τῇ
2768 3708 3141 3778 προειρημένῃ
3161 3707 3294 3777 (65),
3320 3706 3411 3759 καὶ
3430 3708 3491 3759 οὐ
3517 3707 3667 3777 μόνον
3687 3720 3779 3755 ποι-

2232 3798 2429 3866 μαίνει,
2474 3797 2611 3850 ἀλλὲι
2654 3799 2747 3850 καὶ
2792 3799 3124 3869 προστάσσει
3159 3798 3305 3851 λύειν
3339 3798 3398 3851 τὸ
3428 3799 3673 3868 ὗπῶημα
3693 3794 3779 3847 τῶν

2230 3888 2403 3941 ποδῶν
2428 3888 2536 3938 τῶν
2565 3890 2853 3957 ποιμένων,
2877 3888 2949 3950 ὡς
2975 3889 3215 3959 Mei-33?};
3241 3888 3457 3959 πρῶτον
3478 3886 3770 3955 λέγει.Παρ’

2229 3973 2290 4030 οῦ
2327 3977 2425 4047 τὴν
2466 3978 2761 4047 παράδοσιν
2804 3979 3199 4049 παρειληφότες
3238 3980 3331 4032 καὶ
3370 3980 3544 4042 αὐτοὶ,
3580 3980 3696 4039 τοὺς
3716 3974 3779 4033 εἰς

2227 4068 2326 4136 τὴν
2373 4068 2530 4133 ἁγίαν
2560 4070 2868 4137 ἐπιστήμην
2898 4071 3305 4138 εἰσαγομένους,
3334 4071 3588 4139 ἀσφαλῶς
3613 4081 3777 4139 χειραο

2229 4159 2455 4224 γωγεῖτε
2478 4156 2587 4226 (66)
2626 4158 2859 4228 πρῶτον,
2889 4160 2957 4211 τὰ
2987 4160 3309 4229 ὑποδήματα
3331 4161 3565 4214 έκάστου
3591 4155 3777 4211 ἐπιλύε-

2232 4247 2291 4299 σθ
2304 4266 2351 4299 ιο,
2378 4248 2781 4317 ἐπιμελόμενοι.
2805 4250 3155 4320 Ὑποδήματα
3180 4251 3234 4303 δὲ
3265 4252 3495 4304 ἑκάστου
3522 4251 3668 4321 ἡμῶν
3686 4247 3776 4316 ἔχει

2228 4337 2521 4405 δια’,;οράν’
2565 4342 2629 4409 τῇ
2675 4340 2782 4408 γὰρ
2815 4341 2919 4409 iii;
2960 4342 3071 4410 ((57)
3112 4340 3306 4393 ἑαυτοῦ
3344 4342 3539 4411 πράξει
3570 4342 3771 4395 ἕκαστος

2230 4427 2553 4496 ὑπεδήσατο.
2614 4430 2721 4481 Καὶ
2754 4429 2935 4483 λοιπὸν
2972 4432 3124 4501 ὑμῶν
3160 4432 3265 4484 τῶν
3299 4432 3555 4502 μαθητῶν
3591 4431 3673 4483 καὶ
3698 4443 3775 4479 xa-

2230 4518 2335 4570 λῶν
2378 4520 2647 4589 ποιμένων
2674 4522 2962 4575 ὑπακούων
2992 4524 3249 4588 ἕκαστος,
3282 4524 3340 4586 ὃς
3369 4525 3467 4593 μὲν
3507 4522 3775 4591 ὑπεδήσατο

2231 4610 2691 4680 εἰδωλολατρείαν,
2724 4615 3027 4667 ὑπελύσατο
3057 4618 3123 4685 τῇ
3153 4615 3308 4685 ἡμῶν
3332 4615 3580 4685 νουθεσίᾳ
3599 4632 3611 4644 ·
3643 4609 3771 4667 ἄλλος

2230 4703 2285 4754 δὲ
2319 4702 2562 4772 μοιχείαν
2595 4704 2918 4769 ὑπελύσατο,
2951 4706 3136 4776 ἕτερος
3169 4707 3442 4775 πορνείαν,
3485 4705 3635 4767 ἀλλος
3667 4702 3769 4753 κλοα

2228 4794 2354 4864 πὴν,
2392 4794 2449 4857 ὃς
2478 4794 2533 4847 δὲ
2572 4796 2900 4863 πλεονεξίαν.
2927 4798 3001 4849 Οὐ
3036 4799 3194 4867 μόνον
3222 4799 3300 4861 δὲ,
3340 4798 3476 4852 ἀλλά
3498 4798 3587 4851 καὶ
3622 4795 3771 4859 λόγοις

2230 4888 2513 4955 στυγητοῖς
2547 4887 2638 4937 καὶ
2669 4890 2909 4957 αἰσχροῖς
2947 4890 3186 4959 ῥήμασιν
3216 4891 3656 4959 ἀποτασσόμενοι,
3689 4898 3769 4951 μα’

2230 4992 2295 5028 κα
2308 4976 2425 5045 ρίας
2450 4976 2470 5007 ⁸
2504 4976 2713 5031 ἐλπίσιν
2744 4980 2846 5031 ὑπὸ
2869 4982 3028 5049 χεῖρα
3056 4982 3320 5051 κραταιὰν
3342 4982 3435 5035 τοῦ
3463 4978 3656 5050 ἀγαθοῦ
3682 4989 3771 5025 παρ

2234 5066 2390 5134 μένος
2436 5068 2499 5119 δι’
2536 5069 2689 5137 ὑμῶν
2722 5070 2831 5122 τῶν
2881 5070 3060 5124 καλῶν
3090 5072 3239 5143 (τῶν)
3281 5073 3535 5143 μαθητῶν
3574 5070 3770 5123 ἕκαστος

2234 5156 2603 5227 βουκολεῖσθαι
2662 5163 3029 5233 παραδίδωσιν
3082 5164 3272 5220 ἑαυτόν
3302 5182 3323 5196 "
3383 5165 3633 5235 ἀφέξεται
3680 5155 3767 5225 γὰρ

2232 5306 2291 5363 Ρ.
2319 5313 2635 5383 μακαρίαις.

2440 5467 2873 5546 ξειρᾳγωζεῖτε,
2914 5486 3075 5546 manu
3126 5470 3301 5546 ducite
3322 5512 3338 5536 ,
3372 5463 3759 5546 ιιιαιιιι-ιίίνὶςῖίιεΓ

2226 5534 2410 5672 ὼ
2445 5534 2521 5603 Tt?
2547 5534 2653 5605 γὰρ
2684 5534 2823 5603 ἰδίᾳ,
2856 5548 2966 5595 etc.
3012 5540 3292 5597 Sententia
3324 5534 3760 5598 animadversio“
