3994 6410
423 288 527 344 ξῚὲῚ

1808 291 1863 345 S.
1908 290 2252 347 EPIPIIANII

3587 283 3684 336 τιμε

423 404 592 457 fratre
632 397 958 454 concubitus
989 396 1248 452 affectat?
1283 413 1458 469 neque
1491 398 1594 454 hoc
1632 407 1870 469 tantum,
1911 405 2004 459 sed

2134 406 2203 458 τοῦ
2233 407 2364 459 ἰδίου
2393 404 2624 476 ἀδελφοῦ
2656 405 2924 478 Θανούσης
2952 410 2964 438 ¹
2991 425 3001 438 ·
3038 407 3099 460 οὐ
3139 405 3299 478 μόνον
3337 405 3414 472 δὲ,
3447 403 3580 460 ἀλλὰ
3603 409 3685 460 καὶ

421 500 475 549 et
520 492 774 545 fraterna:
817 491 969 546 necis
1006 491 1319 560 exemplum
1371 493 1728 549 amicissimis
1782 503 2010 564 propter

423 585 762 639 lnexhaustaz
792 583 1039 638 libidinis
1072 583 1391 639 aviditatem
1423 585 1790 641 demonstrat.
1828 587 1893 641 Et
1920 587 2008 642 illa

423 676 640 746 quidem
675 674 879 732 [lorum
905 677 1127 729 unicum
1154 676 1322 730 lilium
1351 677 1546 748 gignit,
1572 680 1665 750 qui
1689 696 2010 751 germanum

424 781 585 821 suum
631 773 840 835 patrem
894 780 924 818 a
974 767 1195 822 nemine
1240 777 1394 823 certo
1442 772 1750 840 comperire
1788 771 2007 842 potuit:

424 876 550 914 nam
569 861 683 915 sive
705 859 1023 931 Typhonem
1052 863 1276 928 coleret,
1297 864 1574 919 dubitaret
1597 880 1830 920 verusne
1854 872 2004 921 esset

427 951 599 1020 ipsius
628 951 880 1019 genitor;
915 953 998 1006 sin
1026 950 1210 1007 Osirin
1239 954 1538 1024 praeferret,
1563 957 1688 1026 quis
1721 956 2013 1011 certiorem

428 1043 578 1096 illum
622 1058 746 1098 esse
792 1047 1236 1101 demonstraret?
1277 1046 1608 1101 Praeclarum
1656 1064 1786 1103 vero
1826 1047 2011 1114 deum,

428 1141 616 1204 utpote
645 1135 746 1189 sub
793 1136 1066 1204 ejusmodi
1100 1137 1394 1208 disciplina
1440 1139 1634 1194 matris
1671 1141 2010 1206 institutum,

427 1243 550 1296 «pun
589 1227 776 1281 decem
832 1235 976 1282 totos
1015 1244 1190 1283 annos
1241 1229 1295 1282 in
1349 1230 1482 1283 urbe
1519 1229 1662 1300 Tyro
1702 1231 2013 1286 meretricis

429 1333 580 1373 more
622 1334 740 1373 sese
793 1320 1105 1387 prostituit!
1166 1319 1318 1386 Quod
1374 1329 1555 1376 autem
1609 1321 1841 1391 Serapin
1891 1324 2006 1377 sive

2112 495 2528 564 ἀδελφοκτονίαν
2587 496 2676 550 διὰ
2711 496 2808 568 τὴν
2845 497 2981 550 ἰδίαν
3028 498 3129 567 τῆς
3177 497 3473 568 ἐπιθυμίας
3510 497 3689 567 ἀκορε-

2116 587 2268 638 στίαν
2295 589 2406 650 τοῖς
2459 587 2734 655 φιλτάτοις
2795 588 3164 642 ὑποδείκνυσι.
3215 589 3325 641 Καὶ
3361 583 3527 658 τΩρος
3559 589 3580 618 '
3604 590 3690 658 μὶν

2112 677 2207 729 ἕνα
2256 679 2423 749 γεννᾷ.
2474 678 2659 742 παῖδα,
2693 671 2737 746 ᾧ
2767 679 2868 731 οὐκ
2919 678 3158 750 ἠδυνήθη
3209 679 3558 750 παραστῆσαί
3596 696 3690 742 τις,

2113 769 2162 820 εἰ
2183 769 2406 839 γνήσιος
2427 768 2642 840 ἀληθῶς
2676 771 2824 824 ἐστιν
2854 771 3020 825 αὐτοῦ
3055 774 3238 844 πατὴρ
3264 789 3276 802 ο
3315 774 3346 843 ἦ
3376 774 3442 826 ἂν
3472 773 3566 842 μὲν
3593 771 3695 825 Τύ·

2114 879 2267 930 φωνα
2288 863 2518 933 τιμήσῃ.
2551 863 2814 928 διστάζει,
2857 864 2932 936 μὴ
2953 865 3052 918 οὐκ
3105 865 3254 918 ἔστιν
3280 865 3445 919 αὐτοῦ
3479 866 3660 934 γονεύς

2117 955 2165 1006 εἰ
2198 954 2253 1006 δὲ
2279 954 2369 1007 τὸν
2409 955 2644 1024 Ὄσιριν,
2690 956 2772 1020 τίς
2802 956 2945 1010 οὕτω
2972 959 3072 1030 τὴν
3106 959 3392 1029 ἀκρίϐειαν
3426 959 3672 1030 παραστή

2119 1062 2228 1098 σειε
2252 1064 2265 1108 ;
2303 1047 2482 1100 Καλὸν
2511 1048 2567 1100 δὲ
2588 1047 2710 1101 θεὸν
2737 1052 2771 1120 ἡ
2797 1050 3024 1121 τοιαύτη
3049 1053 3233 1123 μήτηρ
3263 1052 3510 1105 ἐδίδασκε
3536 1068 3698 1122 παρα-

2115 1135 2356 1190 λαϐοῦσα
2407 1137 2590 1203 αὐτὸν,
2653 1140 2744 1192 καὶ
2795 1142 2852 1194 ἐν
2890 1140 3053 1213 Τύρῳ
3089 1141 3440 1214 πορνεύσασα
3475 1142 3584 1208 (80)
3614 1143 3699 1211 ἔτη

2116 1228 2286 1282 δέκαί
2318 1229 2556 1300 Σέραπίν
2579 1249 2635 1283 τε
2683 1232 2775 1284 τὸν
2814 1234 2979 1286 Ἀπιν
3003 1234 3114 1305 (8|)
3158 1235 3380 1304 βασιλέα
3421 1236 3700 1288 Σινωπέων

2117 1320 2512 1386 Θεοποιοῦντες,
2543 1325 2814 1396 τυραννίδι
2843 1324 3164 1380 ἓδούλευσαν
3187 1321 3332 1399 ἢπερ
3357 1325 3603 1397 ἀληθεία.

430 1411 570 1478 Apin
626 1407 1012 1480 SinOpensium
1069 1427 1249 1481 regem
1279 1411 1421 1466 inter
1454 1413 1586 1468 deos
1637 1416 1965 1478 retulerunt,
2011 1418 2301 1486 tyrannico
2341 1417 2643 1471 dominatui
2693 1419 2874 1488 potius
2911 1433 3075 1487 quam
3117 1417 3337 1472 veritati
3381 1417 3699 1472 servierunt.

495 1500 605 1554 CV.
637 1500 761 1555 llaec
798 1511 928 1556 sunt
956 1503 1182 1557 deorum
1210 1504 1304 1574 qui
1339 1505 1409 1558 ab
1434 1496 1708 1577 ZEgvptiis
1731 1507 2012 1574 coluntur,

426 1596 644 1666 praemia
671 1613 684 1648 :
716 1609 854 1663 quos
879 1595 923 1649 si
952 1595 1276 1666 singillatim
1312 1612 1572 1652 enarrare
1606 1599 1854 1663 voluero,
1898 1598 2018 1668 plu-

2194 1509 2321 1565 PE’.
2342 1508 2528 1563 Ταῦτά
2577 1512 2692 1563 ἐστι
2730 1511 2839 1563 τῶν
2877 1511 3010 1583 παρ’
3033 1510 3351 1578 Αἰγυπτίοις
3389 1513 3702 1581 τιμωμένων

2125 1600 2262 1655 θεῶν
2290 1601 2361 1654 τὰ
2392 1600 2648 1672 ἐπίχειρα
2673 1618 2687 1632 ο
2728 1595 2803 1655 ὧν
2839 1601 2900 1654 τὸ
2949 1601 3088 1673 μετὰ
3127 1603 3291 1674 μέρος
3320 1604 3518 1666 εἰπεῖν,
3551 1603 3703 1664 πολὺς

430 1699 624 1738 rimum
668 1685 932 1753 temporis
974 1684 1030 1737 in
1075 1700 1139 1739 ea
1189 1701 1247 1739 re
1279 1701 1628 1740 consumam.
1672 1685 1843 1742 Grteci
1885 1701 2018 1742 vero

2134 1691 2315 1762 χρόνος
2357 1689 2791 1761 άναλωθήσεταιυ
2855 1689 3118 1762 Ἕλληνες
3173 1689 3229 1743 δὲ
3266 1692 3314 1744 οἰ
3353 1689 3635 1754 δοκοῦντές
3661 1708 3703 1742 τι

427 1779 518 1847 qui
547 1778 748 1848 egregii
795 1793 839 1830 lC
869 1777 1118 1846 praeclari
1146 1777 1251 1833 sibi
1283 1793 1407 1833 esse
1436 1777 1714 1844 videntur,
1741 1794 1866 1833 cum
1897 1793 2020 1833 ver-

432 1870 512 1922 his
544 1871 810 1923 duntaxat
836 1877 889 1924 et
922 1869 1216 1940 profluenti
1247 1869 1486 1941 quadam
1521 1873 1878 1944 loquacitate,
1907 1886 2020 1926 non

432 1958 592 2013 factis
612 1959 1092 2029 pliilOSOphentur,
1115 1962 1338 2030 turpius
1363 1961 1578 2016 emteris
1600 1961 1840 2032 prolapsi
1866 1966 2018 2015 sunt.

429 2051 487 2105 In
518 2052 710 2122 primis
753 2053 897 2107 enim
946 2053 1244 2108 Saturnum
1292 2068 1322 2107 a
1362 2053 1516 2109 leo
1556 2055 1799 2125 genitura
1851 2052 2024 2108 fuisse

431 2151 679 2206 narrant,
730 2157 794 2196 ac
826 2144 1070 2213 parentis
1104 2142 1189 2199 sui
1236 2152 1554 2214 amputasse
1584 2143 1782 2197 virilia.
1817 2141 1862 2197 Ο
1903 2158 2023 2198 sce-

432 2235 628 2290 lestum
681 2234 927 2290 facinus!
977 2250 1010 2290 o
1053 2234 1416 2291 foedissimam
1461 2235 1810 2305 Opinionem!
1863 2233 2025 2304 108

431 2327 598 2393 Quasi
628 2342 759 2382 vero
791 2329 895 2384 nisi
932 2336 1194 2384 exsectus
1227 2329 1391 2393 foret,
1429 2327 1590 2400 longe
1627 2329 1818 2400 plures
1849 2326 2024 2380 futuri

429 2427 616 2475 essent
647 2417 912 2476 Saturuii.
943 2421 1127 2476 Atille
1164 2430 1426 2476 strenuus
1457 2436 1522 2476 ac
1560 2420 1846 2490 fortis,qui
1880 2419 2024 2489 patri

433 2519 544 2565 tam
593 2511 864 2581 insignem
896 2512 1161 2581 injuriam
1196 2510 1428 2577 fecerat,
1473 2513 1657 2582 priore
1683 2513 1787 2567 hac
1828 2512 2023 2582 impie-

432 2609 546 2657 tate
578 2603 804 2657 minime
831 2612 1148 2668 contentus,
1189 2617 1314 2657 eum
1347 2601 1527 2658 adhuc
1551 2603 1773 2673 juvenis
1811 2612 2025 2673 patrem

435 2696 572 2750 adeo
615 2694 868 2758 hesisset,
916 2705 1040 2766 post
1087 2703 1248 2750 tetate
1287 2695 1604 2765 provectior
1643 2695 1854 2750 liberos
1895 2709 2026 2749 suos

434 2789 747 2861 Neptunum
790 2801 842 2845 et
883 2789 1176 2844 Plutonem
1226 2787 1544 2860 absorpsit:
1594 2801 1658 2841 ac
1701 2784 1890 2840 Jovem
1937 2801 2027 2840 rc-

434 2881 684 2952 quireus,
729 2886 781 2934 et
828 2879 1027 2934 illusus
1071 2893 1100 2931 a
1150 2877 1299 2934 Rhea
1346 2892 1539 2933 saxum
1598 2875 1791 2946 ingens
1843 2872 2030 2928 fasciis

433 2975 772 3038 obvolutum,
792 2979 982 3043 utpote
999 2971 1155 3037 deus,
1176 2986 1276 3043 pro
1292 2969 1505 3027 infante
1520 2969 1824 3026 devoravit.
1853 2965 2029 3037 Ilujus

436 3082 600 3138 porro
636 3067 778 3121 lilius
806 3065 872 3119 ab
908 3065 994 3120 his
1028 3076 1136 3119 tam
1178 3063 1491 3120 illustribus
1525 3077 1588 3117 ac
1621 3059 1900 3130 nobilibus
1931 3074 2028 3130 pa-
2057 3088 2100 3147 α

433 3160 684 3217 rentibus
745 3157 1015 3213 oriundus
1072 3156 1285 3229 Jupiter
1338 3155 1584 3212 omnium
1629 3152 2028 3225 propemodzzm

434 3255 723 3311 mulierum
778 3255 859 3309 vir
912 3254 1044 3318 fuit,
1095 3251 1562 3324 quemadmodum
1611 3257 1666 3305 et
1719 3248 2028 3304 Mercurius

436 3351 613 3421 ipsius
660 3349 827 3404 filius.
869 3349 1094 3404 Utinam
1135 3348 1413 3420 legitimas
1445 3347 1642 3402 saltem
1681 3360 1776 3400 eas
1826 3357 2028 3397 uxores

437 3441 746 3502 habuisset,
777 3455 884 3493 non
924 3439 1179 3493 occultus
1205 3438 1422 3493 adulter
1449 3451 1513 3491 ae
1539 3434 1824 3490 maleficus
1851 3433 2028 3488 exsti-

437 3535 618 3587 tisset.
661 3529 932 3600 Penelope
968 3529 1172 3600 quippe
1204 3529 1398 3583 vitium
1429 3528 1655 3591 obtulit,
1698 3543 1764 3584 ac
1809 3539 2030 3598 propter

437 3640 558 3678 eam
593 3622 782 3676 hircus
805 3628 890 3677 est
923 3620 1123 3687 factus,
1163 3635 1479 3692 quanquam
1506 3619 1723 3673 hircum
1751 3619 1822 3672 ob
1848 3617 1904 3672 id
1935 3631 2033 3687 ap¢

439 3719 699 3790 pellatum
736 3732 860 3773 esse
902 3723 1056 3786 puto,
1105 3713 1252 3785 quod
1283 3727 1587 3784 generosus
1619 3711 1711 3766 ille
1748 3707 1929 3765 valide
1966 3723 2032 3765 ac

440 3819 665 3866 strenue
717 3823 842 3862 cmn
887 3805 1216 3861 mulieribus
1263 3810 1433 3872 caput
1485 3803 1720 3858 limaret.
1771 3799 1922 3857 Idem
1973 3806 2032 3855 ut

437 3901 625 3956 Danae
663 3899 940 3971 potiretur
967 3899 1023 3951 in
1057 3911 1253 3950 aurum
1286 3902 1533 3956 mutatus
1561 3905 1678 3960 est,
1729 3907 1844 3968 quo
1873 3895 2033 3967 pudi-

439 4011 560 4050 eam
590 4009 654 4050 ac
681 3993 922 4048 thalamo
955 3991 1274 4046 conclusam
1308 3988 1506 4044 vitiare
1543 3996 1763 4059 posset;
1799 3988 1898 4045 sed
1929 4003 2032 4044 au-

440 4103 587 4149 rum,
627 4084 845 4156 opinor,
885 4098 1009 4138 esse
1039 4096 1145 4136 non
1174 4080 1350 4152 potuit
1377 4097 1390 4134 :
1427 4095 1617 4135 verum
1649 4088 1711 4134 ut
1739 4089 1860 4136 erat
1881 4079 2032 4136 vafer

437 4189 493 4236 et
524 4180 776 4241 callidus.
815 4193 951 4232 auro
981 4191 1047 4231 ac
1079 4173 1402 4229 muneribus
1441 4173 1711 4245 virginem
1753 4174 2026 4244 corrupit.

440 4271 524 4325 Ad
568 4271 685 4326 haec
726 4267 884 4324 Ledae
916 4267 1202 4322 amoribus
1248 4265 1496 4320 irretitus
1529 4265 1585 4318 in
1629 4279 1866 4334 cygnum
1895 4278 2032 4317 eou-

439 4380 632 4420 versus
657 4371 761 4428 est,
793 4369 854 4416 ut
878 4365 981 4415 hoc
1012 4361 1190 4430 ipsum
1226 4365 1552 4430 argumento
1583 4357 1674 4425 sit,
1704 4356 2030 4428 ﬂagrantem

2123 1779 2264 1836 εἰναι
2283 1783 2340 1836 ὲν
2353 1783 2588 1846 ἑαυτοῖς,
2607 1781 2787 1850 λόγοις
2809 1780 2969 1851 μόνον
2988 1782 3081 1835 καὶ
3093 1782 3315 1852 ὀξύτητι
3332 1781 3587 1853 γλώσσης
3606 1783 3704 1851 (8:2)

2124 1872 2582 1943 φιλοσοφοῦντες,
2636 1873 2732 1927 καὶ
2776 1874 2878 1928 οὐκ
2925 1873 3130 1945 ἔργοις,
3183 1873 3345 1928 πλέον
3388 1873 3705 1936 πάντων

2125 1965 2382 2019 ώκειλαν.
2408 1965 2618 2029 Οἴτινες
2643 1965 2945 2033 κατάγουσι
2977 1964 3186 2036 Κρόνον
3217 1965 3312 2016 ἀπ’
3330 1963 3600 2033 Οὐρανοῦ,
3629 1963 3694 2014 15'-

2123 2072 2312 2124 γοντες
2356 2055 2519 2108 αὐτὸν
2568 2054 2676 2107 ἀπὸ
2733 2052 2828 2106 τοῦ
2855 2053 3100 2122 Οὐρανοῦ
3129 2050 3487 2121 γεγενῆσθαι,
3531 2050 3622 2104 καὶ
3649 2061 3705 2100 τα

2128 2147 2292 2218 μόρια
2320 2146 2412 2201 τοῦ
2460 2147 2590 2200 ἰδίου
2622 2145 2830 2217 πατρὸς
2870 2143 3227 2214 τετμηκέναι.
3263 2144 3329 2196 Ὢ
3361 2143 3544 2213 κακῆς
3576 2143 3694 2212 πεξα-

2125 2237 2282 2303 ξεως,
2314 2238 2546 2310 αἰσχρᾶς
2573 2255 2633 2290 τε
2657 2236 2908 2299 ὑπονοίας
2929 2235 2940 2287 l
2975 2236 3064 2298 Ὠς
3085 2235 3133 2287 εἰ
3167 2233 3242 2304 μὴ
3267 2233 3512 2305 ἐτμήθη,
3537 2232 3708 2285 πολλοι

2125 2331 2435 2402 Κρονίωνες
2481 2327 2643 2402 ἦσαν.
2679 2321 2850 2392 Οὗτος
2889 2328 2946 2381 δὲ
2977 2329 3005 2380 ὁ
3033 2327 3298 2396 γεννάδας
3322 2330 3352 2380 ὁ
3378 2328 3485 2391 ’έως
3517 2325 3708 2396 πατρὸς

2127 2421 2447 2493 πεφθακὼς,
2511 2424 2610 2476 οὐκ
2669 2419 2916 2493 ἠρκέσθη
2966 2421 3057 2474 ἐπὶ
3103 2423 3172 2492 τῇ
3220 2419 3414 2493 πρώτῃ
3465 2419 3703 2489 ἀσεϐείᾳ·

2126 2515 2262 2569 ἀλλὰ
2289 2516 2407 2579 νέος
2457 2515 2555 2586 μὲν
2603 2514 2679 2567 ὢν
2725 2514 2906 2568 ἀδικεῖ
2933 2513 3022 2566 τὸν
3062 2513 3295 2584 πατέρα,
3323 2510 3636 2583 πρεσϐύτης
3659 2509 3709 2562 δὲ

2127 2606 2370 2679 γεγονὼς
2397 2606 2466 2660 τὰ
2515 2606 2620 2660 ἴδια
2650 2606 2816 2660 αὐτοῦ
2846 2605 3044 2670 τέκνα,
3074 2602 3386 2658 Ποσειδῶνα
3417 2603 3519 2674 μὲν
3551 2618 3709 2656 κατα·

2129 2701 2300 2754 πίνων
2325 2701 2422 2754 καὶ
2470 2699 2785 2763 Πλούτωνα,
2817 2698 2917 2751 Δία
2943 2697 2998 2750 δὲ
3037 2696 3346 2767 ἀναζητῶν,
3391 2695 3494 2750 καὶ
3525 2695 3712 2765 ἐμπαι-

2130 2793 2354 2861 ζόμενος
2392 2793 2496 2846 ὐπὸ
2525 2791 2624 2862 τῆς
2669 2790 2845 2855 Ῥέας,
2871 2791 2965 2843 καὶ
2996 2789 3209 2860 πέτραν
3242 2787 3491 2860 μεγάλην
3521 2789 3710 2854 ἐσπαρο

2129 2884 2454 2956 γανωμένην
2503 2884 2623 2938 ἀντὶ
2675 2881 2909 2954 βρέφους
2970 2880 3287 2934 καταπίνων
3311 2918 3326 2944 ,
3381 2878 3518 2931 ὡσεὶ
3571 2877 3710 2940 θεὸς,

2131 2977 2272 3048 τάχα
2311 2978 2331 3009 ⁸
2355 2993 2370 3008 ο
2430 2975 2668 3046 εὐγενῶν
2699 2975 2756 3029 δὲ
2788 2973 2994 3044 γονέων
3046 2973 3310 3044 ὑπάρχων
3335 2970 3450 3040 (ἵνα
3475 2969 3663 3039 οὕτως)
3688 2969 3713 3020 ὁ

2131 3070 2318 3124 τούτου
2355 3072 2504 3134 παζ,
2538 3069 2672 3132 Ζεὺς
2710 3066 2885 3138 τούτῳ
2925 3066 3122 3137 ὀνομα,
3173 3064 3488 3119 ἐκινδύνευε
3534 3061 3712 3119 πασῶν

2132 3161 2241 3215 τῶν
2271 3161 2546 3231 γυναικῶν
2578 3159 2718 3230 ἀνὴρ
2740 3157 3008 3227 γίνεσθαι,
3042 3155 3137 3210 καὶ
3163 3158 3190 3210 ὁ
3225 3155 3421 3209 τούτου
3448 3156 3562 3218 υἱὸς
3601 3154 3711 3224 Ἐρ-

2136 3256 2264 3326 μῆς.
2309 3254 2420 3307 Καὶ
2473 3253 2586 3306 εἴθε
2621 3251 2764 3306 κατὰ
2804 3250 2932 3314 τοὺς
2971 3249 3173 3320 νόμους
3230 3246 3593 3318 ὐποπροίκιός
3640 3261 3712 3306 τις

2134 3344 2364 3413 ἐγίνετο,
2399 3345 2494 3398 καὶ
2541 3343 2617 3414 μὴ
2656 3341 2995 3411 κλεψίγαμος
3034 3339 3266 3393 πάντοτε
3298 3338 3395 3391 καὶ
3453 3337 3715 3408 κακεργά-

2130 3453 2251 3506 της.
2288 3433 2610 3504 Πηνελόπην
2651 3431 2752 3502 μὲν
2803 3429 2912 3502 γὰρ
2944 3428 3178 3499 φθείρει,
3210 3428 3277 3481 δι’
3316 3428 3380 3498 ἦν
3426 3422 3496 3498 ἦν
3529 3426 3713 3497 τράγος
3784 3495 3798 3508 χ

2132 3529 2423 3598 γενόμενος
2445 3542 2459 3556 ο
2487 3523 2690 3596 τράγος
2706 3522 2805 3592 μὲν
2827 3521 2982 3593 οἶμαι
3017 3521 3249 3590 ἐγίνετο,
3274 3517 3363 3572 διὰ
3398 3519 3466 3572 τὸ
3494 3518 3713 3587 ἀκμαῖοι

2133 3619 2233 3688 τῆς
2252 3618 2347 3672 τοῦ
2375 3617 2584 3686 γενείου
2613 3616 2632 3645 ⁵
2666 3614 3050 3686 παραπλοκῆς.
3086 3611 3232 3684 Πρὸς
3266 3610 3488 3681 Δανάην
3513 3608 3568 3662 δὲ
3594 3624 3714 3678 χρυ-

2136 3711 2227 3776 σὸς
2249 3710 2481 3780 ἐγίνετο,
2521 3710 2608 3764 ἵνα
2657 3707 2924 3778 παρθένον
2968 3704 3224 3777 σώφρονα
3272 3700 3712 3774 θαλαμευομένην

2134 3802 2352 3874 φθείρῃ.
2403 3800 2618 3873 Χρυσδς
2669 3799 2725 3853 δὲ
2789 3800 2997 3861 ἐκεῖνος
3058 3797 3159 3849 οὐκ
3212 3793 3446 3865 ἠδύνατο
3477 3790 3714 3862 γενέσῦαι

2135 3896 2267 3950 ποτέ.
2287 3913 2300 3926 ·
2328 3892 2467 3948 ἀλλὰ
2481 3892 2614 3964 γόης
2643 3890 2740 3954 ὢν,
2771 3890 2859 3945 διὰ
2882 3887 3086 3963 χρυσοῦ
3116 3886 3437 3960 δωροδοκῶν
3456 3886 3556 3956 τὴν
3582 3899 3712 3952 παρ-

2135 3989 2287 4043 θένον
2322 3986 2596 4058 ἠπάτησε.
2666 3982 2770 4037 Καὶ
2828 3981 2978 4052 παρὰ
3010 3981 3107 4052 μὲν
3157 3978 3308 4051 Λήδᾳ
3336 3978 3541 4040 κύκνος
3573 3970 3716 4036 αὖθις

2135 4077 2364 4146 γίνεται,
2406 4073 2508 4144 τὴν
2542 4071 2926 4141 ἀναπτέρωσιν
2961 4069 3062 4140 τῆς
3097 4067 3394 4139 πυρώσεως
3431 4069 3533 4138 τῆς
3565 4061 3714 4121 αὐτοῦ

2134 4166 2331 4238 ἡδονῆς
2394 4164 2807 4235 ἀνασημαίνων.
2855 4163 3035 4223 Ἀετὸς
3077 4161 3134 4215 δὲ
3171 4160 3306 4232 μηδὲ
3341 4161 3564 4214 πώποτε
3601 4159 3718 4212 ἀνα-

2136 4259 2449 4326 πετασοεὶς,
2496 4257 2874 4328 παιδοξθὸρων
2931 4255 3252 4318 διδάσκαλος
3303 4251 3712 4326 προκαθέζεται,

2141 4351 2411 4423 μηδέποτε
2475 4349 2629 4413 ἀετὸς
2675 4347 2988 4418 γενόμενος,
3053 4347 3169 4400 ἀλλ’
3236 4349 3293 4398 ὲν
3333 4346 3508 4418 πλοίῳ
3556 4359 3717 4414 παραυ

441 4457 594 4510 illius
619 4454 904 4509 libidinem
934 4454 1084 4507 velut
1112 4452 1310 4521 pennis
1334 4449 1669 4520 quibusdam
1703 4450 1875 4505 fuisse
1903 4448 2024 4503 sub-

2138 4445 2298 4515 σήμῳ
2333 4439 2445 4512 (85)
2485 4440 2629 4512 ἀετῷ
2668 4437 3060 4510 ὀνομαζομένῳ
3098 4438 3186 4491 διὰ
3220 4438 3281 4492 τὸ
3311 4439 3499 4508 τάχος,
3535 4435 3715 4506 Τροίαν

441 4555 678 4601 vectam.
713 4543 901 4614 Neque
941 4558 1085 4597 vero.
1104 4542 1289 4611 aquila
1319 4555 1380 4595 re
1426 4541 1545 4609 ipsa
1579 4539 1758 4592 factus
1789 4553 2031 4607 unquam

442 4639 732 4693 advolasse
764 4634 1075 4691 credendus
1104 4642 1210 4697 est,
1253 4633 1514 4688 mascula:
1559 4637 1754 4684 auctor
1783 4625 2034 4683 libidinis

442 4749 506 4787 ae
529 4732 826 4802 magister;
857 4728 953 4786 sed
985 4727 1244 4782 nimirum
1283 4738 1424 4778 nave
1453 4721 1712 4794 quadam,
1743 4718 1906 4788 cujus
1944 4719 2030 4772 in-

441 4825 596 4894 signe
656 4830 879 4894 propter
908 4819 1246 4874 celeritatem
1283 4825 1401 4871 erat
1435 4814 1640 4885 aquila,
1683 4811 1902 4882 Trojam
1939 4825 2036 4878 ap-

2143 4534 2560 4607 παραπλεύσας,
2621 4535 2715 4586 καὶ
2767 4532 2859 4584 τὸν
2885 4533 3000 4584 υἰὺν
3054 4531 3147 4585 τοῦ
3205 4531 3474 4602 βασιλέως
3531 4526 3717 4599 Τρώων

2143 4625 2464 4697 Γανυμήδην
2511 4624 2786 4696 ἁρπάσας,
2824 4623 2921 4693 τὴν
2957 4622 3165 4696 φθορὰν
3190 4623 3587 4695 ἀπειργάσατο.
3620 4615 3716 4670 Καὶ

2143 4718 2278 4790 πρὸς
2326 4717 2618 4788 Πασιφάην
2678 4716 2735 4770 δὲ
2781 4714 2979 4785 ταῦρος
3031 4714 3268 4782 ἐγένετο,
3324 4713 3588 4774 ὡσαύτως
3640 4706 3718 4762 uti

2143 4810 2280 4880 πρὸς
2303 4806 2594 4880 Εὐρώπην.

440 4887 1055 4989 ριιίειιείῦξι-ιινιιιθόοηι
1105 4907 1332 4978 Trojani
1380 4907 1524 4977 regis
1591 4905 1759 4959 [ilium
1818 4905 2002 4972 rapuit
2054 4908 2218 4971 atque
2257 4902 2522 4971 corrupit.
2569 4899 2716 4956 ldem
2777 4899 2842 4952 ad
2888 4896 3200 4967 Pasiphaen
3269 4905 3324 4953 et
3368 4895 3634 4965 Europam
3669 4887 3716 4940 in

443 5017 664 5063 taurum
698 5014 940 5060 mutatus
970 5001 1226 5059 accessit.

414 5179 444 5213 ,ε
518 5131 532 5161 ¹
562 5127 692 5184 Cor.
723 5125 1050 5198 φθανούσης.
1126 5125 1149 5155 ’
1182 5122 1311 5193 Leg.
1345 5115 1534 5194 Ὧρον.
1607 5119 1627 5151 ³
1667 5117 1794 5174 llaec
1830 5117 2024 5186 deprav

2157 5107 2433 5164 nonnihil.
2512 5117 2534 5148 ι
2566 5105 2626 5161 F.
2672 5103 2942 5175 γενναίου.

515 5243 628 5316 (80)
660 5242 772 5316 Καὶ
794 5244 862 5298 ἐν
899 5244 1060 5310 Τύρῳ
1085 5239 1681 5316 πορνεύσασηη-Νιιιη
1839 5236 2027 5314 eadem

444 5310 620 5384 atque
668 5315 721 5370 Io
774 5317 1003 5372 credita,
1038 5327 1160 5384 quae
1215 5327 1245 5384 ιι
1274 5310 1917 5384 Plitenicihusabducta
1975 5310 2032 5357 in

445 5377 742 5456 Aigyptum
764 5395 951 5456 postea
974 5377 1364 5456 proficiscitur.
1386 5381 1714 5456 ll_erod._lib.
1751 5395 1806 5456 ι.Δ
1822 5377 2030 5432 Per“.

523 5451 635 5524 (8i)
670 5451 929 5524 Σέῥα.πίν
964 5451 1030 5507 τε
1060 5451 1168 5524 fter
1195 5451 1384 5524 Ἆπιν.
1420 5452 1555 5524 Yide
1586 5452 1724 5524 Aug.
1754 5451 1849 5524 lib.
1902 5459 2037 5524 x_vm

450 5523 528 5577 De
551 5516 850 5590 ciuit.,cap.
879 5525 930 5579 5.
966 5523 1072 5578 Sed
1099 5521 1151 5573 in
1179 5521 1370 5590 primis
1395 5522 1566 5576 Clem.
1605 5516 1762 5590 Alex.
1813 5520 1866 5571 in
1902 5516 2042 5569 Pro-

455 5594 674 5661 !reptico
708 5589 739 5645 7:
784 5596 875 5648 ubi
929 5589 1240 5661 Serapin’a
1279 5591 1698 5661 Sinopensibus
1740 5589 2040 5661 Ptolomaeo

453 5658 808 5728 Philadelpho
834 5658 1218 5718 missum—esse
1245 5658 1436 5724 refert,
1491 5671 1550 5714 ut
1581 5671 1637 5714 et
1680 5659 1820 5712 Plut.
1851 5658 2034 5728 Trgcl.

458 5729 524 5784 de
554 5726 630 5782 Is.
655 5724 869 5787 et'Osir.
889 5729 1272 5788 Consulendus
1294 5732 1462 5788 etiam
1493 5729 1737 5802 Scaliger
1763 5729 1828 5784 ad
1850 5730 1910 5780 Α.
1933 5724 2039 5777 Eu-

2140 5230 2277 5287 sebii
2324 5227 2478 5281 1750.
2509 5225 2582 5280 lo.

2214 5301 2326 5371 (82)
2372 5289 2646 5371 tit-nn
2666 5290 3164 5371 _q~.1d)qong._Vide
3192 5307 3260 5344 an
3293 5299 3441 5371 recte
3468 5290 3718 5359 interpre-

2141 5363 2524 5430 tetur'verhis,
2549 5363 2834 5435 pro/luenti
2872 5364 3107 5436 quadam
3147 5363 3484 5436 loquacitate.

2219 5441 2330 5512 (⁸⁵)
2385 5440 2482 5491 Ἐν
2513 5431 2706 5512 άτζοῖῳ
2750 5431 3108 5512 παρασήμῳ.
3155 5431 3246 5487 Sic
3291 5431 3558 5512 Eusebius
3589 5437 3718 5512 anno

2147 5501 2276 5575 651,
2313 5501 2508 5564 navem
2541 5501 2691 5562 illam
2713 5501 2873 5579 ,_qua
2922 5501 3160 5560 Phrixus
3193 5518 3319 5579 cum
3368 5501 3518 5579 Helle
3547 5507 3716 5579 sorore

2147 5569 2340 5636 vectus
2363 5589 2467 5643 est,
2495 5581 2719 5633 arietem
2746 5569 2982 5646 insigne,
3010 5591 3104 5631 seu
3125 5574 3456 5646 παράσημον
3484 5569 3714 5646 habuisse

2145 5653 2300 5775 gieit.
2340 5641 2512 5717 Quem
2541 5650 2609 5706 ad
2639 5649 2820 5704 locum
2858 5641 2983 5705 vide
3013 5661 3133 5718 qua:
3166 5641 3410 5717 scaliger
3436 5641 3712 5696 adnotavit.

2189 5737 2352 5775 ετΑν.

2189 5737 2352 5778 ετΑν.
