3994 6416
296 429 383 485 Ξὺ9
1665 442 1840 502 ANCG

1946 440 2121 501 Τυε.

3430 442 3539 500 210

352 548 482 614 ινιτ.
515 547 624 601 Καὶ
665 546 717 601 τί
768 566 858 619 μοι
900 550 968 605 τὰ
1012 551 1190 625 πλήθη
1230 553 1410 624 λέγειν
1449 555 1545 612 τοῦ
1589 561 1839 629 γενναίου

2015 560 2153 618 cu.
2197 558 2341 629 Quid
2374 561 2466 619 hic
2495 561 2701 635 egregii
2727 544 2876 618 illius
2906 558 3240 633 stupratoris
3281 573 3347 617 ac
3381 574 3540 617 seor-

290 638 459 693 τούτου
495 637 770 710 φθορέως,
816 640 910 694 καὶ
936 641 1204 713 φθορείων
1225 646 1240 676 ¹
1279 646 1638 717 διδασκάλου;
1676 646 1752 706 Οὑ
1783 653 1844 706 τὸ

291 729 461 801 μνῆμα
505 729 602 783 οὐκ
640 728 840 800 ὀλίγοις
883 733 1000 787 ἐστὶ
1043 735 1235 806 δῆλον·
1274 739 1333 792 ἐν
1380 741 1579 814 Κρήτῃ
1620 742 1727 815 γὰρ
1775 747 1842 816 τῇ

288 823 417 892 νήσῳ
442 822 496 876 ἐν
541 820 621 893 τῷ
667 822 782 894 δρει
818 823 898 905 τῷ
946 824 1227 900 λεγομένῳ
1273 831 1501 902 Λασίῳ,
1537 833 1642 898 ἓως
1685 834 1845 907 δεῦρο

288 912 806 970 δακτυλοδεικτεῖται.
836 917 1008 988 Ζῆνες
1040 919 1097 973 δὲ
1130 922 1230 993 οὑχ
1257 919 1349 989 εἷς
1378 924 1410 995 ἦ
1439 925 1555 990 δύο,
1585 926 1721 981 ἀλλὰ
1750 930 1844 984 καὶ

291 1007 415 1107 τρεῖς
437 1005 529 1107 καὶ
548 1005 814 1107 τέσσαρες
836 1011 1092 1079 γεγόνασι
1112 1010 1204 1065 τὸν
1233 1013 1490 1086 ἀριθμόν.
1522 1016 1581 1070 '0
1619 1017 1717 1089 μὲν
1736 1018 1844 1090 γὰρ

289 1094 358 1158 εἷς
396 1094 567 1148 αὑτῶν
602 1096 875 1169 Κρονίδης
901 1099 930 1152 6
959 1103 1383 1174 προειρημένος,
1413 1106 1443 1158 6
1481 1106 1842 1179 ταρταρώσας

287 1187 363 1239 τὸν
405 1186 528 1241 ἴδιον
575 1187 744 1243 αὑτοῦ
790 1189 1006 1263 πατέρα
1058 1193 1117 1247 ὲν
1159 1193 1238 1266 τῷ
1275 1197 1580 1269 Καυκασίῳ
1624 1197 1768 1270 ὅρει-
1816 1201 1843 1252 ὁ

284 1279 322 1331 δ’
349 1277 492 1343 ἄλλος
518 1281 849 1353 Λατριάριος
883 1282 993 1354 (84)
1023 1286 1335 1357 γενόμενος,
1367 1288 1428 1354 ἐξ
1457 1281 1631 1362 οὗπερ
1668 1292 1717 1344 οί
1750 1309 1847 1362 μο-

283 1371 483 1443 νομάχοι
516 1375 839 1444 γεγόνασιν*
871 1376 1031 1442 ἄλλος
1058 1378 1114 1433 δὲ
1148 1382 1177 1434 6
1216 1384 1518 1455 τραγῳδὸς,
1554 1385 1583 1438 6
1611 1385 1708 1440 καὶ
1746 1385 1844 1458 τὴν

284 1468 420 1538 χεῖρα
460 1468 623 1522 αὑτοῦ
658 1469 869 1534 καύσας
891 1488 905 1502 ·
952 1473 1093 1544 τάχα
1140 1472 1196 1527 δὲ
1252 1476 1376 1541 θεὸς
1427 1476 1503 1531 ὢν
1548 1478 1845 1534 ἐπελάθετο

283 1559 350 1610 ὅτι
378 1558 553 1613 δάκνει
581 1561 643 1614 τὸ
679 1561 813 1634 πῦρ,
855 1564 951 1617 καὶ
983 1565 1084 1620 οὑκ
1120 1560 1233 1637 εἶχε
1263 1568 1363 1639 τὴν
1399 1570 1709 1640 πρόγνωσιν
1748 1572 1842 1626 τοῦ

282 1651 505 1720 λέγοντος
528 1654 717 1727 τράγῳ
739 1656 819 1728 τῷ
842 1657 1068 1732 Σατύρῳ
1095 1661 1312 1733 εὑρόντι
1338 1663 1603 1735 πρότερον
1627 1664 1688 1719 τὸ
1709 1666 1840 1737 πῦρ,

283 1745 360 1797 καὶ
373 1745 715 1816 προσελθόντι
746 1748 990 1820 φιλῆσαι·
1023 1752 1145 1823 (Μὴ
1170 1752 1306 1826 ἅψῃ,
1337 1755 1529 1826 τράγεο
1552 1756 1835 1827 ἁψάμενος

281 1834 371 1907 γάρ
399 1854 493 1906 μου
512 1840 826 1911 ἐμπρήσεις
853 1841 921 1895 τὰ
940 1842 1149 1912 γένεια.
1164 1863 1182 1896 ι
1227 1846 1452 1916 ’Δθηναῖ
1470 1847 1527 1901 δὲ
1550 1848 1844 1917 γεγόνασιν

1954 661 2196 709 talorum
2231 655 2485 727 magistri
2515 655 2728 711 inﬁnita
2760 654 2966 726 ﬂagitia
3000 653 3399 724 percenseam?
3429 651 3539 709 Cu-

1946 746 2042 816 jus
2087 749 2404 818 sepulcrum
2453 748 2734 821 plerisque
2779 748 3059 819 cognitum
3103 754 3238 802 est:
3287 745 3433 817 quod
3482 745 3537 799 in

1953 839 2135 895 insula
2181 841 2346 897 Creta
2384 841 2439 897 in
2476 849 2663 898 monte
2691 840 2855 896 Lasio
2895 840 2963 895 ad
2993 838 3139 893 hanc
3178 852 3354 907 usque
3390 836 3537 892 diem

1952 930 2124 1000 digito
2158 932 2531 989 demonstrari
2575 932 2739 989 solet.
2786 931 3061 987 Cmterum
3101 943 3221 983 non
3250 941 3396 981 unus
3442 931 3538 979 aut

1952 1019 2093 1075 alter
2126 1018 2364 1092 Jupiter,
2403 1020 2499 1077 sed
2533 1028 2650 1076 tres
2686 1028 2994 1091 quatuorve
3033 1028 3265 1070 numero
3297 1013 3531 1069 fuerunt.

1952 1109 2198 1177 Quorum
2226 1127 2370 1168 unus
2399 1110 2696 1167 Saturnius
2721 1118 2804 1167 est
2833 1110 2943 1169 ille.
2968 1108 3037 1164 de
3066 1122 3175 1179 quo
3203 1106 3537 1161 mentionem

1953 1202 2208 1268 fecimus,
2252 1203 2348 1274 qui
2391 1201 2458 1258 ad
2498 1202 2808 1259 Caucasum
2850 1207 3093 1256 montem
3131 1192 3341 1270 patrem
3377 1210 3537 1252 suum

1953 1291 2007 1346 in
2040 1291 2371 1363 profundum
2402 1291 2700 1359 demersit;
2732 1292 2871 1346 alter
2892 1288 3131 1347 Latiaris
3161 1288 3345 1343 dictus
3370 1295 3474 1351 est,
3507 1301 3539 1340 a

1951 1400 2063 1454 quo
2092 1384 2433 1456 gladiatores
2462 1384 2733 1456 originem
2757 1388 3130 1451 acceperunt;
3175 1379 3373 1434 tertius
3426 1385 3539 1431 tra-

1952 1478 2170 1547 goedus,
2215 1476 2310 1549 qui
2346 1491 2588 1532 .manum
2643 1474 2972 1531 combussit.
3021 1472 3203 1527 Credo
3244 1471 3389 1525 enim
3434 1470 3536 1525 etsi

1953 1572 2092 1626 deus
2141 1577 2282 1635 erat,
2331 1569 2587 1623 mordere
2627 1567 2807 1637 ignem
2856 1565 3062 1621 oblitus
3106 1564 3310 1630 fuerat;
3360 1577 3540 1633 neque

1952 1661 2100 1717 istud
2153 1666 2544 1731 praesenserat,
2583 1658 2730 1729 quod
2770 1659 2925 1712 hirco
2963 1654 3160 1727 Satyro
3193 1656 3287 1725 qui
3327 1653 3539 1724 primus

1952 1755 2131 1825 ignem
2183 1760 2486 1823 repererat,
2542 1750 2607 1806 ad
2656 1748 3022 1806 osculandum
3065 1746 3347 1802 accedenti
3398 1743 3540 1817 ignis

1954 1846 2084 1900 olim
2111 1843 2321 1900 dixisse
2348 1843 2511 1913 109
2535 1841 2742 1897 fertur:
2782 1839 2890 1896 «Nc
2909 1839 3176 1911 attigeris,
3194 1837 3378 1898 hirce;
3412 1851 3537 1890 nam

278 1929 329 1980 οὑ
357 1931 464 1999 μία,
496 1931 630 1986 ἀλλὰ
670 1933 900 1988 πολλαί·
937 1935 1038 2006 μία
1076 1936 1177 2009 μὲν
1212 1939 1551 2011 ῥεμϐομένη,
1588 1942 1684 1994 καὶ
1714 1942 1840 2012 περὶ

1950 1939 1996 1995 si
2040 1954 2128 1994 me
2154 1935 2478 2007 contigeris,
2498 1935 2727 1990 barbam
2756 1945 2908 1991 tuam
2938 1934 3195 1989 adures.»
3238 1929 3356 1985 Jam
3388 1930 3537 2000 quod

278 2019 360 2090 τὴν
382 2021 670 2091 Τριτωνίδα
695 2024 896 2098 λίμνην
924 2026 1214 2100 ἀλωμένη*
1241 2029 1376 2102 άλλη
1401 2032 1457 2086 δὲ
1488 2033 1522 2102 ἡ
1558 2032 1840 2098 Ὠκεανοῦ,

278 2111 416 2183 ἑτέρα
459 2114 513 2168 δὲ
550 2116 583 2187 ή
614 2117 865 2188 Κρόνου,
914 2119 1012 2173 καὶ
1053 2120 1246 2176 πολλαὶ
1280 2122 1462 2180 ἄλλαι.
1524 2125 1843 2199 Ἀρτέμιδες

277 2203 461 2269 πολλαὶ,
489 2207 589 2279 μία
621 2209 730 2281 μὲν
766 2211 799 2282 ἡ
834 2211 1079 2282 Ἐφεσία,
1114 2214 1250 2287 ἄλλη
1279 2216 1336 2271 δὲ
1376 2218 1411 2289 ἡ
1442 2216 1539 2271 τοῦ
1567 2219 1711 2284 Διὸς,
1747 2219 1843 2277 καὶ

273 2295 411 2351 ἄλλαι
438 2298 702 2366 ὡσαύτως
739 2302 840 2357 οὑκ
859 2302 1058 2375 ὀλίγαι.
1087 2306 1200 2361 Καὶ
1224 2307 1485 2373 Διόνυσος
1523 2310 1551 2361 6
1581 2309 1839 2382 Θηϐαῖος,

276 2386 412 2453 ἄλλος
439 2389 490 2444 δὲ
529 2394 557 2445 6
590 2392 869 2466 Σεμέλης,
913 2396 942 2448 6
978 2396 1073 2450 ἐπὶ
1115 2396 1225 2451 τῶν
1265 2394 1653 2472 Κορυϐάντων,
1689 2402 1785 2456 καὶ
1813 2404 1843 2456 6

275 2477 364 2531 ὑπὸ
396 2479 495 2536 τῶν
521 2483 774 2539 Τιτάνων
802 2484 1184 2556 διασπώμενος
1219 2489 1314 2542 καὶ
1350 2491 1657 2563 Κουρήτων
1681 2493 1711 2546 6
1743 2492 1843 2564 τὴν

276 2570 604 2644 κληρονομίαν
637 2576 817 2647 μείων
843 2579 882 2631 ².
924 2578 1199 2652 Ἡρακλῆς
1234 2581 1292 2634 δὲ
1319 2583 1347 2635 6
1381 2581 1679 2654 λεγόμενος
1707 2586 1839 2658 παρ’

273 2661 435 2729 αὐτοῖς
473 2666 851 2735 Ἀλεξίκακος,
882 2664 943 2725 οῦ
968 2672 1070 2737 τὰς
1106 2673 1340 2745 πράξεις
1374 2676 1557 2740 πάσας
1594 2678 1841 2732 ἀποσιω-

274 2755 438 2825 πήσω·
471 2760 597 2830 μίαν
629 2761 698 2816 δὲ
738 2763 849 2817 ἀπὸ
902 2765 1090 2819 πασῶν
1110 2765 1231 2821 ,τῶν
1278 2769 1411 2840 παρ’
1467 2771 1651 2835 αὑτοῖς
1697 2771 1842 2843 τάχα

276 2849 640 2925 ἐπαινουμένην
676 2854 961 2923 ὑποδείξω.
1000 2857 1251 2930 Ἀρκέσει
1276 2859 1452 2932 τούτῳ
1474 2862 1567 2915 τὸν
1589 2862 1840 2934 κάματον

277 2946 433 2997 τοῦτον
463 2946 798 3018 ὑποστῆναι,
834 2949 922 3004 ἵνα
953 2949 1031 3023 τῷ
1079 2951 1180 3023 βίῳ
1215 2954 1462 3025 σωτηρία
1484 2955 1731 3026 γένηται.
1775 2958 1841 3012 Εἰ

278 3031 338 3105 μὴ
363 3035 456 3110 γὰρ
477 3036 735 3113 ἔφθειρεν
754 3040 816 3094 ὲν
841 3044 941 3113 μιᾷ
960 3043 1118 3096 νυκτὶ
1139 3045 1478 3116 πεντήκοντα
1495 3047 1607 3118 (85)
1631 3047 1840 3121 παρθέ-

276 3140 394 3191 νους,
418 3129 527 3196 πῶς
555 3133 585 3186 6
610 3131 829 3203 κόσμος
854 3131 1122 3206 ἐσώζετος
1145 3137 1366 3193 Μᾶλλον
1388 3139 1446 3193 δὲ
1475 3138 1690 3194 ὀλώλει.
1730 3141 1842 3198 Καὶ

1945 2030 2015 2086 ad
2053 2027 2352 2084 Minervam
2404 2027 2666 2098 pertinet,
2718 2041 2823 2082 nec
2872 2025 2967 2080 illa
3014 2023 3236 2094 quidem
3284 2021 3536 2090 simplex,

1944 2120 2039 2177 sed
2067 2119 2313 2189 ejusdem
2349 2117 2589 2173 nominis
2617 2116 2930 2186 complures
2960 2106 3375 2170 enumerantur.
3401 2107 3537 2163 Nam

1945 2210 2054 2264 alia
2083 2224 2222 2280 vaga
2266 2214 2321 2263 et
2362 2206 2429 2261 ad
2455 2205 2763 2261 Tritoniam
2796 2205 3051 2275 paludem
3091 2202 3363 2258 oberrans
3397 2198 3492 2253 fuit
3520 2216 3535 2262 ;

1944 2301 2188 2358 secunda
2213 2297 2419 2356 Oceani
2444 2298 2553 2353 ﬁlia
2576 2316 2591 2365 ;
2617 2297 2723 2351 alia
2751 2295 2999 2360 Saturni,
3034 2304 3094 2349 ut
3123 2302 3352 2349 caeteras
3377 2292 3539 2347 omit-

1943 2402 2079 2449 tam.
2123 2392 2313 2447 Diana:
2352 2398 2616 2464 prmtcrea
2657 2389 2846 2461 plures
2890 2389 3057 2445 etiam
3103 2387 3458 2443 exstiterunt.
3492 2381 3537 2436 E

1942 2484 2145 2556 quibus
2172 2485 2278 2540 alia
2324 2484 2430 2539 fuit
2460 2481 2721 2553 Ephesia,
2760 2478 2912 2535 Jovis
2944 2479 3113 2533 altera
3151 2477 3281 2543 ﬁlia,
3325 2484 3380 2531 et
3415 2475 3536 2529 aliae

1943 2579 2205 2649 deinceps
2228 2578 2376 2633 baud
2399 2591 2613 2648 paucae.
2636 2574 2887 2629 Bacchus
2913 2586 3044 2626 vero
3071 2568 3368 2624 Thebanus
3394 2566 3537 2621 alius

1944 2668 2080 2735 fuit,
2116 2669 2260 2724 alius
2294 2669 2542 2724 Semeles
2574 2667 2743 2728 ﬁlius,
2770 2666 2966 2720 tertius
2994 2661 3367 2733 Corybantum
3401 2674 3537 2728 pra:-

1945 2777 2034 2818 scs
2061 2780 2074 2816 :
2102 2768 2218 2815 tum
2247 2775 2279 2815 a
2305 2758 2601 2815 Titanibus
2625 2766 2682 2814 ct
2707 2756 3002 2812 Curetibus
3027 2752 3340 2823 discerptus
3364 2751 3531 2813 alius,

1944 2854 2033 2908 cui
2061 2852 2296 2909 lanienae
2327 2867 2392 2908 ac
2419 2849 2813 2908 viscerationis
2841 2846 3103 2919 mysteria
3139 2844 3231 2900 illa
3260 2842 3527 2900 serviunt.

1944 2942 2197 3000 Herculis
2227 2959 2379 3008 vero,
2432 2958 2594 3015 quem
2644 2941 2736 2997 isti
2787 2940 3167 2995 Averruncum
3222 2936 3532 3003 nominant,

1944 3033 2172 3104 reli‘quis
2225 3033 2483 3089 omnibus
2537 3029 2773 3102 egregiis“
2834 3029 2999 3082 factis
3052 3024 3303 3088 omissis,
3359 3038 3531 3076 unum

1941 3125 2229 3189 duntaxat,
2274 3123 2442 3194 quod,
2494 3130 2555 3179 ut
2601 3123 2818 3195 opinor,
2861 3117 3165 3191 praedicare
3212 3115 3289 3170 illi
3330 3115 3528 3187 solent,

277 3214 447 3284 ἁπλῶς,
486 3221 751 3293 ὁμολογῶ
773 3240 890 3292 σοι,
940 3226 1230 3298 περικακῶ
1278 3228 1380 3292 τὰς
1434 3229 1613 3293 κακὰς
1659 3228 1840 3283 αὑτῶν

1946 3216 2135 3288 paucis
2163 3216 2451 3285 attingam.
2488 3212 2659 3286 igitur
2691 3211 2829 3269 satis
2860 3210 2940 3265 illi
2972 3208 3137 3264 fuerit
3171 3207 3237 3262 ad
3279 3205 3532 3259 humanae

278 3309 466 3376 πράξεις
512 3276 902 3389 καταλογάδην
948 3276 1838 3392 ἀναγράψαι.-Τετνίήδεῂὲασιλᾶς

1946 3310 2067 3363 vitae
2098 3306 2600 3378 repraesentandam
2639 3304 2875 3361 salutem
2909 3301 3181 3371 ingentem
3218 3295 3532 3366 susi'epissc

285 3399 357 3451 καὶ
388 3402 631 3477 τύραννοι
674 3406 1042 3487 ἀπηνέστατοι
1080 3411 1453 3484 ὲπιποθήτους
1483 3412 1638 3476 τινὰς
1676 3414 1838 3486 ἐσχη-

282 3492 419 3591 Ξιότες,
448 3500 540 3553 καὶ
567 3497 805 3565 τούτους
836 3502 895 3556 ἐν
925 3505 996 3576 γῇ
1026 3504 1450 3575 κατορύξαντες,
1488 3505 1653 3560 πλέον
1678 3522 1732 3558 τι
1761 3506 1837 3578 μὴ

279 3587 454 3649 ἔχοντες
474 3587 695 3651 τούτοις
718 3589 1068 3660 χαρίσασθαι,
1094 3589 1182 3647 οἶα
1207 3594 1272 3666 δὴ
1305 3595 1401 3649 καὶ
1428 3596 1585 3651 αὑτοὶ
1607 3596 1838 3670 φθαρτοὶ

275 3674 372 3726 κατ’
400 3678 590 3745 αὐτοὺς
628 3681 829 3746 ὄντες,
878 3685 960 3747 είς
1002 3684 1104 3756 τὴν
1152 3685 1382 3742 ἐκείνων
1437 3686 1656 3744 εὔνοιαν
1710 3691 1839 3754 τοὺς

271 3768 444 3839 τάφους
482 3776 673 3833 αὐτῶν
709 3777 805 3831 ἐπὶ
847 3776 1029 3851 πλάνῃ
1074 3778 1171 3834 τοῦ
1220 3780 1335 3851 βίου
1379 3783 1498 3846 τοῖς
1529 3782 1684 3848 ἰδίοις
1732 3784 1836 3837 ὑπ-

269 3864 426 3966 ηκρρις
446 3867 533 3920 ἐπὶ
557 3871 712 3941 κακῇ
739 3871 1013 3942 προφάσει
1031 3872 1220 3937 κακῶς
1237 3872 1642 3944 θρησκεύεσθαι
1666 3892 1741 3929 πα
1751 3894 1838 3946 ρα-

267 3952 549 4014 δεδώκασιν.
595 3961 694 4024 Ὠς
729 3962 759 4014 6
798 3960 1067 4027 Ἀντίνοος
1096 3964 1125 4016 6
1161 3964 1219 4016 ἐν
1255 3964 1529 4019 Ἀντινόου
1570 3967 1836 4038 κεκηδευ-

272 4044 431 4112 μένος,
452 4051 543 4105 καὶ
574 4052 684 4106 σὺν
713 4049 982 4124 λουσορίῳ
1011 4052 1182 4125 πλοίῳ
1212 4055 1464 4126 κείμενος
1490 4057 1596 4110 ὑπὸ
1632 4058 1841 4130 Ἀδρια-

266 4136 344 4189 νοῦ
376 4138 539 4207 οὑτως
573 4144 880 4215 κατετάγη.
922 4145 1242 4217 Τιμαγένης
1281 4148 1341 4202 δὲ
1392 4156 1449 4202 εν
1490 4149 1681 4221 Ἀσίᾳ*
1722 4152 1838 4207 Κά-

262 4230 412 4296 νωὸός
443 4252 500 4289 τε
530 4237 559 4289 6
582 4236 867 4291 Μενελάου
891 4236 1255 4311 κυϐερνήτης,
1284 4241 1378 4294 καὶ
1408 4241 1441 4311 ἡ
1470 4239 1664 4295 τούτου
1697 4242 1837 4315 γυνὴ

264 4319 571 4393 Εὑμενουθὶς
622 4328 687 4380 ὲν
742 4326 1503 4401 Ἀλεξανδρείᾳ-τεθαμμένοι
1565 4333 1837 4404 τιμῶνται

1940 3397 2210 3453 laborem.
2260 3395 2378 3452 Nisi
2422 3395 2569 3452 enim
2613 3392 2803 3449 eadem
2844 3398 3007 3446 nocte
3041 3396 3261 3444 centum
3305 3395 3532 3443 constu-

1941 3519 2160 3584 prasset
2197 3511 2467 3583 virgines,
2520 3522 2763 3582 quonam
2812 3513 2977 3577 pacto
3026 3501 3273 3558 mundus
3313 3499 3529 3557 servari

1945 3603 2253 3676 potuisset?
2283 3601 2398 3658 lmo
2424 3615 2559 3659 vero
2601 3598 2853 3654 funditus
2886 3605 3035 3651 esset
3066 3593 3395 3653 exstinctus.
3435 3590 3534 3644 At-

1940 3712 2069 3766 que,
2111 3704 2170 3751 ut
2207 3710 2321 3750 uno
2357 3694 2526 3750 verbo
2553 3692 2758 3755 dicam,
2799 3688 2977 3746 fateor
3008 3702 3096 3743 me
3140 3687 3194 3740 in
3226 3695 3337 3741 tam
3377 3685 3533 3740 deter-

1942 3788 2159 3845 standis
2188 3788 2409 3843 illorum
2450 3783 2795 3841 facinoribus
2828 3777 3225 3851 persequendis
3271 3791 3395 3832 esse
3431 3775 3529 3831 de—

1942 3883 2177 3940 fessum.
2206 3879 2437 3937 Accedit
2470 3878 2538 3933 ad
2571 3877 2865 3948 superiora.
2889 3874 3094 3939 omnia,
3141 3871 3289 3944 quod
3321 3869 3531 3940 princi—

1941 3988 2038 4043 pes
2065 3971 2288 4042 quidam
2311 3977 2366 4026 et
2396 3966 2781 4025 immanissimi
2814 3954 3032 4038 tyranni
3061 3978 3200 4036 quos
3228 3963 3283 4017 in
3317 3959 3530 4016 deliciis

1944 4063 2279 4126 habuerant,
2311 4076 2437 4116 eum
2471 4068 2724 4115 mortuos
2770 4056 3119 4128 sepelissent,
3158 4068 3340 4124 neque
3367 4052 3530 4127 quid-

1939 4169 2105 4225 quam
2141 4153 2211 4208 iis
2241 4152 2480 4223 amplius
2514 4150 2815 4223 gratiﬁcari
2848 4157 3095 4220 possent,
3129 4153 3321 4215 utpote
3348 4144 3442 4214 qui
3476 4150 3531 4198 ct

1941 4246 2046 4318 ipsi
2074 4245 2341 4301 mortales
2361 4252 2549 4300 essent
2572 4260 2587 4310 ;
2612 4257 2714 4313 pro
2738 4240 3075 4297 inﬂammato
3100 4239 3155 4294 in
3183 4239 3311 4293 illos
3341 4251 3529 4291 amore

1939 4353 2064 4404 suo,
2102 4338 2441 4393 monimenta
2464 4335 2686 4391 illorum
2718 4349 2782 4389 ac
2820 4334 3073 4403 sepulcra
3104 4331 3246 4402 apud
3276 4329 3527 4385 subditos

261 4414 383 4519 πρὸς
398 4420 475 4519 ..τῇ
500 4418 668 4519 ὄχθῃ.
688 4419 788 4490 τῆς
829 4419 1128 4492 θαλάσσης,
1153 4421 1263 4477 ἀπὸ
1308 4421 1538 4477 δεκαδύο
1590 4426 1835 4496 σημείων

1946 4429 2045 4486 sibi
2076 4430 2309 4501 populos
2331 4428 2591 4501 pessimis
2624 4428 2693 4484 de
2713 4427 2899 4483 causis
2927 4426 2984 4480 in
3016 4423 3372 4480 veneratione
3405 4435 3531 4477 esse

258 4501 542 4574 διεστῶτες.
565 4511 681 4565 Καὶ
704 4512 937 4586 Μαρνᾶς
957 4512 1147 4579 δοῦλος
1178 4514 1460 4586 Ἀστερίου
1485 4516 1583 4570 τοῦ
1616 4518 1834 4591 Κρητὸς

1950 4522 2273 4588 voluerunt,
2305 4537 2373 4578 ex
2401 4537 2511 4592 quo
2536 4522 2731 4593 ingens
2764 4520 2822 4574 in
2849 4517 3139 4573 hominum
3172 4515 3341 4570 vitam
3375 4529 3531 4570 error

258 4603 715 4706 papa'l‘atjalmg'
753 4606 964 4672 Κάσιος
993 4605 1052 4661 δὲ
1085 4606 1114 4660 6
1161 4606 1473 4682 ναύκληρος
1522 4610 1679 4682 παρὰ
1718 4613 1835 4684 Πη-

1946 4615 2289 4672 introductus
2311 4623 2417 4672 cst.
2456 4613 2541 4669 Ad
2567 4615 2716 4670 hunc
2746 4611 2967 4670 modum
2997 4609 3272 4665 Antinous
3307 4607 3361 4660 in
3395 4605 3532 4661 urbe

259 4697 579 4761 λουσιὼταις.

1946 4708 2024 4764 sui
2089 4707 2333 4762 nominis
2400 4720 2525 4761 cum
2589 4705 2801 4761 lusorio
2866 4703 3086 4773 navigio
3146 4701 3396 4771 sepultus
3462 4697 3532 4751 ab

258 4781 481 4844 Adriano
513 4790 570 4845 in
604 4790 833 4846 deorum
859 4807 1149 4849 numerum
1181 4796 1386 4853 relatus
1410 4803 1513 4855 est.
1562 4795 1865 4871 Itidemque
1899 4800 2229 4873 Timagenes
2271 4800 2327 4855 in
2348 4799 2501 4866 Asia,
2537 4806 2592 4854 et
2624 4796 2883 4854 Canobus
2930 4793 3159 4851 Menelai
3196 4794 3532 4865 gubernator

258 4891 369 4985 cum
418 4897 592 4985 uxore
628 4898 730 4939 sua
773 4883 1177 4943 Eumenuthide
1251 4889 1322 4945 ad
1372 4889 1764 4945 Alexandriam
1825 4888 2028 4965 sepulti
2072 4907 2243 4964 prope
2285 4892 2441 4947 littus
2502 4889 2834 4946 duodecimo
2880 4886 2951 4942 ab
3001 4885 3138 4940 urbe
3194 4883 3397 4953 lapide,
3443 4881 3529 4934 di-

254 4977 370 5122 vino
401 4980 555 5036 cultu
587 4990 1004 5038 consecrantur.
1033 4980 1254 5042 Marnas
1295 4984 1500 5042 Asterii
1541 4983 1826 5044 Cretensis
1863 5002 2062 5046 servus
2107 4987 2255 5059 apud
2288 4984 2542 5051 Gazaeos,
2577 4984 2778 5039 Casius
2824 4981 3126 5037 nauclerus
3161 4994 3193 5033 a
3238 4977 3529 5035 Pelusiotis

255 5082 313 5122 co
337 5078 460 5122 itur-

255 5078 460 5127 εοιιιιιτ.

313 5163 427 5219 PZ'.
467 5168 660 5224 Ταῦτα
712 5165 808 5225 οὖν
846 5170 1029 5226 πάντα
1084 5172 1215 5229 ὅταν
1267 5173 1407 5247 μέσῃ
1442 5176 1509 5247 τῇ
1561 5176 1833 5248 ἐκκλησίᾳ

2011 5170 2170 5232 CVII.
2194 5172 2314 5233 .His
2343 5170 2604 5227 omnibus
2644 5168 2827 5225 media
2867 5167 2923 5222 in
2958 5167 3196 5224 ecclesia
3236 5168 3527 5238 diligenter

252 5251 566 5359 ἀκριϐοῦται
593 5259 653 5359 ἶ,
671 5261 841 5317 κακὸν
871 5263 1181 5336 ὑπόδειγμα
1212 5264 1521 5338 θανασίμης
1551 5266 1672 5320 ὁδοῦ
1703 5269 1833 5333 τοὺς

1946 5264 2249 5335 explicatis,
2295 5263 2458 5335 longe
2498 5262 2800 5334 pessimum
2844 5259 2948 5316 viae
2989 5259 3171 5316 letalis
3215 5260 3524 5331 exemplum

252 5350 382 5400 οὕτω
409 5350 787 5422 προαχθέντας
825 5353 1144 5411 ὑπολύεται.
1194 5357 1429 5421 Ἀλλους
1466 5358 1525 5413 δὲ
1568 5358 1680 5413 ἀπὸ
1711 5377 1833 5430 μοι·

1946 5359 2007 5414 iis
2036 5357 2135 5426 qui
2163 5356 2234 5412 ad
2271 5372 2397 5413 eum
2433 5356 2659 5412 modum
2706 5353 2921 5409 inducti
2969 5353 3365 5423 depravatique
3408 5351 3527 5406 fue-

254 5436 391 5504 ιεῐας
410 5441 492 5505 εἰς
516 5443 873 5516 σωφροσύνην
899 5446 1120 5520 φέρετε,
1156 5448 1252 5502 καί
1287 5449 1363 5520 μὴ
1392 5449 1555 5521 μόνον
1575 5448 1672 5504 τοῦ
1700 5449 1830 5505 κλε-

1946 5451 2068 5517 rint,
2098 5450 2251 5507 velut
2289 5449 2725 5505 calceamentum
2762 5447 2979 5504 solvite.
3013 5445 3166 5501 Alios
3204 5443 3528 5504 abadultev

317 5590 333 5620 ¹
360 5591 488 5650 Cor.
524 5595 789 5669 φθορέων.
865 5601 886 5632 ³
915 5598 1044 5657 Cor.
1079 5603 1426 5675 κρεωνομίαν
1461 5604 1632 5676 μυῶν.
1714 5604 1734 5637 ³
1759 5603 1821 5659 F.

1946 5602 2176 5675 οιϐοῦτε,
2206 5612 2261 5661 et
2285 5602 2569 5658 ὑπολύετε.

319 5745 429 5817 (θλ)
470 5749 536 5803 ὀ
583 5750 634 5804 δ’
668 5755 857 5835 ditior;
884 5758 1257 5827 Δατριάριος.
1298 5760 1444 5816 Idem
1486 5758 1689 5833 Scalig.
1722 5761 1833 5814 Aa-

257 5816 452 5868 τιάοιος
479 5830 786 5868 emendavit
819 5841 920 5868 ιιι-η
949 5829 1274 5868 amr-mam"
1321 5846 1483 5868 nlmrr.
1520 5838 1576 5868 In
1605 5833 1831 5868 nnnanln

1946 5842 1956 5868 Ι
2008 5761 2120 5834 (85)
2160 5760 2569 5831 Πεντήκοντα,
2600 5755 3019 5832 quinquaginta,
3050 5771 3160 5814 non
3189 5765 3369 5815 autem
3400 5772 3525 5813 σεπ-

261 5829 452 5887 τιαριος
479 5829 786 5878 emendavit
819 5841 920 5897 pro
949 5829 1294 5903 πατριάριος,
1321 5846 1484 5904 quem
1519 5838 1576 5887 tu
1604 5829 1832 5888 consule

261 5883 322 5939 ad
353 5902 477 5948 ann.
508 5890 637 5951 876.
666 5893 869 5955 Penv.

1946 5829 2068 5888 tum.
