3994 6432
494 387 593 442 2H

1923 370 1979 422 S.
2024 369 2370 423 EPIPIIANII

3650 370 3738 425 SH

493 519 593 557 rus
630 500 695 555 ad
728 496 1042 569 pudicitiam
1081 492 1374 548 traducite.
1411 488 1597 560 Neque
1626 490 1801 557 solum
1842 487 1910 541 ab
1941 486 2074 541 alic-

2182 488 2447 556 ψιγαμεῖν
2494 486 2695 548 αὐτοὺς
2723 484 3134 548 ἀπαλλάττετε,
3176 482 3311 536 ἀλλά
3354 483 3449 535 καὶ
3508 482 3634 545 ἰδίας
3657 484 3739 552 τῆς

492 594 578 649 nis
624 589 895 646 violandis
944 588 1216 658 coniugiis
1274 585 1570 650 abducite,
1637 583 1729 639 sed
1781 590 1837 637 et
1890 588 1950 633 ut
2014 580 2078 634 ab

490 681 752 753 legitima:
782 680 974 734 uxoris
1022 676 1425 733 consuetudine
1473 675 1785 730 abstineant
1822 674 2081 727 cohorta-

490 774 641 828 tione
680 781 864 827 vestra
904 772 1191 842 perﬁcito:
1238 768 1462 839 Tempus
1497 770 1634 823 enim
1668 766 1817 820 breve
1860 775 1959 826 est,
2007 766 2081 819 ait

490 865 792 933 Apostolus
822 865 860 917 ι.
911 865 1071 934 ιιο
1117 863 1198 917 Ad
1237 863 1353 917 haec
1399 861 1760 916 Iornicatores
1800 859 2078 923 instruite,

494 973 563 1012 ne
588 958 659 1012 ob
688 956 961 1012 nefarium
1007 963 1062 1011 et
1093 963 1203 1009 tam
1251 954 1395 1025 apud
1435 953 1603 1008 Deum
1633 968 1797 1023 quam
1829 952 2080 1006 homines

496 1050 747 1105 illicitum
802 1048 1014 1104 facinus
1061 1062 1252 1118 punias
1299 1045 1629 1117 expendant.
1675 1044 1922 1113 Cumque
1971 1057 2079 1096 non

494 1157 749 1198 sermone
783 1139 1129 1197 tantnm.sed
1156 1147 1209 1193 et
1242 1137 1402 1192 factis
1434 1136 1782 1192 elaborantes
1823 1134 1935 1187 ha'c
1968 1148 2081 1187 om-

492 1232 585 1285 nia
616 1230 973 1291 tradideritis,
1000 1228 1326 1300 persuadete
1354 1228 1460 1283 illis
1496 1234 1551 1281 ut
1578 1228 1691 1281 haec
1721 1225 1837 1296 ipsa
1868 1240 1897 1278 a
1923 1226 2081 1279 vobis

494 1325 805 1394 accipiant:
842 1333 1199 1395 posteaquam
1236 1322 1425 1377 eadem
1457 1320 1561 1391 ipsi
1603 1319 1994 1390 prmstiteritis,
2023 1327 2078 1373 ct

492 1418 548 1470 in
572 1414 729 1471 vobis
755 1432 1020 1487 expresso
1059 1417 1304 1470 omnium
1341 1415 1615 1483 exemplo,
1650 1430 1713 1467 ea
1753 1429 1812 1467 re
1847 1410 2079 1483 potissi-

489 1522 640 1559 mum
685 1505 847 1561 ﬁdem
890 1505 1125 1561 orationi
1170 1513 1366 1561 vestra:
1413 1504 1869 1567 conciliaveritis,
1930 1501 2076 1573 quod

491 1604 617 1648 ante
646 1595 1014 1664 vosmetipsos
1050 1592 1212 1649 factis
1252 1593 1609 1658 edocueritis,
1645 1607 1810 1663 quam
1844 1591 1912 1645 ad
1953 1592 2079 1647 illos

491 1684 861 1740 instituendos
908 1685 1278 1740 secesseritis.
1320 1682 1399 1738 Ita
1432 1684 1635 1753 quippe
1671 1684 1839 1738 solem
1872 1683 1956 1737 vel
1994 1690 2079 1735 ta-

489 1783 679 1831 centes
708 1774 1019 1838 imitamini,
1048 1774 1142 1843 qui
1173 1774 1343 1829 silens
1370 1776 1487 1843 ipse
1512 1788 1706 1828 omnes
1740 1772 1943 1843 ubique
1965 1781 2075 1829 ter-

2185 578 2330 633 κατά
2381 578 2544 647 φύσιν
2584 579 2991 647 καταφρονεῖν,
3027 576 3102 638 ὼς
3160 574 3239 627 ἔτι
3300 578 3332 628 o'
3369 574 3568 643 καιρὸς
3615 590 3742 629 συν-

2181 670 2555 739 εσταλμένος
2590 671 2737 723 ἐστὶν
2762 709 2776 733 ,
2826 669 2903 733 ὦς
2943 686 3109 739 φησιν
3142 669 3171 721 6
3228 667 3370 738 ἱερὸς
3419 669 3499 721 ’ξιτ
3516 668 3740 733 ύστολος·

2184 764 2417 834 πόρνους
2439 763 2496 817 δὲ
2530 766 2843 835 κατηχεῖτε,
2885 763 2973 817 ῐνα
3011 764 3085 833 μὴ
3127 762 3228 832 τὴν
3269 761 3525 833 ἀθέμιτον
3571 764 3743 834 πρᾶξιν

2184 856 2337 925 παρά
2369 854 2489 926 Θεῷ
2526 873 2584 909 τε
2631 855 2727 909 καὶ
2777 854 3085 927 ἀνθρώποις
3126 858 3495 927 ἐργασάμενοι
3522 875 3742 927 τιμωρη-

2184 948 2371 1001 θῶσιν.
2410 950 2521 1003 Καὶ
2548 950 2638 1003 ὅτε
2674 950 2856 1005 πάντα
2898 950 3072 1004 ταῦτα
3119 949 3206 1003 διὰ
3259 952 3527 1020 στόματος
3564 953 3648 1004 καὶ
3689 952 3745 1005 δι’

2184 1041 2362 1113 ἔργων
2390 1042 2693 1112 κάμνοντες
2724 1043 3037 1113 παραδῶτε,
3071 1043 3289 1097 πείθετε
3324 1044 3464 1097 αύτά
3500 1044 3565 1096 τά
3591 1046 3744 1098 πάντα

2183 1133 2648 1203 ὲγκαταδέξασθαι
2703 1133 2889 1205 ὑμῶν,
2927 1133 3074 1207 ἔργῳ
3125 1136 3306 1189 πάντα
3360 1134 3576 1207 πρῶτον
3620 1134 3743 1205 πρά-

2182 1226 2393 1294 ξαντες,
2426 1228 2517 1280 καὶ
2553 1228 2611 1280 ἐν
2656 1228 2842 1291 αὐτοῖς
2879 1228 3389 1298 ἀνατυπωσάμενοι,
3421 1227 3546 1290 τοὺς
3576 1226 3745 1293 λόγους

2183 1316 2630 1382 πιστοποιοῦντες
2648 1334 2659 1346 ·
2690 1311 2771 1381 οἷς
2792 1316 2882 1371 διά
2903 1317 3009 1370 τῶν
3036 1318 3287 1389 πράξεων
3308 1317 3536 1380 ἑαυτοὺς
3556 1316 3743 1386 πρῶτον

2182 1408 2495 1472 ὲδιδάξατε,
2528 1408 2618 1461 ἵνα
2662 1408 2758 1461 καὶ
2815 1406 3036 1478 ἑτέρους
3078 1405 3458 1481 μαθητεύοιτε.
3515 1406 3742 1473 Ἐπέχετε

2183 1504 2289 1573 γὰρ
2334 1501 2428 1554 καὶ
2459 1500 2777 1564 σιωπῶντες
2826 1499 3031 1569 τρόπον
3086 1499 3269 1571 ήλίου,
3313 1498 3408 1551 τοῦ
3458 1496 3550 1551 καὶ
3590 1498 3742 1565 σιωπῇ

2184 1595 2392 1659 πάντας
2417 1593 2691 1663 πανταχοῦ
2719 1593 3065 1655 διδάσκοντος
3088 1609 3099 1619 ·
3126 1590 3289 1655 εὐθὺς
3312 1590 3422 1663 γάρ
3444 1588 3742 1651 ἀνατέλλων,

2183 1686 2275 1739 κοιλ⁵
2318 1684 2562 1749 σιωπῶν,
2605 1684 2706 1748 τὰς
2754 1684 2948 1754 τέχνας
2991 1683 3207 1736 πάντων
3254 1681 3619 1735 ἀναδιδάσκει.
3652 1678 3745 1731 Καὶ

2182 1780 2311 1832 ὅταν
2342 1778 2441 1849 μὲν
2474 1776 2679 1831 τούτων
2710 1776 2967 1829 ἀπάντων
2993 1774 3095 1845 τὴν
3126 1772 3395 1841 ὠφέλειαν
3426 1775 3537 1835 τοῖς
3561 1770 3745 1823 ἑαυτῶν

492 1882 681 1921 rarum
725 1866 988 1921 instituit.
1026 1864 1162 1919 Nam
1198 1866 1246 1919 is
1287 1866 1471 1919 statim
1504 1875 1670 1935 atque
1707 1872 1933 1920 exortus
1970 1874 2074 1929 est,

2185 1839 2415 1935 τέκνοις,
2441 1870 2616 1923 εῐτουν
2648 1866 2895 1936 ἀδελφοῖς
2921 1839 3265 1927 πιστοτάτοις
3301 1862 3607 1934 παραδῶτε,
3636 1876 3745 1931 προ-

492 1967 643 2013 artes
677 1973 890 2024 omnes,
922 1957 1139 2011 etiamsi
1185 1966 1385 2020 taceat,
1432 1955 1663 2010 edocere
1697 1954 1933 2009 videtur.
1966 1954 2083 2009 Cae-

491 2056 673 2102 terum
722 2064 848 2103 cum
889 2047 1087 2101 horum
1132 2047 1377 2101 omnium
1422 2046 1661 2099 fructum
1695 2053 1749 2099 et
1787 2046 2078 2100 utilitatem

494 2141 621 2195 ﬁliis
646 2142 847 2196 vestris
879 2141 993 2195 sive
1029 2141 1212 2212 potius
1249 2139 1532 2196 ﬁdissimis
1568 2138 1831 2194 fratribus
1878 2139 2082 2207 imper-

491 2232 710 2297 tieritis,
767 2231 841 2284 ita
888 2231 1013 2285 illos
1060 2230 1370 2294 informata,
1422 2237 1481 2284 ut
1522 2231 1576 2283 in
1633 2237 1779 2284 terra
1826 2229 2080 2301 gradien-

490 2332 596 2381 tcs.
623 2324 747 2377 οωίί
779 2323 1084 2392 municipes
1113 2337 1236 2377 csse
1270 2321 1558 2376 videantur
1587 2324 1632 2375 '.
1674 2320 1963 2377 Monastici
1992 2322 2078 2376 in-

490 2416 667 2469 stituti
691 2414 1023 2470 desiderium
1053 2420 1107 2469 et
1132 2413 1385 2467 ardorem
1410 2413 1723 2467 constantia
1746 2420 1930 2469 vestra
1964 2415 2079 2469 sin-

489 2522 725 2578 ceraque
772 2509 877 2564 ﬁde
922 2506 1344 2578 quamplurimis
1387 2506 1672 2563 insinuare
1717 2517 2073 2564 mementote.

491 2598 793 2654 Ilmreticos
818 2615 947 2655 vero
968 2600 1325 2663 detestantes,
1348 2596 1680 2653 Manichmos
1700 2599 2074 2669 confutantes,

490 2703 555 2742 ac
600 2688 986 2744 Hareionistas
1021 2695 1076 2744 et
1117 2698 1347 2743 caeteros
1389 2688 1507 2757 eius
1539 2687 1729 2743 farinae
1760 2691 2012 2746 homines
2044 2707 2075 2747 a

495 2780 654 2834 caula
697 2779 789 2835 Dei
838 2788 893 2836 et
944 2781 1073 2835 ovili
1111 2780 1413 2852 depellite:
1458 2789 1512 2837 et
1558 2782 1815 2837 omnibus
1856 2782 2074 2837 illorum

486 2873 824 2944 argumentis
860 2872 1090 2936 eversis,
1126 2873 1404 2929 silentium
1434 2874 1681 2930 indicite.
1724 2874 2076 2944 Quaecunque

487 2971 653 3027 porro
699 2957 966 3015 adversus
1016 2960 1183 3015 Deum
1218 2975 1283 3016 ac
1330 2970 1554 3017 sanctos
1596 2962 1719 3032 ejus
1772 2965 2073 3033 prophetas

485 3057 691 3107 temere
714 3052 966 3122 garriunt
997 3052 1248 3109 homines
1277 3054 1565 3119 levissimi,
1607 3070 1671 3111 ac
1709 3055 1916 3126 Spiritu
1947 3072 2076 3112 san-

2186 1961 2439 2026 6ι6άζετε
2476 1961 2573 2032 μὲν
2608 1960 2804 2022 αὐτοὺς
2843 1957 2937 2011 ἐπὶ
2972 1957 3073 2027 γῆς
3116 1956 3213 2025 μὲν
3255 1954 3517 2025 βαδίζειν,
3565 1954 3618 2006 ἐν
3665 1953 3743 2004 οὐ·

2188 2054 2334 2129 ρανῷ
2361 2054 2418 2107 δὲ
2450 2052 2594 2123 ἔχειν
2627 2052 2688 2104 τὸ
2719 2051 3040 2120 πολίτευμα.
3074 2045 3340 2116 Μοναχῶν
3368 2046 3427 2099 δὲ
3464 2044 3617 2117 ζῆλον
3650 2042 3743 2103 τοῖς

2183 2147 2454 2208 πλείστοις
2485 2145 2778 2213 ὲγγεννᾶτε
2798 2143 2885 2196 διὰ
2909 2142 3009 2211 τῆς
3037 2144 3093 2193 ἐν
3126 2141 3253 2209 ὑμῖν
3290 2136 3645 2208 στερρότητος
3668 2134 3743 2185 καὶ

2181 2238 2547 2309 ἀνυποκρίτου
2575 2236 2837 2297 πίστεως·
2868 2232 3196 2304 αἱρεσιώτας
3217 2228 3564 2297 στυγοῦντες,
3594 2228 3744 2281 Μανι-

2181 2332 2369 2402 χαίους
2399 2328 2713 2400 φιμοῦντες,
2738 2323 3156 2397 Μαρκιωνιστάς
3185 2322 3280 2375 καὶ
3306 2320 3533 2382 λοιποὺς
3552 2317 3744 2389 ὁμοίους

2181 2422 2361 2477 αὐτῶν
2407 2422 2508 2492 τῆς
2540 2419 2635 2473 τοῦ
2689 2416 2822 2471 Θεοῦ
2887 2415 3129 2488 μάνδρας
3175 2411 3547 2475 ἀπελαύνετε,
3588 2409 3740 2469 πάσας

2180 2513 2361 2569 αὐτῶν
2402 2514 2500 2576 τάς
2550 2510 2854 2580 προφάσεις
2924 2504 3296 2578 παραλύοντες
3340 2504 3439 2557 καὶ
3486 2497 3742 2568 ἐπιστομί-

2180 2607 2384 2671 ζοντες.
2410 2605 2549 2657 Ὅσα
2586 2604 2693 2673 γάρ
2723 2600 2865 2654 κατά
2892 2598 2993 2653 τοῦ
3008 2597 3142 2651 Θεοῦ
3173 2597 3267 2649 καὶ
3292 2595 3437 2648 κατὰ
3463 2595 3570 2646 τῶν
3598 2592 3743 2659 ἁγίων

2178 2695 2344 2753 αὑτοῦ
2382 2694 2679 2766 προφητῶν
2715 2691 3003 2763 τολμηρῶς
3042 2686 3540 2757 καταφθέγγονται,
3575 2681 3739 2749 κοῦφοι

2178 2789 2331 2853 ὅντες
2355 2789 2449 2842 καὶ
2481 2786 2627 2840 κενοὶ
2652 2785 2761 2839 ἀπὸ
2793 2783 2949 2852 ἀγίου
2978 2780 3318 2851 Πνεύματος,
3359 2779 3443 2841 εἰς
3467 2777 3523 2829 δὲ
3543 2774 3629 2827 τὸν
3649 2771 3739 2825 τῶν

2178 2883 2315 2936 ὅλων
2343 2878 2678 2951 δημιουργὸν
2706 2871 3106 2948 βλασφημοῦσι,
3135 2871 3228 2925 καὶ
3251 2871 3352 2923 ὅσα
3374 2866 3517 2921 καλά
3541 2866 3623 2919 διά
3648 2861 3740 2951 τῶν

2178 2972 2351 3041 ἁγίων
2390 2950 2557 3024 αὑτοῦ
2593 2964 2891 3039 προφητῶν
2924 2966 3035 3026 τοῖς
3078 2961 3243 3014 πᾶσιν
3282 2954 3589 3030 ἀνθρώποις
3616 2950 3737 3005 κατὰ

2178 3062 2518 3136 προφητείαν
2558 3063 2587 3114 6
2621 3059 2753 3122 Θεὸς
2793 3055 3109 3128 ἐχαρίσατο,
3142 3046 3286 3106 οῦτοι
3324 3049 3567 3121 μισοῦσι,
3601 3045 3665 3099 τά
3690 3058 3738 3136 τι

484 3150 577 3198 cto
606 3142 893 3199 destituti:
936 3151 1053 3198 tum
1084 3160 1207 3216 quae
1255 3145 1313 3200 in
1344 3146 1688 3203 conditorem
1721 3164 1907 3204 rerum
1956 3165 2072 3204 om-

2182 3134 2458 3227 βαθύτατα
2480 3152 2573 3206 τοῦ
2607 3152 2773 3222 νόμου
2805 3147 3031 3203 καὶτῶν
3068 3145 3388 3217 προφητῶν,
3422 3138 3509 3196 οἷα
3532 3141 3593 3212 δὴ
3621 3134 3737 3238 γεώ-

484 3233 637 3289 nium
671 3236 1070 3292 contumeliose
1097 3236 1340 3307 jaciunt,
1367 3253 1492 3293 cum
1524 3239 1738 3296 scilicet
1780 3240 2072 3297 innumera

482 3326 627 3382 bona
682 3326 1057 3398 beneﬁciaque
1098 3328 1154 3382 in
1188 3329 1506 3385 universum
1529 3329 1814 3387 hominum
1843 3349 2021 3404 genus
2042 3350 2073 3390 a

483 3413 595 3469 Deo
625 3430 720 3485 per
748 3418 1129 3472 sanctissimos
1153 3418 1451 3487 prophetas
1485 3433 1785 3490 eorumque
1813 3422 2073 3477 vaticinia

481 3505 730 3560 derivata
758 3507 1106 3561 insectentur
1130 3514 1187 3561 et
1215 3508 1463 3576 oderint;
1494 3524 1560 3564 ac
1588 3510 1724 3580 legis
1751 3519 1805 3565 et
1835 3514 2073 3582 prophe-

484 3602 664 3645 tarum
698 3593 973 3649 altissima
1004 3594 1289 3664 mysteria,
1322 3606 1585 3666 tanquam
1608 3611 1734 3652 cum
1768 3608 1913 3654 terra
1948 3616 2075 3656 cor-

483 3683 824 3755 poribusque
877 3686 1125 3740 concreti
1163 3685 1434 3752 homines,
1485 3688 1817 3759 inquirendo
1849 3697 2073 3766 assequi

2178 3244 2288 3307 δεις
2313 3242 2465 3306 ὄντες
2496 3242 2591 3294 καὶ
2632 3237 2968 3310 σωματικοὶ,
3000 3234 3426 3305 ἀνακρινόμενοι
3465 3233 3527 3286 οὐ
3561 3228 3735 3287 νοοῦσι,

2185 3335 2363 3407 μάτην
2395 3330 2808 3404 βλασφημοῦσιν
2836 3328 2996 3391 εὐθὺς
3019 3328 3060 3358 “
3090 3325 3189 3398 τὴν
3211 3323 3393 3379 αὐτῶν
3425 3322 3647 3391 πλάνην,
3676 3317 3737 3407 μὴ

2180 3406 2389 3481 ὀκνεῖτε
2421 3423 2528 3477 ἀπὸ
2557 3422 2665 3475 τῶν
2704 3420 3037 3483 ἀκουόντων,
3070 3415 3397 3472 ἀποσείεσθε
3436 3414 3624 3475 αὐτοὺς
3648 3406 3739 3464 ἀπὸ

2177 3516 2286 3569 τῶν
2307 3514 2578 3587 ἀληθινῶν
2606 3511 2935 3578 ἀποδείξεων
2954 3528 2967 3542 ·
2995 3511 3083 3565 διὰ
3113 3510 3225 3581 γὰρ
3244 3508 3351 3562 τῶν
3378 3506 3630 3596 τοιούτων
3658 3504 3739 3596 ῥη-

2181 3605 2369 3677 μάτων
2401 3605 2451 3657 οί
2481 3602 2903 3674 ματαιόφρονες,
2936 3599 3126 3673 ὥσπερ
3164 3598 3421 3671 φρύγανα
3453 3599 3511 3652 ὲν
3535 3593 3738 3669 ῥεύματι

2178 3695 2437 3749 πλουσίου
2472 3690 2719 3764 ποταμοῦ
2757 3690 3181 3761 καταφέρονται.

483 3785 782 3847 nequeant.
830 3787 885 3835 et
932 3779 1143 3835 idcirco
1176 3783 1575 3839 contumeliose
1625 3783 1830 3842 frustra
1871 3789 2215 3849 detrahant:
2272 3806 2371 3847 vos
2414 3790 2551 3854 hzcc,
2614 3789 2857 3858 inquam,
2926 3786 3113 3841 omnia
3170 3793 3225 3841 et
3286 3798 3508 3841 errores
3546 3781 3737 3837 illorum

483 3874 807 3930 certissimis
837 3876 1399 3947 rationibusimpigre
1424 3894 1489 3933 ex
1515 3881 1833 3937 auditorum
1861 3885 2060 3944 animis
2098 3889 2335 3945 evellite.
2375 3884 2697 3942 Istiusmodi
2725 3886 2929 3955 quippe
2985 3882 3217 3938 vocibus
3271 3880 3527 3937 homines
3580 3876 3739 3934 vanis-

483 3967 631 4031 simi,
670 3975 930 4038 tanquam
980 3970 1206 4026 inntiles
1255 3970 1503 4037 frutices,
1558 3977 1805 4033 secundo
1852 3981 2064 4051 copiosi
2103 3983 2349 4039 numinis
2376 3982 2616 4038 decursu
2648 3979 2959 4050 rapiuntur.

551 4055 737 4112 CVIII.
765 4057 871 4114 Sed
903 4060 1035 4115 illud
1071 4062 1123 4115 in
1150 4062 1343 4134 primis
1375 4063 1619 4135 objicere
1652 4070 1826 4124 solent
1857 4091 1869 4125 :
1901 4070 2067 4143 Egre-

484 4150 633 4219 gium
663 4166 792 4205 vero
825 4152 957 4223 legis
991 4153 1144 4207 illum
1185 4170 1310 4212 esse
1330 4155 1520 4223 Deum,
1558 4159 1652 4229 qui
1699 4162 1923 4217 ubinam
1961 4165 2068 4220 loci

481 4240 726 4299 Adamus
755 4251 904 4298 esset
934 4245 1080 4299 velut
1108 4246 1332 4316 ignarus
1363 4250 1664 4322 interroget
1698 4271 1712 4307 :
1749 4253 1945 4320 Adam,
1981 4257 2068 4310 in-

481 4335 622 4403 quit,
690 4336 781 4387 ubi
832 4335 963 4390 es"!
988 4334 1127 4391 Tum
1180 4338 1415 4394 Cainum
1459 4342 1788 4413 alloquens:
1828 4344 1927 4400 Ubi
1966 4357 2067 4414 est,

482 4427 680 4495 inquit,
730 4426 860 4480 Abel
903 4428 1074 4493 frater
1117 4432 1479 4487 ιιιιιεδῖιιεηι
1534 4436 1601 4489 ad
1653 4437 2065 4496 Abrahamum:

489 4513 589 4567 Ubi
639 4525 717 4569 est
758 4516 926 4570 Sarra
972 4534 1109 4572 uxor
1139 4532 1231 4574 tua
1256 4523 1318 4576 δῖ
1362 4524 1593 4595 Aliaque
1622 4537 1885 4596 pratterea
1919 4545 2073 4584 com-

490 4616 884 4672 memorantes,
944 4614 1213 4667 servatori
1276 4614 1408 4680 Deo,
1471 4618 1760 4690 eidemque
1816 4636 1965 4688 vero,
2020 4632 2075 4679 et

486 4697 746 4752 universa
790 4700 1123 4769 praascienti,
1158 4717 1254 4758 ore
1302 4718 1367 4758 ac
1400 4706 1583 4762 verbis
1622 4708 1911 4775 duntaxat,
1962 4725 2073 4765 non

485 4807 555 4847 ex
605 4792 790 4847 animo
842 4807 905 4847 ae
950 4795 1179 4852 veritate
1214 4797 1468 4852 credunt.
1516 4800 1670 4869 ιιι
1707 4801 1871 4871 Atqui
1927 4801 2073 4857 idem

485 4884 604 4953 ipse
637 4899 749 4938 non
783 4884 1024 4940 absimili
1060 4896 1227 4959 atque
1280 4892 1336 4944 in
1370 4887 1554 4944 Veteri
1585 4891 1939 4948 Testamento
1985 4909 2075 4947 ra—

484 4975 631 5031 tione
684 4978 947 5032 nonnulla
988 4981 1686 5053 sciscitatur;cujusmodi
1745 4985 1878 5042 illud
1934 4995 2015 5043 est
2053 5006 2065 5041 :

490 5063 591 5119 Ubi
646 5068 903 5134 posuistis
958 5069 1312 5126 Lazarum“?
1366 5082 1421 5129 et
1453 5093 1466 5128 :
1501 5073 1634 5141 Quis
1685 5092 1765 5130 me
1816 5077 2071 5146 teligit"?

484 5158 615 5214 item
646 5177 658 5212 :
685 5158 905 5214 Habetis
944 5176 1105 5229 panes
1144 5165 1486 5220 vobiscum"?
1542 5167 1669 5222 item
1710 5186 1724 5223 :
1759 5168 1927 5234 Quem
1952 5169 2069 5223 vul-

483 5250 553 5304 tis
575 5251 595 5282 ³
612 5251 635 5306 ’ί
662 5261 756 5305 aut
786 5270 799 5304 :
832 5252 999 5318 Quem
1023 5258 1256 5319 quwritis
1280 5258 1361 5310 ὀἳ
1398 5258 1764 5323 Quamobrem
1796 5260 1970 5316 facilis
1986 5269 2073 5317 est

484 5341 752 5399 adversus
784 5344 906 5399 illos
944 5351 1001 5400 et
1032 5347 1281 5415 expedita
1306 5350 1467 5404 ratio.
1499 5349 1633 5405 Nam
1663 5361 1724 5406 ut
1755 5350 1927 5409 Filius
1963 5352 2070 5408 etsi

484 5434 791 5497 prasciret,
836 5436 1232 5505 interrogavit:
1268 5440 1349 5493 sic
1378 5450 1432 5494 et
1470 5440 1633 5497 Pater
1676 5458 1801 5498 cum
1838 5445 1981 5500 idem
2015 5453 2071 5499 et

486 5518 843 5580 immutabilis
904 5538 1150 5595 maneat,
1220 5530 1275 5584 in
1329 5532 1444 5603 lege
1505 5543 1879 5605 percontatur.
1932 5536 2067 5592 Nam

2240 4076 2372 4128 PH’.
2416 4071 2617 4125 Εἴπασι
2648 4070 2726 4133 δὲ,
2761 4070 2843 4123 ὅτι
2896 4068 3077 4131 Καλὸς
3109 4070 3138 4122 6
3182 4066 3315 4131 Θεὸς
3342 4065 3442 4119 τοῦ
3479 4065 3655 4136 νόμου,
3689 4060 3738 4121 ὃς

2170 4166 2264 4220 τὸν
2302 4163 2475 4235 Ἀδάμ
2496 4161 2709 4231 ἀγνοῶν
2748 4161 2852 4215 ποῦ
2884 4160 3032 4214 ἐστιν
3068 4158 3276 4231 ἠρώτα,
3304 4158 3481 4226 λέγων
3504 4175 3517 4188 ’
3558 4153 3734 4219 Ἀδὰμ,

2157 4257 2290 4312 ..ποῦ
2317 4252 2405 4320 εἷ;
2434 4255 2529 4309 καὶ
2553 4254 2632 4325 τῷ
2665 4255 2808 4307 Κάῖν
2827 4253 2978 4321 λέγει
2997 4268 3012 4283 ·
3045 4250 3172 4306 Ποῦ
3215 4250 3393 4302 Ἀϐελ
3430 4251 3464 4302 ό
3502 4239 3736 4312 ἀδελφός

2171 4364 2329 4412 σου;
2361 4347 2455 4401 καὶ
2482 4346 2619 4417 πρὸς
2653 4345 2745 4397 τὸν
2787 4343 3069 4414 Ἀϐραάμ·
3116 4338 3241 4394 ιιοῦ
3274 4336 3476 4406 Σάρῤα
3522 4338 3558 4405 ἡ
3602 4329 3732 4404 γυνή

2175 4457 2325 4505 σου;
2356 4440 2451 4493 καὶ
2494 4438 2629 4493 ἄλλα
2676 4435 2847 4489 πολλά
2881 4432 3105 4488 τοιαῦτα
3137 4432 3289 4485 αὐτοὶ
3320 4434 3368 4484 οἱ
3406 4428 3624 4483 τοιαῦτα
3660 4422 3733 4475 λέο

2175 4549 2363 4602 γοντες
2400 4530 2716 4584 πιστεύουσι
2746 4527 2824 4598 τῷ
2854 4526 3068 4597 Σωτῆρι
3098 4524 3218 4595 Θεῷ
3258 4522 3512 4593 στόματι,
3543 4517 3628 4572 καὶ
3652 4513 3735 4602 οὐκ

2179 4601 2432 4694 ἀληθείᾳ,
2468 4620 2589 4691 Θεῷ
2616 4619 2730 4673 ὂντι
2763 4619 2856 4671 καὶ
2878 4617 3186 4689 πρόγνωσιν
3223 4613 3419 4684 ἔχοντι,
3446 4611 3512 4664 τὰ
3537 4608 3590 4662 δὲ
3613 4601 3730 4694 αὐτὰ

2177 4718 2246 4786 τῇ
2275 4693 2488 4784 Παλαιᾷ
2514 4713 2716 4782 ὁμοίως
2748 4709 3099 4781 ἐπερωτῶντι
3116 4724 3132 4740 ·
3179 4706 3303 4760 Ῑιοῦ
3326 4704 3622 4758 τεθείκατε
3645 4693 3734 4748 τὸν

2178 4805 2446 4874 Λάζαρον
2460 4821 2480 4869 ;
2530 4805 2646 4870 καὶ,
2705 4804 2804 4869 Τίς
2845 4819 2968 4870 μου
3010 4798 3250 4868 ﬁgi/nato;
3281 4798 3400 4857 καὶ,
3430 4796 3510 4850 ὅτι
3550 4794 3734 4860 Ἔχετε

2176 4899 2398 4965 ἄρτους
2429 4896 2559 4966 μεθ’
2581 4894 2866 4969 ,ἑαυτῶν-ς
2908 4893 3025 4956 καὶ,
3081 4890 3223 4946 Τίνα
3262 4887 3499 4950 eum;
3526 4884 3579 4955 ἦ,
3616 4879 3733 4934 Τίνα

2178 4984 2433 5053 (unite;
2467 4985 2714 5056 Εὐχερὴς
2740 4982 2929 5036 λοιπὸν
2967 4985 3064 5036 καὶ
3095 4981 3275 5052 ῥᾴδιος
3308 4981 3337 5033 6
3374 4978 3510 5049 πρὸς
3536 4972 3730 5029 τούτους

2176 5079 2415 5149 ἔλεγχος.
2455 5078 2543 5141 Ὦς
2573 5078 2683 5147 γὰρ
2728 5075 2981 5146 ἐπερωτᾷ
3022 5075 3051 5125 6
3085 5071 3212 5135 Υἱὸς
3239 5071 3546 5141 πρόγνωσιν
3585 5063 3728 5132 ἔχωνο

2177 5172 2350 5235 οὕτως
2402 5170 2500 5223 καὶ
2549 5172 2578 5223 6
2624 5168 2815 5238 Πατὴρ
2863 5167 2912 5218 εἰ
2962 5165 3125 5228 αὐτὸς
3156 5164 3253 5216 καὶ
3302 5163 3443 5214 “rev
3484 5156 3560 5228 τῷ
3602 5151 3729 5219 νὸμφ

2180 5265 2454 5335 ἐπερωτᾷ,
2485 5264 2513 5315 6
2541 5261 2705 5323 αὐτὸς
2732 5259 2808 5313 ῶν
2842 5257 2951 5322 ἀεὶ,
2980 5258 3074 5311 καὶ
3115 5254 3189 5327 μὴ
3234 5248 3725 5335 μεταλλασσόμενξὶςο

2192 5331 2318 5409 Ἐάν
2352 5331 2459 5426 γάρ
2492 5353 2623 5427 εἴπῃ
2643 5370 2655 5384 °
2693 5351 2818 5405 Ποῦ
2852 5350 3152 5405 τεθείκατε
3177 5347 3287 5400 τὸν
3314 5342 3603 5411 Λάζαρον;
3622 5331 3727 5387 οὔτε

2176 5449 2239 5502 τὸ
2272 5448 2608 5517 Εὐαγγέλιον
2634 5446 2840 5513 ἀγνοεῖ,
2878 5440 3003 5495 οὗτε
3040 5441 3140 5513 τὴν
3168 5437 3414 5492 Παλαιὰν
3460 5430 3724 5517 Διαθήκηγο

2178 5538 2303 5594 Ποῦ
2330 5512 2629 5592 τεθείκατε
2667 5512 2885 5599 decor;
2916 5512 3103 5602 λέγει,
3136 5528 3413 5597 ἐξελέγξαι
3461 5523 3618 5577 θέλων
3643 5512 3726 5574 τὰς

556 5672 573 5701 ¹
606 5674 621 5725 I
649 5675 783 5729 Cor.
810 5693 908 5740 vn,
935 5680 1028 5733 29.
1103 5683 1123 5712 ³
1152 5682 1289 5738 Phili
1335 5699 1494 5755 p.111,
1526 5685 1617 5740 20,
1694 5688 1714 5719 ³
1738 5686 1876 5742 Gen.
1902 5706 1984 5748 ιιι.
2013 5689 2067 5743 9.

556 5758 605 5809 Il,
656 5743 751 5799 65.
880 5750 903 5778 ⁸
941 5746 1108 5806 Marc.
1148 5700 1341 5812 νμδὲ.
1446 5757 1469 5788 ⁵
1504 5755 1889 5812 Matth.xxvn.
1916 5759 2008 5812 2i.

2183 5691 2317 5748 Gen.
2342 5709 2415 5755 tv,
2437 5692 2490 5746 9.
2568 5691 2589 5722 ⁸
2613 5691 2929 5752 Gcn.xvm,
2962 5687 3015 5741 9.
3093 5685 3115 5717 ‘
3139 5684 3301 5739 Joan.
3321 5699 3399 5749 Ix,
3421 5680 3507 5737 54.
3577 5671 3720 5726 'Luc-

2180 5763 2379 5812 ’Jnan.
2417 5777 2552 5812 xvnl
2589 5763 2640 5812 Δ.
2776 5762 2817 5791 “
2853 5759 3162 5812 Corruptus
3187 5756 3361 5810 locus.
3464 5751 3506 5782 ¹²
3538 5745 3653 5812 Leg.
3681 5736 3720 5788 ει

486 5754 605 5809 vni,
656 5743 751 5799 65.

880 5750 903 5778 ⁸
941 5746 1108 5806 Marc.
1148 5770 1226 5820 v1,

484 5813 597 5867 καί.

1446 5757 1469 5788 ⁸
1504 5755 1889 5824 Matth.xxvn,
1916 5759 2008 5813 2i.

2148 5736 2552 5819 Ioviéiixilkﬁm
2589 5736 2750 5817 Itym
2772 5736 3162 5828 iit-idrruptus
3183 5736 3361 5810 locus.
3383 5736 3399 5749 ’
3432 5736 3506 5782 ί¹³
3538 5745 3653 5815 Ιλῦεο
3681 5736 3720 5788 εί
