3994 6418
279 398 368 453 ’213
1655 391 1837 446 ΑΝΟΟ

1948 388 2094 445 IUS.

3415 384 3521 438 21-5

281 516 396 587 μηδὲ
419 514 508 584 τὴν
550 513 671 583 ίσην
717 511 893 565 πίστιν
944 510 1324 580 ἐξενηνοχυίας
1371 509 1505 580 πρὸς
1557 509 1655 579 τὴν
1703 511 1835 563 Σου-

1948 509 2085 580 quod
2147 509 2219 561 ita
2279 507 2524 577 loquitur
2567 524 2580 561 :
2618 506 2716 559 Ubi
2765 507 3016 574 posuistis
3057 505 3367 560 Lazarum?
3422 519 3521 558 nec

285 608 490 677 μανῖτιν.
530 603 731 658 Καίτοι
776 619 837 670 γε
864 602 1075 671 ἐκείνης
1113 600 1248 672 πρὸς
1268 600 1551 672 ἄνθρωπον
1577 601 1828 672 ἐχούσης,

279 694 524 749 τουτέστιν
560 694 860 746 Ἐλισσαῖον
904 690 996 743 τὸν
1041 691 1194 760 ἆγιον
1245 678 1572 761 προφήτην,
1619 689 1718 753 τὰς
1772 689 1830 742 δὲ

280 787 385 858 περὶ
410 784 631 855 Μάρθαν
666 783 898 855 ἐχούσας
937 781 1074 853 πρὸς
1098 781 1190 835 τὸν
1218 780 1370 835 Θεόν.
1405 781 1513 833 Καὶ
1549 780 1643 834 ἐὰν
1676 778 1827 852 εἴπῃ,

285 875 363 938 Τίς
388 890 498 940 μου
536 872 774 940 ἣψατο;
822 873 922 924 οὐκ
952 870 1160 939 ἀγνοῶν
1200 870 1368 938 λέγει,
1395 870 1509 924 ἀλλ’
1547 869 1636 923 ἵνα
1667 869 1831 942 πείσῃ

280 964 358 1034 τὴν
389 964 604 1031 γυναῖκα
644 962 736 1030 ἀφ’
773 963 970 1034 ἑαυτῆς
1019 961 1391 1034 ὁμολογῆσαι,
1445 960 1532 1014 ἵνα
1573 960 1646 1031 μὴ
1701 960 1832 1030 περὶ

279 1052 447 1105 ἑαυτοῦ
499 1055 749 1124 μαρτυρῇ
783 1055 810 1104 ὁ
845 1053 970 1116 Υἱὸς
1005 1053 1098 1106 τοῦ
1139 1050 1306 1117 Θεοῦ,
1353 1051 1468 1106 ἀλλ’
1501 1052 1606 1105 ὑπὸ
1657 1051 1831 1106 ἄλλων

278 1143 552 1215 δοξάζηται.
579 1145 690 1197 Καὶ
714 1145 842 1198 ὅταν
866 1146 1014 1218 εἴπῃ,
1047 1146 1251 1215 Ἔχετε
1291 1144 1509 1213 ἄρτους
1535 1143 1664 1213 μεθ’
1693 1144 1832 1198 eav-

279 1234 413 1299 rtbr;
459 1236 547 1288 ἐπὶ
603 1236 780 1308 τούτῳ
807 1237 977 1306 λέγει,
1035 1235 1123 1291 ἵνα
1158 1237 1218 1290 τὸ
1271 1236 1446 1307 βραχὺ
1491 1236 1601 1289 τῶν
1651 1235 1830 1306 ἄρτων

279 1328 390 1380 πᾶσι
436 1329 718 1400 σημανθῇ,
769 1331 864 1382 καὶ
905 1331 965 1382 τὸ
1018 1330 1249 1401 μέγεθος
1279 1331 1376 1401 τῆς
1411 1329 1577 1383 αὑτοῦ
1618 1329 1831 1400 θαυμα-

277 1418 500 1488 τουργίας
533 1419 821 1491 θαυμασθῇ
844 1461 858 1485 ,
895 1421 984 1474 διὰ
1040 1421 1311 1475 τοσούτων
1355 1422 1536 1494 ἄρτων
1575 1423 1829 1477 τοσούτου

279 1509 541 1580 τραφέντος
572 1511 750 1582 ὄχλου.
778 1512 888 1565 Καὶ
912 1514 1040 1567 ὅταν
1068 1513 1220 1584 εἴπῃ,
1253 1513 1398 1568 Τίνα
1429 1513 1683 1582 (meite;
1704 1517 1832 1580 τοὺς

279 1600 542 1668 ζητοῦντας
571 1603 844 1657 δείκνυσιν
873 1606 1262 1676 ἠπατημένους
1288 1607 1471 1670 ὄντας,
1503 1609 1598 1661 καὶ
1626 1606 1831 1678 Ἰησοῦν

279 1689 535 1761 ζητοῦντας
565 1695 654 1748 τὸν
691 1696 910 1763 Ἰατρὸν
942 1697 1377 1769 ἑρμηνευόμενον
1423 1699 1518 1752 καὶ
1547 1699 1795 1767 Σωτῆρα
1815 1716 1828 1730 ⁸

279 1781 332 1830 ἶν’
366 1784 479 1835 ὅταν
508 1786 907 1840 ἀποκτείνωσιν
954 1788 1150 1852 αὐτὸν,
1202 1788 1302 1858 τῆς
1338 1789 1527 1842 τούτου
1560 1791 1832 1862 σωτηρίας

280 1869 496 1920 λίξέωτιν.

296 1889 496 1940 ιηςωτιν.

1938 601 2292 671 Evangelium
2355 613 2534 669 neque
2593 597 3008 653 Testamentum
3062 597 3228 652 Vetus
3280 598 3518 667 ignorat.

1943 691 2042 747 Ubi
2071 693 2330 763 posuistis
2361 692 2571 760 ipsum?
2601 691 2798 760 inquit,
2836 698 2894 744 ut
2926 705 3146 745 sorores
3175 691 3298 744 illas
3325 703 3520 758 argue-

1937 793 2044 852 ret,
2075 801 2196 854 qua:
2228 800 2295 838 ne
2324 784 2592 854 aequalem
2629 781 2850 852 quidem
2891 780 3220 835 Sunainitidi
3256 780 3332 834 illi
3359 779 3518 833 ﬁdem

1939 894 2050 949 prae
2095 892 2154 932 se
2191 874 2417 931 ferrent.
2468 873 2792 944 Quanquam
2836 873 2913 928 illi
2959 888 3084 927 cum
3138 871 3356 925 homine
3382 868 3522 923 dun-

1937 977 2094 1023 taxat
2139 984 2228 1023 res
2283 975 2453 1032 esset,
2509 964 2690 1020 Eliseo
2727 979 2922 1034 nempe
2977 962 3279 1032 prepheta:
3311 958 3520 1012 Martha

1936 1076 2066 1115 vero
2107 1061 2338 1129 ejusque
2393 1072 2553 1113 soror
2595 1071 2722 1110 eum
2774 1055 2886 1110 Deo
2929 1060 3132 1124 ageret.
3185 1051 3321 1105 Nam
3375 1049 3520 1120 quod

1937 1151 2072 1205 alias
2121 1150 2260 1205 dixit
2297 1171 2311 1205 ;
2347 1148 2479 1216 Quis
2523 1164 2604 1202 me
2637 1146 2840 1217 tetigit?
2874 1160 2984 1199 non
3015 1145 3119 1198 hoc
3167 1158 3234 1198 ex
3266 1141 3522 1212 ignoran-

1938 1243 2012 1296 tia
2040 1242 2180 1298 dixit
2211 1260 2224 1297 :
2251 1241 2346 1298 sed
2373 1250 2432 1296 ut
2475 1241 2544 1295 ab
2576 1239 2810 1309 ipsumet
2843 1237 3072 1292 muliere
3114 1232 3520 1290 confessionem

1935 1336 2286 1405 exprimeret,
2335 1350 2404 1389 ne
2434 1333 2501 1388 de
2549 1333 2732 1402 seipso
2769 1329 3155 1386 testiﬁcaretur
3191 1326 3285 1381 Dei
3325 1324 3519 1387 Filius,

1937 1426 2032 1481 sed
2061 1427 2293 1481 aliorum
2337 1423 2658 1480 testimonio
2689 1421 3191 1478 commendaretur.
3228 1417 3384 1484 Quod
3419 1431 3515 1470 au-

1938 1526 2048 1574 tem
2076 1519 2144 1572 ad
2174 1519 2278 1574 ista
2318 1521 2555 1589 pertinet
2582 1538 2596 1573 :
2633 1516 2854 1573 Habetis
2883 1529 3043 1584 panes
3069 1511 3373 1567 vobiscum?
3399 1509 3520 1563 ideo

1941 1617 2304 1679 percontatus
2332 1621 2439 1676 est,
2475 1620 2534 1664 ut
2559 1624 2722 1680 quam
2745 1609 2938 1679 exigua
2974 1605 3131 1676 panis
3164 1610 3311 1658 esset
3337 1600 3533 1670 copia,

1938 1707 1992 1755 et
2021 1700 2362 1757 incredibilis
2392 1705 2530 1756 tanti
2565 1701 2796 1771 prodigii
2830 1694 3150 1768 magnitudo
3175 1694 3524 1748 demonstra-

1941 1803 2126 1862 retur;
2158 1812 2280 1866 quaa
2301 1811 2367 1850 eo
2404 1803 2550 1850 esset
2598 1793 2997 1856 admirabilior,
3037 1806 3146 1860 quo
3192 1796 3303 1842 tam
3336 1785 3538 1856 paucis

1856 1877 1896 1930 Β
1928 1885 2162 1953 panibus
2213 1893 2294 1940 tot
2338 1886 2505 1939 mill-ia
2544 1885 2828 1940 hominum
2880 1883 3132 1938 aluisset.
3180 1878 3353 1933 Porro
3397 1891 3524 1930 cum

282 1975 543 2069 tnterrogal
582 1966 802 2069 κρείων
853 1970 1138 2037 qua‘ritis?
1187 1985 1283 2025 eos
1331 1971 1425 2040 qui
1484 1973 1827 2042 qurerebant,
1865 1976 2126 2048 deceptos
2167 1994 2290 2034 esse
2322 1979 2618 2049 signiﬁcat,
2674 1977 2766 2050 qui
2803 1975 2986 2032 Jesum
3050 1977 3374 2046 quaererent,
3429 1983 3528 2023 eu-

282 2077 352 2127 ius
381 2076 561 2116 nomen
594 2062 864 2118 Medicum
909 2080 976 2121 ac
1023 2065 1358 2122 Solvatorcm
1416 2068 1713 2139 signiﬁcat,
1758 2082 1818 2126 ut
1871 2088 1938 2128 eo
1993 2074 2290 2131 interfecto
2337 2075 2798 2130 communicatam
2864 2073 2933 2127 ab
2964 2086 3031 2126 eo
3065 2070 3297 2126 salutem
3364 2062 3528 2118 amit-

280 2163 446 2209 tert‘ul.

335 2248 442 2302 PO'.
477 2250 691 2322 Ὥσπερ
731 2245 826 2305 οὗν
868 2253 937 2308 τὰ
985 2255 1115 2326 περὶ
1150 2255 1248 2327 τῆς
1293 2257 1389 2312 τοῦ
1432 2259 1642 2332 Κυρίου
1677 2259 1837 2332 ἡμῶν

278 2343 550 2412 οἰκονομίας
601 2344 930 2416 ἐδείξαμεν,
966 2346 1237 2418 λεγόμενα
1288 2351 1388 2421 μὲν
1440 2351 1827 2422 ἀνθρωπίνως,

279 2431 359 2483 οὐκ
398 2433 586 2505 ἄμοιρα
619 2434 682 2486 δὲ
743 2435 1102 2507 προγνώσεως
1131 2439 1278 2507 (οὐδὲ
1325 2441 1435 2511 γάρ
1476 2459 1560 2504 τις
1590 2441 1698 2494 τῶν
1743 2441 1838 2494 εύ-

283 2525 586 2594 φρονούντων
627 2529 768 2600 εἴπῃ
813 2529 1026 2596 ἀγνοεῖν
1059 2531 1222 2583 αὑτὸν
1267 2533 1369 2586 ποῦ
1410 2533 1690 2587 τεθείκασι
1726 2534 1838 2588 Λά-

283 2616 440 2687 ζαρον,
479 2619 640 2687 ἐγγὺς
690 2618 820 2671 ὄντα
861 2619 954 2675 τοῦ
982 2620 1172 2685 τόπου,
1210 2623 1259 2674 εί
1303 2625 1398 2676 καὶ
1430 2624 1497 2677 δι’
1523 2623 1582 2676 ὃν
1612 2625 1843 2695 εἴπομεν

283 2708 448 2778 τρόπον
495 2710 706 2782 ἠρώτα,
743 2712 932 2784 πόρρω
976 2712 1266 2778 Γαλιλαίας
1308 2715 1503 2788 πρώην
1545 2717 1707 2782 ὄντα,
1743 2716 1841 2772 καὶ

285 2801 490 2865 δείξαντα
521 2805 608 2872 ἀφ’
636 2804 865 2868 ἑαυτοῦ,
891 2807 973 2859 ὅτι
1001 2806 1227 2879 τέθνηκε
1257 2808 1552 2881 Λάζαρος),
1571 2805 1711 2861 οὕτω
1735 2809 1830 2862 καὶ

289 2894 389 2962 περὶ
412 2897 500 2967 τῆς
521 2897 771 2959 Παλαιᾶς
795 2897 1070 2970 Διαθήκης
1095 2899 1270 2953 ταῦτα
1299 2900 1577 2972 εὐφρόνως
1605 2899 1834 2954 ἀναλύο-

291 2998 368 3049 μεν
384 2982 433 3036 τὸ
452 2987 610 3038 εἰπεῖν
632 2987 734 3038 τὸν
757 2979 1108 3056 ΘεόνσἉδὰμ,
1129 2989 1248 3043 ποῦ
1281 2986 1368 3053 ei;
1390 2991 1491 3044 οὐκ
1509 2990 1832 3058 ἀγνοοῦντος

294 3069 358 3141 ἦν,
374 3076 488 3129 ἀλλὰ
513 3077 852 3141 δεικνύοντος
874 3078 982 3131 ἀπὸ
1003 3079 1116 3132 οἴου
1140 3080 1306 3149 ὕψους
1329 3081 1464 3154 πρὸς
1487 3085 1639 3135 ποῖον
1668 3082 1832 3152 βάθος

2012 2255 2148 2313 CIX.
2193 2253 2669 2322 Quemadmodum
2719 2251 2886 2320 igitur
2913 2263 3037 2319 quae
3065 2248 3134 2302 de
3177 2244 3384 2300 Christi
3429 2243 3534 2300 Do-

1940 2349 2075 2404 mini
2123 2346 2506 2401 incarnatione
2541 2343 2824 2406 dicuutur,
2872 2339 2937 2394 ad
2971 2339 3269 2393 humanam
3302 2335 3524 2405 quidem

1940 2440 2284 2495 alTectionem
2318 2433 2732 2492 accommodate
2768 2446 2892 2486 esse
2935 2437 3218 2498 concepta,
3253 2427 3349 2482 sed
3386 2442 3527 2496 pra:-

1944 2531 2194 2588 scientiae
2252 2541 2601 2598 nequaquam
2674 2523 2919 2593 expertia
3038 2521 3530 2579 demonstravimus

1939 2624 2123 2696 (nemo
2158 2622 2360 2692 quippe
2395 2616 2636 2688 prudens
2661 2615 2946 2686 ignorasse
2997 2620 3111 2665 tum
3156 2608 3308 2664 illum
3345 2607 3542 2664 dicere

1944 2720 2146 2784 potest,
2183 2726 2307 2766 cum
2345 2706 2719 2778 interrogabat
2753 2723 2767 2760 :
2798 2702 2898 2758 Ubi
2924 2701 3176 2772 posuistis
3221 2699 3536 2756 Lazarum?

1940 2799 2390 2872 quandoquidem
2427 2798 2478 2853 ei
2509 2798 2631 2851 loco
2658 2795 3002 2866 propinquus
3025 2801 3163 2856 erat,
3193 2804 3318 2844 cum
3353 2788 3437 2844 his
3465 2787 3535 2842 de

1939 2893 2127 2948 causis
2163 2907 2302 2962 quas
2331 2901 2458 2945 ante
2491 2889 2628 2952 dixi,
2673 2893 3030 2958 percontatus
3065 2882 3227 2938 fuerit
3257 2900 3269 2936 :
3304 2895 3536 2951 przeser-

1938 2986 2037 3038 tim
2071 2983 2163 3053 qui
2195 2982 2360 3052 paulo
2395 2987 2523 3035 ante
2562 2978 2759 3050 procul
2793 2992 2824 3031 a
2868 2974 3130 3030 Galilaea‘
3165 2971 3396 3028 dissitus
3431 2969 3535 3023 La-

1935 3077 2050 3130 zari
2081 3081 2312 3130 mortem
2343 3088 2439 3143 per
2465 3088 2588 3127 sese
2607 3066 3020 3142 signiﬁcasset):
3050 3067 3127 3118 ita
3159 3072 3211 3119 el
3245 3064 3300 3117 in
3328 3063 3521 3116 νειοῖο

296 3166 471 3236 αἴσχους
486 3170 512 3221 ὁ
533 3171 656 3224 Ἀδὰ
667 3189 712 3241 μ
727 3169 1154 3229 ἐκπεπτώκει.”Κ
1163 3173 1238 3236 αἱ,
1268 3151 1391 3226 Ποῖ)
1415 3173 1594 3227 ’Ἅϐελ
1611 3178 1643 3227 ό
1661 3151 1838 3228 d681-

1948 3169 2294 3222 Testamento
2332 3179 2454 3233 qua:
2501 3163 2588 3217 his
2631 3162 2813 3215 allinia
2865 3164 2997 3216 sunt
3027 3155 3325 3225 prudenter
3369 3151 3542 3221 expli-

297 3255 382 3322 ςίῗς
409 3274 511 3313 σου
527 3275 546 3324 ;
577 3260 660 3313 ὅτι
696 3259 754 3312 ὃν
786 3275 846 3310 σε
873 3257 979 3310 ἔδει
1007 3259 1192 3330 φέρειν
1223 3261 1308 3312 ἀεὶ
1337 3261 1394 3312 ὲν
1420 3262 1707 3329 ἀγκάλαις,
1745 3265 1842 3318 καὶ

305 3348 366 3399 iet
383 3354 589 3406 συνεῖναι
614 3350 795 3422 αὐτῷ,
818 3343 972 3415 οὗτος
999 3352 1092 3404 ἐπὶ
1115 3353 1218 3422 γῆν
1249 3353 1399 3424 παρά
1421 3354 1515 3407 σοῦ
1541 3354 1804 3426 ἔρριπται
1822 3374 1836 3387 ·

309 3436 490 3495 δείκνυσι
527 3443 632 3515 γὰρ
697 3444 760 3496 ὲκ
794 3441 888 3495 τοῦ
928 3444 1292 3514 ἐπαγομένου,
1341 3446 1424 3498 ὅτι
1473 3447 1573 3502 οὐκ
1619 3448 1843 3516 ἀγνοίας

304 3531 423 3600 χάριν
445 3536 640 3606 ἠρώτα,
672 3535 812 3588 ἀλλὰ
838 3535 1128 3606 διελέγχων
1153 3537 1210 3591 ὲν
1239 3536 1318 3607 τῷ
1341 3538 1533 3604 εἰπεῖν,
1573 3540 1654 3593 ὅτι
1691 3541 1845 3594 Ἑπι-

301 3623 577 3694 κατάρατος
612 3631 653 3698 ἡ
694 3627 771 3696 γῆ
805 3629 876 3682 ἐν
905 3626 1033 3693 τοῖς
1065 3629 1262 3698 ἔργοις
1305 3645 1458 3694 σου,
1502 3631 1600 3685 καὶ
1640 3633 1844 3688 ἐπικα-

300 3713 502 3782 τάρατος
541 3719 620 3773 σὺ
655 3718 782 3772 ἀπὸ
815 3719 927 3789 τῆς
972 3718 1104 3789 γῆς,
1147 3719 1279 3786 ἥτις
1327 3720 1509 3790 ἔκανε
1549 3722 1618 3776 τὸ
1649 3724 1846 3794 στόμα

295 3805 451 3872 αὐτῆς
480 3809 771 3875 δέξασθαι
801 3809 869 3863 τὸ
901 3806 1046 3880 αἷμα
1067 3811 1174 3865 τοῦ
1198 3810 1470 3880 ἀδελφοῦ
1495 3827 1612 3868 σου
1644 3814 1713 3869 ἐκ
1736 3815 1847 3885 τῆς

297 3901 461 3964 χειρός
485 3919 594 3957 σου
613 3919 628 3932 °
667 3903 800 3957 Ζὸοὺ
831 3905 965 3974 γὰρ,
997 3903 1182 3976 φησὶν.
1216 3905 1253 3972 ἡ
1283 3904 1453 3974 φωνὴ
1482 3907 1670 3962 αὑτοῦ
1695 3908 1847 3976 πρὸς

291 3988 370 4054 μέ.
414 3991 530 4059 Καὶ,
571 3995 704 4050 Ποῦ
751 3994 952 4063 Eappa
987 3995 1027 4062 ἡ
1080 3993 1236 4064 γυνή
1285 4008 1446 4058 σου;
1489 3997 1590 4050 οὐκ
1635 3997 1848 4066 ἀγνοῶν

296 4075 425 4134 εἶπεν
448 4101 460 4115 ·
489 4088 608 4140 ἐπεὶ
636 4087 761 4150 πῶς
791 4087 977 4156 ἠγνόει
1007 4087 1036 4139 ὁ
1064 4086 1316 4154 γελῶσαν
1342 4087 1489 4141 ἔνδον
1533 4089 1631 4160 τῆς
1671 4091 1849 4155 οἰκίας

294 4173 426 4240 εἰδὼς
456 4179 617 4250 αὐτήν
660 4178 819 4250 (86);
859 4179 970 4232 Οὐκ
1017 4178 1227 4247 ἀγνοῶν
1265 4180 1444 4233 τοίνυν
1490 4179 1698 4251 ἠρώτα,
1731 4183 1848 4236 ἀλλ’

295 4264 368 4318 ἵνα
398 4273 722 4342 παραστήσῃ
758 4274 877 4333 ταῖς
911 4270 1246 4341 θυγατράσιν
1283 4271 1476 4340 αὐτῆς,
1516 4274 1635 4335 ταῖς
1672 4275 1847 4342 ἐπαγ-

294 4358 612 4431 γελλομέναις
642 4363 976 4425 θεοσέϐειαν,
1005 4362 1196 4433 μαθεῖν
1223 4363 1324 4434 τὴν
1357 4364 1574 4436 ἐκείνης
1602 4366 1848 4435 ἀγωγὴν,

292 4448 399 4504 ὅταν
427 4456 594 4523 ἁγίοις
645 4459 711 4510 ὲκ
744 4456 852 4512 τῶν
901 4455 1044 4508 ίδίων
1096 4455 1363 4526 καμάτων
1393 4457 1690 4528 ὑπηρετεῖν
1726 4475 1848 4513 πει-

1945 3273 2140 3313 camus
2168 3271 2184 3320 ;
2215 3255 2477 3308 nimirum
2520 3264 2831 3307 sermonem
2865 3250 3017 3302 illum
3049 3245 3143 3299 Dei
3172 3263 3182 3297 :
3218 3243 3413 3305 Adam,
3448 3239 3536 3293 ubi

1943 3353 2040 3407 es?
2084 3366 2194 3405 non
2238 3347 2545 3420 ignorantis
2594 3360 2740 3411 esse,
2787 3342 2882 3398 sed
2927 3337 3225 3394 indicantis
3267 3341 3474 3406 quanta
3505 3346 3544 3386 ον

1946 3444 2290 3501 sublimitate
2319 3450 2582 3512 quantam
2615 3440 2670 3493 in
2701 3433 2994 3493 dedecoris
3027 3442 3081 3487 et
3109 3429 3350 3485 infamia:
3378 3440 3536 3481 vora-

1947 3537 2128 3609 ginem
2157 3534 2402 3590 Adamus
2438 3532 2747 3588 incidisset.
2784 3527 3048 3599 Ejusdem
3083 3522 3301 3594 generis
3327 3528 3381 3574 et
3407 3517 3538 3609 illud

1947 3607 2031 3683 est
2062 3646 2074 3682 :
2110 3627 2210 3680 Ubi
2242 3636 2319 3680 est
2355 3623 2482 3678 Abel
2518 3623 2686 3692 frater
2733 3621 2900 3674 tuus?
2930 3630 3127 3684 nempe
3174 3625 3336 3682 quem
3383 3617 3439 3661 tu
3483 3607 3536 3660 in

1948 3721 2097 3776 ulnis
2123 3720 2346 3775 assidue
2385 3725 2600 3790 gestare
2627 3716 2923 3775 debueras,
2972 3717 3178 3764 etcum
3229 3719 3295 3758 eo
3328 3700 3539 3757 versari

1949 3822 2238 3886 perpetuo,
2287 3812 2378 3866 hic.
2419 3826 2450 3864 a
2493 3818 2547 3864 te
2577 3809 2631 3862 in
2665 3815 2868 3861 terram
2916 3801 3165 3872 alijeetus
3213 3804 3316 3850 est.
3351 3792 3431 3846 Ex
3473 3790 3540 3843 iis

1950 3910 2095 3962 enim
2130 3922 2251 3977 quae
2282 3911 2591 3974 sequuntur
2621 3898 2863 3956 ostendit
2891 3912 2951 3952 se
2972 3909 3081 3950 non
3111 3908 3178 3947 ex
3204 3885 3538 3959 ignorantia,

1957 3997 2000 4065 ι
2014 3976 2194 4064 12-1
2207 3993 2312 4064 14
2323 3993 2418 4048 scd
2437 3999 2495 4044 ut
2513 3990 2788 4044 hominem
2811 3986 3162 4041 convinceret
3182 3980 3284 4034 ista
3307 3976 3537 4031 dixisse.

1954 4087 2220 4156 Sequrtur
2258 4086 2403 4140 enim
2437 4103 2449 4138 :
2484 4083 2777 4135 Maledicta
2818 4088 2960 4132 terra
3010 4079 3061 4128 in
3114 4069 3357 4142 operibus
3402 4068 3539 4122 tuis:

1951 4191 1999 4233 et
2027 4191 2081 4232 tu
2120 4181 2231 4248 ipse
2284 4174 2596 4230 maledictus
2632 4191 2664 4226 a
2696 4182 2856 4235 terra,
2893 4185 3010 4240 qua:
3050 4166 3256 4236 aperuit
3297 4181 3354 4216 os
3388 4176 3538 4214 suum

1955 4281 2012 4324 ut
2062 4271 2318 4339 exciperet
2373 4268 2682 4336 sanguinem
2730 4264 2919 4332 fratris
2965 4261 3044 4312 tui
3103 4257 3168 4311 de
3219 4271 3380 4309 manu
3427 4263 3537 4305 tua.

1958 4363 2093 4417 Ecce
2114 4362 2273 4425 enim,
2311 4359 2510 4429 inquit,
2563 4373 2662 4412 vox
2705 4357 2870 4425 ipsius
2908 4352 3106 4406 clamat
3141 4348 3207 4401 ad
3246 4363 3325 4400 me
3345 4347 3386 4397 ¹.
3422 4343 3540 4397 Jani

1957 4454 2093 4509 illud
2127 4474 2139 4511 z
2178 4452 2278 4507 Ubi
2300 4461 2376 4506 est
2410 4449 2581 4506 Sarra
2615 4465 2751 4503 uxor
2798 4447 2934 4500 tua?
2967 4459 3075 4497 non
3111 4443 3374 4512 ignorans
3415 4450 3541 4505 pro-

295 4541 503 4612 ρῶνται·
557 4549 744 4619 εκείνη
791 4547 898 4619 γάρ
943 4549 1004 4601 ὲν
1049 4547 1284 4619 τοσαύτῃ
1344 4527 1620 4622 ὑπηρεσίᾳ
1667 4551 1841 4623 ὑπάρ-

1959 4547 2102 4608 tulit,
2137 4547 2232 4602 sed
2264 4552 2323 4598 ut
2347 4543 2718 4615 propagandis
2747 4541 2817 4595 ab
2859 4554 2922 4594 ea
2953 4538 3173 4592 ﬁliabus
3214 4549 3337 4604 qua:
3373 4531 3544 4599 pieta-

296 4650 458 4702 χουσα,
483 4640 620 4710 αὐτὴ
647 4641 774 4703 τοὺς
801 4640 1044 4710 ἀζύμους
1066 4641 1160 4692 καὶ
1183 4639 1312 4702 τοὺς
1334 4641 1664 4713 ἑγκρυφίους
1683 4643 1849 4713 ἐργα-

296 4721 504 4798 ζομένη,
562 4731 659 4783 καὶ
704 4729 801 4800 τὴν
860 4728 1129 4798 τοσαύτην
1163 4729 1466 4800 ὑπηρεσίαν
1509 4729 1852 4801 ὲξαρτύσασα

298 4815 398 4884 ἅμα
431 4823 540 4885 τοῖς
570 4823 723 4885 ἰδίοις
757 4822 927 4893 αὐτῆς
969 4820 1231 4884 οἰκέταις,
1270 4820 1560 4892 πρόσωπον
1597 4821 1708 4875 τῶν
1752 4824 1855 4877 ὑπ-

297 4914 651 4982 ηρετουμένων
679 4913 776 4983 οὐχ
808 4911 978 4984 ἑώρα,
1020 4911 1376 4984 σωφροσύνης
1413 4913 1688 4976 ἐπιεικοῦς
1721 4915 1856 4968 ὑπο-

297 5006 530 5072 γραμμὺν
584 5007 708 5069 ταῖς
751 5006 1051 5076 ἡμετέραις
1110 5005 1326 5073 γενεαῖς
1377 5005 1849 5076 ὑπολιμπάνυυσα.

300 5090 393 5144 Καὶ
432 5096 604 5150 ταῦτα
652 5098 752 5167 μὲν
803 5096 1030 5168 ἀρκέσει
1060 5095 1140 5158 είς
1190 5094 1538 5164 παράστασιν
1591 5099 1711 5160 ταῖς
1748 5096 1856 5150 τῶν

301 5184 526 5248 ματαίων
557 5186 905 5256 ἀντιλογίαις.

1961 4647 2066 4691 tem
2115 4636 2525 4707 proﬁterentur,
2558 4634 2912 4705 disciplinam
2957 4630 3124 4691 illius,
3174 4627 3324 4680 velut
3370 4621 3544 4696 quod-

1959 4731 2085 4785 dam
2123 4731 2406 4800 exemplar
2458 4728 2714 4795 olIerret;
2747 4727 2814 4782 ad
2868 4725 3014 4795 quod
3066 4721 3411 4792 potissimum
3459 4729 3552 4767 εις-

1961 4825 2301 4880 commodari
2339 4840 2434 4879 eas
2466 4830 2764 4893 oporteret,
2806 4819 3022 4888 quoties
3052 4814 3260 4871 sanctis
3291 4811 3420 4863 viris
3447 4822 3547 4860 suo

1962 4919 2150 4973 labore
2178 4918 2512 4973 ministrant.
2548 4915 2760 4969 Etenim
2797 4913 2884 4966 illa
2917 4918 3026 4962 tam
3061 4906 3342 4974 negotioso
3385 4899 3545 4953 mini—

1965 5007 2135 5062 sterio
2162 5006 2448 5068 distracta,
2480 5021 2604 5059 cum
2630 5016 2853 5072 azymos
2881 5007 2934 5054 et
2958 4995 3356 5052 subcinericios
3375 5005 3544 5060 panes

1964 5098 2083 5168 ipsa
2135 5096 2485 5160 coniecisset,
2522 5109 2587 5148 ac
2633 5099 2831 5146 castora
2881 5104 3005 5143 cum
3055 5085 3276 5139 famulis
3319 5083 3547 5137 obiisset

1964 5189 2171 5254 omnia,
2216 5203 2406 5244 eorum
2448 5187 2650 5258 quibus
2681 5185 2796 5240 haec
2842 5181 3162 5253 apparabat,
3209 5178 3393 5232 vultus
3452 5189 3548 5228 ne-

299 5288 552 5348 quaquam
582 5282 826 5350 aspexit,
865 5295 1044 5351 eoque
1077 5279 1224 5334 iacto
1255 5295 1442 5333 rarum
1481 5289 1534 5336 ct
1571 5283 1851 5353 singulare
1917 5283 2196 5352 pudicitia:
2258 5296 2323 5337 ac
2369 5279 2652 5336 modestiae
2697 5277 3009 5346 exemplum
3065 5269 3375 5344 posteritati
3419 5266 3545 5320 reli-

300 5368 420 5436 quit.
467 5370 641 5442 Atque
675 5372 789 5427 hinc
842 5371 1108 5426 adversus
1151 5369 1624 5440 ineptissimorum
1671 5372 1959 5426 hominum
1995 5371 2338 5441 obiectiones
2361 5369 2744 5426 demonstrata
2772 5362 3064 5421 suilieient.

274 5499 281 5522 ι
368 5478 385 5508 ⁸
410 5478 684 5535 Bethania.
759 5484 780 5514 ³
811 5480 947 5537 Gen.
980 5497 1056 5547 Iv,
1084 5480 1145 5535 Η
1190 5494 1323 5552 sqq.

367 5587 470 5662 (86)
531 5592 689 5647 Ἐπεὶ
727 5593 854 5659 πῶς
895 5591 1103 5662 ἠγνόει
1143 5593 1175 5645 ὁ
1213 5589 1492 5661 γελῶσαν
1530 5586 1728 5662 ἕνᾷον-
1752 5587 1865 5656 τῆς

306 5656 479 5739 οἰκίας
522 5662 689 5729 εἰδὼς
722 5656 962 5739 asiae;-
1031 5656 1236 5739 llorum
1286 5663 1578 5739 verborum
1611 5656 1863 5739 {datinam

312 5729 599 5803 tersionem
631 5727 879 5789 omisere
912 5735 1088 5788 nostri
1129 5733 1476 5801 interpretes.
1526 5727 1864 5803 Referuntur

314 5796 394 5851 illa
409 5799 470 5854 ad
487 5804 805 5861 versiculum
833 5804 1104 5860 decimum
1139 5796 1336 5874 Capit-is
1369 5817 1502 5856 xvui
1543 5797 1858 5854 IibriGcnc-

1972 5605 2095 5646 seos
2120 5608 2134 5656 ;
2159 5605 2260 5650 nec
2285 5587 2671 5660 adEpiphanii
2705 5590 3006 5645 orationem
3035 5586 3287 5643 conferre
3317 5586 3550 5660 multum

1972 5662 2250 5725 videntur,
2288 5664 2330 5715 si
2374 5656 2444 5716 ad
2471 5656 2613 5716 sacri
2637 5661 2784 5718 illius
2815 5661 2918 5717 loci
2955 5660 3240 5713 historiam
3270 5656 3558 5712 attendere

1973 5732 2056 5786 vel
2090 5732 2355 5802 tantisper
2377 5733 2628 5788 velimus.
