3994 6462
443 314 561 372 ἓιὸ

1807 324 1863 380 S.
1911 324 2252 379 EPII’IIANII

3624 329 3744 382 2I6

518 439 629 497 (ΣΧ.
675 440 832 508 Quod
860 441 906 495 si
945 457 1222 511 opponere
1250 443 1356 498 ista
1397 453 1626 516 pergant
1656 465 1668 500 :
1701 444 2026 499 Praeclarum

2208 446 2310 498 PI'.
2334 445 2434 497 Ἀν
2469 461 2529 497 τε
2559 445 2809 509 εἴπωσιν,
2832 453 2914 499 ὅτι
2940 445 3118 510 Καλὸς
3150 449 3178 501 δ
3217 445 3350 510 Θεὸς
3376 443 3474 500 τοῦ
3499 444 3684 516 νόμου,
3710 450 3750 502 6

453 545 580 589 tero
613 534 765 588 illum
788 533 924 604 legis
953 548 1076 588 esse
1111 532 1304 601 Deum,
1334 536 1428 603 qui
1465 534 1738 606 Egyptiis
1773 533 2026 603 injuriam

2133 552 2260 598 τους
2301 536 2397 606 μὲν
2435 535 2768 604 Αίγυπτίους
2804 536 3228 608 πλεονεκτήσας,
3289 538 3386 592 καὶ
3436 537 3747 592 σκυλεῦσαι

448 625 661 689 fecerit,
701 638 766 678 ac
795 639 926 678 suos
958 624 1017 677 in
1043 623 1136 678 illa
1166 640 1230 679 ex
1267 623 1503 695 IEgypto
1529 625 1868 696 profcmione
1896 639 2033 694 pra:-

447 715 566 768 dari
607 715 878 770 docuerit.
927 714 1195 769 Nimirum
1247 716 1396 772 istud
1427 717 1678 771 homines
1723 715 2033 772 iuanissimi

447 822 558 862 non
609 807 816 873 vident,
866 808 1001 862 nihil
1040 807 1186 878 apud
1239 807 1409 864 Deum
1460 811 1684 864 omnino
1728 809 1927 879 perire,
1971 821 2035 861 ac

446 895 658 964 justum
709 898 776 951 ab
798 897 1154 966 eajudicium
1196 897 1433 962 institui,
1467 913 1566 952 nec
1593 913 1621 951 a
1652 911 1926 968 quoquam
1966 895 2036 950 il-

452 988 565 1042 ludi
601 1004 615 1041 :
647 1001 774 1042 nam
825 988 955 1058 quid
999 987 1060 1042 in
1086 988 1270 1043 animo
1319 989 1598 1045 habebant
1623 987 1866 1061 Egyptii
1908 1001 2035 1042 cum

449 1077 765 1134 Iudaeorum
819 1095 985 1149 opera
1033 1081 1205 1150 gratis
1257 1080 1650 1146 abuterentur,
1717 1097 1826 1136 non
1883 1080 2037 1136 brevi

452 1165 934 1240 aliquo'tempore,
967 1171 1062 1227 sed
1099 1173 1258 1226 annis
1287 1187 1443 1237 ccxv,
1472 1173 1566 1242 qui
1606 1173 1678 1226 ad
1702 1174 1842 1228 alios
1879 1187 2033 1237 ccxv,

451 1264 546 1333 qui
581 1263 645 1316 ad
679 1261 978 1334 Josepbum
1007 1262 1307 1329 ﬂuxerunt,
1360 1264 1654 1334 adjiciendi
1694 1266 1858 1321 sunt?
1897 1264 2036 1320 Cum

449 1351 595 1404 enim
624 1367 860 1408 ccccxxx
904 1368 1176 1408 annorum
1209 1357 1581 1425 peregrinatio
1621 1354 1932 1411 Abraliamo
1974 1372 2038 1412 ac

450 1443 608 1512 stirpi
659 1445 779 1513 ejus
829 1454 978 1500 esset
1031 1447 1119 1502 his
1166 1447 1346 1503 verbis
1391 1448 1596 1503 indicta
1643 1448 2038 1519 :Peregrimmt

446 1536 547 1589 erit
586 1553 760 1591 semen
809 1547 956 1592 tuum
1004 1540 1058 1593 in
1101 1549 1243 1594 terra
1277 1540 1488 1594 aliena‘
1527 1560 1539 1594 ;
1573 1541 1718 1611 quod
1756 1541 2037 1596 decretum

450 1625 646 1688 fuerat,
689 1643 747 1681 re
777 1629 894 1697 ipsa
937 1629 1241 1698 perfectum
1275 1636 1380 1685 est.
1429 1629 1563 1683 Nam
1598 1645 1699 1701 pro
1749 1646 1846 1685 sua
1884 1631 2038 1685 beni-

446 1717 654 1785 gnitate
685 1717 830 1772 Deus
872 1722 1334 1789 peregrinationis
1378 1721 1525 1776 illius
1574 1736 1749 1776 annos
1785 1720 2036 1778 bifariam

2135 626 2354 692 διδάξας
2389 627 2517 690 τοὺς
2551 627 2713 690 ίδίους
2752 626 2916 681 αὐτοῦ
2948 627 3267 701 ἀνθρώπους
3315 630 3374 684 ὲν
3405 627 3486 700 τῷ
3515 628 3750 699 ἐξέρχε-

2138 720 2260 772 σθαι
2313 718 2507 781 αὐτοὺς
2549 719 2614 771 ὲκ
2665 718 2772 788 γῆς
2807 718 3120 787 Αἰγύπτου·
3166 721 3266 773 οὐκ
3306 721 3516 774 οἴδασιν
3546 723 3598 773 oi
3634 720 3755 790 μάο

2136 827 2298 872 ταιοι,
2317 809 2399 862 δτι
2432 809 2582 880 παρὰ
2601 808 2721 879 Θεῷ
2744 809 2896 862 οὐδὲν
2928 809 3248 876 ἀπόλλυται,
3286 813 3381 866 καὶ
3412 812 3496 865 ὃτι
3527 812 3751 864 δικαιο-

2138 894 2326 965 κρισία
2355 895 2490 955 ἐστὶ.
2529 893 2622 946 καὶ
2645 893 2776 957 Θεὸς
2819 893 2879 946 οὐ
2917 895 3336 966 μυκτηρίζεται.
3377 895 3445 948 Τί
3470 896 3582 965 γὰρ
3618 895 3756 948 ἑνό-

2144 981 2297 1052 μιζον
2345 982 2666 1052 Αἰγύπτιοι,
2719 984 2800 1036 ὃτι
2848 983 3076 1055 ἐζήτουν
3119 985 3291 1039 ταῦτα
3334 985 3530 1055 ἀμισθὶ
3574 986 3758 1055 ἐργά-

2140 1073 2327 1140 ζεσθαι
2357 1076 2483 1138 τοὺς
2529 1074 2838 1143 Ἰουδαίους,
2871 1080 2966 1130 καὶ
2994 1077 3054 1130 οὐ
3093 1077 3162 1131 τὰ
3192 1078 3426 1148 τυχόντα
3455 1076 3578 1147 ἔτη,
3605 1076 3756 1132 ἀλλὰ

2138 1164 2387 1218 διακόσια
2449 1164 2744 1219 δεκαπέντε
2771 1207 2786 1231 ,
2853 1168 2950 1221 σὺν
3021 1168 3134 1231 τοῖς
3200 1167 3500 1230 διακοσίοις
3579 1167 3756 1220 δεκα-

2140 1256 2304 1310 πέντε
2333 1255 2443 1328 (8’7)
2473 1257 2616 1310 ἔτεσι
2665 1257 2824 1311 τοῦτο
2875 1259 3078 1328 Ἰωσήφ
3116 1259 3173 1325 ¹;
3211 1257 3600 1330 Τετρακοσίων
3630 1256 3756 1329 γὰρ

2140 1347 2234 1400 καὶ
2251 1347 2543 1418 τριάκοντα
2564 1347 2702 1402 ἐτῶν
2725 1348 3017 1419 παροικίας
3045 1347 3354 1419 ὁρισθείσης
3373 1347 3453 1418 τῷ
3483 1347 3755 1418 Ἀϐραὰμ

2140 1441 2235 1494 καὶ
2267 1439 2342 1511 τῷ
2376 1439 2539 1493 αὐτοῦ
2587 1440 2887 1512 σπέρματι,
3016 1441 3194 1510 λέγει’
3228 1441 3528 1509 Πάροίκον
3560 1439 3752 1493 ἔσται

2140 1529 2207 1584 τὸ
2258 1529 2496 1600 σπέρμα
2540 1547 2656 1585 σου
2708 1531 2778 1584 ἐν
2815 1531 2893 1603 γῇ
2931 1533 3240 1600 ἀλλοτρίᾳ,
3266 1532 3326 1585 τὸ
3366 1532 3585 1603 ὁρισθὲν
3619 1533 3784 1586 ὲτε-.

2141 1621 2367 1675 λειοῦτο.
2402 1624 2481 1693 Τῇ
2517 1617 2612 1676 οὖν
2653 1621 2846 1676 ἑαυτοῦ
2879 1623 3253 1694 εὖσπλαγχνίᾳ
3288 1625 3317 1676 ὁ
3345 1623 3476 1686 Θεὸς
3519 1622 3591 1676 τὰ
3642 1621 3750 1692 ἔτη

2142 1715 2240 1786 τῆς
2283 1714 2449 1769 αὐτοῦ
2495 1716 2787 1786 παροικίας
2837 1715 3132 1787 διεμέρισε.
3174 1715 3285 1768 Καὶ
3332 1715 3490 1779 εὐθὺς
3543 1715 3654 1784 μὲν
3700 1720 3752 1766 α’

449 1807 684 1871 partitus
724 1815 831 1861 est.
864 1807 1077 1878 Quippe
1104 1823 1239 1862 ccxv
1272 1809 1482 1878 priores
1533 1824 1706 1864 annos
1743 1809 1812 1864 ab
1842 1811 1948 1863 illis
1981 1811 2026 1862 in

2137 1807 2431 1861 δεκαπέντε
2456 1806 2566 1879 (88)
2597 1807 2734 1860 ὲτῶν
2772 1806 2852 1859 ἔτι
2896 1807 3065 1859 δντων
3096 1809 3152 1861 ὲν
3183 1809 3248 1877 τῇ
3280 1806 3616 1867 Χανανίτιδι,
3651 1807 3752 1858 ἀνι

447 1893 756 1947 Chananzea
798 1896 1064 1965 compleri
1089 1897 1285 1957 voluit.
1328 1898 1570 1967 reliquos
1595 1914 1730 1952 ccxv
1761 1900 1827 1954 iis
1856 1902 1946 1968 qui
1979 1899 2033 1952 in

389 2047 402 2061 '
447 1985 686 2057 .Egypto
711 1987 1052 2054 habitabant,
1083 1990 1354 2044 attribuit.
1383 1989 1587 2043 Horum
1618 1990 1764 2044 enim
1785 1989 2032 2046 omnium

394 2077 718 2145 ﬁaunorum
757 2095 1021 2134 numerus
1052 2081 1126 2135 ita
1158 2081 1391 2136 subduci
1435 2081 1878 2152 potest:Agebat
1917 2089 2032 2136 tum

445 2169 794 2226 Abrahamus
843 2187 1047 2226 annum
1092 2174 1271 2228 aetatis
1306 2190 1449 2228 Lxxv
1483 2192 1496 2228 :
1531 2188 1560 2226 a
1592 2189 1702 2244 quo
1743 2173 1810 2228 ad
1856 2172 2031 2228 Isaaci

368 2305 371 2307 _
443 2260 678 2314 natalem
715 2261 846 2314 anni
889 2275 1020 2316 sunt
1056 2279 1181 2318 xxv.
1220 2262 1446 2318 Isaacus
1485 2278 1634 2318 anno
1667 2264 1923 2319 absoluto
1960 2280 2026 2320 ιι

440 2353 631 2421 genuit
660 2352 856 2408 Jacob.
888 2355 1239 2426 Colliguntur
1267 2357 1431 2412 simul
1465 2358 1594 2412 anni
1623 2373 1831 2412 Lxxxv.
1863 2357 2032 2412 Iacob

440 2461 617 2501 annos
683 2457 848 2503 natus
911 2463 1113 2503 uxxtx
1191 2451 1380 2519 genuit
1438 2449 1588 2505 Levi.
1656 2450 1814 2519 115
1870 2448 2032 2504 Fiunt

440 2538 571 2591 anni
611 2553 809 2594 cuxtv
834 2583 847 2597 .
879 2539 1010 2594 Levi
1058 2555 1204 2594 anno
1233 2543 1412 2596 aetatis
1456 2557 1581 2595 mv
1611 2543 1799 2612 genuit
1834 2542 2027 2596 Caath.

441 2630 616 2683 Porro
649 2644 791 2685 anno
823 2647 965 2686 van
1001 2633 1149 2698 Levi,
1182 2631 1352 2688 Iacob
1384 2633 1441 2686 in
1473 2633 1772 2705 Egyptum
1802 2634 2032 2689 descen-

443 2721 543 2777 dit.
579 2721 934 2794 Consurgunt
971 2726 1156 2795 itaque
1185 2727 1314 2780 anni
1356 2742 1503 2793 ccxx,
1539 2727 1743 2797 quibus
1771 2725 1863 2780 alii
1893 2741 2032 2796 qua-

439 2822 571 2868 tuor
595 2815 832 2870 addcndi
868 2826 1016 2883 sunt,
1060 2826 1416 2888 posteaquam
1453 2817 1750 2890 Egyptum
1795 2818 2030 2888 ingressi

443 2914 594 2973 sunt,
641 2912 700 2959 ut
733 2920 872 2962 ccxv
919 2909 1254 2978 impleantur
1301 2909 1454 2963 anni.
1504 2909 1736 2964 Restant
1773 2922 1916 2963 ccxv
1951 2907 2029 2963 illi

443 2995 779 3063 posteriores
833 2997 962 3049 anni
1011 2996 1358 3062 numerandi,
1415 2999 1618 3068 quibus
1666 2997 1924 3053 Israelita!
1974 2998 2030 3052 in

441 3087 677 3159 Aigypto
698 3090 1031 3160 peregrinati
1059 3099 1209 3146 sunt.
1239 3090 1413 3146 Caath
1447 3092 1615 3163 igitur
1642 3100 1769 3162 post
1793 3093 1940 3147 illam
1973 3093 2028 3147 in

442 3181 736 3253 ngyptum
781 3185 1201 3254 profectionem,
1244 3201 1349 3239 va
1396 3185 1573 3240 aetatis
1620 3199 1766 3240 anno
1815 3194 2026 3256 patrem

440 3269 648 3342 Moysis
684 3273 1060 3328 Abrahamum
1114 3275 1324 3346 genuit.
1357 3275 1539 3341 Quare
1573 3289 1602 3329 a
1633 3275 1818 3346 priore
1850 3276 2027 3330 Abra-

439 3366 623 3431 hamo,
673 3365 902 3437 ejusque
945 3381 1089 3420 Lxxv
1133 3381 1301 3433 anno,
1349 3366 1416 3420 ad
1463 3367 1732 3422 minorem
1776 3366 2029 3421 Abraha-

515 3549 529 3576 ¹
571 3545 708 3602 Gen.
742 3562 831 3612 xv,
862 3547 942 3600 15.
1026 3549 1048 3578 ⁸
1071 3546 1377 3615 Corruptus
1411 3545 1589 3602 locus.

513 3706 626 3776 (87)
668 3705 943 3776 Σὺνντοῒς
984 3705 1318 3769 διακοσίοις
1361 3702 1708 3776 δεκαπέντε.
1757 3700 1890 3776 Haec
1918 3701 2027 3776 duo

439 3772 703 3846 vocabula
735 3775 894 3829 τοῦτο
938 3777 1457 3846 Ἰωσήφηιιιιιιιοιιιιι
1490 3789 1612 3846 esse
1672 3775 1849 3826 locum
1866 3772 2024 3846 indi-

441 3857 590 3900 cant.
631 3845 765 3900 Nam
798 3861 826 3897 a
864 3842 1137 3915 promisso
1157 3844 1380 3915 Alsaaeo,
1413 3843 1529 3897 sive
1560 3842 1626 3895 ab
1665 3843 2025 3915 annoAbra-

442 3917 588 3971 hami
637 3931 797 3978 Lxxv,
835 3913 900 3969 ad
935 3923 1114 3969 ortum
1146 3913 1374 3985 Josephi
1404 3929 1514 3967 non
1551 3923 1678 3967 sunt
1712 3913 2018 3977 anniccxv,

442 3987 777 4062 sednccxxv2
800 3986 1038 4062 circiter.
1066 3985 1272 4062 Rern.

514 4057 625 4126 (88)
666 4052 776 4110 Καὶ
810 4056 992 4121 εὐθὺς
1025 4056 1142 4125 μὲν
1175 4062 1231 4126 (7'
1277 4052 1647 4126 (Sena-neres;
1673 4052 1810 4108 Cum
1848 4052 2017 4108 Exodi

442 4122 563 4196 cap.
611 4122 710 4189 ιιιι,
753 4133 988 4195 tempus.
1015 4122 1123 4195 quo
1180 4125 1438 4179 Israelita:
1478 4125 1530 4177 in
1582 4122 1818 4196 [Egypto
1861 4139 2017 4196 pere-

439 4192 639 4267 grinati
675 4207 822 4258 sunt,
854 4192 908 4250 in
947 4192 1156 4252 Latinis
1188 4197 1539 4267 Hebrazisque
1571 4192 2021 4249 codicibus—deli-

441 4264 625 4322 niatur
655 4282 924 4321 annorum
960 4283 1162 4330 ccxxx,
1215 4284 1282 4322 ex
1325 4264 1640 4320 Graicorum
1689 4267 2020 4319 auctoritate

440 4340 727 4393 commoda
760 4347 845 4392 est
873 4340 1254 4407 interpretatio
1285 4338 1464 4407 verbis
1504 4337 1611 4390 illis
1651 4337 1918 4407 adhibita,
1963 4342 2022 4407 ut

442 4426 550 4463 non
593 4411 777 4478 plures
802 4449 815 4465 .
850 4404 1034 4477 quam
1063 4423 1218 4470 ccxv,
1258 4423 1289 4478 ar
1334 4405 1672 4478 profectione
1717 4405 1904 4478 .I_acobi
1965 4404 2017 4457 in

441 4476 740 4549 [Egyptum
774 4479 838 4530 ad
870 4476 1241 4546 egressionem
1281 4477 1532 4549 imputati
1567 4477 1696 4549 sint.
1731 4476 1853 4549 Τοιί
1886 4489 2019 4528 vero

441 4545 754 4602 illi'cnxxx
805 4551 872 4600 ab
919 4545 1063 4600 anno
1117 4563 1258 4601 Lxxv
1308 4545 1604 4599 Abrahami
1645 4546 2014 4600 deducuntur.

442 4620 656 4673 Etenim
697 4633 844 4671 anno
873 4618 1171 4670 Abrahami
1193 4632 1354 4679 Lxxv,
1387 4616 1690 4684 promissus
1713 4631 1743 4668 a
1777 4615 1886 4669 Deo
1922 4630 2020 4683 pa-

438 4691 695 4744 triarchae
741 4689 884 4741 [ilius
916 4696 1032 4750 est,
1079 4687 1172 4754 qui
1220 4701 1363 4738 anno
1395 4684 1687 4738 Abrahami
1721 4686 2020 4740 centesimo

441 4771 601 4815 natus
647 4768 750 4813 est.
789 4757 867 4811 Ita
923 4775 1031 4811 xxv
1079 4759 1188 4826 jam
1229 4756 1358 4809 anni
1397 4755 1762 4826 colliguntur;
1799 4755 2020 4810 Isaacus

440 4845 588 4886 anno
617 4831 801 4884 aetatis
846 4844 911 4882 ιιι
965 4824 1225 4882 Iacobum
1260 4828 1468 4896 genuit.
1507 4824 1558 4880 is
1605 4841 1806 4896 annum
1853 4840 2019 4894 agens

438 4910 601 4968 cxxx,
638 4909 698 4954 ut
727 4901 842 4967 ipse
890 4897 1163 4952 Pharaoni
1214 4895 1445 4968 testatus
1469 4904 1573 4959 est,
1618 4896 1673 4948 in
1721 4895 2018 4968 ngyptum

440 4965 708 5040 pervenit.
741 4965 905 5024 Fiunt
940 4970 1070 5022 anni
1129 4983 1166 5040 a7
1195 4967 1564 5040 promissione
1593 4980 1748 5020 ccxv.
1803 4965 2019 5040 Iteliqui

441 5037 666 5096 tetidem
722 5040 787 5091 ad
837 5055 1116 5110 egressum
1144 5038 1791 5110 intertjcdunt,_qu_orum
1817 5037 2018 5110 inter-

436 5115 579 5164 valla
649 5105 971 5178 digeruniur
1025 5125 1055 5162 a
1107 5109 1481 5178 chronologis.
1534 5106 1673 5160 Huic
1726 5105 2020 5178 ratiocinio

440 5183 642 5236 Paulus
693 5175 809 5245 ipse
855 5178 1185 5250 Asum‘agatur
1217 5175 1400 5232 GalatI
1423 5194 1506 5238 nt,
1545 5179 1628 5237 l7,
1657 5176 1749 5246 qui
1785 5175 1891 5228 ἀπὸ
1919 5177 2021 5244 τῆς

437 5248 867 5322 ἐπαγγελίαςῗθιί
893 5248 1063 5322 legent
1102 5249 1302 5322 editam
1327 5257 1577 5322 numerat
1611 5262 1784 5322 annos
1816 5261 2013 5322 cnxxx,

437 5333 499 5378 ut
523 5312 654 5381 alibi
681 5312 1308 5388 diximttstpipltanius
1330 5315 1599 5388 perplexe,
1614 5312 2023 5388 acsubobscure

437 5409 699 5450 muneres
733 5394 856 5447 illus
888 5384 1194 5459 dispensat,
1228 5384 1372 5456 quod
1411 5384 1729 5454 singillatim
1757 5384 2023 5440 ostende-

439 5473 544 5516 tur.
582 5465 656 5518 Io.

513 5530 872 5597 (89)’1ακὼ6
905 5528 972 5582 δὲ
1019 5521 1698 5597 γενόμενος-έτῶγλτθι,
1748 5523 1860 5579 ι,ηο
1911 5522 2020 5597 Tagi.

445 5601 548 5654 huc
579 5592 663 5655 est
702 5615 936 5654 Lxxxvu.
1004 5592 1095 5651 Est
1153 5595 1297 5648 enim
1337 5593 1507 5645 Iacob
1545 5592 1774 5646 ﬁliorum
1827 5592 2022 5647 ordine

446 5669 663 5731 tertius,
708 5685 848 5722 anno
904 5685 932 5722 ιι
980 5665 1261 5722 servitutis
1318 5662 1562 5732 ejusdem
1614 5676 1794 5726 natus,
1855 5679 2017 5731 quam

447 5743 596 5791 circa
642 5751 841 5792 annum
885 5754 1064 5792 Lxxvtt
1104 5735 1245 5804 iniit,
1278 5733 1422 5807 quod
1457 5732 1760 5789 studiosius
1791 5748 1822 5786 a
1853 5734 2016 5788 chro-

2056 3146 2099 3204 C

2136 1898 2362 1952 ελάδετο
2397 1899 2580 1960 αὐτὸν,
2633 1897 2728 1950 καὶ
2774 1898 2844 1950 τὰ
2880 1897 3015 1951 ἄλλα
3051 1905 3095 1950 σ¹
3131 1897 3526 1950 πεντεκαίδεκα
3565 1895 3754 1948 διεῖλε

2135 1992 2247 2053 τοῖς
2279 1993 2358 2054 είς
2392 1989 2664 2058 Αἴγυπτον
2697 1989 3062 2041 κατοικοῦσιν.
3107 1989 3164 2042 '0
3196 1987 3306 2058 γὰρ
3344 1987 3572 2058 ἀριθμὸς
3610 1987 3757 2039 τού-

2133 2099 2243 2134 των
2273 2081 2380 2135 τῶν
2407 2081 2543 2134 ἐτῶν
2573 2081 2746 2145 οὕτως
2775 2080 3146 2148 ὰναλογεῖταιο
3177 2073 3286 2131 Ἦν
3325 2080 3442 2130 τότε
3492 2077 3755 2147 ἑϐδομη-

2135 2175 2326 2226 κοστὸν
2366 2173 2615 2243 πέμπτον
2645 2173 2762 2237 ἔτος
2803 2172 2897 2227 τοῦ
2947 2170 3221 2243 Ἀϐρααμ.
3261 2170 3506 2222 Γίνονται
3545 2169 3757 2223 τοίνυν

2135 2264 2242 2319 ἀπὺ
2271 2263 2673 2334 ἑϐδομηκοστοῦ
2717 2267 2967 2337 πέμπτου
3002 2264 3156 2330 ἔτους
3197 2262 3446 2334 Ἀϐραὰμ
3469 2262 3574 2325 ἕως
3609 2281 3760 2330 γεν-

2135 2359 2343 2428 νήσεως
2371 2357 2561 2411 Ἰσαὰκ
2623 2357 2716 2426 ἔτη
2773 2363 2868 2410 κε’.
2925 2355 3113 2409 Ἰσαὰκ
3161 2358 3329 2428 γεννᾷ
3379 2357 3470 2410 τὸν
3525 2355 3759 2409 Ἰακὼϐ

2134 2449 2388 2516 κατάγων
2439 2447 2556 2512 ἔτος
2589 2448 2901 2519 ἑξηκοστὸν,
2946 2447 3042 2501 καὶ
3087 2447 3309 2516 γέγονεν
3342 2447 3436 2518 ἔτη
3469 2455 3570 2501 πε’.
3622 2449 3757 2500 Ἰα-

2133 2539 2249 2593 κὼϐ
2282 2540 2338 2593 δὲ
2367 2541 2659 2610 γενόμενος
2687 2540 2826 2593 ὲτῶν
2853 2540 2938 2594 πίγ
2965 2539 3099 2608 (89),
3131 2541 3297 2610 γεννᾷ
3323 2531 3419 2593 τὸν
3443 2537 3600 2602 Λευῖ,
3643 2540 3758 2594 καὶ

2132 2631 2373 2699 γίνονται
2403 2631 2496 2702 ἔτη
2527 2631 2650 2703 ροδ¹,
2672 2630 2807 2686 Λευῒ
2837 2631 2973 2684 ἐτῶν
3001 2631 3292 2704 γενόμενος
3314 2633 3423 2703 (90)
3457 2631 3509 2701 μ’
3531 2648 3586 2684 τε
3598 2632 3756 2685 σ’σά-

2136 2741 2266 2794 ρων,
2297 2724 2462 2794 γεννᾷ
2483 2723 2574 2776 τὸν
2611 2722 2790 2776 Καάθ.
2832 2723 2922 2775 Ἐν
2961 2722 3018 2776 δὲ
3051 2723 3127 2793 τῷ
3164 2721 3583 2796 τεσσαρακοστῷ
3622 2723 3755 2777 ἔτει

2132 2816 2226 2869 καὶ
2261 2815 2474 2886 ὲδδόμῳ
2508 2814 2640 2868 Λευῒ
2669 2816 2910 2869 κάτεισιν
2940 2815 3141 2869 Ἰακὼό
3172 2818 3250 2879 είς
3297 2815 3588 2884 Αἴγυπτον,
3640 2826 3755 2868 και

2131 2909 2371 2977 γίνονται
2399 2907 2493 2978 ἔτη
2523 2907 2770 2961 διακόσια
2803 2909 3015 2962 ἕνδεκα.
3066 2909 3178 2962 Καὶ
3214 2907 3351 2979 μετὰ
3381 2907 3476 2978 τὴν
3517 2907 3756 2962 εἴσοδον

2131 2999 2314 3054 αὐτῶν
2357 2999 2454 3071 τὴν
2501 3001 2578 3064 εἰς
2613 2999 2908 3068 Αἴγυπτον,
2947 3000 3112 3070 ἕτερα
3165 3000 3408 3072 τέσσαρα
3450 2999 3569 3068 ἔτη.
3617 3001 3754 3053 Καὶ

2133 3089 2464 3163 πληροῦνται
2515 3091 2584 3145 τὰ
2628 3091 2875 3145 διακόσια
2929 3091 3245 3146 δεκαπέντε.
3304 3089 3582 3144 Ἐντεῦοὲν
3642 3109 3752 3160 μοι

2134 3183 2296 3238 πάλιν
2340 3182 2652 3254 ἀριθμεῖται
2707 3181 2775 3236 τὰ
2819 3182 2984 3236 λοιπὰ
3026 3182 3276 3238 διακόσια
3330 3182 3751 3237 πεντεκαίδεκα

2134 3274 2232 3344 ἐτη
2271 3277 2369 3346 τῆς
2416 3273 2525 3328 τῶν
2557 3273 2904 3345 Ἰσραηλιτῶν
2951 3273 3263 3345 παροικίας.
3301 3273 3456 3328 Καάθ
3487 3273 3545 3326 δὲ
3585 3273 3751 3343 μετὰ

2132 3365 2231 3437 τὴν
2258 3367 2338 3428 είς
2363 3367 2636 3434 Αἴγυπτον
2665 3365 2776 3437 {91)
2811 3365 3035 3420 κάθοδον
3069 3368 3128 3419 ὲν
3157 3365 3232 3437 τῷ
3272 3363 3546 3438 ἑξηκοστῷ
3581 3363 3751 3436 πέμ-

2135 3702 2349 3772 nologis
2377 3702 2676 3772 colligitur.
2713 3699 2789 3755 In.

2209 3770 2318 3844 (90)
2356 3770 2699 3844 ᾼευῒίξετῷν
2742 3771 3083 3844 τεκόμενος.
3140 3771 3274 3824 Tam
3325 3772 3510 3841 scripti
3555 3789 3744 3842 quam

2131 3840 2247 3897 cusi
2289 3840 2509 3912 Codices
2551 3841 2751 3896 habent
2794 3840 2896 3912 μᾶ,
2933 3841 3031 3894 hoc
3071 3849 3153 3912 est
3195 3857 3339 3902 χιιι,
3385 3840 3488 3895 ιιόιι
3533 3840 3743 3906 xxxrv,

2129 3923 2191 3966 ιιι
2220 3913 2397 3966 reddit
2427 3911 2750 3975 Cornarius,
2799 3911 2957 3977 Cujus
2995 3911 3214 3980 quidem
3262 3912 3598 3967 eluendatior
3639 3924 3745 3968 est

2129 3984 2312 4038 lectio.
2352 3982 2483 4035 Nam
2518 3998 2683 4035 xxxrv
2717 3983 2940 4037 omnino
2976 3983 3330 4035 enumerandi
3370 3991 3516 4043 sunt,
3556 3992 3613 4035 ut
3661 4001 3744 4039 (ιχ

2127 4053 2486 4120 sequentibus
2542 4052 2730 4121 liquet.
2783 4051 2994 4104 Etenim
3049 4051 3116 4104 ad
3167 4062 3346 4106 ortum
3407 4051 3526 4105 Levi
3589 4057 3743 4109 anni

2129 4128 2375 4176 conltunt
2443 4136 2658 4185 CLxxw,
2720 4121 2920 4174 additis
2977 4137 3161 4180 xxxw,
3221 4130 3334 4174 tum
3399 4122 3606 4182 tribus.
3671 4135 3742 4177 ut

2129 4209 2273 4246 xcv”
2334 4192 2458 4246 Levi
2505 4199 2860 4260 consurgant,
2898 4191 3031 4244 Iiunt
3081 4192 3205 4244 anni
3247 4207 3390 4254 ccxt,
3430 4203 3560 4262 quot
3595 4193 3742 4257 Iil‘i-

2129 4265 2363 4333 plnmius
2397 4270 2697 4333 percenset.
2737 4263 2811 4316 Io.

2202 4335 2316 4401 (9|)
2347 4333 2512 4385 Καὰθ
2548 4332 2617 4384 δὲ
2639 4335 2790 4400 μετὰ
2832 4331 2949 4398 τὴν
2980 4332 3073 4395 είς
3116 4333 3437 4400 Αἴγυπτον.
3481 4332 3551 4386 Dc
3587 4331 3734 4388 Levi

2129 4413 2181 4456 et
2212 4403 2382 4457 Caath
2415 4417 2476 4454 ac
2509 4404 2944 4471 patriarcharum
2978 4402 3339 4470 quorumdam
3376 4411 3552 4468 aetatu,
3589 4419 3733 4457 cum

2129 4474 2265 4527 ﬁlios
2314 4479 2639 4543 genuerunt,
2698 4473 2916 4526 nonnisi
2980 4488 3043 4526 ex
3105 4473 3421 4538 conjectura
3477 4482 3728 4543 constat,

2123 4560 2246 4613 qua:
2290 4541 2570 4611 multiplex
2613 4558 2640 4594 a
2681 4544 3030 4613 chronologis
3080 4543 3285 4596 nostris
3331 4543 3565 4597 elicitur.
3619 4541 3735 4597 llic

2124 4612 2304 4668 autem
2337 4613 2630 4681 impeditus
2658 4622 2743 4667 est
2774 4612 3058 4682 Epiplianii
3099 4614 3366 4666 calculus.
3403 4613 3572 4666 Caath
3619 4628 3732 4680 ges

2123 4687 2295 4738 nilum
2347 4698 2471 4737 esse
2511 4682 2649 4736 dicit
2673 4681 2832 4736 anno
2847 4681 2967 4738 Levi
2993 4699 3178 4744 xxxiv,
3210 4684 3301 4752 qui
3325 4692 3410 4737 est
3432 4685 3724 4751 apromis-

2125 4757 2277 4808 sione
2297 4768 2479 4806 ccvm.
2525 4752 2696 4806 Porro
2719 4753 2887 4807 Caatlt
2913 4753 3094 4821 genuit
3115 4754 3334 4806 Ann-am
3374 4768 3517 4806 anno
3536 4755 3729 4806 aetatis

2125 4840 2238 4878 sum
2268 4839 2389 4877 va.
2417 4823 2586 4891 Igitur
2607 4837 2638 4875 a
2667 4838 2808 4876 Lxxv
2846 4823 3132 4875 Abrahami
3169 4824 3232 4876 ad
3255 4832 3435 4876 ortum
3468 4824 3725 4876 Atnranii

2124 4894 2399 4948 ﬂuxerunt
2432 4892 2558 4946 anni
2583 4907 2875 4949 CCLXIXIII.
2905 4909 3013 4946 non
3031 4908 3239 4947 ccuxx
3265 4912 3278 4946 :
3308 4893 3374 4946 ad
3401 4909 3537 4963 quos
3559 4908 3725 4945 com-

2125 4965 2380 5034 plcndos,
2428 4964 2696 5031 siquidem
2745 4977 2847 5016 va
2901 4979 3044 5034 anno
3098 4966 3336 5019 Caatlius
3394 4967 3720 5018 Amramuut

2123 5033 2326 5103 genuit,
2364 5042 2524 5086 natus
2577 5033 2665 5087 ille
2699 5042 2780 5087 est
2824 5049 2968 5086 anno
3004 5033 3128 5104 Levi
3178 5051 3286 5087 xu.
3346 5035 3503 5104 Atqui
3551 5042 3721 5088 natus

2125 5102 2192 5157 ab
2239 5104 2540 5174 Epiphanio
2579 5104 2788 5174 dicitur
2829 5118 2973 5156 anno
3003 5102 3187 5174 xxxiv,
3218 5102 3442 5174 quibus
3469 5104 3556 5156 alii
3604 5113 3719 5158 tres

2125 5173 2299 5243 usque
2351 5176 2416 5228 ad
2467 5173 2856 5243 profectionem
2892 5175 2946 5227 in
2985 5173 3278 5243 A‘lgyptum
3325 5181 3713 5235 accensentur,

2123 5245 2249 5299 inde
2277 5253 2512 5314 quatuor
2536 5261 2600 5298 ex
2633 5243 2955 5313 Egyptiaca
2987 5245 3417 5314 commoratione
3447 5246 3713 5308 libantur,

2123 5325 2183 5368 ut
2219 5313 2353 5368 ccxv
2388 5329 2654 5368 annorum
2702 5330 2963 5368 numerus
3015 5313 3348 5368 absolvatur.
3394 5317 3503 5368 Aut
3549 5314 3716 5382 igitur

2123 5400 2266 5438 anno
2314 5400 2460 5438 Lxxtt
2509 5383 2688 5438 artatis
2735 5399 2849 5437 suae
2898 5383 3067 5437 (Zaatli
3121 5383 3247 5436 Amr
3289 5399 3435 5437 mum
3487 5384 3712 5454 genuit;

2123 5465 2216 5508 aut
2251 5455 2374 5508 Lth
2412 5469 2637 5517 annum,
2691 5456 2768 5523 uti
2817 5454 2950 5517 dixi,
2998 5469 3166 5523 agens
3214 5469 3302 5507 xm
3340 5452 3632 5507 Caatlium.
3666 5452 3714 5507 Δ

2123 5537 2263 5576 [XXV
2295 5525 2589 5579 Abrahami
2620 5523 2687 5578 ad
2726 5522 2852 5578 Levi
2888 5539 2974 5577 xu
3005 5522 3133 5576 anni
3160 5533 3287 5578 sunt
3316 5538 3474 5588 ccxv,
3510 5523 3713 5591 quibus

2123 5593 2291 5646 additi
2326 5609 2432 5647 va
2481 5609 2656 5647 anuos
2686 5594 3032 5648 constituunt
3052 5607 3280 5646 cccxxx.
3311 5593 3440 5647 Item
3472 5593 3543 5647 ab
3567 5605 3711 5646 anno

2122 5677 2264 5716 Lxxv
2310 5664 2601 5718 Abraliami
2649 5664 2714 5717 ad
2771 5663 2896 5717 Levi
2945 5680 3128 5726 xxxiv,
3185 5663 3312 5716 anni
3352 5670 3712 5717 numerantur

2123 5748 2306 5789 ccwn.
2359 5734 2508 5789 Adde
2550 5749 2718 5802 Lxxu,
2769 5735 2894 5788 anni
2944 5741 3280 5805 consurgent
3322 5732 3710 5790 CCLIXX.TI’88
