3994 6430
613 363 716 420 ειη
1993 357 2053 417 S.
2098 357 2190 413 EPl

2236 357 2435 414 'llANll
2582 315 2588 320 ’
3729 367 3813 423 as

611 502 727 541 mm
753 485 792 538 ί.
849 482 954 538 Sed
1004 497 1105 540 nec
1135 482 1270 538 illud
1304 482 1715 547 intellexerunt,
1740 482 1884 554 quod
1919 483 1972 536 iu
2008 483 2188 538 eodclr

2238 489 2273 542 Α
2308 483 2444 553 αὑτῇ
2504 481 2671 552 βίϐλῳ
2716 480 2882 552 ῥητοῦ
2911 521 2926 546 ,
2978 483 3060 535 ὅτι
3120 482 3356 551 Ἐὄρεξε
3385 485 3583 552 Κύριος
3630 485 3753 552 πῦρ,
3793 483 3815 536 tl

607 577 747 631 libro
790 575 1054 645 scriptum
1087 583 1171 630 est
1197 593 1210 630 :
1239 573 1388 628 Pluit
1434 576 1606 645 ignem
1636 573 1918 636 Dominus,
1958 573 2004 627 is
2041 574 2184 628 nimii

2310 575 2447 647 πρὸς
2490 573 2743 646 ’Ἀϐραὰμ
2795 573 3070 643 ἐληλυθὼς
3097 615 3110 638 ,
3170 575 3330 644 παρὰ
3373 576 3582 643 Κυρίου
3612 578 3696 630 ἀπ’
3741 583 3815 635 οὺ-

608 685 728 722 rum
775 669 868 739 qui
917 668 986 722 ad
1025 668 1396 723 Abrahamum
1441 668 1775 730 diverterat,
1808 685 1840 720 a
1869 667 2092 720 Domino
2141 665 2185 718 dt

2299 667 2492 737 ραν-οῦ
2516 707 2530 731 ,
2560 665 2656 719 τοῦ
2687 665 2851 719 αὐτὸν
2886 667 3329 730 ἀποστείλαντος.
3359 668 3486 721 Οὐδὲ
3519 668 3727 735 ἔγνωσαν
3747 671 3815 723 αὖ·

603 760 802 827 caelo‘,
835 761 905 815 ab
941 776 1007 816 eo
1041 760 1292 815 videlicet
1333 759 1428 830 qui
1464 774 1588 814 sese
1619 759 1860 814 miserat.
1907 756 2018 812 Nec
2049 755 2180 811 illun

2305 759 2394 812 τὸν
2450 758 2546 812 ἀπ’
2585 757 2862 826 Αἰγύπτου
2911 757 3276 823 ἐκϐάλλοντα,
3336 757 3452 811 οὐδὲ
3503 759 3711 828 συνῆκαν
3749 762 3813 816 τοῦ

607 851 780 906 fuisse
828 859 1153 922 cognorunt,
1178 850 1269 920 qui
1303 865 1363 905 se
1391 850 1459 904 ab
1487 847 1724 920 Egypto
1757 849 2042 904 liberarat.
2091 846 2184 902 Net

2305 849 2584 920 προφήτου
2626 847 2876 916 λέγοντος
2900 864 2914 878 ⁸
2951 847 3059 902 Kal
3097 847 3200 914 σὺ,
3229 848 3515 918 Βηθλεὲμ,
3552 850 3672 917 οὐχί
3716 852 3814 906 ἐλα-

611 946 892 1014 prophetae
923 958 1113 998 vocem
1149 943 1296 998 illam
1359 941 1785 996 intellexerunt:
1823 940 1890 994 Et
1927 949 1984 993 tu
2038 938 2188 992 Beth‘

2304 943 2506 1013 κίστη.
2541 940 2666 1004 Πῶς
2699 939 2810 1011 γὰρ
2830 935 2942 993 οἷόν
2970 957 3028 993 τε
3044 943 3373 1013 ἐλαχίστην
3384 940 3559 994 καλεῖν
3586 944 3716 996 πόλιν
3739 964 3813 1016 χω-

614 1037 780 1090 leltem
832 1051 1161 1106 nequaquam
1211 1035 1431 1087 minima
1477 1050 1531 1087 es
1558 1034 1596 1086 '.
1623 1031 1757 1086 Nam
1809 1033 1899 1103 qui
1961 1030 2184 1085 tandem

2305 1035 2550 1106 ρήσασαν
2571 1033 2629 1085 ὃν
2659 1031 2889 1105 οὐρανὸς
2915 1031 3009 1085 καὶ
3031 1035 3209 1086 πάντα
3235 1034 3428 1104 χωρεῖν
3456 1033 3514 1086 οὐ
3535 1033 3811 1104 δεδύνηνται;

610 1131 834 1183 minima
870 1130 958 1182 illa
989 1128 1093 1182 dici
1119 1134 1317 1197 potest,
1348 1142 1470 1196 qua:
1492 1126 1643 1179 illum
1663 1127 1892 1196 ceperit,
1925 1125 2019 1196 qui
2051 1124 2187 1178 caelo

2303 1127 2437 1192 Καὶ,
2473 1127 2550 1178 ὅτι
2598 1125 2692 1178 Ἐκ
2725 1123 2842 1178 σοῦ
2896 1141 2998 1194 μοι
3028 1123 3409 1189 ἐξελεύσεται
3437 1127 3744 1196 ἡγούμενος.
3770 1129 3813 1180 Τί

608 1230 864 1292 terraque
892 1219 1278 1290 comprehendi
1310 1234 1418 1273 non
1446 1218 1661 1289 potest?
1687 1217 1815 1272 Item
1841 1217 1960 1271 :Ex
1994 1227 2042 1271 te
2064 1219 2185 1272 (ναίει

2299 1216 2356 1270 δὲ
2407 1217 2516 1270 ἀπὺ
2543 1213 2794 1286 Βηθλεὲμ
2833 1215 3234 1288 ὲκπορεύεται;
3269 1216 3380 1270 Καὶ
3427 1217 3686 1288 ἄνθρωπός
3715 1219 3809 1280 ἐστι,

607 1314 739 1367 dum.
799 1313 932 1378 Quis
965 1320 1051 1365 est
1085 1319 1264 1364 autem
1305 1310 1395 1364 ille
1436 1309 1527 1380 qui
1573 1308 1924 1364 Bethlehemo
1958 1310 2176 1381 egredi-

1356 1311 1395 1364 le
1436 1309 1527 1380 qui
1573 1308 1924 1364 Bethlehemo
1958 1310 2176 1381 egredi-
2299 1307 2537 1371 καὶπῶς
2563 1307 2933 1375 θεολογεϊταις

606 1407 739 1459 tur?
769 1404 938 1457 llomo
967 1410 1071 1458 est.
1109 1401 1250 1457 Deus
1276 1416 1405 1455 vero
1439 1417 1536 1455 cur
1563 1399 1796 1456 dicitur?

673 1493 862 1549 CXVI.
905 1492 1017 1547 Iloe
1059 1492 1204 1546 enim
1251 1491 1328 1544 illi
1377 1490 1788 1561 perturbantur,
1836 1485 2002 1560 quod'
2029 1483 2186 1546 Deus

2368 1483 2532 1550 Ριςν.
2565 1482 2842 1554 Ταράσσει
2882 1481 3084 1546 αὐτοὺς
3124 1484 3185 1538 τὸ
3213 1479 3354 1538 εἶναι
3391 1485 3522 1538 Θεὸν
3548 1485 3632 1538 καὶ
3659 1485 3809 1553 ἄνθρω-

604 1586 749 1642 idem
787 1593 842 1640 et
885 1584 1046 1638 homo
1087 1583 1179 1637 sit.
1215 1579 1350 1635 Nam
1397 1581 1453 1635 in
1498 1581 1721 1636 eodem:
1772 1581 2028 1653 Egressus
2079 1582 2181 1652 ejnt

2297 1585 2418 1624 πον.
2461 1569 2549 1621 Ἐν
2571 1569 2755 1639 ταυτῷ
2786 1568 2895 1640 γὰρ
2920 1607 2936 1633 ,
2976 1575 3044 1624 Αἰ
3071 1569 3332 1636 διέξοδοι
3360 1573 3545 1627 αὐτοῦ
3573 1573 3806 1642 evomit.

602 1687 727 1732 sunt
761 1693 793 1730 α
828 1676 1157 1746 principio,a
1184 1674 1546 1744 procreatione
1592 1672 1796 1738 mundi,
1845 1673 2004 1744 120
2043 1674 2179 1743 quod

2294 1659 2416 1714 ἀπὸ
2454 1660 2706 1725 κτίσεως
2746 1659 3013 1728 κόσμου’
3053 1659 3213 1714 τοῦτο
3259 1660 3315 1713 δὲ
3365 1662 3465 1714 οὐκ
3507 1663 3640 1716 ἐστιν
3677 1665 3807 1715 οὐκέτι

561 1783 579 1799 '
604 1772 829 1843 quidem
859 1785 968 1824 non
1000 1769 1111 1838 jam
1148 1767 1215 1822 ad
1249 1767 1550 1830 hominem,
1572 1764 1666 1820 sed
1701 1765 1767 1818 ad
1803 1764 1972 1820 Deum
2017 1767 2138 1820 refcl

2229 1829 2262 1843 ἢ
2294 1755 2584 1828 ἀνθρώπου
2605 1795 2620 1820 ,
2671 1755 2806 1809 ἀλλά
2831 1754 2989 1809 Θεοῦ.
3023 1754 3097 1809 Οὐ
3131 1755 3430 1826 μέμνηνται
3476 1754 3564 1819 δὲ,
3601 1755 3672 1807 ὅτι
3705 1753 3806 1808 Ἰδοὺ

606 1829 717 1915 ιἰιτ.
767 1859 954 1929 Neque
988 1872 1118 1912 vero
1162 1857 1322 1912 istius
1361 1856 1574 1910 oraculi
1621 1854 2023 1923 recordamur:
2056 1854 2183 1910 Ecce

2231 1830 2262 1883 Β
2291 1847 2590 1917 παρθένος
2625 1847 2696 1901 ἐν
2725 1847 2936 1917 γαστρὶ
2969 1847 3092 1912 ἔξει
3113 1886 3127 1912 ,
3163 1847 3262 1900 καὶ
3301 1847 3534 1910 τέξεται
3575 1846 3717 1908 υἱὸν,
3741 1844 3808 1896 καί

605 1952 749 2021 virgo
783 1949 1060 2017 concipiet,
1102 1956 1151 2002 et
1187 1947 1358 2015 pariet
1389 1945 1584 2015 ﬁlium,
1627 1954 1675 1998 et
1705 1946 1960 1999 vocabunt
2005 1962 2182 2002 nomen

2292 1940 2627 1995 anéaovo’t
2674 1941 2742 1994 τὸ
2783 1941 2972 2010 ὄνομα
3015 1939 3204 1993 αὐτοῦ
3257 1940 3642 2009 Ἐμμανουήλ.
3676 1939 3734 1992 Τὸ
3753 1938 3806 2001 δὲ,

601 2044 720 2112 ejus
754 2040 1132 2096 Emmanuel“.
1165 2039 1321 2106 Quod
1349 2039 1600 2105 verbum,
1647 2038 1926 2104 vocabunt,
1974 2042 2178 2111 piorum

2292 2033 2650 2098 καλέσουσι,
2687 2033 2943 2104 σημαίνει
2971 2031 3062 2085 τὸν
3089 2033 3291 2105 τρόπον
3322 2032 3433 2084 τῶν
3459 2033 3619 2100 ἁγίων
3643 2032 3717 2084 καί
3744 2049 3807 2084 πι-

604 2149 670 2188 ac
722 2133 961 2188 ﬁdelium
1022 2131 1280 2186 Ecclesia:
1344 2130 1578 2185 ﬁliorqu
1630 2145 1837 2186 morem
1889 2133 2181 2202 signiﬁcat.

2291 2123 2434 2176 στῶν
2472 2123 2583 2177 τῶν
2623 2123 2755 2176 υἱῶν
2779 2123 2882 2193 τῆς
2925 2121 3271 2193 Ἐκκλησίας.
3323 2121 3710 2193 Ἐξεταςόμενοι
3733 2120 3807 2190 γὰρ

600 2225 737 2280 Nam
767 2225 844 2291 hi,
884 2223 1087 2279 Judaeis
1127 2222 1335 2278 Christi
1376 2220 1591 2276 Domini
1633 2221 2077 2278 interfectoribus
2121 2224 2177 2279 de

2291 2215 2396 2269 ὑπὸ
2420 2215 2526 2269 τῶν
2557 2215 2939 2287 Κυριοκτόνων
2984 2215 3255 2270 Ἰουδαίων
3289 2217 3421 2288 περὶ
3468 2215 3557 2269 τοῦ
3586 2217 3799 2284 Σωτῆρος.

600 2317 888 2373 Salvatore
926 2315 1363 2379 sciscitantibus,
1393 2329 1494 2369 cur
1523 2314 1577 2368 in
1606 2329 1729 2369 eum
1757 2315 1850 2384 qui
1878 2316 2032 2369 cruci
2070 2315 2177 2371 suf-

2289 2306 2370 2360 ὅτι
2422 2307 2548 2370 Πῶς
2568 2307 2645 2372 είς
2673 2307 2765 2361 τὸν
2797 2307 3183 2380 σταυρωθέντα
3205 2308 3586 2378 6μολογοῦσιν;
3610 2307 3804 2361 ἀκούουσι

599 2405 743 2464 ﬁxus
772 2412 858 2459 est
885 2404 1111 2459 credere
1151 2418 1274 2459 sese
1332 2402 1699 2473 proﬁteantur
1719 2443 1734 2468 ,
1770 2403 1843 2459 ita
1879 2403 2066 2462 ﬁdeles
2097 2421 2176 2461 rc-

2289 2397 2440 2469 παρὰ
2461 2395 2570 2451 τῶν
2597 2397 2776 2452 αὐτῶν
2803 2397 3034 2462 πιστῶν,
3067 2399 3150 2451 ὅτι
3174 2398 3312 2469 Παρ’
3347 2399 3478 2470 ὑμῖν
3511 2397 3803 2468 ἐσταύρωται,

598 2495 912 2566 spondent:
942 2493 1034 2549 Ille
1067 2495 1186 2564 ipse
1216 2495 1311 2564 qui
1356 2493 1500 2564 apud
1538 2509 1637 2548 vos
1665 2494 1719 2548 in
1760 2510 1982 2549 erucem
2027 2505 2175 2554 actus

2280 2489 2413 2566 μσθ⁹
2434 2485 2676 2558 ἠμῶνδὶ
2711 2490 2855 2555 θεός
2874 2491 3026 2542 ἐστι.
3058 2488 3166 2542 Τοῦ
3193 2489 3249 2542 δὲ
3287 2490 3454 2543 Δασὶδ
3477 2491 3575 2543 οὐκ
3606 2491 3803 2560 ἥκουσαν,

598 2565 718 2652 cst,
757 2578 1029 2639 nobiseum
1072 2584 1213 2638 Dem
1253 2594 1353 2639 est.
1393 2584 1662 2640 Prteterea
1706 2601 1885 2656 neque
1924 2586 2175 2644 Davidcm

2288 2565 2384 2632 κάι
2413 2579 2514 2632 οὐκ
2548 2578 2792 2648 ἔγνωσαν
2838 2579 3003 2633 αὐτοῦ
3029 2580 3120 2633 τὸν
3147 2580 3311 2650 φόϐον
3331 2623 3345 2648 ,
3372 2581 3435 2634 ὃν
3479 2579 3614 2650 ὀρῶν
3637 2582 3684 2632 ὲν
3709 2579 3807 2645 ἁγίῳ

601 2676 853 2740 audiunt,
884 2690 986 2730 nec
1027 2675 1281 2730 timorem
1329 2675 1479 2730 illius
1526 2675 1862 2747 intelligunt,
1895 2694 2058 2748 quem
2106 2681 2178 2734 vi-

2285 2670 2560 2741 Πνεῦματι
2591 2711 2606 2736 ,
2662 2670 2850 2740 ἔλεγε,
2885 2672 3126 2742 φρίττων
3171 2672 3273 2743 τὴν
3323 2671 3493 2726 αὐτοῦ
3538 2671 3625 2724 τοῦ
3655 2669 3803 2738 Κυρίου

599 2765 738 2820 dens
763 2779 862 2834 per
887 2763 1152 2833 Spiritum
1183 2772 1435 2819 sanctum
1468 2762 1707 2828 dicebat,
1744 2765 2176 2823 contremiscens

2287 2763 2586 2834 μέλλουσαν
2615 2763 2830 2817 ἔσεσθαι
2865 2765 3177 2835 οἰκονομίαν
3195 2804 3211 2830 ,
3239 2764 3419 2833 λέγων
3437 2781 3456 2798 ο
3487 2761 3664 2820 Εἶπεν
3681 2765 3708 2816 ό
3728 2762 3801 2815 Κύ-

599 2855 847 2926 cjusdem
884 2853 1098 2910 Domini
1144 2854 1384 2908 futuram
1431 2855 1896 2922 incarnationem,
1945 2857 2176 2914 dicens:

2275 2871 2410 2922 ριος
2440 2853 2523 2919 τῷ
2550 2855 2746 2924 Κυρίῳ
2770 2872 2912 2924 μου,
2941 2854 3140 2911 Κάθου
3169 2855 3240 2908 ἐκ
3269 2855 3490 2919 δεξιῶν
3510 2873 3638 2925 μου,
3668 2851 3801 2907 καὶτὰ

599 2947 752 3001 Dixit
782 2945 1040 3001 Dominus
1074 2945 1301 3000 Domino
1338 2963 1470 3012 meo,
1509 2945 1641 3003 Sede
1673 2965 1703 3002 a
1732 2947 1932 3003 dextris
1967 2951 2095 3004 meis
2118 2950 2141 2982 '
2162 2988 2176 3016 ,

2284 2944 2432 3016 ἑξῆς.
2453 2944 2707 2998 Σάϐϐατα
2732 2947 2912 3000 τοίνυν
2936 2947 3004 3000 τὰ
3032 2947 3234 3016 ἀρχαῖα
3263 2947 3623 3018 παρελήλυθε,
3645 2943 3799 2998 “66:-

597 3047 710 3097 cte.
754 3038 894 3109 Ergo
938 3047 1122 3093 vetera
1168 3037 1259 3092 illa
1305 3037 1545 3094 Sabbata
1591 3041 1976 3110 praeterierunt
2021 3058 2037 3095 :
2083 3055 2174 3112 pro

2281 3054 2374 3091 τον
2399 3037 2457 3090 δὲ
2497 3037 2746 3109 ἀληθινὸν
2780 3041 2910 3112 παρ’
2949 3039 3084 3110 ἡμῖν
3133 3039 3492 3111 κηρύττεται.
3537 3034 3801 3108 Ἥργησεδὶ

596 3131 798 3202 quibus
824 3145 1014 3186 verum
1054 3144 1085 3182 a
1122 3129 1282 3185 nobis
1315 3131 1650 3200 przedlcatur
1683 3129 2008 3189 Sabbatum.
2044 3125 2173 3187 item

2226 3133 2318 3219 Ξή
2371 3130 2564 3204 πρώτη
2626 3129 2894 3202 περιτομὴ
2956 3129 3017 3183 ἓν
3093 3131 3255 3201 μέλος
3305 3133 3658 3204 σμικρότατον
3697 3145 3803 3197 mp:-

594 3222 748 3293 prior
776 3222 870 3276 illa
902 3221 1116 3277 sublata
1146 3228 1201 3276 et
1229 3223 1515 3292 antiquata
1546 3222 1898 3280 circumcisio
1926 3234 2032 3288 est,
2057 3239 2171 3295 qua

2227 3218 2232 3219 ί
2283 3225 2576 3296 τέμνουσα,
2599 3223 2815 3294 ἐνεργεῖ
2836 3223 2892 3276 δὲ
2917 3218 2976 3276 εὖ
3004 3223 3148 3294 μάλα
3176 3225 3209 3294 ἠ
3237 3225 3556 3294 ἐπουράνιος
3575 3221 3802 3293 περιτομὴ,

596 3330 761 3368 unam
801 3329 865 3368 ac
909 3313 1258 3383 perexiguam
1291 3321 1502 3384 partem
1539 3316 1788 3385 corporis
1839 3315 2173 3386 amputabat.

2285 3317 2404 3370 ὅλον
2447 3317 2509 3371 τὺ
2556 3316 2716 3381 σῶμα
2767 3316 3192 3388 περιτέμνουσα.
3231 3317 3314 3370 Τὰ
3347 3321 3465 3391 γὰρ
3497 3319 3651 3372 ῦδατα
3678 3314 3752 3368 καὶ
3781 3313 3803 3379 ἡ

593 3401 752 3457 Nunc
783 3418 913 3457 vero
951 3402 1193 3457 ctelcstis
1224 3403 1318 3456 illa
1349 3403 1702 3458 circumcisio
1733 3419 1857 3475 quae
1892 3405 1958 3459 ad
2005 3415 2170 3461 totum

2284 3411 2414 3480 ἁγία
2443 3409 2727 3481 ἐπίκλησις
2764 3410 2869 3464 οὐκ
2916 3411 2975 3463 ὲν
3027 3410 3104 3465 ivi
3151 3409 3300 3482 μέλει
3325 3411 3426 3464 τοῦ
3466 3409 3724 3482 ἀνθρώπου
3746 3403 3805 3471 γί-

595 3509 800 3564 corpus
839 3493 1095 3564 pertinet,
1131 3494 1289 3564 longe
1329 3502 1413 3548 est
1456 3494 1856 3550 eﬂicacissima.
1893 3496 2172 3567 Siquidem

2282 3518 2433 3556 νεται
2461 3542 2476 3566 ,
2534 3500 2648 3554 ἀλλ’
2681 3501 2804 3555 ὅλον
2843 3500 2906 3554 τὸ
2949 3500 3107 3571 σῶμα
3155 3501 3445 3572 ἀνθρώπου
3496 3496 3804 3566 καθαροποιεῖ.

596 3601 754 3656 aquae
775 3594 830 3641 et
863 3585 1135 3640 invocatio
1157 3592 1347 3640 sancta
1371 3600 1480 3640 non
1515 3603 1682 3640 unum
1714 3587 1982 3644 duntaxat
2005 3605 2173 3645 mein-

2283 3592 2622 3663 περιτέμνει,
2657 3591 2876 3645 πάντων
2897 3591 3008 3644 τῶν
3029 3591 3216 3645 κακῶν
3243 3580 3597 3648 ἀπαλλάττει.
3634 3592 3688 3644 Ἥ
3713 3585 3804 3655 γοῦν

595 3677 756 3732 brum
792 3676 1032 3732 hominis
1069 3684 1366 3746 occupant,
1410 3678 1504 3732 sed
1553 3679 1823 3749 integrum
1868 3688 2172 3751 corpus’re-

2281 3684 2413 3752 ἁγία
2486 3682 2780 3754 Ἐκκλησία
2831 3683 3108 3755 παρέλαὸε
3185 3683 3356 3739 ταῦτα
3425 3685 3494 3738 τὰ
3550 3683 3804 3755 μυστήρια·

595 3776 853 3839 purgant,
893 3769 1332 3833 circumcidunt,
1390 3783 1455 3824 ac
1495 3770 1655 3826 malis
1700 3771 1956 3827 omnibus
1995 3775 2172 3830 exsol-

2281 3773 2662 3845 ἐπανέστησαν
2694 3771 2752 3826 δὲ
2783 3772 2921 3844 αὐτῇ
2947 3773 3041 3826 καὶ
3075 3773 3239 3826 δεινοὶ
3263 3774 3452 3844 ἐχθροὶ
3481 3771 3717 3826 οἰκειακοὶ
3747 3767 3806 3818 λε-

595 3867 754 3913 vunt.
788 3859 1068 3928 Ejusmodi
1099 3861 1361 3931 mysteria
1389 3873 1756 3917 sacrosanctae
1785 3861 1881 3918 Dei
1917 3864 2172 3921 Ecclesiae

2281 3863 2501 3934 γόμενοι
2523 3903 2537 3927 ,
2567 3863 2640 3934 μὴ
2667 3863 2819 3927 θντες
2840 3863 2897 3916 δὲ
2927 3865 2992 3916 ὲκ
3023 3864 3123 3934 τῆς
3145 3863 3253 3919 τῶν
3278 3865 3593 3918 ἀποστόλων
3624 3860 3703 3915 τοῦ
3726 3859 3807 3910 Κυ-

597 3945 798 3999 tradita
832 3954 976 4000 sunt.
1006 3944 1209 4002 Verum
1236 3947 1502 4005 adversus
1527 3949 1674 4004 illam
1704 3954 2038 4009 atrocissimi
2067 3956 2174 4026 qui-

2283 3953 2685 4027 ρίουοάληθοῦς
2715 3954 2948 4018 πίστεως
2972 3972 2987 3986 ·
3019 3957 3067 4008 ει
3111 3956 3220 4025 γὰρ
3243 3951 3388 4027 ἦσαν
3434 3956 3494 4021 ἐξ
3521 3953 3712 4014 αὐτῶν,
3739 3963 3806 4018 μευ

595 4037 720 4090 dam
755 4036 940 4092 hostes
977 4038 1200 4092 excitati
1237 4048 1384 4104 sunt,
1416 4041 1510 4111 qui
1551 4042 1839 4098 domestici
1882 4046 2172 4101 nominan-

2283 4048 2588 4118 μενὴκεσαν
2635 4046 2702 4100 ἂν
2759 4049 2877 4118 μετ’
2909 4047 3108 4101 αὐτῶν.
3153 4048 3317 4102 Ἀλλά
3367 4049 3520 4102 νόθοι
3568 4047 3703 4105 ὅντες
3742 4037 3807 4092 καὶ

595 4135 706 4188 tur,
736 4139 860 4178 cum
897 4126 965 4180 ad
997 4127 1371 4197 apostolorum
1404 4127 1620 4184 Domini
1653 4145 1839 4186 veram
1871 4133 2172 4189 sinceram-

2281 4139 2621 4211 σύμμικτοι,
2676 4140 2974 4211 ἐπιθυμίαν
3023 4141 3201 4213 κακὴν
3256 4140 3357 4211 τῆς
3419 4140 3489 4194 δι’
3524 4138 3701 4210 ἰχθύων
3743 4130 3809 4183 καὶ

593 4233 700 4287 que
739 4217 897 4273 ﬁdem
943 4220 1093 4275 nullo
1136 4221 1298 4275 modo
1329 4223 1675 4290 pertineant;
1703 4224 1750 4278 si
1781 4225 1926 4279 enim
1958 4241 2025 4280 ex
2070 4227 2170 4284 illis

2282 4231 2485 4284 συκιῶν
2507 4231 2821 4300 Αἰγυπτίων
2841 4233 3041 4302 ὀδωδῆς
3068 4232 3230 4286 πάλιν
3251 4231 3601 4303 ἐπιθυμοῦσι,
3627 4227 3808 4298 βλατνξψ

591 4321 802 4376 essent,
839 4327 962 4366 cum
1007 4313 1114 4368 illis
1167 4316 1357 4385 utique
1395 4317 1834 4386 permansisseut
1867 4317 1910 4371 ⁸.
1949 4316 2054 4373 Sed
2091 4319 2168 4373 ni-

2282 4322 2510 4393 μοῦντες
2556 4324 2667 4377 ἀνω
2696 4324 2789 4377 καὶ
2836 4324 2987 4378 κάτω
3015 4325 3110 4378 τὸν
3149 4325 3276 4378 Υίὸν
3309 4323 3408 4376 τοῦ
3442 4323 3576 4376 Θεοῦ
3599 4339 3613 4352 ο
3656 4321 3808 4386 Ἀρειο-

593 4401 794 4453 mirum
841 4402 1016 4469 spurii
1056 4403 1280 4471 quidam
1315 4418 1380 4457 ac
1421 4406 1721 4473 promiscui
1753 4407 1971 4477 generis
2003 4407 2170 4479 {Egy-

2284 4415 2542 4483 μανίται,
2600 4413 2694 4476 οῦς
2743 4413 2844 4483 ἤδη
2889 4415 2947 4466 ὲν
3000 4417 3113 4478 τοῖς
3168 4414 3275 4485 πρὸ
3324 4413 3519 4466 τούτου
3549 4402 3805 4478 λόγοιςβῦ

596 4489 834 4556 ptiorum
865 4491 1060 4544 iterum
1108 4493 1340 4560 piscium
1375 4508 1440 4548 ac
1480 4511 1834 4551 eucumerum
1870 4498 2173 4554 odorando-

2229 4502 2255 4554 )
2282 4503 2741 4575 ὲστηλιτεύσαμεν
2769 4521 2783 4534 ·
2848 4505 2998 4558 ἄλλοι
3047 4505 3104 4557 δὲ
3151 4504 3454 4558 Σαϐέλλιοι.
3507 4503 3614 4558 Καὶ
3659 4502 3698 4553 ot
3738 4495 3806 4565 μὲἸ

597 4594 714 4631 rum
757 4588 1087 4649 praepostera
1117 4581 1414 4651 cupiditate
1455 4592 1731 4649 tenentur,
1765 4601 1829 4640 ac
1858 4586 1948 4641 Dei
1974 4587 2172 4642 Filium

2279 4592 2560 4647 Σαὸἐλλιοι
2591 4594 2775 4649 τέλεον
2820 4594 3109 4665 ἀρνοῦνται
3159 4593 3252 4646 τοῦ
3294 4590 3440 4647 εἶναι
3470 4594 3561 4646 τὸν
3590 4589 3703 4646 Υἱὸν
3742 4579 3808 4637 καὶ

594 4670 822 4726 inﬁnitis
868 4670 1072 4741 passim
1123 4674 1476 4728 contumeliis
1526 4684 1778 4730 onerant.
1831 4676 1992 4734 Tales
2045 4688 2171 4735 sunt

2279 4684 2436 4751 ἆγιον
2486 4683 2713 4754 Πνεῦμα
2741 4723 2756 4749 ,
2813 4682 3060 4752 λέγοντες
3093 4684 3174 4736 ὄτι
3223 4685 3252 4736 ὁ
3286 4683 3418 4745 Υἱὸς
3468 4682 3623 4744 αὐτὸς
3651 4668 3807 4731 tot!”

590 4761 984 4826 Ariomanitae,
1025 4779 1166 4833 quos
1201 4763 1256 4818 in
1303 4765 1678 4834 superioribus
1723 4768 1884 4824 libris
1931 4771 2167 4840 proscri-

2281 4773 2504 4846 Πατὴρ,
2559 4775 2655 4828 καὶ
2712 4777 2740 4828 ὁ
2785 4776 2978 4846 Πατὴρ
3018 4776 3180 4838 αὐτός
3234 4777 3384 4829 ἐστιν
3437 4777 3466 4828 ὀ
3496 4760 3808 4837 Υἱὸς,καὶτδ

591 4855 821 4925 psimus.
856 4855 1018 4912 Tales
1051 4866 1255 4914 suntet
1281 4855 1525 4915 Sabellii.
1557 4858 1660 4924 Qui
1691 4861 1908 4930 quidem
1943 4861 2168 4918 Sabellii

2280 4867 2434 4936 ἅγιον
2480 4866 2706 4937 Πνεῦμα
2735 4868 2898 4930 αὐτός
2947 4869 3094 4921 ἐστιν
3147 4870 3174 4920 ὁ
3215 4869 3440 4939 Πατήρ’
3492 4868 3567 4929 ὼς
3614 4864 3678 4935 μὴ
3708 4854 3807 4910 εἶναι

590 4946 785 5003 Filium
820 4966 886 5006 ac
924 4949 1189 5021 Spiritum
1231 4962 1480 5008 sanctum
1517 4968 1744 5022 prorsus
1773 4971 1803 5011 e
1839 4957 2016 5011 medio
2065 4957 2167 5010 tol-

2282 4960 2412 5012 Υἱὸν
2439 4961 2531 5013 καὶ
2573 4960 2728 5028 ἆγιον
2750 4959 2995 5030 Πνεῦμα.
3032 4958 3284 5028 Δεύτεροι
3326 4959 3595 5018 Ἰουδαῖοι,
3625 4950 3704 5006 καὶ
3730 4947 3808 5000 Κν-

589 5039 704 5093 lunt
730 5059 743 5095 :
770 5055 1022 5100 asserunt
1056 5047 1204 5102 enim
1236 5044 1456 5115 Filium,
1484 5049 1661 5116 ipsum
1693 5063 1814 5104 esse
1841 5047 2088 5115 Patrem,
2119 5057 2166 5103 et

2285 5051 2550 5122 ριοκτόνοι
2577 5051 3029 5120 ἀπελεγχόμενοι.
3079 5051 3486 5121 Ἀρειομανῖται
3537 5048 3591 5100 δὲ
3626 5047 3668 5097 οἱ
3712 5037 3808 5090 τεάν-

588 5131 830 5198 Patrem,
873 5137 1051 5204 ipsum
1075 5154 1202 5194 esse
1235 5138 1462 5205 Filium,
1496 5152 1551 5196 et
1579 5139 1845 5210 Spiritum
1879 5150 2165 5206 sanctum,

2282 5160 2391 5196 ων
2424 5143 2781 5196 ἀσεϐέστατοι
2801 5183 2818 5208 ,
2849 5143 2899 5196 οἱ
2931 5142 3022 5195 τὸν
3054 5142 3180 5195 Υίὸν
3207 5142 3316 5196 ἀπὸ
3341 5143 3442 5211 τῆς
3491 5135 3727 5208 πατρῴας
3745 5127 3808 5179 οὖ⁴

588 5223 766 5294 ipsum
807 5240 931 5280 esse
969 5225 1188 5283 Patrem
1215 5247 1228 5283 :
1261 5246 1532 5303 nusquam
1561 5242 1622 5286 ut
1651 5234 1723 5289 sit
1751 5231 1920 5289 Filius
1952 5250 2016 5290 ac
2049 5235 2165 5304 Spi-

2285 5236 2408 5298 σίας
2462 5235 2690 5306 διαιρεῖν
2752 5235 2846 5289 καὶ
2902 5233 3299 5305 ἀπαλλοτριοῦν
3359 5231 3657 5302 τολμῶντες
3678 5265 3690 5289 ,
3738 5218 3810 5272 οὒκ

660 5405 680 5438 ⁸
702 5403 850 5462 Psal.
881 5420 1053 5470 χχιιι,
1085 5407 1138 5461 6.
1217 5410 1236 5439 ³
1277 5407 1412 5465 Gen.
1446 5426 1560 5476 xu,
1595 5410 1689 5465 24.
1765 5411 1787 5442 ⁸
1815 5410 1976 5468 Πίοιι.
2015 5428 2069 5476 v,
2108 5411 2143 5464 2
2171 5428 2232 5482 sq

2260 5428 2296 5481 ιο
2369 5410 2391 5442 ⁸
2421 5409 2526 5466 lsa.
2556 5424 2654 5478 vu,
2682 5410 2769 5464 ιι.
2847 5411 2867 5442 ⁵
2899 5409 3046 5467 Psal.
3080 5425 3193 5476 cu,
3227 5409 3278 5464 1.
3378 5409 3400 5440 ⁸
3427 5407 3449 5462 ι
3476 5405 3630 5462 Joan.
3668 5416 3718 5462 ιι,
3744 5394 3837 5448 29σ·

656 5584 765 5655 (24)
804 5587 912 5640 Ἐν
952 5585 1076 5656 τοῖς
1131 5586 1242 5654 πρὸ
1293 5589 1510 5642 τούτου
1554 5591 1777 5656 λόγοις.
1827 5589 2162 5646 Crediderim

2272 5591 2445 5648 libros
2499 5591 2765 5648 adversus
2795 5592 3168 5646 Ariomanitas
3219 5590 3334 5646 sive
3372 5588 3621 5656 Arianos.
3676 5579 3808 5656 P9007

585 5647 707 5728 esse
731 5647 1199 5728 reddenduninon
1232 5658 1287 5728 in
1329 5647 1693 5728 superioribus
1722 5647 1873 5714 libris
1895 5703 1908 5722 ,
1944 5660 2037 5716 sed
2067 5675 2161 5728 po-
2274 5647 2451 5726 riunt,
2487 5662 2579 5717 ubi
2615 5662 2854 5716 hmretiei
2890 5663 2965 5716 illi
2994 5663 3368 5726 confutantur,
3398 5647 3806 5728 quemadniodwll

587 5723 694 5804 tius
724 5725 1163 5804 insgperiorilgus
1195 5727 1352 5796 lmjus
1388 5723 1517 5804 libri
1554 5729 1825 5804 partibus.
1856 5723 2165 5804 Non__etiim
2275 5748 2385 5785 non
2423 5723 2589 5804 semel
2624 5734 2976 5804 monuimus,
3029 5733 3251 5789 biennio
3295 5723 3583 5803 pdstquam
3611 5723 3806 5777 Ancora-

585 5801 797 5847 constat
822 5793 1186 5862 Epipltanium
1217 5793 1345 5854 autc
1386 5795 1716 5850 Ancoratttm
1759 5800 1897 5858 alios
1925 5799 2168 5858 edidisse
2278 5812 2387 5855 tum
2418 5803 2699 5872 emiserat,
2729 5793 2994 5874 scripsit-
