  <div class='ocr_page' id='page_1' title='image "/cluster/home/n/w/nwhite01/storage/ocr_20150623/43:no.3/coo.31924054869429/122.png"; bbox 0 0 3994 6414; ppageno 0'>
   <div class='ocr_carea' id='block_1_1' title="bbox 158 336 265 415">
    <p class='ocr_par' dir='ltr' id='par_1_1' title="bbox 158 336 265 415">
     <span class='ocr_line' id='line_1_1' title="bbox 158 336 265 415; baseline 0.009 -1"><span class='ocrx_word' id='word_1_1' title='bbox 158 336 265 415; x_wconf 62' lang='grc' dir='ltr'><strong>ω</strong></span> 
     </span>
    </p>
   </div>
   <div class='ocr_carea' id='block_1_2' title="bbox 1529 355 1972 415">
    <p class='ocr_par' dir='ltr' id='par_1_2' title="bbox 1529 355 1972 415">
     <span class='ocr_line' id='line_1_2' title="bbox 1529 355 1972 415; baseline 0 -5"><span class='ocrx_word' id='word_1_2' title='bbox 1529 355 1972 415; x_wconf 74' lang='lat' dir='ltr'><strong>ANCORATUS.</strong></span> 
     </span>
    </p>
   </div>
   <div class='ocr_carea' id='block_1_3' title="bbox 3297 364 3408 424">
    <p class='ocr_par' dir='ltr' id='par_1_3' title="bbox 3297 364 3408 424">
     <span class='ocr_line' id='line_1_3' title="bbox 3297 364 3408 424; baseline 0.018 -2"><span class='ocrx_word' id='word_1_3' title='bbox 3297 364 3408 424; x_wconf 70' lang='grc'><strong>⁸230</strong></span> 
     </span>
    </p>
   </div>
   <div class='ocr_carea' id='block_1_4' title="bbox 160 470 1716 552">
    <p class='ocr_par' dir='ltr' id='par_1_4' title="bbox 160 470 1716 548">
     <span class='ocr_line' id='line_1_4' title="bbox 160 470 1716 548; baseline -0.003 -17"><span class='ocrx_word' id='word_1_4' title='bbox 160 474 344 542; x_wconf 77' lang='grc' dir='ltr'>ἀξιοῦσι</span> <span class='ocrx_word' id='word_1_5' title='bbox 382 473 476 530; x_wconf 75' lang='grc' dir='ltr'><strong>τὸν</strong></span> <span class='ocrx_word' id='word_1_6' title='bbox 529 475 664 530; x_wconf 81' lang='grc' dir='ltr'>Υἱὺν</span> <span class='ocrx_word' id='word_1_7' title='bbox 697 476 948 548; x_wconf 74' lang='grc' dir='ltr'><strong>ὁμότιμον</strong></span> <span class='ocrx_word' id='word_1_8' title='bbox 988 470 1129 529; x_wconf 75' lang='grc' dir='ltr'>εἶναι</span> <span class='ocrx_word' id='word_1_9' title='bbox 1158 475 1236 547; x_wconf 82' lang='grc' dir='ltr'><strong>τῷ</strong></span> <span class='ocrx_word' id='word_1_10' title='bbox 1266 474 1438 546; x_wconf 77' lang='grc' dir='ltr'>Πατρὶ</span> <span class='ocrx_word' id='word_1_11' title='bbox 1458 515 1476 543; x_wconf 89' lang='grc'><strong>,</strong></span> <span class='ocrx_word' id='word_1_12' title='bbox 1500 475 1622 528; x_wconf 77' lang='grc' dir='ltr'>οὐδὲ</span> <span class='ocrx_word' id='word_1_13' title='bbox 1651 476 1716 528; x_wconf 80' lang='grc' dir='ltr'>ὲκ</span> 
     </span>
    </p>
   </div>
   <div class='ocr_carea' id='block_1_5' title="bbox 1819 470 3406 552">
    <p class='ocr_par' dir='ltr' id='par_1_5' title="bbox 1823 474 3406 552">
     <span class='ocr_line' id='line_1_5' title="bbox 1823 474 3406 552; baseline 0.005 -24"><span class='ocrx_word' id='word_1_14' title='bbox 1823 475 1966 530; x_wconf 86' lang='lat' dir='ltr'><strong>ritus</strong></span> <span class='ocrx_word' id='word_1_15' title='bbox 1995 481 2259 542; x_wconf 87' lang='lat' dir='ltr'><strong>sanctus;</strong></span> <span class='ocrx_word' id='word_1_16' title='bbox 2288 474 2463 532; x_wconf 73' lang='lat' dir='ltr'><strong>Judzni</strong></span> <span class='ocrx_word' id='word_1_17' title='bbox 2502 476 2725 549; x_wconf 85' lang='lat' dir='ltr'><strong>quidam</strong></span> <span class='ocrx_word' id='word_1_18' title='bbox 2755 479 2914 536; x_wconf 85' lang='lat' dir='ltr'><strong>alteri</strong></span> <span class='ocrx_word' id='word_1_19' title='bbox 2937 495 3001 536; x_wconf 90' lang='lat' dir='ltr'><strong>ac</strong></span> <span class='ocrx_word' id='word_1_20' title='bbox 3039 479 3253 536; x_wconf 84' lang='lat' dir='ltr'><strong>Domini</strong></span> <span class='ocrx_word' id='word_1_21' title='bbox 3277 495 3406 552; x_wconf 76' lang='lat' dir='ltr'><strong>par-</strong></span> 
     </span>
    </p>
   </div>
   <div class='ocr_carea' id='block_1_6' title="bbox 164 567 1718 640">
    <p class='ocr_par' dir='ltr' id='par_1_6' title="bbox 164 567 1718 640">
     <span class='ocr_line' id='line_1_6' title="bbox 164 567 1718 640; baseline 0 -20"><span class='ocrx_word' id='word_1_22' title='bbox 164 569 242 638; x_wconf 76' lang='grc' dir='ltr'>τῆς</span> <span class='ocrx_word' id='word_1_23' title='bbox 289 568 476 631; x_wconf 76' lang='grc' dir='ltr'>οὐσίας</span> <span class='ocrx_word' id='word_1_24' title='bbox 508 569 606 622; x_wconf 92' lang='grc' dir='ltr'><strong>τοῦ</strong></span> <span class='ocrx_word' id='word_1_25' title='bbox 656 568 861 640; x_wconf 78' lang='grc' dir='ltr'>Πατρδς</span> <span class='ocrx_word' id='word_1_26' title='bbox 911 568 1074 622; x_wconf 75' lang='grc' dir='ltr'>αὑτὸν</span> <span class='ocrx_word' id='word_1_27' title='bbox 1111 568 1493 639; x_wconf 75' lang='grc' dir='ltr'>γεγεννῆσθαι.</span> <span class='ocrx_word' id='word_1_28' title='bbox 1531 567 1718 621; x_wconf 79' lang='grc' dir='ltr'>Ἀλλοι</span> 
     </span>
    </p>
   </div>
   <div class='ocr_carea' id='block_1_7' title="bbox 165 659 1718 733">
    <p class='ocr_par' dir='ltr' id='par_1_7' title="bbox 165 659 1718 733">
     <span class='ocr_line' id='line_1_7' title="bbox 165 659 1718 733; baseline 0.001 -20"><span class='ocrx_word' id='word_1_29' title='bbox 165 663 207 715; x_wconf 69' lang='grc' dir='ltr'><strong>δὲ</strong></span> <span class='ocrx_word' id='word_1_30' title='bbox 245 660 441 714; x_wconf 86' lang='grc' dir='ltr'>τούτων</span> <span class='ocrx_word' id='word_1_31' title='bbox 493 660 725 730; x_wconf 75' lang='grc' dir='ltr'>ἔκγονοι,</span> <span class='ocrx_word' id='word_1_32' title='bbox 761 661 810 714; x_wconf 88' lang='grc' dir='ltr'><strong>οί</strong></span> <span class='ocrx_word' id='word_1_33' title='bbox 849 659 954 733; x_wconf 76' lang='grc' dir='ltr'>πρὸ</span> <span class='ocrx_word' id='word_1_34' title='bbox 994 660 1187 714; x_wconf 82' lang='grc' dir='ltr'>τούτου</span> <span class='ocrx_word' id='word_1_35' title='bbox 1220 662 1360 731; x_wconf 76' lang='grc' dir='ltr'>μετὰ</span> <span class='ocrx_word' id='word_1_36' title='bbox 1404 660 1512 714; x_wconf 83' lang='grc' dir='ltr'><strong>τῶν</strong></span> <span class='ocrx_word' id='word_1_37' title='bbox 1540 661 1718 716; x_wconf 82' lang='grc' dir='ltr'>ἄλλων</span> 
     </span>
    </p>
   </div>
   <div class='ocr_carea' id='block_1_8' title="bbox 165 751 1717 823">
    <p class='ocr_par' dir='ltr' id='par_1_8' title="bbox 165 751 1717 823">
     <span class='ocr_line' id='line_1_8' title="bbox 165 751 1717 823; baseline 0.001 -18"><span class='ocrx_word' id='word_1_38' title='bbox 165 752 249 805; x_wconf 78' lang='grc' dir='ltr'>τῶν</span> <span class='ocrx_word' id='word_1_39' title='bbox 297 752 712 823; x_wconf 75' lang='grc' dir='ltr'>προταχθέντων</span> <span class='ocrx_word' id='word_1_40' title='bbox 739 791 755 815; x_wconf 86' lang='grc'><strong>,</strong></span> <span class='ocrx_word' id='word_1_41' title='bbox 806 751 913 806; x_wconf 81' lang='grc' dir='ltr'>είθε</span> <span class='ocrx_word' id='word_1_42' title='bbox 967 751 1109 806; x_wconf 80' lang='grc' dir='ltr'>κατὰ</span> <span class='ocrx_word' id='word_1_43' title='bbox 1173 752 1466 817; x_wconf 83' lang='grc' dir='ltr'><strong>Ἰουδαίους</strong></span> <span class='ocrx_word' id='word_1_44' title='bbox 1518 753 1717 818; x_wconf 77' lang='grc' dir='ltr'>αὐτοὺς</span> 
     </span>
    </p>
   </div>
   <div class='ocr_carea' id='block_1_9' title="bbox 162 842 1711 921">
    <p class='ocr_par' dir='ltr' id='par_1_9' title="bbox 162 842 1711 921">
     <span class='ocr_line' id='line_1_9' title="bbox 162 842 1711 921; baseline 0.001 -23"><span class='ocrx_word' id='word_1_45' title='bbox 162 843 503 915; x_wconf 81' lang='grc' dir='ltr'>ἁπηρίθμουν,</span> <span class='ocrx_word' id='word_1_46' title='bbox 546 845 674 907; x_wconf 83' lang='grc' dir='ltr'>τοὺς</span> <span class='ocrx_word' id='word_1_47' title='bbox 689 842 1143 915; x_wconf 71' lang='grc' dir='ltr'><strong>βλασφημοῦντας</strong></span> <span class='ocrx_word' id='word_1_48' title='bbox 1171 844 1234 921; x_wconf 81' lang='grc' dir='ltr'>τὸ</span> <span class='ocrx_word' id='word_1_49' title='bbox 1262 843 1416 913; x_wconf 74' lang='grc' dir='ltr'>ἅγιον</span> <span class='ocrx_word' id='word_1_50' title='bbox 1448 844 1675 916; x_wconf 78' lang='grc' dir='ltr'><strong>Πνεῦμα</strong></span> <span class='ocrx_word' id='word_1_51' title='bbox 1696 858 1711 874; x_wconf 80' lang='grc'><strong><em>⁸</em></strong></span> 
     </span>
    </p>
   </div>
   <div class='ocr_carea' id='block_1_10' title="bbox 160 933 1711 1009">
    <p class='ocr_par' dir='ltr' id='par_1_10' title="bbox 160 933 1711 1009">
     <span class='ocr_line' id='line_1_10' title="bbox 160 933 1711 1009; baseline 0.001 -21"><span class='ocrx_word' id='word_1_52' title='bbox 160 933 372 1006; x_wconf 68' lang='grc' dir='ltr'>δεύτεροι</span> <span class='ocrx_word' id='word_1_53' title='bbox 396 934 740 989; x_wconf 83' lang='grc' dir='ltr'>Σαδδουκαῖοι</span> <span class='ocrx_word' id='word_1_54' title='bbox 791 936 884 990; x_wconf 78' lang='grc' dir='ltr'>καὶ</span> <span class='ocrx_word' id='word_1_55' title='bbox 917 938 1285 1009; x_wconf 77' lang='grc' dir='ltr'><strong>Σαμαρεῖται,</strong></span> <span class='ocrx_word' id='word_1_56' title='bbox 1323 936 1418 990; x_wconf 75' lang='grc' dir='ltr'><strong>καὶ</strong></span> <span class='ocrx_word' id='word_1_57' title='bbox 1446 934 1711 1005; x_wconf 73' lang='grc' dir='ltr'>ἄγνωστοι</span> 
     </span>
    </p>
   </div>
   <div class='ocr_carea' id='block_1_11' title="bbox 160 1027 715 1095">
    <p class='ocr_par' dir='ltr' id='par_1_11' title="bbox 160 1027 715 1095">
     <span class='ocr_line' id='line_1_11' title="bbox 160 1027 715 1095; baseline 0.009 -18"><span class='ocrx_word' id='word_1_58' title='bbox 160 1027 317 1095; x_wconf 83' lang='grc' dir='ltr'>νεκροὶ</span> <span class='ocrx_word' id='word_1_59' title='bbox 350 1028 441 1078; x_wconf 76' lang='grc' dir='ltr'><strong>καὶ</strong></span> <span class='ocrx_word' id='word_1_60' title='bbox 476 1027 715 1083; x_wconf 82' lang='grc' dir='ltr'>ἄπιστοι.</span> 
     </span>
    </p>
   </div>
   <div class='ocr_carea' id='block_1_12' title="bbox 1816 566 3404 641">
    <p class='ocr_par' dir='ltr' id='par_1_12' title="bbox 1816 566 3404 641">
     <span class='ocr_line' id='line_1_12' title="bbox 1816 566 3404 641; baseline 0.005 -22"><span class='ocrx_word' id='word_1_61' title='bbox 1816 566 2023 622; x_wconf 75' lang='lat' dir='ltr'><strong>ricidae.</strong></span> <span class='ocrx_word' id='word_1_62' title='bbox 2060 566 2168 621; x_wconf 85' lang='lat' dir='ltr'><strong>Sed</strong></span> <span class='ocrx_word' id='word_1_63' title='bbox 2208 567 2563 626; x_wconf 71' lang='lat' dir='ltr'><strong>Ariomanitze</strong></span> <span class='ocrx_word' id='word_1_64' title='bbox 2608 577 2839 627; x_wconf 61' lang='lat' dir='ltr'><strong>caeteros</strong></span> <span class='ocrx_word' id='word_1_65' title='bbox 2891 585 3082 627; x_wconf 89' lang='lat' dir='ltr'><strong>omnes</strong></span> <span class='ocrx_word' id='word_1_66' title='bbox 3125 571 3404 641; x_wconf 81' lang='lat' dir='ltr'><strong>impietate</strong></span> 
     </span>
    </p>
   </div>
   <div class='ocr_carea' id='block_1_13' title="bbox 1820 658 3404 729">
    <p class='ocr_par' dir='ltr' id='par_1_13' title="bbox 1820 658 3404 729">
     <span class='ocr_line' id='line_1_13' title="bbox 1820 658 3404 729; baseline 0.004 -16"><span class='ocrx_word' id='word_1_67' title='bbox 1820 666 2105 729; x_wconf 85' lang='lat' dir='ltr'><strong>superant,</strong></span> <span class='ocrx_word' id='word_1_68' title='bbox 2138 659 2232 729; x_wconf 87' lang='lat' dir='ltr'><strong>qui</strong></span> <span class='ocrx_word' id='word_1_69' title='bbox 2263 658 2462 717; x_wconf 86' lang='lat' dir='ltr'><strong>Filium</strong></span> <span class='ocrx_word' id='word_1_70' title='bbox 2489 677 2519 716; x_wconf 89' lang='lat' dir='ltr'><strong>a</strong></span> <span class='ocrx_word' id='word_1_71' title='bbox 2542 662 2707 720; x_wconf 89' lang='lat' dir='ltr'><strong>Patre</strong></span> <span class='ocrx_word' id='word_1_72' title='bbox 2735 664 3046 720; x_wconf 89' lang='lat' dir='ltr'><strong>substantia</strong></span> <span class='ocrx_word' id='word_1_73' title='bbox 3080 664 3324 720; x_wconf 83' lang='lat' dir='ltr'><strong>dividere</strong></span> <span class='ocrx_word' id='word_1_74' title='bbox 3347 672 3404 720; x_wconf 85' lang='lat' dir='ltr'><strong>et</strong></span> 
     </span>
    </p>
   </div>
   <div class='ocr_carea' id='block_1_14' title="bbox 1819 750 3405 826">
    <p class='ocr_par' dir='ltr' id='par_1_14' title="bbox 1819 750 3405 826">
     <span class='ocr_line' id='line_1_14' title="bbox 1819 750 3405 826; baseline 0.005 -21"><span class='ocrx_word' id='word_1_75' title='bbox 1819 750 2136 806; x_wconf 83' lang='lat' dir='ltr'><strong>abalienare</strong></span> <span class='ocrx_word' id='word_1_76' title='bbox 2168 752 2309 807; x_wconf 88' lang='lat' dir='ltr'><strong>nihil</strong></span> <span class='ocrx_word' id='word_1_77' title='bbox 2344 753 2526 820; x_wconf 83' lang='lat' dir='ltr'><strong>veriti,</strong></span> <span class='ocrx_word' id='word_1_78' title='bbox 2558 755 2825 826; x_wconf 65' lang='lat' dir='ltr'><strong>aequalem</strong></span> <span class='ocrx_word' id='word_1_79' title='bbox 2862 754 3012 810; x_wconf 86' lang='lat' dir='ltr'><strong>Patri</strong></span> <span class='ocrx_word' id='word_1_80' title='bbox 3047 754 3244 811; x_wconf 86' lang='lat' dir='ltr'><strong>Filium</strong></span> <span class='ocrx_word' id='word_1_81' title='bbox 3276 771 3405 813; x_wconf 83' lang='lat' dir='ltr'><strong>esse</strong></span> 
     </span>
    </p>
   </div>
   <div class='ocr_carea' id='block_1_15' title="bbox 1819 839 3404 914">
    <p class='ocr_par' dir='ltr' id='par_1_15' title="bbox 1819 839 3404 914">
     <span class='ocr_line' id='line_1_15' title="bbox 1819 839 3404 914; baseline 0.004 -20"><span class='ocrx_word' id='word_1_82' title='bbox 1819 839 2146 909; x_wconf 84' lang='lat' dir='ltr'><strong>diﬂitentur;</strong></span> <span class='ocrx_word' id='word_1_83' title='bbox 2178 856 2281 897; x_wconf 89' lang='lat' dir='ltr'><strong>nec</strong></span> <span class='ocrx_word' id='word_1_84' title='bbox 2301 858 2428 897; x_wconf 92' lang='lat' dir='ltr'><strong>eum</strong></span> <span class='ocrx_word' id='word_1_85' title='bbox 2458 850 2658 914; x_wconf 88' lang='lat' dir='ltr'><strong>putant</strong></span> <span class='ocrx_word' id='word_1_86' title='bbox 2686 859 2717 899; x_wconf 92' lang='lat' dir='ltr'><strong>e</strong></span> <span class='ocrx_word' id='word_1_87' title='bbox 2747 843 2928 901; x_wconf 80' lang='lat' dir='ltr'><strong>Patris</strong></span> <span class='ocrx_word' id='word_1_88' title='bbox 2952 860 3076 901; x_wconf 90' lang='lat' dir='ltr'><strong>esse</strong></span> <span class='ocrx_word' id='word_1_89' title='bbox 3095 844 3404 902; x_wconf 74' lang='lat' dir='ltr'><strong>substantia</strong></span> 
     </span>
    </p>
   </div>
   <div class='ocr_carea' id='block_1_16' title="bbox 1818 934 3404 1010">
    <p class='ocr_par' dir='ltr' id='par_1_16' title="bbox 1818 934 3404 1010">
     <span class='ocr_line' id='line_1_16' title="bbox 1818 934 3404 1010; baseline 0.003 -20"><span class='ocrx_word' id='word_1_90' title='bbox 1818 934 2084 1006; x_wconf 78' lang='lat' dir='ltr'><strong>genitum.</strong></span> <span class='ocrx_word' id='word_1_91' title='bbox 2128 934 2233 990; x_wconf 87' lang='lat' dir='ltr'><strong>Alii</strong></span> <span class='ocrx_word' id='word_1_92' title='bbox 2264 942 2396 992; x_wconf 90' lang='lat' dir='ltr'><strong>sunt</strong></span> <span class='ocrx_word' id='word_1_93' title='bbox 2442 936 2665 992; x_wconf 89' lang='lat' dir='ltr'><strong>illorum</strong></span> <span class='ocrx_word' id='word_1_94' title='bbox 2698 938 2847 993; x_wconf 84' lang='lat' dir='ltr'><strong>velut</strong></span> <span class='ocrx_word' id='word_1_95' title='bbox 2893 938 3121 1010; x_wconf 86' lang='lat' dir='ltr'><strong>posteri.</strong></span> <span class='ocrx_word' id='word_1_96' title='bbox 3152 938 3249 1009; x_wconf 86' lang='lat' dir='ltr'><strong>qui</strong></span> <span class='ocrx_word' id='word_1_97' title='bbox 3276 947 3404 995; x_wconf 85' lang='lat' dir='ltr'><strong>ante</strong></span> 
     </span>
    </p>
   </div>
   <div class='ocr_carea' id='block_1_17' title="bbox 1822 1028 3405 1099">
    <p class='ocr_par' dir='ltr' id='par_1_17' title="bbox 1822 1028 3405 1099">
     <span class='ocr_line' id='line_1_17' title="bbox 1822 1028 3405 1099; baseline 0.001 -16"><span class='ocrx_word' id='word_1_98' title='bbox 1822 1028 1929 1084; x_wconf 87' lang='lat' dir='ltr'><strong>hoc</strong></span> <span class='ocrx_word' id='word_1_99' title='bbox 1975 1035 2192 1099; x_wconf 85' lang='lat' dir='ltr'><strong>tempus</strong></span> <span class='ocrx_word' id='word_1_100' title='bbox 2239 1028 2442 1085; x_wconf 88' lang='lat' dir='ltr'><strong>emersi</strong></span> <span class='ocrx_word' id='word_1_101' title='bbox 2509 1044 2546 1084; x_wconf 94' lang='lat' dir='ltr'><strong>n</strong></span> <span class='ocrx_word' id='word_1_102' title='bbox 2592 1036 2918 1086; x_wconf 64' lang='lat' dir='ltr'><strong>cancrorum</strong></span> <span class='ocrx_word' id='word_1_103' title='bbox 2971 1045 3203 1087; x_wconf 90' lang='lat' dir='ltr'><strong>numero</strong></span> <span class='ocrx_word' id='word_1_104' title='bbox 3252 1044 3405 1086; x_wconf 84' lang='lat' dir='ltr'><strong>com-</strong></span> 
     </span>
    </p>
   </div>
   <div class='ocr_carea' id='block_1_18' title="bbox 162 1121 3405 1194">
    <p class='ocr_par' dir='ltr' id='par_1_18' title="bbox 162 1121 3405 1194">
     <span class='ocr_line' id='line_1_18' title="bbox 162 1121 3405 1194; baseline 0.002 -21"><span class='ocrx_word' id='word_1_105' title='bbox 162 1121 383 1191; x_wconf 79' lang='lat' dir='ltr'><strong>prehensi</strong></span> <span class='ocrx_word' id='word_1_106' title='bbox 418 1130 585 1175; x_wconf 90' lang='lat' dir='ltr'><strong>sunt:</strong></span> <span class='ocrx_word' id='word_1_107' title='bbox 608 1137 740 1191; x_wconf 87' lang='lat' dir='ltr'><strong>quos</strong></span> <span class='ocrx_word' id='word_1_108' title='bbox 775 1121 987 1177; x_wconf 87' lang='lat' dir='ltr'><strong>utinam</strong></span> <span class='ocrx_word' id='word_1_109' title='bbox 1015 1121 1157 1179; x_wconf 89' lang='lat' dir='ltr'><strong>inter</strong></span> <span class='ocrx_word' id='word_1_110' title='bbox 1173 1121 1392 1179; x_wconf 72' lang='lat' dir='ltr'><strong>Iudaeos</strong></span> <span class='ocrx_word' id='word_1_111' title='bbox 1416 1124 1571 1194; x_wconf 79' lang='lat'><strong>121</strong></span> <span class='ocrx_word' id='word_1_112' title='bbox 1596 1122 1789 1178; x_wconf 87' lang='lat' dir='ltr'><strong>saltem</strong></span> <span class='ocrx_word' id='word_1_113' title='bbox 1822 1138 2108 1179; x_wconf 89' lang='lat' dir='ltr'><strong>recensere</strong></span> <span class='ocrx_word' id='word_1_114' title='bbox 2141 1122 2223 1179; x_wconf 82' lang='lat' dir='ltr'><strong>fas</strong></span> <span class='ocrx_word' id='word_1_115' title='bbox 2254 1131 2436 1180; x_wconf 88' lang='lat' dir='ltr'><strong>esset:</strong></span> <span class='ocrx_word' id='word_1_116' title='bbox 2463 1137 2593 1178; x_wconf 89' lang='lat' dir='ltr'><strong>nam</strong></span> <span class='ocrx_word' id='word_1_117' title='bbox 2624 1122 2892 1193; x_wconf 88' lang='lat' dir='ltr'><strong>Spiritum</strong></span> <span class='ocrx_word' id='word_1_118' title='bbox 2927 1136 3178 1180; x_wconf 86' lang='lat' dir='ltr'><strong>sanctum</strong></span> <span class='ocrx_word' id='word_1_119' title='bbox 3204 1130 3405 1179; x_wconf 86' lang='lat' dir='ltr'><strong>contu-</strong></span> 
     </span>
    </p>
   </div>
   <div class='ocr_carea' id='block_1_19' title="bbox 164 1211 2874 1283">
    <p class='ocr_par' dir='ltr' id='par_1_19' title="bbox 164 1211 2874 1283">
     <span class='ocr_line' id='line_1_19' title="bbox 164 1211 2874 1283; baseline 0.002 -20"><span class='ocrx_word' id='word_1_120' title='bbox 164 1211 311 1266; x_wconf 84' lang='lat' dir='ltr'><strong>meliis</strong></span> <span class='ocrx_word' id='word_1_121' title='bbox 346 1221 661 1283; x_wconf 81' lang='lat' dir='ltr'><strong>aspergunt,</strong></span> <span class='ocrx_word' id='word_1_122' title='bbox 692 1213 846 1268; x_wconf 79' lang='lat' dir='ltr'><strong>alteri</strong></span> <span class='ocrx_word' id='word_1_123' title='bbox 880 1214 1104 1283; x_wconf 86' lang='lat' dir='ltr'><strong>quidam</strong></span> <span class='ocrx_word' id='word_1_124' title='bbox 1145 1212 1429 1268; x_wconf 82' lang='lat' dir='ltr'><strong>Sadducaei</strong></span> <span class='ocrx_word' id='word_1_125' title='bbox 1471 1221 1565 1267; x_wconf 87' lang='lat' dir='ltr'><strong>aut</strong></span> <span class='ocrx_word' id='word_1_126' title='bbox 1605 1212 1915 1277; x_wconf 66' lang='lat' dir='ltr'><strong>Samaritae,</strong></span> <span class='ocrx_word' id='word_1_127' title='bbox 1951 1220 2005 1269; x_wconf 89' lang='lat' dir='ltr'><strong>et</strong></span> <span class='ocrx_word' id='word_1_128' title='bbox 2032 1213 2259 1269; x_wconf 87' lang='lat' dir='ltr'><strong>obscuri</strong></span> <span class='ocrx_word' id='word_1_129' title='bbox 2295 1211 2497 1269; x_wconf 91' lang='lat' dir='ltr'><strong>mortui</strong></span> <span class='ocrx_word' id='word_1_130' title='bbox 2521 1219 2577 1268; x_wconf 88' lang='lat' dir='ltr'><strong>et</strong></span> <span class='ocrx_word' id='word_1_131' title='bbox 2605 1212 2874 1269; x_wconf 82' lang='lat' dir='ltr'><strong>inﬁdeles.</strong></span> 
     </span>
    </p>
   </div>
   <div class='ocr_carea' id='block_1_20' title="bbox 216 1305 1714 1378">
    <p class='ocr_par' dir='ltr' id='par_1_20' title="bbox 216 1305 1714 1378">
     <span class='ocr_line' id='line_1_20' title="bbox 216 1305 1714 1378; baseline 0.004 -20"><span class='ocrx_word' id='word_1_132' title='bbox 216 1306 344 1361; x_wconf 90' lang='lat' dir='ltr'><strong>PlZ&#39;.</strong></span> <span class='ocrx_word' id='word_1_133' title='bbox 373 1305 492 1356; x_wconf 87' lang='grc' dir='ltr'>Ἵνα</span> <span class='ocrx_word' id='word_1_134' title='bbox 524 1305 584 1358; x_wconf 80' lang='grc' dir='ltr'>δὲ</span> <span class='ocrx_word' id='word_1_135' title='bbox 618 1305 690 1378; x_wconf 80' lang='grc' dir='ltr'>μὴ</span> <span class='ocrx_word' id='word_1_136' title='bbox 715 1305 801 1359; x_wconf 79' lang='grc' dir='ltr'><strong>διὰ</strong></span> <span class='ocrx_word' id='word_1_137' title='bbox 832 1306 1063 1378; x_wconf 86' lang='grc' dir='ltr'>μέλανος</span> <span class='ocrx_word' id='word_1_138' title='bbox 1087 1308 1183 1360; x_wconf 80' lang='grc' dir='ltr'>καὶ</span> <span class='ocrx_word' id='word_1_139' title='bbox 1213 1307 1416 1377; x_wconf 86' lang='grc' dir='ltr'>χάρτου</span> <span class='ocrx_word' id='word_1_140' title='bbox 1446 1305 1544 1370; x_wconf 84' lang='grc' dir='ltr'><strong>τὰς</strong></span> <span class='ocrx_word' id='word_1_141' title='bbox 1571 1306 1714 1364; x_wconf 76' lang='grc' dir='ltr'>κατὰ</span> 
     </span>
    </p>
   </div>
   <div class='ocr_carea' id='block_1_21' title="bbox 162 1395 1712 1469">
    <p class='ocr_par' dir='ltr' id='par_1_21' title="bbox 162 1395 1712 1469">
     <span class='ocr_line' id='line_1_21' title="bbox 162 1395 1712 1469; baseline 0.001 -21"><span class='ocrx_word' id='word_1_142' title='bbox 162 1395 333 1448; x_wconf 72' lang='grc' dir='ltr'>τούτων</span> <span class='ocrx_word' id='word_1_143' title='bbox 372 1395 678 1467; x_wconf 81' lang='grc' dir='ltr'>μαρτυρίας</span> <span class='ocrx_word' id='word_1_144' title='bbox 717 1395 807 1450; x_wconf 79' lang='grc' dir='ltr'><strong>διὰ</strong></span> <span class='ocrx_word' id='word_1_145' title='bbox 850 1397 1046 1452; x_wconf 86' lang='grc' dir='ltr'>πολλοῦ</span> <span class='ocrx_word' id='word_1_146' title='bbox 1093 1396 1455 1469; x_wconf 81' lang='grc' dir='ltr'><strong>ποιησώμεθα</strong></span> <span class='ocrx_word' id='word_1_147' title='bbox 1479 1436 1495 1461; x_wconf 83' lang='grc'><strong>,</strong></span> <span class='ocrx_word' id='word_1_148' title='bbox 1536 1398 1618 1461; x_wconf 82' lang='grc' dir='ltr'><strong>είς</strong></span> <span class='ocrx_word' id='word_1_149' title='bbox 1651 1396 1712 1451; x_wconf 82' lang='grc' dir='ltr'>τὸ</span> 
     </span>
    </p>
   </div>
   <div class='ocr_carea' id='block_1_22' title="bbox 164 1485 1709 1558">
    <p class='ocr_par' dir='ltr' id='par_1_22' title="bbox 164 1485 1709 1558">
     <span class='ocr_line' id='line_1_22' title="bbox 164 1485 1709 1558; baseline 0.004 -22"><span class='ocrx_word' id='word_1_150' title='bbox 164 1485 224 1555; x_wconf 82' lang='grc' dir='ltr'>μὴ</span> <span class='ocrx_word' id='word_1_151' title='bbox 268 1488 586 1556; x_wconf 81' lang='grc' dir='ltr'>περικακείν</span> <span class='ocrx_word' id='word_1_152' title='bbox 626 1487 751 1552; x_wconf 82' lang='grc' dir='ltr'>τοὺς</span> <span class='ocrx_word' id='word_1_153' title='bbox 805 1486 1320 1557; x_wconf 78' lang='grc' dir='ltr'><strong>ἀναγινώσκοντας,</strong></span> <span class='ocrx_word' id='word_1_154' title='bbox 1378 1487 1709 1558; x_wconf 82' lang='grc' dir='ltr'>ἀρκέσουσιν</span> 
     </span>
    </p>
   </div>
   <div class='ocr_carea' id='block_1_23' title="bbox 164 1576 1709 1655">
    <p class='ocr_par' dir='ltr' id='par_1_23' title="bbox 164 1576 1709 1655">
     <span class='ocr_line' id='line_1_23' title="bbox 164 1576 1709 1655; baseline 0.002 -24"><span class='ocrx_word' id='word_1_155' title='bbox 164 1580 333 1641; x_wconf 73' lang='grc' dir='ltr'>αὐτοῖς,</span> <span class='ocrx_word' id='word_1_156' title='bbox 366 1576 738 1643; x_wconf 78' lang='grc' dir='ltr'>Σαϐελλιανοίς</span> <span class='ocrx_word' id='word_1_157' title='bbox 763 1577 863 1649; x_wconf 84' lang='grc' dir='ltr'>μὲν</span> <span class='ocrx_word' id='word_1_158' title='bbox 887 1578 1027 1651; x_wconf 82' lang='grc' dir='ltr'>μετὰ</span> <span class='ocrx_word' id='word_1_159' title='bbox 1054 1578 1162 1634; x_wconf 85' lang='grc' dir='ltr'><strong>τῶν</strong></span> <span class='ocrx_word' id='word_1_160' title='bbox 1184 1580 1359 1636; x_wconf 85' lang='grc' dir='ltr'>ἄλλων</span> <span class='ocrx_word' id='word_1_161' title='bbox 1391 1580 1709 1655; x_wconf 84' lang='grc' dir='ltr'>μαρτυριῶν</span> 
     </span>
    </p>
   </div>
   <div class='ocr_carea' id='block_1_24' title="bbox 164 1664 1711 1742">
    <p class='ocr_par' dir='ltr' id='par_1_24' title="bbox 164 1664 1711 1742">
     <span class='ocr_line' id='line_1_24' title="bbox 164 1664 1711 1742; baseline 0.003 -25"><span class='ocrx_word' id='word_1_162' title='bbox 164 1670 189 1737; x_wconf 74' lang='grc' dir='ltr'><strong>ἡ</strong></span> <span class='ocrx_word' id='word_1_163' title='bbox 218 1666 470 1738; x_wconf 79' lang='grc' dir='ltr'>μαρτυρία</span> <span class='ocrx_word' id='word_1_164' title='bbox 504 1665 602 1720; x_wconf 91' lang='grc' dir='ltr'><strong>τοῦ</strong></span> <span class='ocrx_word' id='word_1_165' title='bbox 644 1668 906 1739; x_wconf 74' lang='grc' dir='ltr'>Ἰορδάνου</span> <span class='ocrx_word' id='word_1_166' title='bbox 931 1708 946 1733; x_wconf 88' lang='grc'><strong>,</strong></span> <span class='ocrx_word' id='word_1_167' title='bbox 989 1668 1065 1733; x_wconf 86' lang='grc' dir='ltr'><strong>ὡς</strong></span> <span class='ocrx_word' id='word_1_168' title='bbox 1096 1668 1195 1742; x_wconf 71' lang='grc' dir='ltr'><strong>ἤδη</strong></span> <span class='ocrx_word' id='word_1_169' title='bbox 1222 1664 1397 1723; x_wconf 82' lang='grc' dir='ltr'>εἷπον.</span> <span class='ocrx_word' id='word_1_170' title='bbox 1434 1670 1562 1735; x_wconf 81' lang='grc' dir='ltr'>Υἱὸς</span> <span class='ocrx_word' id='word_1_171' title='bbox 1602 1671 1711 1741; x_wconf 85' lang='grc' dir='ltr'><strong>γὰρ</strong></span> 
     </span>
    </p>
   </div>
   <div class='ocr_carea' id='block_1_25' title="bbox 167 1759 1713 1835">
    <p class='ocr_par' dir='ltr' id='par_1_25' title="bbox 167 1759 1713 1835">
     <span class='ocr_line' id='line_1_25' title="bbox 167 1759 1713 1835; baseline 0.004 -26"><span class='ocrx_word' id='word_1_172' title='bbox 167 1762 211 1811; x_wconf 81' lang='grc' dir='ltr'>ὲν</span> <span class='ocrx_word' id='word_1_173' title='bbox 257 1759 484 1832; x_wconf 81' lang='grc' dir='ltr'>Ἰορδάνῃ</span> <span class='ocrx_word' id='word_1_174' title='bbox 543 1759 757 1831; x_wconf 76' lang='grc' dir='ltr'><strong>ἀληθῶς</strong></span> <span class='ocrx_word' id='word_1_175' title='bbox 796 1760 1188 1833; x_wconf 87' lang='grc' dir='ltr'>παραγίνεται,</span> <span class='ocrx_word' id='word_1_176' title='bbox 1245 1761 1378 1827; x_wconf 75' lang='grc' dir='ltr'>Θεὸς</span> <span class='ocrx_word' id='word_1_177' title='bbox 1426 1761 1713 1835; x_wconf 84' lang='grc' dir='ltr'>ἄνθρωπος</span> 
     </span>
    </p>
   </div>
   <div class='ocr_carea' id='block_1_26' title="bbox 165 1849 1709 1924">
    <p class='ocr_par' dir='ltr' id='par_1_26' title="bbox 165 1849 1709 1924">
     <span class='ocr_line' id='line_1_26' title="bbox 165 1849 1709 1924; baseline 0.005 -24"><span class='ocrx_word' id='word_1_178' title='bbox 165 1849 404 1917; x_wconf 84' lang='grc' dir='ltr'>γεγονὼς,</span> <span class='ocrx_word' id='word_1_179' title='bbox 443 1851 504 1904; x_wconf 79' lang='grc' dir='ltr'>οὐ</span> <span class='ocrx_word' id='word_1_180' title='bbox 545 1850 754 1924; x_wconf 84' lang='grc' dir='ltr'>τροπὴν</span> <span class='ocrx_word' id='word_1_181' title='bbox 787 1851 1062 1916; x_wconf 75' lang='grc' dir='ltr'>ὑποστὰς,</span> <span class='ocrx_word' id='word_1_182' title='bbox 1096 1852 1233 1906; x_wconf 82' lang='grc' dir='ltr'>ἀλλὰ</span> <span class='ocrx_word' id='word_1_183' title='bbox 1280 1853 1463 1924; x_wconf 83' lang='grc' dir='ltr'>σάρκα</span> <span class='ocrx_word' id='word_1_184' title='bbox 1504 1852 1709 1918; x_wconf 80' lang='grc' dir='ltr'>λαϐὼν,</span> 
     </span>
    </p>
   </div>
   <div class='ocr_carea' id='block_1_27' title="bbox 166 1939 1714 2016">
    <p class='ocr_par' dir='ltr' id='par_1_27' title="bbox 166 1939 1714 2016">
     <span class='ocr_line' id='line_1_27' title="bbox 166 1939 1714 2016; baseline 0.005 -24"><span class='ocrx_word' id='word_1_185' title='bbox 166 1940 216 1993; x_wconf 75' lang='grc' dir='ltr'>οὐ</span> <span class='ocrx_word' id='word_1_186' title='bbox 239 1939 318 1993; x_wconf 76' lang='grc' dir='ltr'><strong>διὰ</strong></span> <span class='ocrx_word' id='word_1_187' title='bbox 342 1941 655 2012; x_wconf 84' lang='grc' dir='ltr'>σπέρματος</span> <span class='ocrx_word' id='word_1_188' title='bbox 700 1941 891 2013; x_wconf 79' lang='grc' dir='ltr'>ἀνδρὸς</span> <span class='ocrx_word' id='word_1_189' title='bbox 911 1982 925 2005; x_wconf 89' lang='grc'><strong>,</strong></span> <span class='ocrx_word' id='word_1_190' title='bbox 957 1942 1073 1997; x_wconf 84' lang='grc' dir='ltr'>ἀλλ’</span> <span class='ocrx_word' id='word_1_191' title='bbox 1099 1943 1208 1997; x_wconf 83' lang='grc' dir='ltr'><strong>ἀπὸ</strong></span> <span class='ocrx_word' id='word_1_192' title='bbox 1235 1943 1337 2015; x_wconf 86' lang='grc' dir='ltr'>τῆς</span> <span class='ocrx_word' id='word_1_193' title='bbox 1365 1944 1527 2013; x_wconf 86' lang='grc' dir='ltr'>ἁγίας</span> <span class='ocrx_word' id='word_1_194' title='bbox 1563 1945 1714 2016; x_wconf 87' lang='grc' dir='ltr'>Παρ-</span> 
     </span>
    </p>
   </div>
   <div class='ocr_carea' id='block_1_28' title="bbox 166 2031 1714 2108">
    <p class='ocr_par' dir='ltr' id='par_1_28' title="bbox 166 2031 1714 2108">
     <span class='ocr_line' id='line_1_28' title="bbox 166 2031 1714 2108; baseline 0.005 -26"><span class='ocrx_word' id='word_1_195' title='bbox 166 2031 292 2084; x_wconf 82' lang='grc' dir='ltr'>θένου</span> <span class='ocrx_word' id='word_1_196' title='bbox 320 2033 473 2103; x_wconf 86' lang='grc' dir='ltr'>σῶμα</span> <span class='ocrx_word' id='word_1_197' title='bbox 496 2032 807 2105; x_wconf 83' lang='grc' dir='ltr'>ἀνειληφὼς</span> <span class='ocrx_word' id='word_1_198' title='bbox 826 2074 841 2098; x_wconf 97' lang='grc'><strong>,</strong></span> <span class='ocrx_word' id='word_1_199' title='bbox 883 2034 950 2088; x_wconf 87' lang='grc' dir='ltr'><strong>δι’</strong></span> <span class='ocrx_word' id='word_1_200' title='bbox 978 2035 1135 2105; x_wconf 82' lang='grc' dir='ltr'>ἁγίου</span> <span class='ocrx_word' id='word_1_201' title='bbox 1166 2034 1485 2108; x_wconf 74' lang='grc' dir='ltr'>Πνεῦματος</span> <span class='ocrx_word' id='word_1_202' title='bbox 1517 2035 1714 2106; x_wconf 84' lang='grc' dir='ltr'>συλλη-</span> 
     </span>
    </p>
   </div>
   <div class='ocr_carea' id='block_1_29' title="bbox 170 2123 1715 2201">
    <p class='ocr_par' dir='ltr' id='par_1_29' title="bbox 170 2123 1715 2201">
     <span class='ocr_line' id='line_1_29' title="bbox 170 2123 1715 2201; baseline 0.003 -26"><span class='ocrx_word' id='word_1_203' title='bbox 170 2123 274 2192; x_wconf 66' lang='grc' dir='ltr'>φθὲν</span> <span class='ocrx_word' id='word_1_204' title='bbox 298 2124 446 2196; x_wconf 83' lang='grc' dir='ltr'>σῶμα</span> <span class='ocrx_word' id='word_1_205' title='bbox 478 2125 718 2191; x_wconf 84' lang='grc' dir='ltr'>τέλειον,</span> <span class='ocrx_word' id='word_1_206' title='bbox 756 2126 1034 2181; x_wconf 82' lang='grc' dir='ltr'>τουτέστιν</span> <span class='ocrx_word' id='word_1_207' title='bbox 1061 2127 1347 2201; x_wconf 75' lang='grc' dir='ltr'>ἄνθρωπον</span> <span class='ocrx_word' id='word_1_208' title='bbox 1376 2127 1585 2183; x_wconf 84' lang='grc' dir='ltr'>τέλειον</span> <span class='ocrx_word' id='word_1_209' title='bbox 1610 2127 1715 2200; x_wconf 73' lang='grc' dir='ltr'><strong>ψυ-</strong></span> 
     </span>
    </p>
   </div>
   <div class='ocr_carea' id='block_1_30' title="bbox 170 2214 1715 2293">
    <p class='ocr_par' dir='ltr' id='par_1_30' title="bbox 170 2214 1715 2293">
     <span class='ocr_line' id='line_1_30' title="bbox 170 2214 1715 2293; baseline 0.001 -22"><span class='ocrx_word' id='word_1_210' title='bbox 170 2218 220 2287; x_wconf 71' lang='grc' dir='ltr'>χῇ</span> <span class='ocrx_word' id='word_1_211' title='bbox 244 2217 327 2272; x_wconf 77' lang='grc' dir='ltr'><strong>καὶ</strong></span> <span class='ocrx_word' id='word_1_212' title='bbox 358 2217 589 2289; x_wconf 85' lang='grc' dir='ltr'>σώματι.</span> <span class='ocrx_word' id='word_1_213' title='bbox 624 2218 853 2288; x_wconf 79' lang='grc' dir='ltr'>Γέγονεν</span> <span class='ocrx_word' id='word_1_214' title='bbox 893 2214 987 2273; x_wconf 86' lang='grc' dir='ltr'><strong>οῦν</strong></span> <span class='ocrx_word' id='word_1_215' title='bbox 1019 2219 1049 2272; x_wconf 84' lang='grc' dir='ltr'><strong>ό</strong></span> <span class='ocrx_word' id='word_1_216' title='bbox 1107 2219 1240 2283; x_wconf 82' lang='grc' dir='ltr'><strong>Θεὸς</strong></span> <span class='ocrx_word' id='word_1_217' title='bbox 1285 2221 1383 2293; x_wconf 74' lang='grc' dir='ltr'>καὶ</span> <span class='ocrx_word' id='word_1_218' title='bbox 1425 2219 1715 2292; x_wconf 84' lang='grc' dir='ltr'>ἄνθρωπος</span> 
     </span>
    </p>
   </div>
   <div class='ocr_carea' id='block_1_31' title="bbox 173 2304 1715 2385">
    <p class='ocr_par' dir='ltr' id='par_1_31' title="bbox 173 2304 1715 2385">
     <span class='ocr_line' id='line_1_31' title="bbox 173 2304 1715 2385; baseline 0.004 -28"><span class='ocrx_word' id='word_1_219' title='bbox 173 2306 279 2377; x_wconf 67' lang='grc' dir='ltr'>πρὸς</span> <span class='ocrx_word' id='word_1_220' title='bbox 334 2308 583 2380; x_wconf 83' lang='grc' dir='ltr'>Ἰωάννην</span> <span class='ocrx_word' id='word_1_221' title='bbox 641 2310 701 2362; x_wconf 84' lang='grc' dir='ltr'>ὲν</span> <span class='ocrx_word' id='word_1_222' title='bbox 770 2309 850 2382; x_wconf 78' lang='grc' dir='ltr'><strong>τῷ</strong></span> <span class='ocrx_word' id='word_1_223' title='bbox 912 2309 1186 2385; x_wconf 78' lang='grc' dir='ltr'>Ἰορδάνῃ,</span> <span class='ocrx_word' id='word_1_224' title='bbox 1234 2304 1316 2374; x_wconf 74' lang='grc' dir='ltr'><strong>εἷς</strong></span> <span class='ocrx_word' id='word_1_225' title='bbox 1370 2309 1445 2365; x_wconf 85' lang='grc' dir='ltr'>ὢν</span> <span class='ocrx_word' id='word_1_226' title='bbox 1481 2310 1510 2364; x_wconf 83' lang='grc' dir='ltr'>ὁ</span> <span class='ocrx_word' id='word_1_227' title='bbox 1550 2309 1715 2372; x_wconf 83' lang='grc' dir='ltr'>αὐτὸς</span> 
     </span>
    </p>
   </div>
   <div class='ocr_carea' id='block_1_32' title="bbox 173 2398 1714 2475">
    <p class='ocr_par' dir='ltr' id='par_1_32' title="bbox 173 2398 1714 2475">
     <span class='ocr_line' id='line_1_32' title="bbox 173 2398 1714 2475; baseline 0.005 -26"><span class='ocrx_word' id='word_1_228' title='bbox 173 2398 272 2463; x_wconf 72' lang='grc' dir='ltr'>Υἱὸς</span> <span class='ocrx_word' id='word_1_229' title='bbox 315 2401 403 2455; x_wconf 81' lang='grc' dir='ltr'><strong>καὶ</strong></span> <span class='ocrx_word' id='word_1_230' title='bbox 451 2401 690 2473; x_wconf 78' lang='grc' dir='ltr'>Χριστὸς</span> <span class='ocrx_word' id='word_1_231' title='bbox 748 2402 843 2457; x_wconf 78' lang='grc' dir='ltr'>καὶ</span> <span class='ocrx_word' id='word_1_232' title='bbox 894 2402 1121 2475; x_wconf 83' lang='grc' dir='ltr'>Κύριος.</span> <span class='ocrx_word' id='word_1_233' title='bbox 1163 2404 1353 2475; x_wconf 79' lang='grc' dir='ltr'>Πατὴρ</span> <span class='ocrx_word' id='word_1_234' title='bbox 1401 2403 1459 2457; x_wconf 86' lang='grc' dir='ltr'>δὲ</span> <span class='ocrx_word' id='word_1_235' title='bbox 1507 2402 1714 2458; x_wconf 81' lang='grc' dir='ltr'>ἄνωθεν</span> 
     </span>
    </p>
   </div>
   <div class='ocr_carea' id='block_1_33' title="bbox 174 2490 1710 2585">
    <p class='ocr_par' dir='ltr' id='par_1_33' title="bbox 174 2490 1710 2585">
     <span class='ocr_line' id='line_1_33' title="bbox 174 2490 1710 2585; baseline 0.003 -41"><span class='ocrx_word' id='word_1_236' title='bbox 174 2490 279 2562; x_wconf 78' lang='grc' dir='ltr'>βοᾷ,</span> <span class='ocrx_word' id='word_1_237' title='bbox 306 2492 585 2565; x_wconf 81' lang='grc' dir='ltr'>μαρτυρῶν</span> <span class='ocrx_word' id='word_1_238' title='bbox 611 2492 690 2565; x_wconf 84' lang='grc' dir='ltr'>τῷ</span> <span class='ocrx_word' id='word_1_239' title='bbox 716 2493 827 2566; x_wconf 81' lang='grc' dir='ltr'><strong>Υἱῷ</strong></span> <span class='ocrx_word' id='word_1_240' title='bbox 856 2494 934 2567; x_wconf 80' lang='grc' dir='ltr'><strong>τῷ</strong></span> <span class='ocrx_word' id='word_1_241' title='bbox 961 2498 1018 2549; x_wconf 83' lang='grc' dir='ltr'>ἐν</span> <span class='ocrx_word' id='word_1_242' title='bbox 1043 2494 1121 2566; x_wconf 85' lang='grc' dir='ltr'>τῷ</span> <span class='ocrx_word' id='word_1_243' title='bbox 1167 2495 1407 2568; x_wconf 73' lang='grc' dir='ltr'>Ἰορδάνῃ</span> <span class='ocrx_word' id='word_1_244' title='bbox 1438 2495 1710 2585; x_wconf 67' lang='grc' dir='ltr'>γεγονόεν</span> 
     </span>
    </p>
   </div>
   <div class='ocr_carea' id='block_1_34' title="bbox 179 2580 1715 2660">
    <p class='ocr_par' dir='ltr' id='par_1_34' title="bbox 179 2580 1715 2660">
     <span class='ocr_line' id='line_1_34' title="bbox 179 2580 1715 2660; baseline 0.006 -26"><span class='ocrx_word' id='word_1_245' title='bbox 179 2580 329 2651; x_wconf 79' lang='grc' dir='ltr'>Οὗτός</span> <span class='ocrx_word' id='word_1_246' title='bbox 355 2586 519 2641; x_wconf 77' lang='grc' dir='ltr'>ἐστιν</span> <span class='ocrx_word' id='word_1_247' title='bbox 555 2589 590 2642; x_wconf 85' lang='grc' dir='ltr'><strong>ό</strong></span> <span class='ocrx_word' id='word_1_248' title='bbox 627 2587 765 2656; x_wconf 85' lang='grc' dir='ltr'>Υιός</span> <span class='ocrx_word' id='word_1_249' title='bbox 785 2606 906 2659; x_wconf 79' lang='grc' dir='ltr'><strong>μου</strong></span> <span class='ocrx_word' id='word_1_250' title='bbox 938 2591 973 2643; x_wconf 83' lang='grc' dir='ltr'><em>ὁ</em></span> <span class='ocrx_word' id='word_1_251' title='bbox 998 2589 1322 2660; x_wconf 80' lang='grc' dir='ltr'>ἀγαπητός.</span> <span class='ocrx_word' id='word_1_252' title='bbox 1365 2589 1438 2645; x_wconf 86' lang='grc' dir='ltr'><strong>Τὸ</strong></span> <span class='ocrx_word' id='word_1_253' title='bbox 1468 2589 1524 2645; x_wconf 82' lang='grc' dir='ltr'>δὲ</span> <span class='ocrx_word' id='word_1_254' title='bbox 1558 2580 1715 2658; x_wconf 74' lang='grc' dir='ltr'>ἅγιον</span> 
     </span>
    </p>
   </div>
   <div class='ocr_carea' id='block_1_35' title="bbox 180 2672 1714 2758">
    <p class='ocr_par' dir='ltr' id='par_1_35' title="bbox 180 2672 1714 2758">
     <span class='ocr_line' id='line_1_35' title="bbox 180 2672 1714 2758; baseline 0.007 -33"><span class='ocrx_word' id='word_1_255' title='bbox 180 2672 361 2758; x_wconf 67' lang='grc' dir='ltr'>Πνξῦμα</span> <span class='ocrx_word' id='word_1_256' title='bbox 390 2678 444 2731; x_wconf 77' lang='grc' dir='ltr'><strong>εν</strong></span> <span class='ocrx_word' id='word_1_257' title='bbox 493 2678 623 2732; x_wconf 74' lang='grc' dir='ltr'>εῖδει</span> <span class='ocrx_word' id='word_1_258' title='bbox 672 2681 999 2752; x_wconf 80' lang='grc' dir='ltr'>περιστερᾶς</span> <span class='ocrx_word' id='word_1_259' title='bbox 1058 2682 1379 2736; x_wconf 77' lang='grc' dir='ltr'>κατέϐαινεν</span> <span class='ocrx_word' id='word_1_260' title='bbox 1429 2683 1516 2736; x_wconf 76' lang='grc' dir='ltr'><strong>ἐπ’</strong></span> <span class='ocrx_word' id='word_1_261' title='bbox 1548 2681 1714 2736; x_wconf 81' lang='grc' dir='ltr'>αὑτὸν</span> 
     </span>
    </p>
   </div>
   <div class='ocr_carea' id='block_1_36' title="bbox 183 2764 1715 2845">
    <p class='ocr_par' dir='ltr' id='par_1_36' title="bbox 183 2764 1715 2845">
     <span class='ocr_line' id='line_1_36' title="bbox 183 2764 1715 2845; baseline 0.01 -32"><span class='ocrx_word' id='word_1_262' title='bbox 183 2764 241 2825; x_wconf 74' lang='lat' dir='ltr'><strong>si;</strong></span> <span class='ocrx_word' id='word_1_263' title='bbox 270 2766 328 2817; x_wconf 63' lang='grc' dir='ltr'>τὰ</span> <span class='ocrx_word' id='word_1_264' title='bbox 350 2764 506 2820; x_wconf 77' lang='grc' dir='ltr'>ὕδατα</span> <span class='ocrx_word' id='word_1_265' title='bbox 532 2768 940 2841; x_wconf 84' lang='grc' dir='ltr'>κατεληλυθότα</span> <span class='ocrx_word' id='word_1_266' title='bbox 972 2772 1012 2840; x_wconf 88' lang='grc'>¹,</span> <span class='ocrx_word' id='word_1_267' title='bbox 1055 2772 1145 2827; x_wconf 75' lang='grc' dir='ltr'><strong>ἵνα</strong></span> <span class='ocrx_word' id='word_1_268' title='bbox 1170 2772 1386 2845; x_wconf 77' lang='grc' dir='ltr'>καθαρὰ</span> <span class='ocrx_word' id='word_1_269' title='bbox 1413 2773 1552 2829; x_wconf 84' lang='grc' dir='ltr'>αὐτὰ</span> <span class='ocrx_word' id='word_1_270' title='bbox 1580 2774 1715 2828; x_wconf 83' lang='grc' dir='ltr'>ἀπο-</span> 
     </span>
    </p>
   </div>
   <div class='ocr_carea' id='block_1_37' title="bbox 184 2851 1716 2936">
    <p class='ocr_par' dir='ltr' id='par_1_37' title="bbox 184 2851 1716 2936">
     <span class='ocr_line' id='line_1_37' title="bbox 184 2851 1716 2936; baseline 0.008 -30"><span class='ocrx_word' id='word_1_271' title='bbox 184 2851 296 2926; x_wconf 74' lang='grc' dir='ltr'>δείξῃ</span> <span class='ocrx_word' id='word_1_272' title='bbox 324 2856 425 2925; x_wconf 74' lang='grc'><strong>(25)</strong></span> <span class='ocrx_word' id='word_1_273' title='bbox 446 2897 461 2922; x_wconf 94' lang='grc'><strong>,</strong></span> <span class='ocrx_word' id='word_1_274' title='bbox 491 2858 684 2914; x_wconf 75' lang='grc' dir='ltr'>ἕνεκεν</span> <span class='ocrx_word' id='word_1_275' title='bbox 712 2861 821 2914; x_wconf 88' lang='grc' dir='ltr'><strong>τῶν</strong></span> <span class='ocrx_word' id='word_1_276' title='bbox 849 2861 1152 2932; x_wconf 82' lang='grc' dir='ltr'>μελλόντων</span> <span class='ocrx_word' id='word_1_277' title='bbox 1182 2864 1262 2928; x_wconf 89' lang='grc' dir='ltr'><strong>είς</strong></span> <span class='ocrx_word' id='word_1_278' title='bbox 1301 2864 1472 2935; x_wconf 77' lang='grc' dir='ltr'>ὄνομα</span> <span class='ocrx_word' id='word_1_279' title='bbox 1498 2864 1716 2936; x_wconf 82' lang='grc' dir='ltr'>Πατρδς</span> 
     </span>
    </p>
   </div>
   <div class='ocr_carea' id='block_1_38' title="bbox 186 2942 1715 3020">
    <p class='ocr_par' dir='ltr' id='par_1_38' title="bbox 186 2942 1715 3020">
     <span class='ocr_line' id='line_1_38' title="bbox 186 2942 1715 3020; baseline 0.009 -27"><span class='ocrx_word' id='word_1_280' title='bbox 186 2942 258 2993; x_wconf 75' lang='grc' dir='ltr'><strong>καὶ</strong></span> <span class='ocrx_word' id='word_1_281' title='bbox 282 2943 392 2998; x_wconf 82' lang='grc' dir='ltr'>Υίοῦ</span> <span class='ocrx_word' id='word_1_282' title='bbox 417 2947 506 2999; x_wconf 77' lang='grc' dir='ltr'><strong>καὶ</strong></span> <span class='ocrx_word' id='word_1_283' title='bbox 534 2947 696 3016; x_wconf 84' lang='grc' dir='ltr'>ἁγίου</span> <span class='ocrx_word' id='word_1_284' title='bbox 728 2947 1048 3020; x_wconf 84' lang='grc' dir='ltr'>Πνεύματος</span> <span class='ocrx_word' id='word_1_285' title='bbox 1086 2947 1477 3020; x_wconf 80' lang='grc' dir='ltr'>βαπτίζεσθαι·</span> <span class='ocrx_word' id='word_1_286' title='bbox 1506 2954 1621 3016; x_wconf 78' lang='grc' dir='ltr'>τοῖς</span> <span class='ocrx_word' id='word_1_287' title='bbox 1656 2952 1715 3006; x_wconf 76' lang='grc' dir='ltr'>δι</span> 
     </span>
    </p>
   </div>
   <div class='ocr_carea' id='block_1_39' title="bbox 197 3032 1714 3116">
    <p class='ocr_par' dir='ltr' id='par_1_39' title="bbox 197 3032 1714 3116">
     <span class='ocr_line' id='line_1_39' title="bbox 197 3032 1714 3116; baseline -0.004 -14"><span class='ocrx_word' id='word_1_288' title='bbox 197 3032 439 3105; x_wconf 71' lang='grc' dir='ltr'>Ἀρειανοῖς</span> <span class='ocrx_word' id='word_1_289' title='bbox 483 3039 622 3110; x_wconf 74' lang='grc' dir='ltr'>μετὰ</span> <span class='ocrx_word' id='word_1_290' title='bbox 655 3039 765 3095; x_wconf 85' lang='grc' dir='ltr'><strong>τῶν</strong></span> <span class='ocrx_word' id='word_1_291' title='bbox 799 3038 1201 3112; x_wconf 84' lang='grc' dir='ltr'>προλεχθεισῶν</span> <span class='ocrx_word' id='word_1_292' title='bbox 1228 3042 1341 3114; x_wconf 69' lang='lat'><strong>(26)</strong></span> <span class='ocrx_word' id='word_1_293' title='bbox 1383 3043 1608 3116; x_wconf 73' lang='grc' dir='ltr'>ἀρκέσει</span> <span class='ocrx_word' id='word_1_294' title='bbox 1635 3043 1714 3116; x_wconf 79' lang='grc' dir='ltr'>τῷ</span> 
     </span>
    </p>
   </div>
   <div class='ocr_carea' id='block_1_40' title="bbox 194 3124 1715 3209">
    <p class='ocr_par' dir='ltr' id='par_1_40' title="bbox 194 3124 1715 3209">
     <span class='ocr_line' id='line_1_40' title="bbox 194 3124 1715 3209; baseline 0.011 -32"><span class='ocrx_word' id='word_1_295' title='bbox 194 3124 326 3181; x_wconf 81' lang='grc' dir='ltr'>εἰπεῖν</span> <span class='ocrx_word' id='word_1_296' title='bbox 354 3128 434 3182; x_wconf 80' lang='grc' dir='ltr'>τὸν</span> <span class='ocrx_word' id='word_1_297' title='bbox 467 3131 594 3187; x_wconf 84' lang='grc' dir='ltr'>Υίόν</span> <span class='ocrx_word' id='word_1_298' title='bbox 620 3148 636 3164; x_wconf 89' lang='grc'><strong>·</strong></span> <span class='ocrx_word' id='word_1_299' title='bbox 685 3132 827 3205; x_wconf 80' lang='grc' dir='ltr'><strong>Ἐγὼ</strong></span> <span class='ocrx_word' id='word_1_300' title='bbox 855 3133 925 3188; x_wconf 81' lang='grc' dir='ltr'>ἐν</span> <span class='ocrx_word' id='word_1_301' title='bbox 964 3133 1047 3202; x_wconf 85' lang='grc' dir='ltr'>τῷ</span> <span class='ocrx_word' id='word_1_302' title='bbox 1076 3134 1279 3209; x_wconf 66' lang='lat' dir='ltr'><strong>Harp},</strong></span> <span class='ocrx_word' id='word_1_303' title='bbox 1306 3136 1404 3193; x_wconf 78' lang='grc' dir='ltr'><strong>καί</strong></span> <span class='ocrx_word' id='word_1_304' title='bbox 1444 3140 1478 3191; x_wconf 86' lang='grc' dir='ltr'><strong>ό</strong></span> <span class='ocrx_word' id='word_1_305' title='bbox 1509 3136 1715 3207; x_wconf 74' lang='grc' dir='ltr'>Πατὴρ</span> 
     </span>
    </p>
   </div>
   <div class='ocr_carea' id='block_1_41' title="bbox 194 3209 1785 3297">
    <p class='ocr_par' dir='ltr' id='par_1_41' title="bbox 194 3209 1785 3297">
     <span class='ocr_line' id='line_1_41' title="bbox 194 3209 1785 3297; baseline 0.009 -30"><span class='ocrx_word' id='word_1_306' title='bbox 194 3219 245 3267; x_wconf 73' lang='grc' dir='ltr'>ἐν</span> <span class='ocrx_word' id='word_1_307' title='bbox 270 3215 403 3285; x_wconf 78' lang='grc' dir='ltr'>ἐμοί’</span> <span class='ocrx_word' id='word_1_308' title='bbox 450 3219 675 3294; x_wconf 76' lang='grc' dir='ltr'>ἰσότητα</span> <span class='ocrx_word' id='word_1_309' title='bbox 720 3221 830 3294; x_wconf 77' lang='grc' dir='ltr'><strong>γὰρ</strong></span> <span class='ocrx_word' id='word_1_310' title='bbox 876 3221 1113 3279; x_wconf 78' lang='grc' dir='ltr'>ἐνταῦθα</span> <span class='ocrx_word' id='word_1_311' title='bbox 1154 3223 1291 3296; x_wconf 81' lang='grc' dir='ltr'>πρὸς</span> <span class='ocrx_word' id='word_1_312' title='bbox 1334 3225 1556 3297; x_wconf 81' lang='grc' dir='ltr'>Πατέρα</span> <span class='ocrx_word' id='word_1_313' title='bbox 1607 3227 1714 3280; x_wconf 79' lang='grc' dir='ltr'><strong>ἀπ·</strong></span> <span class='ocrx_word' id='word_1_314' title='bbox 1741 3209 1785 3267; x_wconf 66' lang='grc' dir='ltr'><strong>(ἶ</strong></span> 
     </span>
    </p>
   </div>
   <div class='ocr_carea' id='block_1_42' title="bbox 197 3303 1714 3387">
    <p class='ocr_par' dir='ltr' id='par_1_42' title="bbox 197 3303 1714 3387">
     <span class='ocr_line' id='line_1_42' title="bbox 197 3303 1714 3387; baseline 0.003 -24"><span class='ocrx_word' id='word_1_315' title='bbox 197 3303 324 3370; x_wconf 62' lang='grc' dir='ltr'>έδειξῑ</span> <span class='ocrx_word' id='word_1_316' title='bbox 356 3312 435 3365; x_wconf 78' lang='grc' dir='ltr'><strong>καὶ</strong></span> <span class='ocrx_word' id='word_1_317' title='bbox 458 3310 816 3385; x_wconf 76' lang='grc' dir='ltr'>γνησιότητα.</span> <span class='ocrx_word' id='word_1_318' title='bbox 847 3310 972 3377; x_wconf 84' lang='grc' dir='ltr'>Τοῖς</span> <span class='ocrx_word' id='word_1_319' title='bbox 997 3313 1245 3383; x_wconf 75' lang='grc' dir='ltr'>ἐκγόνοις</span> <span class='ocrx_word' id='word_1_320' title='bbox 1272 3313 1382 3367; x_wconf 84' lang='grc' dir='ltr'><strong>τῶν</strong></span> <span class='ocrx_word' id='word_1_321' title='bbox 1419 3314 1714 3387; x_wconf 77' lang='grc' dir='ltr'>’Δρειανῶν</span> 
     </span>
    </p>
   </div>
   <div class='ocr_carea' id='block_1_43' title="bbox 204 3397 1715 3478">
    <p class='ocr_par' dir='ltr' id='par_1_43' title="bbox 204 3397 1715 3478">
     <span class='ocr_line' id='line_1_43' title="bbox 204 3397 1715 3478; baseline 0.003 -21"><span class='ocrx_word' id='word_1_322' title='bbox 204 3397 289 3457; x_wconf 73' lang='grc' dir='ltr'><strong>τοῖς</strong></span> <span class='ocrx_word' id='word_1_323' title='bbox 323 3401 370 3452; x_wconf 58' lang='grc' dir='ltr'>τὸ</span> <span class='ocrx_word' id='word_1_324' title='bbox 390 3404 523 3473; x_wconf 73' lang='grc' dir='ltr'>ἆγιον</span> <span class='ocrx_word' id='word_1_325' title='bbox 553 3403 787 3476; x_wconf 82' lang='grc' dir='ltr'>Πνεῦμα</span> <span class='ocrx_word' id='word_1_326' title='bbox 830 3404 1211 3477; x_wconf 81' lang='grc' dir='ltr'>βλασφημοῦσι</span> <span class='ocrx_word' id='word_1_327' title='bbox 1234 3448 1247 3474; x_wconf 88' lang='grc'><strong>,</strong></span> <span class='ocrx_word' id='word_1_328' title='bbox 1298 3407 1591 3478; x_wconf 85' lang='grc' dir='ltr'>ἀρκέσουσι</span> <span class='ocrx_word' id='word_1_329' title='bbox 1622 3406 1715 3462; x_wconf 83' lang='grc' dir='ltr'>δύο</span> 
     </span>
    </p>
   </div>
   <div class='ocr_carea' id='block_1_44' title="bbox 213 3493 1716 3571">
    <p class='ocr_par' dir='ltr' id='par_1_44' title="bbox 213 3493 1716 3571">
     <span class='ocr_line' id='line_1_44' title="bbox 213 3493 1716 3571; baseline 0.006 -26"><span class='ocrx_word' id='word_1_330' title='bbox 213 3493 435 3562; x_wconf 74' lang='grc' dir='ltr'>μαρτυρίαι</span> <span class='ocrx_word' id='word_1_331' title='bbox 474 3499 530 3551; x_wconf 77' lang='grc' dir='ltr'>αἱ</span> <span class='ocrx_word' id='word_1_332' title='bbox 570 3496 678 3570; x_wconf 73' lang='grc' dir='ltr'><strong>ἤδη</strong></span> <span class='ocrx_word' id='word_1_333' title='bbox 736 3498 1138 3570; x_wconf 84' lang='grc' dir='ltr'>προτεταμέναι</span> <span class='ocrx_word' id='word_1_334' title='bbox 1205 3498 1348 3571; x_wconf 88' lang='grc' dir='ltr'>μετά</span> <span class='ocrx_word' id='word_1_335' title='bbox 1396 3498 1497 3564; x_wconf 84' lang='grc' dir='ltr'>τὰς</span> <span class='ocrx_word' id='word_1_336' title='bbox 1548 3498 1716 3566; x_wconf 80' lang='grc' dir='ltr'>ἄλλας</span> 
     </span>
    </p>
   </div>
   <div class='ocr_carea' id='block_1_45' title="bbox 209 3583 1713 3662">
    <p class='ocr_par' dir='ltr' id='par_1_45' title="bbox 209 3583 1713 3662">
     <span class='ocr_line' id='line_1_45' title="bbox 209 3583 1713 3662; baseline 0.004 -23"><span class='ocrx_word' id='word_1_337' title='bbox 209 3583 465 3650; x_wconf 57' lang='grc' dir='ltr'>μαρτυρίας</span> <span class='ocrx_word' id='word_1_338' title='bbox 514 3589 615 3660; x_wconf 87' lang='grc' dir='ltr'><strong>μία</strong></span> <span class='ocrx_word' id='word_1_339' title='bbox 645 3587 748 3659; x_wconf 78' lang='grc' dir='ltr'>μὲν</span> <span class='ocrx_word' id='word_1_340' title='bbox 772 3588 881 3643; x_wconf 72' lang='grc' dir='ltr'><strong>ἀπὸ</strong></span> <span class='ocrx_word' id='word_1_341' title='bbox 903 3587 999 3642; x_wconf 85' lang='grc' dir='ltr'><strong>τοῦ</strong></span> <span class='ocrx_word' id='word_1_342' title='bbox 1024 3589 1223 3661; x_wconf 82' lang='grc' dir='ltr'>Δανιὴλ</span> <span class='ocrx_word' id='word_1_343' title='bbox 1253 3588 1428 3654; x_wconf 87' lang='grc' dir='ltr'>οῦτως</span> <span class='ocrx_word' id='word_1_344' title='bbox 1473 3589 1672 3662; x_wconf 76' lang='grc' dir='ltr'>ἔχουσα</span> <span class='ocrx_word' id='word_1_345' title='bbox 1697 3608 1713 3624; x_wconf 80' lang='grc'><strong>⁸</strong></span> 
     </span>
    </p>
   </div>
   <div class='ocr_carea' id='block_1_46' title="bbox 215 3667 1716 3753">
    <p class='ocr_par' dir='ltr' id='par_1_46' title="bbox 215 3667 1716 3753">
     <span class='ocr_line' id='line_1_46' title="bbox 215 3667 1716 3753; baseline 0.009 -27"><span class='ocrx_word' id='word_1_346' title='bbox 215 3667 276 3719; x_wconf 79' lang='grc' dir='ltr'>Ἐν</span> <span class='ocrx_word' id='word_1_347' title='bbox 295 3675 345 3742; x_wconf 75' lang='grc' dir='ltr'>τῇ</span> <span class='ocrx_word' id='word_1_348' title='bbox 365 3677 556 3751; x_wconf 84' lang='grc' dir='ltr'>καμίνῳ</span> <span class='ocrx_word' id='word_1_349' title='bbox 573 3680 675 3734; x_wconf 89' lang='grc' dir='ltr'><strong>τοῦ</strong></span> <span class='ocrx_word' id='word_1_350' title='bbox 704 3680 875 3752; x_wconf 77' lang='grc' dir='ltr'>πυρὸς</span> <span class='ocrx_word' id='word_1_351' title='bbox 899 3680 1137 3752; x_wconf 82' lang='grc' dir='ltr'>Σεδρὰχ,</span> <span class='ocrx_word' id='word_1_352' title='bbox 1162 3682 1371 3746; x_wconf 77' lang='grc' dir='ltr'>Μισὰκ,</span> <span class='ocrx_word' id='word_1_353' title='bbox 1409 3681 1716 3753; x_wconf 76' lang='grc' dir='ltr'>Ἀὁδεναγὼ</span> 
     </span>
    </p>
   </div>
   <div class='ocr_carea' id='block_1_47' title="bbox 199 3760 1714 3847">
    <p class='ocr_par' dir='ltr' id='par_1_47' title="bbox 199 3760 1714 3847">
     <span class='ocr_line' id='line_1_47' title="bbox 199 3760 1714 3847; baseline 0.012 -33"><span class='ocrx_word' id='word_1_354' title='bbox 199 3760 415 3832; x_wconf 65' lang='grc' dir='ltr'>αἰνοῦντες</span> <span class='ocrx_word' id='word_1_355' title='bbox 438 3771 519 3826; x_wconf 81' lang='grc' dir='ltr'>τὸν</span> <span class='ocrx_word' id='word_1_356' title='bbox 546 3774 707 3838; x_wconf 80' lang='grc' dir='ltr'>Θεὸν,</span> <span class='ocrx_word' id='word_1_357' title='bbox 735 3773 1319 3847; x_wconf 75' lang='grc' dir='ltr'>συμπεριλαμϐάνουσι</span> <span class='ocrx_word' id='word_1_358' title='bbox 1354 3774 1474 3847; x_wconf 79' lang='grc' dir='ltr'>μεθ’</span> <span class='ocrx_word' id='word_1_359' title='bbox 1505 3778 1714 3833; x_wconf 80' lang='grc' dir='ltr'>ἑαυτῶν</span> 
     </span>
    </p>
   </div>
   <div class='ocr_carea' id='block_1_48' title="bbox 198 3850 1717 3936">
    <p class='ocr_par' dir='ltr' id='par_1_48' title="bbox 198 3850 1717 3936">
     <span class='ocr_line' id='line_1_48' title="bbox 198 3850 1717 3936; baseline 0.003 -17"><span class='ocrx_word' id='word_1_360' title='bbox 198 3850 272 3919; x_wconf 66' lang='grc' dir='ltr'><strong>τὴν</strong></span> <span class='ocrx_word' id='word_1_361' title='bbox 308 3859 458 3915; x_wconf 76' lang='grc' dir='ltr'>πᾶσαν</span> <span class='ocrx_word' id='word_1_362' title='bbox 487 3863 577 3918; x_wconf 92' lang='grc' dir='ltr'><strong>τοῦ</strong></span> <span class='ocrx_word' id='word_1_363' title='bbox 624 3863 764 3918; x_wconf 87' lang='grc' dir='ltr'>Θεοῦ</span> <span class='ocrx_word' id='word_1_364' title='bbox 818 3864 1034 3934; x_wconf 87' lang='grc' dir='ltr'>κτίσιν,</span> <span class='ocrx_word' id='word_1_365' title='bbox 1086 3867 1180 3919; x_wconf 79' lang='grc' dir='ltr'>καὶ</span> <span class='ocrx_word' id='word_1_366' title='bbox 1209 3866 1489 3936; x_wconf 73' lang='grc' dir='ltr'><strong>λέγουσιν⁹</strong></span> <span class='ocrx_word' id='word_1_367' title='bbox 1526 3870 1717 3925; x_wconf 69' lang='grc' dir='ltr'>Εὐλο-</span> 
     </span>
    </p>
   </div>
   <div class='ocr_carea' id='block_1_49' title="bbox 198 3943 1718 4029">
    <p class='ocr_par' dir='ltr' id='par_1_49' title="bbox 198 3943 1718 4029">
     <span class='ocr_line' id='line_1_49' title="bbox 198 3943 1718 4029; baseline 0.013 -33"><span class='ocrx_word' id='word_1_368' title='bbox 198 3943 341 4011; x_wconf 67' lang='grc' dir='ltr'>πῖτε,</span> <span class='ocrx_word' id='word_1_369' title='bbox 383 3952 559 4011; x_wconf 79' lang='grc' dir='ltr'>πάντα</span> <span class='ocrx_word' id='word_1_370' title='bbox 605 3955 683 4011; x_wconf 81' lang='grc' dir='ltr'>τὰ</span> <span class='ocrx_word' id='word_1_371' title='bbox 729 3955 875 4028; x_wconf 78' lang='grc' dir='ltr'>ἔργα</span> <span class='ocrx_word' id='word_1_372' title='bbox 905 3958 1165 4028; x_wconf 85' lang='grc' dir='ltr'>Κυρίου,</span> <span class='ocrx_word' id='word_1_373' title='bbox 1201 3957 1311 4014; x_wconf 80' lang='grc' dir='ltr'><strong>τὸν</strong></span> <span class='ocrx_word' id='word_1_374' title='bbox 1339 3960 1587 4029; x_wconf 75' lang='grc' dir='ltr'>Κύριονο</span> <span class='ocrx_word' id='word_1_375' title='bbox 1621 3960 1718 4015; x_wconf 75' lang='grc' dir='ltr'>καὶ</span> 
     </span>
    </p>
   </div>
   <div class='ocr_carea' id='block_1_50' title="bbox 194 4032 1717 4123">
    <p class='ocr_par' dir='ltr' id='par_1_50' title="bbox 194 4032 1717 4123">
     <span class='ocr_line' id='line_1_50' title="bbox 194 4032 1717 4123; baseline 0.009 -30"><span class='ocrx_word' id='word_1_376' title='bbox 194 4032 446 4111; x_wconf 68' lang='grc' dir='ltr'>ἠρίθμησαν</span> <span class='ocrx_word' id='word_1_377' title='bbox 470 4047 731 4119; x_wconf 75' lang='grc' dir='ltr'>οὐρανοὺς</span> <span class='ocrx_word' id='word_1_378' title='bbox 766 4049 860 4102; x_wconf 76' lang='grc' dir='ltr'>καὶ</span> <span class='ocrx_word' id='word_1_379' title='bbox 888 4048 1175 4119; x_wconf 84' lang='grc' dir='ltr'>ἀγγέλους,</span> <span class='ocrx_word' id='word_1_380' title='bbox 1206 4050 1302 4104; x_wconf 82' lang='grc' dir='ltr'>καὶ</span> <span class='ocrx_word' id='word_1_381' title='bbox 1335 4050 1589 4123; x_wconf 83' lang='grc' dir='ltr'>σελήνην,</span> <span class='ocrx_word' id='word_1_382' title='bbox 1621 4053 1717 4106; x_wconf 78' lang='grc' dir='ltr'>καὶ</span> 
     </span>
    </p>
   </div>
   <div class='ocr_carea' id='block_1_51' title="bbox 192 4123 1718 4212">
    <p class='ocr_par' dir='ltr' id='par_1_51' title="bbox 192 4123 1718 4212">
     <span class='ocr_line' id='line_1_51' title="bbox 192 4123 1718 4212; baseline 0.01 -31"><span class='ocrx_word' id='word_1_383' title='bbox 192 4123 324 4193; x_wconf 80' lang='grc' dir='ltr'>ἥλιον,</span> <span class='ocrx_word' id='word_1_384' title='bbox 351 4134 432 4187; x_wconf 73' lang='grc' dir='ltr'>καὶ</span> <span class='ocrx_word' id='word_1_385' title='bbox 455 4136 729 4212; x_wconf 81' lang='grc' dir='ltr'>δυνάμεις,</span> <span class='ocrx_word' id='word_1_386' title='bbox 759 4138 865 4210; x_wconf 83' lang='grc' dir='ltr'>γῆν</span> <span class='ocrx_word' id='word_1_387' title='bbox 896 4156 953 4193; x_wconf 86' lang='grc' dir='ltr'><strong>τε</strong></span> <span class='ocrx_word' id='word_1_388' title='bbox 981 4141 1076 4195; x_wconf 82' lang='grc' dir='ltr'>καὶ</span> <span class='ocrx_word' id='word_1_389' title='bbox 1091 4139 1387 4207; x_wconf 78' lang='grc' dir='ltr'>θάλασσαν,</span> <span class='ocrx_word' id='word_1_390' title='bbox 1415 4141 1507 4196; x_wconf 77' lang='grc' dir='ltr'><strong>καὶ</strong></span> <span class='ocrx_word' id='word_1_391' title='bbox 1536 4142 1718 4197; x_wconf 80' lang='grc' dir='ltr'>πάντα</span> 
     </span>
    </p>
   </div>
   <div class='ocr_carea' id='block_1_52' title="bbox 194 4214 1717 4305">
    <p class='ocr_par' dir='ltr' id='par_1_52' title="bbox 194 4214 1717 4305">
     <span class='ocr_line' id='line_1_52' title="bbox 194 4214 1717 4305; baseline 0.016 -39"><span class='ocrx_word' id='word_1_392' title='bbox 194 4214 244 4267; x_wconf 72' lang='grc' dir='ltr'>τὲ</span> <span class='ocrx_word' id='word_1_393' title='bbox 263 4219 309 4270; x_wconf 81' lang='grc' dir='ltr'>ὲν</span> <span class='ocrx_word' id='word_1_394' title='bbox 332 4223 492 4291; x_wconf 82' lang='grc' dir='ltr'>αὐτοῖς</span> <span class='ocrx_word' id='word_1_395' title='bbox 514 4269 528 4294; x_wconf 87' lang='grc'><strong>,</strong></span> <span class='ocrx_word' id='word_1_396' title='bbox 563 4231 661 4285; x_wconf 77' lang='grc' dir='ltr'>καὶ</span> <span class='ocrx_word' id='word_1_397' title='bbox 700 4230 939 4301; x_wconf 79' lang='grc' dir='ltr'>οὐδαμοῦ</span> <span class='ocrx_word' id='word_1_398' title='bbox 967 4231 1095 4285; x_wconf 85' lang='grc' dir='ltr'>Υίὸν</span> <span class='ocrx_word' id='word_1_399' title='bbox 1118 4273 1135 4300; x_wconf 88' lang='grc'><strong>,</strong></span> <span class='ocrx_word' id='word_1_400' title='bbox 1169 4233 1265 4289; x_wconf 72' lang='grc' dir='ltr'>καὶ</span> <span class='ocrx_word' id='word_1_401' title='bbox 1307 4234 1467 4302; x_wconf 81' lang='grc' dir='ltr'>ἆγιον</span> <span class='ocrx_word' id='word_1_402' title='bbox 1490 4233 1717 4305; x_wconf 78' lang='grc' dir='ltr'>Πνεῦμα</span> 
     </span>
    </p>
   </div>
   <div class='ocr_carea' id='block_1_53' title="bbox 197 4315 1718 4401">
    <p class='ocr_par' dir='ltr' id='par_1_53' title="bbox 197 4315 1718 4401">
     <span class='ocr_line' id='line_1_53' title="bbox 197 4315 1718 4401; baseline 0.014 -32"><span class='ocrx_word' id='word_1_403' title='bbox 197 4315 540 4401; x_wconf 58' lang='grc' dir='ltr'>ςδνηρίθμησαν</span> <span class='ocrx_word' id='word_1_404' title='bbox 586 4326 712 4387; x_wconf 81' lang='grc' dir='ltr'>ταῖς</span> <span class='ocrx_word' id='word_1_405' title='bbox 769 4325 1002 4381; x_wconf 86' lang='grc' dir='ltr'>κτίσεσι.</span> <span class='ocrx_word' id='word_1_406' title='bbox 1055 4325 1139 4381; x_wconf 87' lang='grc' dir='ltr'><strong>Τὰ</strong></span> <span class='ocrx_word' id='word_1_407' title='bbox 1194 4328 1439 4399; x_wconf 71' lang='grc' dir='ltr'>σεραφὶμ</span> <span class='ocrx_word' id='word_1_408' title='bbox 1502 4327 1718 4401; x_wconf 71' lang='grc' dir='ltr'>ἁγιάζει</span> 
     </span>
    </p>
   </div>
   <div class='ocr_carea' id='block_1_54' title="bbox 196 4397 1719 4493">
    <p class='ocr_par' dir='ltr' id='par_1_54' title="bbox 196 4397 1719 4493">
     <span class='ocr_line' id='line_1_54' title="bbox 196 4397 1719 4493; baseline 0.011 -35"><span class='ocrx_word' id='word_1_409' title='bbox 196 4397 353 4493; x_wconf 61' lang='grc' dir='ltr'>Τριέιδα</span> <span class='ocrx_word' id='word_1_410' title='bbox 377 4408 495 4477; x_wconf 78' lang='grc' dir='ltr'>ἴσως</span> <span class='ocrx_word' id='word_1_411' title='bbox 522 4416 620 4491; x_wconf 75' lang='grc' dir='ltr'><strong>οὐχ</strong></span> <span class='ocrx_word' id='word_1_412' title='bbox 651 4416 797 4484; x_wconf 76' lang='grc' dir='ltr'><strong>ἅπαξ</strong></span> <span class='ocrx_word' id='word_1_413' title='bbox 818 4459 833 4481; x_wconf 87' lang='grc'><strong>,</strong></span> <span class='ocrx_word' id='word_1_414' title='bbox 882 4418 944 4471; x_wconf 81' lang='grc' dir='ltr'>οὐ</span> <span class='ocrx_word' id='word_1_415' title='bbox 989 4418 1070 4482; x_wconf 81' lang='grc' dir='ltr'><strong>δίς</strong></span> <span class='ocrx_word' id='word_1_416' title='bbox 1094 4458 1111 4485; x_wconf 86' lang='grc'><strong>,</strong></span> <span class='ocrx_word' id='word_1_417' title='bbox 1161 4419 1224 4474; x_wconf 81' lang='grc' dir='ltr'>οὐ</span> <span class='ocrx_word' id='word_1_418' title='bbox 1250 4397 1511 4493; x_wconf 79' lang='grc' dir='ltr'>τέταρτον</span> <span class='ocrx_word' id='word_1_419' title='bbox 1533 4397 1561 4489; x_wconf 21' lang='grc' dir='ltr'>,Ἴ</span> <span class='ocrx_word' id='word_1_420' title='bbox 1580 4419 1719 4476; x_wconf 79' lang='grc' dir='ltr'>ἀλλὰ</span> 
     </span>
    </p>
   </div>
   <div class='ocr_carea' id='block_1_55' title="bbox 196 4490 838 4574">
    <p class='ocr_par' dir='ltr' id='par_1_55' title="bbox 196 4490 838 4574">
     <span class='ocr_line' id='line_1_55' title="bbox 196 4490 838 4574; baseline 0.011 -19"><span class='ocrx_word' id='word_1_421' title='bbox 196 4490 285 4555; x_wconf 70' lang='grc' dir='ltr'>τρὶς</span> <span class='ocrx_word' id='word_1_422' title='bbox 305 4495 356 4547; x_wconf 70' lang='grc' dir='ltr'>τὸ</span> <span class='ocrx_word' id='word_1_423' title='bbox 374 4499 552 4571; x_wconf 73' lang='grc' dir='ltr'>’Ἄγιος</span> <span class='ocrx_word' id='word_1_424' title='bbox 583 4505 838 4574; x_wconf 83' lang='grc' dir='ltr'>λέγοντα.</span> 
     </span>
    </p>
   </div>
   <div class='ocr_carea' id='block_1_56' title="bbox 1897 1304 3405 1363">
    <p class='ocr_par' dir='ltr' id='par_1_56' title="bbox 1897 1304 3405 1363">
     <span class='ocr_line' id='line_1_56' title="bbox 1897 1304 3405 1363; baseline 0 -1"><span class='ocrx_word' id='word_1_425' title='bbox 1897 1304 2108 1362; x_wconf 76' lang='lat' dir='ltr'><strong>CXVII.</strong></span> <span class='ocrx_word' id='word_1_426' title='bbox 2153 1304 2351 1361; x_wconf 83' lang='lat' dir='ltr'><strong>Verum</strong></span> <span class='ocrx_word' id='word_1_427' title='bbox 2384 1320 2455 1362; x_wconf 91' lang='lat' dir='ltr'><strong>ne</strong></span> <span class='ocrx_word' id='word_1_428' title='bbox 2489 1304 2556 1361; x_wconf 88' lang='lat' dir='ltr'><strong>ad</strong></span> <span class='ocrx_word' id='word_1_429' title='bbox 2597 1304 2724 1361; x_wconf 91' lang='lat' dir='ltr'><strong>illos</strong></span> <span class='ocrx_word' id='word_1_430' title='bbox 2757 1304 3172 1363; x_wconf 68' lang='lat' dir='ltr'><strong>convincendos</strong></span> <span class='ocrx_word' id='word_1_431' title='bbox 3209 1312 3405 1362; x_wconf 80' lang='lat' dir='ltr'><strong>aucto-</strong></span> 
     </span>
    </p>
   </div>
   <div class='ocr_carea' id='block_1_57' title="bbox 1820 1398 3402 1472">
    <p class='ocr_par' dir='ltr' id='par_1_57' title="bbox 1820 1398 3402 1472">
     <span class='ocr_line' id='line_1_57' title="bbox 1820 1398 3402 1472; baseline 0.004 -20"><span class='ocrx_word' id='word_1_432' title='bbox 1820 1399 2012 1456; x_wconf 85' lang='lat' dir='ltr'><strong>ritates</strong></span> <span class='ocrx_word' id='word_1_433' title='bbox 2042 1414 2108 1459; x_wconf 87' lang='lat' dir='ltr'><strong>ac</strong></span> <span class='ocrx_word' id='word_1_434' title='bbox 2136 1398 2450 1455; x_wconf 87' lang='lat' dir='ltr'><strong>testimonia</strong></span> <span class='ocrx_word' id='word_1_435' title='bbox 2483 1398 2704 1470; x_wconf 76' lang='lat' dir='ltr'><strong>longius</strong></span> <span class='ocrx_word' id='word_1_436' title='bbox 2729 1413 2891 1471; x_wconf 90' lang='lat' dir='ltr'><strong>quam</strong></span> <span class='ocrx_word' id='word_1_437' title='bbox 2927 1413 3028 1469; x_wconf 86' lang='lat' dir='ltr'><strong>par</strong></span> <span class='ocrx_word' id='word_1_438' title='bbox 3058 1406 3144 1455; x_wconf 80' lang='lat' dir='ltr'><strong>est</strong></span> <span class='ocrx_word' id='word_1_439' title='bbox 3177 1400 3402 1472; x_wconf 88' lang='lat' dir='ltr'><strong>scriptis</strong></span> 
     </span>
    </p>
   </div>
   <div class='ocr_carea' id='block_1_58' title="bbox 1817 1488 3404 1562">
    <p class='ocr_par' dir='ltr' id='par_1_58' title="bbox 1817 1488 3404 1562">
     <span class='ocr_line' id='line_1_58' title="bbox 1817 1488 3404 1562; baseline 0.001 -17"><span class='ocrx_word' id='word_1_440' title='bbox 1817 1500 1983 1562; x_wconf 88' lang='lat' dir='ltr'><strong>atque</strong></span> <span class='ocrx_word' id='word_1_441' title='bbox 2010 1497 2320 1546; x_wconf 87' lang='lat' dir='ltr'><strong>atramento</strong></span> <span class='ocrx_word' id='word_1_442' title='bbox 2358 1505 2685 1561; x_wconf 88' lang='lat' dir='ltr'><strong>prosequar,</strong></span> <span class='ocrx_word' id='word_1_443' title='bbox 2716 1505 2785 1544; x_wconf 92' lang='lat' dir='ltr'><strong>ne</strong></span> <span class='ocrx_word' id='word_1_444' title='bbox 2815 1488 2871 1544; x_wconf 91' lang='lat' dir='ltr'><strong>id</strong></span> <span class='ocrx_word' id='word_1_445' title='bbox 2914 1489 3215 1547; x_wconf 89' lang='lat' dir='ltr'><strong>lectoribus</strong></span> <span class='ocrx_word' id='word_1_446' title='bbox 3253 1489 3404 1546; x_wconf 82' lang='lat' dir='ltr'><strong>fasti-</strong></span> 
     </span>
    </p>
   </div>
   <div class='ocr_carea' id='block_1_59' title="bbox 1818 1579 3403 1652">
    <p class='ocr_par' dir='ltr' id='par_1_59' title="bbox 1818 1579 3403 1652">
     <span class='ocr_line' id='line_1_59' title="bbox 1818 1579 3403 1652; baseline 0 -17"><span class='ocrx_word' id='word_1_447' title='bbox 1818 1582 1968 1637; x_wconf 90' lang='lat' dir='ltr'><strong>dium</strong></span> <span class='ocrx_word' id='word_1_448' title='bbox 2011 1581 2248 1638; x_wconf 80' lang='lat' dir='ltr'><strong>ali‘erat:</strong></span> <span class='ocrx_word' id='word_1_449' title='bbox 2290 1579 2554 1638; x_wconf 84' lang='lat' dir='ltr'><strong>adversus</strong></span> <span class='ocrx_word' id='word_1_450' title='bbox 2601 1580 2944 1637; x_wconf 87' lang='lat' dir='ltr'><strong>Sabellianos</strong></span> <span class='ocrx_word' id='word_1_451' title='bbox 2988 1580 3209 1652; x_wconf 85' lang='lat' dir='ltr'><strong>quidem</strong></span> <span class='ocrx_word' id='word_1_452' title='bbox 3259 1583 3403 1638; x_wconf 81' lang='lat' dir='ltr'><strong>inter</strong></span> 
     </span>
    </p>
   </div>
   <div class='ocr_carea' id='block_1_60' title="bbox 1820 1670 3401 1742">
    <p class='ocr_par' dir='ltr' id='par_1_60' title="bbox 1820 1670 3401 1742">
     <span class='ocr_line' id='line_1_60' title="bbox 1820 1670 3401 1742; baseline 0.001 -15"><span class='ocrx_word' id='word_1_453' title='bbox 1820 1674 1927 1727; x_wconf 88' lang='lat' dir='ltr'><strong>alia</strong></span> <span class='ocrx_word' id='word_1_454' title='bbox 1954 1671 2271 1729; x_wconf 88' lang='lat' dir='ltr'><strong>testimonia</strong></span> <span class='ocrx_word' id='word_1_455' title='bbox 2302 1672 2440 1730; x_wconf 86' lang='lat' dir='ltr'><strong>satis</strong></span> <span class='ocrx_word' id='word_1_456' title='bbox 2478 1671 2583 1728; x_wconf 90' lang='lat' dir='ltr'><strong>erit</strong></span> <span class='ocrx_word' id='word_1_457' title='bbox 2625 1670 2781 1738; x_wconf 91' lang='lat' dir='ltr'><strong>illud,</strong></span> <span class='ocrx_word' id='word_1_458' title='bbox 2821 1670 2970 1742; x_wconf 85' lang='lat' dir='ltr'><strong>quod</strong></span> <span class='ocrx_word' id='word_1_459' title='bbox 3008 1671 3077 1726; x_wconf 90' lang='lat' dir='ltr'><strong>ad</strong></span> <span class='ocrx_word' id='word_1_460' title='bbox 3106 1670 3401 1729; x_wconf 84' lang='lat' dir='ltr'><strong>Jordanem</strong></span> 
     </span>
    </p>
   </div>
   <div class='ocr_carea' id='block_1_61' title="bbox 1819 1759 3402 1834">
    <p class='ocr_par' dir='ltr' id='par_1_61' title="bbox 1819 1759 3402 1834">
     <span class='ocr_line' id='line_1_61' title="bbox 1819 1759 3402 1834; baseline 0 -16"><span class='ocrx_word' id='word_1_461' title='bbox 1819 1771 1905 1819; x_wconf 89' lang='lat' dir='ltr'><strong>est</strong></span> <span class='ocrx_word' id='word_1_462' title='bbox 1948 1762 2186 1830; x_wconf 87' lang='lat' dir='ltr'><strong>editum,</strong></span> <span class='ocrx_word' id='word_1_463' title='bbox 2231 1769 2292 1817; x_wconf 92' lang='lat' dir='ltr'><strong>ut</strong></span> <span class='ocrx_word' id='word_1_464' title='bbox 2326 1771 2490 1819; x_wconf 88' lang='lat' dir='ltr'><strong>antea</strong></span> <span class='ocrx_word' id='word_1_465' title='bbox 2534 1760 2670 1816; x_wconf 77' lang='lat' dir='ltr'><strong>dixi.</strong></span> <span class='ocrx_word' id='word_1_466' title='bbox 2719 1760 2933 1834; x_wconf 86' lang='lat' dir='ltr'><strong>Quippe</strong></span> <span class='ocrx_word' id='word_1_467' title='bbox 2973 1759 3147 1820; x_wconf 87' lang='lat' dir='ltr'><strong>Filius</strong></span> <span class='ocrx_word' id='word_1_468' title='bbox 3173 1778 3302 1820; x_wconf 84' lang='lat' dir='ltr'><strong>vere</strong></span> <span class='ocrx_word' id='word_1_469' title='bbox 3333 1764 3402 1819; x_wconf 87' lang='lat' dir='ltr'><strong>ad</strong></span> 
     </span>
    </p>
   </div>
   <div class='ocr_carea' id='block_1_62' title="bbox 1811 1847 3402 1918">
    <p class='ocr_par' dir='ltr' id='par_1_62' title="bbox 1811 1847 3402 1918">
     <span class='ocr_line' id='line_1_62' title="bbox 1811 1847 3402 1918; baseline 0.003 -13"><span class='ocrx_word' id='word_1_470' title='bbox 1811 1847 2107 1906; x_wconf 69' lang='lat' dir='ltr'><strong>Iordanem</strong></span> <span class='ocrx_word' id='word_1_471' title='bbox 2150 1849 2410 1914; x_wconf 88' lang='lat' dir='ltr'><strong>accessit,</strong></span> <span class='ocrx_word' id='word_1_472' title='bbox 2460 1848 2603 1907; x_wconf 84' lang='lat' dir='ltr'><strong>Deus</strong></span> <span class='ocrx_word' id='word_1_473' title='bbox 2653 1849 2817 1904; x_wconf 88' lang='lat' dir='ltr'><strong>homo</strong></span> <span class='ocrx_word' id='word_1_474' title='bbox 2873 1849 3074 1918; x_wconf 83' lang='lat' dir='ltr'><strong>factus,</strong></span> <span class='ocrx_word' id='word_1_475' title='bbox 3112 1852 3232 1909; x_wconf 89' lang='lat' dir='ltr'><strong>sine</strong></span> <span class='ocrx_word' id='word_1_476' title='bbox 3285 1853 3402 1909; x_wconf 85' lang='lat' dir='ltr'><strong>ulla</strong></span> 
     </span>
    </p>
   </div>
   <div class='ocr_carea' id='block_1_63' title="bbox 1813 1939 3402 2015">
    <p class='ocr_par' dir='ltr' id='par_1_63' title="bbox 1813 1939 3402 2015">
     <span class='ocr_line' id='line_1_63' title="bbox 1813 1939 3402 2015; baseline 0.001 -17"><span class='ocrx_word' id='word_1_477' title='bbox 1813 1952 1993 1999; x_wconf 90' lang='lat' dir='ltr'><strong>tamen</strong></span> <span class='ocrx_word' id='word_1_478' title='bbox 2022 1940 2328 1996; x_wconf 89' lang='lat' dir='ltr'><strong>mutatione</strong></span> <span class='ocrx_word' id='word_1_479' title='bbox 2351 1940 2462 2010; x_wconf 90' lang='lat' dir='ltr'><strong>sui,</strong></span> <span class='ocrx_word' id='word_1_480' title='bbox 2488 1939 2585 1997; x_wconf 90' lang='lat' dir='ltr'><strong>sed</strong></span> <span class='ocrx_word' id='word_1_481' title='bbox 2612 1955 2780 1998; x_wconf 85' lang='lat' dir='ltr'><strong>carne</strong></span> <span class='ocrx_word' id='word_1_482' title='bbox 2804 1941 3071 1999; x_wconf 78' lang='lat' dir='ltr'><strong>duntaxat</strong></span> <span class='ocrx_word' id='word_1_483' title='bbox 3094 1951 3402 2015; x_wconf 85' lang='lat' dir='ltr'><strong>assumpta,</strong></span> 
     </span>
    </p>
   </div>
   <div class='ocr_carea' id='block_1_64' title="bbox 1812 2036 3400 2110">
    <p class='ocr_par' dir='ltr' id='par_1_64' title="bbox 1812 2036 3400 2110">
     <span class='ocr_line' id='line_1_64' title="bbox 1812 2036 3400 2110; baseline 0.005 -22"><span class='ocrx_word' id='word_1_484' title='bbox 1812 2049 1937 2095; x_wconf 86' lang='lat' dir='ltr'><strong>eum</strong></span> <span class='ocrx_word' id='word_1_485' title='bbox 1968 2036 2120 2092; x_wconf 82' lang='lat' dir='ltr'><strong>nullo</strong></span> <span class='ocrx_word' id='word_1_486' title='bbox 2143 2037 2304 2107; x_wconf 85' lang='lat' dir='ltr'><strong>plane</strong></span> <span class='ocrx_word' id='word_1_487' title='bbox 2336 2036 2481 2092; x_wconf 83' lang='lat' dir='ltr'><strong>virili</strong></span> <span class='ocrx_word' id='word_1_488' title='bbox 2505 2044 2627 2097; x_wconf 89' lang='lat' dir='ltr'><strong>satu</strong></span> <span class='ocrx_word' id='word_1_489' title='bbox 2658 2037 2927 2108; x_wconf 74' lang='lat' dir='ltr'><strong>genitum,</strong></span> <span class='ocrx_word' id='word_1_490' title='bbox 2955 2037 3052 2095; x_wconf 88' lang='lat' dir='ltr'><strong>sed</strong></span> <span class='ocrx_word' id='word_1_491' title='bbox 3081 2048 3400 2110; x_wconf 78' lang='lat' dir='ltr'><strong>susceptum</strong></span> 
     </span>
    </p>
   </div>
   <div class='ocr_carea' id='block_1_65' title="bbox 1811 2126 3401 2202">
    <p class='ocr_par' dir='ltr' id='par_1_65' title="bbox 1811 2126 3401 2202">
     <span class='ocr_line' id='line_1_65' title="bbox 1811 2126 3401 2202; baseline 0.002 -19"><span class='ocrx_word' id='word_1_492' title='bbox 1811 2142 1843 2183; x_wconf 90' lang='lat' dir='ltr'><strong>e</strong></span> <span class='ocrx_word' id='word_1_493' title='bbox 1873 2126 2043 2183; x_wconf 74' lang='lat' dir='ltr'><strong>Maria</strong></span> <span class='ocrx_word' id='word_1_494' title='bbox 2075 2126 2301 2200; x_wconf 77' lang='lat' dir='ltr'><strong>Virgine</strong></span> <span class='ocrx_word' id='word_1_495' title='bbox 2329 2128 2603 2202; x_wconf 80' lang='lat' dir='ltr'><strong>integrum</strong></span> <span class='ocrx_word' id='word_1_496' title='bbox 2635 2142 2838 2199; x_wconf 91' lang='lat' dir='ltr'><strong>corpus</strong></span> <span class='ocrx_word' id='word_1_497' title='bbox 2866 2129 3132 2199; x_wconf 88' lang='lat' dir='ltr'><strong>induerit,</strong></span> <span class='ocrx_word' id='word_1_498' title='bbox 3167 2131 3271 2187; x_wconf 88' lang='lat' dir='ltr'><strong>hoc</strong></span> <span class='ocrx_word' id='word_1_499' title='bbox 3292 2140 3401 2198; x_wconf 90' lang='lat' dir='ltr'><strong>est,</strong></span> 
     </span>
    </p>
   </div>
   <div class='ocr_carea' id='block_1_66' title="bbox 1814 2218 3406 2291">
    <p class='ocr_par' dir='ltr' id='par_1_66' title="bbox 1814 2218 3406 2291">
     <span class='ocr_line' id='line_1_66' title="bbox 1814 2218 3406 2291; baseline 0.004 -19"><span class='ocrx_word' id='word_1_500' title='bbox 1814 2218 2094 2275; x_wconf 80' lang='lat' dir='ltr'><strong>hominem</strong></span> <span class='ocrx_word' id='word_1_501' title='bbox 2135 2235 2167 2277; x_wconf 75' lang='grc' dir='ltr'><strong>ιι</strong></span> <span class='ocrx_word' id='word_1_502' title='bbox 2202 2233 2434 2291; x_wconf 88' lang='lat' dir='ltr'><strong>corpore</strong></span> <span class='ocrx_word' id='word_1_503' title='bbox 2489 2220 2785 2290; x_wconf 85' lang='lat' dir='ltr'><strong>animaque</strong></span> <span class='ocrx_word' id='word_1_504' title='bbox 2837 2218 3162 2289; x_wconf 78' lang='lat' dir='ltr'><strong>perfectum.</strong></span> <span class='ocrx_word' id='word_1_505' title='bbox 3220 2219 3406 2287; x_wconf 84' lang='lat' dir='ltr'><strong>Quare</strong></span> 
     </span>
    </p>
   </div>
   <div class='ocr_carea' id='block_1_67' title="bbox 1814 2308 3403 2382">
    <p class='ocr_par' dir='ltr' id='par_1_67' title="bbox 1814 2308 3403 2382">
     <span class='ocr_line' id='line_1_67' title="bbox 1814 2308 3403 2382; baseline -0.001 -15"><span class='ocrx_word' id='word_1_506' title='bbox 1814 2308 1960 2367; x_wconf 87' lang='lat' dir='ltr'><strong>Deus</strong></span> <span class='ocrx_word' id='word_1_507' title='bbox 1993 2309 2134 2366; x_wconf 81' lang='lat' dir='ltr'><strong>idem</strong></span> <span class='ocrx_word' id='word_1_508' title='bbox 2173 2318 2228 2367; x_wconf 89' lang='lat' dir='ltr'><strong>et</strong></span> <span class='ocrx_word' id='word_1_509' title='bbox 2259 2310 2444 2376; x_wconf 87' lang='lat' dir='ltr'><strong>homo,</strong></span> <span class='ocrx_word' id='word_1_510' title='bbox 2477 2326 2643 2378; x_wconf 89' lang='lat' dir='ltr'><strong>unus,</strong></span> <span class='ocrx_word' id='word_1_511' title='bbox 2681 2309 2928 2382; x_wconf 87' lang='lat' dir='ltr'><strong>inquam,</strong></span> <span class='ocrx_word' id='word_1_512' title='bbox 2971 2317 3025 2364; x_wconf 86' lang='lat' dir='ltr'><strong>et</strong></span> <span class='ocrx_word' id='word_1_513' title='bbox 3055 2309 3196 2365; x_wconf 89' lang='lat' dir='ltr'><strong>idem</strong></span> <span class='ocrx_word' id='word_1_514' title='bbox 3229 2308 3403 2366; x_wconf 87' lang='lat' dir='ltr'><strong>Filius</strong></span> 
     </span>
    </p>
   </div>
   <div class='ocr_carea' id='block_1_68' title="bbox 1816 2398 3404 2461">
    <p class='ocr_par' dir='ltr' id='par_1_68' title="bbox 1816 2398 3404 2461">
     <span class='ocr_line' id='line_1_68' title="bbox 1816 2398 3404 2461; baseline 0 -5"><span class='ocrx_word' id='word_1_515' title='bbox 1816 2416 1881 2459; x_wconf 87' lang='lat' dir='ltr'><strong>ac</strong></span> <span class='ocrx_word' id='word_1_516' title='bbox 1920 2402 2177 2461; x_wconf 83' lang='lat' dir='ltr'><strong>Christus</strong></span> <span class='ocrx_word' id='word_1_517' title='bbox 2215 2410 2271 2460; x_wconf 90' lang='lat' dir='ltr'><strong>et</strong></span> <span class='ocrx_word' id='word_1_518' title='bbox 2308 2402 2571 2460; x_wconf 87' lang='lat' dir='ltr'><strong>Dominus</strong></span> <span class='ocrx_word' id='word_1_519' title='bbox 2601 2401 2799 2459; x_wconf 86' lang='lat' dir='ltr'><strong>Joanni</strong></span> <span class='ocrx_word' id='word_1_520' title='bbox 2840 2416 2960 2457; x_wconf 87' lang='lat' dir='ltr'><strong>sese</strong></span> <span class='ocrx_word' id='word_1_521' title='bbox 2997 2401 3064 2456; x_wconf 88' lang='lat' dir='ltr'><strong>ad</strong></span> <span class='ocrx_word' id='word_1_522' title='bbox 3105 2398 3404 2457; x_wconf 74' lang='lat' dir='ltr'><strong>Iordanem</strong></span> 
     </span>
    </p>
   </div>
   <div class='ocr_carea' id='block_1_69' title="bbox 1816 2492 3405 2565">
    <p class='ocr_par' dir='ltr' id='par_1_69' title="bbox 1816 2492 3405 2565">
     <span class='ocr_line' id='line_1_69' title="bbox 1816 2492 3405 2565; baseline -0.001 -15"><span class='ocrx_word' id='word_1_523' title='bbox 1816 2494 2033 2551; x_wconf 88' lang='lat' dir='ltr'><strong>obtulit.</strong></span> <span class='ocrx_word' id='word_1_524' title='bbox 2085 2493 2251 2551; x_wconf 86' lang='lat' dir='ltr'><strong>Pater</strong></span> <span class='ocrx_word' id='word_1_525' title='bbox 2276 2510 2408 2552; x_wconf 81' lang='lat' dir='ltr'><strong>vero</strong></span> <span class='ocrx_word' id='word_1_526' title='bbox 2439 2496 2660 2552; x_wconf 73' lang='lat' dir='ltr'><strong>cmlitus</strong></span> <span class='ocrx_word' id='word_1_527' title='bbox 2688 2495 3007 2552; x_wconf 80' lang='lat' dir='ltr'><strong>exclamans</strong></span> <span class='ocrx_word' id='word_1_528' title='bbox 3038 2493 3104 2549; x_wconf 90' lang='lat' dir='ltr'><strong>de</strong></span> <span class='ocrx_word' id='word_1_529' title='bbox 3134 2492 3274 2548; x_wconf 84' lang='lat' dir='ltr'><strong>Filio</strong></span> <span class='ocrx_word' id='word_1_530' title='bbox 3308 2494 3405 2565; x_wconf 89' lang='lat' dir='ltr'><strong>qui</strong></span> 
     </span>
    </p>
   </div>
   <div class='ocr_carea' id='block_1_70' title="bbox 1816 2584 3404 2655">
    <p class='ocr_par' dir='ltr' id='par_1_70' title="bbox 1816 2584 3404 2655">
     <span class='ocr_line' id='line_1_70' title="bbox 1816 2584 3404 2655; baseline 0.001 -14"><span class='ocrx_word' id='word_1_531' title='bbox 1816 2587 1884 2642; x_wconf 88' lang='lat' dir='ltr'><strong>ad</strong></span> <span class='ocrx_word' id='word_1_532' title='bbox 1931 2585 2225 2644; x_wconf 83' lang='lat' dir='ltr'><strong>Jordnnem</strong></span> <span class='ocrx_word' id='word_1_533' title='bbox 2270 2595 2414 2655; x_wconf 88' lang='lat' dir='ltr'><strong>erat,</strong></span> <span class='ocrx_word' id='word_1_534' title='bbox 2464 2588 2567 2643; x_wconf 86' lang='lat' dir='ltr'><strong>hac</strong></span> <span class='ocrx_word' id='word_1_535' title='bbox 2601 2603 2736 2644; x_wconf 88' lang='lat' dir='ltr'><strong>voce</strong></span> <span class='ocrx_word' id='word_1_536' title='bbox 2776 2587 3143 2645; x_wconf 71' lang='lat' dir='ltr'><strong>testificatur:</strong></span> <span class='ocrx_word' id='word_1_537' title='bbox 3178 2584 3282 2645; x_wconf 72' lang='lat' dir='ltr'><strong>llic</strong></span> <span class='ocrx_word' id='word_1_538' title='bbox 3325 2594 3404 2645; x_wconf 75' lang='lat' dir='ltr'><strong>est</strong></span> 
     </span>
    </p>
   </div>
   <div class='ocr_carea' id='block_1_71' title="bbox 1816 2677 3404 2752">
    <p class='ocr_par' dir='ltr' id='par_1_71' title="bbox 1816 2677 3404 2752">
     <span class='ocr_line' id='line_1_71' title="bbox 1816 2677 3404 2752; baseline 0.004 -20"><span class='ocrx_word' id='word_1_539' title='bbox 1816 2677 1997 2733; x_wconf 80' lang='lat' dir='ltr'><strong>Filius</strong></span> <span class='ocrx_word' id='word_1_540' title='bbox 2027 2695 2172 2735; x_wconf 75' lang='lat' dir='ltr'><strong>meus</strong></span> <span class='ocrx_word' id='word_1_541' title='bbox 2209 2678 2434 2734; x_wconf 77' lang='lat' dir='ltr'><strong>dilectus</strong></span> <span class='ocrx_word' id='word_1_542' title='bbox 2461 2681 2501 2734; x_wconf 79' lang='grc'><strong>⁸.</strong></span> <span class='ocrx_word' id='word_1_543' title='bbox 2540 2677 2783 2750; x_wconf 86' lang='lat' dir='ltr'><strong>Spiritus</strong></span> <span class='ocrx_word' id='word_1_544' title='bbox 2813 2680 3050 2752; x_wconf 87' lang='lat' dir='ltr'><strong>denique</strong></span> <span class='ocrx_word' id='word_1_545' title='bbox 3090 2688 3316 2739; x_wconf 83' lang='lat' dir='ltr'><strong>sanctus</strong></span> <span class='ocrx_word' id='word_1_546' title='bbox 3346 2681 3404 2738; x_wconf 89' lang='lat' dir='ltr'><strong>in</strong></span> 
     </span>
    </p>
   </div>
   <div class='ocr_carea' id='block_1_72' title="bbox 1815 2770 3406 2843">
    <p class='ocr_par' dir='ltr' id='par_1_72' title="bbox 1815 2770 3406 2843">
     <span class='ocr_line' id='line_1_72' title="bbox 1815 2770 3406 2843; baseline 0.002 -16"><span class='ocrx_word' id='word_1_547' title='bbox 1815 2770 2069 2827; x_wconf 86' lang='lat' dir='ltr'><strong>eumdem</strong></span> <span class='ocrx_word' id='word_1_548' title='bbox 2100 2786 2225 2826; x_wconf 90' lang='lat' dir='ltr'><strong>cum</strong></span> <span class='ocrx_word' id='word_1_549' title='bbox 2256 2770 2325 2826; x_wconf 87' lang='lat' dir='ltr'><strong>ad</strong></span> <span class='ocrx_word' id='word_1_550' title='bbox 2349 2786 2522 2842; x_wconf 86' lang='lat' dir='ltr'><strong>aquas</strong></span> <span class='ocrx_word' id='word_1_551' title='bbox 2552 2771 2949 2836; x_wconf 89' lang='lat' dir='ltr'><strong>descendisset,</strong></span> <span class='ocrx_word' id='word_1_552' title='bbox 2984 2772 3255 2829; x_wconf 68' lang='lat' dir='ltr'><strong>columba:</strong></span> <span class='ocrx_word' id='word_1_553' title='bbox 3278 2789 3406 2843; x_wconf 83' lang='lat' dir='ltr'><strong>spe-</strong></span> 
     </span>
    </p>
   </div>
   <div class='ocr_carea' id='block_1_73' title="bbox 1816 2857 3404 2933">
    <p class='ocr_par' dir='ltr' id='par_1_73' title="bbox 1816 2857 3404 2933">
     <span class='ocr_line' id='line_1_73' title="bbox 1816 2857 3404 2933; baseline 0.003 -17"><span class='ocrx_word' id='word_1_554' title='bbox 1816 2861 1902 2917; x_wconf 91' lang='lat' dir='ltr'><strong>cie</strong></span> <span class='ocrx_word' id='word_1_555' title='bbox 1952 2861 2213 2932; x_wconf 88' lang='lat' dir='ltr'><strong>delapsus</strong></span> <span class='ocrx_word' id='word_1_556' title='bbox 2260 2871 2367 2928; x_wconf 84' lang='lat' dir='ltr'><strong>est,</strong></span> <span class='ocrx_word' id='word_1_557' title='bbox 2413 2862 2493 2916; x_wconf 85' lang='lat' dir='ltr'><strong>uti</strong></span> <span class='ocrx_word' id='word_1_558' title='bbox 2546 2876 2717 2931; x_wconf 88' lang='lat' dir='ltr'><strong>puras</strong></span> <span class='ocrx_word' id='word_1_559' title='bbox 2746 2861 2867 2919; x_wconf 81' lang='lat' dir='ltr'><strong>illas</strong></span> <span class='ocrx_word' id='word_1_560' title='bbox 2908 2876 3082 2933; x_wconf 87' lang='lat' dir='ltr'><strong>aquas</strong></span> <span class='ocrx_word' id='word_1_561' title='bbox 3120 2863 3175 2919; x_wconf 91' lang='lat' dir='ltr'><strong>in</strong></span> <span class='ocrx_word' id='word_1_562' title='bbox 3210 2857 3404 2921; x_wconf 66' lang='grc' dir='ltr'>θοι-δη]</span> 
     </span>
    </p>
   </div>
   <div class='ocr_carea' id='block_1_74' title="bbox 1815 2945 3406 3027">
    <p class='ocr_par' dir='ltr' id='par_1_74' title="bbox 1815 2945 3406 3027">
     <span class='ocr_line' id='line_1_74' title="bbox 1815 2945 3406 3027; baseline 0.004 -19"><span class='ocrx_word' id='word_1_563' title='bbox 1815 2953 2049 3026; x_wconf 72' lang='lat' dir='ltr'><strong>gratiam</strong></span> <span class='ocrx_word' id='word_1_564' title='bbox 2089 2945 2426 3018; x_wconf 87' lang='lat' dir='ltr'><strong>ostenderet,</strong></span> <span class='ocrx_word' id='word_1_565' title='bbox 2458 2953 2553 3025; x_wconf 93' lang='lat' dir='ltr'><strong>qui</strong></span> <span class='ocrx_word' id='word_1_566' title='bbox 2580 2954 2637 3009; x_wconf 90' lang='lat' dir='ltr'><strong>in</strong></span> <span class='ocrx_word' id='word_1_567' title='bbox 2664 2951 2867 3019; x_wconf 86' lang='lat' dir='ltr'><strong>Patris,</strong></span> <span class='ocrx_word' id='word_1_568' title='bbox 2897 2952 3021 3013; x_wconf 87' lang='lat' dir='ltr'><strong>Filii</strong></span> <span class='ocrx_word' id='word_1_569' title='bbox 3052 2970 3118 3011; x_wconf 91' lang='lat' dir='ltr'><strong>ac</strong></span> <span class='ocrx_word' id='word_1_570' title='bbox 3158 2955 3406 3027; x_wconf 84' lang='lat' dir='ltr'><strong>Spiritus</strong></span> 
     </span>
    </p>
   </div>
   <div class='ocr_carea' id='block_1_75' title="bbox 1816 3045 3403 3114">
    <p class='ocr_par' dir='ltr' id='par_1_75' title="bbox 1816 3045 3403 3114">
     <span class='ocr_line' id='line_1_75' title="bbox 1816 3045 3403 3114; baseline 0.001 -11"><span class='ocrx_word' id='word_1_571' title='bbox 1816 3047 1997 3105; x_wconf 83' lang='lat' dir='ltr'><strong>sancti</strong></span> <span class='ocrx_word' id='word_1_572' title='bbox 2048 3047 2274 3102; x_wconf 80' lang='lat' dir='ltr'><strong>nomine</strong></span> <span class='ocrx_word' id='word_1_573' title='bbox 2319 3045 2513 3105; x_wconf 79' lang='lat' dir='ltr'><strong>iisdem</strong></span> <span class='ocrx_word' id='word_1_574' title='bbox 2553 3054 2743 3103; x_wconf 74' lang='lat' dir='ltr'><strong>essem</strong></span> <span class='ocrx_word' id='word_1_575' title='bbox 2786 3046 3063 3107; x_wconf 84' lang='lat' dir='ltr'><strong>initiandi.</strong></span> <span class='ocrx_word' id='word_1_576' title='bbox 3105 3046 3263 3114; x_wconf 84' lang='lat' dir='ltr'><strong>Quod</strong></span> <span class='ocrx_word' id='word_1_577' title='bbox 3334 3050 3403 3105; x_wconf 90' lang='lat' dir='ltr'><strong>ad</strong></span> 
     </span>
    </p>
   </div>
   <div class='ocr_carea' id='block_1_76' title="bbox 1815 3134 3405 3211">
    <p class='ocr_par' dir='ltr' id='par_1_76' title="bbox 1815 3134 3405 3211">
     <span class='ocr_line' id='line_1_76' title="bbox 1815 3134 3405 3211; baseline 0.005 -22"><span class='ocrx_word' id='word_1_578' title='bbox 1815 3134 2054 3192; x_wconf 81' lang='lat' dir='ltr'><strong>Arianos</strong></span> <span class='ocrx_word' id='word_1_579' title='bbox 2085 3142 2317 3206; x_wconf 85' lang='lat' dir='ltr'><strong>spectat,</strong></span> <span class='ocrx_word' id='word_1_580' title='bbox 2347 3134 2453 3190; x_wconf 80' lang='lat' dir='ltr'><strong>hoc</strong></span> <span class='ocrx_word' id='word_1_581' title='bbox 2479 3135 2745 3195; x_wconf 84' lang='lat' dir='ltr'><strong>adversus</strong></span> <span class='ocrx_word' id='word_1_582' title='bbox 2767 3151 2864 3194; x_wconf 88' lang='lat' dir='ltr'><strong>eos</strong></span> <span class='ocrx_word' id='word_1_583' title='bbox 2893 3138 3033 3195; x_wconf 81' lang='lat' dir='ltr'><strong>satis</strong></span> <span class='ocrx_word' id='word_1_584' title='bbox 3049 3153 3177 3197; x_wconf 80' lang='lat' dir='ltr'><strong>esse</strong></span> <span class='ocrx_word' id='word_1_585' title='bbox 3199 3149 3405 3211; x_wconf 78' lang='lat' dir='ltr'><strong>potest,</strong></span> 
     </span>
    </p>
   </div>
   <div class='ocr_carea' id='block_1_77' title="bbox 1816 3224 3406 3297">
    <p class='ocr_par' dir='ltr' id='par_1_77' title="bbox 1816 3224 3406 3297">
     <span class='ocr_line' id='line_1_77' title="bbox 1816 3224 3406 3297; baseline 0.004 -16"><span class='ocrx_word' id='word_1_586' title='bbox 1816 3225 1965 3297; x_wconf 90' lang='lat' dir='ltr'><strong>quod</strong></span> <span class='ocrx_word' id='word_1_587' title='bbox 1998 3226 2233 3297; x_wconf 85' lang='lat' dir='ltr'><strong>ipsemet</strong></span> <span class='ocrx_word' id='word_1_588' title='bbox 2264 3224 2439 3282; x_wconf 84' lang='lat' dir='ltr'><strong>Filius</strong></span> <span class='ocrx_word' id='word_1_589' title='bbox 2465 3226 2647 3283; x_wconf 75' lang='lat' dir='ltr'><strong>dixit:</strong></span> <span class='ocrx_word' id='word_1_590' title='bbox 2691 3226 2805 3295; x_wconf 78' lang='lat' dir='ltr'><strong>Ego</strong></span> <span class='ocrx_word' id='word_1_591' title='bbox 2828 3228 2887 3282; x_wconf 71' lang='lat' dir='ltr'><strong>in</strong></span> <span class='ocrx_word' id='word_1_592' title='bbox 2920 3227 3102 3295; x_wconf 78' lang='lat' dir='ltr'><strong>Patre,</strong></span> <span class='ocrx_word' id='word_1_593' title='bbox 3150 3231 3204 3284; x_wconf 75' lang='lat' dir='ltr'><strong>et</strong></span> <span class='ocrx_word' id='word_1_594' title='bbox 3239 3230 3406 3287; x_wconf 79' lang='lat' dir='ltr'><strong>Pater</strong></span> 
     </span>
    </p>
   </div>
   <div class='ocr_carea' id='block_1_78' title="bbox 1815 3317 3407 3390">
    <p class='ocr_par' dir='ltr' id='par_1_78' title="bbox 1815 3317 3407 3390">
     <span class='ocr_line' id='line_1_78' title="bbox 1815 3317 3407 3390; baseline 0.003 -19"><span class='ocrx_word' id='word_1_595' title='bbox 1815 3317 1870 3373; x_wconf 80' lang='lat' dir='ltr'><strong>in</strong></span> <span class='ocrx_word' id='word_1_596' title='bbox 1907 3333 1988 3372; x_wconf 71' lang='lat' dir='ltr'><strong>me</strong></span> <span class='ocrx_word' id='word_1_597' title='bbox 2028 3326 2109 3373; x_wconf 78' lang='lat' dir='ltr'><strong>est</strong></span> <span class='ocrx_word' id='word_1_598' title='bbox 2132 3317 2174 3372; x_wconf 85' lang='grc'><strong>⁸.</strong></span> <span class='ocrx_word' id='word_1_599' title='bbox 2206 3317 2421 3386; x_wconf 85' lang='lat' dir='ltr'><strong>Quibus</strong></span> <span class='ocrx_word' id='word_1_600' title='bbox 2448 3318 2629 3374; x_wconf 79' lang='lat' dir='ltr'><strong>verbis</strong></span> <span class='ocrx_word' id='word_1_601' title='bbox 2665 3319 2934 3390; x_wconf 71' lang='lat' dir='ltr'><strong>aequalem</strong></span> <span class='ocrx_word' id='word_1_602' title='bbox 2964 3334 3089 3377; x_wconf 85' lang='lat' dir='ltr'><strong>esse</strong></span> <span class='ocrx_word' id='word_1_603' title='bbox 3124 3318 3274 3376; x_wconf 86' lang='lat' dir='ltr'><strong>Patri</strong></span> <span class='ocrx_word' id='word_1_604' title='bbox 3315 3319 3407 3377; x_wconf 80' lang='lat' dir='ltr'><strong>Fi-</strong></span> 
     </span>
    </p>
   </div>
   <div class='ocr_carea' id='block_1_79' title="bbox 1814 3408 3407 3483">
    <p class='ocr_par' dir='ltr' id='par_1_79' title="bbox 1814 3408 3407 3483">
     <span class='ocr_line' id='line_1_79' title="bbox 1814 3408 3407 3483; baseline 0.003 -19"><span class='ocrx_word' id='word_1_605' title='bbox 1814 3409 1947 3465; x_wconf 88' lang='lat' dir='ltr'><strong>lium</strong></span> <span class='ocrx_word' id='word_1_606' title='bbox 1970 3423 2036 3465; x_wconf 89' lang='lat' dir='ltr'><strong>ac</strong></span> <span class='ocrx_word' id='word_1_607' title='bbox 2057 3409 2361 3483; x_wconf 74' lang='lat' dir='ltr'><strong>legitimum</strong></span> <span class='ocrx_word' id='word_1_608' title='bbox 2389 3409 2754 3467; x_wconf 86' lang='lat' dir='ltr'><strong>demonstrat.</strong></span> <span class='ocrx_word' id='word_1_609' title='bbox 2781 3408 2919 3465; x_wconf 83' lang='lat' dir='ltr'><strong>Nam</strong></span> <span class='ocrx_word' id='word_1_610' title='bbox 2949 3410 3220 3469; x_wconf 83' lang='lat' dir='ltr'><strong>adversus</strong></span> <span class='ocrx_word' id='word_1_611' title='bbox 3245 3412 3407 3468; x_wconf 81' lang='lat' dir='ltr'><strong>Aria-</strong></span> 
     </span>
    </p>
   </div>
   <div class='ocr_carea' id='block_1_80' title="bbox 1814 3500 3405 3573">
    <p class='ocr_par' dir='ltr' id='par_1_80' title="bbox 1814 3500 3405 3573">
     <span class='ocr_line' id='line_1_80' title="bbox 1814 3500 3405 3573; baseline 0.002 -16"><span class='ocrx_word' id='word_1_612' title='bbox 1814 3516 2013 3557; x_wconf 87' lang='lat' dir='ltr'><strong>norum</strong></span> <span class='ocrx_word' id='word_1_613' title='bbox 2051 3508 2328 3572; x_wconf 85' lang='lat' dir='ltr'><strong>posteros,</strong></span> <span class='ocrx_word' id='word_1_614' title='bbox 2363 3500 2458 3572; x_wconf 89' lang='lat' dir='ltr'><strong>qui</strong></span> <span class='ocrx_word' id='word_1_615' title='bbox 2493 3500 2733 3571; x_wconf 86' lang='lat' dir='ltr'><strong>Spiritus</strong></span> <span class='ocrx_word' id='word_1_616' title='bbox 2763 3503 2943 3558; x_wconf 79' lang='lat' dir='ltr'><strong>sancti</strong></span> <span class='ocrx_word' id='word_1_617' title='bbox 2972 3502 3226 3573; x_wconf 77' lang='lat' dir='ltr'><strong>dignitati</strong></span> <span class='ocrx_word' id='word_1_618' title='bbox 3261 3518 3405 3560; x_wconf 86' lang='lat' dir='ltr'><strong>con-</strong></span> 
     </span>
    </p>
   </div>
   <div class='ocr_carea' id='block_1_81' title="bbox 1817 3592 3407 3662">
    <p class='ocr_par' dir='ltr' id='par_1_81' title="bbox 1817 3592 3407 3662">
     <span class='ocr_line' id='line_1_81' title="bbox 1817 3592 3407 3662; baseline 0.003 -12"><span class='ocrx_word' id='word_1_619' title='bbox 1817 3594 2113 3653; x_wconf 87' lang='lat' dir='ltr'><strong>tumeliose</strong></span> <span class='ocrx_word' id='word_1_620' title='bbox 2152 3592 2473 3662; x_wconf 82' lang='lat' dir='ltr'><strong>detrahunt,</strong></span> <span class='ocrx_word' id='word_1_621' title='bbox 2518 3593 2632 3652; x_wconf 89' lang='lat' dir='ltr'><strong>duo</strong></span> <span class='ocrx_word' id='word_1_622' title='bbox 2667 3595 2761 3649; x_wconf 87' lang='lat' dir='ltr'><strong>illa</strong></span> <span class='ocrx_word' id='word_1_623' title='bbox 2803 3595 3121 3653; x_wconf 84' lang='lat' dir='ltr'><strong>testimonia</strong></span> <span class='ocrx_word' id='word_1_624' title='bbox 3151 3596 3407 3655; x_wconf 66' lang='lat' dir='ltr'><strong>sufﬁcere</strong></span> 
     </span>
    </p>
   </div>
   <div class='ocr_carea' id='block_1_82' title="bbox 1816 3686 3409 3759">
    <p class='ocr_par' dir='ltr' id='par_1_82' title="bbox 1816 3686 3409 3759">
     <span class='ocr_line' id='line_1_82' title="bbox 1816 3686 3409 3759; baseline 0.001 -15"><span class='ocrx_word' id='word_1_625' title='bbox 1816 3695 2071 3759; x_wconf 82' lang='lat' dir='ltr'><strong>possunt,</strong></span> <span class='ocrx_word' id='word_1_626' title='bbox 2121 3702 2245 3758; x_wconf 74' lang='lat' dir='ltr'><strong>quae</strong></span> <span class='ocrx_word' id='word_1_627' title='bbox 2284 3694 2410 3758; x_wconf 87' lang='lat' dir='ltr'><strong>post</strong></span> <span class='ocrx_word' id='word_1_628' title='bbox 2450 3687 2557 3743; x_wconf 86' lang='lat' dir='ltr'><strong>alia</strong></span> <span class='ocrx_word' id='word_1_629' title='bbox 2587 3686 2951 3756; x_wconf 75' lang='lat' dir='ltr'><strong>subiecimus.</strong></span> <span class='ocrx_word' id='word_1_630' title='bbox 2985 3687 3234 3756; x_wconf 79' lang='lat' dir='ltr'><strong>Quorum</strong></span> <span class='ocrx_word' id='word_1_631' title='bbox 3269 3690 3409 3746; x_wconf 81' lang='lat' dir='ltr'><strong>alte-</strong></span> 
     </span>
    </p>
   </div>
   <div class='ocr_carea' id='block_1_83' title="bbox 1817 3777 3405 3850">
    <p class='ocr_par' dir='ltr' id='par_1_83' title="bbox 1817 3777 3405 3850">
     <span class='ocr_line' id='line_1_83' title="bbox 1817 3777 3405 3850; baseline 0 -15"><span class='ocrx_word' id='word_1_632' title='bbox 1817 3797 1938 3839; x_wconf 88' lang='lat' dir='ltr'><strong>rum</strong></span> <span class='ocrx_word' id='word_1_633' title='bbox 1984 3796 2017 3836; x_wconf 88' lang='lat' dir='ltr'><strong>e</strong></span> <span class='ocrx_word' id='word_1_634' title='bbox 2069 3778 2291 3835; x_wconf 85' lang='lat' dir='ltr'><strong>Daniele</strong></span> <span class='ocrx_word' id='word_1_635' title='bbox 2342 3777 2729 3850; x_wconf 84' lang='lat' dir='ltr'><strong>depromptum</strong></span> <span class='ocrx_word' id='word_1_636' title='bbox 2776 3787 2865 3836; x_wconf 77' lang='lat' dir='ltr'><strong>est</strong></span> <span class='ocrx_word' id='word_1_637' title='bbox 2912 3780 3232 3850; x_wconf 79' lang='lat' dir='ltr'><strong>hujusmodi</strong></span> <span class='ocrx_word' id='word_1_638' title='bbox 3263 3799 3278 3837; x_wconf 91' lang='lat'><strong>:</strong></span> <span class='ocrx_word' id='word_1_639' title='bbox 3311 3779 3405 3836; x_wconf 86' lang='lat' dir='ltr'><strong>Si-</strong></span> 
     </span>
    </p>
   </div>
   <div class='ocr_carea' id='block_1_84' title="bbox 1817 3867 3407 3941">
    <p class='ocr_par' dir='ltr' id='par_1_84' title="bbox 1817 3867 3407 3941">
     <span class='ocr_line' id='line_1_84' title="bbox 1817 3867 3407 3941; baseline -0.003 -14"><span class='ocrx_word' id='word_1_640' title='bbox 1817 3871 2011 3936; x_wconf 85' lang='lat' dir='ltr'><strong>draeb,</strong></span> <span class='ocrx_word' id='word_1_641' title='bbox 2059 3871 2227 3925; x_wconf 72' lang='lat' dir='ltr'><strong>Hisne</strong></span> <span class='ocrx_word' id='word_1_642' title='bbox 2287 3876 2341 3924; x_wconf 88' lang='lat' dir='ltr'><strong>et</strong></span> <span class='ocrx_word' id='word_1_643' title='bbox 2367 3868 2666 3941; x_wconf 71' lang='lat' dir='ltr'><strong>Abdenago</strong></span> <span class='ocrx_word' id='word_1_644' title='bbox 2713 3867 2885 3926; x_wconf 86' lang='lat' dir='ltr'><strong>Deum</strong></span> <span class='ocrx_word' id='word_1_645' title='bbox 2929 3870 2983 3924; x_wconf 91' lang='lat' dir='ltr'><strong>in</strong></span> <span class='ocrx_word' id='word_1_646' title='bbox 3014 3885 3284 3926; x_wconf 86' lang='lat' dir='ltr'><strong>succensa</strong></span> <span class='ocrx_word' id='word_1_647' title='bbox 3313 3870 3407 3924; x_wconf 85' lang='lat' dir='ltr'><strong>illa</strong></span> 
     </span>
    </p>
   </div>
   <div class='ocr_carea' id='block_1_85' title="bbox 1819 3959 3408 4024">
    <p class='ocr_par' dir='ltr' id='par_1_85' title="bbox 1819 3959 3408 4024">
     <span class='ocr_line' id='line_1_85' title="bbox 1819 3959 3408 4024; baseline 0.002 -7"><span class='ocrx_word' id='word_1_648' title='bbox 1819 3963 2043 4022; x_wconf 78' lang='lat' dir='ltr'><strong>fornace</strong></span> <span class='ocrx_word' id='word_1_649' title='bbox 2091 3960 2495 4024; x_wconf 78' lang='lat' dir='ltr'><strong>collaudantes,</strong></span> <span class='ocrx_word' id='word_1_650' title='bbox 2552 3959 2807 4019; x_wconf 87' lang='lat' dir='ltr'><strong>conditas</strong></span> <span class='ocrx_word' id='word_1_651' title='bbox 2856 3960 2928 4018; x_wconf 87' lang='lat' dir='ltr'><strong>ab</strong></span> <span class='ocrx_word' id='word_1_652' title='bbox 2958 3976 3026 4017; x_wconf 83' lang='lat' dir='ltr'><strong>eo</strong></span> <span class='ocrx_word' id='word_1_653' title='bbox 3070 3977 3163 4020; x_wconf 88' lang='lat' dir='ltr'><strong>res</strong></span> <span class='ocrx_word' id='word_1_654' title='bbox 3208 3977 3408 4020; x_wconf 80' lang='lat' dir='ltr'><strong>omnes</strong></span> 
     </span>
    </p>
   </div>
   <div class='ocr_carea' id='block_1_86' title="bbox 1817 4047 3408 4120">
    <p class='ocr_par' dir='ltr' id='par_1_86' title="bbox 1817 4047 3408 4120">
     <span class='ocr_line' id='line_1_86' title="bbox 1817 4047 3408 4120; baseline -0.001 -11"><span class='ocrx_word' id='word_1_655' title='bbox 1817 4066 2004 4109; x_wconf 83' lang='lat' dir='ltr'><strong>secum</strong></span> <span class='ocrx_word' id='word_1_656' title='bbox 2039 4049 2110 4105; x_wconf 89' lang='lat' dir='ltr'><strong>ad</strong></span> <span class='ocrx_word' id='word_1_657' title='bbox 2144 4047 2555 4120; x_wconf 66' lang='lat' dir='ltr'><strong>praedicandum</strong></span> <span class='ocrx_word' id='word_1_658' title='bbox 2596 4048 2683 4104; x_wconf 88' lang='lat' dir='ltr'><strong>his</strong></span> <span class='ocrx_word' id='word_1_659' title='bbox 2711 4050 2897 4106; x_wconf 80' lang='lat' dir='ltr'><strong>verbis</strong></span> <span class='ocrx_word' id='word_1_660' title='bbox 2929 4050 3207 4106; x_wconf 89' lang='lat' dir='ltr'><strong>invitant:</strong></span> <span class='ocrx_word' id='word_1_661' title='bbox 3240 4051 3408 4108; x_wconf 81' lang='lat' dir='ltr'><strong>Bene-</strong></span> 
     </span>
    </p>
   </div>
   <div class='ocr_carea' id='block_1_87' title="bbox 1816 4137 3409 4206">
    <p class='ocr_par' dir='ltr' id='par_1_87' title="bbox 1816 4137 3409 4206">
     <span class='ocr_line' id='line_1_87' title="bbox 1816 4137 3409 4206; baseline 0.003 -13"><span class='ocrx_word' id='word_1_662' title='bbox 1816 4140 1997 4206; x_wconf 82' lang='lat' dir='ltr'><strong>dicile,</strong></span> <span class='ocrx_word' id='word_1_663' title='bbox 2045 4138 2224 4194; x_wconf 83' lang='lat' dir='ltr'><strong>omm&#39;a</strong></span> <span class='ocrx_word' id='word_1_664' title='bbox 2252 4152 2412 4206; x_wconf 81' lang='lat' dir='ltr'><strong>opera</strong></span> <span class='ocrx_word' id='word_1_665' title='bbox 2437 4137 2679 4203; x_wconf 83' lang='lat' dir='ltr'><strong>Domini,</strong></span> <span class='ocrx_word' id='word_1_666' title='bbox 2729 4138 2955 4194; x_wconf 73' lang='lat' dir='ltr'><strong>Domino</strong></span> <span class='ocrx_word' id='word_1_667' title='bbox 2980 4139 3023 4196; x_wconf 77' lang='lat'><strong>‘.</strong></span> <span class='ocrx_word' id='word_1_668' title='bbox 3060 4139 3198 4196; x_wconf 81' lang='lat' dir='ltr'><strong>Tum</strong></span> <span class='ocrx_word' id='word_1_669' title='bbox 3233 4142 3409 4199; x_wconf 79' lang='lat' dir='ltr'><strong>caelos</strong></span> 
     </span>
    </p>
   </div>
   <div class='ocr_carea' id='block_1_88' title="bbox 1817 4229 3404 4301">
    <p class='ocr_par' dir='ltr' id='par_1_88' title="bbox 1817 4229 3404 4301">
     <span class='ocr_line' id='line_1_88' title="bbox 1817 4229 3404 4301; baseline -0.001 -15"><span class='ocrx_word' id='word_1_670' title='bbox 1817 4241 1871 4287; x_wconf 93' lang='lat' dir='ltr'><strong>et</strong></span> <span class='ocrx_word' id='word_1_671' title='bbox 1900 4230 2142 4301; x_wconf 78' lang='lat' dir='ltr'><strong>angelos,</strong></span> <span class='ocrx_word' id='word_1_672' title='bbox 2165 4238 2220 4284; x_wconf 90' lang='lat' dir='ltr'><strong>et</strong></span> <span class='ocrx_word' id='word_1_673' title='bbox 2241 4229 2451 4292; x_wconf 88' lang='lat' dir='ltr'><strong>lunam,</strong></span> <span class='ocrx_word' id='word_1_674' title='bbox 2488 4236 2543 4283; x_wconf 89' lang='lat' dir='ltr'><strong>et</strong></span> <span class='ocrx_word' id='word_1_675' title='bbox 2565 4229 2759 4294; x_wconf 89' lang='lat' dir='ltr'><strong>solem,</strong></span> <span class='ocrx_word' id='word_1_676' title='bbox 2786 4237 2842 4285; x_wconf 88' lang='lat' dir='ltr'><strong>et</strong></span> <span class='ocrx_word' id='word_1_677' title='bbox 2880 4230 3133 4295; x_wconf 82' lang='lat' dir='ltr'><strong>virtutes,</strong></span> <span class='ocrx_word' id='word_1_678' title='bbox 3177 4240 3404 4294; x_wconf 86' lang='lat' dir='ltr'><strong>terram,</strong></span> 
     </span>
    </p>
   </div>
   <div class='ocr_carea' id='block_1_89' title="bbox 1817 4319 3410 4392">
    <p class='ocr_par' dir='ltr' id='par_1_89' title="bbox 1817 4319 3410 4392">
     <span class='ocr_line' id='line_1_89' title="bbox 1817 4319 3410 4392; baseline -0.004 -11"><span class='ocrx_word' id='word_1_679' title='bbox 1817 4338 1989 4390; x_wconf 81' lang='lat' dir='ltr'><strong>mare,</strong></span> <span class='ocrx_word' id='word_1_680' title='bbox 2032 4338 2097 4378; x_wconf 91' lang='lat' dir='ltr'><strong>ac</strong></span> <span class='ocrx_word' id='word_1_681' title='bbox 2138 4319 2401 4392; x_wconf 86' lang='lat' dir='ltr'><strong>quidquid</strong></span> <span class='ocrx_word' id='word_1_682' title='bbox 2447 4334 2512 4374; x_wconf 87' lang='lat' dir='ltr'><strong>ea</strong></span> <span class='ocrx_word' id='word_1_683' title='bbox 2551 4319 2870 4383; x_wconf 87' lang='lat' dir='ltr'><strong>continent,</strong></span> <span class='ocrx_word' id='word_1_684' title='bbox 2913 4320 3234 4390; x_wconf 79' lang='lat' dir='ltr'><strong>singillatim</strong></span> <span class='ocrx_word' id='word_1_685' title='bbox 3267 4334 3410 4375; x_wconf 89' lang='lat' dir='ltr'><strong>cnu-</strong></span> 
     </span>
    </p>
   </div>
   <div class='ocr_carea' id='block_1_90' title="bbox 1818 4409 3407 4483">
    <p class='ocr_par' dir='ltr' id='par_1_90' title="bbox 1818 4409 3407 4483">
     <span class='ocr_line' id='line_1_90' title="bbox 1818 4409 3407 4483; baseline -0.004 -11"><span class='ocrx_word' id='word_1_686' title='bbox 1818 4426 2056 4481; x_wconf 87' lang='lat' dir='ltr'><strong>merant;</strong></span> <span class='ocrx_word' id='word_1_687' title='bbox 2093 4412 2292 4469; x_wconf 81' lang='lat' dir='ltr'><strong>Filium</strong></span> <span class='ocrx_word' id='word_1_688' title='bbox 2332 4428 2485 4479; x_wconf 82' lang='lat' dir='ltr'><strong>vero,</strong></span> <span class='ocrx_word' id='word_1_689' title='bbox 2513 4426 2580 4468; x_wconf 87' lang='lat' dir='ltr'><strong>ac</strong></span> <span class='ocrx_word' id='word_1_690' title='bbox 2611 4409 2877 4483; x_wconf 88' lang='lat' dir='ltr'><strong>Spiritum</strong></span> <span class='ocrx_word' id='word_1_691' title='bbox 2913 4420 3166 4468; x_wconf 86' lang='lat' dir='ltr'><strong>sanctum</strong></span> <span class='ocrx_word' id='word_1_692' title='bbox 3194 4428 3284 4469; x_wconf 84' lang='lat' dir='ltr'><strong>res</strong></span> <span class='ocrx_word' id='word_1_693' title='bbox 3317 4412 3407 4466; x_wconf 90' lang='lat' dir='ltr'><strong>in-</strong></span> 
     </span>
    </p>
   </div>
   <div class='ocr_carea' id='block_1_91' title="bbox 1817 4503 3407 4578">
    <p class='ocr_par' dir='ltr' id='par_1_91' title="bbox 1817 4503 3407 4578">
     <span class='ocr_line' id='line_1_91' title="bbox 1817 4503 3407 4578; baseline -0.003 -14"><span class='ocrx_word' id='word_1_694' title='bbox 1817 4517 1902 4567; x_wconf 90' lang='lat' dir='ltr'><strong>ter</strong></span> <span class='ocrx_word' id='word_1_695' title='bbox 1938 4517 2152 4565; x_wconf 85' lang='lat' dir='ltr'><strong>creatas</strong></span> <span class='ocrx_word' id='word_1_696' title='bbox 2184 4507 2440 4578; x_wconf 87' lang='lat' dir='ltr'><strong>nuspiam</strong></span> <span class='ocrx_word' id='word_1_697' title='bbox 2487 4503 2757 4563; x_wconf 79' lang='lat' dir='ltr'><strong>referunt.</strong></span> <span class='ocrx_word' id='word_1_698' title='bbox 2805 4504 3080 4562; x_wconf 65' lang='lat' dir='ltr'><strong>Praeterea</strong></span> <span class='ocrx_word' id='word_1_699' title='bbox 3124 4504 3407 4577; x_wconf 82' lang='lat' dir='ltr'><strong>seraphim</strong></span> 
     </span>
    </p>
   </div>
   <div class='ocr_carea' id='block_1_92' title="bbox 197 4574 3407 4678">
    <p class='ocr_par' dir='ltr' id='par_1_92' title="bbox 197 4574 3407 4678">
     <span class='ocr_line' id='line_1_92' title="bbox 197 4574 3407 4678; baseline 0.012 -45"><span class='ocrx_word' id='word_1_700' title='bbox 197 4574 453 4645; x_wconf 81' lang='lat' dir='ltr'><strong>Trinitatem</strong></span> <span class='ocrx_word' id='word_1_701' title='bbox 472 4598 750 4668; x_wconf 75' lang='lat' dir='ltr'><strong>:equaliter</strong></span> <span class='ocrx_word' id='word_1_702' title='bbox 773 4599 1074 4668; x_wconf 85' lang='lat' dir='ltr'><strong>celebrant,</strong></span> <span class='ocrx_word' id='word_1_703' title='bbox 1106 4617 1171 4658; x_wconf 89' lang='lat' dir='ltr'><strong>ac</strong></span> <span class='ocrx_word' id='word_1_704' title='bbox 1196 4618 1305 4661; x_wconf 88' lang='lat' dir='ltr'><strong>non</strong></span> <span class='ocrx_word' id='word_1_705' title='bbox 1325 4605 1496 4661; x_wconf 91' lang='lat' dir='ltr'><strong>semel</strong></span> <span class='ocrx_word' id='word_1_706' title='bbox 1522 4620 1703 4678; x_wconf 84' lang='lat' dir='ltr'><strong>neque</strong></span> <span class='ocrx_word' id='word_1_707' title='bbox 1737 4603 1827 4662; x_wconf 88' lang='lat' dir='ltr'><strong>bis</strong></span> <span class='ocrx_word' id='word_1_708' title='bbox 1867 4618 2047 4674; x_wconf 76' lang='lat' dir='ltr'><strong>neque</strong></span> <span class='ocrx_word' id='word_1_709' title='bbox 2102 4574 2334 4672; x_wconf 43' lang='lat' dir='ltr'><strong>quater.</strong></span> <span class='ocrx_word' id='word_1_710' title='bbox 2386 4598 2484 4656; x_wconf 63' lang='lat' dir='ltr'><strong>sed</strong></span> <span class='ocrx_word' id='word_1_711' title='bbox 2524 4606 2611 4656; x_wconf 61' lang='lat' dir='ltr'><strong>te?</strong></span> <span class='ocrx_word' id='word_1_712' title='bbox 2658 4597 2906 4667; x_wconf 64' lang='lat' dir='ltr'><strong>Omnino.</strong></span> <span class='ocrx_word' id='word_1_713' title='bbox 2942 4598 3173 4657; x_wconf 71' lang='grc' dir='ltr'><strong>δαηεηιε</strong></span> <span class='ocrx_word' id='word_1_714' title='bbox 3194 4642 3209 4668; x_wconf 75' lang='grc' dir='ltr'><strong>ι</strong></span> <span class='ocrx_word' id='word_1_715' title='bbox 3256 4574 3407 4671; x_wconf 54' lang='grc' dir='ltr'><strong>Ἰυτο⁶</strong></span> 
     </span>
    </p>
   </div>
   <div class='ocr_carea' id='block_1_93' title="bbox 196 4677 457 4739">
    <p class='ocr_par' dir='ltr' id='par_1_93' title="bbox 196 4677 457 4739">
     <span class='ocr_line' id='line_1_93' title="bbox 196 4677 457 4739; baseline 0.05 -16"><span class='ocrx_word' id='word_1_716' title='bbox 196 4677 457 4739; x_wconf 73' lang='lat' dir='ltr'><strong>nunﬁant&#39;.</strong></span> 
     </span>
    </p>
   </div>
   <div class='ocr_carea' id='block_1_94' title="bbox 247 4763 1716 4862">
    <p class='ocr_par' dir='ltr' id='par_1_94' title="bbox 247 4763 1716 4862">
     <span class='ocr_line' id='line_1_94' title="bbox 247 4763 1716 4862; baseline 0.016 -41"><span class='ocrx_word' id='word_1_717' title='bbox 247 4763 368 4862; x_wconf 43' lang='lat' dir='ltr'><strong>IPIH&#39;.</strong></span> <span class='ocrx_word' id='word_1_718' title='bbox 413 4775 705 4848; x_wconf 77' lang='grc' dir='ltr'>Ἕλεγξάτω</span> <span class='ocrx_word' id='word_1_719' title='bbox 744 4779 802 4834; x_wconf 80' lang='grc' dir='ltr'>δὲ</span> <span class='ocrx_word' id='word_1_720' title='bbox 854 4782 1015 4838; x_wconf 84' lang='grc' dir='ltr'>πάλιν</span> <span class='ocrx_word' id='word_1_721' title='bbox 1042 4784 1267 4852; x_wconf 81' lang='grc' dir='ltr'>τούτους</span> <span class='ocrx_word' id='word_1_722' title='bbox 1305 4789 1515 4862; x_wconf 84' lang='grc' dir='ltr'>Πέτρος</span> <span class='ocrx_word' id='word_1_723' title='bbox 1540 4791 1716 4844; x_wconf 72' lang='grc' dir='ltr'>ἐπιτι-</span> 
     </span>
    </p>
   </div>
   <div class='ocr_carea' id='block_1_95' title="bbox 1819 4763 3405 4862">
    <p class='ocr_par' dir='ltr' id='par_1_95' title="bbox 1893 4773 3405 4840">
     <span class='ocr_line' id='line_1_95' title="bbox 1893 4773 3405 4840; baseline -0.003 0"><span class='ocrx_word' id='word_1_724' title='bbox 1893 4781 2128 4840; x_wconf 77' lang='lat' dir='ltr'><strong>CXVlll.</strong></span> <span class='ocrx_word' id='word_1_725' title='bbox 2170 4776 2414 4835; x_wconf 88' lang='lat' dir='ltr'><strong>Accedat</strong></span> <span class='ocrx_word' id='word_1_726' title='bbox 2443 4775 2511 4833; x_wconf 82' lang='lat' dir='ltr'><strong>ad</strong></span> <span class='ocrx_word' id='word_1_727' title='bbox 2542 4776 2668 4831; x_wconf 90' lang='lat' dir='ltr'><strong>illos</strong></span> <span class='ocrx_word' id='word_1_728' title='bbox 2704 4773 3026 4832; x_wconf 78' lang='lat' dir='ltr'><strong>refutandos</strong></span> <span class='ocrx_word' id='word_1_729' title='bbox 3057 4775 3202 4832; x_wconf 79' lang='lat' dir='ltr'><strong>Petri</strong></span> <span class='ocrx_word' id='word_1_730' title='bbox 3246 4778 3405 4836; x_wconf 84' lang='lat' dir='ltr'><strong>insu-</strong></span> 
     </span>
    </p>
   </div>
   <div class='ocr_carea' id='block_1_96' title="bbox 199 4854 3404 4951">
    <p class='ocr_par' dir='ltr' id='par_1_96' title="bbox 199 4854 3404 4951">
     <span class='ocr_line' id='line_1_96' title="bbox 199 4854 3404 4951; baseline 0.006 -31"><span class='ocrx_word' id='word_1_731' title='bbox 199 4854 289 4951; x_wconf 51' lang='lat' dir='ltr'><strong>FFJ‘t</strong></span> <span class='ocrx_word' id='word_1_732' title='bbox 310 4866 405 4930; x_wconf 77' lang='grc' dir='ltr'>τοῖς</span> <span class='ocrx_word' id='word_1_733' title='bbox 447 4873 567 4942; x_wconf 78' lang='grc' dir='ltr'>περὶ</span> <span class='ocrx_word' id='word_1_734' title='bbox 612 4875 881 4944; x_wconf 76' lang='grc' dir='ltr'>Ἁνανίαν,</span> <span class='ocrx_word' id='word_1_735' title='bbox 922 4879 1017 4937; x_wconf 76' lang='grc' dir='ltr'>καὶ</span> <span class='ocrx_word' id='word_1_736' title='bbox 1064 4878 1274 4949; x_wconf 78' lang='grc' dir='ltr'>λέγων’</span> <span class='ocrx_word' id='word_1_737' title='bbox 1332 4854 1716 4951; x_wconf 65' lang='grc' dir='ltr'>Ἐαέειράσατε</span> <span class='ocrx_word' id='word_1_738' title='bbox 1818 4892 1916 4949; x_wconf 90' lang='lat' dir='ltr'><strong>per</strong></span> <span class='ocrx_word' id='word_1_739' title='bbox 1948 4872 2288 4937; x_wconf 65' lang='lat' dir='ltr'><strong>auctoritas.</strong></span> <span class='ocrx_word' id='word_1_740' title='bbox 2324 4868 2417 4939; x_wconf 81' lang='lat' dir='ltr'><strong>qui</strong></span> <span class='ocrx_word' id='word_1_741' title='bbox 2451 4867 2721 4923; x_wconf 67' lang='lat' dir='ltr'><strong>Ananiam</strong></span> <span class='ocrx_word' id='word_1_742' title='bbox 2750 4873 2807 4919; x_wconf 74' lang='grc' dir='ltr'><strong>ει</strong></span> <span class='ocrx_word' id='word_1_743' title='bbox 2841 4865 3168 4936; x_wconf 66' lang='grc' dir='ltr'><strong>δίδρυδίνθῐη</strong></span> <span class='ocrx_word' id='word_1_744' title='bbox 3214 4871 3404 4939; x_wconf 57' lang='grc'><strong>01⁸1³1⁵</strong></span> 
     </span>
    </p>
   </div>
   <div class='ocr_carea' id='block_1_97' title="bbox 197 4945 3403 5043">
    <p class='ocr_par' dir='ltr' id='par_1_97' title="bbox 197 4945 3403 5043">
     <span class='ocr_line' id='line_1_97' title="bbox 197 4945 3403 5043; baseline 0.002 -34"><span class='ocrx_word' id='word_1_745' title='bbox 197 4945 246 5043; x_wconf 56' lang='grc' dir='ltr'><em>ξό</em></span> <span class='ocrx_word' id='word_1_746' title='bbox 266 4949 405 5043; x_wconf 72' lang='grc' dir='ltr'>ᾄτιον</span> <span class='ocrx_word' id='word_1_747' title='bbox 430 4963 682 5035; x_wconf 79' lang='grc' dir='ltr'>Πνεῦμα.</span> <span class='ocrx_word' id='word_1_748' title='bbox 722 4967 829 5021; x_wconf 82' lang='grc' dir='ltr'>Καί</span> <span class='ocrx_word' id='word_1_749' title='bbox 860 4986 1026 5040; x_wconf 76' lang='grc' dir='ltr'>φησιο</span> <span class='ocrx_word' id='word_1_750' title='bbox 1067 4945 1189 5026; x_wconf 59' lang='grc' dir='ltr'><strong>Οὔκ</strong></span> <span class='ocrx_word' id='word_1_751' title='bbox 1228 4945 1577 5043; x_wconf 59' lang='grc' dir='ltr'>ἐψεύσασθε</span> <span class='ocrx_word' id='word_1_752' title='bbox 1600 4974 1715 5043; x_wconf 68' lang='grc' dir='ltr'><strong>ᾀν-</strong></span> <span class='ocrx_word' id='word_1_753' title='bbox 1812 4945 1973 5042; x_wconf 44' lang='lat' dir='ltr'><strong>paris,</strong></span> <span class='ocrx_word' id='word_1_754' title='bbox 2022 4964 2313 5038; x_wconf 68' lang='lat' dir='ltr'><strong>Tentaatis,</strong></span> <span class='ocrx_word' id='word_1_755' title='bbox 2359 4960 2537 5029; x_wconf 88' lang='lat' dir='ltr'><strong>inquit</strong></span> <span class='ocrx_word' id='word_1_756' title='bbox 2571 4997 2586 5023; x_wconf 91' lang='lat'><strong>,</strong></span> <span class='ocrx_word' id='word_1_757' title='bbox 2649 4955 2906 5027; x_wconf 82' lang='lat' dir='ltr'><strong>Spiritum</strong></span> <span class='ocrx_word' id='word_1_758' title='bbox 2927 4968 3211 5031; x_wconf 66' lang='grc' dir='ltr'><strong>⁸ειιιιιςιιιιιι.</strong></span> <span class='ocrx_word' id='word_1_759' title='bbox 3264 4959 3403 5016; x_wconf 89' lang='lat' dir='ltr'><strong>Tum</strong></span> 
     </span>
    </p>
   </div>
   <div class='ocr_carea' id='block_1_98' title="bbox 200 5036 1716 5131">
    <p class='ocr_par' dir='ltr' id='par_1_98' title="bbox 200 5036 1708 5131">
     <span class='ocr_line' id='line_1_98' title="bbox 200 5036 1708 5131; baseline 0.02 -36"><span class='ocrx_word' id='word_1_760' title='bbox 200 5038 375 5131; x_wconf 66' lang='grc' dir='ltr'>θρῷοτῳ,</span> <span class='ocrx_word' id='word_1_761' title='bbox 403 5050 552 5109; x_wconf 75' lang='grc' dir='ltr'>ἀλλὰ</span> <span class='ocrx_word' id='word_1_762' title='bbox 581 5056 661 5123; x_wconf 86' lang='grc' dir='ltr'>τῷ</span> <span class='ocrx_word' id='word_1_763' title='bbox 688 5056 828 5125; x_wconf 81' lang='grc' dir='ltr'>Θεῷ.</span> <span class='ocrx_word' id='word_1_764' title='bbox 873 5036 940 5114; x_wconf 39' lang='lat' dir='ltr'><strong>id</strong></span> <span class='ocrx_word' id='word_1_765' title='bbox 970 5060 1028 5115; x_wconf 85' lang='grc' dir='ltr'>δὲ</span> <span class='ocrx_word' id='word_1_766' title='bbox 1062 5036 1384 5129; x_wconf 73' lang='grc' dir='ltr'>’Δπόστολος</span> <span class='ocrx_word' id='word_1_767' title='bbox 1426 5036 1708 5131; x_wconf 42' lang='grc' dir='ltr'>οἷδενίὼς</span> 
     </span>
    </p>
   </div>
   <div class='ocr_carea' id='block_1_99' title="bbox 1819 5036 3403 5131">
    <p class='ocr_par' dir='ltr' id='par_1_99' title="bbox 1819 5036 3403 5130">
     <span class='ocr_line' id='line_1_99' title="bbox 1819 5036 3403 5130; baseline -0.004 -16"><span class='ocrx_word' id='word_1_768' title='bbox 1819 5036 2040 5130; x_wconf 70' lang='lat' dir='ltr'><strong>subjicit</strong></span> <span class='ocrx_word' id='word_1_769' title='bbox 2070 5076 2084 5114; x_wconf 89' lang='lat'><strong>:</strong></span> <span class='ocrx_word' id='word_1_770' title='bbox 2111 5036 2236 5110; x_wconf 80' lang='lat' dir='ltr'><strong>Non</strong></span> <span class='ocrx_word' id='word_1_771' title='bbox 2271 5050 2477 5105; x_wconf 78' lang='lat' dir='ltr'><strong>mentiti</strong></span> <span class='ocrx_word' id='word_1_772' title='bbox 2513 5048 2640 5104; x_wconf 79' lang='lat' dir='ltr'><strong>estis</strong></span> <span class='ocrx_word' id='word_1_773' title='bbox 2680 5046 2903 5113; x_wconf 80' lang='lat' dir='ltr'><strong>Imun&#39;m&#39;,</strong></span> <span class='ocrx_word' id='word_1_774' title='bbox 2936 5046 3029 5102; x_wconf 80' lang='lat' dir='ltr'><strong>sed</strong></span> <span class='ocrx_word' id='word_1_775' title='bbox 3058 5048 3164 5104; x_wconf 84' lang='lat' dir='ltr'><strong>Deo</strong></span> <span class='ocrx_word' id='word_1_776' title='bbox 3191 5050 3233 5105; x_wconf 82' lang='grc'><strong>⁸.</strong></span> <span class='ocrx_word' id='word_1_777' title='bbox 3267 5052 3403 5108; x_wconf 55' lang='lat' dir='ltr'><strong>Nam</strong></span> 
     </span>
    </p>
   </div>
   <div class='ocr_carea' id='block_1_100' title="bbox 203 5128 1716 5228">
    <p class='ocr_par' dir='ltr' id='par_1_100' title="bbox 203 5128 1709 5228">
     <span class='ocr_line' id='line_1_100' title="bbox 203 5128 1709 5228; baseline -0.002 -15"><span class='ocrx_word' id='word_1_778' title='bbox 203 5128 271 5228; x_wconf 42' lang='grc' dir='ltr'><strong>ηιξ</strong></span> <span class='ocrx_word' id='word_1_779' title='bbox 294 5137 519 5228; x_wconf 61' lang='grc' dir='ltr'><strong>Ῐθολλάκις</strong></span> <span class='ocrx_word' id='word_1_780' title='bbox 543 5147 789 5221; x_wconf 63' lang='grc' dir='ltr'>εἴπομεν,</span> <span class='ocrx_word' id='word_1_781' title='bbox 820 5149 882 5204; x_wconf 83' lang='grc' dir='ltr'>τὸ</span> <span class='ocrx_word' id='word_1_782' title='bbox 908 5150 1134 5224; x_wconf 88' lang='grc' dir='ltr'>Πνεῦμα</span> <span class='ocrx_word' id='word_1_783' title='bbox 1165 5153 1242 5226; x_wconf 80' lang='grc' dir='ltr'>μὴ</span> <span class='ocrx_word' id='word_1_784' title='bbox 1264 5155 1544 5228; x_wconf 81' lang='grc' dir='ltr'>ἀλλότριον</span> <span class='ocrx_word' id='word_1_785' title='bbox 1566 5128 1709 5211; x_wconf 73' lang='grc' dir='ltr'>εἶναι</span> 
     </span>
    </p>
   </div>
   <div class='ocr_carea' id='block_1_101' title="bbox 1819 5128 3407 5228">
    <p class='ocr_par' dir='ltr' id='par_1_101' title="bbox 1819 5128 3407 5224">
     <span class='ocr_line' id='line_1_101' title="bbox 1819 5128 3407 5224; baseline -0.006 -16"><span class='ocrx_word' id='word_1_786' title='bbox 1819 5128 2188 5224; x_wconf 68' lang='grc' dir='ltr'>Δροδιοιιιε,ιιι</span> <span class='ocrx_word' id='word_1_787' title='bbox 2201 5159 2344 5215; x_wconf 72' lang='lat' dir='ltr'><strong>saepe</strong></span> <span class='ocrx_word' id='word_1_788' title='bbox 2357 5139 2694 5206; x_wconf 84' lang='lat' dir='ltr'><strong>monuimus,</strong></span> <span class='ocrx_word' id='word_1_789' title='bbox 2706 5137 2967 5208; x_wconf 82' lang='lat' dir='ltr'><strong>Spiritum</strong></span> <span class='ocrx_word' id='word_1_790' title='bbox 2986 5140 3143 5210; x_wconf 73' lang='lat'><strong>122</strong></span> <span class='ocrx_word' id='word_1_791' title='bbox 3155 5151 3407 5198; x_wconf 80' lang='lat' dir='ltr'><strong>sanctum</strong></span> 
     </span>
    </p>
   </div>
   <div class='ocr_carea' id='block_1_102' title="bbox 206 5219 1710 5315">
    <p class='ocr_par' dir='ltr' id='par_1_102' title="bbox 206 5219 1710 5315">
     <span class='ocr_line' id='line_1_102' title="bbox 206 5219 1710 5315; baseline 0.006 -22"><span class='ocrx_word' id='word_1_792' title='bbox 206 5219 269 5315; x_wconf 57' lang='grc' dir='ltr'><strong>τξδδ</strong></span> <span class='ocrx_word' id='word_1_793' title='bbox 289 5223 418 5297; x_wconf 71' lang='grc' dir='ltr'>θεοῦ,</span> <span class='ocrx_word' id='word_1_794' title='bbox 446 5234 610 5308; x_wconf 79' lang='grc' dir='ltr'>λέγων</span> <span class='ocrx_word' id='word_1_795' title='bbox 628 5257 643 5271; x_wconf 78' lang='grc'><em>’</em></span> <span class='ocrx_word' id='word_1_796' title='bbox 672 5219 934 5312; x_wconf 10' lang='grc' dir='ltr'>ἠἙρευνᾷ</span> <span class='ocrx_word' id='word_1_797' title='bbox 959 5219 1070 5299; x_wconf 68' lang='grc' dir='ltr'><strong>καί⁷</strong></span> <span class='ocrx_word' id='word_1_798' title='bbox 1088 5219 1349 5315; x_wconf 28' lang='grc' dir='ltr'><strong>τὰτέάθη</strong></span> <span class='ocrx_word' id='word_1_799' title='bbox 1382 5219 1490 5302; x_wconf 77' lang='grc' dir='ltr'><strong>τοῦ</strong></span> <span class='ocrx_word' id='word_1_800' title='bbox 1527 5246 1673 5302; x_wconf 76' lang='grc' dir='ltr'>Θεοῦ</span> <span class='ocrx_word' id='word_1_801' title='bbox 1694 5261 1710 5277; x_wconf 85' lang='lat'><strong><em>°</em></strong></span> 
     </span>
    </p>
   </div>
   <div class='ocr_carea' id='block_1_103' title="bbox 203 5309 1713 5405">
    <p class='ocr_par' dir='ltr' id='par_1_103' title="bbox 203 5309 1713 5405">
     <span class='ocr_line' id='line_1_103' title="bbox 203 5309 1713 5405; baseline 0.009 -25"><span class='ocrx_word' id='word_1_802' title='bbox 203 5309 308 5369; x_wconf 67' lang='grc' dir='ltr'><strong>τδδέ</strong></span> <span class='ocrx_word' id='word_1_803' title='bbox 341 5323 407 5397; x_wconf 74' lang='grc' dir='ltr'>μὴ</span> <span class='ocrx_word' id='word_1_804' title='bbox 425 5327 479 5382; x_wconf 77' lang='grc' dir='ltr'>ὃν</span> <span class='ocrx_word' id='word_1_805' title='bbox 505 5331 567 5385; x_wconf 74' lang='grc' dir='ltr'>ἐκ</span> <span class='ocrx_word' id='word_1_806' title='bbox 600 5333 699 5405; x_wconf 79' lang='grc' dir='ltr'>τῆς</span> <span class='ocrx_word' id='word_1_807' title='bbox 727 5309 917 5401; x_wconf 83' lang='grc' dir='ltr'>οὐσίας</span> <span class='ocrx_word' id='word_1_808' title='bbox 957 5336 1055 5392; x_wconf 89' lang='grc' dir='ltr'><strong>τοῦ</strong></span> <span class='ocrx_word' id='word_1_809' title='bbox 1093 5309 1251 5405; x_wconf 84' lang='grc' dir='ltr'>Θεοῦ,</span> <span class='ocrx_word' id='word_1_810' title='bbox 1302 5309 1562 5395; x_wconf 79' lang='grc' dir='ltr'>ἀδύνατόν</span> <span class='ocrx_word' id='word_1_811' title='bbox 1595 5340 1713 5393; x_wconf 74' lang='grc' dir='ltr'>ἐστι</span> 
     </span>
    </p>
   </div>
   <div class='ocr_carea' id='block_1_104' title="bbox 202 5448 861 5537">
    <p class='ocr_par' dir='ltr' id='par_1_104' title="bbox 202 5448 861 5537">
     <span class='ocr_line' id='line_1_104' title="bbox 202 5448 861 5537; baseline 0.024 -30"><span class='ocrx_word' id='word_1_812' title='bbox 202 5513 225 5537; x_wconf 47' lang='grc' dir='ltr'><strong>ε</strong></span> <span class='ocrx_word' id='word_1_813' title='bbox 250 5448 861 5537; x_wconf 70' lang='grc' dir='ltr'>κατεληλυθός.</span> 
     </span>
    </p>
   </div>
   <div class='ocr_carea' id='block_1_105' title="bbox 203 5529 828 5601">
    <p class='ocr_par' dir='ltr' id='par_1_105' title="bbox 203 5529 828 5601">
     <span class='ocr_line' id='line_1_105' title="bbox 203 5529 828 5601; baseline 0.005 -12"><span class='ocrx_word' id='word_1_814' title='bbox 203 5531 345 5591; x_wconf 64' lang='grc' dir='ltr'>θδίίίῖο</span> <span class='ocrx_word' id='word_1_815' title='bbox 409 5529 425 5559; x_wconf 88' lang='grc'>⁷</span> <span class='ocrx_word' id='word_1_816' title='bbox 452 5530 468 5584; x_wconf 88' lang='grc' dir='ltr'><strong>Ι</strong></span> <span class='ocrx_word' id='word_1_817' title='bbox 496 5535 615 5590; x_wconf 74' lang='lat' dir='ltr'><strong>Cor.</strong></span> <span class='ocrx_word' id='word_1_818' title='bbox 650 5529 709 5601; x_wconf 86' lang='grc' dir='ltr'><strong>ιί,</strong></span> <span class='ocrx_word' id='word_1_819' title='bbox 741 5529 828 5592; x_wconf 76' lang='grc' dir='ltr'><strong>1οξ</strong></span> 
     </span>
    </p>
   </div>
   <div class='ocr_carea' id='block_1_106' title="bbox 932 5461 2621 5563">
    <p class='ocr_par' dir='ltr' id='par_1_106' title="bbox 932 5461 2621 5563">
     <span class='ocr_line' id='line_1_106' title="bbox 932 5461 2621 5563; baseline 0.004 -38"><span class='ocrx_word' id='word_1_820' title='bbox 932 5471 955 5503; x_wconf 81' lang='lat'>&#39;</span> <span class='ocrx_word' id='word_1_821' title='bbox 985 5469 1177 5529; x_wconf 71' lang='lat' dir='ltr'><strong>Matth.</strong></span> <span class='ocrx_word' id='word_1_822' title='bbox 1210 5488 1295 5542; x_wconf 86' lang='grc' dir='ltr'>ιιι,</span> <span class='ocrx_word' id='word_1_823' title='bbox 1328 5474 1416 5563; x_wconf 72' lang='lat' dir='ltr'><strong>l7_.</strong></span> <span class='ocrx_word' id='word_1_824' title='bbox 1492 5474 1514 5507; x_wconf 90' lang='grc'>³</span> <span class='ocrx_word' id='word_1_825' title='bbox 1540 5471 1699 5530; x_wconf 74' lang='lat' dir='ltr'><strong>Joan.</strong></span> <span class='ocrx_word' id='word_1_826' title='bbox 1740 5489 1857 5539; x_wconf 75' lang='lat' dir='ltr'><strong>xiv,</strong></span> <span class='ocrx_word' id='word_1_827' title='bbox 1891 5472 1980 5529; x_wconf 76' lang='lat' dir='ltr'><strong>t0.</strong></span> <span class='ocrx_word' id='word_1_828' title='bbox 2059 5473 2082 5507; x_wconf 70' lang='grc'>⁸</span> <span class='ocrx_word' id='word_1_829' title='bbox 2110 5470 2250 5525; x_wconf 88' lang='lat' dir='ltr'><strong>Dan.</strong></span> <span class='ocrx_word' id='word_1_830' title='bbox 2281 5480 2366 5531; x_wconf 89' lang='grc' dir='ltr'>ιιι,</span> <span class='ocrx_word' id='word_1_831' title='bbox 2396 5461 2468 5518; x_wconf 82' lang='lat'><strong>57</strong></span> <span class='ocrx_word' id='word_1_832' title='bbox 2496 5474 2621 5531; x_wconf 68' lang='lat' dir='ltr'><strong>stm-</strong></span> 
     </span>
    </p>
   </div>
   <div class='ocr_carea' id='block_1_107' title="bbox 1819 5237 3407 5301">
    <p class='ocr_par' dir='ltr' id='par_1_107' title="bbox 1819 5237 3407 5301">
     <span class='ocr_line' id='line_1_107' title="bbox 1819 5237 3407 5301; baseline -0.011 1"><span class='ocrx_word' id='word_1_833' title='bbox 1819 5261 1852 5301; x_wconf 88' lang='lat' dir='ltr'><strong>a</strong></span> <span class='ocrx_word' id='word_1_834' title='bbox 1894 5245 2056 5301; x_wconf 87' lang='lat' dir='ltr'><strong>Patre</strong></span> <span class='ocrx_word' id='word_1_835' title='bbox 2085 5256 2194 5297; x_wconf 92' lang='lat' dir='ltr'><strong>non</strong></span> <span class='ocrx_word' id='word_1_836' title='bbox 2224 5238 2463 5293; x_wconf 87' lang='lat' dir='ltr'><strong>alienum</strong></span> <span class='ocrx_word' id='word_1_837' title='bbox 2495 5246 2620 5289; x_wconf 87' lang='lat' dir='ltr'><strong>esse</strong></span> <span class='ocrx_word' id='word_1_838' title='bbox 2649 5238 2859 5294; x_wconf 83' lang='lat' dir='ltr'><strong>censet,</strong></span> <span class='ocrx_word' id='word_1_839' title='bbox 2892 5246 3017 5287; x_wconf 91' lang='lat' dir='ltr'><strong>cum</strong></span> <span class='ocrx_word' id='word_1_840' title='bbox 3049 5248 3172 5289; x_wconf 85' lang='lat' dir='ltr'><strong>eum</strong></span> <span class='ocrx_word' id='word_1_841' title='bbox 3204 5237 3407 5290; x_wconf 78' lang='lat' dir='ltr'><strong>asserit</strong></span> 
     </span>
    </p>
   </div>
   <div class='ocr_carea' id='block_1_108' title="bbox 1818 5321 3407 5406">
    <p class='ocr_par' dir='ltr' id='par_1_108' title="bbox 1818 5321 3407 5406">
     <span class='ocr_line' id='line_1_108' title="bbox 1818 5321 3407 5406; baseline -0.006 -15"><span class='ocrx_word' id='word_1_842' title='bbox 1818 5335 1918 5392; x_wconf 74' lang='lat' dir='ltr'><strong>Dei</strong></span> <span class='ocrx_word' id='word_1_843' title='bbox 1948 5332 2218 5406; x_wconf 75' lang='lat' dir='ltr'><strong>prquuda</strong></span> <span class='ocrx_word' id='word_1_844' title='bbox 2239 5325 2471 5387; x_wconf 84' lang='lat' dir='ltr'><strong>scrutari</strong></span> <span class='ocrx_word' id='word_1_845' title='bbox 2493 5324 2536 5377; x_wconf 83' lang='grc'><strong>⁷.</strong></span> <span class='ocrx_word' id='word_1_846' title='bbox 2556 5321 2692 5378; x_wconf 86' lang='lat' dir='ltr'><strong>Nam</strong></span> <span class='ocrx_word' id='word_1_847' title='bbox 2726 5322 2869 5396; x_wconf 83' lang='lat' dir='ltr'><strong>quod</strong></span> <span class='ocrx_word' id='word_1_848' title='bbox 2902 5339 2934 5380; x_wconf 87' lang='lat' dir='ltr'><strong>e</strong></span> <span class='ocrx_word' id='word_1_849' title='bbox 2967 5326 3276 5381; x_wconf 83' lang='lat' dir='ltr'><strong>substantia</strong></span> <span class='ocrx_word' id='word_1_850' title='bbox 3312 5327 3407 5383; x_wconf 64' lang='lat' dir='ltr'><strong>“ei</strong></span> 
     </span>
    </p>
   </div>
   <div class='ocr_carea' id='block_1_109' title="bbox 2726 5458 3407 5527">
    <p class='ocr_par' dir='ltr' id='par_1_109' title="bbox 2726 5458 3407 5527">
     <span class='ocr_line' id='line_1_109' title="bbox 2726 5458 3407 5527; baseline 0.009 -13"><span class='ocrx_word' id='word_1_851' title='bbox 2726 5458 2748 5490; x_wconf 92' lang='lat'><strong>&#39;</strong></span> <span class='ocrx_word' id='word_1_852' title='bbox 2777 5458 2883 5515; x_wconf 87' lang='lat' dir='ltr'><strong>lsa.</strong></span> <span class='ocrx_word' id='word_1_853' title='bbox 2917 5474 2996 5525; x_wconf 87' lang='lat' dir='ltr'><strong>vr,</strong></span> <span class='ocrx_word' id='word_1_854' title='bbox 3021 5461 3075 5516; x_wconf 78' lang='lat'><strong>3.</strong></span> <span class='ocrx_word' id='word_1_855' title='bbox 3155 5460 3325 5516; x_wconf 75' lang='lat' dir='ltr'><strong>‘Act.</strong></span> <span class='ocrx_word' id='word_1_856' title='bbox 3351 5480 3407 5527; x_wconf 83' lang='lat' dir='ltr'><strong>v,</strong></span> 
     </span>
    </p>
   </div>
   <div class='ocr_carea' id='block_1_110' title="bbox 234 5614 1716 5719">
    <p class='ocr_par' dir='ltr' id='par_1_110' title="bbox 234 5614 1704 5719">
     <span class='ocr_line' id='line_1_110' title="bbox 234 5614 1704 5719; baseline -0.011 1"><span class='ocrx_word' id='word_1_857' title='bbox 380 5638 500 5697; x_wconf 77' lang='grc' dir='ltr'><strong>Ἵνα</strong></span> <span class='ocrx_word' id='word_1_858' title='bbox 520 5649 772 5719; x_wconf 60' lang='grc' dir='ltr'>,καθαρὰ</span> <span class='ocrx_word' id='word_1_859' title='bbox 814 5650 969 5705; x_wconf 80' lang='grc' dir='ltr'>αὐτὰ</span> <span class='ocrx_word' id='word_1_860' title='bbox 1007 5650 1319 5718; x_wconf 76' lang='grc' dir='ltr'>ἀποδείξῃ.</span> <span class='ocrx_word' id='word_1_861' title='bbox 1380 5650 1508 5706; x_wconf 64' lang='lat' dir='ltr'><strong>Haec</strong></span> <span class='ocrx_word' id='word_1_862' title='bbox 1539 5650 1704 5708; x_wconf 85' lang='lat' dir='ltr'><strong>verba</strong></span> 
     </span>
    </p>
   </div>
   <div class='ocr_carea' id='block_1_111' title="bbox 1819 5614 3047 5719">
    <p class='ocr_par' dir='ltr' id='par_1_111' title="bbox 1819 5644 3047 5719">
     <span class='ocr_line' id='line_1_111' title="bbox 1819 5644 3047 5719; baseline -0.01 -13"><span class='ocrx_word' id='word_1_863' title='bbox 1819 5652 1941 5706; x_wconf 81' lang='lat' dir='ltr'><strong>lices</strong></span> <span class='ocrx_word' id='word_1_864' title='bbox 1972 5651 2028 5705; x_wconf 82' lang='lat' dir='ltr'><strong>in</strong></span> <span class='ocrx_word' id='word_1_865' title='bbox 2057 5666 2240 5705; x_wconf 85' lang='lat' dir='ltr'><strong>eorum</strong></span> <span class='ocrx_word' id='word_1_866' title='bbox 2269 5648 2500 5719; x_wconf 72' lang='lat' dir='ltr'><strong>gratiam</strong></span> <span class='ocrx_word' id='word_1_867' title='bbox 2528 5644 2771 5714; x_wconf 72' lang='lat' dir='ltr'><strong>efﬁceret,</strong></span> <span class='ocrx_word' id='word_1_868' title='bbox 2791 5645 2913 5719; x_wconf 53' lang='grc' dir='ltr'>ραι,</span> <span class='ocrx_word' id='word_1_869' title='bbox 2935 5647 3047 5719; x_wconf 69' lang='lat' dir='ltr'><strong>etc.</strong></span> 
     </span>
    </p>
   </div>
   <div class='ocr_carea' id='block_1_112' title="bbox 210 5691 1706 5791">
    <p class='ocr_par' dir='ltr' id='par_1_112' title="bbox 210 5691 1706 5791">
     <span class='ocr_line' id='line_1_112' title="bbox 210 5691 1706 5791; baseline -0.012 0"><span class='ocrx_word' id='word_1_870' title='bbox 210 5691 409 5791; x_wconf 56' lang='grc' dir='ltr'><strong>ῗῗὲἓῖῖυδ</strong></span> <span class='ocrx_word' id='word_1_871' title='bbox 445 5691 1192 5791; x_wconf 53' lang='grc' dir='ltr'><strong>[ςάάίάίῗηῗοῦὶῖίηῖῖξηῖὄ</strong></span> <span class='ocrx_word' id='word_1_872' title='bbox 1224 5691 1706 5776; x_wconf 62' lang='grc' dir='ltr'><strong>ἱὶῗνονεεῗέἐῖεό-</strong></span> 
     </span>
    </p>
   </div>
   <div class='ocr_carea' id='block_1_113' title="bbox 213 5763 1708 5864">
    <p class='ocr_par' dir='ltr' id='par_1_113' title="bbox 213 5763 1708 5864">
     <span class='ocr_line' id='line_1_113' title="bbox 213 5763 1708 5864; baseline 0.019 -46"><span class='ocrx_word' id='word_1_873' title='bbox 213 5763 363 5830; x_wconf 75' lang='lat' dir='ltr'><strong>dantur</strong></span> <span class='ocrx_word' id='word_1_874' title='bbox 385 5763 413 5833; x_wconf 66' lang='lat' dir='ltr'><strong>ai</strong></span> <span class='ocrx_word' id='word_1_875' title='bbox 445 5763 872 5856; x_wconf 62' lang='grc' dir='ltr'><strong>Τίῐοῖἑιᾞὲίὸξῖιῖ</strong></span> <span class='ocrx_word' id='word_1_876' title='bbox 897 5763 1447 5864; x_wconf 49' lang='grc' dir='ltr'><strong>ἕιίἰὲῗίἧίᾎὶῦοῗ</strong></span> <span class='ocrx_word' id='word_1_877' title='bbox 1466 5763 1594 5847; x_wconf 70' lang='grc' dir='ltr'><strong>εἲῶἑ</strong></span> <span class='ocrx_word' id='word_1_878' title='bbox 1608 5763 1708 5845; x_wconf 72' lang='grc' dir='ltr'><strong>’ἷᾶο</strong></span> 
     </span>
    </p>
   </div>
   <div class='ocr_carea' id='block_1_114' title="bbox 1887 5709 3404 5791">
    <p class='ocr_par' dir='ltr' id='par_1_114' title="bbox 1887 5709 3404 5791">
     <span class='ocr_line' id='line_1_114' title="bbox 1887 5709 3404 5791; baseline -0.003 -17"><span class='ocrx_word' id='word_1_879' title='bbox 1887 5720 1999 5791; x_wconf 73' lang='grc'><strong>(26)</strong></span> <span class='ocrx_word' id='word_1_880' title='bbox 2051 5709 2363 5791; x_wconf 69' lang='lat' dir='ltr'><strong>Legendinn</strong></span> <span class='ocrx_word' id='word_1_881' title='bbox 2418 5709 2634 5773; x_wconf 75' lang='lat' dir='ltr'><strong>videtur</strong></span> <span class='ocrx_word' id='word_1_882' title='bbox 2682 5709 3128 5783; x_wconf 80' lang='grc' dir='ltr'>προλεχθέντων,</span> <span class='ocrx_word' id='word_1_883' title='bbox 3173 5723 3230 5768; x_wconf 85' lang='lat' dir='ltr'><strong>et</strong></span> <span class='ocrx_word' id='word_1_884' title='bbox 3280 5727 3404 5770; x_wconf 73' lang='lat' dir='ltr'><strong>mox</strong></span> 
     </span>
    </p>
   </div>
   <div class='ocr_carea' id='block_1_115' title="bbox 1813 5789 2290 5847">
    <p class='ocr_par' dir='ltr' id='par_1_115' title="bbox 1813 5789 2290 5847">
     <span class='ocr_line' id='line_1_115' title="bbox 1813 5789 2290 5847; baseline -0.004 -2"><span class='ocrx_word' id='word_1_885' title='bbox 1813 5789 1876 5845; x_wconf 79' lang='grc' dir='ltr'>τὸ</span> <span class='ocrx_word' id='word_1_886' title='bbox 1898 5789 2097 5847; x_wconf 75' lang='grc' dir='ltr'>εἰπεῖν.</span> <span class='ocrx_word' id='word_1_887' title='bbox 2130 5789 2290 5847; x_wconf 72' lang='lat' dir='ltr'><strong>Enn.</strong></span> 
     </span>
    </p>
   </div>
  </div>
