3994 6436
533 388 631 443 (251

1935 381 1992 433 S.
2037 378 2377 436 ΕΡΙΡΠᾹΝΠ

3679 386 3766 443 9.59.

541 521 646 560 mm
696 512 801 562 est,
853 501 971 570 ejus
1013 497 1284 568 profunda
1334 504 1565 548 scrutari
1615 511 1718 546 non
1773 505 1967 562 potest.
2023 494 2131 548 Nos

2256 495 2308 546 rd
2341 494 2503 560 ,ϐάθη
2559 492 2660 546 τοῦ
2719 494 2868 547 Θεοῦ
2922 495 3196 563 ἐγευνᾷν.
3262 497 3450 565 Ἡμεῖς
3493 496 3546 550 δὲ
3586 499 3769 571 οἴδαμεν

540 600 706 667 igitur
743 593 963 646 Patrem
992 595 1310 661 proﬁtemur
1337 605 1459 643 esse
1487 589 1701 641 Patrem
1729 604 1741 650 ;
1781 587 2000 650 Filium,
2037 585 2125 638 Fi-

537 689 706 752 lium;
763 685 1028 754 Spiritum
1089 691 1339 735 sanctum
1397 680 1635 748 denique
1691 678 1954 748 Spiritu.u
2005 694 2127 732 esse

537 788 830 834 sanctum:
869 776 973 828 hoc
1003 783 1106 834 est,
1142 770 1468 827 Trinitatem
1505 774 1559 824 in
1597 773 1805 825 unitate
1871 771 2125 839 positam.

539 869 850 940 Singularis
882 868 1080 937 quippe
1114 865 1292 918 Patris
1321 879 1383 916 ac
1417 863 1539 916 Filii
1582 871 1635 917 et
1677 862 1918 932 Spiritus
1952 863 2128 916 sancti

539 962 724 1014 unitas
765 966 877 1023 est,
927 974 1034 1010 una
1071 956 1404 1021 substantia,
1450 955 1765 1008 dominatus
1804 969 1980 1015 unus.
2024 969 2130 1007 una

539 1052 823 1105 voluntas:
845 1065 953 1103 una
985 1047 1252 1109 Ecclesia,
1283 1047 1572 1114 baptisma:
1611 1061 1766 1109 unus,
1800 1061 1905 1097 una
1934 1044 2064 1112 ﬁdes
2089 1045 2128 1096 ‘.

540 1141 886 1210 Proindeque
923 1141 1180 1194 desinant
1215 1139 1306 1192 isti
1342 1146 1588 1192 sanctam
1622 1136 1830 1191 Christi
1864 1137 2130 1206 virginem

541 1247 607 1287 ac
647 1233 1015 1287 castissimam
1061 1245 1378 1300 oppugnare
1417 1243 1700 1297 sponsam,
1748 1237 1998 1293 matrem,
2046 1229 2133 1281 in-

542 1341 732 1396 quam,
767 1332 1012 1379 nostram
1058 1323 1390 1388 Eeclcsiam;
1435 1322 1595 1391 cujus
1646 1322 1737 1374 lilii
1775 1336 1805 1374 a
1855 1322 2136 1377 sanctissi-

540 1419 644 1471 mis
668 1419 784 1472 suis
803 1415 1083 1481 Patribus,
1104 1415 1205 1468 hoc
1229 1423 1312 1467 est
1361 1413 1644 1483 apostolis,
1673 1428 1796 1466 cum
1821 1413 2135 1467 custodien-

537 1511 660 1564 dam
704 1510 886 1575 ﬁdem,
929 1516 1044 1562 tum
1077 1509 1191 1562 suis
1221 1522 1441 1576 quoque
1476 1506 1664 1560 liberis
1712 1504 2038 1560 tradendam
2073 1520 2137 1560 ac

538 1603 944 1674 praedicandam
987 1607 1341 1670 acceperunt.
1387 1600 1632 1664 Quorum
1679 1615 1709 1652 e
1756 1598 1992 1651 ﬁliorum
2035 1614 2135 1651 nu-

545 1711 698 1749 mero
729 1696 855 1748 date
882 1707 1102 1763 operam
1130 1700 1189 1745 ut
1215 1691 1358 1753 sitis,
1391 1690 1588 1743 fratres
1618 1688 1956 1749 charissimi,
1987 1703 2137 1742 eam-

541 1785 774 1853 demque
811 1781 1120 1835 doctrinam
1153 1781 1207 1832 in
1242 1780 1444 1833 liberos
1485 1786 1700 1832 vestros
1745 1776 2131 1830 transfundite.

2233 588 2454 655 Πατέρα
2508 587 2748 655 Πατέρα,
2803 586 2927 639 Υίδν
2975 588 3125 651 Υίὺν,
3177 589 3329 655 ᾶγιον
3376 588 3594 659 Πνεῦμα
3650 594 3771 660 ἆγιον

2232 677 2478 746 Πνεῦμα,
2525 677 2729 746 Τριάδα
2782 679 2839 729 ὲν
2884 678 3114 748 ένότητι.
3168 680 3281 732 Μία
3328 679 3436 750 γὰρ
3470 681 3644 752 ἑνότης
3685 686 3774 738 ἐστι

2232 768 2445 838 Πατρδς
2479 768 2571 820 καὶ
2606 767 2736 820 Υίοῦ
2775 770 2867 822 καὶ
2911 771 3069 838 ἁγίου
3121 770 3457 840 Πνεύματος,
3508 772 3599 842 μία
3631 773 3773 842 οὐσία,

2236 861 2333 931 μία
2378 864 2654 933 κυριότης,
2693 861 2750 914 ἓν
2800 861 3042 932 θέλημα·
3079 863 3176 933 μία
3220 863 3550 933 Ἐκκλησία,
3597 865 3773 930 ἒνβά-

2233 968 2483 1021 πτισμιι,
2531 953 2640 1021 μία
2686 955 2912 1018 πίστις.
2968 955 3074 1006 Καὶ
3131 955 3530 1007 παυσάσθωσαν
3575 956 3621 1008 οἱ
3669 960 3782 1012 κατᾶ

2233 1045 2333 1112 τῆς
2361 1043 2519 1111 ἁγίας
2554 1044 2826 1115 παρθένου
2857 1043 2951 1097 τοῦ
2973 1045 3233 1115 Χριστοῦ,
3269 1046 3360 1097 καὶ
3381 1045 3593 1115 νύμφης
3622 1047 3778 1119 arri};

2233 1136 2481 1188 τουτέστι
2515 1136 2614 1206 τῆς
2652 1137 2857 1206 μητρὸς
2908 1137 3064 1206 ἡμῶν
3114 1137 3215 1206 τῆς
3257 1138 3417 1206 ἁγίας
3477 1138 3776 1208 Ἐκκλησίας.

2234 1226 2553 1298 Παρέλαϐον
2580 1227 2688 1297 γὰρ
2735 1229 2784 1280 οἱ
2817 1227 3023 1298 ταύτης
3059 1229 3246 1290 παῖδες
3278 1229 3430 1300 παρὰ
3461 1229 3623 1297 ἁγίωδ
3646 1232 3779 1284 Πατέ-

2237 1337 2367 1389 ρων,
2409 1320 2656 1372 τουτέστι
2690 1318 2796 1372 τῶν
2835 1320 3003 1385 ἁγίων
3036 1321 3370 1386 ἀποστόλων,
3412 1321 3588 1375 πίστιν
3619 1322 3778 1391 φυλάτ-

2236 1427 2348 1462 τειν
2373 1427 2385 1440 ·
2431 1411 2548 1480 ἅμα
2585 1411 2640 1462 δὲ
2692 1412 2785 1464 καὶ
2819 1414 2929 1474 τοῖς
2980 1413 3190 1466 ἑαυτῶν
3222 1414 3436 1477 τέκνοις
3480 1416 3779 1484 παραδιδόναι

2236 1517 2295 1552 τε
2348 1501 2441 1553 καὶ
2492 1501 2882 1568 ἀπαγγέλλειν.
2933 1502 3021 1568 Ἐξ
3051 1495 3126 1555 ὧν
3161 1505 3256 1556 καὶ
3305 1505 3463 1557 αὐτοὶ
3507 1506 3608 1556 υἱοὶ
3641 1507 3780 1576 ὑπὲρ·

2237 1609 2385 1661 χετε,
2431 1591 2752 1662 τιμιώτατοι
2789 1593 3028 1662 ἀδελφοὶ,
3073 1595 3166 1648 καὶ
3215 1598 3329 1658 τοῖς
3383 1597 3587 1648 ἑαυτῶν
3614 1597 3781 1657 τέκνοις

2237 1681 2442 1750 ταύτην
2475 1683 2574 1751 τὴν
2622 1683 2972 1738 διδασκαλίαν
3016 1685 3398 1756 παραδιδόατε.
3441 1685 3621 1740 Ταῦτα
3649 1685 3782 1748 οἱτως

2238 1770 2510 1838 λέγοντες,
2544 1771 2638 1823 καὶ
2666 1772 2733 1825 τά
2765 1773 2975 1837 τούτοις
3013 1777 3172 1844 ὃμοια
3218 1776 3325 1828 ἀπὸ
3351 1776 3462 1829 τῶν
3489 1777 3638 1829 θείων
3675 1778 3777 1846 [‘91-

542 1875 672 1930 llaac
699 1888 819 1944 qua:
859 1873 1126 1926 hactenus
1161 1869 1308 1934 disi,
1355 1877 1520 1938 atque
1566 1871 1651 1923 his
1699 1868 1898 1922 similia
1944 1867 2140 1936 prmdi-

2256 1861 2358 1930 Ιτῶν
2389 1861 2688 1931 βεθαιῶσαι
2720 1864 2917 1927 αὐτούς
2949 1882 3007 1917 τε
3055 1866 3148 1918 καὶ
3185 1868 3312 1930 τοῦς
3355 1868 3640 1931 ἀκούοντας
3666 1868 3784 1936 ὑμῶν

545 1967 744 2032 cando,
779 1973 942 2033 atque
969 1979 1000 2017 e
1029 1962 1202 2017 sacris
1248 1959 1470 2014 Litteris
1510 1959 1876 2028 vosmetipsos
1927 1959 2145 2012 audito-

548 2073 747 2127 resque
785 2065 997 2110 vestros
1039 2053 1366 2107 continuare
1450 2049 1719 2114 docendo,
1773 2050 2145 2114 instituendo,

549 2147 882 2202 moderando
916 2143 1075 2198 ﬁnem
1119 2144 1325 2197 nullum
1365 2141 1548 2204 facite,
1584 2140 1770 2196 ﬁdeles
1796 2150 1849 2196 et
1881 2140 2140 2196 catholici

547 2239 671 2292 Viri.
716 2237 947 2308 Pergite,
979 2237 1227 2304 inquam,
1265 2242 1511 2290 sanetam
1545 2233 1688 2286 hanc
1734 2233 1990 2288 Ecclesia:
2024 2247 2153 2287 con-

550 2343 774 2384 servare
817 2327 998 2389 ﬁdem,
1031 2343 1195 2395 quam
1227 2333 1580 2380 sacrosancta
1615 2338 1678 2377 ac
1715 2323 2019 2394 singularis
2055 2322 2147 2376 Dei

553 2421 707 2490 virgo
741 2420 811 2474 ab
845 2420 1107 2488 apostolis
1154 2417 1366 2471 Domini
1419 2416 1522 2470 sibi
1571 2415 1834 2470 creditam
1883 2416 2146 2485 accepit:

555 2509 807 2578 idemque
841 2507 1251 2562 eatechumcnis
1289 2507 1548 2560 omnibus
1591 2504 1682 2575 qui
1721 2506 1784 2559 ad
1817 2505 2149 2575 baptismum

558 2615 682 2656 sese
712 2606 1054 2669 comparant,
1107 2599 1380 2653 inculcate
1424 2583 1737 2666 diligenter:
1787 2597 1976 2668 Neque
2023 2597 2151 2652 ﬁliis

564 2691 770 2745 vestris
793 2690 849 2743 in
875 2688 1107 2742 Domino
1136 2687 1188 2740 id
1221 2688 1513 2757 praecipere
1541 2688 1808 2740 duntaxat
1837 2694 1896 2739 ut
1925 2685 2153 2740 credant

561 2789 801 2852 oportet,
839 2778 934 2833 sed
962 2788 1014 2832 et
1040 2778 1162 2834 illus
1189 2777 1386 2832 docere
1415 2787 1474 2832 ut
1499 2778 1640 2831 hanc
1670 2776 1958 2831 formulam
1989 2791 2152 2846 quam

565 2879 808 2928 vestrum
845 2878 1210 2938 nostrumque
1255 2867 1502 2921 omnium
1542 2875 1719 2922 mater
1763 2867 2150 2937 amplectitur,

565 2975 828 3033 expresse
859 2960 1172 3030 diserteque
1199 2957 1386 3012 dicant
1415 2976 1432 3013 :

641 3053 825 3110 CXIX.
865 3051 1156 3109 Credimus
1204 3053 1258 3106 in
1298 3067 1468 3105 unum
1518 3049 1686 3106 Deum
1722 3048 1937 3104 Patrem
1978 3050 2156 3105 onmi-

2249 1953 2612 2018 διδάσκοντες,
2657 1956 3043 2020 ὁδοποιοῦντες,
3087 1959 3477 2029 κατηχοῦντες,
3529 1961 3598 2031 μὴ
3627 1961 3785 2014 διαλεί-

2253 2064 2410 2116 πητε,
2439 2048 2487 2100 οἱ
2521 2048 2702 2099 πιστοὶ
2732 2049 2825 2100 καὶ
2853 2048 3144 2118 ὀρθόδοξοι,
3170 2051 3380 2121 ταύτην
3411 2052 3508 2120 τὴν
3537 2051 3680 2119 ἁγίαν
3716 2052 3784 2103 πί-

2253 2154 2371 2189 στιν
2415 2138 2515 2207 τῆς
2566 2137 2861 2210 καθολικῆς
2925 2137 3276 2209 Ἐκκλησίας,
3322 2141 3401 2205 ὠς
3450 2142 3786 2212 παρέλαϐενὴ

2253 2228 2383 2295 ἁγία
2429 2229 2524 2281 καὶ
2567 2229 2704 2300 μόνη
2739 2229 3008 2301 παρθένος
3057 2231 3151 2283 τοῦ
3182 2230 3317 2286 Θεοῦ
3366 2234 3477 2286 ἀπὸ
3521 2234 3621 2285 τῶν
3657 2233 3787 2300 ἀγίων

2252 2313 2680 2372 ἀποστόλωνλτοῦ
2713 2321 2916 2392 Κυρίου
2950 2321 3266 2390 φυλάττειν·
3293 2325 3390 2376 καὶ
3417 2323 3585 2386 οῦτως
3607 2325 3788 2376 ἕκαστον

2251 2409 2360 2462 τῶν
2393 2412 2814 2483 κατηχουμένων
2857 2413 2967 2466 τῶν
3015 2413 3318 2484 μελλόντων
3350 2415 3431 2485 τῷ
3462 2417 3597 2486 ἁγίῳ
3626 2415 3790 2485 λουτρῷ

2254 2503 2538 2576 προσιέναι
2589 2506 2650 2558 οὐ
2705 2507 2862 2575 μόνον
2918 2507 3284 2576 ἀπαγγέλλειν
3325 2509 3570 2578 ὀφείλετε
3623 2509 3675 2562 τδ
3722 2527 3787 2560 1:-

2256 2596 2468 2649 στεύειν
2505 2599 2620 2662 τοῖς
2663 2597 2873 2651 ἑαυτῶν
2908 2600 3042 2662 υίοῖς
3069 2601 3127 2652 ὲν
3154 2601 3368 2672 Κυρίῳ.
3402 2601 3538 2655 ἀλλὰ
3565 2601 3650 2654 καὶ
3683 2601 3788 2653 διδα-

2257 2704 2408 2741 σκειν
2440 2689 2618 2759 ῥητῶς
2659 2689 2734 2753 ὡς
2764 2691 2981 2746 πάντων
3013 2693 3047 2764 ἡ
3085 2692 3224 2765 αὐτὴ
3261 2694 3448 2768 μήτηρ
3481 2693 3626 2766 ὐμῶν
3650 2712 3700 2747 τε
3722 2691 3790 2747 nl

2254 2781 2286 2849 ἡ
2297 2778 2436 2850 μῶν,
2465 2779 2526 2834 τὺ
2558 2781 2760 2850 λέγειν’

2326 3047 2474 3102 ΡΙΘν.
2515 3049 2854 3123 Πιστεύομεν
2900 3053 2981 3117 εἰς
3031 3053 3126 3107 ἕνα
3167 3053 3322 3122 Θεὸν,
3377 3057 3596 3132 Πατέρα
3641 3072 3790 3113 πανω-

571 3154 876 3217 potentem,
928 3143 1195 3200 factorem
1229 3143 1357 3198 caeli
1400 3149 1456 3197 et
1493 3148 1674 3207 terrae,
1706 3141 2004 3197 visibilium
2039 3157 2152 3195 om-

2259 3140 2521 3212 κράτορα,
2578 3143 2810 3216 ποιητὴν
2855 3145 3086 3218 οὐρανοῦ
3119 3165 3178 3200 τε
3224 3149 3319 3203 καὶ
3365 3151 3495 3222 γῆς,
3541 3152 3724 3223 ὁρατῶν
3747 3167 3788 3202 τι

572 3240 723 3294 nium
760 3229 816 3292 et
842 3237 1222 3293 invisibilium.
1258 3234 1322 3288 Et
1357 3235 1411 3288 in
1446 3249 1616 3289 unttm
1650 3233 1938 3288 Dominum
1969 3232 2155 3289 Iesum

573 3331 854 3384 Christum
883 3327 1080 3380 Filium
1115 3327 1206 3381 Dei
1245 3326 1617 3395 unigenitum;
1665 3341 1730 3380 ex
1764 3324 1928 3380 Patre
1968 3333 2159 3378 natum

579 3430 705 3474 ante
737 3419 923 3471 omnia
959 3419 1178 3477 saecula,
1216 3417 1321 3470 hoc
1347 3425 1452 3482 est,
1489 3432 1554 3471 ex
1598 3418 1908 3472 substantia
1938 3416 2117 3471 Patris
2139 3457 2154 3481 ,

582 3513 766 3564 lumen
793 3510 861 3563 de
895 3509 1122 3571 ltnnine,
1155 3507 1322 3560 Demn
1365 3523 1552 3562 verum
1586 3509 1651 3563 de
1699 3508 1807 3562 Deo
1833 3522 1985 3570 vero,
2020 3509 2164 3577 geni-

581 3609 836 3669 tum,non
861 3599 1088 3665 factum,
1122 3600 1648 3654 consubstantialem
1678 3599 1856 3653 Patri:
1884 3615 1980 3670 per
2000 3615 2160 3669 quem

583 3698 764 3748 omnia
793 3691 932 3746 facta
961 3698 1090 3746 sunt
1115 3703 1237 3760 qum
1263 3690 1317 3744 in
1346 3689 1502 3744 cretis
1529 3698 1582 3745 et
1621 3706 1744 3760 qua:
1768 3693 1822 3744 in
1865 3700 2007 3744 terra
2039 3705 2165 3744 con-

582 3786 847 3838 tinentur.
887 3783 990 3849 Qui
1027 3790 1249 3852 propter
1291 3798 1390 3836 nos
1427 3782 1678 3836 homines
1709 3790 1761 3837 et
1800 3791 2024 3853 propter
2072 3797 2166 3836 no.

581 3881 754 3928 stram
791 3873 1022 3928 salutem
1063 3871 1344 3928 descendit
1391 3872 1460 3926 de
1505 3872 1692 3938 cretis,
1741 3881 1795 3928 et
1843 3873 2164 3928 incarnatus

578 3972 666 4019 est
695 3963 764 4019 de
808 3964 1015 4035 Spiritu
1050 3972 1246 4019 sancto
1291 3979 1355 4018 ex
1403 3962 1572 4018 Maria
1613 3962 1857 4035 Virgine,
1905 3972 1959 4019 et
2001 3964 2166 4019 homo

582 4055 764 4110 factus
799 4063 904 4111 est.
946 4055 1258 4111 Cruciﬁxus
1289 4056 1454 4110 etiam
1499 4070 1598 4126 pro
1631 4055 1789 4112 nobis
1828 4057 1931 4111 sub
1969 4054 2166 4109 Pontio

578 4145 778 4212 Pilato,
818 4162 1015 4217 passus
1044 4155 1098 4202 et
1131 4148 1383 4218 sepultus
1417 4158 1500 4202 est
1533 4165 1547 4202 :
1577 4155 1634 4202 et
1667 4148 1969 4202 resurrexit
2005 4147 2167 4202 tertia

581 4239 672 4294 die
707 4241 1007 4295 secundum
1042 4239 1396 4311 Scripturas;
1449 4249 1502 4295 et
1547 4241 1795 4297 ascendit
1835 4241 1889 4295 in
1928 4242 2165 4304 coelum,

580 4338 637 4386 et
673 4330 826 4385 sedet
867 4330 933 4384 ad
975 4330 1257 4385 dexteram
1299 4329 1512 4398 Patris;
1559 4341 1613 4386 et
1656 4330 1854 4386 iterum
1900 4339 2167 4387 venturus

575 4429 662 4475 est
707 4436 830 4474 cum
877 4423 1046 4491 gloria
1085 4421 1336 4490 judicare
1389 4423 1543 4475 vivos
1585 4429 1638 4476 et
1681 4432 1959 4487 mortuos;
2009 4422 2166 4493 123

2262 3233 2480 3286 πάντων
2510 3235 2605 3288 καὶ
2653 3236 2920 3308 ἀοράτων.
2968 3240 3080 3293 Καὶ
3112 3243 3192 3304 είς
3242 3243 3338 3295 ἓνα
3387 3242 3589 3319 Κύριον
3634 3243 3792 3315 Ἰησοῦν

2262 3325 2495 3394 Χριστὸν
2540 3327 2631 3379 τὸν
2680 3328 2808 3383 Υίὸν
2841 3329 2936 3383 τοῦ
2977 3330 3112 3384 Θεοῦ
3160 3331 3252 3386 τὸν
3303 3339 3587 3407 μονογενῆ,
3632 3337 3709 3389 τὸν
3748 3335 3793 3385 ἐκ

2262 3415 2357 3468 τοῦ
2413 3418 2625 3488 Πατρδς
2659 3420 2990 3490 γεννηθέντα
3036 3423 3142 3494 πρὸ
3193 3425 3418 3480 πάντων
3465 3427 3570 3481 τῶν
3609 3426 3792 3484 αἰώνων.

2262 3507 2540 3561 τουτέστιν
2571 3511 2636 3563 ὲκ
2666 3510 2766 3581 τῆς
2789 3511 2978 3575 οὐσίας
3009 3513 3102 3566 τοῦ
3130 3514 3364 3586 Πατρός,
3409 3518 3524 3588 ιρῶς
3558 3520 3616 3571 ὲκ
3642 3515 3792 3586 earth.

2264 3592 2397 3646 Θεὸν
2455 3595 2705 3666 ἀληθινὸν
2765 3600 2828 3650 ἐκ
2888 3599 3024 3652 Θεοῦ
3083 3601 3359 3671 ἀληθινοῦ,
3413 3605 3728 3676 γεννηθέντα,
3753 3603 3792 3656 οὐ

2265 3685 2577 3756 ποιηθέντα,
2619 3689 2902 3757 όμοούσιον
2954 3691 3032 3762 τῷ
3076 3692 3285 3765 Πατρί·
3341 3694 3413 3748 δι’
3455 3690 3514 3750 οῦ
3559 3697 3621 3750 τὰ
3665 3697 3798 3749 πάντα

2266 3776 2502 3845 ἐγένετο,
2556 3779 2625 3832 τά
2677 3797 2736 3832 τε
2788 3781 2846 3834 ἐν
2887 3785 2999 3846 τοῖς
3028 3784 3278 3854 οὐρανοῖς
3317 3788 3415 3840 καὶ
3452 3787 3518 3842 τὰ
3550 3791 3602 3841 έν
3640 3789 3694 3858 τῇ
3720 3793 3795 3853 γῇ·

2266 3869 2358 3921 τὸν
2391 3869 2458 3922 δι’
2488 3871 2636 3940 ἡμᾶς
2661 3873 2788 3935 τοὺς
2831 3872 3154 3945 ἀνθρώπους
3187 3877 3281 3930 καὶ
3326 3877 3420 3932 διὰ
3452 3879 3545 3951 τὴν
3579 3879 3798 3950 ἡμετέραν

2270 3961 2545 4033 σωτηρίαν
2581 3963 2910 4017 κατελθόντα
2941 3967 3005 4018 ὲκ
3048 3967 3156 4019 τῶν
3200 3969 3473 4040 οὐρανῶν,
3503 3973 3591 4024 καὶ
3633 3987 3800 4040 σαρκία·

2269 4051 2430 4106 θέντα
2459 4054 2522 4106 ἐκ
2549 4054 2688 4107 Πνεύ
2698 4072 2865 4126 ματος
2888 4055 3042 4125 ἁγίου
3073 4059 3168 4112 καὶ
3189 4059 3406 4132 Μαρίας
3428 4063 3527 4132 τῆς
3553 4061 3799 4132 Παρθένου.

2269 4145 2364 4198 καὶ
2413 4145 2930 4217 ἑνανθρωπήσαντα,
2987 4151 3368 4220 σταυρωθέντα
3417 4171 3475 4206 τε
3524 4154 3652 4223 ὑπὲρ
3682 4147 3799 4221 male

2271 4239 2363 4291 ἐπὶ
2391 4237 2617 4290 Ποντίου
2650 4237 2907 4305 Πιλάτου,
2939 4241 3032 4294 καὶ
3064 4241 3320 4309 παθόντα,
3346 4245 3444 4298 καὶ
3477 4246 3711 4315 ταφέντα,
3734 4238 3801 4292 καὶ

2270 4331 2582 4384 ἀναστάντα
2615 4334 2680 4402 τῇ
2714 4332 2871 4404 τρίτῃ
2920 4333 3122 4404 ἡμέρα,
3160 4334 3302 4388 κατὰ
3340 4336 3444 4402 τὰς
3486 4335 3706 4409 Γραφὰς,
3732 4330 3800 4384 καὶ

2271 4421 2564 4476 ἀνελθόντα
2593 4425 2671 4487 είς
2723 4425 2850 4488 τοὺς
2876 4426 3174 4497 οὐρανοὺς,
3226 4428 3321 4480 καὶ
3371 4429 3715 4499 καθεζόμενον
3753 4425 3799 4474 ἐκ

577 4511 739 4576 cujus
769 4512 922 4580 regni
955 4527 1062 4564 non
1104 4512 1211 4565 erit
1241 4511 1387 4566 ﬁnis.
1438 4511 1502 4566 Et
1533 4514 1586 4565 in
1617 4512 1882 4581 Spiritum
1911 4520 2152 4568 sanctum

2269 4514 2458 4578 δεξιῶν
2499 4515 2592 4568 τοῦ
2623 4517 2855 4587 Πατρὸς.
2891 4518 2984 4571 καὶ
3014 4518 3174 4572 πάλιν
3201 4520 3500 4591 ἐρχόμενον
3533 4518 3662 4590 μετὰ
3681 4514 3800 4581 6657,;

579 4597 869 4652 Dominum
915 4609 970 4652 et
1010 4601 1396 4667 viviﬁcantem,
1439 4603 1530 4671 qui
1575 4618 1638 4656 ex
1691 4601 1850 4658 Patre
1886 4604 2165 4673 procedit,

579 4690 672 4759 qui
709 4705 832 4743 cum
866 4687 1025 4745 Patre
1060 4698 1114 4746 et
1144 4689 1283 4745 Filio
1333 4692 1495 4746 simul
1529 4693 1786 4746 aduratur
1819 4703 1872 4748 et
1901 4695 2168 4764 conglori-

581 4782 799 4847 licatur,
831 4781 924 4852 qui
956 4781 1172 4838 locutus
1201 4791 1285 4837 est
1309 4799 1406 4852 per
1441 4784 1758 4854 pr0phetas.
1791 4784 1857 4840 Et
1888 4786 1942 4839 in
1974 4800 2162 4850 unam,

578 4882 856 4942 sanctam,
913 4874 1245 4930 catholicam
1299 4883 1356 4929 et
1415 4876 1776 4946 apostolicam
1842 4875 2163 4934 Ecclesiam.

577 4965 915 5022 Conﬁtemur
957 4983 1125 5022 unum
1157 4967 1431 5037 baptisma
1465 4967 1518 5022 in
1555 4968 1937 5024 remissionem
1973 4984 2169 5038 pecca-

577 5064 784 5110 torum.
813 5059 1210 5126 Exspectamus
1240 5059 1699 5115 resurrectionem
1731 5068 2078 5114 mortuorum
2113 5068 2168 5116 et

580 5147 746 5200 vitam
780 5145 947 5200 futuri
985 5149 1190 5204 saeculi.
1224 5150 1421 5205 Amen.
1474 5149 1584 5206 Eos
1621 5165 1752 5205 vero
1798 5151 1893 5221 qui
1932 5151 2165 5205 dicunt:

581 5237 706 5293 Fuit
730 5238 1027 5308 aliquando
1055 5255 1179 5294 cum
1207 5257 1314 5296 non
1337 5249 1512 5308 esset;
1544 5251 1621 5309 et,
1647 5243 1954 5314 Antequam
1981 5245 2172 5315 gigne—

581 5340 732 5386 retur
759 5345 868 5385 non
890 5337 1036 5396 erat;
1070 5331 1210 5394 sive,
1230 5331 1307 5387 Ex
1333 5347 1440 5388 non
1473 5335 1820 5390 exstantibus
1859 5336 2039 5390 iactus
2063 5347 2167 5401 est,

578 5423 662 5476 vel
696 5424 776 5476 'ex
825 5421 930 5474 alia
975 5423 1257 5491 hypostasi
1309 5424 1394 5478 vel
1444 5425 1784 5491 substantia;
1837 5427 2042 5496 quique
2077 5424 2171 5480 Dei

581 5510 777 5568 Filium
832 5513 1090 5567 ﬂuentem
1149 5521 1244 5565 aut.
1295 5515 1614 5568 mutabilem
1665 5531 1787 5572 esse
1832 5516 2169 5583 defendunt;

584 5601 683 5658 hos
709 5620 900 5660 omnes
924 5605 1268 5660 anathemate
1299 5605 1523 5659 damnat
1554 5607 1825 5663 catholica
1857 5617 1911 5664 et
1946 5617 2171 5677 aposto-

668 5755 685 5788 ³
722 5755 927 5824 Epltes.
969 5769 1039 5815 tv,
1078 5755 1133 5811 5.

2264 4607 2447 4677 κρῖναι
2494 4605 2704 4670 ζῶντας
2755 4607 2848 4660 καὶ
2883 4610 3139 4680 νεκρούς·
3181 4605 3242 4664 οῦ
3283 4612 3383 4681 τῆς
3432 4612 3688 4682 βασιλείας
3726 4606 3800 4657 οὐκ

2269 4695 2420 4748 ἔσται
2454 4695 2627 4758 τέλος.
2678 4697 2788 4750 Καὶ
2839 4698 2920 4760 είς
2962 4699 3022 4752 τὸ
3056 4699 3279 4770 Πνεῦμα
3319 4701 3379 4754 τὸ
3427 4701 3597 4770 ἅγιον,
3642 4700 3800 4764 Κυριῡν

2269 4787 2366 4841 καὶ
2411 4787 2709 4852 ζωοποιδν,
2765 4789 2825 4841 τὸ
2871 4790 2936 4842 ὲκ
2984 4790 3078 4842 τοῦ
3131 4791 3348 4863 Πατρὸς
3400 4791 3798 4864 ἐκπορευόμενον.

2269 4877 2331 4930 τὸ
2359 4878 2456 4931 σὺν
2489 4879 2662 4951 Πατρὶ
2695 4877 2788 4931 καὶ
2831 4878 2946 4950 Υίῷ
2973 4883 3563 4954 συμπροσκυνούμενον
3605 4881 3686 4934 καὶ
3711 4895 3801 4929 συν·

2270 4967 2646 5039 δοξαζόμενον,
2704 4970 2764 5023 τὸ
2808 4969 3048 5040 λαλῆσαν
3093 4971 3180 5026 διὰ
3225 4973 3332 5027 τῶν
3393 4973 3686 5046 προφητῶν.
3733 4965 3800 5025 Εἰς

2279 5059 2408 5129 μίαν
2441 5058 2602 5127 ἁγίαν
2637 5059 2933 5132 καθολικὴν
2964 5064 3060 5117 καὶ
3097 5065 3461 5137 ἀποστολικὴν
3507 5057 3800 5129 Ἐκκλησίαν.

2288 5149 2690 5222 ὐμολογοῦμεν
2742 5151 2800 5204 ἓν
2849 5153 3132 5224 βάπτισμα
3181 5159 3262 5219 είς
3307 5157 3498 5227 ἄφεσιν
3547 5147 3799 5225 ἁμαρτιῶν,

2277 5244 2668 5315 προσδοκῶμεν
2709 5245 3006 5300 ἀνάστασιν
3033 5247 3261 5318 νεκρῶν,
3298 5249 3393 5302 καὶ
3421 5247 3560 5319 ζωὴν
3592 5244 3672 5300 τοῦ
3703 5238 3801 5311 μέλ’

2278 5334 2461 5396 λοντος
2493 5335 2709 5399 αἰῶνος.
2753 5336 2947 5408 Ἀμήν.
2980 5338 3120 5401 Τοὺς
3149 5339 3207 5391 δὲ
3255 5339 3509 5408 λέγοντας
3531 5333 3676 5389 ’.Ἦν
3701 5341 3798 5383 ποτε

2277 5426 2365 5478 ὅτε
2393 5426 2493 5478 οὐκ
2525 5421 2614 5496 ἦν,
2645 5427 2757 5491 καὶ,
2789 5426 2929 5498 Πρὶν
2972 5428 3297 5498 γεννηθῆναι
3333 5431 3430 5483 οὐκ
3465 5425 3551 5499 ἦν,
3588 5425 3709 5495 ῆὸτι
3733 5414 3800 5476 Ἐξ

2274 5515 2375 5568 οὐκ
2422 5515 2592 5568 ὄντων
2628 5518 2863 5585 ἐγένετο,
2893 5518 2926 5590 ἢ
2963 5520 3021 5585 ἐξ
3071 5520 3264 5590 ἑτέρας
3311 5521 3643 5576 ὑποστάσεως
3675 5507 3796 5581 ἡνί’

2277 5609 2419 5673 σίας,
2469 5610 2778 5678 φάσκοντας
2825 5607 2964 5665 εἶναι
3013 5612 3234 5682 ρευστὸν
3263 5614 3295 5684 ἦ
3326 5609 3602 5668 ἀλλοιωτὸν
3627 5605 3704 5659 τὸν
3727 5593 3798 5651 τοῦ
