3994 6424
509 396 622 452 ⁸259

1915 389 1973 445 S.
2016 385 2362 442 EPII’IIANII

3658 393 3751 451 ξω

507 506 702 576 Aquila
723 514 776 560 et
799 501 1125 576 Symmacho
1155 515 1488 573 expressam,
1529 515 1653 557 raro
1681 499 1842 556 etiam
1875 514 1905 554 a
1927 500 2104 556 Theo-

2226 499 2301 552 tal
2334 495 2636 566 Συμμάχῳ,
2663 495 2901 560 σπανίως
2929 496 2985 550 δὲ
3009 496 3102 550 καὶ
3133 496 3283 569 παρά
3313 496 3752 571 Θεοδοτίωνιίὸῧ).

511 599 729 652 dotione
757 638 772 661 ,
825 596 1134 666 signiﬁcat;
1185 593 1430 650 eamdem
1464 608 1594 647 vero
1623 609 1654 645 ιι
1690 589 1874 645 LXXII
1920 589 2107 645 luter-

513 689 757 760 pretibus
809 686 928 742 sine
962 686 1407 755 interpretatione
1450 683 1916 754 praetenuissam;
1961 682 2106 752 quod

513 783 569 836 in
628 781 734 836 illis
784 781 918 850 ipsis
977 779 1111 833 lucis
1161 779 1361 832 caedem
1408 792 1569 831 voces
1616 777 1699 831 bis
1751 792 1815 830 ac
1849 790 2108 846 superva-

512 889 616 930 cue
653 879 989 943 repetantur.
1034 869 1188 936 Quod
1226 869 1444 939 quidem
1496 868 1688 938 paucis
1725 869 1886 923 modo
1923 867 2107 922 deela-

515 970 747 1022 raulum
770 975 874 1031 cst,
923 972 982 1017 ut
1011 979 1074 1017 ex
1109 963 1211 1016 hoc
1258 976 1366 1015 uno
1399 969 1594 1015 caetera
1629 974 1954 1028 cognoscas.
1993 957 2108 1013 Sub

517 1059 735 1112 mitium
787 1056 1018 1112 Genesis
1068 1053 1334 1109 llcbraiee
1390 1054 1493 1108 ista
1549 1053 1843 1122 leguntur:
1885 1050 2108 1106 Ouueeei

518 1145 688 1200 Adam
727 1145 956 1201 Salosim
985 1143 1236 1199 Santeoth
1262 1160 1395 1212 sana
1422 1144 1461 1196 ¹.
1499 1141 1656 1208 Quod
1697 1142 1770 1196 ita
1815 1155 2108 1210 possumus

520 1240 892 1309 interpretari,
935 1247 995 1292 ut
1027 1245 1082 1291 et
1117 1233 1312 1305 Aquila
1346 1233 1619 1288 reddidit:
1656 1232 1727 1286 Et
1767 1232 1896 1287 vixit
1935 1231 2108 1285 Adam

519 1329 738 1399 triginta
771 1327 927 1380 annis
961 1335 1008 1380 et
1029 1323 1301 1394 nongentis
1324 1323 1501 1378 annis.
1523 1320 1591 1376 At
1616 1317 1806 1377 LXXII
1838 1320 2109 1390 Interpre-

519 1429 601 1476 tes
631 1419 699 1472 ab
732 1417 972 1472 Hebraeis
1004 1414 1247 1479 oriundi,
1282 1421 1335 1469 et
1362 1429 1392 1467 a
1426 1413 1630 1468 teneris
1660 1412 1972 1483 unguiculis
2000 1411 2108 1466 Ile-

519 1513 722 1570 braieis
770 1512 989 1576 litteris,
1031 1511 1142 1564 imo
1186 1519 1240 1565 et
1291 1507 1496 1564 συνωρίς
1539 1510 1783 1580 apprime
1836 1509 2107 1580 perpoliti,

519 1621 630 1660 non
692 1605 869 1660 solum
932 1601 1197 1657 l-Iebraice
1261 1608 1559 1670 conceptas
1619 1616 1809 1656 sacras
1876 1599 2112 1656 Litteras

518 1697 712 1752 Graeco
757 1710 1011 1751 sermone
1051 1693 1405 1748 reddiderunt
1438 1711 1452 1747 :
1484 1707 1673 1748 verum
1727 1695 1890 1748 etiam
1941 1693 2010 1747 iis
2054 1693 2112 1747 in

522 1789 771 1852 vocibus,
799 1802 919 1856 quae
943 1787 996 1839 in
1026 1784 1249 1839 Hebrazo
1282 1785 1522 1853 repetitae
1551 1799 1616 1838 ac
1643 1786 1928 1854 geminatze
1960 1794 2110 1848 sunt,

2208 590 2270 641 Οί
2287 587 2342 640 δὲ
2369 586 2869 658 Ἐϐδομηκονταδύο
2885 588 3247 658 Ἑρμηνευταὶ
3271 593 3541 661 παρῆκαν,
3564 593 3652 645 καὶ
3670 593 3758 665 οὐχ

2208 678 2570 750 ἑρμήνευσαν,
2617 677 2693 741 ὡς
2725 677 3222 749 δισσολογουμένων
3263 681 3369 732 τῶν
3402 682 3646 734 τοιούτων
3685 683 3757 737 λο-

2207 768 2362 837 γίων,
2387 765 2479 821 καὶ
2514 769 2579 820 ἐκ
2610 767 2870 838 περισσοῦ
2899 769 3441 840 ἀναγινωσκομένων.
3465 773 3682 826 Λεκτέον
3712 776 3760 826 δὲ

2207 860 2295 913 διὰ
2340 860 2597 930 βραχείας
2639 859 2840 923 λέξεως
2861 899 2875 924 ,
2927 861 3006 924 είς
3035 860 3095 913 τὸ
3126 861 3234 914 άπὸ
3267 860 3466 931 ταύτης
3517 865 3638 934 περὶ
3669 865 3762 918 τῶν

2209 951 2414 1004 λοιπῶν
2457 969 2514 1004 σε
2565 953 2786 1020 γνῶναι.
2819 953 3012 1006 Κεῖται
3065 953 3122 1006 ἐν
3164 955 3306 1024 ἀρχῇ
3344 955 3442 1024 τῆς
3475 955 3759 1020 Γενέσεως’

2214 1045 2451 1098 Οὺαεεεὶ
2489 1043 2662 1112 Ἀδὰμ
2699 1044 2986 1114 σαλωεὶμ,
3035 1045 3283 1115 σαμηὼθ
3303 1044 3481 1099 card.
3516 1049 3580 1098 ’0
3612 1049 3764 1118 ἑρμη-

2209 1135 2445 1199 νεύεται,
2492 1128 2538 1202 ᾧ
2579 1136 2674 1188 καὶ
2725 1135 2957 1199 ’Δκύλας
3007 1136 3375 1208 ⁴Ιῖιιιολούθηοεο
3424 1136 3532 1191 Καὶ
3574 1137 3764 1205 ἔζησεν

2224 1226 2395 1296 Ἀδὰμ
2428 1225 2744 1295 τριάκοντα
2773 1229 2926 1293 ἔτος.
2953 1227 3050 1281 καὶ
3084 1229 3412 1282 ἐννακόσια
3449 1229 3596 1294 ἔτος.
3623 1230 3764 1284 Ὅθεν

2211 1319 2260 1372 oi
2303 1319 2798 1389 Ἑϐδομηκονταδύο
2831 1320 3196 1391 Ἐρμηνευταὶ
3222 1319 3281 1387 ἐξ
3321 1320 3582 1391 Ἑϐραίων
3607 1321 3766 1394 ὁρμώ-

2215 1427 2388 1481 μενοι,
2425 1410 2518 1462 καὶ
2545 1409 2604 1476 ἐξ
2640 1410 2865 1464 ἁπαλῶν
2906 1411 3112 1481 ὀνύχων
3143 1413 3240 1482 τήν
3277 1429 3336 1465 τε
3362 1411 3470 1464 τῶν
3505 1413 3763 1484 Ἐϐραίων,

2212 1500 2273 1554 ού
2307 1499 2414 1572 μὴν
2456 1500 2591 1553 ἀλλά
2619 1501 2712 1553 καὶ
2749 1499 2858 1553 τῶν
2905 1501 3172 1573 Ἐλλήνων
3224 1503 3465 1574 ἀκριϐῶς
3499 1506 3766 1558 πεπαιδευ-

2218 1592 2367 1660 μένοι
2411 1590 2624 1662 φωνὴν,
2675 1591 2736 1644 ού
2796 1592 2958 1662 μόνον
3003 1593 3103 1664 τὴν
3156 1595 3219 1647 ἐκ
3258 1595 3356 1666 τῆς
3389 1595 3655 1665 Ἐὁραῖδος
3700 1597 3766 1660 είς

2227 1682 2503 1754 Ἑλληνίδα
2529 1685 2886 1756 ήρμήνευσαν
2913 1683 3157 1756 Γραφὴν,
3196 1685 3334 1739 άλλά
3368 1686 3461 1740 καὶ
3490 1687 3583 1758 τὴν
3623 1690 3675 1740 ἐν
3710 1689 3765 1758 τῇ

2228 1774 2470 1846 Ἐϐραΐδι
2501 1775 2590 1828 διὰ
2638 1775 3014 1844 δισσολογίας,
3052 1777 3475 1848 ἐκφωνουμένην
3521 1778 3768 1832 διάλεκτον

524 1880 933 1951 perspicuitatis
965 1879 1231 1934 rationem
1281 1876 1588 1933 habendam
1619 1885 1898 1946 putarunt.
1935 1877 2115 1943 Quare

2226 1869 2284 1937 τῇ
2309 1843 2600 1936 τρανότητι
2628 1843 3028 1938 ἑρμηνεύοντες
3057 1843 3401 1948 πανρήγαιέον.
3428 1843 3534 1922 Καὶ
3559 1871 3668 1922 ἀντὶ
3688 1868 3768 1922 τώ

524 1986 649 2025 cum
683 1971 767 2024 bis
809 1983 1076 2025 annorum
1116 1982 1314 2022 nomen
1353 1967 1684 2021 inculcatum
1728 1968 1819 2021 illo
1857 1967 1976 2021 loco
2019 1966 2112 2029 sit,

525 2062 695 2118 semel
759 2062 1026 2116 duntaxat
1079 2059 1459 2122 ascribentes,
1525 2058 1866 2112 inconditum
1931 2058 2116 2112 nescio

523 2167 684 2222 quem
739 2166 934 2206 sonum
991 2148 1393 2216 stridoremque
1442 2147 1775 2202 mollieruut.
1831 2145 1922 2202 Sic
1970 2147 2122 2201 enim

521 2252 805 2300 verterunt
839 2261 852 2298 :
895 2241 1043 2296 Vixit
1077 2250 1254 2294 autem
1285 2239 1455 2293 Adam
1489 2240 1706 2309 triginta
1740 2249 1788 2294 et
1830 2248 2115 2309 nongentos

524 2353 712 2390 annos.
773 2334 850 2389 ita
911 2349 1089 2405 neque
1141 2332 1440 2404 quidquam
1498 2332 1767 2387 orationis
1819 2331 2150 2408 integritati

523 2428 898 2492 detraxerunt,
923 2435 976 2482 et
1005 2441 1125 2480 eam
1162 2425 1521 2480 nihilominus
1565 2425 1890 2494 apertiorem
1921 2424 2118 2476 clario-

518 2533 752 2587 remque
796 2513 1173 2572 reddiderunt.
1225 2512 1384 2580 Quod
1435 2513 1489 2568 in
1554 2511 1783 2568 Hebmo
1821 2523 1970 2566 tanta
2024 2528 2122 2567 ex-

523 2607 690 2678 primi
723 2607 990 2662 brevitate
1021 2606 1228 2676 nequit,
1252 2603 1468 2675 qualcm
1491 2601 1681 2658 LXXII
1724 2605 2114 2674 prtestitt-ruut.

535 2696 683 2751 Vixit
719 2695 893 2749 Adam
920 2693 1140 2765 triginta
1165 2699 1216 2747 et
1253 2702 1542 2762 nongentos
1572 2709 1760 2745 annos.
1800 2692 1902 2746 Sed
1937 2711 2034 2748 nee
2065 2694 2118 2761 in

523 2787 753 2854 Graeco;
789 2783 1251 2857 quemadmodum
1289 2784 1486 2854 Aquila
1520 2784 1807 2853 superlirje
1847 2791 2006 2839 tenus
2041 2784 2122 2837 iu-

520 2887 908 2950 terprclat'ur:
947 2876 1092 2931 Vixit
1136 2876 1308 2929 Adam
1365 2885 1650 2945 nongentos
1701 2891 1867 2928 annos
1927 2885 1976 2929 et
2023 2876 2120 2928 tri-

524 2972 678 3043 ginta
722 2985 911 3024 annos.
951 2966 1114 3024 Vid-es
1159 2969 1327 3032 enim,
1362 2969 1576 3037 opinor,
1629 2967 1877 3036 quisquis
1909 2984 1968 3022 es
2001 2975 2116 3022 stu-

525 3063 740 3127 diosus,
767 3075 930 3131 quam
975 3060 1240 3114 insulsam
1275 3074 1340 3113 ac
1369 3059 1556 3113 rudem
1593 3060 1894 3112 orationem
1930 3073 2125 3114 conce-

2217 1960 2297 2021 εἰς
2331 1955 2422 2011 δύο
2453 1959 2650 2021 τόπους
2683 1957 2897 2012 κεῖσθαι
2936 1959 2995 2011 τὸ
3035 1958 3206 2030 ὄνομα
3236 1959 3330 2012 τοῦ
3365 1961 3518 2024 ἔτους
3545 1962 3620 2014 ἑνὶ
3643 1962 3771 2031 τόπῳ

2217 2051 2578 2122 χρησάμενοι,
2619 2050 2719 2122 τὴν
2751 2048 3016 2104 δοκοῦσαν
3057 2046 3195 2104 εἶναι
3233 2051 3500 2122 βόμϐησιν
3540 2054 3616 2114 εἰς
3649 2053 3770 2105 λειό-

2217 2159 2357 2213 τητα
2389 2141 2705 2212 μετέϐαλον,
2736 2143 3008 2212 φήσαντες
3030 2158 3044 2172 °
3078 2142 3295 2209 Ἐζησε
3333 2143 3404 2196 δὲ
3447 2143 3612 2214 Ἀδὰμ
3637 2143 3774 2213 τριά-

2219 2247 2403 2287 κοντα
2444 2233 2543 2286 καὶ
2573 2233 2903 2286 ἐννακόσια
2941 2232 3066 2300 ἔτη.
3111 2231 3251 2286 Οὔτε
3307 2233 3524 2298 ἐλλιπές
3559 2251 3606 2287 τι
3639 2235 3774 2303 ποιή-

2221 2341 2413 2387 σαντες
2444 2323 2522 2394 τῷ
2547 2323 2711 2394 λόγῳ,
2742 2323 2879 2377 ἀλλά
2911 2324 3003 2376 καὶ
3029 2326 3109 2387 εἰς
3137 2325 3444 2395 τρανότητα
3467 2325 3772 2394 κατέστησαν

2219 2417 2318 2488 τὴν
2356 2416 2693 2484 ἀνάγνωσιν,
2723 2417 2862 2486 ὅπερ
2884 2417 2943 2470 ἐν
2979 2419 3044 2486 τῇ
3091 2415 3330 2486 Ἐϐραΐδι
3366 2417 3425 2468 ού
3452 2416 3660 2468 δύναται
3700 2414 3773 2466 διὰ

2217 2505 2318 2575 τῆς
2347 2506 2638 2574 συντομίας
2659 2505 2909 2574 λέγεσθαι
2927 2505 3118 2572 οὕτως,
3136 2506 3210 2570 ὡς
3239 2509 3287 2559 οἱ
3315 2504 3774 2578 Ἐὁὸομηκονταδύο

2220 2598 2492 2669 λέγουσιν,
2537 2601 2618 2653 ὅτι
2645 2599 2900 2667 Ἔζησεν
2948 2599 3119 2667 Ἀδὰμ
3150 2597 3469 2667 τριάκοντα
3501 2598 3592 2654 καί
3628 2599 3775 2651 ἐννα-

2223 2694 2401 2746 κόσια
2433 2693 2558 2759 ἔτη.
2595 2690 2731 2745 Οὔτε
2757 2693 2822 2762 τῇ
2868 2690 3152 2762 Ἑλληνίδι,
3183 2692 3257 2756 ὡς
3287 2693 3314 2743 ὁ
3360 2691 3584 2754 Ἀκύλας
3617 2691 3773 2762 ἡρμή-

2223 2800 2412 2836 νευσεν
2460 2783 2519 2848 ἐξ
2564 2783 2852 2852 ἐπιστολῆς
2875 2785 2916 2845 ¹,
2949 2781 3155 2850 λέγων·
3211 2780 3462 2850 Ἔζησεν
3500 2783 3661 2852 Ἀδὰμ
3696 2782 3774 2836 tiro

2223 2873 2482 2928 νακόσια
2518 2875 2652 2940 ἔτος
2696 2877 2791 2928 καὶ
2834 2873 3152 2942 τριάκοντα
3198 2874 3353 2939 ἔτος.
3392 2875 3554 2946 Ὁρᾷς
3596 2874 3711 2945 γὰρ,
3736 2865 3774 2926 ὦ

2226 2963 2494 3034 φιλολόγε,
2526 2963 2602 3028 ὡς
2650 2965 2954 3035 ἀπρέπειαν
3001 2965 3230 3036 παρέχει
3275 2965 3357 3036 τῷ
3403 2966 3577 3036 λόγῳ,
3623 2967 3678 3017 οὐ
3719 2965 3772 3032 τῇ

2224 3055 2518 3126 τρανότητι·
2547 3053 2641 3107 τοῦ
2689 3055 2846 3123 λόγου
2890 3057 3190 3126 προσέχων,
3228 3056 3367 3110 ἀλλὰ
3396 3060 3462 3128 τῇ
3496 3056 3591 3126 τῆς
3624 3055 3777 3108 δευτε-

524 3153 692 3225 perit,
745 3153 875 3207 dum
930 3151 1313 3222 superstitiosa
1365 3150 1642 3220 diligentia
1677 3150 1833 3204 .idcm
1881 3158 2122 3221 repetere

2231 3147 2479 3218 ρολογίας
2532 3146 2805 3218 ἀκριϐείᾳ.
2882 3145 2993 3200 Καὶ
3039 3147 3184 3214 ἔδοξε
3232 3145 3395 3200 τοῦτό
3457 3166 3596 3213 τισι,
3650 3143 3777 3215 παρὰ

527 3245 855 3301 vocabulum
901 3243 1112 3310 maluit,
1143 3257 1306 3313 quam
1348 3240 1598 3297 lectionis
1631 3242 2008 3312 perspicuitati
2061 3256 2123 3296 ac

529 3333 778 3389 facilitati
807 3334 1116 3389 consulere.
1148 3333 1325 3403 Atque
1366 3332 1510 3388 istud
1542 3333 1720 3403 ipsum
1759 3333 1904 3403 apud
1937 3331 2125 3387 LXXII

529 3425 859 3497 lnterpretes
882 3425 1182 3481 desiderari
1215 3425 1462 3480 nonnulli
1489 3425 1776 3492 sentiunt;
1807 3427 1950 3496 quod
1983 3427 2125 3496 apud

475 3508 480 3514 ’
533 3519 784 3589 Aquilam
833 3524 886 3572 et
945 3514 1333 3587 Symmachum
1401 3532 1466 3572 ac
1532 3519 1747 3573 caeteris
1794 3517 2130 3574 editionibus

533 3611 820 3679 suppletur
845 3627 859 3663 :
895 3621 1021 3662 cum
1036 3619 1106 3660 ne
1119 3603 1262 3674 apud
1285 3603 1470 3657 LXXII
1491 3604 1708 3675 quidem
1727 3605 1870 3662 desit
1901 3608 2126 3678 aliquid.

533 3699 670 3754 Nam
711 3699 856 3770 apud
892 3697 1141 3768 Aquilam
1176 3712 1287 3752 non
1326 3697 1446 3752 sine
1489 3697 1624 3754 vitio
1671 3698 2131 3767 pronuntiatioitis

537 3791 754 3847 duobus
791 3799 878 3845 est
923 3789 978 3843 in
1019 3789 1157 3843 locis
1203 3789 1378 3844 otiose
1407 3789 1584 3860 posita
1612 3804 1738 3857 vox,
1773 3805 1896 3844 cum
1935 3791 1986 3844 in
2020 3806 2132 3845 uno

537 3884 805 3939 redditam
840 3897 964 3938 esse
1001 3881 1274 3938 sulliceret
1306 3900 1320 3936 :
1348 3897 1542 3944 annos,
1571 3883 1816 3954 inquam,
1845 3890 1898 3938 et
1937 3899 2130 3936 annos.

543 3974 703 4046 160
724 3972 854 4040 Quae
892 3972 1034 4028 ratio
1050 3972 1234 4029 LXXII
1254 3970 1584 4042 lnterpretes
1613 3973 1862 4035 adduxit,
1916 3976 1990 4027 uti
2043 3989 2132 4028 se-

540 4067 644 4121 mel
691 4081 961 4121 annorum
1017 4077 1203 4119 vocem
1259 4063 1617 4119 ascriberent.
1673 4063 1984 4120 Secundum
2033 4066 2132 4121 bus

538 4159 755 4229 Aquila,
781 4156 1072 4228 caeteriun
1106 4155 1175 4210 ad
1211 4155 1652 4226 interpretandas
1691 4155 2008 4226 Scripturas
2042 4170 2129 4209 ac-

538 4251 798 4308 cedentes
831 4266 956 4305 cum
995 4265 1060 4305 ea
1094 4247 1857 4320 quaaaLXXllprzetermissa
1892 4245 2130 4313 fuerant,

539 4342 860 4407 edidissent,
921 4343 1099 4398 otiosa
1151 4356 1216 4397 ac
1264 4355 1670 4411 supervacanea
1715 4340 1810 4396 illa
1854 4352 1981 4395 sunt
2032 4341 2131 4394 ba-

543 4433 674 4487 bita.
715 4431 994 4488 Sui-cessit
1045 4433 1130 4487 his
1181 4430 1445 4503 Origenes
1493 4449 1506 4485 :
1551 4433 1646 4503 qui
1687 4431 1982 4502 unicuique
2014 4432 2134 4486 loro

2231 3239 2330 3310 μὲν
2355 3240 2467 3303 τοῖς
2503 3238 3000 3310 Ἑϐδομηκονταδύο
3031 3238 3266 3302 ἐλλιπῶς
3301 3241 3537 3306 κεῖσθαι,
3566 3238 3700 3308 παρά
3731 3236 3780 3289 δὲ

2238 3331 2461 3403 ’Δκύλᾳ,
2491 3332 2585 3384 καὶ
2624 3331 2939 3401 Συμμάχῳ,
2990 3332 3084 3383 καὶ
3130 3331 3317 3395 ἄλλαις
3366 3332 3636 3386 ἐκθέσεσιν
3664 3329 3779 3381 ἐλλι-

2229 3422 2348 3485 πῶς
2372 3422 2391 3453 ³
2421 3422 2830 3494 ήρμηνεῦσθαι’
2866 3423 3002 3494 ὅπερ
3034 3423 3158 3476 οὐδὲ
3205 3424 3360 3496 παρά
3394 3427 3518 3488 τοὺς
3553 3423 3780 3492 Ἐϐδομη-

2229 3515 2491 3568 κονταδύο
2520 3515 2785 3571 ἐνέλιπεν.
2824 3517 2986 3571 ’Λλλά
3019 3516 3114 3569 καλ⁵
3138 3515 3245 3568 ὑπὸ
3271 3517 3385 3570 τῶν
3418 3519 3546 3588 περὶ
3581 3514 3779 3569 Ἀκύλαν

2236 3606 2372 3678 μετὰ
2412 3607 2629 3678 καὶτῆς
2666 3607 3016 3678 κακοφωνίας
3047 3609 3327 3679 περισσῶς
3363 3612 3560 3677 κεῖται,
3597 3611 3651 3661 ἐν
3681 3601 3781 3658 δυσὶ

2231 3695 2417 3759 τόποις
2442 3696 2558 3749 ἀνθ’
2594 3697 2742 3761 ἐνὸς,
2779 3699 3057 3752 τουτέστιν
3107 3699 3228 3752 ἀντὶ⁹
3263 3698 3362 3752 τοῦ
3419 3699 3533 3770 ἔτη,
3561 3699 3672 3760 ἔτος
3704 3694 3782 3747 καὶ

2234 3789 2371 3854 ἔτος.
2400 3789 2499 3843 Διὰ
2541 3789 2700 3844 τοῦτο
2732 3793 2788 3843 ἐν
2823 3791 2906 3844 ἐνὶ
2955 3791 3101 3864 τόπῳ
3137 3791 3199 3845 τὸ
3247 3793 3343 3846 τοῦ
3373 3792 3524 3856 ἔτους
3564 3791 3716 3861 ὄνομα.
3741 3786 3784 3838 οἱ

2245 3880 2740 3951 Ἐϐδομηκονταδύο
2771 3883 3091 3954 παρέλιπον.
3128 3881 3426 3938 Ἐλθόντων
3447 3885 3502 3938 δὲ
3527 3881 3783 3955 μετέπειτα

2232 3973 2339 4025 τῶν
2370 3973 2496 4044 περὶ
2529 3971 2782 4038 Ἀκύλαν,
2816 3977 2910 4028 καὶ
2940 3975 3009 4028 τά
3038 3973 3144 4027 ὑπὸ
3171 3975 3282 4027 τῶν
3321 3968 3784 4045 Ἑϐδομηκονταδύο

2234 4065 2672 4136 παραλειφθέντα
2704 4067 3101 4131 ἐκδεδωκότων,
3135 4067 3356 4120 ἐδόκουν
3396 4064 3536 4122 εἶναι
3569 4060 3787 4136 περιττό-

2233 4172 2383 4228 τερα.
2421 4156 2704 4227 Ὦριγένης
2735 4156 2792 4209 δὲ
2829 4156 2968 4227 μετὰ
3001 4155 3174 4208 ταῦτα
3207 4155 3378 4209 ἐλθὼν
3406 4153 3785 4218 ἀποκατέστησε

2231 4246 2310 4318 τῷ
2338 4247 2554 4318 ἑκάστῳ
2585 4248 2738 4318 τόπῳ
2768 4247 2863 4300 τὸν
2895 4247 3214 4300 ἐλλείποντα
3247 4246 3424 4316 λόγον.
3463 4243 3720 4317 Παρέθετο
3740 4238 3785 4291 δὲ

2233 4339 2382 4410 αὐτῷ
2437 4340 2528 4392 τὸν
2573 4338 2932 4410 ἀστερίσκονο
2997 4340 3096 4410 οὐχ
3136 4339 3214 4404 ὼς
3265 4341 3458 4410 χρείας
3507 4337 3664 4408 οὔσης
3709 4328 3784 4385 τοῦ

2236 4427 2455 4495 πάντως
2482 4431 2782 4503 ζητηθῆναι
2808 4431 2901 4485 τὸν
2949 4431 3121 4500 Λόγον
3150 4432 3446 4504 (περιττὸς
3472 4430 3578 4502 γάρ
3605 4421 3784 4491 ἐστιν),

541 4522 689 4594 quod
714 4521 908 4577 deerat
935 4523 1207 4594 adiunxit,
1242 4524 1402 4594 eique
1436 4523 1688 4578 asterisci
1723 4533 1908 4578 notam
1943 4523 2122 4592 appiu-

2238 4523 2469 4576 ἀλλ’ἵνα
2501 4520 2579 4592 μὴ
2615 4519 2932 4594 παραλείψῃ
2984 4519 3260 4584 Ἰουδαίοις
3309 4519 3405 4573 mi.
3454 4514 3786 4589 Σαμαρείταις

543 4614 644 4680 xit,
679 4628 786 4668 non
825 4613 970 4684 quod
1011 4614 1190 4669 addita
1243 4615 1334 4669 illa
1385 4613 1650 4669 vocabula
1698 4614 1986 4668 admodum
2037 4629 2132 4668 ne-

542 4704 784 4761 cessaria
828 4704 959 4768 sint,
1015 4719 1139 4760 cum
1194 4718 1533 4774 supervacua
1587 4704 1894 4767 videantur,
1933 4704 2028 4759 sed
2069 4721 2134 4760 ne

540 4797 745 4856 Judaais
791 4813 854 4854 ac
897 4796 1260 4856 Samaritanis
1313 4799 1481 4853 ullam
1533 4796 1900 4852 calumniandi
1948 4811 2133 4852 sacras

541 4889 779 4946 Litteras
831 4891 1030 4962 quibus
1090 4891 1144 4946 in
1210 4890 1472 4946 Ecclesiis
1517 4890 1742 4953 utimur,
1787 4889 2131 4944 occasionem

543 4982 891 5054 relinqueret,
942 4998 1066 5038 cum
1107 4983 1242 5038 nihil
1290 4983 1344 5038 in
1401 4984 1698 5040 subtractis
1743 4982 1850 5037 illis
1904 4981 2132 5035 vocibus

541 5078 737 5126 contra
778 5072 934 5126 iidem
982 5081 1150 5140 esset,
1200 5073 1346 5143 quod
1400 5073 1726 5144 reprehendi
1779 5072 1974 5126 merito
2010 5087 2137 5142 pos-

544 5169 648 5218 set.
699 5161 790 5217 Bis
840 5165 1008 5228 enim,
1050 5165 1126 5219 uti
1176 5165 1310 5231 dixi,
1368 5166 1611 5237 repetitae
1661 5171 1789 5219 sunt
1840 5179 1907 5219 ac
1945 5178 2138 5234 super-

545 5255 686 5320 ﬂuat,
718 5263 780 5310 ut
812 5271 878 5310 ex
909 5255 1002 5310 illo
1031 5255 1172 5321 loco,
1206 5273 1368 5328 quem
1399 5257 1788 5329 proposuimus
1830 5257 1897 5312 de
1926 5257 2137 5312 Adamo

543 5350 774 5423 ejusque
831 5350 966 5414 vita,
1029 5351 1320 5421 colligitur.
1379 5351 1514 5406 Nam
1572 5368 1635 5407 cx
1691 5350 1988 5421 perexiguo
2042 5349 2135 5404 illo

543 5442 845 5513 Specimine
893 5440 962 5497 de
1007 5442 1233 5512 reliquis
1271 5443 1586 5512 conjectura
1625 5443 1747 5513 capi
1781 5449 1980 5513 potest,
2015 5457 2136 5512 qua:

619 5595 634 5624 ³
663 5593 798 5650 Gen.
840 5613 893 5662 ν,
930 5597 984 5652 5.
1073 5600 1094 5629 ³
1128 5596 1190 5651 F.
1220 5597 1279 5662 ἐξ
1307 5597 1590 5670 ἐπιπολῆς.
1678 5598 1700 5629 ³
1742 5598 1801 5650 F.
1841 5597 2072 5662 ἐλλιπές.

621 5745 734 5819 (56)
772 5751 1042 5819 Suaviter;
1065 5751 1132 5803 δέ
1154 5753 1251 5804 καὶ
1281 5752 1440 5819 παρὰ
1456 5752 1826 5806 Θεοδοτίωνι.
1858 5751 1902 5805 Ν
1911 5753 2125 5805 iniit-mu

483 5863 485 5865 .
546 5813 694 5882 quod
726 5817 933 5881 priores
965 5813 1037 5874 ilsi
1063 5824 1169 5875 duo
1201 5813 1527 5891 interpretes
1554 5823 1857 5891 exprimere
1889 5825 2112 5879 ’τρι-ωηο

2238 4611 2706 4683 ἐπιλαμϐάνεσθαι
2724 4611 2835 4664 τῶν
2863 4613 2920 4665 ὲν
2942 4613 3061 4674 ταῖς
3083 4610 3267 4680 ἁγίαις
3293 4610 3633 4682 Ἐκκλησίαις
3653 4604 3787 4659 θείων

2239 4707 2278 4758 Γ
2283 4703 2492 4778 ραφῶν,
2513 4703 2741 4775 μηδενὸς
2769 4703 3103 4775 ἐπιληψίμου
3131 4705 3456 4775 πράγματος
3482 4701 3786 4772 ὑπάρχοντος

2239 4796 2380 4850 κατά
2428 4796 2527 4866 τῆς
2567 4795 2804 4860 πίστεως
2846 4797 2904 4849 ἐν
2952 4798 3068 4858 τοῖς
3115 4795 3579 4865 ἀπεστερημένας
3614 4789 3786 4856 λόγοις·

2240 4888 2494 4960 Περιττοὶ
2521 4888 2631 4958 γάρ
2659 4890 2786 4953 εἰσι,
2823 4887 2918 4940 καὶ
2944 4887 3436 4958 δισσολογούμενοι,
3470 4886 3544 4948 ὡς
3579 4881 3677 4936 ἀπὸ
3708 4877 3789 4946 τῆς

2241 4979 2602 5050 ἀναγνώσεως
2659 4979 2981 5049 ἐδιδάξαμεν
3031 4979 3161 5051 περὶ
3206 4977 3300 5032 τοῦ
3356 4976 3529 5048 Ἀδὰμ
3578 4972 3666 5027 καὶ
3708 4967 3791 5034 τῆς

2242 5073 2407 5126 αὑτοῦ
2462 5074 2649 5144 ζωῆς·
2684 5072 2759 5136 ὡς
2805 5073 2900 5125 καὶ
2953 5071 3062 5125 ἀπὸ
3117 5072 3211 5125 τοῦ
3266 5071 3602 5142 βραχυτάτου
3656 5063 3790 5129 λόγου

2235 5167 2463 5221 δυνατόν
2497 5183 2556 5219 σε
2606 5169 2720 5230 τοῖς
2751 5167 2962 5230 λοιποῖς
3015 5166 3305 5236 ἐπιστῆναι
3353 5165 3532 5234 λόγοις
3554 5203 3568 5226 ,
3606 5157 3721 5212 ἔνθα
3750 5151 3790 5204 οἱ

2238 5260 2552 5331 ἀστερίσκοι
2606 5260 2990 5330 παράκεινται.
3031 5259 3148 5312 Ἵνα
3187 5258 3244 5314 δὲ
3283 5258 3378 5312 καὶ
3418 5254 3574 5308 τοῦτο
3616 5249 3788 5322 μάθῃς,

2237 5352 2325 5406 διὰ
2374 5351 2428 5404 τί
2478 5351 2841 5423 ἀστερίσκους
2891 5350 3164 5423 παρέθετο
3209 5353 3322 5414 τοῖς
3369 5349 3548 5417 λόγοις
3584 5342 3787 5423 τούτοις)

2239 5441 2486 5512 ἀφθόνως
2535 5418 2631 5494 καί
2679 5441 2840 5495 τοῦτο
2882 5418 3132 5513 λέξομεν.
3180 5439 3502 5494 Ἐπίστασαι
3543 5432 3705 5493 τοῦτο,
3752 5418 3791 5478 ὦ

2238 5753 2303 5804 de
2340 5753 2505 5806 verbo
2531 5750 2862 5816 studuerint,
2891 5760 2949 5806 ut
2981 5751 3056 5807 ait
3089 5751 3483 5822 Hieronymus;
3516 5735 3789 5802 Theodolio

2226 5823 2365 5878 LXX
2404 5823 2664 5879 Seuiores
2707 5824 2880 5894 magis
2918 5831 3141 5880 secutus
3180 5823 3273 5877 sit.
