3994 6412
494 356 603 412 245

1865 350 1923 409 S.
1964 348 2305 407 EPIPHANII

3628 346 3721 404 2“

495 477 702 540 septem
728 476 783 524 et
811 468 1001 540 viginti
1048 466 1348 539 Scriptura:
1381 481 1445 523 ac
1480 464 1697 523 Veteris
1730 464 2069 522 Testamenti

2186 467 2335 537 ζυγῇ,
2382 467 2416 535 ἡ
2452 462 2669 529 Ἐξοδος
2711 462 2821 517 τῶν
2867 460 3001 516 υίῶν
3044 458 3262 532 Ἰσραὴλ
3303 459 3370 529 τῇ
3401 456 3534 529 ἄλλῃ
3577 412 3724 527 Cum.

500 563 646 625 libri,
674 561 767 632 qui
801 560 867 615 ad
896 560 1037 617 duos
1060 576 1125 615 ac
1155 560 1347 630 viginti
1370 574 1474 630 pro
1503 559 1810 614 litterarum
1842 556 2073 613 Hebrai-

496 668 681 708 carum
724 664 957 709 numero
999 652 1345 724 rediguntur,
1387 648 1636 706 Graecum
1666 649 1723 705 in
1767 664 2073 706 sermonem

496 744 748 800 conversi
772 751 919 799 sunt.

566 921 659 979 ιν.
695 921 907 978 Habent
954 923 1099 978 enim
1140 919 1353 977 Hebraei
1396 935 1509 975 χχιι
1541 920 1773 985 litteras,
1818 935 1848 975 e
1876 918 2075 990 quibus

498 1012 741 1081 quinque
791 1010 1143 1081 duplicantur
1206 1009 1375 1080 Capit,
1438 1008 1584 1074 Men,
1633 1006 1782 1073 Nan,
1841 1007 1966 1071 Phi,
2021 1014 2077 1062 et

497 1104 685 1175 Aleplt.
737 1102 856 1169 Qua
908 1103 1122 1158 ratione
1176 1117 1302 1158 eum
1354 1116 1467 1156 ml
1519 1100 1640 1155 libri
1691 1106 2073 1164 numerentur,

497 1204 703 1267 septem
754 1210 819 1250 ac
851 1195 1039 1265 viginti
1080 1194 1449 1264 reperiuntur,
1481 1196 1629 1262 quod
1670 1206 1737 1246 ex
1769 1190 1878 1245 illis
1912 1189 2073 1258 quin-

496 1303 602 1356 que
645 1287 1038 1357 geminentur:
1099 1294 1231 1355 puta
1272 1285 1410 1339 liber
1455 1280 1603 1336 Ruth
1654 1297 1779 1337 cum
1822 1281 2076 1335 Judieum

496 1378 639 1431 libro
674 1375 1050 1445 coniungitur,
1090 1382 1145 1428 et
1196 1388 1341 1428 unus
1391 1373 1460 1427 ab
1507 1371 1753 1427 Hebraeis
1783 1378 2075 1426 censetur:

496 1466 707 1536 primus
748 1466 1211 1535 Paralipomenon
1250 1464 1390 1520 liber
1434 1478 1560 1518 cum
1604 1461 1912 1533 posteriore
1942 1474 2080 1519 con-

490 1560 760 1629 iungitur,
794 1565 849 1614 et
873 1572 1044 1612 unum
1092 1557 1296 1612 librum
1330 1554 1516 1612 eiiicit.
1565 1554 1696 1610 Item
1738 1554 1949 1625 primus
1982 1550 2083 1607 Re-

492 1664 727 1722 gnorum
780 1649 941 1714 iiber,
995 1665 1121 1705 cum
1175 1649 1457 1714 secundo;
1505 1647 1703 1702 tertius
1751 1644 1910 1715 162
1955 1657 2080 1697 cum

494 1750 693 1808 quarto
718 1756 887 1795 unum
923 1740 1123 1794 librum
1164 1738 1531 1795 constituunt.
1580 1735 1659 1788 Ad
1701 1749 1939 1803 eumque
1968 1746 2083 1786 mo-

2176 554 2464 611 Λευῖτικδν
2485 556 2551 625 τῇ
2576 553 2734 627 ἄλλῃ,
2764 552 2859 607 καὶ
2880 551 3113 622 καθεξῆς
3142 550 3275 619 ἄλλη
3300 546 3475 618 βίϐλος
3497 548 3559 618 τῇ
3585 546 3721 617 ἄλλην

2176 650 2274 703 καὶ
2306 648 2480 711 οὕτως
2512 647 2567 700 αί
2602 644 2923 698 είκοσιεπτὰ
2965 642 3135 715 βίϐλοι
3168 641 3222 694 αί
3260 639 3417 711 ῥηταὶ
3444 638 3536 691 καὶ
3571 637 3727 690 ἐνδιά-

2175 740 2340 805 θετοι,
2368 739 2540 791 εῐκοσι
2568 736 2625 789 δὲ
2650 734 2859 789 καὶδύο
2878 732 3023 787 κατὰ
3044 731 3143 802 τὴν
3168 731 3262 784 τοῦ
3284 728 3587 799 ἀλφαϐήτου
3610 727 3728 798 παρ’

2187 832 2461 904 Ἑϐραίοις
2492 830 2827 901 στοιχείωσιν
2857 826 3280 900 ἀριθμούμεναι,
3307 821 3724 895 ήρμηνεύθησαν.

2245 925 2320 979 Δ’.
2352 923 2543 976 Εἴκοσι
2574 921 2684 992 γὰρ
2714 920 2809 975 καὶ
2840 919 2935 972 δύο
2955 919 3139 989 έχουσι
3167 913 3444 985 στοιχείων
3469 913 3726 985 νοήματα*

2178 1014 2339 1068 πέντε
2378 1012 2436 1067 δέ
2483 1012 2623 1065 εἰσιν
2667 1008 2729 1074 ἐξ
2759 1009 2944 1063 αὐτῶν
2976 1006 3322 1077 διπλούμενα.
3376 1002 3453 1056 Τδ
3489 1002 3594 1072 γὰρ
3622 1000 3730 1069 κὰρ

2176 1105 2293 1158 ἐστὶ
2321 1102 2562 1167 διπλοῦν,
2604 1101 2699 1155 καὶ
2724 1100 2788 1153 τὸ
2825 1100 2965 1169 μὲν,
3000 1098 3095 1152 καὶ
3124 1096 3189 1167 τδη
3231 1092 3402 1157 γοῦν,
3431 1092 3522 1146 καὶ
3555 1090 3614 1143 τῦ
3652 1089 3730 1159 φὶ,

2177 1194 2358 1248 καὶτὸ
2397 1209 2436 1246 a
2467 1193 2483 1224 ¹
2502 1208 2519 1221 ’
2551 1191 2632 1245 διὸ
2666 1190 2763 1243 καὶ
2791 1189 2848 1241 αἱ
2892 1187 3062 1259 βίϐλοι
3099 1183 3244 1239 κατά
3277 1181 3465 1237 τοῦτον
3491 1181 3580 1234 τὸν
3617 1179 3730 1251 τρό-

2177 1301 2299 1350 πον,
2345 1281 2614 1335 εἰκοσιδύο
2666 1280 2766 1351 μὲν
2800 1276 3182 1349 ἀριθμοῦνται,
3223 1272 3535 1328 είκοσιεπτὰ
3574 1270 3627 1325 δὲ
3656 1272 3733 1324 εὑ-

2182 1376 2481 1447 ρίσκονται,
2506 1371 2596 1425 διὰ
2634 1370 2698 1425 τδ
2749 1370 2911 1423 πέντε
2946 1369 3005 1435 ἐξ
3030 1368 3209 1422 αὐτῶν
3233 1361 3577 1419 διπλοῦσθαιο
3627 1379 3735 1414 συν-

2177 1466 2407 1521 άπτεται
2453 1463 2563 1534 γὰρ
2600 1464 2634 1533 ή
2676 1461 2832 1515 Ῥοὺθ
2880 1462 2996 1523 τοῖς
3020 1459 3272 1529 Κριταῖς,
3298 1455 3360 1508 τὸ
3382 1456 3405 1485 ⁸
3440 1453 3732 1525 ἀριθμεῖται

2178 1557 2309 1627 παρ’
2349 1554 2624 1626 Ἑϐραίοις
2648 1553 2748 1625 μία
2774 1551 2983 1622 βίϐλοςο
3018 1549 3347 1603 συνάπτεται
3369 1547 3403 1617 η
3433 1544 3616 1614 πρώτη
3638 1540 3734 1597 τῶν

2179 1642 2677 1717 Παραλειπομένων
2704 1646 2772 1714 τῇ
2793 1640 3046 1711 δευτέρᾳ,
3064 1639 3159 1692 καὶ
3177 1637 3396 1705 λέγεται
3422 1634 3519 1705 μία
3549 1632 3734 1703 βίϐλος·

2182 1738 2513 1791 συνάπτεται
2542 1738 2574 1807 ἡ
2606 1734 2799 1806 πρώτη
2831 1732 2942 1786 τῶν
2971 1729 3268 1784 Βασιλειῶν
3287 1730 3356 1798 τῇ
3387 1725 3629 1797 δευτέρᾳ,
3653 1722 3735 1775 καὶ

496 1833 626 1885 dum
659 1832 959 1900 Scriptura:
990 1830 1115 1885 libri
1146 1836 1384 1901 quatuor
1410 1826 1782 1883 voluminibus
1810 1825 2079 1894 quinque-

2186 1828 2394 1895 λέγεται
2428 1828 2528 1898 μία
2550 1826 2761 1897 βίϐλος’
2800 1824 3130 1877 συνάπτεται
3150 1821 3185 1891 ἡ
3216 1818 3463 1888 τρίτη-τῇ
3494 1814 3734 1901 τετάρτῃ,

498 1922 716 1993 partitis
750 1922 1135 1992 comprehensi
1167 1928 1316 1983 sunt,
1353 1936 1417 1975 ac
1440 1921 1549 1975 duo
1587 1919 1713 1972 libri
1744 1925 1897 1972 extra
1926 1916 2076 1971 ordi-

498 2027 623 2067 nem
662 2020 1045 2067 numerantur.
1094 2010 1278 2076 Quare
1303 2009 1519 2065 Veteris
1565 2008 1899 2064 Testamenti
1953 2006 2076 2061 libri

497 2118 691 2159 omnes
722 2102 828 2158 hac
865 2104 1008 2158 serie
1055 2111 1476 2173 percensentur.
1504 2099 1759 2169 Quinque
1794 2099 1861 2152 ad
1907 2099 2076 2167 legem

494 2195 815 2264 pertinent:
872 2192 1122 2260 Genesis,
1178 2192 1425 2256 Exodus,
1477 2180 1774 2253 Leviticus,
1835 2187 2075 2252 Numeri,

498 2279 1008 2340 Deuteronominm.
1051 2282 1178 2337 "me
1208 2291 1295 2337 est
1342 2280 1772 2343 Pentateuchus,
1819 2294 1937 2350 qua.
1966 2288 2077 2332 tota

498 2377 581 2430 lex
629 2377 943 2447 exponitur.
1004 2376 1327 2445 Sequuntur
1373 2374 1616 2443 quinque
1659 2372 1750 2424 alii
1793 2370 1939 2435 libri,
1983 2370 2076 2439 qui

494 2468 743 2522 versibus
782 2474 1076 2522 constant:
1111 2466 1235 2531 Job,
1266 2464 1619 2526 Psalterium,
1650 2460 1944 2516 Proverbia
1980 2460 2081 2513 Sa-

498 2554 755 2621 lomonis,
792 2554 1179 2617 Ecclesiastes,
1214 2553 1445 2609 Cantica
1476 2553 1840 2607 canticorum.
1874 2548 2080 2604 Deinde

501 2646 721 2699 tertium
750 2647 1014 2701 librorum
1040 2646 1355 2715 collegium,
1388 2658 1514 2714 quae
1535 2645 1776 2713 γραφεῖα
1796 2640 2079 2703 dicuntur,

497 2742 551 2787 et
576 2734 921 2804 Agiograpba
940 2736 1225 2801 continet;
1254 2733 1567 2803 cuiusmodi
1595 2738 1745 2795 sunt,
1781 2731 1923 2785 liber
1950 2728 2081 2783 Jesu

500 2824 597 2878 tilii
632 2822 782 2878 Nave
802 2866 817 2885 ,
849 2823 1106 2878 Iudicum
1140 2825 1299 2888 liber,
1328 2837 1453 2877 cum
1481 2823 1624 2877 libro
1657 2820 1837 2887 Ruth;
1873 2819 2080 2873 Paraliv

501 2928 772 2984 pomenon
810 2913 1024 2983 primus
1069 2927 1193 2967 cum
1220 2910 1491 2978 secundo,
1526 2909 1839 2979 Regnorum
1869 2910 2083 2979 priores

499 3006 646 3073 duo,
704 3005 930 3060 totidem
978 3004 1316 3074 posteriores
1378 3003 1434 3057 in
1484 3016 1655 3056 unum
1694 3001 1948 3054 volumen
1994 3014 2084 3054 re-

502 3096 670 3152 dacti.
705 3096 953 3151 Tertium
984 3096 1116 3152 illud
1148 3095 1437 3165 collegium
1468 3102 1589 3161 est;
1619 3100 1875 3162 quartum
1896 3090 2083 3161 sequi-

500 3196 629 3243 tur:
664 3189 720 3242 in
752 3187 899 3259 quod
930 3187 1219 3243 duodecim
1250 3185 1538 3256 Propheta!
1579 3184 1843 3248 minores,
1875 3181 2069 3248 Isaias,

498 3280 790 3349 Jeremias,
825 3280 1101 3339 Ezechiel.
1141 3295 1205 3333 ac
1240 3278 1429 3334 Daniel
1463 3276 1696 3347 coniecti
1728 3283 1877 3333 sunt.
1905 3276 2084 3345 Atque

502 3374 607 3427 hoc
637 3375 892 3428 volumen
923 3374 1314 3443 prophetarum
1342 3372 1549 3441 scripta
1571 3370 1841 3425 continet.
1864 3366 2084 3438 Reliqui

502 3475 632 3521 sunt
656 3467 787 3520 libri
816 3466 929 3519 duo
956 3484 971 3519 :
1006 3466 1110 3519 hoc
1136 3472 1220 3519 est
1252 3463 1443 3519 Bsdra!
1476 3477 1643 3525 unus,
1665 3461 1761 3531 qui
1792 3460 2085 3529 separatim

504 3563 849 3617 numeratur,
875 3554 1017 3609 alius
1038 3554 1257 3608 Esther.
1288 3551 1365 3605 ita
1396 3550 1509 3605 duo
1530 3558 1586 3605 et
1617 3550 1810 3620 viginti
1837 3549 1961 3602 libri
1985 3563 2087 3618 pro

506 3646 812 3700 litterarum
858 3643 1263 3700 Hebraicarum
1303 3655 1533 3697 numero
1574 3648 1891 3695 censentur.
1928 3637 2087 3705 Quod

505 3738 654 3792 enim
700 3737 769 3792 ad
807 3738 947 3792 duos
990 3736 1115 3792 illos
1164 3736 1383 3799 attinet,
1423 3733 1517 3805 qui
1553 3734 1806 3789 versibus
1839 3730 2101 3786 distincti

507 3838 661 3893 sunt,
700 3827 1018 3885 Salomonis
1047 3827 1301 3882 videlicet
1345 3824 1710 3896 Sapientiam,
1746 3837 1869 3892 quae
1910 3820 2089 3875 Pana-

506 3933 658 3978 retus
687 3922 1030 3986 inscribitur,
1073 3928 1127 3977 et
1155 3920 1284 3976 Jcsu
1310 3919 1439 3974 Filii
1467 3919 1660 3974 Sirach
1703 3919 1925 3983 librum,
1958 3914 2088 3971 Jesu

506 4016 743 4084 nepotis,
786 4013 883 4083 qui
926 4012 1224 4085 Sapientiae
1267 4012 1469 4067 librum
1514 4009 1780 4066 Hebraice
1836 4007 2083 4077 scripsit,

505 4122 669 4176 quem
716 4120 888 4175 nepos
928 4103 1049 4174 eius
1101 4101 1264 4160 Josus
1306 4103 1498 4158 Graece
1547 4104 1820 4170 reddidit;
1866 4100 2088 4155 tametsi

506 4199 668 4254 utiles
702 4213 767 4251 ac
800 4197 1071 4252 fructuosi
1100 4198 1175 4251 illi
1203 4198 1336 4257 sint.
1372 4198 1426 4251 in
1455 4197 1868 4266 Scripturarum
1896 4208 2091 4248 nume-

508 4306 626 4344 rum
654 4305 1002 4360 nequaquam
1040 4288 1233 4344 referri
1267 4289 1467 4345 solent.
1501 4286 1657 4343 Unde
1694 4302 1797 4342 nec
1828 4287 1884 4341 in
1917 4293 2090 4341 testa-

509 4379 675 4432 menti
705 4394 830 4431 arca
859 4378 1115 4438 collocati
1147 4386 1297 4433 sunt.

2180 1918 2273 1971 καὶ
2312 1916 2525 1984 λέγεται
2558 1915 2656 1984 μία
2705 1912 2913 1983 βίϐλος·
2953 1910 3127 1973 οὔτως
3170 1905 3299 1975 γοῦν
3344 1904 3649 1972 σύγκεινται
3686 1899 3734 1951 αί

2181 2006 2352 2075 βίϐλοι
2400 2007 2460 2058 ὲν
2502 2002 2888 2071 πεντατεύχοις
2916 2000 3188 2071 τέτταρσι,
3203 1997 3297 2049 καὶ
3325 1994 3571 2065 μένουσιν
3596 1990 3735 2044 ἄλλαι

2178 2099 2272 2152 δύο
2318 2096 2673 2169 ὑστεροῦσαι·
2722 2094 2798 2156 ὡς
2834 2089 2975 2145 εἶναι
3016 2092 3115 2152 τὰς
3152 2085 3491 2146 ὲνδιαθέτους
3540 2080 3737 2152 βίϐλους

2178 2190 2381 2253 οὕτως’
2420 2188 2581 2241 πέντε
2628 2187 2737 2258 μὲν
2757 2183 3008 2255 νομικὰς,
3047 2182 3286 2245 Γένεσιν,
3324 2176 3563 2241 Ἔξοδον,
3595 2174 3738 2226 Λευῖ-

2178 2279 2349 2342 τικὺν,
2395 2276 2710 2347 Ἀριθμοὺς,
2761 2270 3211 2341 Δευτερονόμιον’
3268 2264 3411 2335 αῦτη
3465 2265 3498 2333 ὴ
3551 2259 3739 2316 Πεντά-

2179 2387 2368 2440 τευχος
2401 2368 2495 2421 καὶ
2525 2368 2559 2437 ἡ
2588 2364 2881 2435 νομοθεσία
2900 2380 2914 2392 ·
2947 2360 3107 2413 πέντε
3138 2358 3247 2429 γὰρ
3281 2357 3576 2425 στιχήρεις,
3603 2348 3740 2425 ἡτοῦ

2192 2461 2310 2514 Ἰὼϐ
2358 2459 2558 2530 βίϐλος,
2608 2453 2729 2509 εἶτα
2780 2455 2839 2507 τὸ
2874 2452 3210 2521 Ψαλτήριον,
3257 2445 3537 2517 Παροιμία
3587 2442 3738 2495 Σαλο-

2184 2552 2412 2622 μῶντος,
2453 2545 2910 2616 Ἐκκλησιαστὴς,
2940 2539 3131 2613 τᾼσμιι
3163 2539 3427 2610 ᾀσμάτων
3446 2554 3460 2567 ·
3489 2531 3601 2589 εἶτα
3622 2533 3739 2603 ἄλλη

2181 2644 2538 2711 πεντάτευχος
2548 2639 2616 2691 τὰ
2627 2636 2792 2691 καλού
2801 2652 2937 2707 μενα
2950 2634 3213 2705 Γραφεία,
3222 2648 3296 2682 πα
3302 2629 3374 2702 ρά
3392 2645 3501 2681 τισι
3520 2626 3574 2680 δὲ
3585 2624 3743 2694 Ἀγιά-

2182 2751 2368 2804 γραφα
2382 2733 2669 2802 λεγόμενα,
2696 2727 2851 2783 ἆτινά
2874 2731 3021 2779 ἐστιν
3043 2724 3214 2786 οὕτως
3233 2738 3248 2752 θ
3286 2719 3465 2790 Ἰησοῦ
3488 2719 3577 2771 τοῦ
3601 2716 3741 2785 Ναυῆ

2185 2825 2384 2895 βίϐλος,
2432 2821 2651 2893 Κριτῶν
2704 2818 2843 2890 μετὰ
2890 2820 2991 2887 τῆς
3032 2813 3212 2877 Ῥοὺθ,
3265 2808 3744 2881 Παραλειπομένων

2184 2916 2372 2989 πρώτη
2412 2913 2549 2985 μετὰ
2591 2912 2691 2981 τῆς
2734 2909 3014 2980 δευτέρας,
3061 2904 3359 2958 Βασιλειῶν
3397 2900 3584 2973 πρώτη
3623 2895 3743 2969 μετὰ

2183 3009 2283 3079 τῆς
2307 3007 2610 3078 τετάρτης·
2649 3002 2788 3073 αῦτη
2833 3000 2990 3072 τρίτη
3027 2996 3426 3065 πεντάτευχος·
3460 2991 3591 3060 ἄλλη
3633 3005 3744 3041 πεν-

2110 3139 2153 3196 C
2184 3100 2466 3170 τάτευχος,
2506 3098 2569 3150 τὸ
2608 3092 3129 3196 Δωδεκαπρόφητον,
3173 3088 3426 3150 Ἡσαΐας,
3474 3080 3745 3196 Ἰερεμίαῗν

2200 3189 2480 3262 Ἰεζεκιὴλ,
2528 3185 2759 3257 Δανιήλ·
2810 3184 2906 3237 καὶ
2951 3182 3091 3252 αὕτη
3140 3182 3175 3252 ἡ
3210 3176 3525 3249 προφητικὴ
3568 3173 3747 3228 mnd-

2183 3298 2409 3356 τευχοςο
2473 3281 2694 3353 ἔμειναν
2750 3279 2809 3332 δὲ
2866 3276 3023 3331 ἄλλαι
3073 3273 3194 3339 δύο,
3254 3271 3460 3334 αἵτινές
3515 3270 3616 3321 είσι
3662 3264 3746 3319 τοῦ

2189 3375 2394 3445 Ἔσδρα
2426 3372 2527 3444 μία
2550 3370 2645 3425 καὶ
2684 3369 2825 3437 αὕτη
2856 3365 3205 3436 λογιζομένη.
3238 3362 3334 3417 καὶ
3366 3362 3502 3431 ἄλλη
3528 3358 3693 3430 βίϐλος
3718 3356 3759 3425 ’ῘὶΔ

2184 3467 2285 3537 τῆς
2318 3466 2520 3535 Ἐσθὴρ
2569 3462 2818 3517 καλεῖται
2842 3477 2857 3491 ·
2895 3455 3294 3528 ἐπληρώθησαν
3325 3449 3421 3507 οὖν
3461 3455 3516 3506 at
3564 3454 3746 3504 είκοσι-

2185 3556 2279 3611 δύο
2310 3554 2482 3625 βίϐλοι
2510 3552 2649 3607 κατὰ
2677 3552 2769 3605 τὸν
2796 3546 3030 3620 ἀριθμὸν
3054 3546 3169 3599 τῶν
3192 3542 3466 3597 εἰκοσιδύο
3494 3538 3750 3610 στοιχείων

2188 3650 2317 3720 παρ’
2351 3647 2646 3719 Ἑϐραίοις.
2682 3645 2749 3698 Δί
2774 3643 2883 3712 γὰρ
2916 3640 3187 3710 στιχήρεις
3216 3635 3310 3689 δύο
3341 3634 3537 3706 βίϐλοι,
3560 3632 3651 3702 ἥτε
3666 3625 3751 3681 τοῦ

2189 3738 2554 3811 Σολομῶντος,
2594 3739 2628 3806 ἡ
2670 3735 2982 3806 Πανάρετος
3025 3726 3319 3799 λεγομένη,
3353 3725 3451 3780 καὶ
3479 3727 3512 3795 ἠ
3539 3722 3628 3776 τοῦ
3662 3721 3752 3811 Ἰηῗ

2190 3830 2285 3885 σοῦ
2317 3808 2411 3882 τοῦ
2452 3827 2568 3882 υἱοῦ
2599 3825 2789 3897 Σιρὰχ,
2838 3819 3063 3890 ἐκγόνου
3188 3815 3284 3870 τοῦ
3322 3815 3523 3889 Ἰησοῦ,
3557 3812 3647 3867 τοῦ
3669 3808 3759 3897 καίΔ

2189 3921 2287 3993 τὴν
2316 3919 2520 3989 Σοφίαν
2546 3896 2831 3987 Ἐϐραῖστὶ
2859 3910 3191 3984 γράψαντος,
3218 3910 3285 3991 ην
3307 3910 3335 3962 ὁ
3360 3908 3581 3976 ἔκγονος
3604 3896 3748 3993 αύτοῦ

2201 3986 2414 4084 Ἰησοῦς
2442 4006 2787 4082 ἑρμηνεύσας
2836 4003 3145 4076 Ἑλληνιστὶ
3188 3990 3427 4072 ἔγραψε·
3469 3998 3562 4051 καὶ
3608 3986 3751 4084 αῦται

2190 4081 2448 4175 χρῆσιμοι
2479 4081 2597 4171 μέν
2630 4101 2735 4152 είσι
2790 4098 2885 4150 καὶ
2922 4094 3211 4165 ὠφέλιμοι,
3250 4089 3365 4145 ἀλλ’
3416 4090 3495 4152 είς
3540 4081 3754 4175 ἀριθμδν

2404 4192 2504 4245 οὐκ
2534 4188 2915 4260 ἀναφέρονται.
2958 4186 3049 4239 Διὸ
3072 4184 3145 4256 δὴ¹
3178 4187 3237 4237 ὲν
3267 4181 3345 4255 τῷ
3386 4178 3592 4251 Ἀαρὼν
3608 4177 3633 4267 ξ
3653 4172 3765 4261 (ὅθί

2192 4264 2541 4349 ἄνετέθησαν,
2573 4276 2676 4330 τοῦ
2701 4292 2761 4327 τε
2788 4275 2810 4307 δ
2836 4276 2893 4328 ὲν
2912 4274 2982 4344 τῇ
3007 4272 3108 4343 τῆς
3139 4271 3403 4343 διαθήκης
3431 4264 3660 4336 κιϐωτῷ.

578 4466 645 4521 ν.
683 4467 793 4521 Nec
824 4468 959 4522 illud
996 4470 1166 4522 latere
1196 4475 1249 4521 te
1289 4466 1471 4530 debet,
1505 4466 1863 4522 honestarum
1905 4480 2084 4520 rerum

2265 4463 2343 4516 E'.
2383 4457 2545 4513 Ἀλλὰ
2593 4456 2688 4508 καί⁵
2716 4454 2795 4507 ἔτι
2825 4451 2983 4507 τοῦτό
3026 4468 3085 4505 σε
3129 4450 3204 4523 μὴ
3244 4446 3526 4521 παρέλθοι,
3555 4439 3599 4495 ὦ
3620 4437 3755 4530 φιλύ·

515 4558 792 4621 studiose,
824 4556 1152 4612 Psalterium
1184 4558 1254 4612 ab
1279 4556 1525 4613 Hebraeis
1562 4560 1805 4627 quinque
1833 4557 1889 4610 in
1920 4555 2092 4609 libros

524 4665 651 4705 esse
690 4649 949 4719 partitum
967 4664 1154 4727 ;.nova
1178 4655 1239 4702 ut
1263 4648 1501 4703 indidem
1532 4648 1932 4718 pentateuchus
1952 4647 2097 4701 oria-

514 4750 625 4795 tur.
669 4740 889 4811 Primus
936 4740 1076 4794 liber
1104 4754 1134 4793 a
1171 4740 1349 4810 primo
1381 4739 1593 4810 psalmo
1634 4738 1700 4792 ad
1736 4738 2093 4807 quadragesi-

512 4850 659 4887 mum
690 4834 1008 4907 continetur
1035 4850 1048 4887 :
1086 4832 1364 4903 secundus
1390 4847 1420 4885 a
1446 4831 1866 4905 quadragesimo
1890 4829 1955 4883 ad
1982 4829 2095 4900 pri-

513 4939 661 4977 mum
713 4931 767 4979 et
819 4923 1327 4994 septuagesimum;
1375 4923 1570 4978 tertius
1612 4937 1642 4975 a
1692 4921 2093 4992 septuagesimo

509 5016 759 5093 secundo
807 5015 875 5069 ad
935 5016 1332 5093 octogesimum
1385 5024 1673 5081 octavum;
1747 5020 1979 5083 quartus
2025 5012 2095 5065 ab

510 5106 850 5181 Octogesimo
886 5123 1032 5161 nono
1087 5106 1158 5163 ad
1211 5107 1571 5177 centesimum
1622 5105 1896 5173 quintum,
1934 5101 2095 5171 quin-

513 5186 604 5256 tus
630 5190 1000 5253 a"centesimo
1030 5207 1189 5254 sexto
1212 5199 1277 5252 ad
1314 5198 1675 5253 centesimum
1707 5202 1761 5249 et
1804 5193 2084 5264 quinqua—

513 5293 783 5363 gesimum
818 5291 1153 5361 perducitur.
1197 5290 1332 5343 Nam
1368 5293 1684 5361 quicunque
1714 5287 1959 5357 psalmus
1991 5284 2097 5339 hoe

2199 4548 2354 4615 καλε,
2382 4550 2465 4604 ὅτι
2504 4548 2598 4601 καλ⁵
2622 4546 2684 4600 τὸ
2717 4546 3031 4616 Ψαλτήριον
3071 4542 3265 4595 διεῖλον
3302 4541 3382 4603 είς
3410 4538 3573 4591 πέντε
3598 4528 3756 4603 βιϐλία

2198 4647 2248 4697 οἱ
2284 4642 2549 4713 Ἑϐραῖοι,
2576 4639 2719 4693 ὥστε
2742 4634 2885 4691 εῖναι
2914 4636 3009 4690 καὶ
3036 4634 3170 4688 αὐτὸ
3198 4632 3365 4703 ἀλλην
3395 4627 3753 4713 πεντάτευχον.

2212 4735 2346 4788 Ἀπὸ
2367 4711 2475 4805 γὰρ
2506 4731 2725 4803 πρώτου
2752 4728 2970 4801 ψαλμοῦ
3001 4729 3131 4799 ἄχρι
3159 4717 3615 4793 τεσσαρακοστοῦ,
3645 4711 3759 4785 μίαν

2200 4825 2514 4897 ὲλογίσαντο
2566 4822 2787 4893 βίϐλονο
2820 4820 2928 4874 ἀπὸ
2979 4819 3036 4872 δὲ
3082 4812 3521 4891 τεσσαρακοστοῦ
3562 4805 3758 4881 πρώτου

2200 4918 2329 4990 ἄχρι
2355 4916 2451 4969 τοῦ
2478 4912 2879 4985 ἐϐδομηκοστοῦ
2917 4909 3158 4983 πρώτου,
3184 4907 3439 4978 δευτέραν
3467 4902 3760 4990 ’ίγγήσᾳνξω⁸

2202 4986 2309 5063 ἀπο
2336 5004 2738 5076 ὲϐδομηκοστοῦ
2770 5002 3021 5073 δευτέρου
3057 5000 3162 5063 ἓως
3186 4992 3544 5072 ὀγδοηκοστοῦ
3566 4986 3761 5076 ὀγδόοιξς

2198 5099 2383 5173 τρίτον
2405 5073 2608 5168 βιϐλίον
2630 5098 2954 5167 ἐποιήσαντο
2976 5110 2990 5123 ·
3022 5092 3132 5145 ἀπὸ
3159 5091 3216 5144 δὲ
3245 5082 3599 5159 ὀγδοηκοστοῦ
3627 5073 3763 5131 ὲννό-

2200 5210 2293 5246 του
2341 5191 2446 5254 ἕως
2488 5187 2784 5243 έκατοστοῦ
2834 5186 3109 5257 πέμπτου,
3167 5183 3432 5252 τετάρτην
3487 5173 3756 5243 ἐποίησαν⁸

2202 5282 2311 5338 ἀπὸ
2343 5282 2401 5336 δὲ
2431 5280 2726 5337 ὲκατοστοῦ
2774 5279 2935 5332 ἕκτου
2977 5277 3082 5340 ἓως
3114 5273 3209 5329 τοῦ
3254 5267 3545 5327 ἑκατοστοῦ
3584 5274 3759 5327 πεντη·

534 5520 537 5525 η
586 5446 761 5517 'Leg.
794 5445 951 5516 ὰλὲφ.
1026 5446 1047 5476 ¹
1076 5443 1137 5499 F.
1167 5444 1281 5497 καί.
1353 5443 1377 5474 ³
1403 5442 1632 5515 Negatio
1659 5441 1886 5504 forsitan
1922 5438 2084 5493 deest.

2186 5446 2193 5464 ’
2221 5435 2282 5489 C.
2319 5435 2582 5489 τουτέστι.

542 5602 547 5607 ι
591 5565 708 5634 (38)
732 5566 830 5618 Διὸ
853 5565 922 5615 δὲ
946 5564 1016 5616 ἐν
1042 5562 1125 5627 τῷ
1159 5560 1407 5634 ’Λαρίίοκ
1434 5562 1563 5629 Leg.
1601 5561 1654 5612 ‘A
1667 5559 1796 5634 ρῲν,
1836 5557 2102 5634 Hebraice

521 5627 647 5719 tmte
677 5627 875 5703 arcam
898 5633 1189 5705 signiﬁcat.
1222 5627 1395 5695 Quam
1425 5627 1613 5683 vocem
1662 5627 1755 5683 hic
1803 5629 2001 5697 opinor»
2025 5627 2105 5679 al-

530 5723 632 5776 teri
667 5724 1124 5791 substitucmiam.
1163 5724 1491 5778 Persuasum
1523 5722 1713 5776 habuit
1747 5719 2105 5792 Epiphanius.

1766 5840 1799 5855 Α

2210 5572 2399 5611 sacrOs
2447 5554 2665 5608 codices
2696 5555 2749 5606 in
2799 5568 2927 5606 area
2973 5549 3286 5606 reconditos
3336 5546 3538 5607 fuisse;
3574 5537 3629 5611 si
3660 5535 3762 5611 haec

2212 5605 2933 5695 suntHEp—ipha—nii,”etnon
2996 5605 3158 5691 inepti
3186 5605 3633 5691 cuiuspiam,’qui
3673 5605 3761 5658 his

2215 5712 2388 5767 nugas
2425 5693 2668 5749 adorant
2693 5693 3040 5765 ascripserat.
