3994 6448
505 434 610 492 267

1921 428 1983 489 5.
1996 429 2358 523 .EPIPHANII
3636 440 3723 500 9-68

574 546 714 605 Vll.’
744 548 839 606 Sic
892 548 1059 620 igitur
1111 548 1375 618 praeclare
1415 546 1683 618 Origenes
1729 546 1993 615 instituit,
2035 556 2087 605 et

2267 552 2343 605 Z'.
2372 548 2468 619 Τῷ
2492 549 2549 603 δὲ
2596 548 2747 620 αὑτῷ
2790 548 2979 622 τρόπῳ
3011 551 3041 605 ό
3066 550 3349 623 Ὠριγένης
3385 553 3550 618 καλῶς
3584 556 3728 613 ποιιῖιν

502 642 647 699 olieli
686 650 872 697 notam
893 642 1194 714 prudenter
1215 639 1492 712 apposuit.
1522 638 1626 706 Qui
1658 640 1869 694 utinam
1901 641 1955 695 in
1989 655 2094 695 ca:-

504 734 639 791 teris
663 749 916 806 peraeque
952 733 1163 789 laudari
1196 734 1417 803 posset!
1451 731 1589 786 Cum
1621 733 1768 788 enim
1799 732 1866 786 ad
1895 733 2095 787 editio-

505 842 604 882 nes
654 843 705 881 γι
756 826 1080 881 Hebraicam
1120 825 1441 894 adiecisset,
1477 823 1595 880 suis
1640 838 1705 880 ac
1737 824 1976 895 pr0priis
2005 839 2096 881 vo-

511 918 669 972 cibus
714 918 1027 988 litterisque
1063 924 1431 981 constantem,
1458 923 1515 970 et
1536 929 1646 969 una
1697 916 1896 987 pagina
1951 932 2094 973 com-

503 1004 857 1073 prehensam,
873 1006 1036 1061 aliam
1061 1006 1290 1076 insuper
1310 1012 1366 1060 et
1388 1004 1695 1075 oppositam
1717 1006 1949 1071 addidit,
1970 1023 2093 1078 quae

505 1094 803 1152 llebraicas
841 1110 1003 1152 voces
1044 1093 1250 1153 Graicis
1284 1096 1481 1152 litteris
1507 1109 1573 1150 ac
1606 1097 1799 1167 ﬁguris
1836 1108 2090 1157 exaratas

505 1188 835 1251 contineret,
878 1194 937 1242 ut
975 1189 1069 1258 qui
1115 1186 1385 1243 Hebraice
1427 1188 1727 1255 nescirent,
1772 1189 2086 1247 Graecorum

504 1281 901 1335 elementorum
936 1280 1204 1336 beneﬁcio
1242 1279 1640 1337 Hebraicarum
1686 1284 2086 1340 sententiarum

503 1372 614 1425 vim
655 1387 719 1426 ac
765 1381 1093 1443 potestatem
1140 1372 1534 1443 intelligerent.
1584 1374 1772 1444 Itaque
1811 1374 1865 1430 in
1907 1379 2085 1431 Hexa-

498 1461 626 1531 ptis,
646 1461 950 1530 Octaph'sve
1001 1468 1118 1520 suis
1146 1480 1271 1519 cum
1291 1464 1590 1521 Hebraicas
1618 1465 1755 1523 duas
1783 1468 2009 1539 paginas
2036 1485 2086 1523 γι

502 1552 864 1620 interpretum
931 1553 1272 1610 editionibus
1325 1557 1710 1625 opposuisset,
1788 1558 2087 1628 plurimum

500 1643 770 1707 szudiosis
798 1644 1121 1702 hominibus
1145 1647 1215 1702 ad
1244 1648 1579 1705 eruditionis
1604 1664 1669 1704 ac
1695 1649 1960 1705 doctrinae
1990 1665 2089 1705 co-

502 1737 645 1803 piam
686 1737 943 1792 utilitatis
987 1739 1190 1793 attulit.
1238 1740 1421 1809 Atque
1462 1741 1670 1796 utinam
1708 1743 1761 1797 in
1808 1742 1932 1798 aliis
1972 1744 2088 1800 suis

500 1828 764 1895 operibus
786 1844 893 1883 non
920 1830 1151 1900 turpiter
1174 1831 1512 1896 aberrasset,
1550 1849 1727 1904 neque
1752 1834 1857 1890 sibi
1902 1850 1966 1889 ac
1991 1835 2087 1889 toti

502 1927 776 1972 terrarum
802 1920 924 1974 orbi
957 1922 1227 1992 insignem
1250 1924 1603 1994 imposuisset
1637 1900 1921 1995 iniuriam,
1954 1924 2085 1981 dum
2118 1900 2161 1957 Β

500 2018 557 2062 et
599 2009 667 2063 de
720 2010 825 2066 ﬁde
861 2027 1148 2083 perperam
1189 2016 1379 2080 sentit,
1426 2025 1480 2071 et
1524 2016 1735 2071 inﬁnita
1787 2015 2087 2088 Scriptura:

502 2101 622 2156 loca
662 2118 830 2172 prava
875 2105 1331 2175 interpretatione
1364 2110 1702 2179 corrumpit!
1756 2109 1864 2166 Sed
1914 2112 2086 2187 ιιι,οὰ

498 2188 812 2243 institutam
861 2192 924 2246 de
964 2193 1125 2248 obelo
1175 2197 1548 2252 narrationem
1586 2199 1826 2266 redeam,
1869 2202 2083 2271 obelus,

500 2287 560 2333 ut
593 2282 757 2349 paulo
780 2293 910 2338 ante
936 2283 1074 2350 dixi,
1103 2300 1132 2339 a
1158 2290 1441 2343 nonnullis
1473 2290 1659 2344 lancea
1688 2292 1915 2359 dicitur,
1938 2297 2083 2365 quod

497 2372 665 2441 gladii
706 2389 881 2443 genus
911 2385 990 2434 est
1026 2378 1095 2432 ad
1125 2380 1330 2435 caedem
1362 2379 1670 2437 faciendam
1696 2384 1870 2439 utilis.
1903 2386 2088 2452 Quare

499 2464 816 2535 ubicunque
837 2467 1008 2521 dictio
1021 2471 1287 2540 quaepiam
1298 2473 1560 2539 occurrit,
1582 2487 1705 2544 qua:
1721 2474 1868 2541 apud
1885 2471 2073 2529 LXXII

495 2560 721 2628 legitur,
764 2560 818 2614 in
854 2558 1084 2616 Hebraeo
1113 2576 1243 2617 vero
1270 2577 1383 2620 non
1414 2566 1568 2635 item,
1601 2568 1797 2625 obelus
1820 2562 2087 2627 vocabulo

498 2649 627 2703 huic
683 2651 1002 2721 adjunctus,
1056 2654 1111 2707 in
1168 2666 1428 2720 matrice,
1477 2673 1544 2715 ac
1587 2660 1740 2715 velut
1784 2662 2087 2733 Scriptura:

497 2741 640 2807 solo,
689 2749 743 2796 et
790 2741 1152 2798 fundamento
1183 2745 1379 2803 deesse
1415 2749 1711 2819 significat,
1743 2767 1843 2807 nec
1870 2768 1936 2810 eo
1964 2756 2087 2810 loco

498 2833 749 2903 reperiri.
779 2834 1059 2890 Hactenus
1090 2833 1157 2891 de
1192 2838 1463 2895 asterisco
1492 2851 1550 2895 et
1572 2841 1753 2898 obelo.

574 3011 705 3067 Vlil.
770 3014 1088 3070 Proximum
1123 3025 1209 3072 cst
1252 3027 1311 3073 ut
1348 3019 1417 3075 de
1469 3022 1757 3089 lemnisco,
1813 3032 1869 3077 et
1908 3023 2089 3094 hypo-

498 3106 764 3161 lcmnisco
787 3107 1083 3162 dicendum
1115 3111 1388 3167 videatur.
1426 3113 1753 3171 Lemniscus
1783 3114 1886 3170 hac
1911 3115 2087 3170 forma

2197 641 2454 714 ἐποίησεν
2491 639 2685 705 οὕτως,
2717 640 2812 695 καὶ
2839 641 2968 713 περὶ
2992 640 3087 695 τοῦ
3134 642 3325 696 ὀϐελοῦ
3350 645 3445 716 τὴν
3470 647 3731 716 σημείωσιν

2194 734 2509 805 ἐποιήσατο.
2526 717 2653 787 Εἵθέ
2673 727 2766 786 οὖν
2786 734 2971 787 καὶτὰ
2994 734 3131 789 ἄλλα
3152 734 3296 788 οὓτω
3313 734 3485 799 καλῶς
3508 738 3726 808 ὲποίησεῐ

2194 823 2305 889 Τάς
2333 824 2442 896 γὰρ
2513 824 2573 891 ἐξ
2625 823 2923 896 ἑρμηνείας
2960 825 3056 877 καὶ
3087 823 3187 896 τὴν
3218 824 3504 897 Ἐϐραῖκὴν
3543 816 3731 899 γραφὴν

2204 915 2515 987 Ἑϐραϊκοῖς
2549 916 2838 987 στοιχείοις
2878 916 2974 970 καὶ
3018 917 3260 989 ῥήμασιν
3297 919 3474 981 αὐτοῖς
3509 918 3562 971 ὲν
3588 918 3731 973 σελίδι

2195 1009 2295 1078 μιᾷ
2345 1007 2731 1073 συντεθεικὼς,
2788 1008 2955 1080 ἄλλην
3017 1008 3199 1061 σελίδα
3255 1008 3656 1083 ἀντιπαρέιθετον
3690 1011 3733 1064 o‘.

2201 1099 2533 1169 Ἑλληνικῶν
2580 1100 2679 1170 μὲν
2710 1100 3077 1171 γραμμάτων,
3116 1099 3419 1172 Ἑϐραϊκῶν
3451 1100 3505 1154 δὲ
3540 1100 3731 1167 λέξεων,

2191 1190 2329 1261 πρὸς
2355 1191 2658 1263 κατάληψιν
2680 1192 2790 1244 τῶν
2832 1191 2907 1262 μὴ
2940 1190 3160 1244 εἰδότων
3200 1190 3460 1263 Ἑϐραϊκὰ
3506 1193 3733 1261 στοιχεῖα,

2190 1284 2273 1345 είς
2305 1282 2365 1334 τὸ
2408 1282 2498 1336 διὰ
2538 1283 2649 1335 τῶν
2694 1282 3025 1353 Ἑλληνικῶν
3072 1282 3272 1337 εἰδέναι
3318 1283 3426 1336 τῶν
3464 1282 3736 1353 Ἐϐραῑκῶν

2188 1372 2384 1440 λογίων
2410 1374 2510 1444 τὴν
2541 1373 2769 1444 δύναμιν
2787 1391 2801 1405 ·
2845 1373 2940 1425 καὶ
2966 1372 3140 1436 οὕτως
3172 1374 3287 1437 τοῖς
3330 1373 3628 1443 λεγομένοις
3658 1374 3735 1425 ὑπ’

2190 1465 2357 1518 αὑτοῦ
2388 1464 2707 1531 Ἑξαπλοῖς
2731 1465 2764 1536 ἢ
2796 1464 3172 1530 Ὀκταπλοῒς,
3192 1464 3294 1525 τὰς
3313 1465 3415 1535 μὲν
3437 1464 3526 1518 δύο
3547 1463 3739 1534 Ἐϐραῖ-

2191 1557 2293 1621 κὰς
2312 1558 2523 1620 σελίδας
2548 1558 2643 1610 καὶ
2666 1556 2767 1620 τὰς
2784 1557 2843 1622 ἒξ
2858 1556 2967 1609 τῶν
2980 1554 3332 1627 ὲρμηνευτῶν
3348 1557 3412 1609 ὲκ
3432 1555 3739 1626 παραλλήλου

2189 1650 2599 1721 ἀντιπαραθεὶς,
2632 1650 2875 1721 μεγάλην
2898 1649 3167 1718 ὠφέλειαν
3189 1646 3444 1717 γνώσεως
3465 1647 3618 1699 ἔδωκε
3645 1650 3741 1710 τοῖς

2190 1740 2520 1810 φιλοκάλοις.
2574 1741 2700 1794 Εἴθε
2729 1741 2786 1793 δὲ
2820 1741 2913 1797 καὶ
2950 1741 3007 1792 ὲν
3049 1741 3164 1803 τοῖς
3211 1738 3379 1791 αὑτοῦ
3434 1738 3742 1807 συντάγμασι

2193 1832 2268 1903 μὴ
2298 1831 2599 1903 παρέπεσε,
2637 1830 2732 1885 καὶ
2772 1830 2966 1884 ἑαυτὸν
3000 1830 3095 1883 καὶ
3133 1830 3227 1883 τὸν
3274 1829 3478 1898 κόσμον
3518 1827 3741 1897 ἠδίκησε,

2190 1924 2376 1987 κακῶς
2401 1922 2738 1993 δογματίσας
2765 1920 2835 1974 τὰ
2866 1920 2997 1991 περ)⁸
3028 1919 3286 1983 πίστεως,
3325 1920 3420 1972 καὶ
3446 1919 3513 1971 τὰ
3544 1916 3742 1970 πλεῖστα

2188 2016 2298 2072 τῶν
2325 2016 2557 2087 Γραφῶν
2601 2013 2787 2077 κακῶς
2812 2011 3029 2084 φράσας
3052 2013 3064 2065 !
3102 2012 3263 2065 Ἀλλὰ
3289 2027 3357 2063 πε
3367 2010 3420 2081 pi.
3446 2010 3537 2063 τοῦ
3578 2006 3745 2062 ὁϐελοῦ

2188 2103 2343 2171 αὖθις
2393 2104 2731 2176 ἐπιλήψομαι
2778 2104 2877 2174 τῆς
2924 2102 3253 2174 διηγήσεως.
3298 2102 3567 2171 Ἔφαμεν,
3611 2101 3685 2153 ὅτι
3721 2101 3745 2152 ὁ

2186 2180 2372 2261 ὀϐελος
2398 2198 2570 2267 λόγχη
2594 2196 2840 2264 λέγεται·
2871 2194 3026 2263 ξίφος
3053 2194 3111 2248 δέ
3151 2196 3267 2247 ἐστι
3296 2195 3459 2248 τοῦτο
3499 2197 3749 2264 ἀναιρετι-

2188 2295 2305 2346 κόν.
2340 2290 2513 2344 Ἔνθα
2541 2290 2723 2343 τοίνυν
2754 2291 2788 2359 ἡ
2826 2285 2973 2352 λέξις
3003 2286 3317 2357 εὑρίσκεται
3354 2287 3507 2357 παρὰ
3539 2286 3632 2355 μὲν
3652 2285 3749 2346 τοῖς

2196 2379 2698 2452 Ἐὁδομηκονταδύο
2722 2379 3012 2449 κειμένους
3042 2380 3081 2443 ⁸,
3107 2380 3164 2432 ὲν
3191 2377 3247 2430 δὲ
3274 2379 3358 2449 τῷ
3393 2374 3653 2449 Ἐϐραῖκῷ
3686 2374 3749 2444 μὴ

2187 2473 2649 2545 ἀναφερομένους,
2680 2474 2745 2525 ὲκ
2783 2470 2885 2541 τῆς
2924 2471 3019 2524 τοῦ
3053 2469 3241 2524 ὀϐελοῦ
3282 2468 3630 2541 σημειώσεως
3666 2464 3749 2518 τοῦ

2185 2569 2254 2638 τῇ
2276 2563 2419 2628 λέξει
2454 2561 2863 2635 παρακειμένου
2902 2556 3179 2633 δηλοῦται,
3211 2561 3295 2614 δτι
3338 2560 3606 2630 ἀνῄρηται
3631 2558 3658 2609 ὁ
3678 2554 3755 2608 λό-

2186 2677 2283 2729 γος
2310 2660 2419 2712 ἀπὸ
2448 2656 2542 2710 τοῦ
2574 2654 2893 2725 γεννητικοῦ
2925 2654 3118 2719 τόπου,
3151 2654 3273 2723 ἦτοι
3303 2652 3401 2705 τοῦ
3429 2652 3649 2720 ἒδάφους
3666 2647 3753 2717 τῆς

2187 2750 2431 2823 Γραφῆς,
2461 2750 2536 2812 ὼς
2582 2748 2655 2818 μὴ
2691 2746 2953 2817 ὑπάρχων
3004 2747 3061 2797 ὲν
3110 2744 3188 2813 τῷ
3216 2744 3373 2815 τόπῳ
3420 2743 3520 2813 τῆς
3562 2738 3753 2793 Βίϐλου.

2191 2844 2300 2895 Καὶ
2342 2841 2519 2894 ταῦτα
2556 2839 2655 2909 μὲν
2694 2838 2824 2908 περὶ
2852 2835 2947 2889 τοῦ
2978 2835 3309 2907 ἅστερίσκου
3349 2835 3447 2889 καὶ
3475 2831 3567 2887 τοῦ
3589 2825 3753 2883 ὀϐελοῦ

2186 2935 2558 3005 διηγησάνμηνο

2260 3026 2342 3081 Η’.
2370 3026 2570 3079 Λοιπὸν
2596 3023 2692 3076 καὶ
2734 3021 2864 3092 περὶ
2890 3020 2986 3073 τοῦ
3028 3019 3315 3089 λιμνίσκου
3347 3020 3446 3072 καὶ
3492 3010 3757 3085 ὑπολιμνί·

2190 3134 2320 3171 σκου
2349 3117 2657 3188 διηγητέον.
2678 3113 2977 3184 Λιμνίσκον
2997 3110 3127 3182 γοῦν
3154 3112 3247 3164 τὸν
3270 3111 3423 3165 οὕτω
3439 3108 3761 3183 γραφόμενον

495 3200 812 3271 depingitur
1150 3202 1358 3275 Estque
1424 3206 1711 3276 longurius
1773 3208 1917 3261 inter
1976 3208 2087 3263 duo

2191 3208 2262 3272 ὡς
2285 3208 2396 3278 ἔχει
2416 3208 2480 3260 τὸ
2498 3206 2859 3277 προκείμενον
2893 3209 3094 3272 ς-ξ-
3133 3203 3360 3275 σημεῖόν
3390 3204 3529 3265 ἐστι,
3549 3192 3762 3293 γραμμή

497 3299 701 3357 puncta
733 3327 749 3354 ,
782 3307 1020 3363 quorum
1053 3294 1287 3349 alterum
1319 3306 1511 3363 supra,
1543 3296 1775 3349 alterum
1807 3295 1951 3349 infra
1978 3297 2088 3351 col-

498 3381 736 3447 locatur,
772 3383 1119 3453 interiectus,
1148 3385 1203 3439 id
1230 3385 1380 3455 quod
1420 3400 1451 3439 a
1490 3384 1740 3453 medicis,
1773 3402 1839 3441 ac
1867 3388 2087 3441 chirur-

495 3472 621 3540 gica
648 3474 939 3529 vulnerum
989 3477 1280 3531 curatione
1309 3478 1640 3534 translatum
1670 3488 1913 3547 putatur,
1960 3495 2084 3535 cum

498 3564 736 3633 simplici
768 3567 1024 3637 utrinque
1059 3569 1307 3623 sectione
1344 3568 1531 3632 ducta,
1565 3571 1868 3639 intercepta
1892 3585 2089 3641 oorpo-

497 3655 573 3709 ris
598 3657 755 3729 165
784 3673 911 3727 pars
935 3660 1075 3715 obeli
1107 3660 1335 3731 ﬁguram
1357 3661 1558 3727 refert;
1590 3671 1703 3715 tum
1728 3672 2087 3731 concerptum

497 3746 845 3801 linimcntum
878 3750 934 3803 in
979 3758 1201 3807 tenuem
1250 3760 1305 3807 et
1350 3751 1923 3822 oblongaml‘ormam
1968 3767 2092 3821 pro—

495 3838 723 3893 ductum
767 3856 862 3909 per
912 3849 1208 3912 utramque
1250 3843 1553 3899 sectionem
1593 3844 1888 3912 trajicitur.
1930 3843 2090 3898 Leni-

496 3935 689 3985 uiscus
711 3934 856 3985 enim
886 3934 1037 3988 istud
1067 3950 1099 3989 a
1123 3934 1359 3989 medicis
1388 3936 1654 4005 appellari
1680 3936 1820 3992 solet
1839 3952 1869 3989 a
1899 3935 2088 3990 Graeca

495 4038 630 4079 voce
650 4024 970 4093 λιμνάζειν,
1002 4028 1153 4098 quod
1185 4029 1238 4081 in
1271 4028 1584 4081 httmectum
1619 4028 1801 4082 locum
1833 4028 2091 4083 linimen~

495 4124 613 4170 tum
646 4117 779 4171 illud
825 4117 1057 4177 inditum
1089 4118 1342 4173 humoris
1384 4118 1547 4189 cepia
1576 4120 1868 4174 redundet.
1909 4120 2085 4185 Quam

2193 3301 2310 3371 μία,
2374 3297 2815 3371 μεσολαϐουμένη
2868 3300 2974 3353 ὑπὸ
3026 3298 3391 3370 κεν-πημάτων
3437 3295 3552 3355 δύο,
3608 3289 3764 3343 show

2190 3391 2457 3460 στιγμῶν,
2503 3392 2632 3460 μιᾶς
2668 3390 2769 3460 μὲν
2805 3391 2992 3443 ἐπάνω
3023 3389 3215 3457 οὔσης,
3247 3387 3353 3457 τῆς
3379 3387 3438 3441 δὲ
3468 3384 3634 3453 ἄλλης
3656 3380 3766 3432 ὑπο-

2187 3481 2359 3545 κάτω,
2392 3481 2547 3550 παρὰ
2571 3482 2780 3551 ἰατροῖς
2806 3479 3205 3549 φυσιολογικῶς
3235 3476 3511 3550 εὑρῆσθαί
3538 3489 3665 3544 φασι
3686 3467 3767 3523 καὶ

2188 3570 2529 3639 ὠνομάσθαι,
2554 3570 2667 3624 ἀπὸ
2694 3572 2794 3641 τῆς
2826 3571 2970 3625 κατὰ
2993 3571 3055 3624 τὸ
3094 3570 3256 3640 σῶμα
3286 3567 3663 3640 χειρουργίας,
3689 3559 3768 3614 δύο

2193 3660 2295 3731 μὲν
2325 3659 2513 3714 ἁπλῶν
2535 3659 2719 3731 τομῶν
2748 3661 3168 3732 διαιρουμένων,
3199 3658 3384 3713 είκιουν
3412 3654 3768 3728 τεμνομένων,

2194 3753 2360 3823 μέσον
2392 3752 2449 3805 δὲ
2491 3752 2602 3805 τῶν
2640 3752 2736 3805 δύο
2780 3752 3051 3824 αἱρέσεων
3077 3756 3098 3784 ³
3127 3751 3220 3804 τοῦ
3266 3750 3580 3821 τμηθέντος
3621 3745 3770 3797 τόπου

2188 3842 2414 3905 διαστὰς
2443 3842 2465 3873 ⁸
2496 3845 2626 3913 παρ’
2657 3844 2925 3915 ἑκατέρας
2961 3844 3152 3907 ἁπλῶς
3184 3844 3205 3875 ⁸
3232 3842 3330 3897 δύο
3367 3841 3569 3911 τομὰς,
3602 3827 3771 3889 ὀϐελοῦ

2191 3934 2377 4006 σχῆμα
2406 3934 2502 3988 τοῦ
2546 3934 2801 4006 σώματος
2843 3936 3236 3998 ἀποτελοῦντος
3262 3935 3342 3998 δὲ,
3382 3934 3414 3987 ὅ
3452 3934 3573 3984 ἐστι
3612 3922 3773 3980 λινοῦν

2191 4029 2383 4099 ῥάκος,
2414 4031 2494 4091 είς
2524 4028 2720 4082 λεπτὸν
2762 4029 2858 4081 καὶ
2888 4029 3101 4101 μακρὸν
3132 4025 3321 4098 σχῆμα
3348 4020 3772 4101 ἀποτμηθέντοςν

2189 4119 2600 4189 ἐμϐαλλομένου
2632 4118 2739 4171 ἀπὸ
2769 4117 2867 4188 τῆς,
2911 4116 3041 4187 μιᾶς
3074 4113 3402 4185 διαιρέσεως
3438 4110 3539 4165 καὶ
3581 4109 3659 4168 είς
3690 4100 3777 4169 τὴν

494 4210 566 4261 ob
598 4223 822 4264 causam
875 4210 1049 4266 sacris
1101 4210 1389 4266 codicibus
1434 4225 1558 4267 eam
1605 4218 1795 4266 notam
1830 4210 2087 4279 ascripsit

2191 4212 2359 4283 ἄλλην
2412 4210 2805 4281 διαπερῶντος.
2836 4209 3136 4279 Λιμνίσκος
3167 4208 3260 4261 ὑπ’
3307 4206 3500 4259 αὐτῶν
3550 4200 3657 4254 τῶν
3705 4197 3779 4247 ία-

493 4302 761 4372 Origenes
786 4319 800 4356 :
834 4310 894 4357 ut
921 4303 1134 4372 quoties
1160 4302 1218 4356 in
1238 4299 1429 4355 LXXII
1442 4301 1812 4371 interpretum
1846 4303 2087 4359 editione

2191 4304 2337 4377 τρῶν
2508 4302 2690 4365 καλῶς
2710 4301 2934 4372 ἐκλήθη,
2959 4300 3047 4353 διὰ
3065 4300 3129 4352 τὸ
3148 4298 3439 4368 λιμνάζειν
3465 4291 3779 4386 κλυζόμενοῖ

493 4390 904 4462 discrepantem
938 4394 1180 4464 aliquam
1204 4408 1423 4458 vocem,
1456 4393 1603 4464 quod
1638 4408 1767 4447 raro
1806 4394 2087 4459 usuvenit,

2191 4396 2283 4449 τὸν
2310 4394 2472 4467 μοτὸν
2501 4396 2560 4448 ὲν
2581 4398 2696 4457 τοῖς
2722 4395 2892 4448 τόπου
2922 4395 3112 4464 ὑγροῖς
3131 4408 3145 4423 ο
3171 4392 3253 4444 διὸ
3288 4392 3387 4445 καὶ
3413 4388 3580 4442 τοῦτο
3609 4381 3669 4436 τὸ
3692 4381 3777 4432 τοῦ

496 4484 796 4552 i'epcreris,
832 4499 955 4553 qua:
983 4484 1050 4537 ad
1087 4485 1405 4553 superiores
1432 4499 1543 4538 non
1573 4482 1872 4546 adhaereat,
1907 4497 2087 4552 neque

2194 4487 2426 4557 σημείου
2462 4485 2653 4555 σχῆμα
2681 4486 2796 4547 τοῖς
2829 4482 2998 4545 θείοις
3041 4481 3229 4549 λόγοις
3267 4478 3573 4550 παρέθετο,
3610 4471 3672 4526 ἵν’
3700 4470 3780 4521 ὅτε

497 4573 783 4629 similibus
807 4576 1105 4645 conjuncta
1150 4576 1244 4639 sit,
1279 4591 1346 4630 ex
1384 4576 1599 4629 duobus
1633 4576 1852 4643 punctis
1883 4574 2087 4629 intelli-

2194 4578 2437 4642 σπανίως
2472 4594 2574 4629 που
2606 4576 2787 4647 εὖροις
2822 4577 2882 4629 ὲν
2909 4577 2975 4645 τῇ
3016 4574 3127 4625 τῶν
3168 4564 3675 4641 Ἐϐδομηκονταδύο
3696 4562 3773 4629 ἑρ-

496 4679 595 4734 gas
629 4680 797 4719 unum
827 4665 1130 4723 alterumve
1161 4682 1260 4738 par
1299 4667 1664 4736 interpretum
1697 4681 1887 4721 vocem
1938 4666 2087 4720 illam

2200 4669 2399 4740 μηνείᾳ
2442 4668 2823 4738 διαφωνοῦσαν
2855 4666 3023 4731 λέξιν,
3072 4665 3136 4718 οὐ
3176 4664 3282 4735 μὴν
3329 4662 3644 4733 παροῦσαν,
3673 4651 3782 4707 οὐδὲ

495 4757 552 4811 in
577 4772 679 4812 sua
707 4758 1161 4829 interpretatione
1193 4757 1473 4833 posuisse.
1496 4756 1632 4823 Quae
1653 4758 1874 4826 quidem
1903 4758 2087 4821 ambo,

2196 4761 2681 4832 προστεταγμένην
2709 4763 2730 4793 ⁸
2757 4764 2879 4823 ταῖς
2923 4759 3142 4830 ὁμοίαις
3183 4756 3323 4827 αὐτῇ
3373 4756 3581 4821 λέξεσι,
3612 4747 3779 4819 γνοὺς,

493 4850 578 4906 vel
610 4850 815 4906 similia
857 4851 1236 4907 nominantur.
1272 4850 1378 4906 Sed
1408 4859 1466 4904 ut
1500 4865 1592 4906 res
1624 4859 1736 4906 tota
1771 4851 1986 4920 planior
2017 4851 2087 4906 sit

2194 4854 2279 4906 ὅτι
2305 4854 2410 4906 ὑπὸ
2439 4855 2568 4922 μιᾶς
2602 4851 2774 4922 ζυγῆς
2802 4852 2835 4921 ἢ
2878 4850 2973 4903 δύο
3016 4849 3158 4917 αὕτη
3184 4847 3519 4920 ήρμηνεύθη
3564 4846 3594 4914 ἡ
3629 4840 3781 4905 λέξις.

496 4959 562 4997 ac
608 4942 847 5009 facilior,
906 4944 1102 5014 paucis
1141 4943 1221 4999 de
1260 4958 1329 4998 ea
1362 4943 1649 5012 disputare
1696 4957 1813 4997 non.
1856 4943 2086 5013 pigebit.

438 5086 445 5092 .
492 5036 631 5088 Cum
676 5036 846 5105 igitur
889 5037 943 5090 in
992 5051 1098 5091 Lxx
1135 5038 1347 5107 psalmo
1383 5035 1618 5106 legeris:
1670 5034 1744 5089 Os
1781 5051 1954 5088 meum
1985 5051 2090 5087 an-

495 5128 757 5180 nuntiabit
776 5129 1052 5198 Justitiam
1082 5138 1266 5191 tuam;
1296 5128 1635 5182 annuntiabit
1666 5128 1915 5195 justitias
1944 5136 2088 5190 tuas;

499 5222 629 5273 item
655 5219 710 5293 in
742 5234 862 5271 Lxxi
888 5237 901 5273 :
924 5218 990 5272 Et
1014 5218 1329 5274 Itouorabile
1351 5235 1539 5274 nomen
1564 5219 1715 5273 illius
1742 5235 1925 5275 coram
1946 5220 2087 5289 ipso,

2193 4944 2285 4998 διὰ
2332 4944 2405 4997 τὰ
2456 4945 2838 5015 παρακείμενα
2881 4943 2977 4996 δύο
3022 4945 3372 5012 κεντήματν
3432 4938 3683 4992 καλεῖται
3732 4930 3780 4982 δὲ

2194 5036 2367 5089 ταῦτα
2394 5037 2464 5088 τὰ
2488 5037 2895 5106 συναμφότερα,
2929 5034 2961 5104 ἢ
2999 5035 3183 5106 ὅμοια.
3221 5034 3339 5085 ’Ίνα
3371 5032 3433 5084 δὲ
3468 5031 3632 5084 τοῦτο
3655 5021 3783 5077 λεῖόν

2184 5145 2283 5182 -σοι
2323 5128 2408 5200 εἴη
2454 5131 2547 5181 καὶ
2582 5129 3031 5199 εὐπερίδρακτον,
3077 5129 3175 5180 καὶ
3225 5129 3355 5198 περὶ
3411 5126 3576 5178 τοῦτο
3606 5124 3626 5152 ⁶
3665 5114 3784 5188 ἐρῶ-

2200 5219 2372 5274 ’Όταν
2405 5218 2595 5292 εὕρῃς,
2627 5220 2703 5282 ὡς
2731 5220 2790 5272 ὲν
2820 5218 3207 5290 ἑϐδομηκοστῷ
3229 5215 3438 5288 ψαλμῷ
3470 5212 3785 5285 ἐμφέρεται*

581 5379 693 5463 Ἀθ.
717 5379 945 5463 κειμένη
970 5380 1477 5463 ριηάναςρερομένη.
1559 5383 1577 5412 ¹
1636 5377 1698 5433 F.
1729 5378 2072 5459 διαιρέσεων.

2191 5380 2283 5445 διὰ
2321 5380 2421 5445 τὰς
2486 5397 2586 5452 pro
2605 5380 2848 5445 διαστὰς.
2928 5380 2949 5411 ⁸
2991 5379 3128 5451 Reg.
3177 5377 3378 5441 ἁπλᾶς.
3454 5378 3476 5407 ⁵
3527 5374 3662 5445 Reg.
3704 5384 3790 5424 1:;-

498 5450 893 5523 ριτεθειμένην.
936 5449 942 5451 ⁷
970 5451 991 5481 ⁸
1031 5449 1091 5504 F.
1124 5449 1339 5507 τούτου.

569 5604 683 5669 (59)
749 5607 1080 5673 Λιμνίσκος
1128 5604 1239 5674 γὰρ
1280 5608 1383 5659 ὑπ’
1435 5604 1635 5660 αὐτῶν
1685 5605 1804 5659 τῶν
1849 5608 2085 5674 ἰατρῶν.

501 5673 810 5757 Λημνίσκρν
830 5690 859 5727 a
878 5673 1495 5757 medicis-usurparipro
1517 5673 2084 5757 linatneuto‘oblongu,

502 5742 649 5806 quod
683 5745 1000 5798 vulneribus
1035 5742 1642 5805 indtturfnotissimum
1667 5755 1773 5800 est.
1814 5749 1920 5801 Sed
1956 5742 2084 5807 non,

502 5822 561 5885 _ut
595 5810 943 5885 Epiphanius
964 5814 1262 5879 existimat,
1302 5833 1395 5885 per
1430 5818 1559 5880 iuta,
1594 5816 1688 5870 sed
1718 5833 1810 5883 per
1842 5827 1927 5869 cta
1959 5819 2087 5871 scri—

498 5879 742 5937 bendum
771 5888 871 5936 est.
909 5882 1092 5946 Quare
1136 5900 1241 5940 non
1285 5879 1477 5957 probat
1516 5879 1892 5959 grammaticis
1918 5888 2085 5959 erigi-

2196 5608 2471 5662 nationem
2518 5607 2688 5671 illam,
2723 5614 2783 5661 ut
2817 5604 2968 5675 παρὰ
3016 5604 3080 5657 τὸ
3122 5601 3505 5675 λημνὰζεσθοιι
3558 5597 3785 5675 dicatur.

2198 5678 2289 5731 list
2318 5680 2458 5731 cuitu
2490 5668 2837 5741 Syracusana
2868 5668 2989 5731 vos.
3032 5691 3154 5741 quae
3176 5668 3294 5735 ’τὰς
3330 5671 3530 5733 στενὰς
3561 5668 3783 5741 ταινίας.

2195 5749 2448 5825 qblongns
2501 5735 2762 5825 fasciolas
2794 5735 3211 5825 signiticat,_ait_
3253 5742 3589 5825 Hesychius.
3643 5735 3786 5825 Unde

2199 5830 2321 5871 nota
2352 5812 2464 5881 illa,
2502 5812 2622 5885 qua!
2657 5812 2904 5885 Inungui-io
2931 5832 3055 5867 eum
3089 5814 3300 5867 duobus
3335 5812 3563 5880 punctis
3598 5821 3784 5881 appeti-

2197 5890 2410 5943 dicibus
2448 5889 2751 5955 Constabat
2783 5886 3080 5958 λημνίσκος
3112 5885 3438 5957 appellatur.
