3994 6432
228 321 335 385 εει
543 421 551 426 _
837 424 843 426 ἓ
1238 334 1459 426 LIBER
1497 332 1587 388 or:
1627 331 1986 390 ususums
2026 306 2116 389 Er
2155 334 2622 395 rouosmnus.
3489 308 3597 404 2'62

247 466 374 520 νην,
398 453 515 507 καὶ
540 457 613 509 τὸ
638 455 802 528 ἱερὸν
842 455 936 509 τοῦ
975 454 1112 509 Θεοῦ
1153 456 1715 526 καταπεπατημένον,
1757 470 1900 526 παρ-

2007 457 2380 526 proculcatum
2432 459 2654 528 reperit,
2708 459 2898 530 paucis
2945 461 3160 517 :edibus
3210 469 3480 537 exceptis,
3532 484 3599 526 ac

263 545 426 609 εκτδς
485 546 708 616 ὀλίγων
767 547 1085 618 οἰκημάτων
1112 547 1210 601 καὶ
1248 549 1346 619 τῆς
1369 547 1465 601 τοῦ
1495 547 1633 600 Θεοῦ
1672 548 1900 618 Ἐκκλη-

2007 564 2171 618 parva
2209 550 2446 620 quadam
2477 551 2926 607 Christianorum
2962 556 3216 622 ecclesia,
3266 574 3389 626 qua:
3433 559 3487 614 in
3529 577 3598 617 eo

279 637 421 703 σίας,
455 641 679 713 μικρᾶς
712 639 898 711 οῠσης,
928 639 1057 694 ἔνθα
1074 639 1518 711 ὑποστρέψαντες
1550 641 1599 692 oi
1627 638 1896 709 μαθηταὶ,

286 735 374 790 ’ὀτε
403 735 431 786 ὁ
456 733 663 805 Σωτὴρ
689 732 968 803 ἀνελήφθη
1001 732 1110 785 ἀπὸ
1133 731 1227 785 τοῦ
1274 731 1584 794 Ἐλαιῶνος,
1620 731 1896 801 ἀνέϐησαν

293 829 371 889 είς
396 826 459 879 τὸ
493 825 770 897 ὑπερῷον.
814 825 965 878 Ἐκεῖ
1001 825 1111 896 γὰρ
1143 823 1483 896 ᾠκοδόμητο,
1518 825 1795 878 τουτέστιν
1838 826 1898 877 ἐν

291 918 372 990 τῷ
428 920 584 990 μέρει
644 916 832 982 Σιὼν,
899 917 1022 987 ἥτις
1073 917 1182 970 ἀπὸ
1229 917 1334 988 τῆς
1382 913 1715 988 ἐρημώσεως
1767 931 1902 985 παρ-

297 1009 507 1079 ελήφθη
545 1009 700 1075 ⁸,καὶ
731 1007 874 1079 μέρη
929 1008 1198 1078 οἰκήσεων
1229 1007 1360 1078 1:591
1396 1006 1567 1077 αὐτὴν
1603 1004 1701 1076 τὴν
1723 1002 1890 1069 Σιὼν,

301 1104 392 1158 καὶ
417 1102 558 1157 ἑπτὰ
587 1100 921 1171 συναγωγαὶ,
954 1101 1011 1154 αἳ
1038 1101 1096 1153 ἐν
1122 1103 1191 1172 τῇ
1223 1099 1365 1153 Σιὼν
1385 1100 1543 1171 μόναι
1563 1099 1894 1170 ἑστήκεσαν,

2005 639 2125 694 loco
2153 641 2463 695 constituta
2517 641 2718 706 fuerat,
2756 641 2822 696 iu
2853 658 3014 713 quem
3049 643 3336 717 discipuli,
3380 657 3598 718 postea-

2000 744 2164 799 quam
2215 731 2470 784 Salvator
2515 731 2570 786 in
2605 733 2806 786 ewlum
2860 748 2930 788 ex
2981 733 3176 790 Oliveti
3228 745 3414 794 monte
3465 742 3598 795 sub-

2001 829 2195 875 vectus
2220 828 2327 882 est,
2358 836 2481 876 sese
2505 822 2843 892 recipientes
2871 825 3222 879 cmnaculum
3253 830 3597 886 conscende-

2002 917 2154 964 runt.
2190 909 2320 966 Erat
2349 911 2442 964 illa
2474 911 2712 981 quadam
2747 914 2802 968 in
2844 914 3032 969 Sionis
3066 925 3222 985 parte
3255 929 3594 984 constructa,

2003 1015 2125 1070 qua:
2147 1001 2357 1056 civitati
2387 1003 2758 1072 superfuerat,
2797 1021 2922 1060 cum
2957 1003 3112 1062 Sioni
3144 1008 3473 1081 pr0pinquis
3497 1013 3598 1067 ali-

1998 1103 2135 1166 quot
2164 1094 2434 1159 tediﬁciis,
2467 1110 2532 1151 ac
2570 1106 2780 1166 septem
2814 1101 3129 1170 synagogis,
3161 1115 3285 1170 qua:
3319 1102 3371 1155 in
3402 1103 3596 1157 eodem

295 1196 371 1259 ὡς
403 1193 660 1260 καλύϐαι,
714 1192 776 1258 ἐξ
827 1186 906 1246 ὧν
960 1191 1059 1264 μία
1099 1191 1439 1264 περιελήφθη
1481 1193 1526 1256 ²,
1555 1191 1663 1254 ἓως
1705 1190 1896 1262 χρόνον

2007 1195 2189 1242 monte
2232 1189 2365 1244 solae
2410 1189 2557 1244 velut
2605 1191 2826 1260 tuguria
2868 1193 3248 1261 perstiterant,
3287 1209 3354 1249 ex
3395 1195 3600 1265 quibus

299 1289 610 1360 Μαξιμωνᾶ
659 1285 753 1340 τοῦ
801 1286 1109 1340 ἐπισκόπου
1173 1285 1270 1338 καὶ
1320 1284 1739 1339 Κωνσταντίνου
1800 1283 1898 1336 τοῦ

2007 1295 2110 1334 una
2143 1280 2414 1335 duntaxat
2470 1281 2539 1335 ad
2576 1280 2902 1337 Maximonze
2933 1285 3194 1354 praesulis
3229 1291 3284 1340 et
3312 1284 3596 1341 Constan-

300 1381 587 1451 βασιλέως,
617 1381 693 1443 ὡς
722 1379 927 1448 σκηνὴ
952 1379 1024 1432 ἐν
1049 1376 1378 1447 ἀμπελῶνι,
1403 1377 1544 1430 κατὰ
1578 1376 1638 1428 τὸ
1651 1392 1897 1447 γεγραμ-

2007 1373 2101 1428 lini
2145 1374 2497 1445 imperatoris
2532 1387 2784 1446 tempora
2816 1377 2968 1432 velut
3011 1379 3392 1433 umbraculum
3425 1380 3482 1433 in
3516 1380 3597 1433 υί-

297 1475 485 1545 μὲνον.
518 1473 820 1527 Διανοεὶται
859 1467 1014 1524 οὖν-ό
1054 1469 1334 1541 Ἀδριανὸς
1377 1468 1476 1540 τὴν
1500 1463 1660 1523 πόλιν
1691 1467 1895 1530 κτίσαι,

2007 1481 2098 1518 nea
2121 1464 2166 1529 ³,
2208 1477 2262 1520 ιιι
2307 1464 2610 1537 Scriptum
2638 1465 2827 1521 verbis
2862 1475 3006 1532 utar,
3051 1468 3246 1522 relicta
3281 1468 3592 1525 videbatur.

296 1567 360 1620 οὐ
389 1565 498 1636 μὴν
523 1565 585 1617 τὸ
613 1563 776 1634 ἱερόν.
811 1563 920 1616 Καὶ
949 1561 1129 1614 λαϐὼν
1168 1561 1259 1614 τὸν
1308 1560 1540 1614 Ἀκύλαν
1571 1559 1765 1612 τοῦτον
1791 1558 1896 1612 ,τὸν

2007 1555 2148 1610 Inter
2171 1557 2287 1611 haec
2326 1556 2607 1613 Adrianus
2651 1559 2720 1613 de
2765 1559 2904 1613 urbe
2933 1560 3050 1614 sola
3082 1559 3444 1615 instauranda
3473 1561 3596 1617 sine

297 1657 698 1730 προειρημένον
728 1653 1092 1727 έρμηνευτὴν,
1129 1653 1368 1723 Ἕλληνα
1405 1651 1558 1716 ὅντα,
1600 1650 1696 1704 καὶ
1727 1649 1894 1704 αὐτοῦ

2007 1647 2208 1716 templo
2254 1648 2531 1719 cogitans,
2567 1647 2822 1718 Aquilam
2874 1649 3028 1702 illum
3069 1648 3392 1719 Scriptum,
3427 1666 3592 1720 quem

297 1750 642 1822 πενθερίδην,
669 1748 779 1801 άπὸ
804 1745 1055 1816 Σινώπης
1092 1746 1149 1799 δὲ
1184 1746 1282 1816 τῆς
1312 1745 1514 1798 Πόντου
1542 1740 1889 1813 ὁρμώμενον,

2001 1737 2264 1803 diximus,
2295 1739 2650 1809 interpretem
2685 1739 2934 1796 Grazcum
2977 1739 3278 1804 hominem,
3311 1756 3594 1797 socerum-

298 1842 621 1912 καθίστησιν
666 1839 830 1893 αὑτὸν
868 1839 1045 1893 ἐκεῖσε
1085 1837 1398 1891 ἐπιτάττειν
1429 1837 1544 1898 τοῖς
1571 1832 1754 1903 ἔργοις
1782 1832 1890 1885 τῶν

2007 1845 2104 1899 que
2119 1819 2278 1884 suum
2299 1829 2526 1899 Sinope,
2542 1831 2685 1900 quod
2701 1829 2862 1885 Ponti
2878 1833 3137 1902 oppidum
3160 1843 3264 1897 est,
3278 1834 3592 1901 oriundum,

296 1933 400 2002 τῆς
458 1931 668 1993 πόλεως
726 1925 1064 1998 κτισμάτων,
1108 1922 1468 1987 ἐπιτεθεικὼς
1515 1925 1583 1994 τῇ
1640 1921 1794 1976 πόλει
1831 1923 1892 1975 τδὸ

299 2026 430 2079 ίόιον
466 2025 637 2095 ὄνομα
685 2023 779 2076 καὶ
812 2019 908 2074 τοῦ
938 2017 1232 2091 βασιλικοῦ
1261 2017 1528 2088 ὀνόματος
1548 2014 1640 2068 τὸν
1674 2031 1892 2086 χρημα-

295 2119 514 2187 τισμόν.
558 2117 645 2179 Ὠς
674 2114 783 2186 γὰρ
816 2115 1022 2176 ἐκεῖνος
1056 2111 1346 2182 ὠνόμαστο
1371 2108 1556 2171 Αἴλιος
1591 2107 1890 2179 Ἁδριανὸς,

296 2209 471 2271 οὕτως
499 2207 594 2260 καὶ
617 2207 722 2276 τὴν
754 2203 907 2257 πόλιν
931 2200 1216 2273 ὠνόμασεν
1241 2199 1451 2254 Αἰλίαν.

373 2323 472 2376 1Ε’.
514 2319 577 2376 Ὁ
608 2318 786 2372 τοίνυν
818 2314 1060 2378 intra;
1077 2314 1290 2383 διάγων
1305 2312 1377 2366 ἐν
1397 2312 1465 2382 τῇ
1512 2306 1890 2380 Ἰερουσαλὴμ,

297 2413 394 2467 καὶ
462 2410 604 2483 ὁρῶν
645 2409 772 2472 τοὺς
831 2404 1080 2477 μαθητὰς
1133 2403 1243 2458 τῶν
1283 2399 1544 2475 μαθητῶν
1577 2397 1894 2454 ἀποστόλων

299 2505 596 2567 ἀνθοῦντας
633 2504 701 2574 τῇ
730 2499 935 2561 πίστει,
983 2496 1078 2551 καὶ
1109 2496 1311 2566 σημεῖα
1329 2494 1550 2566 μεγάλα
1585 2489 1892 2566 ἐργαζομέ-

297 2615 424 2661 νους
456 2598 657 2651 ὶάσεων
689 2593 785 2646 καὶ
827 2588 1002 2646 ἄλλων
1031 2588 1353 2660 θαυμάτων·
1371 2583 1586 2657 (Ἦσαν
1615 2585 1725 2656 γὰρ
1756 2584 1891 2636 imo--

300 2691 634 2762 στρέψαντες
659 2685 770 2740 ἀπὸ
793 2684 998 2754 Πέλλης
1030 2681 1132 2752 τῆς
1154 2678 1362 2746 πόλεως
1387 2680 1469 2742 εἰς
1511 2673 1893 2747 Ἰερουσαλὴμ,

299 2785 395 2839 καὶ
430 2781 795 2842 διδάσκοντες.
831 2775 1025 2830 Ἦνίκα
1065 2771 1173 2843 γάρ
1200 2769 1476 2842 ἔμελλενὴ
1498 2769 1654 2832 πόλις
1676 2767 1896 2822 ἁλίσκε-

298 2877 428 2930 σθαι
469 2873 578 2927 ὑπὸ
626 2869 739 2924 τῶν
787 2864 1105 2938 Ῥωμαίων,
1143 2859 1740 2936 προεχρηματίσθησαν
1790 2858 1896 2911 ὑπὸ

289 2969 537 3039 ,ἀγγέλου
565 2964 767 3028 πάντες
805 2962 855 3015 οἱ
894 2957 1138 3032 μαθηταὶ
1173 2955 1507 3028 μεταστῆναι
1532 2952 1642 3008 ἀπὸ
1665 2951 1766 3021 τῆς
1793 2949 1894 3003 πό-

300 3066 458 3124 λεως.
485 3056 786 3130 μελλούσης
807 3051 976 3121 ἄρδην
997 3045 1354 3102 ἀπόλλυσθαι.
1383 3044 1596 3107 Οἵτινες
1616 3043 1710 3097 καὶ
1741 3058 1897 3112 μετα-

305 3154 495 3208 νάσται
551 3147 835 3218 γεινόμενοι
875 3141 1105 3214 ᾤκησαν
1137 3141 1195 3193 ἐν
1225 3135 1403 3207 Πέλλῃ
1431 3137 1498 3207 τῇ
1538 3150 1896 3206 προγεγραμ-

305 3246 444 3317 μένῃ
476 3242 653 3305 πόλει,
702 3239 877 3308 πέραν
917 3233 1012 3288 τοῦ
1063 3230 1356 3303 Ἰορδάνου,
1399 3227 1523 3298 ἣτις
1567 3227 1632 3278 ἐκ
1662 3223 1898 3278 Δεκαπό-

301 3341 440 3402 λεως
470 3336 689 3404 λέγεται
721 3329 883 3386 εἶναι.
908 3326 1064 3383 Μετά
1089 3325 1146 3379 δὲ
1166 3325 1267 3394 τὴν
1295 3322 1578 3393 ἐρήμωσιν
1620 3317 1896 3388 Ἰερουσα-

301 3432 416 3502 λὴμ
458 3423 1005 3496 ἐπαναστρέψαντες,
1059 3417 1134 3482 ὡς
1198 3415 1365 3485 ἔφην,
1429 3413 1650 3502 σημεῖα,
1688 3409 1900 3502 μεγάλα

303 3500 643 3589 ἐπετέλουν)
699 3520 728 3572 ὁ
779 3511 872 3569 οὖν
896 3509 1128 3572 Ἀκύλας
1159 3503 1488 3572 κατανυγεὶς
1511 3501 1610 3572 τὴν
1634 3500 1898 3566 διάνοιαν,

299 3616 384 3688 τῷ
404 3607 816 3687 Χριστιανισμῷ
832 3605 1172 3660 ἐπίστευσεν.
1196 3599 1438 3670 Αἰτήσας
1463 3596 1519 3649 δὲ
1549 3592 1690 3666 μετὰ
1710 3593 1900 3664 χρόνον

302 3683 407 3782 την
453 3683 513 3762 ἐν
571 3702 793 3777 Χριστῷ
844 3696 1140 3771 σφραγῖδα,
1176 3692 1489 3765 ἐκομίσατο.
1537 3687 1668 3782 ἀπὸ
1707 3686 1765 3738 δὲ
1800 3683 1901 3782 τῆς

304 3777 533 3874 πρώτης
554 3796 720 3853 αὑτοῦ
763 3795 932 3862 tam;
965 3790 1042 3862 μὴ
1075 3785 1467 3860 μεταθέμενος,
1500 3779 1592 3835 τοῦ
1623 3777 1902 3833 πιστεύειν

303 3870 552 3968 δηλονότι
579 3893 646 3962 τῇ
671 3887 878 3961 ματαίᾳ
897 3879 1257 3954 ἀστρονομίᾳ,
1277 3879 1344 3949 ἢν
1363 3873 1610 3968 ἀκριϐῶς
1637 3870 1903 3968 ἐκπεπαίῑ

303 3961 464 4044 δευτο
482 4002 498 4015 ·
697 3981 822 4034 καθ’
841 3977 1082 4046 ἑκάστην
1105 3971 1322 4044 ἡμέραν
1347 3967 1410 4021 τὸ
1436 3966 1580 4036 θέμα
1607 3964 1709 4033 τῆς
1736 3961 1902 4015 αὐτοῦ

307 4080 576 4152 γενέσεως
613 4072 1004 4142 σκεπτόμενος,
1058 4061 1416 4135 ἐλεγχόμενός
1445 4076 1506 4152 τε
1538 4056 1643 4111 ὑπὸ
1819 4054 1905 4107 -δι-

304 4146 616 4232 δασκάλων,
647 4167 744 4220 xa‘t
766 4159 1172 4232 ἐπιτιμώμενος
1195 4155 1363 4209 ἕνεκα
1398 4149 1612 4213 τούτου,
1649 4146 1724 4219 μὴ
1755 4146 1901 4216 διορ-

311 4265 575 4336 θούμενος
605 4261 683 4327 δὲ,
711 4256 854 4312 ἀλλὰ
895 4255 989 4309 καὶ
1035 4248 1354 4321 φιλονείκως
1390 4242 1591 4314 μᾶλλον
1635 4236 1906 4336 ἀντιτιθέο

313 4327 498 4430 μενος,
553 4352 648 4407 καὶ
678 4348 926 4404 σπεύδων
967 4341 1222 4410 συνιστᾷν
1250 4336 1322 4391 τά
1363 4333 1664 4395 ἅσύστατα,
1687 4329 1786 4399 τὴν
1829 4327 1906 4380 εί-

313 4420 602 4518 μαρμένην
645 4437 891 4511 δηλονότι
941 4433 1037 4487 καὶ
1065 4430 1137 4483 τὰ
1181 4428 1311 4497 περὶ
1355 4424 1529 4518 αὐτῆς
1567 4420 1902 4518 διηγήματα,

310 4534 555 4605 ἐξεώσθη
606 4531 768 4584 πάλιν
804 4529 902 4598 τῆς
939 4526 1036 4579 Ἐκ

313 4628 612 4700 σωτηρίαν.
657 4619 987 4694 Πικρανθεὶς
1014 4618 1073 4671 δὲ
1098 4615 1197 4686 τὴν
1242 4613 1482 4669 διάνοιαν
1509 4609 1589 4700 ὡς
1621 4604 1905 4700 ἠτιμωμέ-

312 4739 426 4785 νος,
451 4693 537 4781 εἰς
559 4716 720 4786 ζῆλον
747 4693 974 4784 μάταιον
993 4708 1231 4777 αἴρεται,
1255 4701 1459 4756 καὶτὸν
1473 4693 1906 4769 Χριστιανισμδν

311 4812 713 4884 ἀρνησάμενος,
746 4806 841 4860 καὶ
872 4803 973 4875 τὴν
1000 4796 1168 4854 αὑτοῦ
1193 4795 1361 4865 ζωὴν,
1399 4786 1794 4884 προσηλυτειξει
1813 4785 1909 4839 καὶ

313 4878 706 4975 περιτέμνεται
719 4895 989 4956 Ἰουδαῖος,
1008 4891 1103 4945 καὶ
1121 4885 1394 4948 ἐπιπόνως
1414 4878 1910 4975 φιλοτιμησάμενος

312 4969 576 5064 ἐξέδωκεν
591 4991 784 5046 ἑαυτὸν
803 4987 994 5062 μαθεῖν
1016 4983 1114 5054 τὴν
1127 4979 1395 5052 Ἐϐραίων
1418 4975 1720 5064 διάλεκτον,
1735 4972 1828 5024 καὶ
1841 4969 1913 5024 τὰ

313 5063 500 5144 αὖτῶν
523 5087 785 5157 στοιχεῑα.
819 5077 1040 5148 Ταύτην
1062 5076 1121 5132 δὲ
1147 5071 1426 5144 ἀκρότατα
1455 5063 1796 5157 παιδευθείς,
1812 5064 1914 5134 ἠρ-

319 5187 615 5256 μήνευσεν,
645 5156 746 5233 οὐκ
767 5173 913 5248 ὀρθῷ
932 5167 1180 5242 λογισμῷ
1224 5162 1594 5256 χρησάμενος,
1616 5156 1913 5256 άλλῖἒῗνς

315 5244 617 5345 διαστρέφῃ
638 5271 762 5324 τινὰ
935 5262 1138 5335 ῥητῶν.
1168 5255 1446 5326 ἐνσκήψας
1480 5252 1548 5322 τῇ
1575 5247 1684 5345 ’τῶ-ν
1708 5244 1913 5345 ΑἘδδῨ

323 5339 664 5442 μηκονταδυο
722 5357 988 5433 ἑρμηνείᾳ
1013 5371 1027 5387 ο
1055 5354 1142 5407 ἵνα
1166 5349 1236 5405 τὰ
1263 5347 1392 5419 περὶ
1432 5339 1670 5442 Χριστοῦ
1703 5339 1913 5442 sura-ig

322 5430 569 5534 i‘patpai;
628 5430 1130 5528 μεμαρτυρημένα,
1178 5441 1353 5504 ἄλλως
1419 5434 1669 5534 ἐκδώσει,
1725 5430 1792 5484 δι’
1845 5431 1912 5500 ἧν

321 5529 472 5623 dies
504 5549 656 5614 αἰδῶ,
691 5549 771 5610 είς
809 5543 1003 5610 ἄλογον
1028 5535 1195 5592 αὐτοῦ
1231 5529 1550 5623 ἀπολογίαν.

325 5617 519 5723 pressa
560 5641 733 5697 sacris
764 5635 991 5692 Litteris
1029 5634 1096 5686 de
1141 5626 1364 5683 Christo
1396 5617 1713 5676 testimonia
1758 5629 1790 5669 a

326 5717 413 5799 vel
444 5737 740 5792 absurdum
773 5729 1017 5790 colorem
1057 5734 1114 5780 et
1163 5717 1578 5778 excusationem
1609 5717 1904 5782 quaereret.

403 5861 419 5892 ⁸
455 5859 516 5917 C.
553 5849 922 5931 παρελείφθη.
993 5849 1013 5879 ³
1048 5845 1112 5901 C.
1136 5837 1512 5915 περιελείφθη.
1589 5833 1608 5866 ³
1636 5832 1741 5888 lsa.
1775 5843 1816 5896 l,
1857 5829 1912 5884 8.

1994 1919 2310 1976 reficiendae
2341 1922 2461 1976 urbi
2489 1922 2742 1992 praeficit,
2770 1938 2935 1993 quam
2969 1923 3040 1978 de
3070 1938 3130 1978 se
3156 1938 3222 1978 ac
3263 1923 3330 1980 de
3352 1924 3594 1996 impera-

1999 2015 2142 2068 torio
2199 2014 2423 2068 nomine
2471 2015 2736 2084 appellari
2793 2015 3005 2079 voluit,
3056 2016 3318 2070 nimirum
3364 2015 3592 2082 Alliam,

1994 2119 2125 2159 cum
2156 2102 2337 2160 [Elius
2363 2104 2643 2159 Adrianus
2677 2105 2796 2176 ipse
2825 2111 3136 2160 vocaretur.

2071 2277 2231 2350 I71
2267 2277 2385 2335 XV.
2421 2280 2618 2350 Aquila
2646 2295 2776 2336 vero
2797 2277 3198 2352 Hierosolymis
3229 2281 3458 2353 deges,
3486 2265 3590 2338 eo-

2000 2389 2256 2444 rumque,
2296 2374 2391 2444 qui
2421 2372 2802 2446 apostolorum
2833 2373 3116 2429 auditores
3141 2371 3384 2440 fuerant,
3416 2373 3592 2431 disci-

2001 2467 2162 2537 pulos
2212 2466 2316 2522 tide
2359 2480 2425 2524 ac
2467 2466 2678 2536 pietate
2730 2465 2988 2522 ﬂorentes
3027 2465 3298 2535 stupenda
3327 2465 3580 2536 quendam

1999 2560 2248 2633 prodigia
2293 2561 2555 2615 curandis
2584 2558 2936 2630 corporibus,
2965 2571 3031 2614 ac
3071 2558 3290 2614 caeteris
3330 2559 3384 2613 id
3419 2567 3593 2630 genus

2003 2653 2270 2709 facientes
2307 2649 2925 2721 animadvertenszo'am
2965 2649 3112 2706 enim
3159 2665 3228 2704 ex
3272 2648 3411 2704 urbe
3443 2649 3592 2705 Pella

2003 2743 2234 2800 reduces
2256 2743 2458 2799 docere
2480 2749 2786 2814 carperent.
2811 2739 2951 2796 Nam
2985 2757 3116 2797 cum
3147 2741 3304 2798 urbis
3334 2757 3364 2794 a
3390 2739 3596 2796 Bouia-

2002 2838 2090 2893 nis
2127 2837 2366 2892 instaret
2396 2836 2700 2900 excidium,
2749 2833 3007 2906 discipuli
3049 2848 3244 2888 omnes
3284 2832 3355 2886 ab
3394 2831 3595 2902 angelo

2003 2928 2200 2983 moniti
2238 2936 2394 2992 sunt,
2429 2935 2490 2981 ut
2519 2942 2590 2981 ex
2629 2941 2693 2982 ea
2729 2924 2866 2979 urbe
2899 2924 3222 2994 migrarent,
3246 2939 3373 2994 qua:
3408 2922 3594 2978 fundi-

2003 3027 2097 3074 tus
2137 3017 2433 3075 evertenda
2467 3019 2633 3088 paulo
2675 3025 2805 3088 post
2851 3015 3016 3071 foret.
3059 3013 3202 3070 Hinc
3236 3015 3316 3069 illi
3351 3030 3420 3070 ex
3457 3013 3596 3070 urbe

2005 3112 2265 3183 digressi,
2306 3109 2512 3165 Pellam
2547 3125 2670 3166 sese
2696 3108 3005 3178 recipiunt,
3035 3107 3185 3178 quod
3217 3107 3479 3178 oppidum
3510 3106 3596 3161 ul-

1920 3185 1966 3244 c
2004 3212 2087 3258 tra
2135 3201 2430 3257 Iordanem
2483 3201 2542 3255 in
2591 3200 2850 3270 Decapoli
2893 3207 3237 3254 numeratur.
3294 3197 3422 3252 Inde
3469 3207 3595 3269 post

2000 3310 2250 3350 eversam
2283 3294 2477 3348 urbem
2517 3294 2756 3364 regressi
2795 3289 3134 3362 ingentibus,
3179 3289 3261 3344 uti
3306 3290 3441 3356 dixi,
3475 3289 3593 3345 cla-

2003 3402 2164 3442 ruere
2198 3385 2544 3456 miraculisz)
2579 3382 2779 3440 borum
2815 3382 3217 3440 consuetudine
3241 3381 3596 3437 vehementer

2004 3478 2189 3532 animo
2233 3485 2544 3532 conunotus
2593 3475 2795 3546 Aquila
2848 3471 3221 3530 Christianam
3273 3474 3595 3544 religionem

2004 3569 2378 3638 amplectitur.
2421 3567 2565 3622 Tum
2609 3567 2897 3637 aliquanto
2959 3574 3209 3636 tempore
3261 3565 3592 3635 interjecto,

2001 3657 2335 3713 Christiana
2375 3657 2745 3730 professionis
2777 3656 3016 3727 sigillum
3057 3655 3137 3710 uti
3178 3656 3412 3727 petierat
3454 3654 3596 3709 obti-

2004 3761 2117 3808 net.
2143 3750 2346 3807 Vcrum
2377 3767 2503 3807 cum
2545 3767 2574 3806 a
2605 3750 2777 3821 priori
2802 3765 2928 3813 usu,
2963 3747 3318 3818 moribusque
3338 3764 3446 3802 non
3481 3748 3597 3803 dis-

2005 3846 2244 3910 cederet,
2305 3851 2360 3900 et
2407 3843 2726 3900 vanissimis
2768 3841 3284 3897 matbematicorum
3354 3842 3594 3904 artibus,

2005 3953 2149 4010 quas
2180 3937 2429 4006 apprime
2461 3935 2720 3998 callebat,
2748 3934 2980 3986 nimium
3025 3931 3318 3998 tribueret,
3349 3930 3598 4001 adeoque

1999 4030 2274 4101 genesiu,
2323 4037 2490 4099 atque
2541 4028 2912 4095 horoscopum
2961 4039 3124 4080 suum
3167 4024 3494 4079 observaret
3538 4023 3598 4078 in

2005 4125 2148 4190 dies,
2180 4137 2307 4177 eum
2345 4122 2418 4176 ob
2461 4120 2571 4175 ida
2603 4119 2887 4189 magistris
2930 4117 3280 4188 obiurgatus,
3313 4131 3379 4170 ac
3409 4131 3597 4185 repre-

2008 4217 2239 4280 hensus,
2278 4212 2574 4270 emendare
2605 4226 2730 4266 sese
2775 4210 2946 4264 nollet
2979 4227 2992 4262 :
3023 4208 3135 4262 imo
3178 4223 3310 4262 vero
3350 4208 3600 4275 pervica-

2007 4309 2146 4364 citer
2173 4306 2467 4360 obluctans
2495 4303 2631 4357 falsa
2645 4300 2918 4371 quaedam,
2943 4297 3283 4367 minimeque
3312 4296 3599 4350 cohaeren-

2009 4408 2081 4460 tia
2131 4385 2277 4459 tueri
2307 4415 2373 4455 ac
2403 4397 2701 4454 defendere
2729 4393 2912 4458 vellet,
2937 4399 2997 4445 ut
3025 4397 3156 4460 puta
3178 4388 3372 4452 fatum,
3395 4395 3451 4443 et
3476 4404 3603 4457 quae

1037 4482 1287 4593 κλησίαξ,
1331 4519 1408 4582 ὡς
1455 4482 1900 4586 dignane-$96:

2011 4513 2137 4554 cum
2163 4512 2230 4552 eo
2258 4506 2507 4549 connexa
2545 4496 2699 4553 sunt,
2735 4500 2932 4540 rursus
2953 4483 3023 4538 ab
3046 4482 3315 4544 Ecclesia,
3338 4489 3604 4551 tanquam

2012 4595 2079 4650 ad
2115 4593 2348 4648 salutem
2385 4586 2612 4642 minime
2645 4583 2900 4644 idoneus,
2927 4579 3140 4650 ejectus
3168 4584 3272 4631 est.
3296 4574 3415 4641 Qua
3443 4574 3604 4644 igno-

2013 4687 2186 4744 miuia
2223 4685 2578 4740 vehementer
2612 4675 2999 4738 exacerbatus,
3038 4679 3094 4728 et
3123 4668 3324 4726 stolido
3365 4667 3604 4738 quodam

2015 4780 2220 4837 mentis
2269 4784 2412 4834 aestu
2455 4773 2732 4844 percitus,
2781 4767 3155 4824 Christianam
3205 4760 3603 4832 professionem

2015 4875 2194 4945 ejurat
2215 4890 2229 4939 ;
2254 4879 2309 4927 et
2339 4871 2483 4925 inter
2507 4864 2827 4920 Iudaeorum
2862 4857 3175 4945 proselytios
3206 4853 3510 4922 ascriptus,

2017 4940 2386 5023 circumcisus
2431 4966 2536 5014 est.
2581 4955 2712 5010 Inde
2746 4961 2922 5006 totum
2971 4963 3032 5003 se
3074 4943 3362 5000 Hebraicis
3405 4940 3607 4995 litteris

2016 5056 2334 5118 ediscendis
2365 5047 2676 5109 vehementi
2726 5058 2853 5099 cum
2899 5037 3071 5094 animi
3109 5034 3462 5091 contentione
3493 5040 3608 5086 tra-

2017 5153 2178 5210 didit.
2209 5147 2387 5216 Quam
2449 5155 2576 5197 cum
2619 5133 2837 5208 egregie
2877 5128 3219 5216 penitusque
3243 5121 3605 5216 percepisset,

2024 5246 2093 5300 ad
2136 5210 2606 5310 interpretandum
2645 5244 2704 5285 se
2741 5222 2998 5285 contulit,
3033 5233 3145 5274 non
3180 5215 3398 5272 sincera
3421 5210 3608 5310 animi

2022 5304 2362 5395 inductione.
2407 5327 2504 5385 sed
2537 5331 2598 5380 ut
2619 5318 2870 5394 quredam
2905 5313 3207 5383 Scriptura
3243 5308 3365 5361 loca
3402 5304 3606 5373 depra-

2021 5435 2194 5492 varet,
2231 5424 2500 5480 adversus
2540 5409 2900 5485 Septuaginta
2938 5405 3081 5461 duos
3119 5400 3456 5469 Interpretcs
3500 5396 3607 5445 im-

2022 5533 2206 5593 petum
2231 5529 2451 5575 omnem
2484 5516 2858 5575 conatumque
2887 5499 3137 5568 dirigens
3177 5498 3393 5593 :Oatque
3424 5491 3485 5538 ut
3509 5497 3610 5567 er-

1794 5615 1918 5670 liter
1954 5581 2146 5673 ederet
2178 5632 2193 5668 :
2247 5623 2360 5682 quo
2397 5600 2723 5661 nonnullum
2778 5591 2978 5664 pudori
3017 5581 3443 5659 ignominiaeque
3495 5584 3607 5634 sum

2435 5756 2478 5774 κ’
