3994 6428
502 288 611 344 263

1958 281 2017 339 S.
2056 282 2399 341 EPIPHANII

3644 285 3739 342 «ιιι

570 401 714 458 XVI.
761 399 900 456 IIinc
948 398 1189 457 secunda
1241 399 1655 472 Scripturarum
1703 401 2087 472 interpretatio

2264 405 2382 470 ις’.
2411 400 2523 456 Καὶ
2548 400 2757 471 γίνεται
2791 398 2935 454 οὕτω
2954 398 3187 472 δευτέρα
3216 398 3250 470 ἠ
3272 398 3461 454 τούτου
3482 400 3741 472 ἑρμηνεία,

503 493 690 549 abillo
731 492 999 561 originem
1040 489 1255 557 habuit,
1281 498 1438 545 tanto
1478 500 1602 561 post
1646 490 1882 561 priorem
1916 492 2087 545 inter—

503 582 665 645 vallo,
702 589 758 633 ut
792 588 953 635 antea
988 580 1341 651 scripsimus.
1376 579 1602 637 Possem
1640 581 1745 636 hoc
1778 582 1900 635 loco
1938 597 2087 635 com-

503 688 811 727 memorare
847 687 969 742 qua:
993 672 1062 727 ab
1086 688 1153 727 eo
1205 680 1469 744 corrupta
1495 673 1905 743 depravataque
1938 683 2088 735 sunt,

499 781 563 817 ex
606 764 807 834 quibus
840 763 1093 833 redargui
1143 779 1207 817 ac
1241 762 1517 817 confutari
1555 772 1741 833 posset
1786 763 1934 817 illius
1976 763 2093 817 edi-

502 851 599 905 tio.
639 848 837 905 Verum
864 844 987 904 eum
1020 850 1088 904 de
1129 850 1347 904 illorum
1382 851 1629 905 omnium
1660 852 2089 905 translationum

503 942 819 997 discrimine
858 959 1021 1012 supra
1069 942 1453 1006 disseruerim.
1489 941 1739 998 suflicere
1784 958 1958 1011 pauca
2001 943 2091 995 illa

506 1053 625 1105 quae
662 1036 807 1089 dicta
850 1045 978 1089 sunt
1007 1036 1270 1090 arbitror.

579 1130 737 1199 172
787 1128 915 1182 Post
961 1128 1216 1198 Aquilam
1257 1136 1313 1183 et
1352 1126 1505 1184 illius
1554 1126 2089 1197 interpretationem,

505 1224 751 1276 succedit
781 1223 1025 1277 Adriano

576 1313 891 1367 Antoninus
947 1311 1075 1366 Pius
1125 1309 1359 1381 imperat
1381 1319 1556 1361 annos
1575 1304 1766 1376 viginti
1785 1304 1947 1364 duos.

576 1488 732 1543 llunc
778 1486 982 1557 excipit
1020 1484 1323 1549 Caracalla,
1358 1484 1451 1554 qui
1504 1492 1558 1538 et
1594 1484 1752 1546 Gela,
1788 1489 1843 1537 et
1872 1481 2092 1536 Marcus

503 1577 760 1633 Aurelius
789 1576 965 1633 Verus
993 1577 1304 1640 dicebatur,
1340 1590 1517 1630 annos
1552 1588 1783 1645 septem.

574 1754 777 1809 Eodem
803 1762 1050 1823 tempore
1082 1752 1374 1822 imperavit
1406 1749 1611 1807 Lurius
1638 1748 1897 1805 Aurelius
1926 1748 2094 1805 Com-
2126 1756 2168 1811 Β

504 1845 703 1899 modus
734 1846 893 1898 annis
921 1844 1148 1914 perinde
1184 1851 1413 1912 septem.

575 1936 714 1991 Tum
743 1936 997 1990 Pertiuax
1038 1949 1254 1989 menses
1284 1948 1401 1988 sex.

578 2028 820 2084 Severus
862 2040 1037 2081 annos
1062 2027 1395 2081 octodecim.

575 2120 753 2187 IIujus
789 2130 954 2189 porro
990 2116 1180 2171 Severi
1210 2116 1551 2188 temporibus
1578 2114 1945 2185 Symmachus
1969 2117 2095 2187 qui-

504 2213 628 2266 dam
674 2211 1061 2264 Samaritanus
1108 2209 1342 2274 exstitit,
1378 2224 1443 2263 ex
1480 2223 1668 2264 eorum
1707 2224 1961 2276 numero,
2000 2209 2094 2279 qui

504 2300 646 2373 apud
688 2303 812 2355 illos
863 2300 1141 2371 sapientes
1190 2299 1483 2353 habentur.
1530 2296 1633 2365 Qui
1682 2298 1987 2353 ambitione
2032 2314 2097 2353 ac

502 2394 846 2463 principatus
878 2391 1179 2462 cupiditate
1205 2390 1426 2451 ductus,
1464 2403 1589 2442 cum
1630 2388 1743 2441 voti
1778 2386 1922 2457 apud
1963 2401 2096 2441 suos

506 2498 731 2555 compos
764 2499 887 2539 esse
924 2499 1033 2538 non
1076 2489 1285 2553 posset,
1316 2481 1613 2535 tribulibus
1652 2483 1826 2535 iratus
1852 2480 1991 2543 suis,
2028 2480 2092 2533 ad

505 2576 726 2632 Judteos
778 2576 1105 2646 transfugit,
1158 2584 1213 2631 et
1259 2576 1402 2629 inter
1453 2574 1761 2644 proselytos
1809 2573 2095 2643 professus

507 2667 706 2722 iterato
744 2666 1163 2721 circumciditur
1192 2684 1204 2719 :
1234 2664 1379 2736 quod
1413 2679 1480 2718 ne
1507 2662 1649 2717 forte
1684 2663 1925 2727 mireris,
1951 2665 2096 2718 scias

505 2758 668 2812 velim
707 2757 855 2813 istud
891 2756 1073 2828 ipsum
1122 2754 1181 2811 in
1221 2768 1373 2809 more
1402 2768 1525 2808 esse
1560 2754 1824 2823 positum,
1851 2763 1909 2807 ut
1943 2752 2033 2822 qui
2067 2767 2095 2803 a

514 2851 717 2909 Iudaeis
747 2849 813 2904 ad
845 2845 1224 2903 Samaritanos
1255 2854 1569 2908 transeunt,
1598 2855 1693 2899 aut
1722 2845 1963 2899 vicissim
2002 2842 2093 2912 qni

505 2938 573 2993 ad
617 2936 838 2994 Judwos
880 2955 907 2997 a
951 2938 1315 2993 Samari’tanis
1359 2937 1705 3007 confugiunt,
1742 2950 1939 2988 novam
1986 2936 2096 2988 cir-

505 3033 896 3088 cumeisioncnt
936 3033 1262 3103 suscipiant.
1303 3029 1416 3084 luto
1446 3045 1573 3084 vero
1620 3029 1766 3099 quod
1805 3029 2091 3085 molestius

503 3128 610 3183 est,
652 3134 773 3191 post
811 3124 1295 3177 circumcisionem
1329 3137 1522 3176 rursus
1548 3121 1614 3173 ad
1643 3121 1971 3192 prarputium
2010 3137 2094 3174 re-
2123 3104 2163 3158 Ο

502 3210 690 3266 deunt.
738 3212 948 3268 Etenim
998 3214 1208 3268 medica
1255 3213 1491 3283 quadam
1542 3220 1677 3277 arte,
1715 3226 1890 3281 eoque
1933 3226 2094 3279 quem

502 3306 891 3375 sputistberem
917 3315 1141 3368 vocant,
1170 3306 1384 3375 glandis
1419 3305 1716 3359 euticulam
1755 3304 2096 3357 attrahentes

502 3408 801 3461 consuunt,
846 3415 909 3453 ac
949 3400 1163 3468 glutino
1229 3398 1780 3466 circumastringunt,
1822 3405 1985 3465 atque
2022 3396 2096 3446 ita

502 3490 830 3561 praeputium
879 3498 1234 3558 recuperant.
1282 3486 1473 3541 Potest
1514 3487 1618 3540 ltoc
1667 3486 1812 3556 quod
1858 3484 2097 3537 dicimus

502 3580 751 3651 Apostoli
796 3581 1125 3634 auctoritate
1172 3578 1521 3649 comprobari
1561 3596 1574 3631 :
1616 3592 1742 3631 cum
1786 3576 1872 3630 bis
1917 3575 2097 3629 verbis

503 3672 718 3726 utitur:
756 3669 1119 3725 Circumcisus
1167 3670 1435 3741 quispiam
1500 3677 1712 3721 rocalus
1770 3677 1882 3727 est,
1940 3681 2003 3718 ne
2052 3666 2097 3718 is

502 3763 818 3831 prwpulium
852 3760 1108 3814 adducat.
1144 3757 1278 3815 Cum
1312 3760 1574 3827 prwputio
1612 3766 1834 3811 vocatur
1875 3757 2094 3826 aliquis,

502 3870 567 3907 ne
599 3852 1016 3905 circumcidatur
1042 3854 1079 3905 ¹.
1111 3851 1265 3917 Quod
1301 3850 1573 3905 nefarium
1606 3864 1671 3903 ac
1711 3847 2093 3903 detestandum

503 3943 795 3996 artiﬁcium
827 3942 897 3995 ab
940 3942 1081 3997 Esau
1115 3941 1307 3996 Jacobi
1343 3941 1514 3995 fratre
1560 3949 1839 4011 repertum
1882 3951 2095 3991 memo-

505 4043 649 4099 rant,
689 4043 747 4088 ut
792 4051 857 4089 eo
899 4034 1117 4090 facilius
1166 4034 1385 4103 ejurare
1427 4032 1622 4097 Deum,
1657 4040 1713 4088 et
1746 4041 2028 4101 acceptam
2064 4046 2094 4085 a

503 4127 811 4195 majoribus
853 4134 1038 4180 notam
1089 4127 1311 4181 abolere
1358 4132 1569 4196 posset.
1607 4124 1765 4180 Unde
1801 4132 1987 4178 natam
2032 4123 2098 4176 il-

502 4216 607 4270 lam
644 4215 735 4270 Dei
763 4232 953 4271 vocem
982 4216 1304 4272 existimant
1339 4235 1351 4269 :
1385 4216 1534 4269 Esau
1566 4213 1688 4269 odio
1712 4214 1897 4277 habui,
1920 4211 2094 4266 Iacob

498 4316 674 4361 autem
701 4307 865 4361 dilexi
890 4308 933 4360 ¹.
973 4307 1143 4377 Igitur
1177 4306 1570 4378 Symmachus,
1613 4311 1673 4358 ιιι
1714 4304 2095 4357 Samaritano-

2193 492 2333 564 μετὰ
2353 491 2589 564 ἀριθμὸν
2616 492 2886 544 τοσούτων
2938 492 3170 563 χρόνων,
3195 491 3271 555 ὡς
3298 491 3549 562 ἀνωτέρω
3566 495 3745 562 γεγρά-

2192 600 2392 654 φαμεν.
2437 582 2770 653 Ἐδυνάμεθα
2797 584 2968 636 εἰπεῖν
2998 582 3092 635 καὶ
3118 580 3219 646 τὰς
3250 585 3746 655 παραπεποιημένας

2192 676 2341 747 αὐτῷ
2373 676 2570 740 λέξεις,
2607 676 2878 745 ἀγαπητὲ,
2909 675 3001 729 τὸν
3038 675 3260 745 ἔλεγχον
3294 676 3408 727 κατ’
3434 675 3591 728 αὐτοῦ
3619 677 3747 746 ἑχού-

2194 786 2293 831 σας
2320 769 2382 820 ἐκ
2405 766 2512 820 τῶν
2538 767 2629 819 ὑπ’
2653 766 2820 820 αὑτοῦ
2854 766 3310 838 ⁴ἧρμηνευμένων.
3348 763 3486 818 Ἀλλ’
3633 766 3748 838 περὶ

2192 859 2293 927 τῆς
2327 858 2531 912 τούτων
2548 858 2811 928 διαφορᾶς
2833 856 2945 911 ἄνω
2971 856 3384 929 διηγησάμενοι,
3410 855 3601 920 ἱκανῶς
3623 854 3748 928 ἔχειν

2193 949 2299 1013 ἓως
2324 950 2434 1002 τῶν
2462 943 2566 1003 ὧδε
2592 947 3016 1017 ὲδικαιὼσαμεν.

2266 1128 2421 1183 Μετᾶ
2462 1128 2650 1182 τοῦτον
2676 1128 2732 1182 δὲ
2756 1127 2847 1180 τὸν
2879 1124 3133 1190 Ἀκύλαν,
3160 1124 3255 1179 καὶ
3275 1126 3373 1196 τὴν
3405 1125 3566 1180 αὑτοῦ
3594 1126 3750 1197 ἑρμη-

2195 1221 2363 1285 νείαν,
2402 1220 2703 1291 διαδέχεται
2744 1218 3022 1291 Ἀδριανὸν
3050 1219 3142 1271 τὸν
3173 1215 3399 1289 βασιλέα

2278 1310 2592 1372 Ἀντωνῖνος
2620 1310 2648 1362 ὁ
2672 1306 2991 1378 ἐπικληθεὶς
3031 1306 3181 1370 Πίος,
3232 1306 3651 1379 ἑρμηνευόμενος
3677 1305 3754 1359 εὖ·

2194 1400 2404 1469 σεϐἡς,
2436 1402 2529 1453 κα)⁸
2560 1398 2830 1471 βασιλεύει
2870 1400 3095 1469 χρόνους
3128 1398 3232 1468 κβ’.

2267 1492 2469 1546 Τοῦτον
2489 1492 2788 1562 διαδέχεται
2820 1489 3197 1561 Καράκαλλος,
3220 1492 3245 1543 ὁ
3279 1490 3371 1543 καὶ
3392 1488 3575 1551 Γέτας,
3599 1488 3651 1549 ὃς
3673 1488 3755 1539 καὶ

2196 1583 2423 1655 Μάρκος
2484 1582 2752 1655 Αὐρήλιος
2813 1582 3033 1653 Σουῆρ³
3093 1582 3333 1650 ἐλέγετο,
3386 1581 3479 1633 κοιλ⁵
3509 1578 3753 1650 βασιλεύει

2200 1673 2293 1746 έτη
2327 1673 2390 1740 ζ’.

2278 1763 2369 1818 Ἐν
2384 1767 2497 1828 τοῖς
2516 1761 2681 1818 αὐτοῦ
2709 1764 2942 1836 χρόνοις,
2971 1765 3062 1817 καὶ
3088 1763 3313 1827 Λούκιος
3336 1763 3596 1834 Αὐρήλιος
3620 1759 3753 1832 Κόμ-

2197 1854 2355 1926 μοδος
2391 1854 2666 1925 βασιλεύει
2694 1857 2761 1908 τὰ
2790 1856 2930 1910 αὐτὰ
2953 1856 3095 1911 ἑπτὰ
3119 1856 3234 1928 ἐτη.

2266 1942 2535 2016 Περτίναξ
2568 1945 2745 2017 μῆνας
2786 1954 2861 2012 ς’.

2266 2036 2505 2109 Σευῆρος
2537 2038 2631 2110 ἐτη
2654 2046 2744 2110 ιη’.

2279 2126 2371 2181 Ἐν
2408 2131 2521 2192 τοῖς
2542 2128 2637 2182 τοῦ
2670 2130 2911 2202 Σευήρου
2947 2130 3162 2201 χρόνοις
3213 2129 3512 2202 Σύμμαχός
3556 2148 3633 2195 τις
3669 2131 3757 2187 Σα-

2200 2222 2467 2292 μαρείτης
2492 2222 2603 2275 τῶν
2652 2224 2781 2295 παρ’
2823 2223 3007 2287 αὐτοῖς
3056 2223 3237 2293 σοφῶν
3272 2241 3418 2294 μη...
3452 2224 3553 2276 ὑπὸ
3579 2223 3662 2276 τοῦ
3690 2224 3758 2275 ol-

2195 2313 2346 2367 κείου
2389 2313 2597 2381 ἔθνους,
2641 2317 2877 2386 νοσήσας
2920 2316 3235 2387 φιλαρχίαν,
3260 2317 3358 2369 καὶ
3402 2317 3757 2386 ἀγανακτήσας

2197 2406 2339 2460 κατὰ
2369 2405 2469 2477 τῆς
2502 2405 2638 2470 ἰδίας
2654 2406 2852 2479 φυλῆς,
2880 2425 2989 2480 προ
3158 2409 3456 2471 Ἰουδαίοις,
3499 2408 3589 2461 καὶ
3615 2423 3758 2477 προσ-

2194 2496 2447 2569 ηλυτεύει
2488 2540 2503 2565 ,
2523 2498 2620 2552 καὶ
2652 2500 3033 2572 περιτέμνεται
3050 2500 3305 2572 δευτέραν
3329 2501 3645 2572 περιτομήν.
3667 2500 3759 2553 Καὶ

2200 2590 2275 2662 μὴ
2303 2590 2554 2661 θαύμαζε
2587 2592 2714 2663 περὶ
2747 2592 2959 2655 τούτου,
2990 2587 3035 2645 ὧ
3068 2592 3313 2664 ἀκροατά
3343 2611 3357 2623 ·
3388 2593 3625 2661 γίγνεται
3647 2590 3756 2661 γάρ.

2199 2682 2356 2735 Ὅσοι
2386 2682 2495 2754 γὰρ
2525 2683 2634 2736 ἀπὸ
2673 2683 2944 2737 Ἰουδαίων
2987 2684 3360 2754 Σαμαρείταις
3414 2681 3757 2754 προσφεύγουο

2200 2790 2306 2836 σιν,
2343 2776 2884 2847 ἀντιπεριτέμνονται
2912 2792 2925 2807 ·
2958 2775 3217 2839 ὡσαύτως
3248 2775 3343 2827 καὶ
3378 2777 3427 2827 οἱ
3465 2776 3570 2828 ἀπὸ
3596 2774 3757 2843 Σαμα-

2200 2865 2395 2937 ρειτῶν
2430 2866 2567 2939 πρὸς
2613 2866 2897 2929 Ἰουδαίους
2944 2866 3247 2936 ἐρχόμενοι.
3282 2864 3358 2917 To
3387 2864 3441 2917 δὲ
3480 2863 3557 2916 ἔτι
3581 2861 3758 2914 τούτων

2198 2955 2607 3029 χαλεπώτερον,
2671 2958 2750 3010 ὅτι
2803 2958 2898 3011 καὶ
2949 2958 3057 3011 ἀπὸ
3106 2957 3413 3029 περιτομῆς
3464 2954 3759 3028 ἀκρόὄυστοι

2197 3050 2458 3117 γίνονται,
2519 3050 2685 3122 τέχνῃ
2752 3051 2861 3103 τινὶ
2910 3051 3128 3122 ἰατρικῇ
3170 3050 3260 3103 διὰ
3316 3049 3413 3102 τοῦ
3456 3046 3760 3118 καλουμένω

2200 3140 2597 3212 σπουΟιστῆρος
2619 3143 2718 3213 τὴν
2742 3142 2852 3195 τῶν
2886 3142 3065 3214 μελῶν
3099 3142 3507 3213 ὕποδερματίδα
3543 3143 3760 3194 ὑποσπα·

2200 3230 2493 3295 Οισοέντες,
2559 3232 2821 3302 ῥαφέντες
2854 3250 2915 3286 τε
2977 3236 3072 3286 καὶ
3106 3234 3455 3305 κολλιλτικοῖς
3512 3229 3762 3301 περιοδευ·

2201 3325 2407 3388 θέντες.
2434 3325 2802 3394 ἀκροϐυστίαν
2820 3321 2977 3390 αὖθις
3006 3325 3175 3397 αὐτὴν
3194 3326 3570 3380 ἀποτελοῦσιν.
3604 3324 3763 3391 Ἔχεις

2198 3419 2295 3470 καὶ
2323 3417 2421 3487 τὴν
2458 3418 2764 3489 μαρτυρίαν
2804 3418 2956 3489 παρὰ
2980 3418 3057 3490 τῷ
3079 3417 3220 3489 ἁγίῳ
3261 3416 3591 3487 Ἀποστόλῳ,
3620 3408 3660 3465 ὧ
3686 3430 3761 3480 φι-

2197 3506 2559 3569 λοκαλώτατε,
2591 3508 2659 3561 δι’
2690 3501 2765 3561 ὧν
2797 3509 2979 3573 αὐτοῖς
3016 3509 3255 3579 ῥήμασιν
3295 3502 3401 3561 ὧδέ
3458 3524 3571 3571 πως
3596 3506 3760 3572 λέγει·

2200 3599 2710 3668 Περιτετμημένος
2750 3618 2842 3667 τις
2883 3600 3137 3668 ἐκλήθη,
3169 3602 3256 3669 μὴ
3277 3601 3650 3655 ἐπισπάσθω.
3685 3596 3764 3647 Ἑν·

2198 3687 2568 3755 ἀκροϐυστίᾳ
2597 3705 2689 3754 τις
2719 3690 2995 3759 ὑπάρχει,
3026 3690 3113 3760 μὴ
3145 3691 3603 3761 περιτεμνέσθω.
3639 3688 3765 3739 Ταύ-

2198 3796 2298 3848 την
2324 3778 2380 3832 δὲ
2406 3781 2505 3851 τὴν
2536 3781 2836 3851 παράδοσιν
2861 3782 2966 3853 τῆς
2994 3782 3393 3852 κακοδαίμονος
3424 3782 3627 3843 ἐννοίας
3653 3777 3766 3846 cui

2195 3870 2289 3923 τὸν
2332 3870 2502 3924 Ἡσαῦ
2533 3872 2625 3925 τὸν
2678 3873 2908 3942 ἀδελφὸν
2949 3873 3046 3926 τοῦ
3082 3873 3277 3928 Ἰακὼϐ
3328 3874 3621 3946 εὑρηκέναι
3650 3870 3766 3939 πᾷς

2198 3960 2646 4031 ὲπαρνησιθεῖαν,
2671 3962 2769 4014 καὶ⁵
2790 3962 2929 4033 πρὸς
2953 3962 3264 4033 ἀφανισμὸν
3285 3963 3381 4016 τοῦ
3405 3963 3514 4015 τῶν
3538 3959 3765 4030 πατέρων

2197 4051 2365 4105 αὑτοῦ
2427 4054 2801 4125 χαρακτῆρος.
2853 4053 2945 4107 Διό
3001 4071 3134 4122 φασι
3166 4054 3262 4108 τὸν
3305 4054 3442 4108 Θεὸν
3470 4052 3763 4125 εἰρηκέναι·

2210 4144 2512 4210 Ἐμίσησα
2546 4147 2655 4199 τὸν
2695 4145 2901 4212 Ἡσαῦ,
2952 4146 3061 4199 τὸν
3101 4146 3172 4199 δὲ
3229 4147 3446 4200 Ἰακὼϐ
3482 4144 3765 4214 ἠγάπησα.

2197 4232 2366 4298 Οὗτος
2392 4235 2571 4289 τοίνυν
2592 4238 2621 4287 ὁ
2650 4234 2948 4306 Σύμμαχος
2978 4235 3118 4308 πρὸς
3144 4236 3479 4307 διαστροφὴν
3503 4235 3607 4290 τῶν
3637 4230 3767 4301 παρᾶ

2197 4325 2570 4396 Σαμαρείταις
2627 4323 2936 4396 ἐρμηνειῶν
2965 4325 3335 4397 ἑρμηνεύσὸις,
3367 4328 3467 4399 τὴν
3500 4326 3679 4397 τρίτην
3702 4322 3767 4385 ἐξ·

498 4413 621 4450 rum
659 4398 1142 4468 interpretationes
1172 4408 1464 4465 everteret,
1497 4398 1718 4452 tertiam
1753 4406 1840 4450 est
1866 4408 2091 4465 aggres-

2197 4417 2397 4470 έδωκεν
2428 4417 2750 4487 ἑρμηνείαν.

501 4502 619 4540 8113.

570 4572 736 4627 XVII.
768 4572 901 4629 Post
939 4573 1089 4628 hunc
1129 4576 1284 4629 brevi
1331 4584 1520 4645 postea
1562 4581 1833 4645 tempore,
1866 4576 1972 4630 hoc
2000 4582 2091 4630 est

499 4666 805 4721 Commodo
848 4666 1025 4720 altero
1062 4667 1386 4736 imperante,
1420 4669 1514 4737 qui
1551 4679 1675 4737 post
1714 4668 1943 4723 Lucium
1976 4669 2087 4721 Au-

500 4758 699 4811 relium
769 4756 1133 4811 Commodum
1204 4757 1468 4812 tredecim
1533 4760 1696 4815 annis
1756 4756 2086 4828 imperavit,

498 4848 804 4903 Theodotio
855 4848 1075 4917 quidam
1128 4865 1329 4920 genere
1382 4850 1643 4906 Ponticus
1663 4868 1728 4907 ex
1788 4851 2086 4907 Marcionis

498 4941 821 5010 Sinopensis
858 4941 1237 4997 haeresiarchae
1270 4942 1507 4999 factione
1549 4945 1705 5015 173
1758 4947 1876 5001 suis
1918 4944 2093 5015 parti-

500 5030 603 5086 bus
631 5034 873 5088 olfensus
899 5034 963 5087 ad
994 5032 1216 5089 Judteos
1245 5034 1467 5102 defecit,
1502 5045 1558 5089 et
1583 5038 1951 5091 circumcisus
1984 5042 2089 5090 est.

500 5122 708 5177 Dehinc
741 5123 1005 5178 lIebraica
1041 5126 1249 5197 lingua,
1291 5137 1346 5181 et
1380 5143 1574 5183 eorum
1608 5130 1808 5183 litteris
1865 5129 2093 5183 institu-

497 5223 587 5269 tus
621 5216 890 5285 privatam
915 5216 1210 5272 editionem
1242 5234 1479 5275 exorsus
1505 5227 1611 5275 est.
1645 5220 1748 5286 Qui
1777 5222 2000 5291 quidem
2031 5226 2087 5280 in

500 5308 773 5376 plerisque
808 5324 931 5362 cum
970 5306 1329 5381 Septuaginta
1373 5314 1673 5375 consentit,
1715 5314 1865 5380 quod
1909 5316 1965 5370 in
1994 5334 2088 5373 eo-

499 5413 617 5451 rum
660 5400 890 5452 tectioue
925 5401 1109 5461 tritus,
1142 5419 1207 5455 ac
1244 5405 1402 5475 longa
1440 5407 1843 5461 consuetudine
1866 5413 2082 5465 exerci—

502 5494 646 5545 tatus
672 5491 869 5546 fuerat.
895 5490 978 5547 Tu
1013 5510 1143 5550 vero
1177 5498 1429 5568 quisquis
1466 5516 1552 5564 es,
1597 5500 1835 5564 erudite,
1872 5517 1937 5555 ac
1966 5512 2085 5560 stu-

589 5644 605 5674 ¹
644 5645 663 5699 I
695 5646 1023 5716 Cor.vu,I8.
1099 5656 1119 5684 ²
1153 5653 1378 5708 Malaclt.
1423 5671 1461 5723 ι,
1489 5656 1544 5711 ‘2.
1626 5659 1644 5689 ³
1675 5657 1805 5713 Cor.
1839 5658 2071 5728 Οὑῆρος.

2267 4598 2367 4651 12⁸.
2399 4598 2556 4651 Μετὰ
2584 4599 2774 4652 τοῦτον
2801 4597 2857 4651 δὲ
2877 4599 3020 4653 κατὰ
3046 4598 3213 4661 πόδας
3241 4600 3300 4651 ὲν
3332 4596 3412 4668 τῷ
3435 4596 3564 4665 ἑξῆς
3588 4590 3763 4665 χρόνῳ·

2189 4689 2436 4761 τουτέστι
2470 4690 2599 4761 περὶ
2646 4691 2745 4761 τὴν
2774 4691 2866 4744 τοῦ
2896 4691 3152 4762 δευτέρου
3185 4689 3472 4761 Κομμόδου
3513 4682 3765 4757 βασιλείαν

2189 4785 2282 4835 τοῦ
2320 4783 2738 4852 βασιλεύσαντος
2770 4784 2909 4855 μετὰ
2942 4785 3035 4837 τὸν
3073 4784 3475 4854 προειρημένον
3502 4774 3765 4849 Κόμμοδον

2199 4873 2433 4926 Λούκιον
2482 4874 2751 4945 Αὑρήλιον
2786 4874 2879 4945 ἔτη
2934 4883 3023 4941 ιγ’,
3077 4876 3376 4929 Θεοδοτίων
3417 4890 3502 4936 τις
3531 4865 3765 4924 Ποντικὸς

2202 4965 2310 5019 ἀπὸ
2336 4966 2438 5035 τῆς
2490 4965 2744 5037 διαδοχῆς
2798 4968 3131 5039 Μαρκίωνος
3173 4966 3269 5020 τοῦ
3302 4964 3652 5037 αἱρεσιὰρχου
3684 4953 3764 5009 τοῦ

2201 5055 2526 5121 Σινωπίτου,
2563 5058 2774 5128 μηνιῶν
2809 5060 2905 5112 καὶ
2936 5059 3100 5123 αὐτὸς
3138 5062 3205 5131 τῇ
3237 5057 3403 5111 αὑτοῦ
3430 5056 3654 5127 αἱρέσει,
3684 5046 3765 5102 καὶ

2198 5149 2279 5209 είς
2321 5149 2655 5220 Ἰουδαῖσμὸν
2684 5152 3006 5215 ἀποκλίνας,
3039 5152 3136 5205 καὶ
3161 5148 3545 5223 περιτμηθεὶς,
3568 5144 3657 5199 καὶ
3678 5140 3764 5208 τὴν

2196 5236 2305 5288 τῶν
2346 5238 2614 5309 Ἐϐραίων
2647 5240 2832 5311 φωνὴν
2862 5241 2955 5294 καὶ
2987 5240 3057 5293 τὰ
3085 5240 3268 5294 αὐτῶν
3302 5241 3542 5309 στοιχεῖα
3568 5233 3761 5287 natast)-

2197 5324 2331 5390 θεὶς,
2364 5328 2509 5391 ἰδίως
2553 5329 2647 5383 καὶ
2705 5330 2871 5394 αὐτὸς
2911 5330 3163 5395 ἐξέδωκε.
3193 5330 3294 5384 Διὰ
3316 5328 3388 5383 τὰ
3415 5328 3638 5382 πλεῖστα
3662 5319 3763 5378 τοῖς

2207 5416 2708 5489 Ἐϐδομηκονταδύο
2758 5422 3094 5493 συνᾳδόντως
3147 5423 3396 5488 ἐξέδωκε.
3449 5416 3643 5490 Τριδάς
3668 5410 3761 5478 Id"

2192 5505 2337 5580 εἶχεν
2396 5504 2553 5577 οὗτος
2611 5514 2711 5578 τὰς
2766 5515 3027 5580 πλείστας
3075 5516 3184 5570 ἀπὸ
3209 5515 3311 5585 τῆς
3348 5510 3631 5584 συνηθείας
3665 5500 3762 5555 τῶν
