3994 6478
296 470 379 525 εδδ
1185 465 1386 520 LIBER
1426 465 1513 519 DE
1545 459 1895 521 MENSURIS
1935 460 2021 520 ΕΤ
2063 463 2522 522 PONDERIBUS.

3373 468 3482 526 268

298 576 760 650 Ἑϐδομηκονταδύο.
803 577 982 631 Γένοιο
1024 579 1202 632 τοίνυν
1233 580 1445 649 κριτὴς,
1499 573 1544 632 ὧ
1587 579 1808 647 φιλοκα-

1923 579 2084 641 diose,
2117 580 2185 633 de
2228 586 2340 632 tota
2390 594 2557 632 causa
2591 579 2815 634 statuito
2854 601 2866 635 :
2909 579 3050 650 apud
3097 595 3235 651 quos
3277 583 3482 636 veritas

284 673 482 732 λώτατε,
505 667 598 736 τῆς
634 667 887 738 τοιαύτης
926 667 1252 730 ὑποθέσεως,
1283 667 1434 737 παρὰ
1463 667 1573 718 τίσι
1611 667 1808 736 μᾶλλον

283 760 600 830 εὑρεθήσεται
652 760 684 828 ή
737 757 986 826 ἀλήθεια,
1038 757 1189 829 παρὰ
1229 759 1342 819 τοῖς
1377 758 1524 826 τρισὶ
1577 757 1807 820 τούτοις,

295 849 464 918 Ἀκύλᾳ
500 847 654 916 λέγω,
711 849 805 900 καὶ
847 847 1148 917 Συμμάχῳ,
1196 847 1292 901 καὶ
1321 845 1661 908 Θεοδοτίωνι,
1697 848 1809 908 τοῖς

282 938 345 1009 μὴ
389 937 655 990 ἐπιτοαυτὸ
703 936 1034 1007 γενομένοις,
1077 936 1192 990 ἀλλ’
1231 937 1337 1008 ίδίᾳ
1371 936 1598 989 ἕκαστον
1622 937 1714 988 καὶ
1751 939 1809 989 ἐν

280 1025 429 1095 καιρῷ
453 1026 540 1078 καὶ
569 1025 748 1088 τόποις
780 1025 1026 1096 άλλήλων
1067 1025 1340 1089 διεστῶσι,
1373 1027 1466 1079 καὶ
1489 1026 1551 1078 οὐ
1573 1025 1808 1088 πολλοῖς,

276 1116 390 1170 ἀλλὰ
413 1115 548 1186 τρισὶ
595 1115 791 1184 μόνοις,
820 1116 914 1169 καὶ
941 1117 1018 1187 μὴ
1044 1115 1292 1186 δυνηθεὶς
1323 1116 1508 1180 ἄλλοις
1534 1117 1549 1147 ¹
1585 1131 1811 1186 συμφω-

273 1207 440 1277 νῆσαιο
472 1206 502 1277 ἢ
537 1205 681 1277 παρὰ
727 1208 840 1270 τοῖς
875 1206 1372 1278 Ἐὁδομηκονταδύο
1402 1209 1515 1272 υῖς
1548 1206 1808 1278 πρώτοις,

273 1300 345 1367 ὑφ’
373 1298 460 1352 ἕνα
506 1297 690 1369 καιρὸν
738 1298 984 1367 γεγονόσι
1030 1298 1125 1353 καὶ
1169 1298 1563 1370 ἐρμηνεύσασι,
1603 1301 1698 1354 καὶ
1730 1301 1809 1362 είς

272 1387 592 1459 τριακονταὲξ
620 1387 760 1460 μέρη
801 1389 943 1443 κατὰ
966 1389 1295 1461 πρόσταγμα
1322 1388 1584 1460 βασιλέως
1605 1389 1811 1461 διαιρεση

269 1479 403 1544 θεῖσι,
447 1480 537 1533 καὶ
592 1481 716 1535 ἄνευ
773 1481 867 1534 τοῦ
907 1481 1043 1552 πρὸς
1075 1482 1336 1552 ἀλλήλους
1390 1482 1719 1549 συνδοιάσαι,
1743 1485 1810 1536 ὲκ

267 1570 554 1641 Πνεύματος
580 1572 636 1625 δέ
666 1571 818 1640 ἁγίου
854 1573 960 1626 ὑπὸ
1000 1573 1128 1643 μίαν
1154 1574 1472 1644 συμφωνίαν
1504 1574 1602 1646 τὴν
1627 1576 1808 1628 πᾶσαν

261 1664 531 1736 ἑρμηνείαν
559 1662 884 1716 ἐκδεδὼκασι
909 1664 951 1726 ³,
982 1663 1076 1716 καὶ
1108 1663 1239 1716 ὅπου
1270 1665 1586 1736 προσθήκης
1616 1665 1810 1734 γέγονε

261 1755 400 1826 χρεία
446 1754 738 1826 σαφηνείας
794 1754 958 1808 ἕνεκα
1006 1755 1101 1809 τοῦ
1152 1755 1311 1824 λόγου
1360 1756 1665 1828 προσθεῖσι,
1715 1759 1810 1811 καὶ

257 1846 538 1917 συμφώνως
576 1845 827 1916 ἀλλήλοις
870 1847 1267 1916 συμφωνήσασι
1313 1847 1408 1901 καὶ
1449 1845 1682 1913 ἐκδοῦσι,
1715 1849 1808 1902 καὶ

1911 667 2028 736 ipsa
2075 669 2301 734 reperiri
2341 669 2548 723 certius
2582 671 2799 737 possit:
2832 678 3143 722 utrumnam
3175 670 3317 738 apud
3358 671 3482 726 illos

1911 767 2042 819 tres,
2075 759 2350 827 Aquilam,
2377 758 2787 829 Symmachum,
2810 769 2865 814 et
2891 757 3321 814 Thcodotionem
3344 775 3360 814 :
3386 762 3482 829 qui

1910 860 2192 915 nunquam
2228 847 2370 902 inter
2399 863 2456 903 se
2481 849 2660 918 capita
2689 849 3060 914 contulerunt,
3099 847 3194 903 sed
3224 848 3483 918 privatim

1910 937 2109 1006 singuli
2143 937 2256 992 suis
2293 937 2525 1008 quisque
2562 939 2922 1010 temporibus,
2948 949 3002 994 et
3036 939 3276 994 locorum
3308 940 3482 994 inter-

1909 1027 2052 1081 vallo
2085 1025 2288 1092 dissiti,
2310 1029 2366 1081 in
2399 1043 2519 1082 eam
2551 1030 2914 1098 scriptionem
2948 1028 3349 1096 incubuerunt;
3385 1046 3485 1086 ne-

1909 1133 2017 1187 que
2039 1118 2227 1188 plures
2250 1117 2426 1174 tribus
2456 1118 2804 1185 exstiterunt,
2828 1135 2892 1175 ac
2914 1119 3148 1190 denique
3171 1135 3353 1177 secum
3379 1123 3485 1192 ipsi

1909 1210 2212 1265 concordes
2242 1224 2366 1266 esse
2397 1209 2764 1280 nequiverunt
2795 1227 2807 1266 :
2842 1226 2911 1266 an
2947 1211 3090 1282 apud
3125 1209 3482 1285 Sethagiuta

1909 1299 2049 1356 duos
2077 1300 2200 1354 illos
2235 1300 2468 1370 priores,
2500 1300 2592 1370 qui
2617 1301 2805 1357 eodem
2836 1313 3079 1372 tempore
3110 1315 3301 1359 omnes
3333 1305 3486 1359 vixeo

1907 1399 2056 1456 runt,
2092 1401 2146 1448 et
2181 1392 2522 1462 interpretati
2548 1401 2696 1460 sunt,
2721 1408 2786 1448 ac
2815 1394 3037 1464 triginta
3060 1410 3156 1450 sex
3187 1393 3484 1450 domiciliis

1909 1483 2053 1552 regis
2084 1481 2314 1552 imperio
2344 1482 2628 1538 distributi
2661 1483 2809 1538 nulla
2848 1484 2990 1539 inter
3019 1499 3078 1540 se
3108 1487 3486 1540 communica-

1909 1573 2058 1628 tione
2081 1573 2284 1638 habita,
2310 1573 2484 1628 sancti
2510 1571 2747 1642 Spiritus
2779 1572 3040 1630 instinctu
3067 1573 3480 1645 Scripturarum

1909 1661 2416 1732 interpretationem
2448 1661 2757 1718 admirabili
2790 1664 3154 1720 consensione
3183 1666 3263 1719 sic
3292 1666 3482 1721 edide-

1908 1760 2058 1816 runt,
2100 1761 2160 1806 ut
2189 1753 2500 1824 ubicunque
2529 1756 2936 1825 perspicuitatis
2969 1758 3142 1828 gratia
3170 1755 3477 1814 addendum

1909 1842 2113 1913 aliquid
2141 1851 2309 1909 esset,
2339 1843 2690 1900 concorditer
2726 1847 3049 1916 adjicerent,
3082 1859 3206 1904 cum
3244 1856 3367 1920 qua:
3399 1853 3475 1904 al--

254 1935 408 1989 ταῦτα
453 1935 706 2002 ἀγνοοῦσι
751 1935 804 1987 τί
839 1935 1068 1999 ἕκαστος
1104 1935 1224 1989 καθ’
1248 1935 1438 1990 ἑαυτὸν
1473 1937 1764 2008 ἑρμηνεύει
1789 1954 1802 1968 ⁸

1923 1935 2082 1991 Lerius
2109 1935 2486 2006 interpretatio
2531 1938 2670 1994 foret
2707 1940 2929 2008 penitus
2962 1941 3319 2013 ignorarent:
3355 1961 3485 1999 rur-

249 2027 367 2080 δπου
404 2026 459 2080 δὲ
501 2027 664 2081 πάλιν
720 2026 946 2097 ἐκϐολῆς
1001 2026 1174 2096 λόγων
1215 2027 1376 2081 τινῶν
1408 2028 1586 2099 χρεία,
1609 2029 1804 2098 ἐπίσης

250 2117 538 2183 ἐκϐαλοῦσι,
569 2119 666 2172 καὶ
696 2117 1027 2189 συνᾳδόντως
1065 2118 1484 2188 ἐρμηνεύσασιν.

310 2207 510 2279 Ὥσπερ
557 2209 608 2261 εί
654 2209 711 2261 ἐν
738 2207 815 2278 τῷ
845 2208 961 2278 ἄμα
992 2209 1191 2272 πάντες
1225 2208 1510 2279 ἐκάθηντο,
1547 2211 1640 2263 καὶ
1667 2227 1803 2281 συμ-

243 2298 589 2362 ὅουλευτικῶς
645 2299 896 2369 ἀλλήλοις
950 2301 1280 2372 ήρμήνευον.
1328 2299 1585 2372 Εὔδηλον,
1626 2301 1708 2354 ὅτι
1745 2303 1803 2354 ὲν

239 2393 340 2454 τοῖς
377 2391 873 2462 Έϐδομηκονταδύο
906 2393 1258 2464 εὑρεθήσεται
1289 2391 1599 2463 ήάλήθεια.
1640 2392 1802 2445 ’Ὥστε

239 2482 464 2548 γνωστὸν
482 2481 652 2536 τοῦτο
676 2485 786 2546 τοῖς
810 2482 1117 2554 φιλαλήθως
1138 2481 1414 2548 ἐξετάζειν
1435 2482 1800 2554 βουλομένοις,

234 2573 308 2625 ὅτι
334 2575 392 2628 οὐ
427 2575 590 2646 μόνον
619 2575 955 2645 ἐρμηνευταὶ
989 2576 1185 2628 ἐκεῖνοι
1211 2575 1520 2644 γεγόνασιν,
1549 2575 1686 2628 ἀλλὰ
1711 2575 1806 2627 καὶ

235 2665 332 2719 ἀπὸ
357 2667 555 2739 μέρους
588 2667 892 2739 προφῆται.
924 2659 1027 2719 Ἦν
1057 2665 1167 2737 γὰρ
1191 2666 1292 2719 οὐκ
1317 2662 1385 2736 ἦν
1413 2666 1570 2737 χρεία
1602 2667 1682 2729 είς
1713 2667 1807 2737 ἐρ-

233 2757 467 2827 μηνείαν,
506 2759 797 2831 παρῆκαν,
826 2756 984 2811 ἆτινα
1018 2757 1098 2818 είς
1131 2755 1358 2827 ὕστερον
1381 2757 1440 2809 ἐν
1467 2759 1578 2819 τοίς
1611 2756 1806 2825 φωνῶν

231 2850 396 2903 αὐτῶν
416 2852 610 2916 τόποις
639 2850 780 2920 μετὰ
807 2847 1148 2918 ἀστερίσκων
1184 2846 1466 2918 Ὠριγένης
1491 2845 1804 2915 συνέθηκεν.

241 2941 504 3006 Ὡσαύτως
532 2943 592 2995 δὲ
630 2941 730 2994 καὶ
761 2939 828 2993 τὰ
867 2936 1234 3009 προστεθέντα
1275 2937 1377 2991 οὐκ
1418 2935 1688 3006 ἀφείλετο,
1725 2937 1806 2990 εί-

227 3030 342 3097 δὼς,
361 3034 444 3087 ὅτι
465 3033 666 3087 αὐτῶν
691 3030 889 3102 μᾶλλόν
915 3031 1032 3083 ἐστι
1051 3028 1230 3100 χρεία·
1258 3027 1396 3083 ἀλλὰ
1427 3027 1563 3099 μετὰ
1582 3027 1806 3094 ὀϐελῶν,

230 3122 340 3178 ἔνθα
371 3124 616 3180 ἕκαστον
671 3123 790 3177 τῶν.
821 3121 1127 3194 εἰρημένων
1160 3114 1317 3193 εὗρον
1337 3121 1379 3186 ³,
1422 3119 1595 3186 εἴασε,
1649 3119 1809 3191 μόνον

231 3217 689 3289 σημειωσάμενος
708 3213 796 3268 διὰ
813 3213 907 3267 τοῦ
930 3212 1117 3267 ὀϐελοῦ
1135 3213 1234 3282 τὴν
1255 3228 1322 3265 πε
1333 3211 1385 3283 pi.
1407 3214 1508 3282 τῆς
1524 3209 1618 3263 τοῦ
1639 3210 1808 3263 τόπου

1911 2041 2008 2083 sus
2047 2042 2180 2082 vero
2219 2029 2400 2084 sicubi
2445 2029 2782 2086 dissimulari
2828 2033 3032 2105 aliquid
3073 2045 3369 2106 oporteret,
3413 2055 3482 2096 ex

1911 2133 2066 2188 aequo
2099 2134 2291 2176 omnes
2319 2121 2628 2192 rejicerent,
2658 2129 2712 2178 et
2738 2124 2878 2180 inter
2899 2140 2959 2181 se
2987 2138 3373 2198 congruerent.

1981 2205 2216 2264 Perinde
2249 2223 2314 2264 ac
2352 2211 2400 2266 si
2443 2212 2694 2267 eumdem
2743 2213 2796 2266 in
2845 2211 3024 2268 locum
3067 2222 3479 2286 convenientes,

1911 2298 2316 2353 communicato
2353 2301 2586 2356 invicem
2617 2302 2846 2358 consilio
2874 2304 2939 2360 de
2965 2301 3356 2376 interpretandi
3387 2327 3479 2365 ra-

1911 2388 2062 2444 tione
2089 2385 2565 2458 statuissent.Quis
2577 2401 2687 2446 non
2709 2394 2889 2448 statim
2907 2392 3093 2450 LXXII
3111 2396 3219 2455 illis
3244 2402 3478 2470 palmam

1913 2477 2159 2534 veritatis
2188 2479 2500 2549 adjudicet?
2525 2480 2636 2536 Imo
2660 2499 2789 2539 vero
2813 2485 2861 2540 si
2881 2486 3008 2557 quis
3035 2489 3280 2546 veritatis
3305 2485 3480 2561 ipsius

1914 2581 2154 2622 amorem
2186 2568 2254 2624 ad
2285 2569 2696 2640 inquisitionem
2725 2573 2991 2643 attulerit,
3029 2592 3138 2631 non
3165 2579 3287 2634 illos
3313 2579 3480 2634 inter-

1913 2667 2093 2729 pretes
2120 2661 2304 2728 modo,
2335 2677 2523 2718 verum
2548 2664 2710 2720 etiam
2744 2667 3038 2737 prophetas
3079 2671 3483 2740 quodammodo

1914 2749 2086 2808 fuisse
2105 2763 2420 2824 cognoscet.
2441 2752 2577 2809 Nam
2598 2755 2676 2811 illi
2703 2773 3042 2830 quaecunque
3065 2759 3276 2817 inutilia
3298 2772 3450 2819 erant
3466 2795 3484 2826 ,

1915 2857 1980 2898 ac
2021 2859 2445 2916 supervacanea,
2480 2847 2887 2918 interpretando
2923 2851 3321 2921 praeterierunt.
3351 2852 3485 2919 Quae

1915 2937 2266 3008 postmodum
2295 2940 2559 3010 Origenes
2585 2940 2702 2996 suis
2729 2940 2865 2998 locis
2897 2944 3180 3000 ascribens
3201 2945 3484 3001 asteriscis

1915 3032 2145 3086 notavit.
2190 3032 2459 3087 Similiter
2502 3039 2556 3088 et
2600 3043 2721 3104 qua:
2759 3033 2830 3088 ab
2867 3033 2977 3090 illis
3015 3026 3226 3106 adjecta
3267 3035 3486 3092 fuerant

1916 3123 2370 3180 circumscribere
2431 3123 2626 3190 noluit,
2678 3119 2824 3194 quod
2865 3126 3174 3180 necessaria
3215 3126 3482 3191 crederet,

1918 3215 2015 3270 sed
2043 3216 2232 3272 obelos
2262 3215 2329 3270 iis
2355 3214 2609 3270 omnibus
2631 3215 2788 3280 locis,
2814 3215 2906 3269 ubi
2934 3211 3024 3270 illa
3059 3225 3356 3286 repererat,
3387 3232 3484 3287 ap-

224 3309 580 3378 ὰναγνώσεως
617 3307 851 3379 εἴδησιν.
880 3305 980 3358 Διὰ
1005 3305 1062 3358 δὲ
1084 3305 1192 3358 τῶν
1221 3303 1521 3374 λιμνίσκων
1549 3299 1813 3365 ὡσαύτως

1923 3307 2109 3377 pinxit,
2142 3315 2202 3361 ut
2225 3307 2293 3362 de
2317 3321 2508 3362 eorum
2538 3305 2772 3362 lectione
2793 3313 3090 3361 conStaret.
3114 3308 3182 3360 At
3203 3306 3484 3362 lemniscis

220 3402 450 3472 ἐδήλωσε
497 3403 616 3457 τῶν
666 3399 816 3472 παρά
857 3416 1000 3454 τισιν
1043 3399 1108 3452 ἐκ
1159 3396 1268 3451 τῶν
1316 3391 1814 3464 Ἐύδομηκονταδύο

218 3493 580 3568 ἑρμηνευτῶν
646 3492 1072 3564 συναμφοτέρως
1117 3487 1460 3561 εὑρεθεισῶν,
1483 3485 1560 3550 ὠς
1589 3488 1646 3540 ἐν
1675 3483 1815 3538 σπά-

215 3602 310 3649 νει,
333 3586 538 3655 ὀλίγων
566 3585 782 3650 λέξεων
801 3583 901 3655 τὴν
929 3582 1162 3652 δήλωσιν
1192 3580 1292 3634 οὐκ
1319 3577 1587 3650 ἀνομοίων
1616 3575 1813 3649 οὐσῶν,

212 3674 324 3729 ἀλλ’
356 3679 570 3750 ὁμοίων
623 3676 751 3748 μὲν,
793 3676 886 3729 καὶ
930 3674 1030 3745 τὴν
1067 3671 1236 3743 αὐτὴν
1282 3671 1512 3741 δύναμιν
1555 3665 1815 3739 ἐχουσῶν.

221 3768 306 3832 Ὠς
342 3770 413 3824 ἂν
438 3770 599 3824 εῐποι
625 3783 717 3830 τις
745 3766 868 3821 ἀντὶ
895 3763 1014 3828 τοῦ,
1040 3762 1366 3831 ἐλάλησεν,
1397 3759 1746 3830 ἐφθέγξατο,
1780 3759 1814 3830 ἢ

211 3860 326 3914 ἀντὶ
359 3859 484 3927 τοῦ,
516 3857 744 3932 ἦλθεν,
773 3855 1055 3927 ἐλήλυθε.
1079 3854 1192 3909 Καὶ
1221 3852 1393 3908 ταῦτα
1425 3852 1523 3924 μὲν
1551 3853 1679 3922 περὶ⁵
1708 3850 1818 3904 τῶν

207 3954 496 4026 τεσσάρων
533 3951 858 4025 ἑρμηνειῶν
879 3967 961 4003 σοι
988 3948 1368 4020 γεγράφαμεν.

275 4047 414 4119 Περί¹
462 4046 529 4098 δὲ
576 4045 692 4114 τῆς
731 4042 995 4112 Πέμπτης
1027 4039 1120 4093 καὶ
1160 4040 1366 4108 Ἔκτης
1399 4036 1682 4099 ἐκδόσεως,
1720 4034 1819 4086 οὐκ

205 4138 308 4208 ἔχω
340 4143 534 4194 εἰπεῖν
564 4139 748 4200 τίνες,
775 4136 810 4207 ἢ
835 4134 999 4188 πόθεν
1026 4135 1075 4187 οἱ
1103 4131 1560 4203 ἐρμηνεύσαντες,
1591 4128 1624 4197 ἢ
1661 4127 1819 4197 μόνον

204 4231 282 4284 ὅτι
309 4236 458 4304 μετὰ
500 4231 607 4285 τὸν
644 4227 890 4297 διωγμὸν
917 4224 1012 4278 τοῦ
1051 4223 1314 4295 βασιλέως
1346 4221 1587 4291 Σευήρου
1619 4217 1817 4289 εὑρέθη

197 4325 230 4392 ἡ
263 4324 518 4394 Πέμπτη
557 4323 627 4374 ἐν
669 4318 867 4382 πίθοις,
897 4319 955 4369 ἐν
989 4313 1198 4385 Ἱεριχῷ
1224 4311 1602 4383 ιδεκρυμμένη,
1622 4311 1679 4362 ἐν
1697 4309 1821 4379 χρό-

200 4432 308 4479 νοις
333 4415 436 4468 τοῦ
473 4413 610 4468 υἱοῦ
647 4412 889 4481 Σευήρου
923 4408 1015 4462 τοῦ
1048 4406 1433 4477 ἐπικληθέντος
1459 4399 1820 4475 Καρακόιλλου

193 4523 252 4560 τε
280 4509 382 4561 καὶ
410 4509 597 4561 Γέται.
629 4502 892 4572 Καθεξῆς
917 4501 1023 4572 γὰρ
1046 4501 1074 4554 ό
1095 4499 1202 4552 τῶν
1236 4498 1346 4553 ἀπὸ
1387 4495 1699 4550 Ἀντωνίνου
1726 4491 1820 4546 τοῦ

1913 3411 2077 3452 voces
2103 3396 2725 3466 aliquotinsigniit,qua:
2739 3396 2791 3448 In
2805 3392 3080 3448 nonnullis
3092 3391 3281 3445 LXXII
3312 3391 3486 3448 Inter-

1916 3494 2130 3558 pretum
2168 3487 2577 3558 exemplaribus
2617 3485 2884 3557 repetitae,
2923 3490 2977 3541 et
3019 3484 3240 3556 quidem
3279 3486 3483 3551 rarius,

1914 3585 2216 3635 occurrunt
2244 3598 2256 3634 :
2291 3569 2412 3650 Quae
2445 3577 2843 3650 signiﬁcatione
2865 3570 3003 3632 nihil
3047 3578 3340 3634 admodum
3371 3579 3484 3635 dis-

1915 3677 2175 3742 crepant,
2221 3669 2317 3726 sed
2359 3671 2502 3726 inter
2535 3685 2596 3726 se
2633 3670 2842 3727 similes
2882 3676 3013 3726 sunt
3057 3680 3111 3725 et
3139 3661 3329 3725 eadem
3389 3685 3488 3740 pos

1915 3768 2117 3818 testate
2149 3762 2406 3833 praedita).
2439 3757 2687 3832 Exempli
2717 3775 2886 3817 causa
2919 3753 2967 3817 si
2999 3761 3124 3832 quis
3149 3776 3249 3830 pro
3281 3761 3487 3815 locutus

1917 3861 1995 3907 est
2031 3853 2257 3918 scribat,
2289 3853 2458 3917 dixit;
2505 3853 2589 3908 vel
2633 3867 2732 3923 pro
2777 3860 3006 3917 uenerat,
3038 3853 3194 3908 venit.
3225 3855 3302 3907 Ac
3339 3852 3406 3907 de
3440 3868 3491 3904 ιν

1919 3941 2255 3997 editionibus
2283 3941 2570 3997 hactenus.

1996 4030 2157 4103 174
2199 4031 2355 4098 Quod
2398 4032 2465 4086 ad
2507 4030 2764 4098 Quintam
2803 4045 2867 4086 ac
2916 4029 3137 4086 Sextam
3195 4031 3492 4088 editionem

1921 4123 2139 4186 attinet,
2197 4138 2334 4193 quos
2383 4131 2638 4177 auctores
2683 4130 2778 4175 aut
2817 4122 2976 4192 cujus
3010 4125 3243 4194 'generis
3294 4123 3494 4178 habeat

1921 4221 2074 4270 certo
2104 4212 2371 4270 allirmare
2393 4229 2624 4283 nequeo.
2655 4211 2791 4267 Illud
2825 4228 2990 4266 unum
3016 4219 3270 4268 constare
3297 4213 3490 4277 video;

1921 4313 2047 4376 post
2087 4305 2431 4374 imperatoris
2485 4303 2672 4359 Severi
2715 4300 3184 4374 persecutionem,
3236 4301 3491 4368 Quintam

1923 4394 2219 4451 editionem
2272 4395 2329 4449 in
2374 4385 2749 4449 Hiericbuntis
2800 4391 2999 4463 oppido
3056 4390 3382 4461 quibusdam
3438 4391 3495 4443 in

1925 4484 2106 4548 doliis,
2139 4484 2232 4539 ubi
2278 4482 2502 4544 latebat.
2534 4483 2812 4538 inventam
2860 4479 3051 4546 fuisse,
3099 4478 3496 4550 imperantibus

197 4599 330 4652 Πίου
366 4598 474 4652 τοῦ
520 4567 822 4658 Εὐσεϐοῦς
848 4567 1299 4660 ⁷ἐιιιικνεκλημένου
1333 4587 1455 4643 καθ’
1483 4585 1813 4658 ἐρμηνείαν⁴

1929 4575 2214 4630 Caracalla
2267 4583 2433 4644 atque
2467 4572 2601 4628 Geta
2664 4571 2849 4626 Severi
2885 4571 3028 4626 Iiliis.
3063 4567 3199 4623 Nam
3229 4567 3297 4622 ab
3327 4567 3498 4660 Anto-

193 4693 220 4744 ὸ
241 4692 449 4763 χρόνος
478 4690 612 4743 τῶν
657 4653 1096 4757 βασιλευσάντων
1119 4653 1337 4752 ’ταύτην
1364 4679 1490 4748 ἔσχε
1652 4675 1813 4730 διαδοι

1931 4667 2060 4722 nino
2085 4666 2183 4721 Pio
2207 4665 2582 4721 Romanorum
2613 4665 3000 4734 imperatorum
3029 4662 3199 4717 series
3231 4655 3500 4730 ejusmodi

196 4783 316 4852 κήν-

258 4873 426 4927 Μετὰ.
476 4870 833 4950 Ἀντωνῖνον
873 4867 963 4920 τὸν
1000 4865 1130 4919 Πίον
1171 4862 1441 4934 βασιλεύει
1470 4862 1694 4931 Μάρκος
1726 4861 1830 4912 Αύ-

195 4964 386 5036 ρήλιος
441 4962 822 5022 Ἀντωνῖνος,
853 4961 882 5012 ό
917 4959 1010 5011 καὶ
1039 4956 1269 5026 Οὐῆρος,
1303 4956 1396 5025 ἔτη
1434 4953 1518 5007 t0'.

255 5057 428 5111 Μετὰ
488 5055 719 5108 τοῦτον
764 5049 1052 5120 Κόμμοδος
1079 5048 1236 5110 ἄλλος
1267 5045 1538 5116 βασιλεύει
1591 5043 1684 5112 ἔτη
1741 5040 1827 5110 ιγ’.

1931 4759 2048 4814 fuit.

2000 4850 2240 4906 Antonio
2285 4849 2380 4906 Pio
2427 4850 2700 4905 successit
2751 4845 2967 4902 Marcus
3012 4843 3269 4899 Aurelius
3323 4842 3497 4897 Anto-

1928 4945 2115 5008 ninus,
2142 4944 2235 5014 qui
2258 4951 2314 4998 et
2337 4941 2514 4998 Verus
2535 4941 2716 4996 dictus
2742 4948 2845 5002 est,
2871 4951 3043 4992 annos
3069 4951 3179 4989 xix.

2002 5033 2134 5090 Post
2158 5033 2324 5096 hunc,
2346 5029 2676 5086 Commodus
2715 5029 2854 5082 alius
2886 5028 3116 5095 imperat
3167 5037 3340 5079 annos
3379 5037 3500 5079 χιιι.

186 5146 326 5219 Περὶ
351 5143 421 5202 οὗ
457 5147 694 5218 χρόνον
723 5112 1090 5211 γνωρισθῆναι
1112 5112 1442 5191 Θεοδοτίωνα
1462 5135 1712 5205 εἴπομεν,
1740 5132 1813 5187 τδτ

1930 5126 2103 5196 Cujus
2149 5131 2395 5194 tempore
2441 5121 2869 5177 Theodotionem
2917 5116 3195 5199 exstitisse
3238 5112 3501 5179 diximus,

180 5240 278 5311 τὴν
313 5239 658 5308 Τετάρτην
688 5232 981 5304 ἑρμηνείαν
1013 5229 1444 5302 ἑρμηνεύσαντα.

251 5329 590 5399 Κόμμοδον
618 5322 820 5376 τοῦτον
855 5320 1157 5389 διαδέχεται
1201 5315 1468 5387 Περτίναξ
1512 5313 1690 5378 ἄλλος,
1727 5313 1836 5364 καὶ

175 5417 484 5484 βασιλεύει
529 5417 742 5488 μῆνας
769 5413 849 5478 ἐξ.

248 5511 484 5563 Τοῦτον
518 5505 858 5574 διαδέχεται
887 5503 1124 5574 Σευῆρος
1153 5501 1333 5565 ἄλλος,
1365 5500 1462 5552 σὺν
1491 5495 1569 5568 τῷ
1602 5493 1705 5564 υἱῷ
1741 5495 1838 5547 αύ-

166 5600 272 5658 τϐΰ
315 5600 706 5668 Ἀντωνίνῳ,
733 5597 830 5649 καὶ
859 5593 1228 5666 βασιλεύουσιν
1257 5593 1352 5663 ἐτη
1389 5597 1476 5662 ιη’.

247 5693 765 5765 Τελευτήσαντος
807 5687 864 5740 δέ
902 5687 1144 5758 Σευήρου
1182 5685 1486 5755 διαδέχεται
1523 5683 1622 5754 τὴν
1663 5678 1838 5752 ἀρχὴν

1933 5219 2025 5290 qui
2055 5215 2274 5284 Quarta:
2307 5214 2570 5272 editionis
2600 5221 2791 5268 auctor
2821 5217 2926 5267 est.

2005 5309 2305 5366 Commodo
2326 5307 2569 5365 succedit
2590 5303 2845 5362 Pertinax
2871 5304 3030 5370 alius;
3057 5299 3344 5372 imperavit
3362 5311 3508 5353 men-

1937 5418 2025 5460 SCS
2041 5419 2113 5457 VI.

2008 5494 2148 5549 Hinc
2167 5492 2406 5550 Severus
2427 5491 2567 5547 alius
2593 5503 2718 5545 cum
2743 5487 3023 5546 Antonino
3045 5485 3152 5540 lilio
3169 5480 3328 5538 annis
3355 5493 3510 5534 xvm.

2015 5675 2230 5730 Mortuo
2273 5672 2497 5739 Severo,
2550 5671 2802 5726 Succedit
2839 5666 3148 5723 Antoninus
3186 5661 3305 5732 ejus
3348 5659 3519 5725 ﬁlius,

244 5850 267 5883 ⁸
297 5850 451 5906 Cor,
487 5843 840 5914 δυνηθεῖσιν
869 5844 1140 5914 ἀλλήλοις.
1214 5845 1235 5875 ⁸
1266 5841 1326 5897 F.
1362 5838 1702 5896 ἐκδεδωκόσι.
1750 5837 1908 5891 Εοιτ.
1987 5835 2006 5868 ⁸
2038 5832 2098 5889 F.
2132 5826 2308 5903 εὗρεν.
2383 5830 2405 5862 ⁸
2431 5828 2492 5885 F.
2523 5828 2732 5898 είρμόν.
2769 5827 2926 5881 Ειιιτ.

473 5933 800 5993 ΡΑτιιοι..
837 5928 955 6017 ρει.
1012 5935 1061 5990 X
1078 5933 1232 5992 LIII.

3168 5916 3209 5976 9
