3994 6426
549 421 650 478 267

1926 404 1927 407 “
1957 401 2016 458 S.
2056 396 2397 455 EPIPHANII

3674 397 3764 453 ἳίὶε

549 533 641 605 qui
678 540 733 588 et
763 527 897 585 Geta
925 534 980 583 et
1002 524 1285 583 Caracalla
1315 522 1630 580 nominatur
1657 540 1669 575 :
1708 518 1994 589 imperavit
2027 531 2123 572 an-
2153 542 2165 579 λ

2267 514 2388 567 ύτοῦ
2427 514 2739 575 Ἀντωνῖνος
2764 512 2792 565 ό
2819 511 2932 575 υίὸς
2953 510 3144 575 αὐτοῦ,
3167 512 3197 563 ὁ
3221 510 3315 563 καὶ
3339 510 3506 574 Γέτας
3530 509 3673 576 ἄλλος
3689 514 3725 579 ⁸,
3742 517 3769 565 ὁ

548 602 651 677 nos
679 636 775 675 HI.
814 618 1058 690 Septimo
1090 633 1219 671 vere
1258 630 1403 670 anno
1444 613 1659 680 Quintae
1704 610 1963 667 editionis
1998 608 2121 663 libri

2269 607 2327 659 αὶ
2347 604 2708 675 Καράκαλλος
2735 602 3077 673 ἐπικληθεὶς.
3115 603 3211 655 καὶ
3240 605 3380 655 ποιεῖ
3402 602 3494 672 ἐτη
3524 602 3585 666 ζ’.
3626 603 3704 656 Ἑν
3722 604 3770 657 δέ

548 710 905 766 Hierichunte
940 708 995 761 in
1028 706 1188 761 doliis
1228 704 1430 775 reperti
1475 709 1625 769 sunt,
1660 715 1786 757 cum
1820 698 1945 755 aliis
1970 697 2125 753 libris

2267 695 2310 765 ᾦ
2348 694 2560 766 ἑϐδόμῳ
2596 693 2762 749 αὐτοῦ
2813 694 2923 747 ἐτει
2978 693 3278 765 εὑρέθησαν
3327 693 3421 746 καὶ
3477 693 3639 764 βίϐλοι
3687 697 3772 765 τῆς

550 800 838 859 Hebraicis
865 813 929 853 ac
961 795 1183 853 Gmcis.

621 979 918 1039 Caracallae
960 973 1207 1034 succedit
1255 971 1569 1028 Antoninus
1607 968 1771 1032 alius,
1812 965 1908 1037 qui
1952 964 2130 1032 impe-

553 1074 696 1131 ravit
728 1086 900 1127 annos
929 1086 1002 1125 ιν.

628 1161 864 1217 Secutus
901 1167 986 1215 est
1016 1156 1323 1214 Alexander
1353 1154 1498 1209 ﬁlius
1526 1152 1765 1206 Mamaea:
1810 1147 1970 1203 annis
2006 1159 2128 1199 xm.

2233 786 2499 857 Πέμπτης
2536 785 2802 849 ἐκδόσεως
2829 787 2888 839 ἐν
2917 784 3113 847 πίθοις.
3150 786 3208 837 ἐν
3246 782 3453 856 Ἱεριχῷ
3488 788 3775 855 κεκρυμμέ-

2234 894 2343 943 ναι,
2373 879 2510 947 μετὰ
2534 876 2712 931 ἄλλων
2745 875 2967 946 βισλίων
2998 875 3304 946 Ἑϐραϊκῶν
3332 876 3423 929 καὶ
3461 875 3773 945 Ἑλληνικῶν.

2304 968 2412 1021 Τὸν
2441 967 2497 1020 δὲ
2528 967 2885 1038 Καράκαλλον
2915 966 3218 1037 διαδέχεται
3260 966 3568 1031 Ἀντωνῖνος
3595 966 3775 1038 ἑτερος,

2240 1058 2566 1130 βασιλεύσας
2590 1058 2685 1130 ἑτη
2712 1059 2775 1113 δ’.

2307 1147 2466 1203 Μετὰ
2500 1147 2689 1208 τοῦτον
2724 1147 3072 1202 ἐϐασίλευσεν
3113 1147 3459 1218 Ἀλέξανδρος
3491 1149 3518 1200 ό
3551 1147 3781 1217 Μαμαίας

555 1250 660 1308 Per
692 1252 806 1306 liaac
855 1258 1102 1320 tempora
1140 1246 1316 1301 Editio
1344 1260 1416 1310 vr,
1461 1257 1584 1314 quae
1626 1250 1683 1297 et
1730 1241 1848 1311 ipsa
1886 1239 1942 1293 in
1971 1235 2134 1292 doliis

2267 1243 2391 1307 ταῖς,
2428 1240 2522 1312 ἐτη
2563 1246 2651 1309 ιγ’.
2700 1240 2789 1294 Ἐν
2818 1241 2969 1311 μέσῳ
3005 1240 3114 1293 τῶν
3148 1240 3354 1310 χρόνων
3390 1238 3587 1292 τούτων
3612 1239 3781 1310 εὑρέθη

556 1344 781 1405 latebat,
816 1338 1063 1411 Nicopoli
1087 1339 1156 1395 ad
1178 1338 1397 1393 Actium
1424 1343 1508 1392 est
1540 1336 1779 1390 inventa.

625 1514 997 1571 Alexandrum
1025 1511 1391 1589 Maximianus
1419 1506 1634 1576 excepit
1661 1518 1712 1559 a.
1744 1518 1827 1558 ιιι.

627 1607 768 1662 lluic
799 1605 1112 1662 Gordianus
1145 1603 1439 1668 successit,
1478 1600 1638 1655 annis
1668 1613 1743 1652 νι.

586 1716 589 1719 ’
628 1698 759 1753 Post
788 1698 935 1752 hunc
964 1695 1273 1766 Philippus,
1306 1707 1482 1747 annos
1511 1705 1606 1746 vn.

630 1789 771 1845 Tum
807 1789 1005 1847 Decius
1032 1802 1177 1843 anno
1206 1802 1249 1853 ι,
1273 1785 1556 1842 mensibus
1595 1798 1679 1839 ιιι.

2245 1333 2417 1403 Ἔκτη
2438 1332 2667 1397 ἑκδοσις,
2691 1333 2784 1386 καὶ
2810 1333 2948 1404 αὑτὴ
2979 1334 3038 1385 ὲν
3066 1332 3244 1396 πίθοις
3266 1332 3613 1403 κεκρυμμένη
3628 1332 3679 1385 ἑν
3700 1331 3783 1383 Νι-

2243 1424 2461 1479 κοπόλει
2492 1426 2557 1493 τῇ
2598 1424 2734 1494 πρὸς
2780 1423 2990 1495 Ἀκτία.

2313 1518 2466 1570 Μετὰ
2499 1515 2686 1568 τοῦτον
2722 1514 2997 1585 βασιλεύει
3030 1514 3374 1585 Μαξιμιανὸς
3396 1513 3489 1583 ἔτη
3512 1521 3578 1581 γ’.

2317 1605 2519 1659 Τοῦτον
2544 1604 2847 1674 διαδέχεται
2866 1605 3182 1676 Γορδιανδς,
3206 1605 3302 1657 καὶ
3334 1601 3601 1673 βασιλεύει
3621 1600 3706 1671 ἐτη
3721 1599 3787 1667 ἐξ.

2318 1696 2473 1751 Μετὰ
2503 1694 2692 1749 τοῦτον
2719 1694 2992 1765 βασιλεύει
3017 1695 3285 1757 Φίλιππος
3321 1696 3418 1748 ἐπὶ
3448 1694 3616 1747 ἐτεσιν
3645 1693 3701 1757 ζ’.

2320 1787 2519 1841 Τοῦτον
2552 1787 2822 1854 διεδέξατο
2852 1789 3059 1856 Δέκιος,
3092 1790 3186 1842 καὶ
3216 1790 3559 1844 ἑὸασίλευσεν
3584 1788 3793 1843 ἐνιαυτὸν

2174 1881 2214 1935 Β
2242 1878 2340 1932 Eva
2370 1878 2465 1931 καὶ
2493 1880 2669 1949 μῆνας
2697 1877 2769 1947 γ’.

634 1963 783 2019 Decii
810 1977 974 2034 porro
1001 1968 1247 2032 tempore
1262 1954 1730 2013 illustrisliabitus
1747 1960 1829 2008 est
1845 1950 2108 2020 Origenes
2130 1968 2144 2017 ;

560 2055 866 2125 ﬂoruitque
909 2052 977 2107 ab
1007 2052 1313 2123 imperante
1347 2048 1508 2103 Decio
1539 2060 1713 2116 usque
1743 2041 1809 2097 ad
1833 2041 2072 2107 Gallum,
2094 2048 2150 2097 et

569 2145 949 2209 Volusiannm,
976 2150 1031 2199 et
1065 2142 1229 2197 ultra.

637 2238 907 2292 Cmterum
947 2235 1003 2289 in
1037 2231 1425 2304 persecutione
1450 2229 1600 2285 Decii
1630 2226 1951 2299 martyrium
1982 2223 2151 2279 subiit

567 2329 799 2401 Babylas
848 2326 1187 2391 Antiochiae;
1235 2322 1532 2379 Flavianus
1576 2319 1792 2384 Rom-aa;
1846 2314 2153 2372 Alexander

568 2423 861 2491 episcopus
897 2416 1424 2487 Hierosolymorum,
1455 2412 1737 2467 Caesareae.

649 2599 805 2670 175
843 2597 985 2663 Quin
1009 2603 1063 2651 et
1094 2592 1359 2665 Origenes
1400 2593 1539 2663 ipse,
1578 2588 1831 2660 quamvis
1866 2580 2035 2641 multa
2083 2586 2156 2642 sit

573 2705 790 2762 passus,
804 2686 1259 2757 martyriiexitum
1277 2683 1499 2737 minime
1510 2688 1593 2737 est
1611 2678 1967 2751 adeptus.Qui
1984 2677 2159 2735 Cassa-

576 2794 724 2835 ream
747 2778 1023 2832 Stratonis
1049 2775 1309 2845 primum,
1335 2772 1461 2827 inde
1486 2772 1859 2843 Hierosolyma
1889 2784 2012 2825 sese
2034 2784 2159 2824 con-

572 2867 780 2932 ferens,
813 2865 1097 2936 paululum
1125 2864 1251 2919 istic
1281 2870 1545 2924 moratus,
1574 2858 1780 2931 Tyrum
1808 2866 1998 2930 postea
2030 2873 2161 2913 con-

576 2960 780 3016 cessit:
814 2957 906 3012 ubi
939 2971 1210 3011 annorum
1242 2962 1365 3009 octo
1395 2965 1448 3010 et
1484 2952 1675 3022 viginti
1709 2952 1887 3021 spatio
1933 2950 2157 3021 degens,

576 3064 702 3105 cum
733 3047 1162 3112 severissimam,
1188 3046 1266 3099 uti
1301 3045 1504 3111 ferunt,
1542 3043 1668 3097 vita:
1695 3040 2041 3110 disciplinam
2076 3040 2162 3093 in-

2334 1968 2423 2021 Ἐν
2456 1967 2515 2021 δὲ
2547 1971 2660 2032 τοῖς
2700 1970 2912 2040 χρόνοις
2952 1971 3139 2025 Δεκίου
3173 1971 3456 2043 Ὦριγένης
3485 1972 3792 2042 ἑγνωρίζετο,

2251 2058 2358 2113 ἀπὸ
2381 2058 2588 2130 χρόνων
2626 2061 2816 2113 Δεκίου
2840 2061 3098 2131 ἀκμάσας
3122 2062 3226 2127 ἑως
3252 2063 3513 2134 Γαλιήνου
3532 2065 3552 2095 ¹
3586 2064 3670 2116 καὶ
3685 2062 3796 2116 Otio-

2251 2148 2535 2203 λουσιανοῦ
2559 2150 2655 2203 καλ⁸
2680 2150 2958 2205 ἐπέκεινα.

2337 2240 2458 2293 Ἐπί
2493 2240 2551 2294 δὲ
2580 2240 2676 2294 τοῦ
2706 2244 2990 2311 γεγονότος
3017 2242 3257 2313 διωγμοῦ
3290 2244 3386 2298 τοῦ
3415 2245 3622 2308 Δεκίου,
3655 2246 3799 2314 ἐμαρ-

2253 2328 2489 2401 τύρησεν
2523 2330 2620 2400 μὲν
2646 2330 2896 2395 Βαϐύλας
2916 2333 2974 2385 ἑν
3007 2333 3327 2404 Ἀντιοχείᾳ,
3346 2334 3640 2397 Φλαδιανδς
3660 2334 3707 2386 δὲ
3728 2336 3802 2386 ἐπὶ

2266 2418 2505 2490 Ῥώμης,
2566 2419 2913 2492 Ἀλέξανδρος
2964 2422 3267 2486 ἐπίσκοπος
3342 2423 3711 2495 Ἱεροσολύμων
3758 2423 3800 2472 ἐν

2256 2509 2586 2580 Καισαρείᾳ.

2326 2601 2436 2653 Καὶ
2463 2600 2624 2665 αὐτὸς
2653 2600 2709 2654 δὲ
2749 2600 3027 2670 Ὠριγένης
3054 2602 3228 2655 πολλὰ
3260 2602 3563 2667 πεπονθὼς,
3585 2603 3659 2665 εἰς
3682 2601 3804 2661 τέλος

2257 2689 2352 2744 τοῦ
2393 2691 2693 2762 μαρτυρίου
2735 2692 2837 2745 οὐκ
2877 2691 3153 2759 ἑφθασεν.-
3191 2692 3396 2746 Ἐλθὼν
3433 2693 3489 2746 δὲ
3531 2694 3607 2757 είς
3634 2692 3804 2746 Καισά-

2262 2798 2414 2853 ρειαν
2441 2782 2540 2852 τὴν
2572 2783 2908 2852 Στράτωνος,
2943 2784 3036 2836 καὶ
3065 2783 3359 2855 διατρίψας
3388 2787 3469 2849 εἰς
3504 2782 3806 2854 Ἱεροσόλυμα

2261 2874 2452 2944 χρόνον
2474 2873 2675 2941 ὀλίγον,
2697 2870 2817 2927 εἷτα
2840 2874 3009 2929 ἐλθὼν
3046 2876 3125 2937 είς
3156 2875 3354 2947 Τύρον,
3390 2877 3483 2929 ἐπὶ
3513 2876 3604 2948 ἐτη
3630 2881 3723 2946 κη’,
3751 2874 3807 2935 ὡς

2262 2966 2291 3017 ὁ
2328 2963 2484 3032 λόγος
2532 2964 2666 3035 ἔχει,
2712 2966 2810 3037 τὴν
2859 2967 2959 3037 μὲν
2993 2967 3269 3021 πολιτείαν
3306 2969 3607 3038 ἐνησκεῖτο,
3646 2968 3730 3030 τὰς
3767 2965 3807 3017 δὲ

2262 3055 2488 3124 Γραφὰς
2511 3056 2879 3126 ἡρμήνευσεν.
2916 3058 3049 3110 Ὅτε
3072 3060 3173 3112 καὶ,
3194 3058 3263 3110 τὰ
3306 3058 3597 3125 Ἐξαπλᾶ,
3628 3058 3711 3112 καὶ
3734 3055 3811 3116 τὰς

575 3141 775 3204 stituit,
801 3148 916 3193 tum
941 3137 1006 3191 ad
1033 3136 1446 3207 Scripturarum
1476 3132 1883 3190 enarrationem
1916 3130 2159 3183 animum

2267 3146 2357 3199 δύο
2392 3148 2501 3199 τῶν
2543 3148 2845 3217 Ἑϐραϊκῶν
2892 3150 3103 3215 σελίδας
3144 3152 3372 3222 ἄντικρυ
3408 3154 3472 3206 ἐκ
3510 3149 3810 3224 παραλλήλου

576 3232 796 3302 adjecit.
843 3230 962 3298 Quo
995 3239 1241 3300 tempore
1287 3226 1531 3295 Hexapla
1578 3226 1670 3279 illa
1702 3239 1801 3281 sua
1833 3221 2161 3292 composuit,

2270 3240 2399 3310 μιᾶς
2448 3241 2745 3310 ἑρμηνείας
2787 3241 2923 3312 πρὸς
2960 3242 3059 3312 τὴν
3111 3217 3316 3314 ἑτέραν.
3360 3217 3669 3315 συνέθηκεν,
3704 3217 3810 3301 Ἐξ·

578 3322 865 3379 Hebraicis
934 3321 1145 3375 duabus
1206 3318 1418 3388 paginis
1463 3315 1724 3385 adjectis;
1782 3322 1944 3381 atque
2001 3326 2165 3365 unam

582 3412 880 3466 editionem
909 3423 976 3461 ex
1016 3408 1247 3461 adverso
1276 3406 1504 3459 alterius
1544 3402 1826 3471 opposuit,
1860 3416 2073 3469 eosque
2100 3400 2166 3453 li-

583 3500 711 3554 bros
741 3496 1012 3564 ﬂexaplos
1041 3494 1364 3559 nominavit,
1400 3493 1477 3547 uti
1503 3506 1667 3561 supra
1690 3490 1971 3560 copiosius
1997 3490 2168 3560 expli-

574 3591 849 3646 cavimus.

651 3678 793 3733 XIX.
809 3679 982 3732 Porro
1004 3690 1128 3730 cum
1157 3674 1416 3730 editionis
1447 3673 1663 3741 Quinta:
1689 3689 1752 3727 ac
1786 3672 1965 3728 Sexta;
1994 3673 2167 3728 libros

580 3787 671 3837 eo,
707 3784 816 3841 quo
851 3767 1111 3829 diximus,
1171 3763 1332 3819 modo
1373 3764 1685 3834 reperisset,
1735 3777 1836 3818 nec
1863 3762 1931 3817 de
1978 3772 2169 3817 aucto-

587 3866 741 3920 ribus
781 3866 1079 3922 constaret,
1113 3857 1300 3911 habita
1338 3865 1667 3925 temporum,
1695 3855 1895 3925 quibus
1938 3855 2169 3910 inventa:

589 3964 737 4019 sunt,
777 3954 1014 4015 ratione,
1052 3949 1287 4021 primum
1316 3947 1383 4001 ad
1422 3948 1736 4017 superiores
1771 3946 1893 4001 illas
1930 3953 2169 4017 quatuor

586 4055 989 4116 consequenter
1019 4056 1184 4097 unam
1232 4039 1463 4094 attexuit
1493 4053 1655 4107 quam
1700 4038 1963 4108 appellari
1996 4037 2170 4103 Quin-

588 4150 702 4192 tam
735 4136 930 4199 voluit,
980 4141 1032 4188 et
1064 4130 1327 4200 inscripta
1354 4129 1546 4200 quinta
1580 4128 1785 4193 littera,
1817 4128 2064 4182 ordinem
2101 4128 2170 4182 il-

590 4231 697 4284 lius
722 4225 977 4284 ostendit.
1009 4223 1155 4281 ldem
1190 4229 1243 4277 et
1273 4222 1330 4276 in
1360 4237 1411 4276 vr
1439 4227 1663 4275 secutus
1703 4226 1811 4283 est,
1853 4234 2017 4289 quam
2049 4219 2168 4289 epi-

591 4335 743 4376 semo
798 4317 1039 4388 prmﬂxa,
1087 4313 1349 4371 editionis
1397 4311 1578 4367 Sexta:
1626 4313 1850 4368 nomine
1901 4312 2167 4382 vulgavit.

593 4410 714 4475 Qua
743 4410 799 4462 in
826 4424 884 4462 re
909 4407 1187 4475 singulare
1211 4403 1485 4475 quoddam
1515 4402 1658 4457 inest
1680 4403 2001 4464 artiﬁcium,
2022 4402 2171 4473 quod

594 4500 841 4555 eruditos
873 4499 1167 4568 plerosque
1188 4496 1361 4551 latere
1401 4495 1560 4550 solet.
1602 4494 1705 4561 Qui
1739 4510 1863 4549 cum
1898 4494 2167 4564 Hexapla,

595 4591 682 4647 vel
719 4589 944 4657 Octapla
992 4589 1184 4658 legunt
1216 4590 1365 4656 (nam
1404 4586 1655 4655 Tetrapla
1719 4603 1772 4643 tv
1813 4585 2019 4642 Graecis
2051 4586 2170 4642 edi-

597 4681 842 4738 tionibus
870 4690 1164 4748 constant;
1196 4695 1320 4734 cum
1354 4680 1612 4733 nimirum
1647 4680 1855 4750 Aquilae
1883 4680 2171 4735 translatio

598 4777 783 4843 priore
813 4772 935 4828 loco
974 4771 1151 4841 posita
1177 4788 1189 4823 :
1212 4777 1325 4823 tum
1358 4768 1673 4840 Symmachi
1696 4769 1927 4827 :deinde
1956 4768 2167 4835 LXXII,

599 4881 663 4919 ac
706 4871 983 4934 postretno
1028 4860 1422 4916 Theodotionis
1468 4860 1523 4915 in
1572 4876 1741 4916 unum
1789 4875 1989 4932 corpus
2041 4877 2174 4917 ωηο

599 4958 820 5013 nentur.
863 4954 1073 5021 Quibus
1118 4953 1163 5009 si
1200 4952 1479 5009 Hebraicae
1522 4951 1643 5007 duae
1680 4954 1947 5009 editiones
1987 4968 2176 5010 acces—

606 5057 798 5112 serint,
853 5046 1101 5116 Ilexapla
1136 5054 1420 5100 vocantur.
1474 5045 1630 5111 Quod
1654 5045 1701 5101 si
1733 5062 1763 5098 v
1800 5054 1854 5100 et
1886 5061 1938 5100 vt
1975 5045 2175 5099 editio.

602 5153 726 5192 nem
757 5137 1094 5206 adiunxeris,
1137 5153 1477 5207 consequens
1523 5147 1609 5192 est
1640 5146 1698 5191 ut
1735 5136 1959 5206 Octapla
1994 5138 2175 5191 nomi-

604 5228 859 5297 nentur);
904 5226 995 5281 sed
1024 5243 1145 5281 cum
1183 5228 1306 5281 illos
1334 5229 1503 5282 libros
1531 5229 1777 5297 quidam,
1807 5231 1886 5283 uti
1913 5228 2174 5294 diximus,

604 5321 882 5382 evolvunt,
918 5324 971 5370 et
1009 5319 1218 5388 priores
1253 5334 1375 5373 csse
1414 5319 1556 5372 duas
1581 5318 1848 5374 editiones
1876 5320 2175 5375 Hebraicas

604 5411 812 5472 vident,
854 5425 919 5463 ac
947 5410 1206 5479 deinceps
1247 5408 1477 5480 Aquilae,
1525 5420 1637 5464 tum
1681 5410 2015 5481 Symmachi,
2050 5413 2177 5467 inde

607 5500 745 5555 LXX
786 5501 1107 5563 Seniorum;
1141 5501 1335 5557 deiiule
1365 5501 1782 5569 Theodotionis,
1820 5513 2097 5574 postremo
2122 5523 2174 5569 v,

606 5604 769 5661 atque
806 5609 879 5657 v1,
928 5591 1182 5662 Aquilam
1226 5603 1278 5648 et
1335 5590 1749 5664 Symmachum,
1793 5612 1895 5666 pro
1940 5612 2027 5663 eo,
2068 5614 2178 5667 quo

685 5762 700 5787 ¹
726 5766 788 5820 F.
820 5769 1009 5830 ἄλλως.
1045 5771 1202 5825 Εοιτ.
1278 5775 1298 5805 ⁸
1326 5771 1389 5827 C.
1424 5771 1647 5827 Γάλλου.
1720 5774 1743 5808 ³
1770 5773 1831 5831 F.
1870 5776 1930 5829 ἐν
1953 5775 2211 5845 πρώτοις.

2265 3330 2467 3396 πλεῖς
2492 3331 2592 3393 τὰς
2632 3330 2846 3401 βίϐλους
2890 3334 3184 3405 ὀνομάσας,
3233 3335 3487 3407 καθάπερ
3515 3354 3602 3407 μοι
3624 3335 3722 3390 ἄνω
3746 3331 3812 3385 διὰ

2267 3422 2501 3487 πλάτους
2537 3424 2767 3495 εἴρηται.

2338 3686 2439 3742 ΙΘ⁹.
2476 3686 2665 3757 Εὑρὼν
2696 3687 2753 3741 δὲ
2780 3688 2881 3759 τῆς
2908 3689 3176 3761 Πέμπτης
3212 3691 3305 3744 καὶ
3340 3693 3551 3763 Ἕκτης
3592 3689 3814 3747 ἐκδόσεως

2267 3778 2367 3841 τὰς
2394 3778 2609 3847 βίϐλους
2640 3779 2763 3834 καθ’
2792 3779 2852 3833 ὃν
2880 3780 3113 3852 εἴπομεν
3158 3783 3382 3853 τρόπον,
3431 3784 3528 3837 καὶ
3574 3777 3643 3854 μὴ
3686 3777 3815 3848 γνοὺς

2267 3867 2409 3932 τίνες
2440 3865 2549 3924 εἷεν
2582 3870 2630 3922 οἱ
2656 3870 3097 3941 ἑρμηνεύσαντες
3123 3873 3316 3939 αὐτὰς,
3349 3873 3476 3927 καθ’
3504 3873 3593 3936 οὒς
3620 3869 3815 3941 εὑρέθη-

2269 3976 2366 4012 σαν
2397 3958 2641 4030 χρόνους,
2692 3963 2810 4023 ταῖς
2858 3962 2965 4032 πρὸ
3003 3963 3184 4016 αὐτῶν
3223 3964 3517 4036 τέσσαρσιν
3551 3959 3818 4018 ἀκολούθως

2268 4052 2333 4119 τῇ
2368 4050 2667 4119 παραθέσει
2694 4054 3028 4123 συνυφήνας,
3056 4056 3156 4125 τὴν
3185 4055 3314 4125 μίαν
3346 4057 3612 4128 Πέμπτην
3636 4054 3820 4121 ὠνόμα-

2271 4156 2384 4205 σεν,
2410 4141 2720 4211 ἐπιγράψας
2748 4143 2836 4196 διὰ
2863 4145 2958 4197 τοῦ
2990 4146 3246 4216 πέμπτου
3279 4149 3546 4219 στοιχείου
3579 4148 3672 4218 τῆς
3698 4144 3818 4212 πέμ·

2271 4248 2410 4301 πτης
2432 4232 2523 4284 τὸν
2551 4232 2806 4303 ἀριθμὸν,
2843 4236 2938 4289 καὶ
2969 4236 3216 4305 δηλώσας
3248 4240 3310 4292 τὸ
3342 4240 3538 4310 ὄνομα.
3582 4235 3820 4293 Ὡσαύτως

2269 4321 2324 4374 δὲ
2358 4321 2450 4374 καλ⁵
2476 4323 2573 4393 τὴν
2600 4325 2717 4394 μετ’
2750 4326 2923 4396 αὐτὴν
2950 4328 3012 4381 τὸ
3031 4329 3304 4400 ἐπίσημον
3327 4331 3642 4403 ἐπιγράψας
3661 4328 3717 4380 τὺ
3742 4325 3819 4392 τῆς

2273 4416 2477 4487 Ἔκτης
2496 4419 2790 4489 ἑρμηνείας
2804 4419 2972 4491 ὄνομα
2995 4421 3281 4492 ἐδήλωσεν,
3310 4424 3473 4478 Ἀλλὰ
3493 4424 3587 4478 καὶ
3599 4417 3820 4491 τεχνικῶς

2276 4506 2435 4561 τοῦτο
2460 4510 2776 4580 εἰργάσατο,
2801 4512 2937 4583 ὅπερ
2956 4513 3066 4567 τῶν
3088 4514 3389 4583 φιλολόγων
3413 4516 3568 4578 τινὰς
3586 4511 3820 4567 λανθάνει.

2277 4600 2725 4670 Ἐντυγχάνοντες
2751 4603 2860 4673 γὰρ
2888 4606 3001 4668 τοῖς
3038 4606 3381 4673 Ἐξαπλοῖς,
3430 4608 3464 4678 ἢ
3507 4598 3822 4661 Ὀκταπλοῖς

2280 4688 2613 4759 (Τετραπλᾶ
2643 4692 2752 4763 γάρ
2777 4694 2879 4745 είσι
2900 4695 2968 4748 τά
3002 4696 3312 4767 Ἑλληνικὰ,
3344 4699 3472 4751 ὅταν
3501 4698 3557 4751 αἱ
3588 4695 3674 4749 τοῦ
3692 4690 3823 4745 Ἀκύ-

2278 4780 2365 4844 λα,
2411 4781 2508 4835 καὶ
2553 4783 2875 4854 Συμμάχου,
2919 4788 3012 4839 καὶ
3058 4787 3166 4841 τῶν
3213 4786 3716 4860 Ἐϐδομηκονταδύο,
3748 4781 3823 4835 καὶ

2279 4872 2632 4937 Θεοδοτίωνος
2660 4876 2948 4947 ἑρμηνεῖαι
2978 4880 3410 4949 συντεταγμέναι
3435 4875 3559 4935 ὦσι,
3592 4876 3702 4931 Τῶν
3726 4887 3823 4925 τεσ-

2278 4962 2460 5033 σάρων
2499 4963 2557 5016 δέ
2594 4965 2800 5020 τούτων
2835 4967 3057 5021 σελίδων
3084 4971 3209 5032 ταῖς
3235 4968 3356 5022 δυσὶ
3384 4974 3506 5033 ταῖς
3549 4965 3823 5040 Ἑϐραϊκαῖς

2279 5056 2678 5125 συναφθεισῶν,
2724 5060 2998 5123 Ἐξαπλᾶ
3031 5064 3300 5116 καλεῖται.
3349 5064 3476 5117 Ἐὰν
3495 5064 3551 5117 δὲ
3588 5064 3674 5115 καὶ
3702 5059 3823 5125 Πέμ-

2281 5165 2387 5218 πτη
2427 5149 2519 5202 καί
2560 5152 2593 5220 ἡ
2645 5150 2816 5222 Ἕκτη
2844 5154 3108 5223 ἑρμηνεία
3151 5155 3512 5223 συναφθώσιν,
3555 5149 3825 5208 ἀκολούθως

2276 5241 2487 5304 τούτοις
2510 5242 2814 5299 Ὀκταπλᾶ
2841 5246 3137 5313 καλεῖται)ο
3183 5248 3326 5311 τινὲς
3346 5249 3545 5307 τοίνυν,
3588 5247 3658 5307 ὡς
3695 5243 3823 5308 ἔφην’

2279 5333 2502 5391 ταύταις
2530 5337 2651 5396 ταῖς
2687 5334 2889 5404 βίϐλοις
2926 5338 3365 5408 ἐντυγχάνοντες,
3391 5338 3486 5390 καὶ
3517 5337 3825 5409 εὑρίσκοντες

2280 5420 2379 5482 τὰς
2402 5421 2496 5474 δύο
2529 5422 2828 5494 Ἐὄραῖκὰς
2856 5426 3097 5495 πρώτοις
3123 5436 3138 5457 ⁸
3165 5427 3447 5497 κειμένας,
3493 5425 3623 5496 μετὰ
3654 5419 3825 5475 ταύτας

2282 5510 2338 5563 δὲ
2363 5512 2461 5582 τὴν
2489 5512 2582 5565 τοῦ
2611 5515 2814 5569 Ἀκύλα
2857 5520 3223 5587 τεταγμένην,
3260 5517 3380 5587 μεθ’
3416 5518 3485 5588 ἢν
3514 5517 3606 5571 καὶ
3637 5510 3722 5584 τὴν
3748 5504 3825 5559 τοῦ

2283 5603 2602 5675 Συμμάχου,
2634 5606 2824 5662 ἔπειτα
2846 5608 2944 5680 τὴν
2966 5608 3075 5662 τῶν
3114 5608 3623 5681 Ἐὄδομηκονταδύυ,
3654 5597 3825 5677 μεθὛις
