3994 6444
233 427 326 486 9M)
964 467 967 470 -
1217 440 1422 496 LIBER
1463 440 1552 495 DE
1591 440 1944 498 MENSURIS
1977 443 2064 499 ΕΤ
2104 443 2565 502 PONDERIBUS.

3425 460 3532 516 270

247 549 394 616 ἠτοῦ
427 551 804 622 Θεοδοτίωνος
833 557 1208 622 συντέτακται,
1245 559 1338 613 καὶ
1365 558 1496 629 ἑξῆς
1537 560 1569 628 ἡ
1617 560 1849 632 Πέμπτη

1971 562 2209 633 lispositi
2237 573 2366 618 sunt
2395 563 2614 630 ordine,
2647 561 2790 620 LXX
2820 564 2971 636 ipsos
2999 572 3364 628 antecessisse
3393 574 3533 630 falso

251 659 300 696 τε
316 645 410 697 καὶ
421 645 633 719 "Enn,
655 648 874 702 δοκοῦσι
897 648 1143 721 πρώτους
1156 649 1494 722 ἑρμηνεῦσαι
1505 651 1595 704 τὸν
1614 652 1846 705 Ἀκύλαν

256 738 346 792 καὶ
378 737 470 792 τὸν
511 739 818 812 Σύμμαχον
857 740 967 794 τῶν
1017 740 1540 812 Ἐϐδομηκονταδύο,
1573 744 1717 797 κατά
1747 743 1848 814 τὴν

262 831 404 897 τάξιν
453 831 554 902 τῆς
590 832 818 902 θέσεως,
861 835 998 906 ὅπερ
1028 835 1131 887 οὐκ
1162 832 1332 888 ἐστιν.
1373 834 1516 888 Ἀλλ’
1562 834 1847 908 Ὠριγένης

261 925 564 996 πυθόμενος
594 926 696 998 τὴν
722 926 830 980 τῶν
869 927 1370 999 Ἑϐδομηκονταδύο
1398 927 1612 983 ἔκδοσιν
1639 927 1847 1000 ἀκριϐῆ

263 1013 424 1080 εἶναι,
468 1017 640 1089 μέσην
670 1018 875 1088 ταύτην
911 1017 1230 1091 συνέθηκεν,
1271 1021 1422 1082 ὅπως
1461 1019 1559 1085 τὰς
1594 1018 1848 1074 ἐντεῦθεν

264 1109 356 1163 καὶ⁵
380 1109 631 1163 ἐντεῦθεν
658 1109 954 1182 ἑρμηνείας
980 1109 1251 1184 διελέγχῃ·
1268 1109 1426 1166 τοῦτο
1447 1111 1504 1165 δέ
1525 1109 1687 1183 μόνον
1712 1111 1848 1184 Ὠρι-

264 1204 425 1274 γένης
445 1201 728 1274 χρησίμως
761 1201 1038 1275 ἐποίησεν.
1070 1203 1186 1257 Ἵνα
1205 1203 1261 1256 δέ
1285 1203 1381 1256 καὶ
1407 1202 1518 1257 τῶν
1559 1202 1848 1274 Ῥωμαίων

265 1295 527 1366 βασιλέων
557 1295 658 1365 τὴν
704 1294 1051 1360 ἀκολουθίαν,
1097 1295 1164 1367 ἢν
1201 1294 1492 1366 ἠρξάμεθα
1528 1297 1722 1359 ποιεῖν,
1772 1295 1848 1368 μὴ

264 1384 712 1458 παραλείψωμεν,
748 1381 905 1448 αὖθις
942 1384 1044 1448 τὰς
1074 1384 1184 1438 τῶν
1219 1384 1396 1439 ἄλλων
1432 1383 1699 1457 βασιλέων
1729 1383 1850 1438 δια-

258 1478 442 1548 δοχὰς,
479 1475 662 1541 καθὼς
690 1477 919 1540 ἕκαστος
950 1477 1322 1542 ἐϐασίλευσεν,
1365 1477 1742 1548 ὑποτάξωμεν.

332 1573 421 1624 Κ’.
465 1567 622 1624 Μετὰ
648 1569 950 1640 Γαλίηνον¹
983 1570 1080 1623 καὶ
1107 1569 1499 1624 Οὐολουσιανὸν
1541 1570 1670 1633 τοὺς
1712 1586 1848 1642 προ-

260 1661 687 1734 γεγραμμένους
718 1661 1148 1733 βασιλεύσαντας
1173 1663 1267 1716 ἐπὶ
1288 1662 1432 1716 ἔτεσι
1464 1661 1557 1716 δύο
1590 1662 1684 1716 καὶ
1717 1662 1851 1734 μησί

258 1757 580 1827 τέσσαρσιν,
626 1755 975 1810 ἐϐασίλευσεν
1025 1755 1390 1827 Οὐαλεριανὸς
1441 1757 1536 1810 καὶ
1591 1755 1851 1827 Γαλίηνσς

259 1851 358 1904 ἐπὶ
383 1849 532 1902 ἔτεσι
562 1847 791 1902 δώδεκα.
827 1848 922 1901 Ἐν
966 1846 1043 1918 τῷ
1088 1848 1292 1917 ἐννάτῳ
1329 1843 1422 1902 οὖν
1457 1848 1568 1902 ἔτει
1600 1849 1702 1918 τῆς
1728 1847 1852 1900 τούο

260 1962 372 1997 των
406 1940 685 2012 βασιλείας
722 1940 891 2012 ἀνέϐη
929 1941 1126 2011 Μάνης
1157 1941 1266 1994 ἀπὸ
1303 1943 1402 2012 τῆς
1436 1941 1717 2012 Περσίδοςο
1761 1940 1850 1993 ὅτε

262 2038 362 2093 καὶ
397 2036 536 2108 πρὸς
578 2033 871 2106 Ἀρχέλαον
911 2032 1005 2086 τὸν
1045 2033 1347 2088 ἐπίσκοπον
1395 2033 1707 2104 Κασχάρων
1749 2031 1852 2102 τῆς

262 2127 695 2196 Μεσοποταμίας
735 2125 1064 2196 συζητήσας,
1106 2126 1202 2179 καὶ
1243 2125 1304 2178 τὸ
1343 2123 1506 2198 ἦττον
1548 2127 1856 2194 ἀπενεγκά-

267 2238 334 2291 με
347 2237 455 2284 νος,
487 2217 792 2289 λεληθότως
823 2217 1056 2288 ἀπέδρα,
1103 2217 1197 2271 καὶ
1235 2217 1406 2271 ἐλθὼν
1441 2219 1521 2282 είς
1559 2217 1855 2290 Διοδωρίδα

263 2314 468 2384 κώμην
508 2311 610 2381 τῆς
651 2309 962 2381 Κασχάρων
997 2309 1350 2380 περιοικίδος,
1399 2311 1492 2363 καὶ
1541 2309 1856 2380 συζητήσας

264 2407 528 2479 Τρύφωνι
570 2404 647 2475 τῷ
689 2403 833 2474 ἁγίῳ
873 2402 1251 2474 πρεσϐυτέρῳ,
1295 2401 1518 2466 τελείως
1557 2403 1648 2454 ὑπ’
1686 2401 1854 2454 αὑτοῦ

263 2495 642 2570 κατῃσχύνθη’
678 2495 760 2548 διὸ
781 2496 873 2550 καὶ
894 2493 1089 2563 ἔμελλε
1114 2493 1284 2556 λίθοις
1309 2493 1414 2546 ὑπὸ
1448 2493 1556 2546 τῶν
1583 2493 1728 2545 λαῶν
1759 2493 1854 2545 θα-

262 2587 581 2643 νατοῦσθαι·
623 2585 922 2657 λυτρωθείς
957 2584 1015 2637 δὲ
1049 2585 1153 2637 ὑπὸ
1192 2583 1287 2638 τοῦ
1330 2583 1629 2636 ἐπισκόπου
1666 2583 1856 2653 Ἀρχε-

261 2683 422 2736 λάουο
471 2680 563 2733 καὶ
591 2677 921 2748 ὰνακάμψας
948 2678 1030 2740 εἰς
1061 2676 1159 2748 τὴν
1187 2677 1445 2747 Περσίδα,
1483 2673 1728 2728 κελεύσει
1759 2673 1854 2727 τοῦ

265 2770 498 2842 Περσῶν
536 2769 820 2841 βασιλέως,
867 2768 1100 2839 καλάμῳ
1132 2767 1401 2847 ’ἐξεδάρηο
1449 2768 1546 2821 καὶ
1594 2765 1767 2830 οὕτως
1794 2765 1858 2818 τὸ

264 2865 422 2927 τέλος
448 2862 544 2916 τοῦ
581 2861 697 2932 βίου
729 2861 1090 2933 κατέστρεψε.

336 3041 501 3123 Μετά
535 3040 923 3114 Οὐαλεριανὸν,
960 3040 1056 3095 καὶ
1078 3039 1337 3109 Γαλίηνον
1369 3036 1646 3107 βασιλεύει
1675 3035 1859 3092 Κλαύ-

269 3138 379 3201 διος
406 3134 656 3189 ἐνιαυτὸν
687 3133 804 3199 ἕνα,
829 3132 925 3186 καὶ
960 3131 1136 3202 μῆνας
1165 3130 1233 3186 θ’.

1949 655 2326 724 suspicantur.
2361 654 2468 710 Sed
2494 654 2758 728 Origenes
2784 655 3036 715 videlicet
3076 676 3200 715 cum
3229 661 3416 720 LXXII
3442 667 3538 721 ln-

1948 753 2250 819 terpretum
2283 746 2579 804 editionem
2616 750 3093 807 accuratissimam
3132 769 3255 810 esse
3301 772 3535 826 persua-

1952 855 2074 897 sum
2111 840 2358 906 haberet,
2393 842 2630 898 mediam
2668 844 2914 900 omnium
2963 860 3085 902 esse
3129 847 3322 912 voluit,
3365 857 3424 903 ut
3465 849 3535 912 ad

1950 944 2071 986 eam
2100 930 2361 1002 utrinque
2392 930 2676 1001 dispositae
2703 942 2932 1002 exterae,
2960 944 3218 1008 tanquam
3251 938 3318 992 ad
3349 953 3538 995 amus-

1951 1021 2057 1078 sim
2091 1022 2235 1094 exigi
2283 1023 2650 1094 redarguique
2675 1035 2904 1094 possent
2929 1045 2942 1082 :
2975 1028 3120 1098 quod
3148 1045 3316 1084 unum
3345 1028 3538 1102 Orige-

1951 1114 2040 1171 nis
2093 1114 2376 1172 inventum
2415 1116 2578 1187 longe
2622 1117 2980 1176 utilissimum
3024 1119 3154 1176 fuit.
3206 1120 3312 1176 Sed
3351 1129 3412 1177 ut
3451 1123 3539 1176 in-

1951 1205 2207 1260 choatam
2237 1207 2612 1263 Romanorum
2663 1209 3060 1280 imperatorum
3103 1213 3300 1268 seriem
3346 1229 3540 1286 prose-

1952 1310 2203 1365 quamur,
2219 1304 2536 1352 cancrorum
2562 1301 2947 1357 successiones
2969 1310 3024 1357 et
3047 1303 3262 1374 imperii
3291 1313 3538 1376 tempora

1952 1389 2294 1460 subjicienda
2322 1389 2656 1460 putavimus.

2028 1564 2190 1635 176
2212 1561 2332 1619 XX.
2380 1564 2556 1636 Igitur
2597 1574 2725 1636 post
2769 1565 2984 1624 Gallum
3034 1575 3090 1624 et
3136 1567 3532 1634 Volusiauum,

1954 1675 2094 1730 quos
2151 1674 2318 1729 supra
2350 1659 2942 1728 commemoravimus,
2985 1663 3079 1731 qui
3125 1662 3287 1718 anuis
3319 1663 3538 1718 duobus

1955 1766 2020 1805 ac
2050 1752 2332 1806 mensi-bus
2358 1757 2597 1820 quatuor
2629 1751 2990 1822 imperarunt,
3023 1769 3342 1810 successere
3376 1753 3540 1809 Vale-

1957 1843 2148 1898 rianus
2176 1851 2231 1897 et
2260 1841 2521 1897 Galienus
2543 1843 2705 1898 annis
2737 1844 3053 1900 duodecim.
3087 1844 3302 1912 Quibus
3333 1860 3541 1901 annum

1955 1950 2160 1989 nonum
2195 1936 2614 2006 imperantibus,
2639 1936 2826 1992 Manes
2855 1952 2886 1991 e
2913 1935 3137 2005 Perside
3168 1937 3236 1992 ad
3266 1936 3543 1993 Romano-

1956 2045 2077 2083 rum
2113 2029 2406 2103 imperium
2447 2030 2702 2084 accessit.
2739 2029 2861 2095 Quo
2897 2039 3146 2099 tempore
3177 2045 3303 2084 cum
3334 2029 3545 2086 Arche-

1955 2121 2043 2176 lao
2084 2119 2487 2178 Cascharorum
2529 2124 2586 2176 in
2630 2121 3021 2192 Mesopotamia
3062 2122 3320 2192 episcopo
3354 2122 3545 2193 dispu-

1957 2215 2124 2287 tando
2160 2222 2454 2284 superatus
2493 2213 2808 2268 clanculum
2859 2213 3091 2282 aufugit,
3135 2224 3189 2268 et
3227 2214 3293 2267 ad
3344 2229 3544 2284 pagum

1956 2305 2248 2376 quemdam
2284 2304 2580 2360 Cascharis
2633 2303 2876 2359 vicinum
2922 2304 3145 2358 nomine
3196 2302 3543 2358 Diodoridem

1958 2398 2258 2470 profectus,
2313 2397 2627 2465 ibidemque
2676 2410 2799 2451 cum
2863 2393 3158 2466 Tryphone
3221 2395 3544 2466 presbytero

1958 2505 2314 2561 congressus,
2373 2488 2663 2543 convictus
2705 2499 2870 2558 atque
2906 2498 3155 2541 extremo
3180 2485 3390 2555 pudore
3419 2501 3546 2556 per-

1959 2583 2116 2638 fusus
2156 2590 2278 2636 est:
2314 2597 2380 2636 ex
2423 2596 2532 2650 quo
2570 2581 2847 2650 lapidibus
2897 2594 2927 2632 a
2964 2579 3165 2648 populo
3207 2583 3356 2632 esset
3381 2577 3549 2632 obru-

1959 2682 2082 2739 tus,
2156 2674 2264 2729 nisi
2336 2689 2460 2728 eum
2521 2672 2825 2728 Archelaus
2886 2671 3180 2741 episcopus
3233 2668 3545 2740 eripuisset.

1964 2765 2117 2823 Unde
2145 2781 2271 2821 cum
2317 2781 2574 2833 reversus
2617 2773 2765 2821 esset
2811 2765 2867 2819 in
2916 2763 3220 2827 Persidem,
3251 2762 3549 2820 Persarum

1958 2863 2105 2934 regis
2131 2861 2293 2932 jussu
2318 2860 2465 2915 cutis
2493 2859 2568 2913 illi
2605 2858 2931 2933 acutissimo
2960 2857 3176 2911 calamo
3207 2856 3550 2923 detrahitur;

1960 2955 2152 3023 itaque
2188 2958 2424 3006 mortem
2451 2948 2610 3003 obiit.

2032 3044 2164 3100 Post
2194 3041 2549 3099 Valerianum
2589 3047 2646 3095 et
2679 3039 2968 3096 Galienum
3004 3038 3271 3096 Claudius
3314 3038 3549 3108 impera-

1960 3137 2040 3193 vit
2071 3151 2298 3200 annum,
2333 3149 2554 3190 menses
2588 3149 2664 3188 ιιι.

338 3228 545 3283 Τοῦτον
564 3226 871 3295 διαδέχεται
884 3223 1242 3296 Αὑρηλιανὸς,
1261 3222 1355 3278 καὶ
1378 3221 1652 3294 βασιλεύει
1673 3220 1769 3290 ἐτη
1793 3225 1855 3287 ε’,

2035 3227 2316 3283 Successit
2354 3225 2686 3280 Aurelianus
2716 3239 2894 3280 annos
2920 3223 3185 3294 quinque,
3219 3238 3438 3279 menses
3469 3237 3548 3277 vt.

264 3323 366 3374 καὶ
404 3321 577 3390 μῆνας
604 3318 684 3382 ἐξ.

342 3411 498 3465 Μετὰ
515 3409 706 3462 τοῦτον
737 3406 1052 3462 ἐϐασίλευσε
1081 3406 1316 3470 Τάκιτος
1346 3405 1523 3477 μῆνας
1561 3403 1644 3468 ἐξ.

339 3504 501 3560 Πετᾶ
559 3503 750 3556 τοῦτον
813 3501 1129 3554 ἐϐασίλευσε
1199 3499 1409 3570 Πρόϐος
1470 3498 1566 3568 ἐτη
1620 3495 1716 3561 ἐξ,
1766 3496 1861 3549 καὶ

270 3599 458 3670 μῆνας
487 3595 528 3648 δ’
537 3637 550 3649 .
1792 3667 1794 3669 γ

336 3687 500 3744 Μετά
545 3685 732 3740 τοῦτον
782 3684 1100 3738 ἐϐασίλευσε
1147 3683 1354 3754 Κάρος,
1398 3684 1515 3753 ἅμα
1548 3684 1661 3745 τοῖς
1702 3681 1862 3736 παισὶ

267 3781 500 3851 Καρίνῳ
524 3778 620 3832 καὶ
646 3775 1029 3846 Νουμεριανῴ,
1063 3773 1160 3844 ἔτη
1190 3774 1303 3828 δύο.

332 3869 496 3925 Μετά
549 3866 736 3922 τοῦτον
793 3867 1167 3937 Διοκλητιανὸς
1231 3866 1346 3938 ἅμα
1393 3865 1724 3939 Μαξιμιανῷ
1767 3865 1863 3920 καὶ⁹

270 3961 642 4031 Κωνσταντίῳ
670 3960 766 4030 ἐτη
811 3966 898 4028 ιγ’.
943 3961 1058 4029 Ἐφ’
1097 3953 1172 4012 ὧν
1224 3962 1252 4013 ὁ
1309 3961 1570 4031 κραταιὸς
1623 3960 1863 4030 διωγμὸς

266 4053 592 4123 γεγένηται,
633 4050 927 4122 διαρκέσας
964 4051 1106 4114 ὅλοις
1132 4050 1338 4104 δώδεκα
1367 4051 1533 4108 ἔτεσι.
1567 4052 1862 4122 Παυσαμέ-

265 4164 364 4200 νου
390 4146 447 4198 δὲ
474 4144 568 4197 τοῦ
590 4143 852 4215 διωγμοῦ,
879 4142 1152 4213 βασιλεύει
1178 4143 1561 4214 Διοκλητιανὸς
1582 4143 1742 4197 ἄλλον
1766 4143 1862 4197 ἕνα

264 4237 542 4300 ἐνιαυτὸν,
596 4238 690 4290 καὶ
737 4236 972 4291 παύεται
998 4237 1095 4306 τῆς
1129 4235 1408 4305 βασιλείας
1451 4235 1859 4306 ούαιτρανίσας.

265 4329 620 4399 Μαξιμιανὸς
664 4329 720 4383 δὲ
755 4328 911 4399 κακῷ
947 4329 1099 4400 μόρῳ
1135 4328 1411 4400 ὀφθαλμία
1457 4346 1517 4381 τε
1556 4329 1652 4382 καὶ
1696 4328 1862 4382 πάθει

266 4421 578 4494 σωματικῷ
634 4422 966 4493 περιπεσὼν,
1023 4421 1349 4493 ἐξεϐολϐήθη
1384 4423 1512 4485 τοὺς
1547 4421 1862 4491 ὀφθαλμοὺς

265 4515 572 4584 αὐτομάτῳ
596 4515 756 4585 νόσῳ,
787 4514 907 4568 καθ’
943 4515 1003 4568 ὃν
1026 4515 1228 4586 τρόπον
1256 4513 1461 4568 διέθετο
1488 4516 1614 4577 τοὺς
1648 4515 1861 4584 μάρτυ-

2038 3397 2169 3454 Post
2203 3397 2349 3453 hunc
2379 3397 2607 3453 Tacitus
2636 3413 2858 3454 menses
2889 3414 2960 3452 γι.

2038 3492 2168 3547 lnde
2194 3491 2408 3547 Probus
2437 3508 2615 3548 annos
2656 3509 2730 3556 v1,
2767 3507 2989 3549 menses
3014 3508 3088 3546 tv.

2036 3687 2171 3741 Post
2192 3687 2340 3741 hunc
2364 3687 2542 3742 Carus
2565 3703 2688 3742 cum
2717 3686 2869 3754 ﬁliis,
2890 3687 3096 3744 Carino
3117 3697 3173 3744 et
3193 3687 3554 3756 Numeriano,

1966 3791 2145 3832 annos
2174 3794 2232 3834 Il.

2037 3866 2178 3922 Tum
2211 3868 2586 3926 Diocletianus
2621 3885 2746 3925 cum
2783 3869 3117 3926 Maximiano
3144 3881 3200 3926 et
3228 3871 3556 3928 Constantio

1966 3974 2143 4016 annos
2178 3977 2301 4016 xm.
2353 3962 2599 4027 Quorum
2641 3973 2892 4034 tempore
2936 3980 3133 4036 magna
3167 3965 3260 4019 illa
3296 3981 3556 4036 persecu-

1966 4054 2044 4108 tio
2070 4055 2322 4125 contigit,
2351 4071 2474 4126 quae
2507 4057 2802 4112 duodecim
2837 4072 3014 4113 annos
3044 4058 3242 4113 tenuit.
3275 4057 3407 4114 Post
3431 4073 3556 4128 per—

1967 4145 2306 4202 secutionem
2366 4147 2656 4217 imperavit
2725 4147 3101 4205 Diocletianus
3160 4149 3328 4204 alium
3379 4165 3552 4204 unum

1965 4253 2190 4294 annum.
2234 4236 2466 4308 Moxque
2505 4238 2759 4293 abdicato
2798 4239 3053 4309 imperio,
3097 4241 3246 4295 velut
3290 4241 3555 4295 emeritus

1964 4348 2030 4387 ac
2067 4342 2363 4387 veteranus
2400 4331 2627 4402 privata:
2657 4333 2782 4387 vitae
2819 4347 2941 4388 sese
2980 4333 3224 4386 tradidit.
3276 4332 3558 4387 Maximia-

1967 4441 2072 4480 nus
2097 4440 2229 4479 vero
2262 4424 2469 4478 infelici
2508 4423 2641 4489 fato,
2674 4425 2959 4480 oculorum
2989 4427 3314 4496 praesertim,
3368 4440 3432 4480 ac
3474 4434 3559 4478 to-

1967 4519 2078 4572 tius
2103 4517 2355 4588 corporis
2379 4517 2707 4588 aegritudine
2730 4517 3098 4586 conﬂictatus,
3131 4527 3327 4588 sponte
3350 4519 3560 4574 evulsis

268 4622 399 4677 ρας,
427 4605 525 4672 καὶ
549 4604 719 4668 οὕτως
743 4604 835 4658 τὸν
866 4603 980 4674 βίον
1006 4603 1367 4676 κατέστρεψε,
1406 4603 1741 4676 καταλείψας
1766 4604 1855 4656 Λι-

1971 4610 2238 4666 radicitns
2267 4610 2466 4674 oculis,
2496 4611 2807 4665 miserrime
2829 4610 3011 4681 periit,
3040 4625 3164 4665 cum
3195 4609 3385 4666 eadem
3413 4617 3562 4664 esset

263 4699 448 4752 κίνιον
489 4696 584 4748 καὶ
608 4695 984 4748 Κωνστάντιον
1023 4695 1428 4765 βασιλεύοντας.

339 4789 585 4852 Τούτους
631 4789 1058 4860 τελευτήσαντας
1105 4788 1408 4858 διαδέχεται
1456 4787 1864 4851 Κωνσταντῖυος

260 4885 294 4936 ό
331 4881 673 4952 μακαρίτης,
703 4880 1033 4951 βασιλεύσας
1065 4879 1159 4950 ἔτη
1188 4879 1290 4950 λβ’.

340 4975 447 5037 ’ος
475 4973 806 5043 τελευτήσας
832 4974 960 5036 τοὺς
986 4971 1152 5034 ἰδίους
1178 4972 1376 5036 παῖδας
1414 4972 1678 5026 κατέλιπε
1707 4973 1863 5042 βασι-

262 5065 475 5129 λεύειν,
501 5064 854 5129 Κώνσταντα,
886 5065 980 5118 καὶ
1008 5065 1411 5129 Κωνστάντιον,
1441 5066 1534 5118 καὶ
1572 5068 1864 5120 Κωνσταν-

267 5162 440 5212 τῖνον.

337 5250 479 5306 Μεθ’
494 5249 586 5314 οὓς
602 5250 894 5313 Ἰουλιανὸς
909 5249 1195 5313 ἰουϐιανός
1210 5268 1292 5312 τε,
1312 5250 1406 5304 καὶ
1425 5249 1867 5313 Ούαλεντινιανὸς

260 5347 293 5398 ὁ
313 5343 515 5412 μέγας,
545 5343 639 5396 καὶ
661 5343 878 5412 Οὐάλης
909 5343 938 5395 ὁ
966 5341 1196 5411 ἀδελφὸς
1230 5342 1416 5405 αὑτοῦ,
1447 5343 1543 5395 καὶ
1569 5341 1866 5413 Γρατιανὸς

268 5435 391 5496 υἱὸς
407 5429 853 5486 Οὑαλεντινιανοῦ
863 5473 876 5494 ,
894 5431 986 5484 καὶ
1001 5431 1444 5495 Ούαλεντινιανὸς
1456 5431 1737 5504 νεώτερος,
1753 5433 1868 5496 υίὸς

265 5526 749 5589 Οὐαλεντινιανοῦ,
795 5524 886 5577 τοῦ
934 5524 1167 5594 ἀδελφοῦ
1193 5528 1212 5557 ’
1250 5526 1576 5597 Γρατιανοῦ,
1615 5529 1709 5580 καὶ
1734 5527 1866 5579 Θεο-

265 5619 442 5682 δόσιος
468 5622 497 5674 ὁ
527 5615 954 5687 θεοφιλέστατος
987 5614 1263 5684 βασιλεὺς,
1292 5617 1386 5669 καὶ
1403 5616 1689 5687 Ἀρκὰδιος
1709 5617 1736 5668 ὁ
1754 5616 1868 5679 υἱὸς

269 5709 451 5775 αὑτοῦ,
480 5711 576 5766 καὶ
605 5705 876 5779 Ὀνὼριος
910 5705 1338 5774 ἐπιφανέστατος
1366 5709 1392 5761 ὁ
1424 5708 1651 5779 ἁδελφὸς
1677 5707 1864 5765 αὐτοῦ.

327 5872 342 5905 ⁸
372 5871 430 5933 C.
471 5871 513 5925 Γ
515 5867 724 5925 ἀλλον.
809 5864 826 5893 ²
863 5860 989 5933 ch.
1025 5862 1271 5933 ἁδελφός,

1971 4712 2251 4773 expertus,
2288 4718 2410 4773 qua:
2438 4704 2771 4774 martyribus
2800 4701 3094 4766 inﬂixerat,
3126 4703 3316 4758 relicto
3346 4700 3562 4755 Licinio

1973 4811 2038 4850 ac
2060 4794 2386 4850 Constantio
2417 4793 2868 4864 imperatoribus.
2901 4794 3115 4859 Quibus
3138 4794 3248 4846 vita
3282 4791 3563 4847 defunctis

1972 4885 2370 4940 Constantinus
2387 4885 2562 4940 beatae
2585 4886 2865 4940 memoriae
2886 4884 3174 4953 imperavit
3204 4882 3558 4936 annisxxxn.

2045 4978 2149 5044 Qui
2203 4986 2456 5032 mortuus
2509 4991 2859 5034 successores
2912 4975 3103 5028 habuit
3148 4974 3361 5043 imperii
3424 4973 3561 5029 ﬁlios

1973 5084 2124 5132 suos,
2175 5069 2558 5131 Constantem,
2607 5075 2662 5121 et
2713 5064 3122 5125 Constantium,
3177 5078 3242 5118 ac
3285 5062 3561 5117 Constan—

1973 5161 2175 5215 tinum.

2047 5253 2274 5324 Excepit
2303 5253 2404 5309 hos
2434 5250 2691 5307 Julianus
2716 5269 2730 5307 :
2757 5259 2872 5307 tum
2890 5253 3568 5323 Jovinianus,Valentinia-

1973 5360 2081 5400 nus
2131 5346 2381 5416 Magnus,
2417 5354 2471 5399 et
2502 5343 2710 5399 Valens
2769 5342 2943 5398 frater
2995 5343 3136 5412 ejus,
3171 5352 3225 5398 et
3268 5343 3564 5399 Gratianus

1975 5436 2123 5491 ﬁlius
2170 5433 2573 5502 Valentiniani;
2616 5434 2813 5490 deinde
2861 5434 3284 5490 Valentinianus
3333 5433 3566 5497 Junior,

1975 5525 2346 5582 Valentiniani
2372 5526 2554 5592 ,ﬁlius,
2590 5526 2760 5582 frater
2797 5523 3068 5588 Gratiani,
3112 5534 3166 5582 et
3197 5527 3355 5596 177
3386 5524 3567 5589 Theo-3

1975 5617 2170 5673 (ἰοεὶυε
2192 5617 2645 5689 religiosissimus
2670 5619 2987 5690 imperator.
3010 5617 3238 5671 Demum
3271 5616 3566 5684 Arcadius,

1977 5710 2274 5768 Theodosii
2312 5712 2480 5782 ﬁlius,
2510 5721 2564 5771 et
2605 5712 2885 5770 Honorius
2934 5711 3347 5771 illustrissimus
3396 5711 3567 5771 frater
