3994 6460
249 302 251 305 ’
316 299 424 356 9.77

1329 307 1534 363 LIBER
1571 307 1659 362 DE
1696 307 2051 366 MEiVStRlS
2089 306 2179 363 ET
2220 307 2676 370 PONDERIBUS.

3513 313 3621 371 978

333 419 428 472 tut
458 419 774 491 πρόσωπον
800 422 985 495 πάσης
1010 423 1110 493 τῆς
1135 421 1259 494 γῆς.
1292 423 1464 480 Τοῦτο
1495 423 1656 497 μόνον
1682 425 1939 496 ἐποίησεν

2082 433 2256 493 tento,
2280 435 2449 499 atque
2479 430 2534 483 in
2584 437 2746 484 terra:
2790 426 3080 498 superficie
3124 425 3500 498 porriguntur,
3536 425 3621 480 di—

339 511 368 566 o
387 509 522 576 Θεὸς
552 513 612 566 ὲν
643 516 715 584 τῇ
749 514 980 587 δευτέρᾳ
1007 515 1212 586 ἡμέρᾳ.

419 691 593 766 Τρίτῃ
637 692 697 746 δὲ
737 693 922 765 ἡμέρᾳ
973 693 1072 758 τὰς
1125 692 1422 761 Θαλάσσας,
1460 694 1590 759 τοὺς
1633 693 1938 766 ποταμοὺς,

353 784 460 846 τὰς
487 780 671 853 πηγὰς
701 783 796 837 καὶ
818 783 1034 855 λίμνας,
1067 783 1137 839 τά
1170 782 1464 857 σπέρματα
1492 783 1588 838 τοῦ
1623 783 1848 856 σπόρου,
1873 781 1944 838 τὰ

359 875 741 946 βλαστήματα,
766 875 838 930 τὰ
866 875 996 940 ξύλα
1036 875 1109 930 τὰ
1152 876 1413 948 κάρπιμά
1451 893 1511 930 τε
1546 875 1642 930 καὶ
1693 876 1946 949 ἄκαρπα,

358 969 486 1030 τοὺς
511 966 769 1038 δριμούς.
825 965 1010 1021 Ταῦτα
1037 967 1106 1021 τὰ
1151 967 1396 1041 τέσσαρα
1430 966 1572 1040 ἔργα
1599 965 1671 1021 τὰ
1708 967 1945 1039 μέγιστα

359 1058 616 1127 ἐποίησεν
645 1059 674 1111 ὁ
701 1058 833 1121 Θεὸς
861 1059 920 1112 ὲν
953 1061 1018 1129 τῇ
1049 1058 1210 1130 τρίτῃ
1241 1057 1449 1130 ἡμέρᾳ.

433 1149 516 1219 Τῇ
549 1149 605 1202 δὲ
632 1149 867 1220 τετάρτῃ
894 1149 987 1202 τὸν
1018 1149 1190 1220 ἥλιον,
1221 1148 1320 1220 τὴν
1352 1149 1606 1220 σελήνην,
1629 1149 1758 1214 τοὺς
1782 1147 1947 1203 ἀστέ-

365 1255 464 1310 ρας
481 1257 494 1271 ·
530 1239 702 1292 ταῦτα
726 1240 795 1294 τὰ
817 1240 946 1310 τρία
971 1239 1111 1312 ἔργα
1130 1240 1197 1294 τὰ
1237 1241 1448 1311 μεγάλα
1471 1241 1724 1312 εποίησεν
1747 1242 1778 1294 ὁ
1813 1239 1948 1305 Θεὸς

361 1332 422 1381 ἐν
450 1331 519 1399 τῇ
558 1327 794 1400 τετάρτῃ
818 1330 1019 1401 ἡμέρᾳ.

433 1417 516 1488 Τῇ
541 1417 598 1470 δὲ
629 1419 852 1488 πέμπτῃ
888 1417 960 1472 τὰ
990 1401 1132 1491 κήτη
1177 1419 1249 1473 τὰ
1299 1418 1534 1490 μεγάλα,
1563 1421 1692 1484 τοὺς
1734 1419 1946 1490 ἰχθύας,

365 1507 463 1562 καὶ
483 1507 554 1560 τὰ
577 1508 714 1562 ἄλλα
741 1508 950 1578 ἑρπετὰ
979 1509 1049 1562 τὰ
1074 1509 1132 1563 ἐν
1160 1512 1274 1574 τοῖς
1306 1509 1484 1577 ὕδασι,
1507 1509 1578 1563 τὰ
1606 1509 1850 1576 πετεινὰ,
1872 1513 1946 1565 τὰ

367 1596 643 1668 πτερωτά.
670 1596 854 1652 Ταῦτα
877 1598 945 1652 τά
967 1599 1093 1671 τρία
1124 1599 1262 1670 ἔργα
1309 1599 1378 1653 τὰ
1421 1598 1631 1670 μεγάλα
1690 1599 1947 1672 ἐποίησεν

361 1690 395 1742 ὁ
437 1688 571 1752 Θεὸς
615 1690 672 1741 ὲν
705 1691 774 1761 τῇ
805 1689 1028 1761 πέμπτῃ
1065 1690 1270 1762 ἡμέρᾳ.

2042 516 2220 571 vortia
2239 517 2554 573 constituit.
2585 517 2768 573 Unum
2793 516 2898 572 hoc
2920 531 3062 588 opus
3099 515 3344 574 secundo
3372 513 3464 570 die
3489 527 3619 570 con-

2042 603 2246 662 fectum
2281 613 2387 664 est.

2115 696 2303 756 Tertio
2330 699 2420 755 die
2448 701 2646 767 maria,
2677 700 2928 768 ﬂumina,
2949 699 3151 765 fontes,
3181 699 3356 766 lacus,
3390 695 3626 761 semina.
3663 753 3666 756 .

2044 789 2269 860 slirpes,
2299 791 2617 849 fructiferas
2645 793 2874 850 arbores
2905 807 2971 848 ac
2996 791 3234 856 steriles,
3257 789 3432 845 silvas
3463 786 3625 842 deni-

2045 897 2151 951 que
2183 885 2522 954 procreavit.
2553 885 2804 952 Quatuor
2827 885 2944 941 bare
2981 882 3257 956 praecipua
3290 879 3435 936 Deus
3461 891 3629 949 opera

2046 971 2215 1029 tertio
2243 972 2335 1030 die
2369 973 2674 1031 fabricavit.

2120 1149 2332 1219 Quarto
2367 1151 2456 1207 die
2487 1151 2682 1216 solem,
2719 1151 2906 1205 lunam
2956 1164 3022 1204 ac
3052 1149 3266 1216 stellas,
3297 1146 3405 1202 tria
3438 1143 3636 1202 videli-

2049 1249 2138 1298 cet
2169 1242 2408 1316 insignia
2439 1258 2632 1316 opera,
2668 1241 2814 1300 Deus
2843 1241 3169 1298 elaboravit.

2125 1425 2329 1493 Quinto
2367 1425 2459 1480 die
2499 1421 2795 1495 grandiora
2831 1429 2970 1486 cete,
3011 1395 3217 1491 pisces,
3253 1430 3319 1471 ac
3350 1421 3551 1471 cretera
3581 1414 3640 1468 in

2057 1517 2218 1588 aquis
2247 1515 2517 1586 repentia,
2578 1527 2792 1570 necnon
2826 1521 2880 1566 et
2921 1526 3074 1577 aves,
3103 1523 3169 1565 ac
3205 1505 3471 1563 volatilia.
3507 1503 3641 1571 Quae

2055 1607 2162 1662 tria
2191 1613 2322 1662 sunt
2351 1605 2631 1678 praecipua
2667 1602 2852 1675 quinti
2891 1600 3001 1658 diei
3023 1614 3212 1672 opera.

437 1781 520 1852 Τῇ
545 1780 604 1834 δὲ
622 1757 970 1851 ἔκτηῠήμέρᾳ
997 1757 1066 1834 τὰ
1087 1757 1282 1852 -δηρία,
1314 1781 1385 1834 τὰ
1417 1783 1613 1855 κτήνη,
1641 1783 1710 1836 τὰ
1746 1781 1954 1853 ἑρπετὰ

2130 1781 2300 1837 Sexto
2325 1781 2414 1837 die
2453 1780 2621 1846 l‘eras,
2652 1777 2913 1850 pecudes,
2943 1784 3090 1831 terra
3129 1781 3516 1846 proserpentes
3548 1773 3644 1829 bc-

367 1871 474 1942 τῆς
518 1871 645 1940 γῆς,
674 1870 766 1924 τὸν
809 1871 1114 1943 ἄνθρωπον.
1153 1871 1340 1926 Ταῦτα
1366 1871 1437 1926 τά
1463 1874 1703 1945 τέσσαρα
1743 1873 1953 1944 μεγάλα

367 1959 512 2028 ἔργα
539 1956 792 2028 ἐποίησεν
810 1960 838 2012 ὁ
867 1960 1079 2023 Θεὸςέν
1106 1963 1172 2032 τῇ
1204 1960 1336 2032 ἕκτῃ
1366 1961 1570 2033 ἡμέρα.
1602 1963 1713 2016 Καὶ
1740 1963 1960 2032 ἐγένετο

371 2050 555 2104 πάντα
604 2051 674 2106 τὰ
703 2053 761 2105 ὲν
787 2053 908 2116 ταῖς
946 2050 1007 2117 ἒξ
1033 2052 1267 2124 ἡμέραις
1300 2054 1451 2125 παρὰ
1494 2051 1588 2107 τοῦ
1625 2052 1761 2108 Θεοῦ
1800 2035 1962 2124 ποιη-⁵

368 2144 553 2209 θέντα,
578 2142 715 2215 ἔργα
758 2143 864 2214 κβ’.
913 2145 1023 2197 Καὶ⁸
1059 2145 1403 2198 συνετέλεσεν
1441 2147 1469 2199 ὁ
1497 2145 1629 2208 Θεὸς
1671 2144 1848 2198 πάντα
1898 2145 1957 2198 ἐν

262 2248 268 2252 ·
364 2238 436 2308 τῇ
462 2235 597 2306 ἕκτῃ
629 2235 834 2308 ἡμέρᾳ,
865 2236 964 2292 ὅσα
993 2236 1052 2290 ὲν
1097 2238 1210 2301 τοῖς
1250 2237 1501 2308 οὐρανοῖς
1544 2237 1639 2290 καὶ
1665 2236 1724 2290 ὲν
1749 2237 1817 2307 τῇ
1861 2237 1955 2307 γῇ.

367 2330 427 2382 ὲν
464 2330 586 2390 ταῖς
620 2327 918 2392 θαλάσσαις
945 2327 1040 2382 καὶ
1073 2329 1132 2382 ὲν
1157 2330 1277 2392 ταῖς
1305 2327 1584 2395 ἀϐύσσοις,
1608 2330 1667 2383 ὲν
1707 2326 1786 2400 τῷ
1818 2328 1959 2397 (puti.

371 2419 466 2471 καὶ
497 2419 556 2472 ὲν
577 2417 654 2490 τῷ
689 2419 896 2484 σκότει,
927 2421 1021 2474 καὶ
1043 2420 1100 2473 ὲν
1126 2421 1282 2474 πᾶσι.

443 2508 554 2561 Καὶ
593 2509 938 2563 ἀνεπαύσατο
983 2512 1011 2563 ὁ
1047 2510 1182 2574 Θεὸς
1228 2512 1302 2565 ὲκ,
1357 2511 1575 2569 πάντων
1619 2509 1734 2580 τῶν
1780 2510 1958 2582 ἔργων

370 2600 539 2653 αὑτοῦ
581 2603 637 2654 ὲν
675 2604 741 2672 τῇ
786 2601 992 2675 ἐϐδόμῃ
1020 2603 1229 2674 ἡμέρᾳ,
1271 2603 1366 2656 καὶ
1415 2603 1718 2674 ηὐλόγησεν
1764 2601 1957 2673 αὐτὴν,

373 2693 468 2744 καὶ
513 2693 741 2763 ἡγίασεν
773 2692 942 2764 αὐτὴν
967 2732 983 2759 ,
1043 2696 1138 2748 xa'l
1192 2693 1429 2765 ἐδήλωσε
1475 2695 1544 2748 δι’
1603 2694 1838 2763 ἀγγέλου
1882 2690 1960 2763 τῷ

377 2785 612 2853 Μωῦσῇ,
642 2784 724 2836 ὅτι
749 2788 845 2837 καὶ
886 2783 1153 2838 εἰκοσιδύο
1187 2785 1457 2853 κεφάλαια
1488 2786 1596 2839 ἀπὸ
1630 2785 1802 2854 Ἀδὰμ
1832 2783 1962 2855 ἄχρι

378 2871 474 2925 τοῦ
517 2871 709 2926 Ἰακὼϐ
730 2890 742 2904 ·
783 2874 891 2927 Καὶ
915 2874 1237 2945 ἐκλέξομαι
1261 2873 1496 2946 ἐμαυτῷ
1527 2877 1596 2930 ἐκ
1635 2876 1743 2930 τοῦ
1779 2876 1964 2946 σπέρ-

376 2976 568 3029 ματος
597 2961 784 3014 αὑτοῦ
821 2961 977 3016 λαὸν
1015 2964 1368 3031 περιούσιον
1402 2965 1521 3020 ἀπὸ
1559 2964 1804 3020 πάντων
1845 2963 1966 3019 τῶν

2060 1874 2224 1937 stias,
2249 1871 2640 1940 hominemque
2661 1866 2994 1938 designavit.
3022 1865 3274 1932 Quatuor
3295 1869 3410 1920 haec
3432 1863 3642 1936 majora

2061 1961 2208 2018 Deus
2254 1977 2422 2032 opera
2471 1967 2627 2017 sexto
2665 1959 2754 2014 die
2790 1958 3039 2029 perfecit.
3085 1953 3377 2027 Colligitur
3413 1970 3643 2025 operum

2060 2055 2308 2108 omnium
2341 2067 2576 2118 summa,
2611 2066 2733 2122 quae
2761 2065 2856 2105 sex
2887 2048 3082 2104 diebus
3109 2047 3256 2102 edita
3278 2053 3429 2110 sunt,
3457 2045 3568 2100 duo
3592 2054 3648 2101 et

2060 2146 2274 2219 viginti.
2312 2145 2449 2204 Nam,
2477 2153 2634 2201 sexto
2664 2143 2753 2198 die
2783 2141 3036 2198 absoluta
3065 2146 3196 2196 sunt
3229 2155 3261 2195 a
3298 2138 3410 2195 Deo
3435 2137 3645 2202 omnia,

2060 2253 2184 2308 quae
2214 2237 2378 2302 ccelo,
2409 2246 2581 2301 terra,
2613 2234 2779 2301 mari,
2801 2232 3038 2306 abyssis,
3071 2232 3215 2300 luce,
3247 2231 3512 2299 tenebris,
3540 2245 3649 2286 cae-

2060 2329 2305 2401 terisque
2333 2329 2706 2386 continentur.

2136 2505 2384 2576 Septimo
2437 2503 2640 2560 deinde
2688 2504 2775 2560 die
2826 2504 3063 2561 cessavit
3109 2502 3178 2559 ab
3219 2499 3370 2557 omni
3417 2513 3649 2570 prorsus

2064 2611 2232 2666 opere
2267 2594 2432 2660 Deus,
2468 2595 2629 2666 eique
2654 2594 2764 2650 diei
2791 2594 3093 2659 benedixit,
3119 2609 3182 2647 ac
3208 2589 3521 2647 consecrari
3550 2605 3649 2643 vo-

2065 2686 2190 2752 luit,
2225 2685 2390 2755 idque
2427 2701 2523 2755 per
2567 2686 2822 2755 angelum
2853 2684 3026 2755 Moysi
3066 2682 3417 2754 significavit.
3447 2671 3662 2734 Eodem"

2065 2776 2342 2848 pertinere
2369 2783 2572 2846 potest,
2607 2776 2753 2846 quod
2787 2776 2856 2831 ab
2883 2775 3097 2830 Adamo
3135 2774 3205 2828 ad
3251 2772 3517 2828 Jacobum
3543 2770 3654 2825 duo

2065 2881 2121 2928 et
2165 2870 2362 2942 viginti
2404 2869 2585 2940 capita
2632 2875 3044 2924 numerantur:
3089 2865 3159 2920 Et
3207 2865 3422 2936 eligam,
3455 2864 3655 2933 inquit,

2068 2963 2201 3018 mihi
2227 2979 2293 3018 ea:
2320 2963 2436 3033 ejus
2468 2962 2636 3031 stirpe
2660 2961 2913 3032 populum
2940 2960 3286 3030 peculiarem,
3317 2973 3383 3012 ea:
3412 2955 3656 3010 omnibus

379 3050 694 3152 ἐθνῶνοᾱΑί
729 3053 784 3106 δὲ
813 3054 1047 3125 κεφαλαὶ
1087 3056 1213 3128 περὶ
1239 3051 1314 3110 ὧν
1347 3053 1500 3110 εἶπεν
1527 3057 1639 3129 (69)
1664 3060 1692 3112 ό
1737 3058 1964 3131 Κύριος,

2082 3053 2306 3124 gentibus
2327 3055 2368 3108 ί.
2398 3054 2589 3125 Capita
2623 3067 2789 3122 porro
2829 3052 2942 3118 illa,
2976 3051 3044 3106 de
3088 3050 3295 3120 quibus
3324 3049 3544 3102 locutus
3572 3054 3660 3100 est

382 3143 524 3197 εἰσὶν
554 3135 746 3197 αὗται·
783 3145 974 3216 Ἀδὰμ,
1019 3145 1152 3218 Σὴθ,
1188 3145 1376 3211 Ἐνὼς,
1431 3147 1622 3218 Ἑνὼχ,
1667 3148 1961 3219 Ἀρφαξάδ,

383 3233 548 3298 Σάλα,
597 3235 841 3302 Καϊνὰν,
885 3237 1098 3301 Φαλὲκ,
1131 3237 1436 3309 Μαὶαλεὴλ,
1489 3239 1681 3311 Ἔϐερ,
1738 3240 1965 3308 Ῥαγαῦ,

396 3323 590 3395 Ἰάρεδ,
627 3326 853 3397 Σεροὺχ,
889 3327 1115 3398 Ναχὼρ,
1150 3327 1502 3395 Μαθουσάλα,
1534 3329 1710 3398 Θάρα,
1753 3331 1966 3402 Λάμεχ,

385 3416 531 3481 Νῶε,
569 3416 855 3489 Ἀϐραάμ,
918 3419 1121 3486 Ἰσαάκ,
1164 3418 1383 3486 Ἰακὼϐ,
1427 3422 1570 3492 Σήμ..
1619 3420 1784 3492 Ὁμοῦ
1826 3424 1972 3476 εἰκο-

387 3505 536 3559 σιδύο
577 3507 783 3574 γενεαί.
809 3508 899 3562 Διὸ
927 3509 1024 3572 καὶ
1076 3509 1343 3564 εἰκοσιδύο
1389 3511 1496 3564 eici.
1549 3511 1618 3566 τὰ
1659 3513 1810 3584 παρὰ
1860 3515 1973 3577 τοῖς

397 3598 673 3670 Ἐὄραίοις
703 3600 1026 3674 γράμματα,
1053 3603 1146 3654 καὶ
1171 3602 1308 3674 πρὸς
1337 3602 1478 3657 αὐτὰ
1506 3603 1603 3658 καὶ
1628 3602 1729 3667 τὰς
1759 3603 1975 3675 βίϐλους

389 3691 568 3745 αὐτῶν
598 3691 681 3761 κβ¹
705 3692 1020 3765 ἠρίθμησαν
1051 3693 1370 3749 εἰκοσιεπτὰ
1397 3693 1560 3760 οὔσας
1583 3711 1596 3726 ³
1634 3695 1748 3749 ἀλλ’
1786 3695 1978 3768 ἐπειδὴ

391 3781 704 3838 διπλοῦνται
753 3785 916 3838 πέντε
955 3785 1085 3858 παρ’
1124 3787 1307 3850 αὐτοῖς
1346 3789 1584 3858 στοιχεῖα
1607 3827 1622 3854 ,
1658 3789 1977 3843 εἰκοσιεπτὰ

400 3874 494 3929 καὶ
546 3875 689 3931 αὐτὰ
740 3876 891 3940 ὄντα,
933 3879 1024 3932 καὶ
1080 3879 1160 3942 είς
1207 3877 1292 3948 κβ⁹
1322 3879 1750 3946 ἀποτελοῦνται,
1783 3881 1976 3936 τούτου

401 3967 558 4040 χάριν
587 3967 681 4021 καὶ
709 3967 809 4031 τὰς
834 3967 1048 4040 βίϐλους
1080 3967 1160 4034 κζ’
1187 3967 1372 4036 οὔσας,
1406 3970 1491 4042 κβ¹
1520 3977 1905 4045 πεποιήκασιν.

465 4135 698 4199 ΚΓ.Ὦν
727 4143 922 4218 πρώτη
942 4144 1172 4218 Βρισὴθ,
1189 4143 1225 4215 ἢ
1243 4144 1490 4199 καλεῖται
1509 4145 1728 4207 Γένεσις
1749 4145 1978 4216 κόσμου’

408 4234 802 4306 Ἐλησιμὼθ,ἣ
847 4236 1064 4303 Ἔξοδος
1099 4235 1208 4289 τῶν
1252 4234 1386 4289 υἱῶν
1448 4234 1664 4307 Ἰσραὴλ
1710 4236 1768 4302 ἐξ
1814 4235 1984 4304 Αίγύ-

397 4338 564 4376 πτου·
597 4323 944 4397 Ούδωῖεκρά,
988 4325 1024 4396 ἡ
1059 4325 1424 4396 ἑρμηνεύεται
1468 4324 1784 4378 Λευῖτικόν·
1820 4327 1986 4380 Ἰουδ-

2071 3143 2339 3198 Dominus
2378 3143 2484 3198 ista
2539 3148 2668 3199 sunt
2707 3159 2722 3196 :
2769 3142 2968 3208 Adam,
3022 3139 3177 3205 Seth,
3227 3140 3394 3204 Enos,
3443 3138 3657 3204 Enocli,

2071 3232 2391 3303 Arphaxad,
2425 3233 2574 3298 Sala,
2606 3232 2860 3298 Calnam,
2884 3231 3110 3297 Phalec,
3147 3231 3417 3293 Malaleel,
3455 3227 3657 3294 Hebcr,

2071 3324 2282 3395 Ragau,
2306 3324 2494 3391 Jared,
2532 3324 2765 3391 Seruch,
2800 3324 3044 3391 Naclior,
3085 3323 3417 3388 Mathusala,
3453 3319 3658 3386 Thare,

2074 3417 2334 3483 Lamech,
2351 3417 2484 3485 Noe,
2501 3417 3153 3490 Abraham,18015aac,
3170 3416 3359 3481 Jacob,
3379 3414 3665 3471 Sem.Col-

2077 3508 2322 3578 liguntur
2343 3511 2728 3580 generationes
2773 3509 2896 3565 duae
2920 3517 2976 3564 et
3002 3509 3217 3580 viginti.
3253 3505 3412 3562 Unde
3451 3515 3506 3562 et
3545 3521 3662 3560 χχιι

2078 3609 2210 3657 sunt
2237 3602 2380 3674 apud
2405 3600 2667 3657 Hebraaos
2686 3602 2915 3665 litterae;
2939 3599 3243 3657 secundum
3273 3613 3412 3668 quas
3440 3597 3667 3668 perinde

2079 3708 2197 3748 xm
2238 3694 2410 3750 libros
2452 3701 2766 3760 numerant,
2803 3695 2933 3749 licet
2961 3709 3111 3748 xxvn
3143 3692 3366 3764 proprie
3399 3691 3529 3746 sint.
3557 3687 3666 3744 Ve-

2080 3798 2202 3836 rum
2238 3784 2496 3852 quoniam
2521 3783 2767 3854 quinque
2795 3781 2943 3851 apud
2979 3781 3106 3836 illos
3143 3780 3339 3834 littera:
3377 3776 3666 3846 duplicann

2082 3882 2192 3940 tur,
2229 3875 2477 3946 ﬁuntque
2505 3874 2915 3946 quodammodo
2942 3888 3116 3938 xxv",
3143 3886 3266 3943 quae
3295 3871 3352 3925 in
3387 3885 3499 3924 χιιι
3529 3882 3666 3924 con-

2082 3964 2396 4031 trahuntur,
2431 3964 2556 4022 ideo
2591 3979 2742 4019 xxvn
2784 3977 3008 4034 quoque
3035 3961 3209 4018 libros
3240 3961 3297 4016 in
3326 3974 3443 4015 xm
3475 3955 3668 4014 confe-

2083 4063 2234 4110 runt.

2158 4143 2346 4201 XXIII.
2382 4143 2601 4200 Primus
2627 4151 2712 4200 est
2739 4144 3013 4209 Beresith,
3052 4159 3174 4216 qua:
3215 4142 3447 4200 Genesis
3487 4140 3675 4212 appel-

2085 4237 2265 4304 latur;
2308 4244 2422 4291 tum
2469 4235 2834 4303 Ellesemoth,
2883 4250 3006 4306 quae
3052 4242 3139 4292 est
3168 4233 3412 4299 Exodns,
3452 4231 3558 4286 hoc
3588 4237 3676 4287 est

2085 4325 2330 4399 egressio
2373 4327 2606 4382 ﬁliorum
2653 4325 2824 4384 Israel
2863 4343 2930 4383 ex
2967 4326 3241 4397 Egypto;
3277 4323 3498 4393 Vajicra
3526 4362 3542 4388 ,
3574 4323 3674 4392 qui

397 4415 593 4487 δαϐηρ,
619 4418 655 4487 ἦ
683 4417 832 4470 ἐστιν
869 4416 1146 4490 Ἀριθμῶν
1169 4433 1185 4449 ο
1231 4417 1668 4489 Ἑλλεδεὸαρεὶμ,
1703 4417 1765 4471 τὸ
1792 4419 1966 4472 Δεύτε-

2089 4428 2175 4476 est
2226 4419 2540 4486 Leviticus;
2583 4417 2957 4490 Vajedabber,
3012 4419 3118 4473 hoc
3170 4423 3257 4473 est
3308 4414 3677 4469 Numerorum

401 4509 684 4578 ρονόμιον·
740 4509 940 4580 Διησοῢ
968 4551 984 4576 ,
1029 4511 1063 4581 ἡ
1112 4511 1206 4564 τοῦ
1255 4509 1432 4582 Ἰησοῦ
1477 4510 1591 4582 (70)
1639 4511 1735 4564 τοῦ
1787 4511 1982 4582 Ναυῆο

399 4593 574 4660 Διὼό,
625 4597 660 4668 ἡ
701 4597 797 4651 τοῦ
852 4597 1008 4652 Ἰὼϐ*
1062 4598 1518 4670 Διασωφθεὶμ,ή
1567 4598 1678 4653 τῶν
1729 4599 1982 4671 Κριτῶνο

399 4686 656 4757 Διαροὺθ,
688 4689 722 4759 ἡ
756 4688 858 4759 τῆς
893 4689 1050 4742 Ῥούθ
1071 4707 1087 4723 ο
1129 4691 1494 4763 Σφεργελεὶμ,
1535 4693 1597 4747 τὸ
1627 4692 1944 4767 Ψαλτήριον
1970 4713 1980 4726 ·

400 4775 806 4848 Δεδριιαμεὶμ,
841 4780 876 4848 ἡ
923 4778 1114 4852 πρώτη
1153 4781 1262 4833 τῶν
1319 4782 1790 4854 Παραλειπομένω
1837 4802 1850 4816 ·
1891 4787 1988 4839 Δε-

401 4867 729 4941 6ριιαμεὶμ,
764 4871 1262 4943 Παραλειπομὲνων
1287 4873 1517 4946 δευτέρα
1537 4892 1551 4906 ·
1583 4877 1842 4948 Δεμουὲλ,
1881 4879 1988 4933 Βα-

403 4958 620 5012 σιλειῶν
648 4959 871 5031 πρώτη·
920 4963 1350 5035 Δαδουδεμουὴλ,
1381 4964 1680 5021 Βασιλειῶν
1718 4969 1950 5040 δευτέρα
1971 4989 1983 5003 ·

401 5051 708 5124 Δμαλαχεὶ,
753 5054 1051 5109 Βασιλειῶν
1092 5055 1282 5128 τρίτη·
1327 5057 1640 5129 Δμαλαχεὶ,
1687 5061 1989 5118 Βασιλειῶν

399 5142 640 5216 τετάρτη
658 5160 673 5175 ο
691 5143 1025 5220 Δμεαλὼθ,ἠ
1053 5147 1370 5219 Παροιμιῶν
1389 5165 1404 5180 '
1428 5150 1725 5218 Δεκωέλεθ,
1762 5153 1992 5227 Ἐκκλη-

503 5322 520 5355 ¹
556 5321 713 5380 Deut.
754 5339 869 5392 xiv,
909 5324 962 5380 2.

481 5503 596 5576 (69)
633 5507 703 5562 Δί
735 5506 804 5560 δὲ
833 5508 1089 5576 κεφαλαὶ
1124 5508 1257 5577 περὶ
1284 5503 1373 5564 ὧν
1401 5508 1590 5566 εἶπεν.
1635 5496 1996 5569 Perturbatus

408 5590 477 5656 ac
499 5587 864 5656 praeposterus
897 5577 1040 5656 ordo
1067 5580 1346 5656 nominum
1385 5589 1488 5638 est.
1529 5582 1646 5649 Qua
1682 5583 1736 5637 in
1768 5599 1826 5638 re
1863 5583 1996 5655 quid

407 5648 818 5717 Insgitgmysterii
850 5663 961 5702 non
994 5648 1171 5704 video.

488 5714 894 5786 (70)’Διησοῦ,
953 5719 993 5787 ri
1045 5719 1151 5775 τοῦ
1224 5722 1453 5790 Ἰησοῦ.
1507 5721 1811 5793 Depravata
1867 5734 1996 5779 sunt

2087 4513 2257 4578 liber;
2288 4510 2674 4580 Elledebarim,
2707 4511 3224 4577 Deuteronomium;
3260 4508 3398 4565 liber
3416 4505 3548 4564 Jesu
3583 4505 3678 4559 lilii

2090 4601 2273 4672 Nave;
2309 4601 2432 4669 Job,
2476 4601 2782 4675 SOphetim,
2820 4604 2872 4659 id
2919 4615 3004 4659 est
3043 4600 3324 4668 Iudicum,
3361 4598 3534 4665 Ruth,
3583 4598 3682 4653 Se-

2090 4696 2228 4765 pher
2248 4693 2528 4759 Tebillim,
2555 4695 2662 4750 hoc
2683 4701 2767 4752 est
2783 4693 3112 4750 Psalterium
3136 4711 3150 4761 ;
3183 4691 3346 4748 Dibre
3374 4690 3678 4754 haiiamim,

2093 4789 2208 4845 sive
2242 4789 2454 4860 primus
2483 4778 2940 4862 Paralipomenon
2968 4789 3142 4854 liber;
3176 4783 3338 4840 Dibre
3371 4782 3681 4853 haijamim,

2097 4880 2378 4937 secundus
2414 4879 2875 4950 Paralipomenon
2917 4876 3088 4942 liber;
3130 4871 3405 4928 Samuelis
3449 4869 3680 4940 primus,

2099 4973 2214 5028 sive
2247 4971 2560 5045 Regnorum
2595 4965 2847 5042 primus;
2885 4967 3180 5030 Samuelis,
3211 4965 3326 5019 sive
3363 4959 3682 5032 Regnorum

2101 5065 2411 5130 secundus;
2447 5061 2752 5125 Melachim,
2779 5060 2894 5115 sive
2922 5057 3236 5128 Regnorum
3266 5052 3465 5108 tertius
3483 5070 3498 5114 ;
3519 5049 3684 5105 Mela-

2097 5157 2242 5212 chim
2267 5156 2382 5211 sive
2405 5153 2731 5226 Regnorum
2750 5157 2983 5224 quartus
3004 5167 3020 5219 ;
3044 5145 3294 5212 Mischle,
3318 5146 3432 5204 sive
3452 5143 3684 5199 Prover-

2125 5516 2361 5585 ileraque
2395 5525 2680 5585 sacrorum
2708 5509 2974 5585 librorum
3003 5505 3292 5585 vocabula.
3330 5500 3568 5585 δράμῃ-οδ

2125 5534 2361 5585 "eraque
2395 5534 2680 5568 SBCI‘OI‘UIII
2708 5534 2974 5566 IthUl'uul
3008 5534 3292 5585 vuuaurlra.
3331 5534 3568 5580 υυυ,ιιιιδ
3605 5534 3674 5551 ιη·

2104 5534 2179 5640 iiii
2235 5583 2633 5639 immutandum
2687 5579 3026 5635 censuimus.
3103 5575 3386 5643 Plerisque
3431 5572 3614 5628 littera
3647 5573 3674 5623 ὁ

2106 5654 2323 5729 praeﬁxa
2351 5673 2362 5708 :
2397 5655 2489 5724 qui
2519 5661 2603 5710 est
2634 5649 2967 5710 Chaldaicus
2999 5644 3285 5700 articulus.
