3994 6470
395 281 502 340 279

1794 284 1851 341 S.
1894 282 2236 341 EPIPHANII

3555 291 3654 346 28b

394 399 612 453 bierum
653 397 815 465 liber;
843 396 1133 466 Coheleth,
1173 398 1279 455 hoc
1311 410 1397 456 est
1434 398 1832 469 Ecclesiastes;
1855 401 1973 458 Sir-

2079 406 2302 476 σιαστής
2328 422 2340 435 ·
2373 405 2788 477 Σιρασισείν,τδ
2808 402 2998 478 ’ᾼσμα
3028 406 3138 460 τῶν
3164 404 3427 477 ᾀσμάτων
3446 421 3459 435 ·
3489 405 3657 459 Δαθα-

394 490 908 553 bassirim,Cantica
928 492 1271 548 canticorum
1292 512 1307 561 ;
1326 493 1733 560 Dathariasara,
1759 496 1862 552 hoc
1889 507 1974 554 est

2079 497 2338 568 ριασαρά,
2353 502 2415 551 τὸ
2440 499 2939 571 Δωδεκαπρὸφητον
2958 518 2972 533 ·
2990 500 3246 571 Δησαῖου,
3264 498 3355 553 τοῦ
3377 501 3656 570 προᾳήτου

394 597 470 637 ιιι
494 579 814 652 Prophetas;
842 578 1010 640 Isaias
1033 586 1320 656 propheta,
1354 585 1677 651 Hieremias,
1702 586 1974 655 Ezechiel,

394 672 607 741 Daniel,
639 673 780 730 liber
801 675 1017 746 primus
1052 675 1261 743 Esdrai,
1293 677 1435 734 liber
1462 681 1739 737 secundus
1768 680 1974 745 Esdrae,

392 765 612 822 Esther.
643 766 710 822 Hi
757 777 889 823 sunt
927 778 1133 840 septem
1164 779 1220 825 et
1249 771 1441 841 viginti
1492 773 1660 829 libri:
1708 774 1801 845 qui
1848 788 1975 829 cum

392 872 627 913 numero
683 859 990 914 litterarum
1045 872 1434 931 exaequantur,
1487 864 1686 920 litteris
1732 866 1978 936 quinque

392 952 711 1021 geminatis,
746 962 806 1007 ut
848 969 1021 1024 supra
1055 958 1391 1014 monuimus.
1430 958 1528 1013 Est
1574 968 1629 1014 et
1671 960 1811 1016 alius
1850 962 1974 1033 qui-

393 1043 520 1097 dam
553 1045 782 1116 exiguus
824 1046 980 1111 liber,
1013 1049 1106 1117 qui
1140 1048 1341 1103 Cinoth
1385 1049 1734 1118 inscribitur,
1765 1052 1869 1107 hoc
1894 1064 1977 1108 est

390 1135 839 1195 Lamentationes
908 1139 1221 1206 Hieremiae,
1287 1142 1382 1212 qui
1465 1151 1623 1197 extra
1684 1160 1972 1200 numerum

389 1228 459 1282 ad
495 1227 824 1284 Hieremiam
851 1230 1186 1300 adjungitur.
1217 1230 1487 1286 Caeterum
1512 1234 1705 1303 viginti
1738 1235 1973 1290 duorum

389 1321 497 1377 iste
531 1338 791 1377 numerus
828 1323 1031 1392 ubique
1074 1325 1371 1393 reperitur,
1408 1339 1475 1379 ac
1510 1324 1746 1381 diversis
1786 1327 1842 1380 in
1886 1341 1973 1382 re-

388 1412 494 1467 bus
516 1413 782 1477 cernitur,
809 1415 960 1468 velut
982 1416 1039 1467 in
1070 1415 1261 1484 viginti
1286 1415 1504 1471 duobus
1533 1417 1814 1487 operibus,
1851 1432 1973 1488 qua:

389 1503 536 1563 Deus
561 1520 656 1558 sex
697 1505 807 1559 illis
855 1504 1071 1569 diebus,
1110 1507 1203 1576 qui
1238 1508 1295 1561 in
1328 1508 1517 1562 mundi
1560 1508 1971 1564 fabricationem

386 1595 649 1666 insumpti
694 1606 855 1665 sunt,
895 1596 1238 1663 elaboravit;
1272 1606 1388 1652 tum
1435 1600 1492 1653 in
1527 1600 1716 1670 viginti
1758 1600 1972 1656 duabus

388 1688 859 1759 generationibus,
891 1703 1013 1758 quae
1043 1690 1113 1744 ab
1151 1688 1364 1744 Adamo
1394 1690 1463 1744 ad
1495 1692 1751 1747 lsraelem
1799 1692 1971 1746 inter-

2089 587 2310 640 Ἠσαῒου
2330 604 2343 617 ο
2368 588 2675 658 Διερεμίου,
2694 590 2728 659 ἡ
2752 589 2842 641 τού
2868 589 3133 660 Ἰερεμίου
3153 605 3167 619 ο
3186 587 3490 661 Διεζεκιὴλ,
3512 590 3545 657 ἡ
3566 588 3656 640 τοῦ

2075 678 2368 751 Ἰεζεκιήλο
2397 679 2731 751 Διδανιὴλ,ὴ
2768 680 2859 734 τοῦ
2913 681 3114 751 Δανιήλ
3138 698 3152 712 ο
3188 680 3467 750 Διδέσδρα,
3492 681 3528 746 ἠ
3563 678 3655 731 τοῦ

2077 766 2287 839 Ἐσδρα
2326 766 2553 838 πρώτη’
2599 768 2879 840 Διδέσδρα,
2913 771 2946 839 ἡ
3003 768 3101 822 τοῦ
3132 768 3337 838 Ἔσδρα
3379 766 3615 835 δευτέρα
3641 781 3654 793 ·

2074 858 2308 930 Δεσθὴρ,
2339 861 2373 930 ἡ
2412 858 2514 930 τῆς
2563 857 2786 933 Ἐσθῆρ’
2816 854 2985 915 Α’ὗται
3028 860 3085 914 δὲ
3125 860 3185 913 αἰ
3232 857 3551 912 εἰκοσιεπτὰ
3582 857 3655 926 βία

2074 950 2191 1004 ϐλοι
2235 951 2318 1021 κβ¹
2358 951 2718 1023 ἀριθμοῦνται
2762 952 2901 1005 κατὰ
2955 952 3048 1007 τδν
3090 951 3322 1024 ἀριθμὸν
3366 950 3480 1004 τῶν
3514 965 3655 1003 στοι-

2073 1046 2259 1115 χείων,
2298 1045 2601 1117 ἐπειδήπερ
2649 1047 2743 1099 καὶ
2795 1046 2956 1099 πέντε
3010 1048 3249 1115 στοιχεῖα
3302 1043 3648 1111 διπλοῦνται,

2074 1143 2260 1204 καθὼς
2293 1143 2407 1198 ἀνω
2456 1144 2817 1215 προείπομεν.
2860 1144 3015 1195 Ἔστι
3054 1142 3111 1195 δὲ
3164 1142 3259 1195 καὶ
3307 1141 3444 1210 ἄλλη
3485 1145 3655 1209 μικρὰ

2076 1234 2278 1304 βίϐλος,
2308 1235 2344 1305 ἢ
2382 1234 2625 1288 καλεῖται
2645 1233 2849 1289 Κινὼθ.
2877 1234 3000 1302 ἥτις
3039 1231 3400 1303 ἑρμηνεύεται
3450 1230 3657 1300 Θρῆνος

2085 1328 2370 1400 Ἱερεμίου.
2417 1327 2563 1398 Αὕτη
2610 1327 2668 1381 δὲ
2716 1327 2795 1397 τῷ
2849 1327 3092 1397 Ἱερεμίᾳ
3143 1326 3500 1387 συνάπτεται,
3538 1324 3659 1393 ἥτις

2074 1421 2193 1473 ἐστί
2248 1419 2483 1490 περισσὴ
2531 1418 2626 1471 τοῦ
2682 1417 2918 1489 ἀριθμοῦ
2972 1418 3068 1470 xui.
3108 1416 3194 1487 τῷ
3241 1413 3485 1488 Ἱερεμίᾳ.
3538 1430 3657 1466 συν-

2073 1510 2374 1580 απτομένη.
2400 1501 2560 1563 Οὗτοι
2599 1509 2649 1561 οἰ
2678 1506 2944 1561 εἰκοσιδύο
2990 1505 3215 1578 ἀριθμοὶ
3256 1503 3540 1574 πανταχοῦ
3572 1503 3659 1554 εύ-

2076 1601 2409 1672 ρισκὸμενοι,
2440 1600 2535 1653 καὶ
2577 1600 2637 1652 ὲν
2676 1598 2957 1670 διαφόροις
2996 1597 3194 1651 εἴδεσιν
3239 1596 3652 1668 ἀριθμούμενοι,

2075 1692 2132 1746 ἐν
2152 1709 2212 1745 τε
2248 1694 2362 1754 τοῖς
2393 1689 2660 1744 εἰκοσιδύο
2701 1688 2902 1759 ἔργοις,
2938 1682 3019 1751 οἷς
3064 1688 3319 1757 εποίησεν
3365 1690 3393 1739 ὁ
3436 1686 3572 1748 Θεδς
3602 1688 3658 1738 ὲν

388 1779 613 1833 cedunt.
650 1776 784 1832 Item
834 1778 891 1832 in
943 1780 1139 1850 viginti
1200 1780 1418 1836 duabus
1460 1782 1660 1836 litteris
1705 1782 1773 1837 ab
1815 1782 1972 1852 aleph

2079 1787 2193 1847 ταῖς
2226 1782 2286 1847 ἒξ
2325 1782 2559 1855 ἡμέραις
2591 1783 2688 1853 τῆς
2719 1780 3105 1852 κοσμοποιίας,
3148 1780 3243 1835 καλ⁵
3285 1781 3345 1833 ὲν
3392 1780 3657 1833 εἰκοσιδύο

389 1869 458 1924 ad
484 1869 642 1923 tbau.
688 1868 977 1925 Postremo
1012 1870 1067 1924 in
1101 1870 1319 1925 duobus
1346 1878 1401 1926 et
1432 1872 1625 1942 viginti
1671 1872 1850 1936 libris,
1877 1874 1972 1944 qui

390 1959 462 2030 ab
499 1957 699 2023 Genesi
729 1958 798 2013 ad
833 1958 1033 2022 Esther
1064 1976 1243 2032 usque
1283 1970 1604 2018 censentur.
1646 1962 1723 2017 lta
1754 1964 1970 2020 modius

388 2066 651 2106 mensura
681 2052 841 2108 nobis
868 2058 953 2108 est
993 2054 1365 2120 sextariorum
1398 2055 1634 2111 duorum
1670 2064 1724 2113 et
1758 2057 1968 2129 viginti.

390 2145 565 2212 Quem
590 2144 803 2209 Hebraei
826 2146 985 2203 mode
1016 2156 1234 2211 vocant,
1266 2147 1441 2206 Graeci
1459 2151 1815 2221 expeditioris
1844 2166 1970 2221 pro-

388 2224 754 2294 nuntiationis
782 2240 982 2311 gratia,
1013 2240 1216 2296 modia.
1246 2240 1397 2297 Idem
1425 2249 1479 2297 et
1505 2242 1649 2313 apud
1681 2242 1971 2315 Egyptios

388 2345 590 2387 nomen
624 2339 741 2396 est;
790 2332 887 2387 sed
916 2340 972 2388 et
1006 2332 1152 2405 Syri,
1191 2340 1247 2389 et
1276 2333 1489 2390 Arabes
1517 2334 1699 2390 modia
1747 2344 1968 2401 vocant,

388 2425 538 2492 quod
585 2424 969 2493 confessionem
1015 2424 1308 2498 signiﬁcat.
1346 2426 1503 2497 181
1539 2425 1675 2481 Nam
1710 2427 1970 2497 impletus

389 2513 609 2569 modius
630 2515 853 2584 plenum
883 2530 943 2572 se
972 2530 1095 2585 esse
1120 2515 1438 2579 conﬁtetur.
1463 2516 1609 2585 Idem
1636 2525 1690 2574 et
1718 2516 1968 2577 Gnomon

392 2602 717 2685 appellatur.

463 2890 658 2950 XXIV.
695 2892 965 2949 Caeterum
999 2884 1265 2951 numerus
1307 2895 1400 2951 ille
1434 2894 1669 2951 duorum
1742 2908 2000 2967 eperum_

393 2994 448 3046 et
468 2984 684 3055 viginti,
721 2999 843 3055 quae
886 2984 1033 3042 Deus
1070 2986 1226 3042 initio
1256 2985 1479 3041 molitus
1510 2994 1617 3052 est,
1657 2993 1774 3041 tum
1808 3000 1974 3058 gene-

394 3077 669 3132 rationum
706 3078 949 3143 totidem,
979 3093 1102 3149 quae
1140 3079 1208 3135 ad
1249 3077 1515 3137 Iacobum
1563 3094 1738 3151 usque
1772 3094 1969 3150 propa-

392 3177 531 3247 gata:
577 3177 725 3244 sunt,
770 3178 827 3225 et
864 3170 1057 3240 viginti
1094 3168 1329 3226 duorum
1369 3172 1633 3228 librorum
1667 3171 1735 3227 ad
1777 3170 1974 3227 Esther

392 3276 588 3331 usque,
618 3275 681 3315 ac
706 3262 1008 3317 litterarum
1030 3263 1225 3335 viginti
1253 3263 1512 3330 duarum,
1534 3263 1740 3334 quibus
1766 3262 1862 3319 Dei
1886 3264 1971 3319 lex

390 3353 717 3423 consignata
769 3354 930 3408 nobis
976 3362 1085 3419 est,
1139 3370 1204 3410 ac
1257 3354 1355 3412 Dei
1398 3358 1636 3428 primum
1679 3354 1973 3410 informata

390 3442 664 3503 doctrina,
703 3442 838 3496 illud
869 3443 1047 3512 ipsum
1078 3442 1391 3514 signiﬁcare
1413 3444 1648 3510 videtur,
1679 3452 1972 3500 venturum

391 3533 523 3598 olim
565 3533 870 3597 Christum,
918 3535 1056 3604 legis
1106 3535 1337 3605 ejusque
1384 3537 1773 3609 mysteriorum
1818 3537 1973 3591 testi—

390 3624 578 3678 monio
616 3623 954 3688 declaratum
1002 3640 1146 3690 esse,
1181 3634 1345 3696 atque
1386 3627 1739 3697 patefactum.
1776 3627 1880 3693 Qui
1918 3627 1973 3682 in

389 3716 541 3779 hunc
585 3715 851 3775 mundum
906 3718 1133 3773 veniens
1178 3718 1303 3772 vitae
1350 3718 1509 3774 nobis
1554 3732 1869 3774 mensuram
1919 3717 1977 3771 in

389 3807 690 3879 Evangelio
727 3824 822 3880 per
844 3802 1099 3864 modium
1126 3796 1392 3879 implevit,
1422 3808 1528 3864 hoc
1555 3816 1640 3865 est
1671 3808 1977 3864 confessio-

338 3971 341 3973 ,
389 3914 540 3963 nem,
572 3908 628 3954 et
674 3900 742 3957 iis
773 3899 1056 3977 omnibus,
1089 3900 1184 3977 qui
1223 3900 1372 3957 illius
1414 3899 1575 3955 tidem
1624 3899 1974 3971 proﬁtentur,

390 4004 457 4045 ac
484 3991 649 4045 vitam
676 3990 796 4062 ejus
810 3974 1077 4047 beneﬁcio
1089 3974 1524 4061 consequuntur.
1551 3990 1724 4057 Quam
1750 3991 1821 4045 ob
1847 4004 1977 4045 cau-

390 4099 510 4145 sam
549 4100 823 4141 mensurae
848 4099 1023 4156 genus
1067 4092 1323 4142 sanctum
1361 4083 1435 4147 ab,
1472 4082 1718 4147 Hebraeis
1747 4082 1973 4147 dicitur,

389 4174 539 4246 quod
569 4191 634 4231 ex
666 4176 849 4238 allatis
878 4176 1188 4234 rationibus
1222 4176 1364 4231 duos
1389 4184 1444 4231 et
1473 4175 1666 4246 viginti
1701 4174 1978 4231 sextarios

389 4268 558 4338 capit.
586 4265 722 4323 Nam
756 4267 1029 4339 pleraeque
1061 4274 1256 4337 gentes
1288 4266 1355 4323 ad
1390 4280 1511 4331 eam
1544 4279 1858 4327 mensuram
1882 4263 1979 4325 ad-

388 4357 650 4421 diderunt
688 4358 919 4428 aliquid,
949 4358 1036 4413 vel
1064 4359 1113 4412 ei
1141 4358 1524 4421 detraxerunt,
1551 4372 1676 4411 cum
1705 4356 1850 4427 apud
1872 4354 1977 4410 He-

2074 1877 2289 1945 γενεαῖς
2334 1875 2442 1927 ἀπὸ
2497 1872 2669 1944 Ἀδὰμ
2710 1873 2839 1943 ἄχρι
2879 1870 2974 1924 τοῦ
3012 1872 3264 1942 Ἰσραὴλ,
3313 1870 3411 1924 καὶ
3442 1872 3501 1924 ὲν
3545 1871 3655 1931 τοῖς

2073 1962 2341 2017 εἰκοσιδύο
2377 1962 2663 2034 στοιχείοις
2694 1961 2803 2014 τῶν
2844 1962 3190 2032 γραμματων
3228 1960 3339 2014 ἀπὸ
3382 1958 3480 2013 τοῦ
3520 1965 3653 2026 ἀλεφ

2072 2056 2202 2127 ἄχρι
2256 2054 2351 2109 τοῦ
2404 2052 2531 2122 θαῦ,
2577 2054 2674 2108 καὶ
2721 2052 2780 2104 ὲν
2830 2055 2951 2116 ταῖς
3003 2051 3085 2123 at?!
3143 2051 3356 2123 βίϐλοις
3392 2051 3505 2103 ἀπὸ
3557 2052 3656 2119 τῆς

2072 2148 2345 2211 Γενέσεως
2373 2148 2502 2219 ἄχρι
2552 2146 2651 2218 τῆς
2684 2143 2907 2215 Ἐσθῆρι
2940 2144 3137 2215 μέτρον
3164 2145 3297 2215 ἡμῖν
3321 2144 3337 2173 ³
3390 2141 3654 2212 ἐγενήθη-

2075 2256 2175 2293 σαν
2220 2236 2306 2307 κβ“
2357 2235 2595 2303 ξέστων,
2624 2234 2653 2287 ὃ
2700 2232 2948 2287 καλεῖται
2998 2232 3127 2303 παρ’
3180 2231 3457 2303 Ἑϐραίοις
3502 2232 3655 2302 μόδη,

2073 2330 2204 2400 παρ’
2229 2326 2458 2397 Ἕλλησι
2501 2325 2561 2379 δὲ
2594 2325 2789 2396 μόδια,
2824 2324 2912 2380 διὰ
2956 2324 3056 2396 τὴν
3093 2324 3436 2394 τρανότητα·
3474 2340 3654 2393 παρα-

2073 2419 2320 2491 πλησίως
2354 2418 2411 2471 δὲ
2441 2416 2537 2471 καὶ
2578 2416 2867 2486 Αἰγύπτιοι
2920 2415 3021 2486 μέν
3047 2433 3132 2469 τοι
3162 2414 3322 2469 τοῦτο
3362 2414 3621 2469 καλοῦσιν
3640 2431 3655 2447 ο

2072 2509 2275 2581 ὁμοίως
2299 2508 2357 2561 δὲ
2395 2509 2488 2562 καί
2523 2507 2708 2579 Σύροι,
2765 2509 2861 2563 καὶ
2909 2508 3150 2578 ’Ἄραϐες
3188 2507 3346 2579 μόδια
3383 2507 3652 2576 λέγουσιν,

2072 2600 2101 2653 δ
2163 2600 2527 2673 ἑρμηνεύεται
2574 2601 2882 2669 ὁμολογία.
2941 2597 3258 2669 Πληρωθεὶς
3317 2596 3429 2669 γὰρ
3480 2599 3511 2651 ὁ
3562 2597 3655 2666 μϐ·

2072 2692 2183 2755 διος
2214 2692 2324 2761 (71)
2362 2692 2632 2765 ὁμολογεῖ,
2698 2692 2784 2745 ὅτι
2823 2689 3221 2762 Πεπλήρωμαι.
3278 2688 3548 2744 Καλεῖται
3602 2686 3655 2741 δὲ

2075 2784 2172 2839 καὶ
2201 2782 2457 2853 γνώμων.

2147 2894 2268 2952 ΚΔ’.
2301 2894 2392 2966 Τῷ
2418 2895 2475 2949 δὲ
2527 2895 2744 2967 ἀριθμῷ
2770 2896 2877 2949 τῶν
2926 2894 3007 2965 κβ¹
3042 2894 3218 2965 ἔργων
3243 2892 3337 2947 τοῦ
3382 2892 3521 2955 Θεοῦ
3552 2891 3657 2945 τῶν

2074 2987 2327 3059 ἀπαρχῆς
2353 3029 2367 3050 .
2426 2987 2520 3041 καὶ
2571 2987 2681 3041 τῶν
2743 2988 2825 3058 κβ¹
2876 2988 3077 3056 γενεῶν
3129 2987 3235 3052 ἕως
3281 2985 3378 3041 τοῦ
3445 2983 3656 3045 Ἰακὼϐ,

2076 3081 2172 3135 καὶ
2197 3080 2305 3134 τῶν
2343 3080 2426 3150 κβ¹
2461 3080 2679 3151 βιϐλίων
2724 3081 2828 3145 ἕως
2860 3082 2960 3151 τῆς
3008 3078 3209 3150 Ἐσθὴρ
3232 3120 3249 3146 ,
3290 3080 3388 3132 καὶ
3432 3079 3523 3132 διὰ
3560 3078 3657 3146 τῆς

2076 3170 2158 3241 κβθ
2182 3171 2525 3243 γραμμάτων
2558 3170 2900 3235 ὑποθέσεως,
2932 3170 2989 3237 ἐξ
3022 3162 3097 3223 ὧν
3139 3171 3169 3223 ὁ
3206 3169 3371 3240 νόμος
3402 3169 3497 3222 τοῦ
3526 3165 3657 3221 Θεοῦ

2074 3264 2232 3334 ἡμῶν
2262 3262 2539 3333 παρέστη,
2568 3263 2663 3316 καὶ
2699 3262 2834 3316 Θεοῦ
2880 3261 3195 3317 διδασκαλία
3224 3263 3360 3333 ἡμῖν
3402 3257 3658 3333 προτετύ⁹

2076 3370 2253 3407 πωται
2278 3393 2295 3417 ,
2335 3352 2494 3406 τοῦτο
2517 3351 2773 3421 δηλοῦται
2800 3394 2813 3418 ,
2845 3354 2926 3407 ὅτι
2955 3354 3019 3405 ὲκ
3054 3352 3148 3406 τοῦ
3185 3354 3354 3422 νὸμου
3381 3391 3395 3417 ,
3434 3351 3528 3406 καὶ
3555 3349 3659 3403 τῶν

2076 3445 2133 3497 ὲν
2154 3443 2302 3514 αύτῷ
2334 3443 2669 3514 μυστηρίων,
2696 3445 2724 3496 ὁ
2752 3442 2987 3515 Χριστὸς
3014 3445 3149 3513 ἡμῖν
3176 3443 3473 3515 ἐρχόμενος
3496 3445 3657 3513 ἐμαρ-

2076 3535 2284 3606 τυρήθη
2324 3533 2418 3617 καὶ
2448 3533 2829 3604 ἀπεκαλύφθη.
2872 3535 2968 3617 Ὃς
2997 3532 3169 3588 ἐλθὼν
3198 3536 3255 3586 ὲν
3288 3532 3368 3603 τῷ
3420 3534 3656 3600 Εύαγγε-

2077 3622 2175 3693 λίῳ
2203 3616 2520 3693 ἐπλήρωσεν
2553 3623 2687 3692 ἡμῖν
2711 3623 2770 3674 τὸ
2796 3616 2990 3693 μέτρον
3012 3622 3112 3693 τῆς
3142 3622 3285 3693 ζωῆς
3318 3622 3409 3675 διὰ
3436 3621 3530 3675 τοῦ
3570 3638 3655 3691 μο-

2076 3716 2190 3770 δίου
2213 3754 2227 3779 ,
2264 3714 2535 3778 τουτέστι,
2590 3714 2690 3784 τῆς
2727 3712 3035 3785 ὁμολογίας,
3063 3714 3227 3768 παντὶ
3274 3713 3354 3783 τῷ
3394 3716 3474 3777 εἰς
3504 3711 3657 3768 αὑτὸν

2078 3807 2473 3879 ὁμολογήσαντι
2507 3806 2602 3861 καὶ
2636 3806 2734 3876 τὴν
2763 3805 2908 3876 ζωὴν
2930 3806 3059 3876 παρ’
3086 3805 3252 3859 αὐτοῦ
3283 3804 3654 3876 κομισαμένῳ.

2079 3900 2169 3953 Διὸ
2195 3898 2254 3952 τὸ
2289 3898 2485 3969 μέτρον
2510 3897 2570 3950 τὸ
2602 3897 2756 3967 ἅγιον
2793 3896 3032 3967 Ἑϐραῖοι
3064 3895 3311 3964 λέγουσιν
3332 3938 3346 3962 ,
3377 3897 3406 3950 ὅ
3440 3899 3553 3949 ἐστι
3580 3896 3657 3965 κβ’

2079 3992 2282 4058 ξέστων
2307 4033 2321 4057 ,
2361 3991 2503 4044 κατὰ
2544 3990 2670 4052 τοὺς
2701 3988 3153 4061 προειρημένους.
3193 3988 3388 4042 Πολλοί
3418 3989 3525 4059 γὰρ
3557 3986 3657 4040 τῶν

2078 4083 2253 4140 ἄλλων
2296 4082 2465 4137 ἐθνῶν
2521 4081 2553 4152 ἢ
2612 4080 2976 4152 προσέθεντο,
3030 4080 3065 4152 ἢ
3113 4080 3402 4151 ἀφείλαντο
3433 4081 3544 4134 ἀπὸ
3568 4077 3654 4131 τοῦ

2082 4175 2282 4247 μέτρου
2309 4173 2522 4234 τούτου,
2555 4171 2652 4226 τοῦ
2680 4171 2924 4245 ἀκριϐῶς
2952 4173 3085 4244 παρ’
3126 4170 3399 4241 Ἑϐραίοις
3428 4171 3655 4242 ἀριθμηη

2080 4264 2283 4328 θέντος,
2354 4262 2515 4316 Ἀλλὰ
2576 4263 2670 4316 καὶ
2740 4262 2891 4332 παρὰ.
2963 4262 3255 4333 Ῥωμαίοις
3322 4262 3656 4333 συμϐέϐηκεν

2078 4357 2589 4429 ὁμοιοκαταλήκτως
2647 4354 2829 4426 μοδίου
2885 4354 3082 4426 μέτρον
3129 4355 3441 4421 καλεῖσθαι,
3478 4355 3658 4421 ὥσπερ

387 4447 570 4503 braeos
622 4463 885 4504 numerus
921 4448 1334 4507 accuratissime
1380 4448 1485 4503 sibi
1546 4455 1780 4504 constet.
1832 4447 1974 4513 Quin

2083 4451 2213 4521 παρ’
2264 4447 2539 4519 Ἑϐραίοις
2593 4446 2655 4498 τὸ
2690 4445 2825 4513 ἄλεφ
2874 4444 2951 4516 τῷ
3008 4446 3208 4517 παιδίῳ
3254 4446 3316 4499 τὸ
3377 4446 3657 4516 μανθάνειν

389 4539 557 4603 etiam
602 4538 746 4610 apud
783 4537 1066 4594 Romanos
1099 4539 1327 4608 aequalis
1350 4553 1605 4594 mensura
1630 4540 1847 4594 modius
1876 4552 1976 4608 ap-

330 4661 337 4667 -
391 4629 649 4705 pellatur,
668 4629 1139 4700 quemadmodum
1178 4630 1322 4700 apud
1338 4628 1599 4687 Hebraeos
1622 4629 1977 4700 alephlittera

391 4737 626 4793 puerum
657 4720 727 4777 ad
759 4720 1083 4781 discendum
1113 4721 1477 4788 adhortatur;
1517 4722 1605 4777 cui
1635 4721 1816 4779 simile
1854 4736 1980 4777 ver-

392 4814 525 4881 bum
575 4814 722 4885 apud
751 4813 973 4871 Graecos
1011 4813 1201 4883 ἀλφεῖν
1233 4815 1545 4883 investigare
1574 4813 1867 4890 signiﬁcat.
1898 4814 1977 4869 Ex

392 4890 506 4979 quo
537 4906 889 4964 manifestum
920 4912 1006 4967 est
1034 4921 1222 4963 vocem
1253 4906 1397 4961 hanc
1424 4906 1593 4978 alpha
1640 4894 1697 4962 in
1727 4905 1973 4962 Graecam

393 5003 639 5071 linguam
682 5002 751 5057 ab
804 4999 1073 5056 Hebraica
1116 5014 1242 5057 esse
1288 4999 1637 5055 translatam.
1682 4996 1774 5053 Sic
1807 4999 1978 5070 igitur

395 5089 616 5161 modius
655 5090 723 5144 ab
749 5088 996 5153 Hebraeis
1036 5089 1297 5175 proﬂuxit
1332 5109 1345 5145 :
1379 5088 1522 5176 apud
1549 5103 1695 5161 quos
1718 5089 1863 5157 idem
1893 5099 1978 5149 est

371 5284 376 5297 ’
470 5304 486 5336 ³
515 5299 675 5357 Deest
706 5296 935 5368 aliquid.

475 5526 591 5594 (τι)
646 5524 986 5594 Πληρωθείς
1036 5522 1148 5592 τὰρ
1201 5524 1234 5575 ό
1300 5524 1531 5593 μόδιος.
1611 5522 1813 5578 Eadem
1896 5535 1986 5575 ra-

406 5598 554 5648 tione
607 5598 815 5650 nullum
869 5611 977 5649 non
1029 5608 1297 5648 mensura:
1355 5610 1530 5664 genus
1589 5594 1843 5664 modium,
1887 5606 1984 5664 ap-

408 5665 609 5745 pellare
649 5667 792 5721 licet.
844 5664 977 5720 Nam
1009 5664 1218 5719 nullum
1254 5662 1539 5734 est,‘quod
1586 5679 1692 5719 non
1733 5662 1980 5734 perinde,

2084 4542 2343 4612 παραινεῖ
2370 4557 2383 4569 ·
2416 4539 2509 4595 καὶ
2540 4537 2670 4607 παρ’
2718 4536 2947 4606 Ἕλλησι
2980 4537 3040 4590 τὺ
3063 4538 3252 4607 ἀλφεῖν
3307 4537 3502 4606 ζητεῖν
3532 4551 3649 4603 συμ-

2085 4631 2286 4702 ϐέϐηκε
2320 4629 2622 4685 καλεῖσθαι.
2655 4626 2819 4681 Ὅθεν
2855 4627 3096 4698 δηλονότι
3144 4630 3239 4683 καὶ
3288 4630 3350 4684 τὸ
3406 4630 3550 4698 ἄλφα
3603 4624 3657 4697 ἐξ

2095 4723 2373 4795 Ἐϐραΐδος
2427 4718 2749 4796 παρηνέχθη
2793 4724 2873 4787 εἰς
2927 4721 3027 4793 τὴν
3079 4722 3377 4794 Ἑλληνίδα.
3428 4722 3500 4777 Τὸ
3536 4717 3656 4787 γοῦν

2089 4815 2268 4884 μόδιον
2294 4854 2309 4879 ς
2362 4814 2438 4879 ὡς
2494 4818 2557 4870 ἐκ
2614 4818 2717 4887 τῆς
2762 4816 3042 4888 Ἐϐραῖδος
3097 4815 3293 4887 εὑρέθη
3318 4854 3332 4878 ,
3390 4808 3654 4884 ὁμολογεῖν

2086 4905 2303 4977 λεχθὲν,
2339 4907 2414 4971 ὡς
2447 4907 2708 4973 πολλάκις
2735 4905 2888 4963 εἶπον
2914 4947 2930 4973 ,
2962 4906 3051 4961 διὰ
3090 4906 3190 4975 τῆς
3220 4908 3466 4977 χρήσεως
3490 4903 3653 4972 ἑρμη-

2083 4999 2393 5069 νευόμενον.
2439 5000 2503 5053 Εἰ
2544 5000 2620 5072 μὴ
2673 5001 2781 5072 γάρ
2814 5000 2977 5055 αὑτὸν
3006 4998 3395 5070 πληρεστάτως
3422 4987 3653 5066 γεμίσειέ

2083 5108 2169 5156 τις
2194 5131 2210 5161 ,
2245 5092 2344 5163 οὐχ
2379 5091 2664 5169 ὁμολογεῖ,
2719 5093 2801 5147 ὅτι
2830 5091 3225 5163 Πεπλήρωμαι.
3256 5089 3473 5163 Πλήσας
3521 5084 3575 5138 δὲ
3598 5078 3653 5139 τδ

2095 5534 2219 5575 cum
2262 5519 2542 5589 impletum
2580 5517 2667 5581 sit,
2682 5516 2915 5589 plenum
2940 5528 2997 5569 se
3040 5526 3162 5589 esse
3196 5509 3449 5589 fateatur.
3484 5499 3645 5589 leide-l

2098 5567 2219 5575 πη-
2263 5567 2542 5589 ----γ--τ---
2581 5567 2828 5585 --πί-κη
3079 5567 3090 5568 κ

2096 5606 2190 5644 rus
2235 5590 2396 5643 aliam
2433 5589 2587 5642 vocis
2627 5585 3010 5654 etymologiam
3067 5582 3243 5647 affert,
3294 5579 3363 5635 ab
3408 5592 3470 5633 co
3514 5567 3646 5645 quOd

2092 5662 2163 5729 sit
2199 5659 2487 5719 suomodo
2522 5656 2819 5727 perfectus.
