3994 6404
218 363 329 420 9.33

1460 360 1548 414 PF.
1581 361 1676 416 XII
1710 361 1974 416 GEMMiS
2013 358 2236 416 UBER.

3379 349 3488 406 295

229 478 362 548 παρ’
423 475 697 548 Ἑϐραίοις
755 476 1167 548 ἐπιφωνούμενον
1199 492 1214 507 ο
1273 475 1432 529 τοῦτο
1491 477 1553 529 τὸ
1611 476 1811 546 μέτρον

1918 475 2049 531 braei
2085 475 2250 530 etiam
2297 482 2584 544 usurpant.
2618 471 2865 529 Meminit
2911 471 3077 542 hujus
3115 486 3390 528 mensurze
3431 478 3490 526 et

225 567 373 621 ἐστὶν
421 570 480 620 ἐν
509 569 988 638 Χρονοτραεςίαις
1027 565 1289 620 Εὑσεϐίου
1336 567 1432 620 καὶ
1481 567 1591 619 τῶν
1639 567 1813 621 ἄλλων

227 659 613 732 χρονογρὰφων
653 658 983 728 δηλούμενον
1007 697 1024 722 ,
1069 658 1146 721 ὠς
1169 657 1402 719 ἕκαστος
1439 657 1548 709 τῶν
1575 657 1693 710 τότε
1721 657 1818 726 βα-

228 749 419 804 σιλέων
463 749 612 804 κατὰ
657 749 970 820 φιλοτιμίαν
1020 749 1099 820 τῷ
1150 749 1307 820 δήμῳ
1352 749 1638 820 Ῥωμαίων
1680 751 1817 820 πρὸς

225 844 526 916 εὐφρασξαν
579 843 919 914 ἐχαρίζοντο,
951 840 1368 913 δ’ὲρμηνεύεται
1403 841 1819 910 συνημμένον,

225 930 256 998 ἢ
288 931 856 1002 συνεστραμμένον.

1913 565 2184 620 Eusebius
2232 564 2287 618 in
2338 562 2614 618 Chronicis
2680 563 2882 631 aliique
2943 561 3282 631 chronologi.
3329 559 3487 630 Apud

1918 670 2058 725 quos
2124 655 2516 723 imperatorum
2591 652 2821 721 quilibet
2884 651 3305 720 magniﬁcentia:
3369 665 3484 704 sum

1917 746 2257 802 ostentandae
2301 744 2484 799 studio
2531 742 2871 812 congiarium
2915 740 3114 811 populo
3148 739 3394 793 Romano
3420 741 3490 793 ad

1927 837 2260 910 epulandum
2293 837 2479 906 largiri
2504 836 2743 892 solebat:
2776 851 2895 904 quae
2920 850 3025 887 vox
3056 833 3194 888 idem
3222 831 3494 903 signiﬁcat

1922 943 1987 985 ac
2019 927 2381 998 conjunctum,
2417 929 2533 983 sive
2561 935 3000 997 coagmentatum.

233 1065 3452 1109 Μ

1315 1227 1453 1281 ΤΟΥ
1493 1227 1582 1281 EN
1621 1227 1849 1280 ΑΓΙΟῙΣ
1886 1227 2160 1281 ΠΑΤΡΟΣ
2198 1227 2396 1282 ΗΜΩΝ

914 1395 1540 1481 ΕΠΙΦΑΝΙΟΥ
1596 1394 2266 1480 ΕΠΙΣΚΟΠΟΥ
2321 1396 2787 1481 ΚΥΙΙΡΟΥ

1361 1571 1506 1642 Πρὸς
1537 1571 1802 1643 Διόδωρον
1828 1572 2125 1627 ἐπίσκοπον
2154 1573 2335 1645 Τύρου

425 1729 610 1784 ΠΕΡΙ
650 1728 795 1784 ΤΩΝ
825 1729 919 1782 IB'
952 1729 1185 1784 ΛΙΘΩΝ
1221 1729 1362 1784 ΤΩΝ
1400 1726 1644 1784 ΟΝΤΩΝ
1667 1729 1773 1782 ΕΝ
1803 1729 1968 1783 ΤΟΙΣ
2007 1732 2462 1785 ΣΤΟΛῙΣΜΟΙΣ
2500 1731 2628 1785 ΤΟΥ
2659 1731 2912 1786 ΑΑΡΩΝ
2942 1730 3276 1788 ΒΙΒΛΙΟΝ.

725 1959 820 2048 s.
901 1962 1004 2048 P.
1084 1962 1200 2049 Ν.
1282 1963 1924 2054 EPIPHANII
1999 1962 2548 2055 EPISCOPI
2607 1965 2960 2055 CYPRI

1423 2168 1491 2206 an
1522 2150 1800 2210 biononuu
1832 2171 1954 2210 'rvnt
1985 2171 2280 2211 Episcopum

743 2307 830 2363 DE
867 2307 1223 2366 DUODECIM
1262 2310 1528 2368 GEMMIS
1567 2313 1732 2380 QUAS
1771 2312 2005 2368 ERANT
2045 2312 2110 2367 IN
2151 2311 2378 2368 VESTE
2415 2310 2720 2368 AARONIS
2759 2309 2984 2366 LIBER.

1416 2465 1536 2523 Iota
1572 2466 1967 2522 lerotarantino
2001 2469 2305 2539 interprete.

281 2690 542 2760 ¹ᾘτϊισας
573 2688 726 2759 (παρ’
783 2687 915 2759 ὲμοῦ
956 2686 1120 2760 [7‘]),
1172 2690 1471 2761 τιμιώτατε
1518 2689 1811 2762 (Διόδωρε),

1993 2693 2336 2765 185-225
2361 2691 2517 2761 Quod
2545 2691 2772 2764 petiisti,
2810 2691 2892 2746 vir
2911 2678 3393 2762 praestantissime,
3421 2696 3494 2754 de

212 2782 343 2850 περὶ
365 2779 484 2832 τῶν
525 2781 584 2833 ἐν
619 2779 697 2850 τῷ
726 2779 893 2850 λογίῳ
923 2780 1023 2849 τῆς
1058 2779 1334 2849 ἐπωμίδος
1365 2778 1461 2832 τοῦ
1498 2781 1690 2852 ἱερέως
1719 2784 1812 2837 ἐπὶ

217 2873 309 2926 τοῦ
360 2872 599 2942 στήθους
670 2870 879 2943 Ἀαρὼν
931 2872 1420 2942 προστεταγμένων
1466 2873 1587 2926 τότε
1635 2875 1808 2944 ἐμπε-

216 2961 540 3033 πορπῆσθαι
587 2962 771 3027 λίθων,
802 2962 901 3026 τάς
942 2977 1000 3014 τε
1034 2961 1352 3033 ὀνομασίας,
1395 2963 1495 3026 τάς
1529 2981 1587 3015 τε
1623 2965 1810 3035 χρόας,

222 3053 318 3106 εἰτ’
372 3049 470 3106 οὖν
507 3053 673 3120 ἰδέας,
709 3052 834 3117 τούς
871 3068 931 3106 τε
972 3052 1195 3118 τόπους,
1231 3053 1326 3106 καὶ
1365 3053 1466 3116 τὰς
1508 3054 1586 3117 είς
1627 3055 1812 3108 0500s-

225 3144 375 3197 σειαν
419 3143 693 3217 φερούσας
722 3143 830 3197 τῶν
869 3143 1048 3198 αὐτῶν
1085 3143 1247 3196 λίθων
1284 3143 1535 3214 Θεωρίας,
1565 3147 1658 3198 καὶ
1683 3146 1814 3199 Eata--

222 3253 346 3300 στος
392 3236 566 3299 λίθος,
601 3235 742 3306 ὑπὲρ
791 3235 949 3298 ποίας
985 3234 1159 3304 φυλῆς
1209 3235 1496 3288 ἐτέτακτο⁹
1545 3236 1709 3290 πόθεν
1752 3254 1811 3290 τε

217 3328 470 3400 εὕρηται,
506 3329 602 3382 καὶ
637 3327 798 3391 ποίας
825 3327 1082 3398 πατρίδος
1113 3326 1211 3396 (8).

293 3503 549 3574 Τετραχῆ
577 3502 637 3555 δὲ
665 3501 956 3576 διαιρεῖται
986 3501 1047 3554 τὸ
1084 3500 1286 3570 λόγιον,
1327 3501 1425 3554 καὶ
1459 3500 1590 3555 αὐτὸ
1618 3501 1811 3570 τετρά-

218 3613 417 3665 γωνον,
451 3592 732 3663 σπιθαμῆς
771 3593 833 3644 τὸ
882 3592 1054 3663 μῆκος
1097 3591 1193 3644 καὶ
1243 3587 1400 3661 εὖρος
1447 3591 1669 3661 ὁμοίως.
1703 3588 1808 3643 Τοῦ

219 3688 324 3760 μὲν
353 3683 571 3756 πρώτου
605 3683 788 3753 στίχου
817 3683 1033 3754 πρῶτος
1057 3682 1205 3746 λίθος
1230 3683 1470 3753 σάρδιον,
1495 3678 1616 3735 εἶτα
1643 3682 1812 3735 τοπά-

216 3779 356 3842 ζιον,
387 3772 508 3829 εἶτα
550 3776 882 3848 σμάραγδος.
915 3775 1022 3830 Τοῦ
1053 3778 1107 3830 δὲ
1149 3779 1404 3848 δευτέρου
1443 3777 1626 3848 στίχου
1660 3777 1811 3848 πρῶ-

217 3885 311 3932 τος
337 3865 485 3930 λίθος
525 3866 749 3937 ἄνθραξ,
796 3862 913 3919 εἶτα
949 3867 1272 3938 σάπφειρος,
1310 3862 1427 3918 εἶτα
1469 3866 1673 3928 ἴασπις.
1703 3865 1810 3918 Τοῦ

219 3961 405 4032 τρίτου
443 3959 624 4030 στίχου
668 3957 885 4030 πρῶτος
927 3957 1093 4023 λίθος,
1123 3957 1388 4029 λιγύριον,
1425 3952 1543 4010 εἶτα
1575 3957 1806 4026 ἀχάτης,

1915 2786 2145 2855 gemmis
2191 2801 2329 2854 quas
2375 2787 2429 2838 in
2475 2782 2731 2838 rationali
2775 2782 2889 2837 sive
2931 2782 3155 2838 oraculo
3185 2783 3332 2839 dicto
3362 2802 3494 2858 epo-

1913 2876 2076 2931 midis
2115 2875 2412 2929 humeralis
2455 2872 2783 2938 sacerdotis,
2827 2887 2994 2943 supra
3031 2882 3220 2943 pectus
3260 2874 3494 2933 Aaronis

1913 2965 2366 3038 Dominusjussit
2389 2977 2419 3016 a
2445 2961 2518 3029 lig
2554 2959 2695 3024 ri,ut
2725 2978 2850 3018 cum
2885 2979 3076 3020 eorum
3119 2966 3365 3033 nomina,
3399 2983 3493 3024 co-

1913 3057 2056 3114 lores
2080 3059 2195 3114 sive
2228 3058 2452 3119 formas,
2479 3055 2650 3121 locos,
2679 3063 2732 3110 et
2757 3070 2879 3125 qua:
2910 3055 3119 3111 faciunt
3139 3058 3264 3112 inde
3291 3059 3358 3113 ad
3381 3061 3482 3129 pie.

1913 3157 2079 3204 talem
2107 3149 2508 3209 meditationes,
2531 3157 2644 3200 tum
2672 3147 2833 3200 etiam
2862 3147 2927 3201 ad
2952 3161 3115 3216 quam
3144 3147 3493 3204 indicandam

1902 3238 2116 3292 tribum
2179 3236 2430 3305 quaelibet
2460 3249 2670 3304 gemma
2703 3238 2877 3308 posita
2935 3236 3120 3302 fuerit,
3171 3253 3390 3307 quoque
3436 3241 3489 3293 in
3543 3261 3548 3266 δ

1915 3327 2035 3381 loco
2065 3333 2116 3380 et
2146 3335 2198 3379 tu
2239 3340 2346 3395 qua
2376 3325 2554 3394 patria
2589 3325 2920 3390 inveniatur,
2954 3325 3005 3380 id
3033 3330 3226 3396 paucis
3265 3328 3362 3381 tibi
3395 3343 3491 3384 ex-

1913 3432 2106 3488 ponam
2139 3437 2151 3471 :
2184 3417 2286 3471 hoc
2315 3418 2532 3486 quidem
2562 3419 2637 3471 ita
2663 3433 2722 3472 se
2750 3417 2933 3472 habet.

1983 3506 2390 3574 Quadril‘ariam
2423 3507 2627 3562 dicitur
2657 3508 2942 3563 rationale.
2964 3507 3028 3562 Et
3055 3509 3232 3577 ipsum
3258 3509 3495 3578 quadra-

1911 3607 2025 3653 tum
2047 3599 2208 3668 palmi
2243 3598 2632 3668 longitudinem
2656 3615 2719 3653 ac
2743 3600 3084 3654 latitudinem
3112 3601 3292 3654 habet.
3322 3598 3493 3654 Primi

1911 3690 2130 3761 quidem
2170 3691 2378 3745 ordinis
2409 3692 2583 3760 prima
2632 3707 2866 3761 gemma,
2919 3691 3156 3757 sardius,
3194 3698 3308 3745 tum
3345 3701 3496 3761 topa-

1912 3780 2193 3845 zius,dein
2227 3782 2570 3851 smaragdus.
2604 3781 2892 3837 Secundus
2916 3784 3052 3837 ordo
3082 3784 3313 3852 primam
3342 3798 3494 3853 gem-

1911 3891 2055 3929 mam
2107 3875 2265 3929 habet
2319 3875 2743 3938 carbunculum,
2798 3875 3095 3930 secundam
3151 3875 3494 3945 sapphirum,

1911 3965 2124 4020 tertiam
2164 3963 2451 4033 iaspidem.
2490 3962 2547 4018 ln
2585 3966 2746 4018 tertio
2789 3965 2982 4019 ordine
3021 3973 3169 4027 sunt,
3206 3966 3382 4035 prima
3425 3965 3494 4018 li-

220 4048 344 4106 εἷτα
366 4049 693 4122 ἀμέθυστος.
719 4050 825 4104 Τοῦ
855 4051 1116 4121 τετάρτου
1144 4050 1328 4122 στίχου
1349 4049 1584 4123 πρῶτος,
1609 4047 1808 4118 χρυσό-

1918 4058 2124 4128 gurius,
2187 4058 2427 4112 secunda
2483 4058 2745 4121 achates,
2805 4059 2966 4112 tertia
3020 4058 3382 4127 amethystus.
3435 4057 3490 4112 lu

217 4144 391 4210 λιθος,
438 4139 556 4196 εἶτα
588 4143 897 4214 βηρύλλιον,
933 4139 1052 4198 εἶτα
1101 4142 1335 4212 όνύχιον.
1366 4142 1478 4195 Καὶ
1515 4132 1661 4193 οὗτοι
1708 4137 1806 4208 μὲν

221 4235 361 4289 εἰσιν
394 4236 446 4287 οἱ
471 4233 560 4305 ιβ’,
589 4236 636 4288 οἱ
665 4237 723 4288 ὲν
755 4237 821 4306 τῇ
852 4233 1086 4305 ἐπωμίδι
1123 4233 1216 4287 τοῦ
1268 4233 1458 4304 ἱερέως
1505 4229 1811 4303 ἐξηρτημέ-

220 4345 325 4394 νοι,
359 4320 436 4381 ὧν
464 4327 558 4381 καὶ
581 4326 857 4398 διαφοραὶ,
888 4326 984 4379 καὶ
1019 4327 1070 4378 οἱ
1097 4326 1256 4379 τόποι
1286 4317 1452 4378 οὗτοι*

981 4529 1060 4584 A'.

298 4621 525 4694 Πρῶτος
556 4621 702 4684 λίθος
734 4620 951 4691 σάρδιος
983 4621 1012 4672 ὁ
1040 4617 1405 4683 Βαϐυλώνιος,
1445 4617 1589 4671 οὕτω
1617 4615 1812 4671 καλού-

227 4730 413 4784 μενος.
448 4711 603 4766 Ἐστι
640 4711 696 4765 δὲ
730 4709 991 4782 πυρωπὺς
1017 4709 1097 4781 τῷ
1129 4709 1260 4763 εῖδει
1303 4710 1399 4763 καὶ
1437 4708 1808 4779 αἱματοειδὴς,

228 4805 440 4875 σαρδίῳ
461 4803 540 4874 τῷ
563 4803 706 4874 ίχθύῖ
728 4801 1166 4872 τεταριχευμένῳ
1191 4799 1384 4862 ἐοικώς
1406 4816 1419 4828 ’
1447 4799 1525 4852 διὸ
1554 4799 1650 4851 καὶ
1681 4799 1814 4868 σάρ-

225 4899 342 4958 διος
395 4895 636 4963 λέγεται,
680 4893 788 4946 ἀπὸ
833 4892 928 4946 τοῦ
967 4891 1141 4954 εἴδους
1189 4888 1371 4942 λαϐὼν
1413 4889 1474 4941 τὸ
1505 4886 1809 4956 ἐπώνυμον.

239 4989 333 5041 Ἐν
361 4983 640 5038 Βαὸυλῶνι
667 4983 724 5036 δὲ
748 4985 814 5053 τῇ
842 4982 978 5053 πρὸς
1009 4979 1298 5051 Ἀσσυρίαν
1321 4977 1550 5048 γίνεται.
1582 4978 1736 5030 Ἐστι
1753 4975 1814 5028 δὲ

230 5077 462 5148 διαυγὴς
489 5078 517 5130 ό
545 5075 691 5138 λίθος
714 5091 728 5104 ·
758 5074 1041 5144 δυνάμεως
1069 5072 1126 5125 δέ
1169 5074 1287 5124 ἐστι
1317 5067 1736 5140 θεραπευτικῆς,
1769 5059 1814 5134 ᾧ

233 5171 535 5240 κέχρηνται
561 5167 612 5220 οἱ
643 5165 816 5237 ἰατροὶ
848 5165 985 5236 πρὸς
1028 5163 1317 5234 οἰδήματα,
1357 5161 1453 5214 καὶ
1490 5159 1654 5222 ἄλλας
1679 5159 1814 5229 πλη-

227 5260 336 5330 γὰς
390 5258 495 5312 ὑπὸ
545 5257 765 5330 σιδήρου
804 5255 1151 5325 γιγνομένας.
1192 5254 1349 5306 Ἔστι
1392 5251 1450 5304 δὲ
1496 5251 1590 5303 καὶ
1633 5249 1812 5312 ἄλλος,

230 5349 518 5422 σαρδόνυξ,
560 5348 620 5412 ὃς
653 5348 898 5401 καλεῖται
933 5345 1197 5417 μολοχάς·
1229 5340 1567 5415 μαλακτικδς
1605 5339 1663 5393 δέ
1685 5342 1812 5448 ,ἐστι
1843 5389 1890 5448 D

231 5442 656 5514 στεατωμάτων.
688 5440 800 5511 Τῆς
831 5439 896 5507 ,δὲ
945 5437 1118 5508 αὐτῆς
1171 5436 1314 5500 ἰδέας
1361 5434 1642 5505 τυγχάνει,
1677 5433 1812 5484 ὑπο-

308 5595 407 5667 (7⁹)
429 5595 592 5667 Deest
615 5593 922 5667 aliquid,et
951 5588 1468 5667 serntent_ia_pendet.

304 5656 399 5737 ('8),
419 5656 732 5722 Genuinum
761 5656 1120 5737 etintegrum
1149 5656 1450 5737 Epi’phanii
1471 5656 1809 5737 opus'deam

231 5724 462 5813 geminis
503 5751 632 5795 esse
656 5724 992 5809 perhibetur
1023 5730 1170 5800 quod
1197 5724 1285 5784 ’ἰὴ
1342 5724 1568 5803 antiqua
1621 5724 1811 5778 Latina

1911 4157 2126 4218 quarto,
2153 4148 2327 4218 prima
2359 4148 2751 4218 chrysolithus,
2779 4148 3020 4203 secunda
3047 4149 3309 4218 beryllus,
3336 4149 3495 4202 tertia

1911 4236 2224 4304 onychium.
2255 4235 2321 4289 Et
2353 4236 2470 4290 ista:
2499 4235 2720 4304 quidem
2750 4245 2878 4290 sunt
2910 4250 2987 4288 xu
3017 4251 3262 4304 gemmae.
3291 4251 3411 4305 qua}
3440 4236 3494 4288 in

1913 4326 2182 4382 humerali
2223 4327 2518 4399 (epomide)
2549 4326 2856 4382 sacerdotis
2889 4335 3018 4380 sunt
3070 4340 3318 4392 annexa,
3355 4341 3495 4396 qua-

1912 4431 2035 4472 rum
2070 4424 2186 4472 tum
2215 4417 2535 4472 discrimina
2575 4427 2687 4471 tum
2721 4415 2825 4472 loci
2858 4423 2987 4470 sunt
3019 4413 3106 4469 isti
3139 4432 3152 4469 :

1983 4615 2167 4672 Prima
2190 4633 2424 4688 gemma,
2447 4618 2667 4675 sardius
2691 4619 3024 4692 Bablenius
3050 4619 3216 4675 dicta.
3243 4615 3339 4674 Est
3364 4633 3495 4673 vero

1909 4707 2090 4762 forma
2136 4707 2316 4776 ignea,
2360 4717 2419 4762 et
2467 4723 2590 4778 quae
2635 4711 2926 4781 sanguinis
2977 4712 3215 4766 colorem
3265 4707 3490 4766 referat.

1915 4797 2102 4854 sardio
2133 4798 2269 4867 pisci
2305 4800 2418 4854 sale
2447 4800 2666 4857 condito
2696 4811 2751 4858 et
2783 4804 3086 4858 inveterato
3112 4801 3308 4857 similis
3334 4817 3348 4852 :
3385 4815 3490 4868 qua

1915 4890 1984 4945 de
2027 4904 2196 4944 causa
2229 4890 2392 4945 etiam
2440 4892 2661 4948 sardius
2705 4892 2928 4958 dicitur,
2963 4907 3000 4945 ‘a
3052 4891 3228 4945 forma
3263 4889 3489 4958 (colore)

1915 4981 2136 5037 nomine
2170 4981 2478 5050 desumpto.
2515 4982 2776 5038 Nascitur
2825 4983 2879 5037 in
2929 4981 3202 5052 Babylone
3243 4979 3494 5050 Assyrio-

1916 5086 2063 5125 rum.
2095 5069 2373 5124 Pellucida
2403 5078 2488 5126 est
2516 5089 2529 5124 :
2559 5078 2610 5125 et
2638 5071 2746 5124 vim
2794 5071 2957 5125 habet
3005 5068 3253 5124 medendi
3297 5069 3363 5122 ad
3407 5079 3489 5121 lu-

1916 5176 2099 5216 mores
2143 5175 2208 5216 ac
2261 5163 2488 5216 vulnera
2536 5161 2683 5217 ferro
2726 5160 2953 5216 inﬂicta.
2992 5160 3087 5216 Est
3131 5168 3185 5215 et
3233 5161 3336 5214 alia
3373 5175 3492 5229 qua:

1916 5251 2193 5322 sardonyx
2232 5260 2483 5317 vocatur,
2518 5254 2685 5324 226
2715 5263 2769 5309 et
2802 5254 3145 5318 molochites,
3177 5251 3282 5306 vim
3322 5250 3495 5304 emol-

1915 5340 2084 5396 liendi
2115 5351 2438 5398 steatomata
2471 5345 2698 5400 habens.
2735 5344 2994 5414 Ejusdem
3032 5345 3149 5400 llaec
3179 5339 3380 5396 coloris
3410 5349 3497 5392 est

1915 5447 2041 5488 cum
2088 5435 2394 5502 superiore,
2445 5435 2767 5490 subviridis.
2806 5435 3143 5491 Gravissima
3185 5437 3367 5486 autem
3409 5435 3495 5482 est

1917 5586 2168 5641 versione
2195 5594 2493 5656 repertum,
2520 5604 2585 5642 ex
2611 5587 2734 5644 cod.
2764 5586 3050 5654 Vaticano,
3073 5583 3275 5656 prodiit
3306 5579 3497 5635 Romae

1919 5657 2077 5713 1745.
2115 5657 2249 5712 Vide
2282 5657 2444 5711 infra.
2473 5657 2628 5712 Εοιτ.
