3994 6428
524 345 628 403 295

1907 339 1966 394 S.
2006 338 2345 397 EPIPIIANII

3642 347 3734 402 206

526 458 630 513 sub
658 454 873 510 initium
894 452 1064 510 veris.
1090 465 1212 507 cum
1247 450 1561 522 hujusmodi
1598 452 1757 506 mala:
1785 449 2099 507 aﬂ'ecliones

2211 452 2495 521 χλωρίζων.
2529 451 2981 523 Ἐμϐριθέστατος
3007 450 3064 503 δὲ
3091 450 3289 521 μᾶλλον
3311 450 3459 519 παρὰ
3477 451 3567 523 τὴν
3581 456 3738 525 ἀρχὴν

523 548 814 617 incipiunt.

1280 674 1342 730 ll.

596 788 869 859 Topazius
898 801 1107 859 gemma
1151 785 1336 839 colore
1370 783 1529 839 rubet
1560 781 1735 853 magis
1767 795 1933 851 quam
1971 794 2096 833 car-

526 880 817 936 bunculus.
852 877 1109 934 Nascitur
1133 878 1190 930 in
1224 874 1444 946 Topaza
1478 874 1615 929 urbe
1654 872 1842 934 Indiae,
1878 873 2097 926 inventa

528 971 803 1043 quondam
840 970 954 1023 illic
986 983 1017 1021 a
1048 967 1300 1038 lapicidis
1329 967 1384 1020 in
1410 965 1575 1020 corde
1607 964 1837 1018 alterius
1860 963 2097 1033 lapidis:

528 1076 692 1132 quam
725 1074 850 1114 cum
886 1057 1227 1128 splendidam
1259 1055 1549 1120 vidissent,
1581 1062 1636 1108 et
1671 1052 1952 1108 Thebanis
1980 1051 2102 1121 qui-

529 1149 757 1206 busdam
788 1146 1156 1203 ostendissent
1194 1158 1361 1214 parvo
1410 1143 1586 1213 pretio
1620 1143 1929 1198 vendidere.
1959 1141 2101 1197 The-

532 1240 658 1295 bani
685 1251 814 1294 vero
848 1247 961 1291 tum
994 1238 1254 1305 temporis
1292 1248 1518 1303 regnum
1575 1232 1978 1287 administranti
2013 1247 2103 1286 re-

530 1333 669 1403 gina:
694 1330 1018 1384 attulerunt.
1056 1326 1152 1381 Illa
1191 1340 1322 1381 vero
1365 1323 1662 1380 diademati
1701 1340 1802 1380 suo
1841 1325 2103 1395 imposuit

530 1422 585 1475 in
630 1420 807 1474 medio
861 1418 1078 1473 frontis.
1136 1416 1312 1471 Habet
1354 1417 1462 1472 tale
1505 1417 1935 1486 experimentum
1989 1418 2105 1470 haec

529 1524 740 1580 gemma
779 1527 791 1563 :
841 1508 1042 1562 Attrita
1074 1507 1284 1562 medica
1330 1516 1453 1561 cote
1499 1507 1679 1562 reddit
1720 1522 1945 1562 succum
1994 1521 2101 1560 nor:

532 1616 631 1671 pro
655 1615 757 1655 suo
786 1600 970 1654 colore
1000 1598 1252 1662 rubrum,
1279 1597 1373 1651 sed
1406 1598 1665 1653 lacteum.
1697 1596 1890 1666 Implet
1918 1603 2103 1650 autem

534 1704 699 1746 succo
740 1690 889 1745 illius
935 1689 1139 1742 attrita:
1179 1694 1316 1757 quot
1366 1692 1608 1741 crateres
1650 1687 1888 1740 voluerit
1923 1686 1970 1739 is
2011 1685 2105 1754 qui

537 1781 766 1844 aﬂ'ricat,
807 1780 969 1850 idque
1010 1780 1217 1848 absque
1260 1777 1464 1846 prioris
1511 1776 1773 1847 ponderis
1818 1778 1909 1831 illa
1946 1777 2106 1847 plane

537 1870 938 1925 imminutione.
974 1869 1138 1925 Utilis
1166 1878 1252 1925 est
1274 1884 1473 1925 succus
1507 1869 1595 1922 hic
1624 1868 1691 1921 ad
1718 1868 1938 1922 morbos
1970 1882 2107 1921 ocu-

536 1964 735 2017 lorum.
764 1960 973 2031 Epotus
1005 1962 1329 2017 adversatur
1362 1961 1616 2031 hydropi,
1655 1969 1711 2016 et
1750 1959 1998 2016 medetur
2026 1968 2111 2013 ta-

539 2054 883 2109 bescentibus
916 2052 986 2107 ab
1024 2067 1127 2107 uva
1156 2053 1367 2107 marina
1393 2045 1628 2120 sumpta.

615 2379 947 2451 Smaragdus
973 2394 1204 2451 gemma.
1233 2379 1465 2435 Vocatur
1490 2379 1606 2435 haec
1638 2380 1801 2435 etiam
1830 2380 2107 2449 prasinus,

537 2481 731 2543 estque
757 2473 919 2528 viridi
955 2472 1157 2536 colore,
1187 2480 1241 2525 et
1273 2470 1532 2526 dill‘erunt
1553 2479 1735 2526 tamen
1765 2472 2109 2541 aliquantum

538 2567 683 2621 inter
714 2580 795 2620 se.
827 2563 1057 2631 Quidam
1092 2563 1236 2618 enim
1267 2563 1391 2616 illos
1419 2561 2109 2627 vocantNeronianos,alii

542 2656 897 2710 Domitianos.
923 2654 988 2708 Et
1006 2652 1352 2708 Neronianus
1377 2653 1597 2723 quidem
1616 2668 1781 2723 parva
1803 2660 1888 2709 est
1913 2653 2109 2719 forma,

2193 540 2287 592 τοῦ
2317 540 2497 610 ἔαρος,
2525 542 2613 593 ὅτε
2637 543 2670 611 η
2697 542 2837 611 ἁρχὴ
2871 541 2981 591 τῶν
3014 541 3217 593 παθῶν.

2933 667 3011 723 Β’.

2268 775 2428 839 Λίθος
2472 774 2751 840 τοπάζιον,
2798 778 3029 849 ὲρυθρδς
3075 778 3153 849 τῷ
3185 779 3316 832 εἴδει
3368 779 3505 850 ὑπὲρ
3544 780 3629 835 τὸν
3658 783 3741 836 ἂν-

2196 863 2395 936 θρακα.
2456 865 2668 918 Γίνεται
2702 868 2723 898 ³
2757 865 2814 918 δὲ
2853 867 2910 918 ἐν
2959 867 3182 939 Τοπάζη
3236 868 3385 920 πόλει
3415 869 3513 939 τῆς
3557 867 3743 933 Ἰνδίας,

2197 956 2303 1008 ὑπὸ
2327 955 2437 1009 τῶν
2465 957 2647 1010 ὲκεῖσέ
2686 974 2818 1011 ποτε
2848 957 3029 1022 λίθους
3060 959 3457 1028 λατομούντων,
3488 961 3544 1011 ὲν
3571 960 3747 1031 καρδία

2197 1046 2385 1115 ἑτέρου
2430 1044 2615 1098 λίθου·
2653 1046 2712 1099 ὃν
2755 1048 2804 1099 οἱ
2844 1046 3248 1117 λατομήσαντες
3293 1047 3613 1116 θεασάμενοι
3638 1065 3745 1115 φαι-

2196 1134 2341 1205 δρὸν,
2368 1134 2462 1187 καὶ
2492 1135 2869 1201 ὑποδείξαντες
2912 1136 3252 1207 ἀλάϐαπρὸν
3272 1152 3413 1189 τισιν
3447 1138 3488 1200 ³,
3518 1136 3747 1189 ἀπέδοντο

2198 1224 2379 1293 ὀλίγου
2417 1227 2742 1297 τιμήματος.
2772 1226 2999 1297 Θηϐαῖοι
3043 1226 3101 1279 δὲ
3153 1227 3529 1298 προσήνεγκαν
3555 1230 3615 1297 τῇ
3647 1230 3747 1281 κατ’

2198 1314 2406 1369 ἐκεῖνον
2434 1318 2625 1388 καιρὸν
2652 1317 2939 1391 βασιλίσσῃ
2962 1336 2975 1348 ·
3007 1320 3041 1389 ή
3066 1318 3122 1371 δὲ
3145 1317 3406 1384 λαϐοῦσα,
3429 1320 3487 1371 ὲν
3510 1318 3582 1388 τῷ
3604 1318 3749 1384 αὐτῆς

2198 1404 2490 1477 διαδήματι
2520 1409 2684 1479 μέσον
2724 1409 2819 1462 τοῦ
2860 1410 3110 1480 μετώπου
3153 1410 3455 1481 περιέθετο.
3488 1411 3632 1479 Ἔχει
3653 1410 3701 1461 δὲ
3728 1412 3751 1457 6

2200 1500 2346 1563 λίθος
2373 1500 2603 1570 δοκιμὴν
2638 1501 2867 1554 τοιάνδε⁶
2893 1502 3231 1572 Τριϐόμενος
3263 1504 3320 1554 ὲν
3349 1503 3559 1573 ἰατρικῇ
3584 1504 3754 1571 ἀκόνῃξ

2201 1592 2302 1643 οὐκ
2337 1591 2567 1661 ἐρυθρὸν
2605 1591 2897 1645 ἀποδίδωσι
2950 1594 3092 1645 κατὰ
3118 1593 3179 1645 τὸ
3221 1592 3418 1663 χρῶμα
3466 1594 3554 1646 τὸν
3594 1594 3754 1663 χυλὸν,

2205 1682 2339 1735 ἀλλὰ
2371 1682 2716 1752 γαλακτώδη.
2768 1681 3100 1753 Ἐμπίπλησι
3133 1684 3191 1737 δὲ
3219 1684 3503 1757 κρατῆρας
3528 1684 3670 1747 ὅσους
3697 1685 3751 1737 ἂν

2209 1772 2339 1845 θέλῃ
2362 1772 2697 1843 ἀποτρίϐων,
2725 1773 2821 1826 καὶ
2840 1771 2935 1826 τοῦ
2958 1776 3222 1845 προτέρου
3249 1774 3491 1845 σταθμοῦ
3508 1774 3602 1827 οὐκ
3621 1775 3753 1827 ἐλατ-

2208 1863 2395 1916 τοῦται
2428 1864 2536 1916 οὐδ’
2559 1863 2715 1927 ὅλως.
2748 1865 3086 1935 Χρησιμεύει
3106 1865 3167 1927 δὲ
3195 1866 3288 1917 καὶ
3311 1866 3339 1917 6
3362 1864 3421 1930 ἐξ
3446 1864 3603 1918 αὑτοῦ
3623 1860 3755 1927 οὗτος

2208 1955 2369 2025 χυλὸς
2397 1954 2536 2027 πρὸς
2564 1955 2736 2019 πάθος
2765 1957 3081 2028 ὀφθαλμῶν.
3113 1958 3225 2009 Καὶ
3250 1956 3532 2027 πινόμενος
3558 1956 3611 2009 δὲ
3631 1958 3755 2009 ἀντι-

2211 2046 2375 2099 παθεῖ
2396 2046 2533 2117 πρὸς
2564 2046 2838 2117 ὕδρωπας,
2876 2048 2969 2101 καὶ
2992 2048 3116 2112 τοὺς
3150 2047 3258 2102 ἀπὸ
3284 2047 3560 2118 σταφυλῆς
3582 2047 3755 2101 θαλασ-

2213 2135 2333 2199 σίας
2373 2136 2824 2207 μαραινομένους.

2956 2273 3031 2329 Γ’.

2281 2379 2443 2445 Λίθος
2496 2382 2830 2454 σμάραγδος.
2864 2379 3031 2449 Οὗτος
3082 2386 3324 2440 καλεῖται
3375 2389 3470 2442 καὶ
3504 2387 3753 2458 πράσινος-

2214 2471 2368 2524 Ἐστι
2398 2472 2456 2525 δὲ
2486 2474 2579 2527 καὶ
2630 2475 2837 2544 χλωρὸς
2887 2475 2963 2545 τῷ
3005 2476 3155 2541 εἴδει,
3204 2477 3298 2531 καὶ
3330 2478 3560 2549 διαφορά
3598 2494 3673 2539 τις
3710 2477 3757 2526 ἐν

2210 2563 2416 2627 αὐτοῖς.
2450 2565 2608 2628 Τινὲς
2644 2565 2743 2636 μὲν
2780 2565 2887 2635 γὰρ
2920 2566 3115 2630 αὐτοὺς
3162 2568 3541 2638 Νερωνιανοὺς
3589 2564 3756 2619 καλοῦ·
3838 2594 3847 2603 ~

2215 2673 2326 2709 σιν·
2358 2655 2508 2709 ἄλλοι
2556 2656 2612 2709 δὲ
2656 2657 3032 2726 Δομετιανούς.
3081 2658 3190 2711 Καὶ
3234 2662 3263 2712 6
3307 2660 3408 2729 μὲν
3453 2659 3757 2731 Νερωνιανδς

544 2747 702 2803 valde
728 2745 936 2809 viridis,
972 2744 1301 2814 pellucidus,
1332 2750 1387 2797 et
1422 2743 1732 2813 splendens.
1767 2743 2111 2813 Appellatum

2212 2745 2408 2815 πικρός
2438 2746 2458 2777 ⁸
2487 2747 2602 2798 ἐστι
2624 2745 2701 2815 τῷ
2727 2746 2877 2812 εἴδει,
2904 2747 3105 2818 σφόδρα
3137 2749 3439 2820 χλωρίζων,
3467 2750 3651 2819 διειδὴς
3682 2748 3757 2800 καὶ

548 2851 679 2893 vero
716 2835 1085 2890 Neronianum
1132 2834 1246 2889 sive
1286 2832 1650 2888 Domitianum
1693 2832 2005 2903 huiusmodi
2046 2832 2112 2888 de

2214 2833 2467 2888 στίλϐων.
2515 2834 2813 2889 Καλεῖσθαι
2841 2836 2898 2889 δὲ
2931 2837 3271 2908 Νερωνιανὺν
3306 2839 3571 2909 λέγουσιν,
3612 2839 3757 2890 είτουν

547 2940 712 2981 causa
770 2924 981 2979 ferunt:
1035 2921 1305 2979 Neronem
1364 2923 1518 2979 aiunt
1573 2926 1687 2980 sive
1744 2922 2110 2977 Domitianum

2211 2924 2556 2997 Δομετιανὸν,
2597 2927 2687 2980 διὰ
2731 2928 2990 3000 τοιαύτην
3030 2931 3242 2984 αἰτίανο
3275 2933 3361 2986 ὃτι
3408 2933 3567 3002 φασὶν
3609 2931 3757 2983 ἔλαιον

542 3017 721 3072 oleum
760 3016 814 3071 in
863 3015 1033 3070 multa
1059 3029 1191 3070 vasa
1222 3013 1493 3071 infudisse
1522 3033 1535 3071 :
1570 3024 1625 3070 et
1654 3014 1940 3071 intervallo
1977 3022 2112 3068 tem-

2214 3012 2446 3089 Νέρωνα
2480 3016 2589 3107 εἴτε
2630 3019 2954 3107 Δομετιανὸν
2991 3022 3047 3073 ὲν
3092 3022 3306 3077 σκεύεσι
3346 3023 3526 3093 βαλεῖν
3560 3022 3755 3084 ἱκανοῖς,

541 3111 710 3179 poris,
755 3109 933 3163 oleum
966 3107 1195 3163 viridem
1228 3107 1467 3161 colorem
1502 3106 1864 3168 contraxisse,
1901 3104 2112 3172 hocque

2216 3107 2310 3160 καὶ
2354 3108 2418 3160 ὲκ
2463 3106 2557 3160 τοῦ
2595 3107 2675 3161 ίοῦ
2706 3104 2783 3181 τῷ
2821 3111 2997 3182 χρόνῳ
3049 3112 3447 3184 χλωραίνεσθαι
3488 3114 3545 3167 τὸ
3589 3113 3757 3171 ἔλαιον,

540 3201 661 3255 oleo
706 3209 913 3270 petram
958 3197 1237 3268 copiosius
1288 3198 1520 3269 rigatam
1572 3196 1868 3253 ﬂoridioris
1912 3194 2112 3251 coloris

2216 3198 2311 3252 καὶ
2336 3200 2400 3251 ὲκ
2428 3198 2617 3252 τούτου
2644 3200 2742 3271 τὴν
2771 3201 2974 3274 πέτραν
3000 3203 3361 3275 ποτιζομένην
3395 3204 3758 3276 περισσοτέρως

540 3292 803 3348 evasisse.
851 3291 957 3345 Alii
990 3291 1183 3346 dicunt
1212 3289 1483 3346 Neronem
1505 3291 1795 3361 quemdam
1830 3287 2116 3358 antiquum

541 3385 826 3448 artiﬁcem,
868 3398 1206 3454 gemmarum
1266 3386 1618 3454 sealptorem,
1667 3381 1936 3451 smaragdi
1977 3395 2117 3451 pra:-

543 3473 767 3540 cipuum
802 3486 962 3527 usum
1010 3471 1313 3535 invenisse,
1345 3480 1399 3527 et
1429 3486 1697 3541 gemmam
1730 3471 1890 3526 istam
1921 3471 1990 3525 ab
2025 3471 2119 3524 illo

544 3564 911 3619 Neronianam
950 3566 1153 3620 dictam
1190 3583 1203 3619 :
1235 3566 1326 3619 alii
1361 3581 1491 3620 vero
1536 3564 1898 3619 Domitianam
1936 3566 2121 3637 appel-

549 3657 650 3709 lari
683 3656 915 3710 malunt.
954 3655 1095 3710 Sunt
1123 3664 1302 3710 autem
1336 3665 1390 3711 et
1421 3656 1514 3709 alii
1554 3655 1829 3726 smaragdi
1868 3674 1881 3711 :
1923 3665 1976 3711 et
2008 3658 2121 3727 pri-

549 3763 670 3802 mus
713 3747 933 3818 quidem
983 3748 1231 3801 nascitur
1277 3747 1331 3800 in
1376 3745 1584 3811 Judaaa,
1624 3744 1935 3800 Neroniana
1966 3748 2121 3804 valde

546 3838 741 3892 similis
780 3856 793 3892 :
831 3838 966 3892 alter
1006 3852 1136 3892 vero
1179 3838 1235 3891 in
1290 3836 1609 3906 Aﬂthiopia,
1648 3851 1810 3907 quem
1859 3840 2023 3891 etiam
2065 3839 2120 3893 in

547 3926 782 3984 Phisone
823 3928 988 3983 ﬂuvio
1038 3929 1192 3983 nasci
1242 3929 1457 3983 dicunt.
1498 3928 1703 3983 Phison
1751 3938 1931 3984 autem
1976 3929 2119 3999 apud

547 4018 765 4074 Graecos
804 4017 1001 4084 Indus,
1054 4020 1197 4089 apud
1248 4019 1523 4074 Barbaros
1567 4018 1783 4089 Ganges
1868 4030 2116 4078 vocatur.

548 4112 718 4165 Aiunt
746 4112 910 4165 etiam
949 4112 1341 4166 carbunculum
1373 4112 1428 4165 in
1473 4112 1575 4166 hoc
1604 4110 1769 4166 ﬂuvio
1808 4111 1973 4181 gigni.
2008 4112 2120 4165 Illic

546 4200 712 4263 enim,
749 4197 909 4269 227
942 4201 1119 4270 inquit
1158 4200 1334 4255 Moses
1358 4200 1397 4268 ί,
1431 4200 1804 4256 carbunculus
1828 4209 1881 4255 et
1910 4214 2121 4271 gemma

549 4291 824 4361 prasinus.
856 4288 1060 4345 Ferunt
1096 4298 1274 4345 autem
1321 4290 1671 4361 smaragdum
1714 4291 1920 4360 speculi
1948 4293 2121 4347 instar

551 4381 813 4450 imagines
852 4380 1099 4436 reddere.
1140 4380 1389 4436 Tradunt
1430 4382 1594 4436 etiam
1643 4381 1972 4439 fabulatores
2010 4383 2119 4437 vim

549 4486 672 4523 eum
707 4470 903 4524 habere
932 4470 996 4523 ad
1029 4470 1404 4541 praedicendas
1436 4486 1526 4526 res
1566 4471 1801 4527 futuras.

1283 4603 1375 4658 Ν.

622 4712 999 4773 Carbunculus
1040 4733 1274 4789 gemma,
1302 4720 1542 4775 Puniceo
1588 4721 1772 4777 colore
1806 4720 1978 4777 ardet.
2014 4721 2121 4777 Na-

554 4806 727 4860 scitur
772 4806 824 4859 in
868 4805 1201 4875 Carthagine
1244 4809 1463 4879 Libyae,
1502 4824 1623 4877 qua
1671 4803 1874 4863 dicitur
1915 4810 2122 4865 Africa.

555 4896 693 4950 Sunt
729 4898 820 4967 qui
876 4898 947 4950 ita
985 4897 1219 4953 inveniri
1268 4899 1410 4953 hanc
1448 4914 1713 4969 gemmam
1757 4902 1942 4956 dicant
1983 4922 1995 4957 :
2034 4903 2122 4957 in-

552 4987 729 5041 terdiu
746 4987 964 5057 quidem
982 5003 1094 5043 non
1116 4988 1310 5049 videri,
1341 4989 1435 5043 sed
1462 5001 1627 5043 noctu
1658 4990 1832 5046 instar
1858 4992 2123 5063 lampadis

554 5086 613 5132 et
639 5081 891 5134 carbonis
921 5080 1273 5135 scintillantis
1303 5080 1521 5134 eminus
1543 5095 1607 5135 ac
1621 5082 1811 5150 procul
1834 5096 2117 5153 apparere.

553 5167 693 5223 llinc
731 5168 969 5239 agnitam
1010 5167 1102 5239 qui
1149 5184 1269 5223 eam
1310 5179 1583 5239 quaerunt,
1620 5171 1779 5226 facile
1813 5172 2117 5227 inveniunt.

552 5255 771 5311 Gestala
799 5258 1217 5326 quibuscunque
1252 5260 1500 5316 vestibus
1530 5269 1763 5332 tegatur,
1805 5262 1974 5316 latere
2011 5276 2120 5316 non

551 5354 749 5415 potest.
790 5345 1062 5417 Splendor
1093 5348 1242 5402 enim
1274 5350 1394 5418 ejus
1432 5358 1588 5406 extra
1621 5360 1802 5406 vestes
1847 5358 2116 5421 apparet:

554 5438 696 5491 unde
744 5438 907 5491 etiam
964 5437 1335 5493 carbunculus
1388 5442 1713 5511 appellatur.
1769 5441 2118 5496 Carbunculo

554 5527 832 5592 nonnihil,
875 5544 1067 5598 parum
1112 5530 1363 5598 quidem,
1404 5534 1599 5589 similis
1640 5542 1723 5589 est
1771 5550 1983 5605 gemma
2020 5550 2111 5590 ce-

627 5698 647 5729 ¹
673 5697 803 5756 Gen.
839 5717 900 5771 ll,
928 5705 1013 5759 12.
1089 5708 1108 5738 ¹
1136 5706 1381 5778 εὓρηται.
1459 5710 1479 5743 ³
1509 5711 1584 5775 ὡς
1609 5712 1948 5782 ἀλάϐαστρον
1976 5754 1992 5780 ,
2028 5714 2112 5771 vel
2140 5715 2399 5787 Θηϐαίοις
2423 5718 2584 5771 τισίν.
2663 5720 2685 5750 ⁸
2728 5717 2942 5789 μικρός.

2216 3286 2457 3353 ἐξανθεῖν
2495 3292 2559 3361 τῇ
2596 3292 2774 3362 χροιᾷ.
2814 3291 2996 3344 Ἀλλοι
3030 3292 3085 3346 δέ
3117 3309 3247 3363 φασι
3284 3294 3515 3365 Νέρωνά
3547 3311 3658 3347 τινα
3682 3309 3754 3344 τε·

2218 3380 2404 3451 χνίτην
2435 3379 2543 3433 τῶν
2592 3381 2836 3436 παλαιῶν
2859 3383 3227 3454 πιναροποιδν,
3262 3386 3439 3438 εῐτουν
3469 3385 3723 3455 λιθουργὸν
3743 3420 3756 3444 ,

2217 3470 2469 3541 ὲφευρεῖν
2518 3469 2579 3521 τὸ
2632 3470 3059 3540 ἀναγκαιότατον
3103 3471 3194 3525 τοῦ
3238 3473 3569 3545 σμαράγδου,
3600 3472 3681 3525 καὶ
3708 3470 3760 3521 ἐκ

2218 3560 2410 3614 τούτου
2463 3561 2806 3632 Νερωνιανὸν
2863 3563 3189 3617 καλεῖσθαι·
3243 3564 3293 3617 οἱ
3346 3565 3406 3617 δὲ
3454 3560 3757 3635 Δομετιανὸν.

2235 3650 2395 3704 Ἀλλὰ
2426 3652 2519 3705 καὶ
2556 3651 2704 3705 ἄλλοι
2752 3653 2856 3706 εἰσὶ
2895 3653 3216 3725 σμάραγδοι.
3262 3654 3320 3707 '0
3371 3656 3469 3725 μὲν
3498 3651 3760 3725 πρῶτοςὲν

2221 3745 2287 3814 τῇ
2330 3742 2579 3815 Ἰουδαία,
2609 3745 2747 3799 πάνυ
2784 3744 2975 3809 ἐοικὼς
2999 3745 3078 3815 τῷ
3106 3746 3460 3817 Νερωνιανῷ.
3500 3745 3557 3799 '0
3582 3744 3632 3796 δὲ
3666 3742 3761 3794 ’ἐτε-

2222 3851 2315 3905 ρος
2346 3835 2402 3887 ἐν
2426 3836 2493 3905 τῇ
2536 3834 2814 3908 Αἰθιοπίᾳ,
2850 3837 2910 3892 ὃν
2945 3838 3038 3894 καὶ
3067 3839 3124 3892 ὲν
3147 3837 3225 3909 τῷ
3265 3838 3530 3893 Φεισσῶνι
3565 3830 3761 3902 ποταμῷ

2220 3925 2434 3994 λέγεται
2463 3927 2841 3999 γεγεννῆσθαι.
2884 3928 3123 3983 Φεισσὼν
3150 3930 3206 3983 δέ
3252 3931 3347 3984 ὲστ
3361 3950 3411 3985 ιν
3441 3932 3469 3984 6
3506 3928 3645 3998 παρὰ
3669 3925 3759 3983 τοῖς

2224 4017 2479 4089 Ἕλλησιν
2520 4018 2675 4082 Ἰνδὸς
2698 4019 3048 4091 καλούμενος,
3091 4022 3242 4092 παρὰ
3273 4022 3389 4085 τοῖς
3413 4019 3694 4091 Βαρϐάροις
3715 4012 3759 4064 δὲ

2221 4113 2459 4183 Γάγγης.
2490 4113 2723 4181 Λέγουσι
2754 4112 2810 4164 δὲ
2839 4112 2932 4164 καὶ
2964 4110 3055 4163 τὸν
3093 4109 3342 4181 ἄνθρακα
3380 4113 3439 4164 ὲν
3475 4108 3612 4177 αὑτῷ
3640 4106 3760 4174 γίνε-

2224 4208 2366 4263 σθαι.
2405 4208 2550 4261 Ἐκεῖ
2571 4207 2699 4278 γὰρ,
2730 4206 2913 4276 φησὶν,
2937 4206 2966 4258 6
2991 4201 3219 4276 ἄνθραξ,
3248 4205 3341 4257 καὶ
3374 4207 3403 4257 6
3429 4203 3567 4266 λίθος
3592 4202 3618 4252 6
3646 4196 3761 4267 πρά-

2222 4316 2387 4363 σινος.
2431 4299 2497 4351 Ἦ
2526 4298 2588 4353 δὲ
2614 4300 2865 4368 δύναμις,
2909 4297 3061 4366 φασὶ,
3098 4296 3192 4350 τοῦ
3232 4296 3403 4362 λίθου,
3452 4294 3638 4365 δηλαδὴ
3683 4288 3759 4340 τοῦ

2224 4388 2560 4461 σμαράγδου,
2590 4391 2727 4461 πρὸς
2756 4388 2814 4439 τὸ
2841 4383 3253 4457 ὲνοπτρίζεσθαι
3284 4387 3586 4455 πρόσωπον.
3617 4378 3759 4445 Λέγε-

2153 4506 2195 4560 D
2224 4498 2311 4534 ται
2340 4480 2398 4534 δὲ
2431 4479 2582 4551 παρὰ
2616 4480 2727 4541 τοῖς
2762 4477 3077 4548 μυθοποιοῖς
3116 4476 3521 4549 προγνωστικὸς
3560 4470 3695 4526 εἶναι.
3778 4488 3782 4555 3

2975 4610 3049 4665 A'.

2293 4724 2455 4788 Λίθος
2478 4724 2701 4796 ἄνθραξ.
2732 4718 2898 4788 Οὗτος
2922 4721 3061 4785 εἶδος
3095 4722 3401 4791 ξυφοίνικον
3426 4722 3447 4753 ⁵
3475 4721 3600 4791 ἔχει.
3631 4715 3757 4768 Γίνεο

2219 4831 2309 4869 ται
2338 4813 2395 4866 δὲ
2438 4816 2496 4866 ὲν
2531 4813 2839 4883 Καρχηδόνι
2879 4813 2976 4881 τῆς
3012 4811 3237 4881 Λιϐύης,
3265 4812 3388 4880 ἥτις
3420 4806 3640 4877 Ἀφρικὴ
3671 4818 3755 4855 κα-

2219 4906 2411 4959 λεῖται.
2448 4906 2665 4975 Ἔτεροι
2702 4904 2759 4956 δέ
2789 4916 2921 4973 φασι
2964 4904 3056 4955 τὸν
3092 4902 3237 4955 λίθον
3280 4902 3465 4954 τοῦτον
3498 4900 3657 4959 οὕτως
3680 4893 3751 4944 εὑ·

2224 4996 2525 5067 ρίσκεσθαι,
2557 4998 2657 5049 οὐκ
2684 4998 2742 5049 ἐν
2765 4996 2946 5066 ἡμέρα
2972 4996 3454 5064 κατοπτευόμενον,
3484 4991 3611 5046 ἀλλὰ
3639 4981 3755 5039 κατὰ

2221 5088 2318 5158 τὴν
2379 5087 2549 5140 νύκτα
2594 5086 2875 5157 πόρρωθεν
2918 5085 3075 5148 δίκην
3121 5085 3398 5155 λαμπάδος
3435 5085 3468 5154 ἢ
3520 5080 3757 5145 ἄνθρακος

2223 5177 2686 5248 σπινθηρίζοντος,
2743 5178 2838 5229 καὶ
2891 5176 2966 5238 ὼς
3015 5175 3284 5248 μακρόθεν
3333 5174 3619 5244 φαίνοντος.
3664 5162 3755 5219 Καὶ

2218 5267 2405 5320 τούτου
2436 5268 2909 5334 ἐπιγινώσκοντες,
2943 5267 2991 5318 οἱ
3025 5267 3213 5319 τοῦτον
3239 5262 3638 5337 ἀνερευνῶντες,
3678 5257 3761 5324 ρᾳ-

2216 5356 2344 5420 δίως
2379 5357 2724 5429 εὑρίσκουσιν
2765 5357 2947 5412 αὐτόν.
2993 5356 3402 5427 Βασταζόμενον
3434 5352 3489 5406 δὲ
3529 5347 3756 5403 ἀδύνατον

2216 5446 2518 5500 διαλαθεῖν’
2574 5448 2780 5511 ὁποίοις
2816 5446 2925 5518 γὰρ
2968 5448 3036 5501 ἂν
3089 5449 3321 5518 ἱματίοις
3371 5437 3687 5512 κατακρυσῇ,
3726 5432 3753 5497 ή

2217 5537 2513 5607 ἁνταύγεια
2556 5540 2720 5593 αὐτοῦ
2767 5539 2964 5605 ἔξωθεν
3009 5539 3110 5609 τῆς
3160 5538 3447 5609 περιϐολῆς
3498 5532 3753 5603 «pali/5704'

3042 5719 3061 5751 ⁸
3084 5715 3441 5786 ὀξυφοίνικον.
