3994 6410
278 347 382 405 29⁸1

1534 346 1621 401 DE
1659 345 1754 401 XII
1795 346 2063 403 GEMMIS
2101 346 2324 401 LIBER.

3455 342 3562 398 9.98

282 471 406 526 ὅθεν
452 470 552 522 καὶ
597 468 810 540 ἄνθραξ
848 468 1129 547 κέκληται.
1162 469 1374 538 Ὀλίγον
1417 468 1475 523 δὲ
1506 473 1535 523 ό
1586 471 1873 541 κεραύνιος

1985 470 2229 533 raunius,
2264 481 2427 538 quem
2461 465 2628 536 aliqui
2651 466 2881 519 οἰνωπόν
2907 479 2935 519 a
2967 465 3081 520 vini
3107 465 3431 537 nigricantis
3464 479 3562 518 co—

287 563 433 627 λίθος
461 561 618 633 αὐτῷ
669 561 836 617 ἔοικε.
883 561 1124 616 Καλοῦσι
1157 562 1213 615 δὲ
1249 562 1343 615 τὸν
1389 561 1713 633 κεραύνιον,
1754 563 1880 616 .οίν-

290 655 461 709 ωπόν.
476 654 637 707 Ἐστι
659 653 717 707 δὲ
732 655 761 706 ό
780 652 1142 725 Χαλκηδόνιος
1158 654 1172 683 ¹
1191 652 1527 723 καλούμενος
1547 652 1693 717 λίθος
1707 669 1880 723 παρα-

294 743 522 815 πλήσιος
557 741 753 813 τούτῳ,
798 743 881 797 ὄτι
929 743 1024 797 καὶ
1067 745 1132 797 ἐκ
1163 742 1257 796 τοῦ
1302 743 1467 797 αὐτοῦ
1517 743 1682 797 τόπου
1728 744 1879 815 εὑρί-

296 851 509 890 σκεται.

1049 947 1127 1003 E'.

366 1040 530 1104 Λίθος
555 1040 857 1113 σάπφειρος
901 1039 1270 1113 πορφυρίζων,
1298 1040 1374 1103 ὡς
1405 1039 1640 1111 βλάττης
1665 1038 1878 1111 πορφύ-

301 1148 402 1205 ρας
425 1130 502 1201 (9)
537 1131 639 1202 τῆς
670 1133 930 1205 μελαίνης
955 1134 1015 1187 τὸ
1035 1128 1196 1197 εἶδος.
1230 1130 1408 1185 Πολλὰ
1431 1131 1488 1185 δὲ
1521 1131 1651 1202 γένη
1683 1130 1877 1185 τούτου

298 1224 658 1294 ὑπάρχουσιν.
707 1225 863 1278 Ἔστι
900 1224 1009 1295 γὰρ
1048 1224 1077 1276 ό
1132 1223 1428 1294 βασιλικὸς,
1479 1222 1875 1294 χρυσοστιγής*

300 1317 357 1370 οὐ
383 1317 529 1370 πάνυ
549 1310 777 1381 δὲοῦτος
803 1316 1238 1388 θαυμαζόμενος,
1256 1316 1332 1380 ὡς
1357 1318 1385 1369 ὁ
1405 1316 1579 1370 διόλου
1608 1314 1880 1387 πορφυρί-

299 1408 430 1474 ζων.
461 1408 574 1462 Καὶ
596 1401 750 1473 οὗτος
776 1409 833 1461 δὲ
860 1407 1076 1477 λέγεται
1101 1403 1243 1461 εἶναι
1277 1409 1335 1461 ἐν
1362 1410 1428 1479 τῇ
1476 1408 1638 1480 Ἰνδίᾳ
1662 1408 1759 1462 καὶ
1784 1410 1882 1462 Δία

298 1499 508 1570 θιοπίᾳ.
544 1501 636 1552 Διὸ
678 1500 740 1553 τὸ
771 1500 995 1571 τέμενος
1031 1500 1183 1571 παρὰ
1205 1500 1390 1563 Ἰνδοῖς
1419 1501 1583 1570 φασὶν
1622 1495 1762 1554 εἶναι
1784 1498 1876 1553 τοῦ

296 1589 554 1643 Διονύσου
583 1589 690 1656 τξέ
714 1589 1064 1660 ἀναϐαθμοὺς
1094 1589 1215 1660 ἔχον
1249 1592 1314 1643 ex
1356 1588 1660 1661 σαπφείρου
1701 1590 1876 1657 λίθου,

296 1679 347 1730 εἰ
368 1679 462 1731 ul.
488 1682 603 1741 τοῖς
629 1677 842 1741 πολλοῖς
871 1677 1107 1748 ὑπάρχει
1126 1678 1373 1732 ἄπιστον.
1402 1680 1558 1732 Ἐστι
1584 1679 1640 1733 δὲ
1668 1678 1881 1751 θαυμα-

299 1770 426 1832 στὸς
448 1772 477 1823 δ
501 1769 647 1833 λίθος
688 1770 783 1823 καὶ
813 1771 1208 1834 εὐειδέστατος,
1232 1760 1342 1824 ”καὶ
1372 1769 1752 1843 χαριέστατος.
1784 1771 1879 1825 Διὸ

295 1862 393 1916 καὶ
422 1864 481 1915 ὲν
512 1865 623 1926 τοῖς
647 1865 667 1895 ⁸
697 1862 900 1932 χλιδόσι
924 1864 1019 1917 καὶ
1043 1863 1330 1934 ὁρμίσκοις
1370 1862 1724 1918 κατατιθέασι
1751 1863 1877 1917 τοῦ·

292 1971 406 2019 τον,
435 1955 669 2024 μάλιστα
698 1957 748 2010 oi
783 1955 1042 2026 βασιλεῖς.
1072 1954 1411 2022 ’Δλεξίπονος
1436 1955 1495 2010 δέ
1519 1958 1657 2012 ἐστι.
1687 1956 1876 2028 Τριϐό-

296 2064 459 2117 μενος
503 2047 614 2119 γὰρ
645 2047 739 2101 καὶ
793 2048 1083 2120 ψυδράκων
1131 2048 1227 2102 καὶ
1277 2049 1542 2120 φυμάτων
1583 2050 1877 2120 γινομένας

293 2138 510 2208 πληγὰς
532 2139 630 2192 σὺν
651 2138 884 2207 γάλακτι
907 2140 1073 2206 ίᾶται,
1096 2140 1386 2212 χριόμενος
1405 2143 1520 2205 τοῖς
1540 2140 1876 2213 ἡλκωμένοις

291 2230 501 2293 τόποις.
538 2230 851 2302 Γέγραπται
895 2230 951 2284 δὲ
978 2233 1072 2285 καὶ
1121 2232 1181 2285 ὲν
1216 2231 1296 2303 τῷ
1323 2232 1497 2304 νόμῳ,
1539 2232 1638 2304 τὴν
1667 2232 1873 2303 Μωϋοῇ

289 2320 555 2389 ὀφθεῖσαν
596 2321 861 2376 ὀπτασίαν
883 2325 942 2376 ὲν
977 2322 1057 2394 τῷ
1089 2323 1227 2395 δρει,
1265 2323 1360 2377 καὶ¹
1384 2322 1627 2376 δοθεῖσαν
1653 2322 1877 2393 νομοθεσ-

293 2414 436 2481 σίαν,
471 2414 565 2467 ἐπὶ
593 2414 743 2468 λίθου
771 2415 1073 2488 σαπφείρου
1099 2415 1401 2487 πεφυκέναι
1430 2414 1668 2484 λέγεται.

1041 2610 1131 2677 (Γ.

361 2699 527 2763 Λίθος
558 2701 763 2763 ίασπις.
804 2693 969 2765 Οὗτός
1010 2701 1125 2754 ἐστι
1164 2700 1242 2770 τῷ
1287 2700 1416 2754 εῖδει
1466 2694 1873 2771 σμαραγδίςων,

292 2794 449 2864 παρὰ
492 2792 549 2845 δὲ
578 2791 647 2846 τὰ
678 2792 831 2864 χείλη
870 2794 961 2846 τοῦ
1002 2793 1385 2866 Θερμώδοντος
1435 2790 1681 2863 ποταμοῦ
1721 2789 1876 2859 εὑρί-

295 2903 510 2952 σκεται,
549 2886 643 2939 καὶ
682 2886 808 2957 περὶ
847 2885 1209 2956 Ἀμαθοῦντα,
1240 2887 1302 2939 οὐ
1341 2886 1467 2950 τοὺς
1504 2888 1561 2941 έν
1595 2885 1804 2959 Κύπρῳ
1834 2886 1874 2938 ³.

290 2976 438 3034 Ἀλλ’
471 2977 587 3031 ἐστι
635 2978 791 3046 γένος
836 2977 970 3032 πολὺ
1015 2977 1349 3050 καλούμενον
1389 2978 1767 3050 Ἀμαθούσιον.
1803 2978 1876 3032 Τὸ

293 3070 436 3135 εἶδος
480 3070 539 3124 δὲ
582 3071 784 3124 τοιόνδε
819 3071 936 3123 ἐστὶ
979 3070 1072 3124 τοῦ
1110 3070 1289 3124 λίθου·
1323 3070 1483 3124 Κατὰ
1521 3073 1620 3142 τὴν
1662 3071 1876 3143 σμάρα-

1983 559 2097 613 lore
2130 558 2545 628 cognominant.
2580 557 2675 611 Est
2721 560 2885 612 etiam
2920 573 3133 627 gemma
3164 559 3313 612 dicta
3337 557 3563 612 carche-

1980 652 2180 707 donius
2217 667 2325 706 non
2361 651 2635 707 absimilis
2669 651 2819 716 huic,
2847 652 3106 722 quoniam
3139 658 3194 705 et
3221 651 3422 707 ibidem
3452 649 3561 706 loci

1981 746 2273 816 reperitur.

2053 1032 2360 1103 Sapphirus
2386 1046 2602 1104 gemma
2631 1030 3007 1102 purpurascit,
3042 1038 3099 1085 ut
3121 1029 3335 1101 species
3352 1029 3560 1090 blatta.

1982 1122 2034 1176 id
2070 1130 2180 1188 est,
2209 1139 2466 1194 purpurae
2492 1124 2683 1193 nigrae.
2711 1121 2880 1177 Multa
2912 1130 3043 1178 sunt
3067 1122 3188 1191 ejus
3215 1137 3435 1193 genera.
3468 1124 3564 1177 Est

1981 1215 2126 1270 enim
2175 1215 2383 1284 regius,
2428 1214 2612 1270 aureis
2651 1218 2874 1285 punctis
2918 1214 3124 1268 varius.
3165 1212 3279 1267 Non
3315 1220 3402 1268 est
3431 1228 3562 1268 vero

1980 1306 2073 1362 hic
2106 1307 2161 1361 in
2204 1313 2357 1362 tanta
2397 1307 2784 1374 admiratione,
2825 1316 3029 1378 quanta
3072 1306 3163 1361 ille
3201 1306 3297 1374 qui
3334 1302 3563 1377 prorsus

1981 1397 2352 1467 purpurascit.
2385 1395 2452 1450 Et
2493 1397 2581 1452 hic
2619 1396 2824 1453 dicitur
2842 1412 2968 1453 esse
3006 1410 3132 1453 cum
3169 1398 3224 1452 in
3259 1397 3410 1453 India
3446 1407 3561 1454 tum

1979 1491 2144 1543 etiam
2167 1489 2223 1544 in
2244 1489 2552 1560 EthiOpia.
2581 1488 2855 1556 Quocirca
2880 1491 3036 1545 aiunt
3061 1489 3206 1560 apud
3232 1489 3395 1546 Indos
3425 1499 3563 1545 tem-

1979 1582 2129 1652 plum
2171 1590 2515 1638 exstructum
2562 1582 2779 1638 Baccho
2806 1589 3045 1646 exstare,
3081 1583 3224 1653 quod
3258 1583 3461 1654 gradus
3492 1599 3561 1638 ex

1982 1673 2247 1743 sapphiro
2308 1682 2586 1730 trecentos
2657 1675 2942 1744 sexaginta
2999 1675 3244 1745 quinque
3317 1675 3558 1740 habeat,

1980 1765 2235 1834 quamvis
2291 1765 2448 1819 multi
2512 1765 2672 1820 ﬁdem
2736 1782 2842 1821 non
2902 1766 3217 1823 adhibeant.
3272 1768 3369 1823 Est
3432 1783 3563 1823 vero

1984 1869 2197 1925 gemma
2233 1848 2595 1919 admirabilis,
2622 1855 3009 1924 pulcherrima,
3036 1855 3351 1927 gratissima
3383 1875 3398 1912 :
3432 1871 3563 1926 pro-

1986 1955 2173 2019 pterea
2212 1946 2375 2003 etiam
2418 1946 2473 2001 in
2515 1947 2747 2003 armillis
2786 1954 2840 2002 et
2874 1948 3175 2003 monilibus
3208 1949 3398 2018 reponi
3427 1965 3561 2004 con-

1985 2038 2182 2102 suevit,
2225 2037 2390 2109 idque
2437 2037 2785 2107 potissimum
2814 2053 2847 2092 a
2884 2039 3127 2109 regibus.
3155 2036 3360 2094 Locum
3397 2040 3564 2094 etiam

1984 2130 2132 2184 inter
2181 2129 2422 2184 remedia
2481 2129 2666 2184 habet.
2718 2130 2917 2185 Attrita
2974 2131 3120 2185 enim
3162 2137 3217 2185 et
3267 2130 3393 2185 lacti
3440 2146 3558 2201 pcr-

1985 2221 2147 2277 mista
2184 2222 2360 2292 plagis
2403 2208 2526 2292 qua:
2559 2220 2696 2276 ﬁunt
2725 2237 2790 2277 ex
2838 2223 3074 2292 pustulis
3115 2223 3255 2278 albis
3285 2230 3342 2279 et
3379 2223 3559 2278 tuber-

1985 2314 2126 2369 culis
2156 2314 2426 2380 medetur,
2453 2314 2498 2368 si
2537 2314 2649 2368 illis
2689 2314 2956 2370 illinatur.
2986 2312 3264 2384 Scriptum
3296 2323 3383 2371 cst
3410 2321 3465 2370 et
3508 2316 3562 2368 in

1982 2407 2125 2477 lege,
2156 2407 2424 2462 visionem
2460 2422 2582 2477 qum
2617 2405 2755 2462 Mosi
2786 2407 3039 2476 apparuit
3078 2406 3133 2460 in
3159 2418 3364 2471 monte,
3400 2415 3455 2461 et
3492 2407 3557 2458 le.

1984 2514 2103 2570 gem
2146 2500 2355 2564 datam,
2391 2501 2448 2555 in
2489 2514 2703 2572 gemma
2732 2498 2994 2571 sapphiro
3020 2498 3194 2554 fuisse
3224 2511 3561 2569 expressam.

2726 2613 2814 2670 Vl.

2053 2706 2235 2777 Jaspis
2289 2723 2526 2779 gemma.
2572 2707 2699 2764 Ilaec
2738 2709 3088 2780 smaragdum
3129 2705 3301 2763 forma
3333 2706 3562 2776 (colore)

1986 2799 2173 2857 refert.
2214 2800 2496 2856 Invenitur
2534 2801 2600 2855 ad
2636 2800 2787 2871 ripas
2838 2800 3261 2856 Thermodontis
3304 2797 3475 2859 ﬂuvii,
3510 2806 3562 2852 et

1984 2892 2131 2947 circa
2184 2893 2573 2948 Amathuntem
2627 2893 2794 2963 228
2853 2892 3112 2963 Oppidum
3159 2891 3346 2964 Cypri.
3388 2888 3563 2960 Hujus

1984 3000 2115 3040 vero
2162 2985 2363 3053 lapidis
2391 2984 2700 3039 Amathusii
2746 2983 2878 3040 dicti
2933 2985 3107 3039 multa
3153 2990 3286 3040 sunt
3331 2999 3559 3054 genere.

1982 3076 2138 3143 Quod
2171 3076 2240 3130 ad
2269 3076 2532 3141 colorem,
2570 3075 2709 3131 viret
2741 3084 2799 3135 ut
2831 3076 3190 3145 smaragdus;
3222 3074 3319 3130 sed
3354 3082 3441 3131 est
3461 3076 3561 3129 ob-

293 3165 422 3234 γδόν
459 3165 579 3218 ἔστι
604 3162 963 3234 χλωρίζοιισα,
1003 3162 1140 3215 ἀλλὰ
1164 3163 1481 3234 ἀμϐλυτέρα
1502 3163 1596 3215 καὶ
1634 3163 1873 3233 ἀμαυρο-

1985 3168 2158 3224 tusior
2173 3176 2229 3223 et
2253 3168 2524 3223 hebetior.
2557 3166 2707 3224 Intus
2730 3182 2933 3238 corpus
2959 3168 3124 3223 habet
3147 3167 3341 3233 viride,
3365 3166 3563 3222 similis

295 3254 452 3324 τέρα.
488 3253 599 3306 Καὶ
628 3251 838 3304 ἔνδοθεν
880 3250 1083 3323 χλωρὸν
1116 3251 1230 3322 ἔχει
1262 3251 1323 3305 τὸ
1354 3252 1535 3322 σῶμα,
1578 3252 1787 3305 ἐοικυῖα
1814 3250 1877 3321 ἰῷ

301 3343 523 3413 χαλκοῦ,
586 3342 759 3414 ἔχοντι
795 3341 997 3413 φλέϐας
1046 3343 1466 3416 τετραστίχουςο
1515 3342 1592 3406 ὼς
1632 3341 1688 3396 δὲ
1719 3341 1878 3397 τοῦτο

308 3436 613 3505 ἠκούσαμεν
638 3432 778 3488 εἷναι
803 3434 1124 3505 φαντασίας,
1149 3435 1226 3499 ὡς
1249 3438 1297 3488 οί
1329 3434 1614 3507 μυθολόγοι
1641 3436 1661 3467 ⁸
1689 3434 1872 3503 λέγου-

308 3542 413 3581 σιν.
460 3529 626 3597 Ἀλλη
669 3528 726 3581 δέ
760 3530 877 3581 ἐστι
909 3528 1251 3601 γλαυκοτέρα
1277 3528 1575 3597 θαλάσσης,
1607 3527 1877 3599 βαθυτέρα

300 3618 379 3689 τῷ
404 3619 550 3672 ἄνθει
580 3620 675 3672 καὶ
705 3622 771 3691 τῇ
814 3619 981 3692 βαφῇ.
1021 3619 1187 3691 ’Λλλη
1222 3620 1279 3673 δὲ
1324 3623 1381 3674 ἐν
1414 3624 1527 3684 τοῖς
1574 3620 1874 3692 σπηλαίοις,

294 3711 357 3764 ὲν
386 3710 463 3781 τῷ
498 3711 615 3782 ὄρει
655 3714 752 3782 τῆς
800 3712 943 3781 Ἴδης
974 3713 1031 3765 ἐν
1067 3714 1132 3782 τῇ
1175 3713 1403 3784 Φρυγίᾳ,
1451 3713 1783 3783 όμοιάζουσα
1810 3714 1874 3783 τῇ

293 3802 410 3855 ἀπὸ
434 3801 526 3855 τοῦ
547 3803 775 3871 αἵματος
793 3802 813 3833 ⁵
838 3801 1050 3872 κόχλου,
1066 3802 1426 3873 διαυγεστέρα
1453 3802 1671 3873 μᾶλλον,
1690 3802 1878 3874 ὥσπερ

292 3896 428 3963 οἴνῳ
454 3892 801 3963 ὁμοιάζουσα,
836 3893 868 3963 ἦ
904 3893 1211 3962 ἁμεθύστου
1254 3894 1552 3967 ξανθοτέρα
1586 3895 1624 3950 ⁸.
1662 3896 1737 3948 Οὐ
1767 3894 1877 3967 γάρ

292 3988 417 4037 ἐστι
469 3986 597 4054 μιᾶς
643 3988 849 4055 χροιᾶς,
890 3987 1011 4040 οὐδὲ
1055 3986 1153 4057 τῆς
1188 3985 1357 4056 αὐτῆς
1402 3986 1703 4057 δυνάμεως.
1734 3986 1875 4038 Ἀλλ’

293 4078 329 4146 ἡ
383 4075 483 4143 μὲν
532 4074 643 4128 έςτι
687 4077 1006 4147 χαυνοτέρα,
1048 4076 1141 4129 καὶ
1194 4075 1512 4147 λευκοτέρα,
1558 4075 1681 4129 οὔτε
1735 4077 1875 4131 πάνυ

294 4166 610 4231 στίλϐουσα,
644 4166 766 4221 οὔτε
800 4168 960 4221 πάλιν
994 4168 1294 4221 ἀποδέουσα
1315 4183 1326 4196 ·
1354 4168 1485 4238 ἄλλη
1515 4166 1571 4219 δὲ
1604 4164 1876 4236 κρυστάλ-

291 4259 390 4310 λου
446 4258 598 4311 ὕδατι
653 4261 832 4331 ὁμοία.
869 4262 1103 4329 Λέγεται
1147 4260 1203 4314 δὲ
1252 4260 1358 4314 ὑπὸ
1397 4260 1505 4312 τῶν
1566 4256 1876 4330 μυθοποιῶν

294 4351 432 4413 ἄκος
475 4347 610 4405 εἶναι
662 4352 968 4422 φαντασιῶν
1001 4354 1042 4407 ⁷.
1097 4351 1310 4424 Εὑρὲθη
1355 4352 1412 4405 δὲ
1461 4351 1610 4422 παρὰ
1662 4349 1876 4421 Ἴϐηρσι

296 4442 395 4495 καὶ
425 4444 677 4513 ποιμέσιν
718 4444 999 4515 Ὑρκανῶν
1027 4446 1139 4508 τοῖς
1168 4445 1308 4498 κατὰ
1336 4444 1433 4515 τὴν
1468 4442 1721 4496 Κασπίαν
1751 4442 1873 4513 γῆν.

1978 3259 2234 3328 aerugini,
2284 3258 2560 3330 habetque
2618 3276 2789 3315 venas
2835 3267 3074 3331 quatuor
3110 3258 3391 3314 ordinum.
3438 3246 3563 3313 me}:

1979 3349 2146 3405 noxia
2177 3350 2569 3420 phantasmata
2601 3352 2850 3422 expellit,
2872 3360 2933 3405 ut
2964 3351 3186 3422 quidam
3225 3351 3560 3406 fabulantur.

1978 3440 2075 3498 Est
2115 3451 2169 3497 et
2212 3443 2317 3498 alia
2363 3444 2539 3515 magis
2582 3445 2775 3515 glauca
2825 3460 2989 3515 quam
3042 3459 3215 3509 mare,
3266 3445 3563 3499 saturatinr

1981 3534 2117 3588 ﬂore
2140 3540 2198 3590 ct
2231 3533 2494 3589 tinctura.
2519 3534 2640 3589 Alia
2667 3537 2941 3607 reperitur
2965 3536 3019 3589 in
3049 3535 3330 3605 speluncis
3360 3538 3558 3592 montis

1980 3624 2088 3679 Idae
2120 3625 2176 3678 in
2210 3623 2470 3696 Phrygia,
2515 3626 2846 3697 pellucidior
2882 3641 3126 3697 purpura
3153 3641 3277 3696 qua:
3320 3626 3558 3681 cochlezc

1979 3715 2210 3772 marinae
2241 3718 2510 3789 sanguine
2540 3719 2857 3788 tingitur,et
2889 3719 3000 3772 vini
3034 3717 3357 3789 nigricantis
3388 3717 3558 3772 colori

1979 3808 2234 3872 similior,
2253 3810 2560 3881 amethysto
2576 3809 3010 3866 saturatior.Ncc
3026 3811 3168 3865 enim
3183 3811 3343 3865 unius
3356 3818 3410 3864 et
3423 3809 3557 3878 ejus-

1981 3902 2101 3955 dem
2124 3901 2325 3957 coloris
2344 3916 2407 3956 ac
2424 3901 2703 3957 facultatis
2719 3901 3023 3974 cstjaspis;
3056 3902 3149 3957 sed
3187 3903 3302 3957 haec
3340 3902 3558 3973 quidem

1981 3993 2198 4047 mollior
2227 4003 2309 4048 est
2341 4002 2395 4049 et
2434 3993 2629 4055 albior,
2657 4011 2777 4065 qua:
2811 4011 2989 4066 neque
3012 3994 3171 4050 valde
3197 3994 3355 4062 nitet,
3385 4010 3558 4066 neque

1978 4099 2176 4141 rursus
2201 4084 2497 4155 Splendore
2522 4087 2877 4156 destituitur;
2904 4089 3009 4143 alia
3033 4105 3163 4145 vero
3188 4091 3385 4146 similis
3406 4107 3557 4162 aquae

1979 4176 2197 4246 glacici.
2235 4176 2486 4231 Tradunt
2515 4177 2858 4235 fabulatorcs
2887 4180 2991 4234 hac
3017 4180 3134 4250 ipsa
3166 4183 3294 4251 pelli
3324 4184 3549 4255 phanta-

1979 4279 2177 4321 smata.
2216 4266 2501 4324 Invenitur
2544 4278 2729 4324 autem
2780 4271 2925 4339 apud
2975 4273 3162 4328 Iberos
3208 4281 3262 4328 et
3309 4282 3557 4343 pastores

1980 4356 2289 4428 Hyrcanos,
2338 4360 2429 4430 qui
2484 4368 2690 4415 terram
2742 4360 3001 4433 Caspiam
3046 4363 3322 4419 accolunt.
3361 4364 3457 4420 Est
3505 4375 3557 4419 et

1981 4451 2124 4506 alius
2170 4451 2369 4522 jaspis,
2395 4469 2506 4507 non
2560 4453 2721 4510 valde
2776 4455 3098 4525 splendens,
3132 4457 3350 4513 viridis.
3384 4458 3480 4513 Est
3507 4467 3558 4513 ct

298 4529 472 4601 ¹Ἄλλη
508 4531 565 4583 δὲ
616 4532 821 4597 ἴασπις,
866 4533 927 4585 οὐ
981 4532 1121 4587 πάνυ
1164 4533 1481 4604 λάμπουσα,
1506 4531 1711 4603 χλωρὰ,
1755 4532 1873 4603 ἥτις

1985 4544 2125 4600 alius
2154 4545 2296 4599 idem
2315 4547 2564 4617 antiquus
2596 4556 2847 4611 vocatus,
2870 4549 3070 4606 similis
3095 4550 3207 4606 nivi
3235 4566 3331 4606 seu
3354 4566 3556 4622 spuma'

294 4623 415 4694 ἔχει
444 4624 705 4695 γραμμὰς
746 4624 935 4694 μέσας.
966 4625 1074 4679 Καὶ
1120 4625 1276 4688 ἄλλος
1316 4624 1502 4687 ἴασπις
1539 4623 1567 4674 ὁ
1613 4622 1873 4688 παλαιὸς

295 4715 648 4785 καλούμενος,
672 4716 915 4786 ὅμοιοςῆ
956 4716 1113 4787 χιόνι,
1144 4715 1175 4785 ἢ
1215 4714 1376 4787 ἀφρῷ
1409 4714 1705 4785 θαλάσσης.
1738 4713 1874 4767 Τοῦ-

294 4806 392 4858 τόν
426 4822 584 4873 φασιν
606 4807 656 4859 οἱ
684 4805 966 4876 μυθοποιοὶ
992 4808 1119 4870 τοὺς
1148 4806 1318 4878 θῆρας
1349 4805 1475 4869 τοὺς
1511 4806 1569 4858 ἐν
1589 4803 1747 4875 ἀγρῷ
1779 4821 1875 4873 φο-

293 4895 530 4961 ϐεῖσθαι,
552 4899 647 4951 καὶ
673 4899 742 4952 τὰ
772 4898 1056 4970 φάσματα.

1039 5034 1110 5088 Z'.

360 5125 524 5189 Λίθος
562 5126 803 5198 λιγύριον
834 5127 876 5181 ⁸.
907 5126 1109 5179 Τούτου
1149 5126 1205 5179 δὲ
1234 5126 1331 5199 τὴν
1376 5126 1591 5200 εὕρεσιν
1617 5128 1872 5200 οὐδαμῶς

290 5216 559 5289 ἔγνωμεν,
592 5218 715 5272 οὔτε
760 5219 908 5292 παρὰ
952 5219 1305 5289 φυσιολόγοις,
1355 5219 1477 5272 οὔτε
1525 5221 1674 5291 παρά
1728 5238 1871 5276 τισιν

291 5311 537 5381 ἀρχαίοις
580 5316 688 5377 τοῖς
723 5313 850 5386 περὶ⁴
892 5312 1096 5367 τούτων
1152 5313 1640 5385 μεμεριμνηκόσιν.
1694 5312 1869 5386 Εὖρο-

291 5419 397 5473 μεν
423 5403 479 5457 δὲ
519 5404 839 5476 λαγκούριον
870 5405 1014 5458 οὕτω
1055 5404 1385 5476 καλούμενον
1417 5404 1582 5472 λίθον,
1631 5406 1689 5460 ὃν
1723 5423 1866 5469 τινες

361 5562 381 5593 ¹
416 5563 790 5632 καρχηδόνιος.
856 5567 877 5596 ²
909 5567 1049 5629 ταῖς.
1125 5565 1146 5597 ³
1174 5563 1515 5635 Ἀμαθοῦντα
1546 5565 1642 5636 τὴν
1680 5566 1738 5617 ἐν
1778 5565 2011 5638 Κύπρῳ.
2093 5566 2115 5598 ’⁸
2140 5566 2358 5637 ἔχουσα.

361 5633 602 5698 σμάτων,
628 5635 680 5685 οἱ
716 5633 840 5702 μυθ.
916 5636 936 5667 ⁵
968 5635 1253 5707 πορφύρας
1280 5635 1378 5705 τῆς
1416 5636 1524 5688 ἀπὸ
1548 5634 1641 5689 τοῦ
1669 5636 1791 5706 αῖμ.
1868 5636 1891 5668 ⁸
1916 5636 2205 5709 βαθυτέρα.
2280 5639 2300 5670 ⁷
2328 5654 2358 5706 φ

280 5633 602 5698 τασμάτων,
628 5635 680 5685 οἱ
716 5633 840 5702 μυθ.
916 5636 936 5667 ⁵
968 5633 1253 5707 πορφύρας
1280 5635 1378 5705 τῆς
1416 5636 1524 5688 ἀπὸ
1548 5633 1641 5689 τοῦ
1669 5636 1791 5706 αῖμ.

1979 4638 2229 4692 marinae.
2267 4638 2425 4695 Hunc
2462 4640 2688 4696 tradunt
2733 4641 3074 4699 l‘abulatores
3109 4650 3225 4699 tum
3258 4650 3556 4700 venenatas

1976 4729 2206 4794 bestias,
2245 4738 2358 4785 tum
2396 4733 2561 4788 etiam
2592 4741 2812 4804 spectra
2847 4741 3112 4791 metuere.

2718 5038 2828 5093 VII.

2047 5129 2303 5201 Ligynas
2333 5130 2420 5188 vel
2446 5129 2734 5203 lyncurius
2767 5144 3003 5201 gemma.
3053 5129 3129 5186 Dc
3158 5129 3326 5200 hujus
3360 5130 3553 5188 inven-

1978 5224 2125 5279 tione
2153 5226 2237 5280 vel
2278 5225 2424 5297 apud
2458 5230 2669 5278 naturae
2709 5223 3085 5295 indagatores,
3116 5224 3204 5280 vel
3242 5224 3386 5296 apud
3416 5226 3553 5280 alios

1975 5326 2209 5381 veteres,
2245 5319 2338 5387 qui
2380 5318 2575 5372 harum
2625 5332 2808 5373 rerum
2851 5317 3244 5382 meminerunt,
3292 5314 3429 5369 nihil
3458 5330 3550 5370 co-

1976 5409 2288 5479 gnovimus.
2338 5408 2653 5465 Invenimus
2702 5417 2885 5463 tamen
2937 5408 3246 5463 lancurium
3282 5420 3550 5476 gemmam

2391 5584 2448 5635 φ,
2488 5581 2613 5639 τετ..
2661 5568 2756 5619 καὶ
2798 5568 3004 5639 ταῦτην
3060 5566 3192 5639 ἄκος
3234 5562 3373 5617 εἶναι
3400 5578 3549 5639 φαν-

2280 5639 2300 5670 ⁷
2328 5634 2751 5706 φαντασμάτων.
2831 5640 2853 5669 ⁸
2886 5634 3329 5707 Ι⁴’.⁷λυγκούριον.

358 5744 439 5818 (9)
474 5746 772 5819 Πορφύρας
791 5759 919 5818 puto
944 5766 1044 5822 pro
1065 5752 1514 5822 interpretatione
1541 5752 1595 5809 in
1622 5754 1865 5825 margine
1903 5756 2167 5826 scriptum
2192 5763 2383 5811 tuisse.

608 5843 878 5902 ΡΑτιιοι..
913 5846 1029 5904 Gn.
1069 5847 1294 5909 XLIII.

3188 5847 3264 5908 10
