3994 6428
438 352 547 413 999
1851 352 1908 407 S.
1958 351 2298 408 EPIPIIANII
3591 365 3681 420 500

437 479 710 539 vocatam,
740 485 904 541 quam
940 471 1150 544 vulgari
1187 473 1374 544 lingua
1423 472 1693 546 lagurium
1730 470 2022 543 appellant.

2145 475 2193 542 τῇ
2247 476 2418 544 τρανῇ
2464 474 2728 545 διαλέκτῳ
2781 475 3070 547 λαγούριον
3127 476 3366 531 καλοῦσι.
3413 475 3516 530 Καὶ
3560 483 3685 550 τάχα

437 567 500 622 Et
541 565 680 620 forte
717 573 851 637 puto
891 567 1040 622 hunc
1081 584 1209 624 esse
1253 569 1538 638 ligurium,
1581 566 2022 638 quandoquidem

2145 564 2287 617 τοῦτο
2333 562 2485 636 οἶμαι
2527 567 2590 619 τὸ
2619 567 2882 638 λιγύριον,
2915 568 3103 640 ἐπειδὴ
3147 569 3204 621 αἱ
3235 569 3370 621 θεῖαι
3401 570 3601 640 Γραφαὶ
3627 573 3690 626 τά

434 659 635 714 divinae
696 658 918 714 Litterae
976 661 1199 716 nomina
1258 667 1738 730 transposuerunt,
1793 659 2025 729 exempli

435 751 634 820 gratia,
668 752 1021 822 smaragdum
1087 754 1372 824 prasinum
1403 754 1764 824 appellantes.
1792 753 1856 807 Et
1884 753 2027 808 inter

437 844 665 897 nomina
688 859 1029 915 gemmarum
1065 845 1376 917 hyacinthi,
1420 846 1512 916 qui
1546 854 1598 900 ct
1630 845 1939 914 praecipuus
1976 853 2029 900 ct

437 936 720 1006 pretiosus
760 945 846 992 est
891 937 1030 1007 lapis
1064 946 1334 1008 notusque
1369 939 1647 1004 omnibus,
1684 951 1792 991 non
1828 937 2024 993 memi-

440 1035 646 1083 nerunt
683 1047 695 1082 :
749 1036 810 1082 ut
856 1028 910 1083 in
945 1037 1182 1084 mentem
1228 1030 1386 1085 nobis
1436 1031 1670 1092 venerit,
1711 1046 1839 1083 num
1888 1028 2028 1083 forte

441 1120 699 1191 ligyrium
731 1119 874 1174 hanc
901 1136 1172 1189 gemmam
1202 1122 1438 1192 appellet
1473 1127 1665 1176 sancta
1709 1118 2023 1190 Scriptura.

442 1209 786 1283 Ilyacinthus
843 1212 1010 1282 igitur
1068 1213 1320 1268 diversas
1392 1212 1557 1268 habet
1619 1211 1844 1268 formas.
1905 1211 2026 1278 Quo

440 1307 588 1359 enim
636 1304 914 1375 reperitur
945 1306 1131 1361 colore
1170 1305 1516 1376 profundior,
1551 1321 1616 1361 eo
1649 1306 1862 1360 caeteris
1893 1320 2027 1375 pra:-

445 1398 684 1450 stantior
705 1405 809 1451 est.
840 1396 1053 1452 Similis
1082 1406 1168 1452 est
1196 1399 1370 1452 colori
1409 1399 1547 1454 lanae
1572 1398 1662 1468 qui
1705 1412 2024 1468 suppurpu-

439 1489 614 1541 rascit
643 1488 1018 1558 aliquatenus.
1054 1487 1405 1560 Quapropter
1434 1498 1613 1545 vestes
1655 1487 2027 1545 sacerdotales

442 1579 742 1650 hyacintho
787 1589 841 1635 ct
872 1595 1113 1651 purpura
1162 1589 1388 1636 ornatas
1423 1581 1592 1637 fuisse
1624 1582 1791 1634 tradit
1839 1579 2026 1634 divina

445 1671 752 1741 Scriptura.
802 1671 867 1725 Et
889 1671 1101 1742 primus
1147 1673 1368 1743 quidem
1402 1672 1540 1742 lapis
1602 1680 1833 1726 vocatur
1863 1671 2032 1724 mari-

444 1779 578 1829 nus;
612 1763 910 1829 secundus,
946 1779 1174 1830 roseus;
1217 1766 1440 1828 tertius,
1473 1765 1734 1832 nativus;
1771 1771 2026 1834 quartus,

2128 655 2368 724 ὀνόματα
2404 656 2604 728 ἑτέρως
2653 659 3115 728 μετεποιήσαντο·
3164 659 3240 722 ὡς
3278 658 3367 710 τὸν
3404 660 3690 731 σμάραγδον

2130 748 2410 816 πράσινον.
2442 748 2552 800 Καὶ
2579 749 2660 800 ὅτι
2697 766 2813 811 πως
2848 750 2904 800 ἐν
2933 750 3000 819 τῇ
3030 749 3139 802 τῶν
3167 749 3328 802 λίθων
3365 750 3562 805 τούτων
3587 752 3693 804 ὀνο-

2134 839 2322 911 μασίᾳ,
2347 840 2446 893 οὑκ
2473 839 2823 911 ἐμνήσθησαν
2857 842 2952 895 καὶ
2981 840 3262 905 ὑακίνθου,
3293 841 3466 896 καίτοι
3490 860 3549 911 γε
3575 860 3694 914 προ-

2131 933 2296 984 όπτου
2325 932 2418 986 καὶ
2452 932 2670 1002 ἐντίμου
2702 932 2855 996 ὄντος
2898 932 3048 987 λίθου
3069 950 3081 963 ·
3125 933 3266 986 ὥστε
3297 934 3374 996 είς
3401 933 3520 988 νοῦν
3561 937 3692 1006 ἡμᾶς

2130 1022 2334 1088 λαϐεῖν,
2365 1025 2574 1095 μήποτε
2591 1024 2650 1076 τὸ
2673 1023 2915 1094 λιγύριον
2942 1024 3101 1077 τοῦτο
3115 1023 3269 1078 καλεί
3294 1025 3328 1094 ή
3358 1023 3474 1076 θεία
3497 1025 3688 1096 Γραφή.

2143 1115 2427 1180 Ὑάκινθος
2475 1113 2568 1171 οὖν
2602 1118 2700 1181 τὰς
2737 1117 2835 1188 μὲν
2890 1119 3031 1182 ίδέας
3064 1117 3178 1190 ἔχει
3223 1117 3525 1190 διαφόρους.
3562 1120 3694 1190 Ὅσῳ

2131 1207 2240 1279 γὰρ
2284 1202 2597 1280 εὑρίσκεται
2633 1212 2661 1263 6
2693 1209 2838 1273 λίθος
2884 1209 3052 1280 βαθὺς
3086 1212 3105 1241 ¹
3133 1213 3198 1282 τῇ
3243 1212 3421 1281 χροιᾷ,
3466 1209 3696 1264 τοσοῦτον

2133 1301 2555 1373 ἀναγκαιότερός
2581 1305 2694 1355 ἐστι
2718 1302 2826 1355 τῶν
2849 1302 3043 1357 ἄλλων.
3076 1303 3259 1355 ΙἘοικε
3280 1301 3336 1354 δέ
3371 1300 3613 1363 ὑάκινθος
3636 1303 3694 1371 τῇ

2131 1393 2330 1464 ἐρέᾳ,ἥ
2351 1392 2812 1464 ὑποπορφυρίζων
2835 1393 2855 1424 ³
2883 1391 3081 1456 ποσῶς.
3108 1395 3198 1447 Διὸ
3217 1392 3312 1446 καί¹
3338 1395 3371 1464 ή
3392 1393 3508 1446 θεία
3524 1392 3697 1462 Γραῖρὴ

2132 1483 2191 1548 ἐξ
2225 1483 2481 1538 ὑακίνθου
2515 1485 2608 1537 καὶ
2635 1484 2921 1557 προφύρας
2948 1484 3017 1537 τὰ
3058 1484 3306 1555 ἱερατικά
3336 1483 3597 1554 ἐνδύματα
3620 1499 3700 1534 κε-

2133 1574 2443 1645 κοσμῆσθαί
2479 1592 2629 1644 φησι.
2665 1575 2774 1627 Καὶ
2801 1577 2828 1627 ὁ
2871 1574 2969 1644 μὲν
3023 1575 3238 1642 πρῶτος
3281 1573 3427 1636 λίθος
3474 1572 3699 1626 καλεῖται

2134 1668 2489 1737 θαλασσίτηςο
2523 1667 2550 1718 6
2593 1667 2649 1720 δὲ
2690 1667 2962 1738 δεύτερος,
3001 1667 3234 1739 ροδινόςο
3267 1669 3296 1720 6
3335 1667 3535 1737 τρίτος,
3564 1666 3696 1719 νάτι-

2135 1759 2226 1821 6ος
2251 1777 2262 1788 ·
2305 1761 2333 1812 6
2379 1759 2636 1830 τέταρτος
2674 1755 2912 1826 λέγεται
2937 1761 3240 1829 χαννιαῖος”
3290 1761 3318 1812 6
3354 1759 3412 1812 δέ
3449 1759 3697 1829 πέμπτος,

445 1855 802 1922 channiaeus;
853 1856 1105 1925 quintus,
1156 1856 1487 1926 perileucus.
1542 1856 1906 1911 Inveniuntur
1947 1855 2029 1909 hac

2145 1827 2574 1923 παραλεύκιος-δ.
2613 1827 2970 1922 Εὑρίσκονται
2996 1850 3052 1902 δέ
3085 1845 3228 1904 οὗτοι
3279 1851 3332 1904 ἐν
3375 1853 3439 1922 τῇ
3478 1827 3704 1921 ἐσωτέρα

446 1961 674 2018 gemma:
722 1947 776 2001 in
813 1946 1064 2001 interiori
1097 1947 1359 2002 Barbaria
1408 1946 1682 2019 Scythia};
1715 1955 1769 2002 et
1809 1955 2032 2016 prepter

453 2035 600 2108 quod
647 2047 779 2091 sunt
846 2037 1002 2092 valde
1049 2039 1318 2108 pretiosae,
1357 2038 1548 2092 miram
1596 2053 1814 2109 quoque
1856 2038 2033 2094 ellica-

447 2130 588 2184 ciam
612 2128 816 2182 habent
840 2145 855 2182 :
883 2143 1008 2182 nam
1038 2128 1093 2182 in
1121 2129 1262 2199 ignis
1285 2129 1554 2184 carbones
1583 2130 1866 2199 conjectze,
1899 2129 2032 2201 ipsa:

447 2219 668 2289 quidem
695 2227 910 2274 tantum
943 2219 1099 2275 abest
1129 2227 1188 2274 ut
1216 2220 1596 2285 absumantur,
1638 2229 1696 2274 ut
1726 2221 1877 2291 ipsos
1909 2236 2024 2276 car-

454 2314 628 2369 bones
653 2314 1036 2385 exstinguant;
1068 2327 1167 2368 nec
1189 2313 1242 2367 id
1271 2319 1506 2378 tantum,
1535 2311 1628 2369 sed
1661 2314 1706 2370 si
1738 2316 1864 2383 quis
1893 2314 2034 2369 hanc

449 2418 720 2474 gemmam
757 2403 1058 2474 panniculo
1090 2402 1390 2457 involutam
1437 2402 1491 2456 in
1525 2402 1793 2458 carbones
1823 2403 2028 2475 Ignitos

449 2495 774 2565 conjecerit,
805 2495 1142 2564 panniculus
1163 2509 1383 2565 quoque
1409 2493 1614 2550 illaesus
1645 2503 2029 2550 conservatur.

454 2587 666 2640 Dicitur
710 2586 876 2641 etiam
929 2586 1049 2640 haec
1097 2601 1309 2656 gemma
1356 2587 1667 2642 conducere
1710 2587 2034 2643 mulieribus

451 2677 735 2748 par-ituris,
759 2683 817 2732 ut
837 2677 1053 2733 facilius
1082 2679 1318 2748 pariant.
1337 2677 1606 2734 Praeterea
1627 2679 1776 2751 fugat
1799 2688 2033 2750 spectra.

1067 2811 1233 2882 229
1255 2809 1390 2865 vm.

524 2905 750 2962 Gemma
795 2907 1037 2960 achates.
1091 2904 1242 2959 llanc
1287 2919 1557 2975 gemmam
1614 2905 1874 2976 suspicati
1913 2917 2041 2961 sunt

457 2997 678 3067 quidam
713 3013 837 3054 esse
887 3012 1009 3052 eam
1043 3013 1164 3067 quae
1195 2997 1399 3051 dicitur
1433 2997 1737 3066 perileucos
1763 3037 1779 3063 ,
1835 3014 1954 3068 quae
1986 3000 2038 3053 iu

456 3091 736 3162 hyacinthi
783 3092 799 3122 ¹
847 3092 1122 3145 mentione
1159 3089 1302 3144 dicta
1335 3097 1419 3144 est
1471 3105 1500 3144 a
1559 3091 1738 3145 nobis.
1780 3091 2042 3147 Mirabilis

2138 1943 2406 2016 βαρϐαρίᾳ
2423 1943 2520 2013 τῆς
2542 1943 2794 2006 Σκυθίας.
2816 1937 2975 1996 Οὗτοι
2995 1941 3050 1995 δὲ
3069 1943 3119 1994 oi.
3141 1941 3276 1995 λίθοι
3304 1941 3443 2012 μετὰ
3464 1941 3554 1994 τοῦ
3576 1938 3702 1994 εἶναι

2139 2034 2440 2105 πολύτιμοι,
2468 2033 2650 2104 ἔχουσι
2678 2035 2772 2087 καὶ
2819 2034 3098 2104 ἐνέργειαν
3137 2032 3419 2104 τοιαύτην·
3450 2032 3704 2103 emat:-

2136 2143 2211 2179 νοι-
2256 2128 2336 2189 είς
2381 2126 2658 2197 ἄνθρακας
2703 2125 2893 2196 πυρὸς,
2924 2125 3080 2182 αὑτοὶ
3124 2125 3222 2196 μὲν
3265 2126 3326 2179 ού
3374 2124 3701 2195 βλάπτονται,

2135 2221 2260 2282 τοὺς
2290 2219 2345 2272 δὲ
2391 2218 2668 2289 ἄνθρακας
2717 2218 3083 2273 σϐεννύουσιν.
3131 2218 3205 2271 Οὑ
3248 2217 3412 2289 μόνον
3443 2217 3499 2270 δέ
3541 2215 3705 2282 τοῦτο,

2139 2310 2275 2364 ἀλλὰ
2306 2310 2398 2363 καί
2433 2312 2477 2362 εἰ
2505 2308 2686 2364 λαϐὼν
2713 2327 2794 2372 τις
2817 2308 2909 2362 τὸν
2935 2308 3079 2362 λίθον
3114 2308 3391 2380 ἐνειλίσσῃ
3421 2307 3596 2378 ὀθόνῃ,
3621 2305 3706 2360 καὶ

2139 2399 2298 2471 ἐπιθῇ
2331 2401 2416 2453 ἐπ’
2447 2399 2725 2470 ἄνθρακας
2773 2398 2963 2469 πυρὸς,
2993 2398 3101 2450 οὐδ’
3131 2396 3269 2468 αὑτὴ
3309 2399 3343 2468 ή
3382 2397 3709 2450 καλύπτουσα

2137 2491 2295 2562 ὀθόνη
2349 2490 2682 2559 φλογίζεται,
2721 2489 2859 2543 ἀλλὰ
2903 2487 3050 2558 μένει
3096 2488 3308 2559 ἀσινής.
3346 2489 3577 2556 Λέγεται
3607 2485 3708 2539 δέὁ

2139 2584 2283 2648 λίθος
2318 2587 2437 2646 ταῖς
2474 2582 2788 2645 τικτούσαις
2818 2580 3063 2651 γυναιξὶν
3098 2581 3176 2643 είς
3215 2581 3500 2634 εὐτεκνίαν
3532 2595 3708 2652 χρησι-

2144 2675 2350 2746 μεύειν.
2381 2675 2536 2727 Ἐστι
2567 2674 2622 2727 δέ
2651 2673 2743 2726 καὶ
2773 2673 3070 2743 φασμάτων
3101 2670 3485 2734 ἀπελαστικὸς.

2888 2813 2969 2864 Η’.

2212 2905 2371 2969 Λίθος
2406 2905 2635 2976 ἀχάτης.
2681 2896 2851 2967 Οὗτος
2886 2903 3172 2975 ὑπελήφθη
3223 2899 3365 2956 εἶναι
3409 2901 3708 2973 περίλευκος

2144 2997 2495 3068 καλούμενος,
2531 2997 2589 3060 ὃς
2637 2996 2742 3049 ὑπὸ
2783 2996 2874 3048 τὸν
2914 2995 3168 3048 ὑάκινθον
3211 2995 3546 3066 εὑρίσκεται.
3579 2993 3706 3046 Θαυ·

2149 3088 2350 3154 μαστὸς
2402 3086 2458 3138 δέ
2520 3087 2675 3147 ἐστι,
2739 3085 2817 3154 τῷ
2874 3085 3004 3137 εἴδει
3060 3083 3477 3151 ὑποκυανίζων,
3530 3081 3711 3148 ἐξωθεν

455 3192 540 3238 cst
566 3197 778 3254 gemma
801 3183 1005 3238 coloris
1035 3181 1382 3247 subcmrulei,
1413 3183 1758 3238 extrinsecus
1793 3184 2034 3238 cireum-

2153 3177 2506 3248 περιφέρειαν
2547 3174 2746 3245 λευκὴν
2793 3173 2952 3244 ἔχων,
2995 3173 3289 3245 μαρμάρου
3317 3174 3520 3245 τρόπον
3552 3171 3583 3242 ἦ
3614 3170 3713 3222 ἐλε-

458 3274 746 3329 ferentiam
776 3274 985 3329 habens
1017 3275 1194 3329 albam
1246 3275 1419 3331 instar
1471 3277 1762 3332 marmnris
1797 3277 1879 3331 vel
1913 3279 2044 3332 ebo-

459 3367 557 3421 ris.
622 3366 904 3423 Invenitur
966 3367 1112 3422 circa
1183 3367 1486 3439 Scythiam.
1545 3368 1638 3423 Est
1679 3369 1842 3424 etiam
1903 3369 2045 3425 inter

459 3458 677 3514 achatis
737 3460 992 3531 species,
1041 3475 1163 3531 quae
1216 3461 1389 3517 leonis
1455 3461 1695 3518 colorem
1747 3461 1928 3519 habet.
1987 3464 2044 3520 Si

457 3558 674 3607 teratur
723 3569 848 3608 cum
889 3567 1026 3623 aqua
1052 3593 1066 3618 ,
1099 3561 1153 3607 et
1205 3553 1451 3607 illinatur
1494 3555 1701 3611 morsui
1753 3565 2045 3623 venenato,

461 3644 660 3699 avertit
687 3660 958 3700 venenum
995 3645 1221 3716 scorpii,
1250 3645 1568 3716 viperarum
1623 3656 1677 3702 et
1728 3647 2044 3718 hujusmodi

463 3744 857 3791 venenatarum
892 3736 1211 3792 bestiarum.

1211 3850 1301 3903 IX.

535 3936 894 4010 Amethystus
919 3930 1156 4010 gemma.
1201 3938 1325 3994 llaec
1346 3939 1845 3995 circumferentiam
1887 3940 2049 3996 halget

464 4027 740 4098 profundo
779 4044 878 4084 ceu
923 4029 1107 4084 colore
1137 4028 1368 4084 flamma:
1405 4029 1724 4097 ardentem;
1774 4031 1892 4100 ipsa
1919 4047 2049 4086 vero

466 4114 909 4172 circumferentia
936 4117 992 4172 in
1026 4117 1209 4173 medio
1229 4120 1405 4174 albior
1435 4127 1548 4184 est,
1591 4127 1644 4174 et
1677 4135 1707 4174 a
1741 4121 1870 4174 vino
1899 4120 2050 4175 Grie-

469 4203 552 4258 cis
583 4203 790 4261 dictum
822 4207 1060 4263 colorem
1107 4209 1303 4265 vibrat.
1340 4208 1537 4266 Forma
1588 4211 1708 4280 ejus
1745 4219 1829 4267 est
1875 4213 2046 4280 varia,

469 4295 613 4352 forte
641 4305 822 4354 autem
856 4307 911 4354 et
955 4301 1072 4371 ipsa
1113 4303 1166 4356 in
1219 4304 1500 4359 montibus
1547 4303 1729 4376 Libyae
1782 4307 2046 4363 nascitur.

467 4388 725 4454 Quardam
751 4403 817 4445 ex
848 4392 928 4447 eis
962 4407 1102 4461 puro
1134 4393 1430 4464 hyacintho
1476 4403 1562 4450 est
1602 4399 1833 4462 similis,
1881 4399 2049 4453 altera

468 4496 600 4535 vero
630 4496 886 4551 purpura;
919 4502 930 4537 :
970 4485 1328 4555 nasciturque
1359 4485 1413 4538 in
1450 4487 1634 4542 littore
1662 4499 1715 4542 et
1760 4492 2049 4559 praeruptis

471 4570 610 4628 locis
643 4573 810 4628 maris
843 4573 1087 4643 ejusdem
1119 4575 1323 4647 Lybiaz.

1216 4685 1284 4742 X.

541 4768 765 4826 Gemma
817 4773 1208 4846 chrysolithus.
1265 4775 1421 4833 lquc
1475 4781 1640 4852 aliqui
1689 4785 2052 4860 chrysophyl-

473 4862 583 4916 lum
615 4861 728 4932 (10)
761 4873 1042 4919 vocarunt.
1072 4865 1281 4922 Aurum
1319 4868 1537 4938 quidem
1582 4873 1764 4930 colore
1814 4890 1917 4931 suo
1967 4893 2056 4933 re-

473 4954 598 5009 fert.
643 4954 924 5011 Invenitur
954 4966 1133 5015 autem
1190 4960 1244 5014 in
1294 4969 1458 5030 puteo
1510 4963 1744 5034 duplicis
1783 4975 1951 5037 petrae
1985 4969 2050 5023 ad

474 5047 676 5100 mtenia
705 5049 1149 5108 Achaemenitidis
1171 5052 1488 5125 Babylonis.
1520 5055 1854 5129 Babylonem
1888 5063 2050 5116 etiam

473 5145 529 5192 et
555 5146 777 5208 puteum
817 5141 966 5194 illum
993 5142 1421 5200 Achaemenilida
1459 5151 1872 5217 cognominant,
1905 5153 2052 5220 quod

475 5232 662 5288 dicant
707 5233 853 5304 regis
905 5234 1032 5300 Cyri
1091 5245 1300 5306 patrem
1357 5239 1740 5296 Achaemenem
1796 5251 2050 5298 vocatum

2151 3267 2406 3336 φαντίνου
2429 3268 2469 3322 ⁵.
2505 3267 2612 3319 Καὶ
2647 3259 2802 3328 οὗτος
2836 3265 2893 3318 δὲ
2923 3265 3052 3335 περὶ
3088 3264 3187 3334 τὴν
3223 3265 3460 3318 Σκυθίαν
3495 3263 3715 3336 εὑρίσκε-

2148 3378 2258 3415 ται.
2295 3359 2538 3413 Ἔστιδέ
2579 3359 2644 3412 ἐκ
2693 3358 2897 3411 τούτων
2938 3357 3046 3410 τῶν
3090 3357 3253 3410 λίθων
3298 3357 3509 3427 ἀχάτης
3538 3354 3717 3426 χρῶμα

2149 3452 2289 3526 ἔχων
2311 3451 2541 3517 λέοντος·
2575 3449 2898 3525 τριϐόμενος
2923 3449 2980 3507 δὲ
3012 3449 3132 3524 μεθ’
3160 3449 3374 3513 ὓδατος,
3401 3449 3494 3501 καὶ
3521 3445 3716 3518 χριόμε-

2149 3566 2238 3612 νος
2292 3548 2385 3600 ὲπὶ
2438 3549 2719 3617 δήγματος
2762 3547 2976 3618 θηρίου,
3007 3547 3305 3617 ἀποτρέπει
3341 3541 3424 3600 ἰὸν
3455 3538 3715 3617 σκορπίον,

2151 3643 2244 3695 καὶ
2271 3640 2514 3711 ἐχιδνῶν,
2549 3639 2644 3693 καὶ
2666 3639 2775 3692 τῶν
2802 3637 3080 3695 τοιούτων.

2907 3839 2983 3893 6'.

2221 3933 2380 3996 Λίθος
2396 3931 2718 4003 ἀμέθυστος.
2739 3925 2908 3994 Οὗτος
2923 3931 3064 3985 κατὰ
3079 3930 3178 4001 τὴν
3199 3929 3361 3985 αὑτοῦ
3385 3930 3717 4004 περιφέρειαν

2155 4025 2422 4095 φλογίζων
2441 4025 2561 4077 ἐστὶ
2595 4023 2822 4096 βαθέως.
2863 4025 2926 4077 Ἡ
2951 4024 3006 4078 δὲ
3034 4024 3171 4095 αὑτή
3213 4026 3328 4077 ἐστι
3356 4023 3644 4096 λευκοτέρα
3663 4024 3718 4074 ἐκ

2153 4117 2246 4169 τοῦ
2281 4117 2469 4187 μέσου,
2499 4116 2729 4170 οἰνωπὸν
2757 4117 3164 4187 ἀποπέμπουσα
3197 4112 3354 4179 εἶδος.
3384 4117 3449 4169 Ἦ
3471 4116 3526 4170 δέ
3554 4111 3720 4186 μορφὴ

2154 4207 2321 4262 αὑτοῦ
2346 4208 2621 4279 διάφορος.
2655 4209 2810 4280 Τάχα
2838 4208 2894 4261 δέ
2929 4207 3021 4260 καὶ
3050 4207 3213 4269 αὑτὸς
3241 4209 3298 4260 ἐν
3329 4209 3445 4272 τοῖς
3472 4207 3618 4279 ὄρεσι
3646 4203 3720 4271 γί-

2153 4323 2302 4360 νεται
2330 4305 2428 4375 τῆς
2465 4303 2690 4375 Λιϐύης.
2737 4305 2792 4358 Ὁ
2836 4303 2935 4375 μὲν
2968 4303 3074 4375 γὰρ
3105 4303 3285 4358 αὐτῶν
3317 4303 3466 4357 ἐστιν
3501 4297 3720 4366 ὑακίνθῳ

2154 4397 2381 4469 καθαρῷ
2415 4397 2812 4468 παραπλήσιοςο
2855 4397 2884 4446 6
2911 4395 2966 4448 δὲ
3005 4393 3324 4466 ἀμφικόχλῳ
3350 4394 3484 4466 (II).
3527 4392 3724 4444 Γίνεται

2157 4493 2214 4544 ἐν
2243 4493 2362 4554 ταῖς
2385 4489 2574 4560 ὄχθαις
2606 4488 2706 4558 τῆς
2748 4487 3022 4558 θαλάσσης
3049 4489 3146 4561 τῆς
3169 4487 3337 4556 αὑτῆς
3369 4484 3593 4558 Λιϐύης.

2927 4691 2980 4742 I'.

2223 4785 2383 4848 Λίθος
2437 4782 2774 4854 χρυσόλιθος.
2830 4781 3030 4835 Τοῦτόν
3073 4799 3215 4844 τινες
3259 4778 3619 4851 χρυσόφυλλον
3655 4791 3726 4829 κερ

2161 4877 2417 4947 κλήκασι.
2447 4875 2736 4947 Χρυσίζων
2776 4876 2873 4945 μὲν
2915 4875 3082 4928 ἔστιν.
3133 4872 3460 4942 Εὑρίσκεται
3489 4871 3548 4924 δὲ
3577 4871 3631 4922 ἐν
3658 4863 3728 4934 τῷ

2163 4969 2357 5040 φρέατι
2391 4967 2649 5039 διπέτρῳ,
2695 4966 2847 5037 παρὰ
2885 4965 2946 5017 τὸ
2979 4967 3156 5034 τεῖχος
3183 4964 3280 5034 τῆς
3322 4958 3727 5034 Ἀχαιμενίτιδος

2165 5059 2504 5122 Βαϐυλῶνος.
2571 5060 2681 5128 Τὴν
2753 5058 2863 5129 γὰρ
2935 5056 3231 5109 Βαϐυλῶνα
3302 5057 3395 5110 καὶ
3445 5055 3508 5109 τὸ
3569 5051 3728 5124 φρέαρ

2165 5157 2338 5208 ἐκεῖνο
2385 5154 2783 5223 Ἀχαιμενίτιδα
2831 5151 3109 5218 καλοῦσιν,
3151 5152 3256 5217 ὅτι,
3282 5151 3465 5220 φασὶν,
3491 5150 3518 5202 6
3566 5142 3729 5212 πατὴρ

2159 5246 2348 5318 ¹Κύρου
2400 5246 2494 5297 τοῦ
2544 5245 2831 5316 βασιλέως,
2886 5245 3206 5314 Ἀχιμενεὺς
3232 5243 3251 5273 ⁶
3289 5242 3553 5295 ἐκαλεῖτο.
3589 5236 3727 5289 Ἔστι

547 5387 565 5418 ⁸
594 5387 665 5441 al.
698 5387 1137 5472 sul-)IIyacin'tho
1163 5395 1448 5462 reperitur.
1527 5399 1547 5427 ²
1583 5395 1896 5469 βαθύτερος.
1961 5400 1981 5430 ³
2013 5399 2037 5468 ἦ

2145 5400 2522 5472 ηπορφυρίζει.
2602 5404 2624 5432 ὀ
2648 5399 2990 5468 περίλευκος,
3026 5398 3081 5453 in
3112 5398 3357 5470 sequenti
3379 5410 3500 5467 cap.
3578 5393 3597 5424 '
3624 5387 3730 5442 ἐλέ-

481 5473 699 5526 φαντος.
775 5459 796 5489 ⁶
820 5460 1195 5529 Ἀχαιμένους.

581 5613 671 5684 l0)_
702 5613 1157 5684 Chrysophyllum
1207 5617 1295 5668 alii
1348 5628 1604 5670 auctores
1660 5631 1768 5670 non
1824 5618 2049 5679 habent,

486 5681 583 5758 sed
626 5681 1090 5758 chrysober‘yll’um
1127 5725 1142 5750 ,
1177 5701 1404 5755 eamque
1444 5685 1825 5755 Babylonicam
1861 5705 1872 5740 :
1911 5689 2056 5758 quod

492 5743 620 5800 huic
653 5743 768 5803 loc'o
800 5743 1072 5807 convenit.

2235 5621 2282 5686 (Ι
2301 5621 2347 5689 1)
2377 5621 2730 5694 Θαλάσσης,
2784 5623 2866 5678 vel
2918 5623 3193 5694 θαλασσίῳ
3219 5621 3415 5694 κόχλῳο
3446 5617 3528 5674 vel
3558 5610 3729 5688 potius

2167 5690 2360 5760 αἵματι
2391 5693 2606 5762 κόχλου,
2637 5702 2695 5746 ut
2731 5709 2897 5762 supra
2931 5696 2983 5747 in
3019 5690 3176 5749 sexto
3209 5690 3402 5762 lapide.

3021 5939 3054 5964 θ
