3994 6426
229 303 321 359 ὗθὶ

1486 292 1571 346 DE
1603 292 1698 347 XI!
1733 287 2000 347 GEMMIS
2037 285 2261 342 LIBER.

3396 279 3506 339 302

235 416 291 468 δὲ
319 413 414 467 καὶ
436 410 832 482 χρυσόπαστος
857 409 990 480 (12).
1020 401 1184 467 Οὗτος
1216 406 1560 473 στομαχικοῖς
1596 402 1690 456 καὶ
1717 419 1821 455 κοι-

1962 399 2110 452 lisse.
2158 393 2434 451 Invenitur
2460 401 2515 449 et
2555 394 2968 466 ebrySOpastus,
3001 409 3120 465 qua!
3151 395 3506 453 stomachicis

238 505 443 567 λιακοῖς
474 503 828 573 τριϐόμενος,
859 499 951 552 καὶ
980 497 1289 567 πινόμενος,
1326 494 1609 565 ίαματικδς
1650 492 1826 563 ὑπάρ-

241 612 346 665 χει.

990 702 1010 753 Ι
1019 703 1071 752 .-ἰ⁹
1080 740 1093 751 .

319 808 484 872 Λίθος
507 807 816 879 βηρύλλιον,
863 806 1173 876 γλαυκίζων
1205 807 1303 877 μὲν
1335 805 1471 868 ἐστι,
1500 804 1830 858 θαλασσοδα-

253 902 385 973 φὴς,
421 899 561 970 ἔχων
598 896 736 963 εἶδος
763 899 860 954 καὶ
892 900 993 969 τῆς
1035 898 1399 971 ὑδαρεστέρας
1433 897 1707 951 ὑακίνθου,
1742 895 1832 949 Γί-

247 1009 401 1046 νεται
445 990 502 1043 δὲ
548 991 677 1061 περὶ
707 991 768 1043 τὸ
804 990 980 1061 τέρμα
1017 989 1111 1044 τοῦ
1151 989 1310 1060 ὅρους
1352 988 1444 1043 τοῦ
1494 987 1829 1058 καλουμένου

253 1086 493 1157 Ταύρου.
544 1086 606 1138 El
656 1084 716 1137 δέ
761 1102 845 1149 τις
880 1083 1082 1157 θελήσῃ
1107 1084 1248 1138 κατὰ
1286 1084 1514 1154 ἀντικρὺ
1547 1079 1641 1134 τοῦ
1680 1080 1829 1150 ἡλίου

250 1175 443 1229 τοῦτον
488 1174 821 1228 ἅνακαλέσαι
846 1176 885 1242 ί,
938 1176 1187 1244 φαίνεται
1231 1174 1307 1238 ὡς
1355 1173 1506 1238 ὖελος
1567 1175 1833 1247 κέγχρους

254 1265 390 1336 ἔχων
438 1264 651 1318 ἔνδοθεν
697 1266 955 1334 διαυγεῖς.
992 1265 1158 1337 ’Δλλη
1187 1264 1245 1318 δέ
1284 1283 1367 1328 τις
1397 1264 1681 1336 βήρυλλος,
1711 1265 1834 1327 ταῖς

254 1355 443 1425 κόραις
474 1354 583 1407 τῶν
613 1354 906 1426 ὀφθαλμῶν
937 1354 1033 1408 τοῦ
1064 1354 1354 1427 δράκοντός
1393 1356 1507 1407 ἐστι
1543 1352 1833 1425 παραπλη-

257 1446 366 1499 σία.
409 1446 566 1499 Ἔστι
609 1447 666 1500 δὲ
709 1447 802 1501 καὶ
835 1446 966 1517 ἄλλη
1020 1447 1178 1501 πάλιν
1210 1447 1369 1518 ὁμοία
1404 1445 1579 1518 κηρῷ.
1630 1445 1833 1516 Ἐφάνη

248 1536 310 1589 δὲ
336 1536 478 1609 αὕτη
508 1537 637 1610 περὶ
662 1537 759 1608 τὴν
793 1538 970 1603 ἐξοδον
1008 1538 1101 1593 τοῦ
1131 1540 1415 1609 Εὐφράτου
1448 1536 1715 1608 ποταμοῦ.

999 1650 1098 1704 lB'.

1928 496 1983 544 et
2013 487 2253 543 cmliacis
2284 493 2408 556 pota
2431 485 2538 539 vim
2566 485 2815 541 medendi
2848 485 3028 541 habet.

2680 682 2770 737 XI.

2001 796 2168 866 230
2200 794 2448 867 Beryllus
2495 808 2708 865 gemma
2754 793 2945 865 glauca
2982 801 3106 856 est.
3153 793 3337 851 colore
3387 808 3510 850 ma-

1931 888 2010 942 ris
2037 928 2052 953 ,
2102 895 2193 941 aut
2238 885 2521 958 hyacinthi
2547 882 2846 939 dilutioris.
2880 882 3139 939 Nascitur
3166 885 3314 939 circa
3345 884 3507 942 ﬁnem

1933 980 2134 1034 montis
2168 977 2357 1032 Tauri.
2401 977 2456 1030 Si
2498 976 2623 1047 quis
2652 976 2783 1031 velit
2831 976 2974 1030 hanc
3018 991 3047 1030 e
3101 976 3324 1047 regione
3374 978 3511 1035 solis

1933 1069 2315 1140 contemplari,
2344 1067 2620 1124 Videbitur
2645 1083 2754 1122 non
2791 1083 2950 1123 secus
2985 1082 3050 1121 ac
3082 1068 3280 1123 vitrum
3308 1069 3511 1126 intrin-

1936 1178 2096 1218 secus
2140 1177 2307 1233 grana
2334 1160 2469 1214 milii
2499 1159 2702 1215 habere
2744 1159 3031 1230 pellucida.
3065 1159 3161 1215 Est
3190 1166 3244 1214 et
3274 1161 3382 1218 alia
3418 1161 3515 1218 be-

1935 1256 2105 1327 ryllus
2138 1253 2361 1325 pupillis
2417 1252 2700 1307 oculorum
2760 1258 3073 1321 serpentum
3128 1249 3346 1309 similis.
3380 1250 3512 1308 Item

1937 1348 2041 1400 alia
2071 1360 2210 1401 certe
2245 1342 2474 1409 similis,
2519 1358 2642 1413 quae
2674 1343 2823 1397 circa
2850 1341 3146 1413 Euphratis
3179 1343 3386 1399 exitum
3427 1358 3519 1400 re-

1939 1437 2148 1507 peritur
2179 1434 2317 1506 (Ui).

2682 1626 2798 1683 XII.

328 1758 493 1821 Δίθος
520 1760 580 1813 τὸ
604 1760 835 1831 ὀνύχιον.
873 1756 1042 1825 Οὗτος
1061 1765 1090 1816 ὁ
1118 1762 1261 1826 λίθος
1298 1762 1495 1834 ξανθὴν
1544 1764 1685 1817 πάνυ
1725 1762 1839 1833 ἔχει

2012 1738 2168 1811 Onyx
2196 1740 2280 1794 vel
2314 1737 2607 1810 onychium
2656 1752 2891 1808 gemma.
2927 1735 3023 1793 Est
3048 1736 3165 1794 hanc
3188 1737 3347 1795 valde
3380 1738 3521 1796 tlavo

256 1851 361 1921 τὴν
393 1841 605 1921 χροιάν.
660 1853 970 1925 Τέρπεσθαι
1011 1855 1070 1907 δὲ
1101 1855 1178 1926 τῷ
1209 1854 1357 1925 λίθῳ,
1371 1853 1547 1923 τούτῳ
1572 1856 1704 1924 φασὶ
1742 1855 1841 1919 τὰς

258 1942 480 2013 νύμφας
510 1943 618 1995 τῶν
656 1941 938 2012 βασιλέων,
984 1943 1016 2015 ἢ
1051 1945 1147 1998 καὶ
1187 1944 1457 1998 πλουσίων
1476 1945 1711 2017 ἀνδρῶν,
1758 1946 1844 1999 αἴ-

257 2052 407 2098 τινες
428 2035 524 2087 καὶ
537 2035 617 2097 είς
636 2033 969 2105 ἐκπτώματα
988 2035 1096 2107 (15)
1131 2035 1238 2089 ἴδια
1259 2034 1637 2107 ἀνατρέψασαι
1658 2035 1842 2107 ἔχουσι

258 2123 353 2178 τὸν
384 2124 532 2179 λίθον
556 2125 764 2178 τοῦτον.
795 2126 915 2179 Εἰσὶ
945 2126 1001 2179 δὲ
1030 2126 1125 2181 καὶ
1162 2126 1312 2181 ἄλλοι
1350 2128 1593 2198 ὁνυχῖται
1624 2128 1842 2200 ὁμωνύ-

264 2236 384 2287 μως
432 2216 755 2289 καλούμενοι
783 2255 798 2279 ,
844 2218 1041 2282 οἵτινες
1088 2218 1244 2290 κηρῷ
1286 2218 1366 2289 τῷ
1412 2219 1684 2291 μελιχρόῳ
1738 2221 1846 2273 εἰσὶ

262 2308 660 2379 παραπλήσιοι.
696 2309 851 2374 Τινὲς
883 2310 939 2364 δέ
973 2328 1134 2380 φασιν
1170 2312 1366 2375 αὐτοὺς
1398 2312 1457 2377 ἐξ
1485 2313 1672 2376 ὓδατος
1700 2313 1848 2367 ἀταί-

262 2417 397 2453 κτου
426 2401 724 2471 πεπῆχθαι.
792 2403 1072 2473 Ὀνυχίτας
1122 2403 1179 2457 δὲ
1231 2403 1425 2467 αὐτοὺς
1483 2403 1700 2472 λέγουσι
1753 2420 1849 2473 φυ-

266 2488 609 2557 σιολογικῶς,
668 2490 789 2544 ἐπεὶ
834 2494 863 2545 ὁ
903 2491 1028 2557 ὄνυξ
1065 2493 1171 2546 τῶν
1215 2493 1446 2546 ἀστείων
1477 2493 1687 2565 ἀνδρῶν
1716 2510 1850 2564 μαρ-

266 2579 435 2652 μάρῳ
454 2581 572 2634 ἐστὶ
601 2581 1044 2653 συνεδιαζὸμενος
1067 2586 1108 2651 ²,
1133 2584 1229 2637 σὺν
1252 2587 1317 2656 τῇ
1342 2583 1436 2636 τοῦ
1459 2584 1686 2655 αἵματος
1712 2583 1843 2655 ἰδέᾳ.

281 2672 472 2725 ’Δλλοι
499 2672 557 2726 δέ
586 2690 686 2727 που
715 2677 810 2730 καὶ
838 2676 927 2729 τὸν
956 2675 1102 2730 λίθον
1128 2676 1220 2730 τὸν
1252 2676 1596 2748 μαρμάρινον
1622 2677 1730 2730 ἀπὸ
1755 2675 1846 2730 τοῦ

263 2764 542 2835 δοκιμίου,
571 2764 942 2838 ψευδωνύμως
974 2768 1226 2840 ὀνυχίτην
1252 2766 1476 2822 καλοῦσι
1492 2768 1579 2822 διὰ
1605 2769 1665 2821 τὸ
1687 2767 1851 2822 καθαο

270 2855 366 2926 ρὸν
396 2856 498 2928 τῆς
528 2856 851 2929 λευκότητος
876 2859 913 2911 ³.

538 2990 696 3044 ΠΕΡΙ
732 2991 867 3044 ΤΟΥ
909 2990 1318 3045 ΑΔΛΜΛΝΤΟΣ
1362 2993 1586 3057 ΛΙΘΟΥ,

1947 1835 2146 1888 colore
2172 1830 2475 1887 Plurimum
2497 1830 2760 1885 delectari
2781 1830 2883 1885 hac
2912 1845 3126 1902 gemma
3153 1831 3308 1886 aiunt
3333 1846 3521 1903 regum

1945 1934 2000 1981 et
2052 1926 2284 1981 divitum
2318 1923 2599 1979 hominum
2636 1936 2901 1992 sponsas,
2940 1937 3062 1992 qua:
3087 1922 3230 1977 hanc
3249 1937 3521 1992 gemmam

1946 2018 2003 2071 in
2073 2016 2394 2086 poculorum
2472 2028 2635 2068 usum
2688 2020 3040 2067 convcr'unt.
3114 2013 3252 2068 Sunt
3318 2020 3373 2069 et
3430 2013 3526 2068 alii

1947 2109 2218 2181 onychitae
2239 2105 2521 2177 atquivoee
2552 2103 2708 2169 dicti,
2747 2105 2842 2173 qui
2877 2118 3046 2168 cerae,
3078 2103 3253 2159 mellis
3287 2104 3525 2160 colorem

1948 2198 2223 2264 habentis,
2252 2204 2383 2254 sunt
2406 2195 2642 2252 similes.
2671 2194 2840 2249 Aiunt
2884 2202 3068 2249 autem
3117 2193 3285 2264 aliqui
3333 2208 3429 2250 eos
3457 2210 3530 2251 ex

1949 2305 2090 2361 aqua
2137 2289 2285 2345 coire
2343 2302 2408 2342 ac
2456 2286 2624 2341 veluti
2673 2285 2970 2356 congelari.
3006 2284 3305 2355 Onychitas
3342 2286 3529 2357 appel-

1950 2383 2065 2436 lant
2096 2397 2126 2435 a
2158 2379 2342 2435 nativo
2385 2393 2576 2433 eorum
2612 2376 2832 2441 colore,
2864 2376 2990 2445 quia
3023 2376 3353 2447 elegantium
3384 2377 3530 2432 viro-

1949 2490 2071 2530 rum
2103 2473 2301 2545 unguis
2332 2473 2404 2528 sit
2441 2471 2705 2526 marmori
2755 2469 2954 2526 similis
2982 2508 2999 2537 ,
3030 2484 3140 2525 non
3187 2470 3308 2527 sine
3346 2471 3534 2527 colore

1951 2564 2236 2636 sanguinis
2262 2573 2464 2619 tamen.
2497 2561 2603 2616 Alii
2631 2575 2762 2615 vero
2788 2576 2922 2617 sane
2966 2568 3022 2617 et
3065 2564 3245 2633 ipsum
3289 2576 3535 2617 marmor

1953 2656 2022 2712 ab
2056 2656 2433 2726 exploratione
2490 2653 2689 2723 unguis
2736 2652 3052 2724 onychitam
3104 2662 3343 2723 vocant,
3394 2652 3535 2710 falso

1953 2750 2173 2805 nomine
2202 2756 2421 2818 propter
2451 2748 2745 2817 puritatem
2775 2743 3043 2802 albedinis
3078 2744 3215 2818 (l5).

2350 2984 2439 3038 DE
2476 2982 2859 3040 ADAMANTE
2896 2983 3164 3053 GEMMA,

273 3112 381 3163 Ὃν
418 3106 519 3183 καὶ
546 3105 733 3183 αὐτον
763 3106 960 3183 ἐφόρει
995 3108 1027 3158 ὁ
1064 3105 1392 3183 ᾀρχιερεὺς.
1412 3106 1849 3183 τρζςρνιαυτοῦ

1962 3102 2131 3167 Quam
2161 3100 2324 3155 etiam
2348 3102 2597 3183 gestabat
2623 3118 2875 3183 sumimus
2904 3101 3177 3183 pontifex,
3209 3101 3336 3158 dum
3375 3110 3454 3159 ter
3481 3103 3539 3159 in

450 3176 867 3245 εἰσερχόμενος
902 3178 988 3240 είς
1020 3175 1092 3228 τὰ
1122 3178 1282 3245 Ἅγια
1320 3175 1438 3229 τῶν
1467 3177 1671 3245 ἁγίων.

356 3295 418 3346 '0
444 3291 588 3355 λίθος
618 3290 646 3342 ὁ
684 3290 897 3361 ἀδάμας
925 3290 1171 3360 ἐμφερής
1209 3290 1323 3342 ἐστι
1363 3289 1505 3342 κατὰ
1538 3288 1637 3359 τὴν
1663 3289 1853 3360 χροιὰν

279 3383 360 3453 τῷ
390 3383 524 3453 ἀέρι.
554 3381 757 3434 Τοῦτον
781 3381 835 3433 δέ
866 3380 1048 3452 ἐφόρει
1081 3383 1110 3433 ὁ
1139 3381 1428 3452 ἀρχιερεὺς
1453 3380 1541 3433 ὅτε
1571 3382 1854 3452 εἰσήρχετο

291 3473 373 3536 εἰς
400 3473 463 3524 τὰ
486 3473 651 3539 Ἀγια
678 3471 787 3523 τῶν
819 3470 1009 3539 ἁγίων.
1039 3472 1168 3542 Τρὶς
1189 3471 1244 3524 δὲ
1267 3470 1357 3524 τοῦ
1388 3469 1632 3524 ἐνιαυτοῦ
1665 3473 1854 3542 εἰσήρ-

285 3578 428 3633 χετο·
450 3567 513 3634 τῇ
535 3564 695 3633 ἑορτῇ
724 3560 819 3614 τοῦ
848 3561 1058 3631 Πάσχα,
1086 3562 1185 3632 τῆς
1214 3562 1614 3631 Πεντήκοστῆς,
1640 3562 1733 3613 καὶ
1757 3563 1856 3631 τῆς

279 3653 681 3723 Σκηνοπηγίτς.
714 3648 823 3705 ’Ἦν
850 3650 904 3704 δέ
936 3651 1186 3721 κείμενος
1214 3653 1308 3706 ἐπὶ
1352 3652 1445 3705 τοῦ
1490 3651 1720 3723 στήθους
1758 3650 1855 3705 τοῦ

275 3745 578 3816 ἀρχιερέως
611 3743 698 3796 ὅτε
738 3742 1102 3796 ἐνεδιδύσκετο
1141 3744 1232 3797 τὸν
1281 3745 1513 3815 ποδήρη,
1548 3745 1642 3797 καὶ
1672 3744 1857 3797 ἐπάνω

273 3837 370 3889 τοῦ
404 3836 672 3906 πώήρους
705 3835 1021 3889 ἐπενεδύετο
1051 3835 1148 3907 τὴν
1172 3836 1437 3907 ἐπωμίδα.
1476 3836 1779 3890 Κατέόαινε
1801 3836 1857 3890 δὲ

274 3929 309 3996 ή
349 3927 566 3994 ἐπωμὶς
600 3925 776 3995 ὀλίγον
818 3924 1125 3998 κατώτερον
1168 3927 1262 3981 τοῦ
1314 3927 1564 3998 στήθους.
1601 3924 1711 3982 Ἦν
1749 3928 1859 3999 γὰρ

275 4014 563 4084 σπιθαμῆς
594 4014 683 4066 καὶ
713 4016 967 4085 ἡμισείας
1000 4014 1060 4067 τὸ
1105 4014 1300 4085 μῆκος.
1345 4015 1441 4069 Ἐκ
1470 4015 1660 4082 δεξιῶν
1684 4016 1739 4070 δὲ
1764 4018 1860 4071 καὶ

273 4106 339 4171 ἐξ
368 4105 665 4176 εὐωνύμων
698 4106 975 4163 ἐπάνωθεν
1004 4106 1110 4161 τῶν
1136 4107 1321 4178 μαζῶν
1342 4108 1384 4175 ⁸,
1416 4107 1545 4162 ἔνθα
1575 4109 1668 4163 δύο
1698 4110 1860 4164 ἀσπι-

271 4198 458 4251 δίσκοι
490 4194 627 4268 ἦσαν
660 4198 1116 4269 συνερῤαμμένοι,
1147 4198 1477 4270 ἀπῃώρηντο
1519 4199 1611 4252 δύο
1651 4201 1862 4271 σμάρα-

275 4288 421 4355 γδοι.
464 4285 558 4350 Εἰς
604 4287 765 4357 μέσον
792 4287 849 4339 δὲ
887 4286 1090 4341 τούτων
1138 4282 1206 4358 ἦν
1252 4289 1284 4357 ή
1326 4285 1575 4357 δήλωσις,
1617 4285 1675 4350 ὃς
1706 4282 1775 4357 ἦν
1833 4289 1862 4341 ὀ

2177 3187 2315 3225 anno
2344 3169 2703 3241 ingrederetur
2726 3169 2927 3225 Sancta
2959 3169 3289 3228 sanctorum.

2028 3283 2264 3338 Adamas
2311 3283 2495 3337 colore
2544 3280 2742 3338 similis
2775 3287 2861 3337 est
2908 3281 3045 3350 aeri.
3094 3278 3253 3336 Ilunc
3288 3282 3541 3354 gestabat

1954 3386 2202 3428 snnnnus
2229 3370 2469 3443 pontifex
2519 3371 2576 3426 in
2611 3371 2810 3426 Sancta
2847 3379 3163 3426 sanctorum
3206 3371 3542 3444 ingrediens.

1959 3465 2064 3520 Ter
2091 3481 2220 3520 vero
2249 3466 2303 3519 in
2334 3479 2478 3519 anno
2508 3464 2936 3535 ingrediebatur,
2965 3464 3022 3519 in
3056 3464 3327 3520 Paschate
3353 3506 3368 3533 ,
3398 3464 3543 3522 Pen-

1958 3564 2163 3612 tecoste
2211 3564 2266 3612 et
2292 3553 2800 3610 Tabernaculorum
2835 3553 2990 3610 festo.
3017 3551 3330 3609 Ponebatur
3361 3561 3542 3609 autem

1961 3662 2124 3717 super
2154 3654 2346 3718 pectus
2386 3646 2586 3701 summi
2611 3644 2936 3710 sacerdotis,
2970 3644 3062 3700 ubi
3097 3645 3144 3702 is
3191 3646 3419 3700 talarem
3450 3660 3544 3701 ve-

1961 3745 2133 3804 stem,
2182 3746 2237 3793 et
2276 3752 2440 3808 super
2497 3737 2726 3792 talarem
2783 3737 3065 3794 humerale
3099 3736 3214 3811 (l6)
3255 3736 3544 3793 induisset.

1962 3828 2332 3885 Descendebat
2359 3844 2489 3884 vero
2517 3829 2795 3885 humerale
2814 3830 2978 3901 paulo
3002 3830 3144 3885 infra
3173 3840 3394 3902 pectus;
3427 3838 3547 3886 crat

1961 3920 2107 3975 enim
2138 3920 2258 3988 ejus
2293 3918 2575 3990 longitudo
2625 3916 2912 3975 dodrantis
2959 3917 3073 3991 (l7)
3119 3934 3245 3974 cum
3292 3919 3543 3974 dimidio.

1961 4012 2007 4065 Α
2054 4011 2264 4065 dextris
2317 4018 2371 4065 et
2398 4027 2429 4065 a
2471 4010 2713 4066 sinistris
2738 4026 2901 4080 supra
2937 4011 3207 4066 mamillas
3229 4011 3271 4072 ⁸..
3308 4011 3401 4065 ubi
3438 4011 3549 4067 duo

1956 4101 2120 4172 231
2146 4113 2311 4171 parva
2335 4114 2433 4154 eeu
2463 4112 2618 4154 scuta
2644 4108 2873 4155 consuta
2904 4107 3083 4167 erant,
3104 4100 3413 4171 pendebant
3436 4101 3548 4155 duo

1964 4191 2259 4262 smaragdi.
2306 4189 2365 4244 in
2395 4191 2578 4247 medio
2607 4198 2790 4245 autem
2825 4192 3019 4246 horum
3069 4198 3187 4246 erat
3225 4192 3548 4256 declaratio,

1962 4299 2085 4354 quae
2121 4295 2239 4341 erat
2279 4284 2391 4354 jam
2431 4282 2614 4337 dictus
2658 4280 2914 4346 adamas,
2962 4281 3147 4337 colore
3186 4297 3366 4338 aerem
3403 4282 3547 4338 refc-

274 4377 586 4449 δηλωθεὶς⁸
626 4378 861 4447 ἀδάμας,
905 4377 1004 4447 τὴν
1043 4378 1231 4449 χροιὰν
1265 4378 1518 4448 ἀερίζων.
1563 4378 1778 4431 Ἐπάνω
1803 4378 1850 4432 δὲ

1966 4392 2113 4432 rens.
2161 4374 2335 4446 Super
2365 4378 2624 4430 humeros
2655 4387 2787 4428 vero
2833 4372 3120 4429 duodecim
3166 4373 3274 4445 jam
3301 4373 3553 4430 indicata

275 4470 391 4522 τῶν
422 4467 584 4540 ῶμων
615 4472 663 4523 οἱ
697 4470 1026 4541 δηλωθέντες
1056 4469 1263 4523 δώδεκα
1293 4469 1451 4523 λίθοι.
1502 4470 1634 4541 Τρ“ις
1662 4468 1741 4533 δὲ,
1784 4469 1861 4535 ὡς

279 4561 522 4629 εἴρηται,
550 4558 641 4611 τοῦ
668 4558 914 4613 ἐνιαυτοῦ
944 4560 1194 4631 ἐδηλοῦτο
1208 4559 1284 4631 τῷ
1311 4557 1425 4632 λαῷ
1450 4559 1538 4613 διὰ
1565 4559 1658 4614 τοῦ
1695 4561 1864 4614 πετά-

278 4652 400 4704 λου.
444 4649 554 4704 Καὶ
592 4652 641 4703 εί
682 4653 739 4704 ἐν
780 4651 1021 4722 ἁμαρτίᾳ
1069 4650 1393 4721 εὑρέθησαν,
1426 4651 1519 4704 καὶ
1549 4649 1623 4722 μὴ
1650 4652 1706 4704 ἐν
1742 4653 1863 4715 ταῖς

281 4740 544 4807 ἐντολαῖς,
560 4741 627 4804 ἃς
654 4741 953 4797 ἐδεδώκειὸ
973 4744 1126 4806 Θεὸς,
1146 4743 1426 4812 ἐτρέπετο,
1444 4745 1629 4812 φασὶν,
1652 4746 1684 4815 ἡ
1706 4742 1865 4815 χροιὰ

278 4831 379 4885 τοῦ
421 4831 585 4899 λίθου,
618 4833 710 4888 καὶ
741 4834 959 4902 ἐγένετο
993 4834 1181 4905 μέλας
1213 4835 1309 4889 καὶ
1342 4837 1407 4888 ἐκ
1441 4834 1632 4888 τούτου
1672 4836 1864 4904 ἐγίνω-

1969 4484 2215 4541 gemmae.
2241 4468 2348 4523 Ter
2380 4481 2534 4533 vero,
2570 4477 2630 4521 ut
2655 4465 2859 4520 dictum
2886 4474 2991 4530 est,
3018 4480 3116 4536 per
3140 4479 3344 4521 annum
3367 4472 3551 4522 osten-

1970 4559 2202 4615 debatur
2248 4558 2351 4632 (sic
2384 4566 2612 4614 ornatus
2665 4555 2931 4630 pontifex)
2959 4559 3160 4628 populo
3190 4572 3315 4613 cum
3346 4555 3554 4614 lamina

1973 4654 2197 4709 aurea'.
2253 4651 2407 4718 Quod
2457 4652 2501 4707 si
2536 4652 2591 4706 in
2643 4659 2870 4722 peccato
2904 4650 3463 4721 deprehenderentur,
3505 4652 3554 4706 si

1971 4745 2026 4799 in
2059 4745 2346 4814 praeceptis
2390 4758 2514 4815 qua:
2549 4742 2776 4799 dederat
2806 4740 2969 4808 Deus,
3014 4757 3124 4798 non
3153 4743 3554 4808 ambulasseut,

1972 4837 2308 4905 mutabatur,
2341 4843 2402 4890 ut
2430 4835 2635 4904 ferunt,
2666 4836 2819 4891 color
2844 4832 3068 4905 lapidis,
3097 4840 3152 4888 et
3184 4832 3349 4889 ﬁebat
3375 4831 3552 4904 niger.

359 4989 375 5019 ⁸
402 4987 721 5062 ᾁνακλάσαι.
768 4988 1289 5062 -¹-συνδιαζομενος,
1323 4989 1407 5045 vel
1440 4989 1848 5061 ὁμοιαζόμενος.
1924 4989 1946 5020 ⁸
1973 4988 2062 5044 διὰ
2086 4990 2146 5044 τὸ
2172 4990 2394 5062 ἀκριϐὲς
2409 4990 2512 5061 τῆς
2540 4988 2832 5061 λειότητος.
2890 4988 2913 5019 ⁸
2935 4986 3120 5059 ὤμων.
3194 4988 3218 5021 ⁸
3245 4989 3275 5042 ὀ
3296 4987 3414 5060 ἦτοι
3434 4987 3555 5061 δηλ.

286 5056 309 5089 ⁸
338 5055 401 5111 ιη
431 5057 688 5114 humeris.
767 5060 786 5090 ⁷
814 5058 1012 5115 Galero
1045 5055 1250 5115 addita.

364 5210 478 5282 (12)
508 5214 965 5287 Χρυσόπαστος.
982 5215 1037 5268 Id
1051 5223 1154 5283 est,
1174 5217 1356 5272 aureis
1374 5217 1590 5287 punctis
1607 5231 1865 5287 consper-

288 5298 408 5346 sus;
445 5285 630 5357 malim
655 5285 1060 5357 χρυσόπρασος.
1095 5302 1216 5355 quae
1242 5285 1453 5357 gemina
1494 5290 1679 5342 colore
1717 5285 1865 5357 porri

289 5367 514 5428 succum
548 5353 737 5428 refert,
783 5353 901 5409 auri
948 5353 1439 5428 interuenientibus
1485 5358 1678 5428 guttis,
1718 5353 1865 5411 unde

287 5423 537 5478 similiter
559 5426 631 5479 ab
659 5439 821 5496 auro,
863 5436 923 5479 ut
966 5427 1340 5496 chrysolitbus
1370 5423 1569 5481 nom'en
1606 5428 1814 5495 accepit
1844 5440 1860 5481 :

289 5509 396 5546 non
431 5495 778 5567 cltrysnlitho
826 5504 1030 5563 tamen,
1074 5495 1176 5549 ’sed
1221 5498 1452 5568 beryllo,
1482 5498 1549 5552 de
1592 5512 1698 5566 qua
1735 5512 1858 5550 mox

284 5575 488 5637 agetur,
515 5571 778 5637 cognata.
936 5633 975 5637 _
1030 5618 1035 5621 .

275 5702 294 5760 ι
352 5633 458 5718 (15)
503 5633 887 5705 Ἐθὶ-τώματα.
936 5633 1016 5689 Ex
1057 5635 1269 5706 onyche
1311 5637 1453 5692 enim
1487 5635 1684 5706 pocula
1720 5635 1860 5689 facta

296 5720 524 5760 eaninus.
1166 5734 1206 5760 ..ιο

296 5720 524 5778 egunus.
1166 5734 1206 5763 μιν

2048 5214 2160 5286 (14)
2192 5213 2391 5286 Berylli
2432 5215 2479 5270 si
2513 5212 2794 5286 sphaericaz
2826 5212 2983 5280 ﬁant,
3011 5219 3063 5268 et
3097 5212 3268 5270 radiis
3294 5213 3429 5275 solis
3454 5228 3557 5285 op-

1974 5284 2271 5354 ponantur,
2302 5284 2505 5355 'ignem
2546 5284 2831 5351 emittunt,
2888 5292 2948 5338 ut
3006 5286 3228 5355 specula
3280 5284 3547 5340 concava.

1972 5359 2302 5422 Anonymus.
2335 5355 2427 5408 Sic
2468 5363 2521 5409 et
2550 5355 2817 5422 crystalli.

2045 5414 2156 5495 (15')
2185 5425 2545 5479 Alabastrites
2576 5414 2797 5495 quidem
2827 5423 2967 5496 lapis
2998 5440 3029 5481 a
3056 5424 3375 5483 Dioscoride
3391 5423 3556 5479 etiam

1970 5502 2399 5565 onyxhvocatur.

1973 5562 2158 5689 Ηῌϐ)
2194 5562 2508 5634 Epomidem
2553 5563 2615 5619 ι).
2659 5563 2885 5621 Hieron.
2943 5563 3371 5637 super/inmorata
3431 5572 3561 5619 νοτε

2001 5654 2011 5689 Ι
2046 5674 2057 5685 .

2001 5654 2057 5690 Ιι.

2049 5705 2160 5779 (17)
2192 5705 2516 5775 Σπιθαμῆς,
2538 5704 2749 5773 palmi,
2789 5705 2849 5761 D.
2885 5705 3086 5761 Hieron
3101 5721 3271 5770 imus.
