3994 6414
289 421 395 477 ΕΠ

1377 418 1628 476 VERSIO
1665 418 1994 486 ANTIQUA.
2020 453 2090 465 —
2131 419 2522 478 PREFATIO.

3462 424 3565 481 518

301 541 889 622 εςὶεὶιςθῑιιηὶθειέιη.
922 535 1153 622 ὅῖθμιςρ
1177 551 1285 622 non
1316 536 1887 622 Aeta‘concili‘iHCon-
1919 545 1962 600 Α
1995 540 2146 622 tiam,
2196 547 2251 594 et
2288 539 2437 622 quod
2473 539 2653 622 Tyrus
2699 555 2793 622 per
2830 555 2966 622 eum
3006 540 3321 622 cognoverit
3365 552 3565 598 rectum

304 610 820 681 stantinopolitani,
847 608 991 678 quod
1021 606 1355 681 celebratum
1397 615 1484 663 est
1511 608 1767 681 an._38t.
1798 623 1886 662 re-

310 691 540 751 censent
558 676 793 749 quidem
829 676 970 751 inter
1017 677 1206 751 _Patre_s
1254 679 1573 751 episcopum
1617 676 1748 748 Tyri
1789 693 1890 731 no-

312 754 462 809 mine
503 746 823 816 Zenonem;
872 748 964 804 sed
1016 746 1227 816 jamdiu
1281 746 1533 802 novimus
1584 746 1715 801 tunc
1754 755 1892 801 tem-

316 823 469 893 poris
501 822 796 893 episcopos
812 815 874 873 in
905 815 1036 872 urbe
1066 815 1213 887 Tyro
1254 816 1394 893 duos
1425 817 1634 893 fuisse;
1664 816 1893 873 Rufinus

316 887 495 953 cnim,
537 887 655 959 'qui
697 887 902 944 eadem-
944 894 1264 959 tempestate
1319 887 1573 959 claruit,
1604 896 1891 959 postquam

321 961 467 1014 Hist.
510 954 605 1014 lib.
656 974 717 1020 tt,
774 974 823 1012 c.
856 959 946 1021 2i,
975 954 1328 1010 Antiochense
1369 954 1627 1011 Ecclesiae
1671 957 1894 1010 infando

320 1030 620 1085 schismate
664 1028 873 1091 divism,
920 1027 1135 1097 duobus
1184 1027 1238 1079 in
1285 1042 1359 1097 ea,
1399 1028 1669 1097 episcopis
1701 1026 1893 1081 eodem

322 1109 567 1168 tempore
596 1099 916 1153 sedentibus
950 1095 1212 1168 Flaviano
1252 1106 1306 1150 et
1334 1095 1601 1168 Palillno,
1625 1097 1888 1168 memine;

326 1170 416 1232 rit,
436 1164 523 1224 ita
565 1170 811 1237 sequitur
841 1187 855 1222 :
885 1168 999 1220 Hoc
1029 1165 1174 1219 idem
1221 1167 1362 1235 apud
1393 1166 1605 1237 Tyrum
1624 1166 1725 1235 fuit
1757 1182 1775 1219 :
1804 1164 1894 1217 ubi

326 1256 442 1293 cum
474 1235 762 1304 Diodorus,
789 1255 924 1291 unus
955 1253 1082 1291 sane
1127 1250 1192 1288 ea:
1232 1235 1463 1303 antiquis
1496 1235 1769 1290 catholicis
1795 1237 1893 1299 vir,

326 1321 373 1363 et
406 1310 757 1363 tentationum
804 1306 1131 1361 documentis
1169 1306 1443 1373 probatus,
1488 1305 1771 1360 Athanasii
1822 1315 1903 1358 ιε’-ο

324 1381 574 1434 stimonio
604 1397 637 1433 a
672 1376 1059 1446 confessoribus
1089 1384 1223 1429 esset
1252 1377 1523 1446 episcopus
1557 1377 1751 1444 factus,
1786 1390 1897 1446 mo-

323 1450 499 1503 destia
520 1451 635 1519 ejus
666 1444 980 1516 contempta,
1015 1446 1154 1500 alius
1186 1462 1219 1499 a
1260 1445 1459 1501 Meletii
1484 1446 1724 1516 partibus
1763 1444 1898 1498 ordi-

325 1532 508 1574 natur.

403 1589 561 1661 [ηιξ]
602 1588 680 1642 Ex
725 1588 829 1661 hac
859 1597 1041 1661 autem
1076 1585 1260 1661 Rufini
1296 1585 1628 1661 auctoritate
1678 1602 1788 1640 non
1816 1600 1900 1661 so-

326 1656 443 1715 lum
490 1656 712 1730 Tyrium
751 1659 1012 1730 schisma,
1045 1657 1309 1730 sedAillud
1337 1659 1501 1730 etiam
1540 1656 1896 1730 opportunis-

328 1733 468 1784 sime
497 1725 676 1799 colligi
709 1744 870 1799 posse
901 1727 1061 1783 video
1090 1747 1103 1782 :
1134 1727 1424 1799 Diodorum
1450 1725 1579 1799 Tyri
1618 1725 1709 1783 an.
1741 1725 1901 1780 Chri-

328 1801 402 1857 sti
455 1800 561 1854 592
616 1797 965 1879 episcopatus
1021 1813 1197 1879 annos
1244 1798 1464 1878 triginta
1497 1797 1581 1879 ad
1621 1810 1897 1879 summum

330 1885 625 1946 numerare
649 1866 927 1938 potuisse;
961 1867 1306 1946 confessores
1324 1866 1477 1946 enim
1497 1867 1596 1931 illi,
1622 1881 1651 1920 a
1672 1866 1892 1946 quibus,
1930 1890 1971 1946 Β

329 1939 530 1993 Rufino
578 1935 738 2003 teste,
768 1954 893 1993 eum
926 1938 1174 1992 ordinem
1206 1938 1437 2006 accepit.
1480 1945 1539 1992 ut
1562 1935 1709 1991 recte.
1729 1935 1897 1990 Tille-

328 2010 575 2065 inontius
605 2017 820 2079 reputat
844 2012 961 2063 Art.
1005 2009 1107 2079 MO
1138 2007 1216 2061 De
1251 2006 1309 2061 S.
1342 2008 1655 2079 Athanasio,
1696 2014 1805 2079 aut
1831 2022 1894 2059 ex

329 2080 443 2135 illis
468 2079 639 2134 fuisse
664 2076 920 2133 videntur
952 2078 1247 2148 episcopis,
1281 2078 1373 2146 qui
1417 2079 1519 2134 sub
1545 2076 1760 2131 Iuliano
1796 2076 1897 2148 im-

331 2158 589 2220 peratore
628 2151 697 2202 ab
741 2149 936 2220 exsilio
967 2146 1204 2220 revocati
1234 2155 1361 2203 sunt
1403 2147 1738 2220 anschristi
1771 2146 1897 2220 362,

330 2216 429 2272 aut
454 2236 518 2274 ex
559 2220 686 2284 illis,
720 2219 814 2287 qui
846 2219 1085 2274 revocati
1116 2226 1242 2275 sunt
1272 2234 1360 2272 an.
1395 2217 1598 2274 Christi
1636 2216 1760 2287 563,
1798 2216 1900 2287 im-

331 2299 558 2359 perante
595 2286 848 2355 Joviano,
873 2287 1240 2343 Ecclesiarum
1272 2303 1458 2359 curam
1484 2286 1700 2357 gerendi
1742 2286 1901 2359 copia

330 2357 418 2413 eis
443 2358 605 2414 facta.
634 2359 893 2427 Equidem
921 2359 975 2413 in
1011 2367 1263 2426 promptu
1294 2358 1467 2411 habeo
1506 2357 1897 2427 testimonipm,

330 2444 447 2497 quo
480 2424 786 2493 ostendam,
833 2437 980 2484 certe
1018 2424 1117 2483 an.
1147 2424 1349 2483 Christi
1385 2428 1491 2482 559
1528 2426 1737 2482 sedisse
1769 2424 1899 2497 Tyri

332 2496 507 2552 alium
530 2500 870 2570 episcopum,
902 2498 1167 2570 Uranium
1211 2498 1452 2570 nomine,
1487 2514 1610 2551 cum
1658 2496 1901 2570 subscri-

332 2578 493 2638 ptum
524 2565 645 2624 eum
682 2565 950 2624 inveniam
990 2568 1171 2622 libello
1212 2567 1287 2620 De
1318 2568 1439 2636 ﬁde,
1476 2582 1636 2638 quem
1671 2565 1902 2619 Aeacius

333 2637 706 2693 Cmsareensis
740 2638 989 2692 recitavit
1017 2638 1070 2690 in
1101 2640 1311 2708 synodo
1342 2638 1604 2708 Seleucia:
1624 2637 1901 2708 hocanno

336 2709 549 2763 habita.
600 2709 860 2763 l’raaterea
913 2706 1144 2777 epistola
1179 2708 1459 2763 Athanasii
1509 2707 1576 2759 ad
1607 2706 1901 2760 Diodorum

333 2777 470 2849 Tyri
523 2794 647 2834 mox
691 2778 977 2833 referenda
1017 2778 1268 2849 fortassis
1317 2793 1425 2832 non
1470 2779 1644 2849 solum
1682 2792 1741 2849 se
1771 2791 1905 2849 _esse

332 2845 525 2902 datam
567 2849 746 2918 prodit
784 2849 931 2902 circa
980 2849 1134 2902 initia
1171 2848 1539 2918 episcopatus
1567 2845 1807 2908 Diodori,
1847 2854 1906 2898 ut

335 2916 777 2981 observabimus,
824 2918 918 2973 sed
964 2919 1128 2972 etiam
1173 2933 1295 2971 cum
1343 2919 1454 2988 jam
1503 2916 1759 2972 Ecclesia:
1799 2930 1903 2984 pax

336 2990 483 3044 foret
505 2991 776 3052 restituta,
799 2987 941 3057 quod
962 3003 1025 3041 ex
1050 3003 1112 3042 ea
1137 2989 1360 3057 liqueat,
1396 2988 1685 3042 Diodorum
1714 2993 1906 3057 contra

336 3060 632 3115 lnnreticos
674 3061 749 3114 ita
780 3054 1165 3128 libereiegisse
1193 3054 1255 3113 ct
1292 3068 1533 3128 strenue,
1573 3067 1630 3110 ut
1668 3072 1762 3112 eos
1792 3054 1906 3128 fre-

335 3129 502 3199 gerit,
541 3140 596 3185 et
650 3138 855 3183 rectam
908 3125 1065 3182 fidem
1105 3129 1159 3181 in
1207 3128 1341 3183 urbe
1390 3127 1535 3197 Tyro
1581 3125 1902 3199 restituerit.

333 3198 522 3265 Quare
574 3201 621 3254 si
661 3200 857 3262 artatis,
916 3213 1020 3266 qua
1078 3206 1208 3252 tunc
1257 3199 1518 3267 temporis
1569 3198 1907 3267 eligebantur

337 3270 607 3338 episcopi,
661 3271 1094 3332 meminerimus,
1144 3266 1386 3338 profecto
1440 3268 1747 3338 hocqetiam
1789 3266 1913 3338 pla:

342 3334 471 3391 num
508 3334 583 3403 lit,
627 3355 804 3407 neque
857 3354 1031 3393 annos
1080 3334 1279 3401 tet—alis,
1331 3353 1470 3406 quos
1509 3336 1744 3391 Diodoro
1786 3334 1914 3405 Tyri

348 3417 555 3475 oportet
597 3408 854 3474 tribuere,
906 3408 997 3461 ubi
1052 3423 1175 3462 eum
1207 3408 1439 3462 velimus
1487 3422 1595 3461 non
1649 3413 1774 3460 ante
1824 3421 1913 3458 an.

350 3478 544 3533 Christi
576 3478 682 3533 392
710 3480 988 3547 accepisse
1020 3478 1086 3531 ab
1108 3477 1413 3547 Epiphanio
1442 3476 1640 3531 librum
1676 3477 1750 3530 De
1776 3491 1917 3547 gem-

349 3549 464 3616 mis,
499 3564 586 3615 ea,
619 3564 740 3621 qua:
775 3546 1042 3604 hactenus
1071 3546 1494 3618 disputavimus,
1522 3546 1825 3602 inﬁrmare.

1047 3687 1075 3759 §
1112 3685 1204 3742 x1.

338 3800 555 3867 Optime
585 3801 641 3870 in
673 3799 971 3853 Diodorum
1008 3799 1228 3870 Tyrium
1268 3815 1358 3852 eas
1402 3802 1672 3855 convenire
1710 3800 1915 3868 laudes,

412 3886 548 3936 quas
590 3868 920 3939 Epiphanius
953 3868 1135 3922 tribuit
1167 3870 1404 3923 Diodoro
1450 3870 1553 3937 illi,
1590 3872 1675 3924 cui
1725 3872 1918 3927 librum

416 3940 494 3994 De
526 3940 753 4011 gemmis
785 3939 1074 4008 inscripsit.

420 4029 532 4085 Sed
585 4031 729 4086 aliud
780 4046 999 4101 quoque
1058 4046 1123 4086 ex
1172 4031 1466 4102 descriptis
1512 4032 1695 4089 Rufini
1741 4038 1920 4093 verbis

340 4102 712 4175 colligendum
760 4109 1013 4175 superest
1044 4120 1057 4154 :
1088 4103 1140 4155 in
1176 4101 1471 4175 Diodorum
1517 4106 1739 4175 Tyrium
1799 4122 1919 4160 eam

336 4173 763 4243 aestimationem
818 4172 1023 4240 optime
1061 4174 1376 4243 convenire,
1425 4188 1533 4240 qua
1565 4172 1921 4243 Epiphanius

340 4241 829 4316 l_)iodorum_illnm
883 4241 1248 4316 prosequitur,
1282 4244 1370 4316 cui
1402 4243 1600 4316 lihr_um
1629 4241 1922 4316 inscripsit

342 4312 425 4365 De
471 4312 707 4382 gemmis.
759 4311 895 4382 Cum
948 4311 1091 4365 enim
1144 4328 1305 4381 quam
1344 4310 1520 4382 [χχχι]
1566 4315 1779 4370 celebre
1812 4310 1921 4369 'est

341 4378 571 4435 Diodori
596 4378 889 4451 Tarsensis
920 4396 1139 4445 nomen,
1163 4378 1291 4435 'tam
1322 4378 1631 4451 ignoratum
1667 4386 1738 4438 sit
1786 4385 1919 4439 illud

339 4452 573 4506 Diodori
593 4448 764 4522 Tyrii,
797 4466 958 4520 quem
989 4450 1079 4503 vix
1121 4448 1494 4521 diligentiores
1529 4454 1921 4511 ecclesiastica:

252 4522 263 4529 ’
340 4522 593 4593 historia:
635 4529 1219 4593 amatores_i_iossent,
1253 4522 1378 4593 nisi,
1406 4524 1460 4575 in
1511 4524 1747 4593 aliquam
1794 4541 1917 4579 eum

338 4592 617 4648 evexisset
672 4592 869 4662 famam
914 4590 1294 4662 Tillemontius
1334 4592 1553 4662 :itaque
1599 4590 1699 4649 hoc
1749 4598 1912 4651 etiam

340 4660 783 4735 praetereundum
848 4676 954 4735 non
989 4660 1112 4735 luit
1150 4662 1427 4735 silentio,
1466 4660 1634 4735 'quod
1695 4667 1914 4735 quidem

338 4729 553 4803 optime
580 4730 1003 4803 Diodorusi'l'yri
1054 4733 1120 4784 ab
1150 4729 1455 4803 Epiphanio
1492 4729 1741 4789 dicitur}
1783 4736 1917 4790 Elia:

341 4801 675 4870 aliorumque
723 4802 1094 4869 prophetarum
1140 4802 1307 4868 ﬁlius,
1351 4801 1642 4872 discipulus
1704 4815 1752 4859 et
1798 4822 1918 4859 suc-

339 4889 523 4946 cessor
571 4873 875 4946 uenerabilis
909 4887 927 4921 :
958 4878 1013 4946 et
1059 4872 1203 4939 quod
1257 4872 1462 4946 optime
1504 4873 1725 4928 Diodori
1769 4874 1915 4946 Tyrii

340 4944 605 5014 precibus
631 4943 830 5015 dixitne
865 4942 1052 5011 gratia:
1082 4942 1402 4995 muneribus
1445 4944 1757 5012 locupletari
1797 4942 1919 5015 spe-

340 5012 468 5080 iat;
494 5021 610 5065 erat
636 5014 778 5065 enim
821 5012 910 5083 ille
939 5027 1071 5063 unus
1102 5028 1229 5064 sane
1278 5026 1353 5083 es;
1384 5014 1613 5083 antiquis
1644 5012 1917 5069 catholicis

337 5085 447 5145 tir,
484 5085 835 5154 tentationum
873 5080 1200 5154 documentis
1238 5080 1518 5154 probatus,
1544 5088 1813 5154 episcopus
1846 5096 1919 5139 te-

336 5152 593 5207 stimonio
635 5151 920 5205 Athanasii
967 5151 1140 5219 {actus
1193 5168 1225 5204 a
1274 5152 1680 5219 confcssoribus,
1718 5151 1920 5210 ἠιυίίεη

336 5226 551 5291 stiaque
577 5221 839 5293 singulari
869 5222 1146 5289 pra’ditus,
1178 5228 1234 5275 ut
1279 5238 1342 5275 ex
1386 5221 1587 5277 Rufino
1629 5225 1915 5281 discimus.

337 5294 487 5358 Quin
517 5293 678 5345 etiam
710 5300 906 5346 caetera
934 5307 1172 5361 quoque,
1201 5308 1322 5360 qua:
1347 5293 1413 5349 de
1446 5311 1511 5350 eo
1542 5295 1804 5350 habemus
1836 5305 1921 5352 te-

337 5364 598 5419 stimonia
631 5378 754 5415 cum
793 5363 875 5416 his
908 5362 1225 5416 concinunt.

413 5433 746 5487 Athanasius
776 5434 839 5485 ad
869 5447 1000 5502 eum
1034 5431 1108 5484 ita
1147 5433 1390 5502 scripsit,
1427 5448 1550 5487 cum
1590 5434 1681 5488 ille
1723 5450 1920 5491 recens

338 5505 717 5573 episcopatum
768 5501 1119 5573 obtinuisset,
1161 5511 1301 5556 utcx
1356 5503 1472 5572 ipso
1516 5505 1759 5572 epistolae
1790 5520 1918 5559 con-

337 5572 492 5628 textu
533 5573 901 5634 consuadcor,
941 5572 993 5644 in
1026 5588 1130 5640 qua
1174 5574 1382 5627 litteras
1409 5576 1476 5628 ab
1509 5590 1572 5628 co
1606 5574 1920 5644 frequentes

339 5646 500 5714 petit,
553 5654 607 5699 et
656 5643 841 5715 nullas
888 5642 1070 5715 adhuc
1124 5645 1401 5712 accepisse
1445 5642 1717 5715 queritur,
1752 5646 1825 5698 ita
1862 5654 1920 5699 ut

332 5712 557 5773 aliunde
595 5712 929 5770 intellexerit
972 5712 1171 5779 [actam
1212 5730 1306 5782 per
1354 5712 1478 5770 cuni
1521 5714 1575 5769 in
1619 5714 1757 5786 Tgro
1789 5733 1917 5787 gra-

408 5864 566 5920 ‘Col.
602 5879 677 5926 iv,
712 5862 765 5915 6.
843 5861 865 5892 ’
893 5856 1127 5930 Philipp.
1165 5873 1202 5923 ι,
1238 5858 1325 5913 9.9.

1993 608 2203 682 uerbum
2253 608 2645 682 pietatis,'seu
2700 608 3029 682 ejuraverit,
3072 608 3154 682 fut
3210 612 3564 682 interpretor,

1993 680 2250 750 Arianam
2283 680 2531 735 haeresim
2550 720 2564 745 ,
2589 679 2751 749 quam
2782 681 2885 735 sub
2915 679 3140 744 Uranio,
3176 682 3266 750 qui
3295 679 3566 737 Nicatnam

1994 748 2155 803 fidem
2188 749 2572 820 _abrogandam
2614 748 2850 815 eensuit,
2903 748 3217 805 combibere
3263 749 3421 806 facile
3468 766 3567 820 po-

1992 820 2139 873 tuit:
2180 817 2402 872 Domino
2451 835 2563 872 meo
2612 820 2744 887 ﬁlio,
2796 829 2845 873 et
2891 821 3262 874 amantissimo
3301 817 3568 875 consacer-

1994 891 2105 941 doti
2134 888 2367 942 Diodoro
2395 890 2717 943 Athanasius
2744 889 2797 941 in
2821 889 3047 943 Domino
3077 890 3322 943 salutent.
3354 888 3569 945 Gratias

1995 958 2222 1012 Domino
2257 975 2394 1022 meo,
2422 960 2511 1027 qui
2536 959 2827 1027 ubicunque
2861 976 3013 1013 suam
3037 959 3331 1012 doctrinam
3355 960 3569 1029 fundat,

1995 1039 2043 1082 et
2074 1029 2301 1082 maxime
2332 1043 2423 1096 per
2461 1029 2603 1094 ﬁlios
2646 1031 2908 1097 proprios,
2955 1029 3163 1096 qualem
3207 1039 3257 1082 et
3307 1038 3355 1083 te
3404 1031 3571 1096 ipsum

1995 1115 2077 1152 res
2131 1100 2251 1166 ipsa
2301 1100 2650 1153 demonstrat.
2712 1097 2923 1151 Etenim
2987 1110 3266 1169 antequam
3325 1098 3572 1152 scriberet

1996 1178 2169 1222 vestra
2218 1170 2524 1231 reverentia,
2580 1169 2915 1234 cognovimus
2966 1181 3166 1238 quanta
3215 1170 3392 1238 gratia
3426 1169 3573 1237 facta

1995 1247 2071 1293 est
2102 1240 2154 1291 in
2193 1238 2333 1308 Tyro
2374 1254 2465 1307 per
2505 1247 2649 1291 tuam
2688 1241 3166 1307 perseverantiam;
3201 1248 3250 1293 et
3287 1238 3574 1308 congaude-

1997 1324 2113 1361 ntus
2162 1308 2276 1374 tibi,
2322 1310 2448 1378 quia
2481 1324 2572 1377 per
2601 1317 2650 1362 te
2679 1309 2915 1379 cognovit
2945 1317 2996 1361 et
3023 1308 3195 1377 Tyrus
3229 1318 3429 1361 rectum
3461 1324 3569 1362 ver-

1997 1379 2118 1432 bum
2158 1379 2395 1446 pietatis.
2425 1379 2497 1449 Et
2522 1395 2615 1448 ego
2655 1378 2863 1449 quidem
2910 1379 3238 1449 occasionem
3293 1394 3569 1449 a_s_suntens

1997 1449 2186 1515 scripsi
2236 1448 2349 1513 tibi,
2398 1446 2742 1503 dilectissime
2788 1458 2838 1501 et
2884 1448 3269 1502 amantissime.
3325 1446 3404 1501 Tu
3458 1463 3575 1501 rcro

2000 1517 2256 1589 quomodo
2312 1535 2393 1571 me
2443 1518 2699 1573 scribente
2754 1535 2858 1589 non
2918 1518 3275 1589 rescripsisti,
3344 1518 3574 1589 miratus

1998 1586 2134 1642 sum.
2168 1587 2355 1657 Itaque
2379 1605 2480 1641 non
2512 1590 2585 1642 sis
2616 1588 2787 1658 segnis
2827 1586 3052 1658 scribere
3086 1586 3355 1654 continue,
3403 1588 3572 1641 sciens

1999 1659 2124 1729 quia
2150 1656 2286 1712 sicut
2313 1658 2457 1726 ﬁlius
2482 1656 2799 1729 requiescere
2830 1673 2912 1711 me
2941 1656 3074 1729 facis
3095 1670 3316 1729 patrem,
3350 1664 3399 1711 et
3434 1659 3570 1729 sicut

1998 1726 2172 1797 prisco
2202 1729 2437 1783 veritatis
2466 1728 2867 1797 superltetiﬁcas
2890 1743 2991 1782 me.
3029 1726 3095 1780 Et
3127 1726 3259 1780 nihil
3290 1726 3574 1797 contendas

2001 1796 2251 1853 adversus
2275 1797 2571 1859 hwreticos,
2597 1798 2688 1852 sed
2718 1796 2930 1852 silentio
2968 1798 3330 1852 verbositatem
3359 1796 3574 1849 illorum

1999 1884 2212 1936 supera,
2247 1869 2650 1923 mansuetudine
2708 1867 2994 1923 malitiam.
3050 1866 3142 1921 Sic
3201 1868 3339 1921 enim
3399 1882 3575 1936 sermo

2001 1935 2197 2011 [xsxu]
2224 1948 2343 2011 tuus
2378 1939 2489 2011 sale
2513 1939 2755 2011 conditus
2787 1938 2806 1970 ¹
2836 1936 3050 2011 habebit
3075 1937 3325 2011 gratiam,
3364 1935 3447 2011 illi
3487 1952 3577 1989 au-

2002 2004 2103 2063 iem
2135 2004 2277 2077 apud
2303 2009 2538 2062 omnium
2568 2009 2942 2063 conscientiam
2964 2004 3339 2076 culpabuntur.
3368 2004 3569 2077 Hacte-

2000 2094 2105 2133 nus
2157 2076 2495 2134 Athanasius
2523 2097 2536 2133 :
2567 2087 2620 2133 et
2646 2094 2809 2148 quam
2846 2079 3137 2148 insigniter
3164 2077 3426 2147 praaclaro
3456 2076 3579 2145 ejus

2000 2150 2210 2203 monito
2262 2150 2561 2218 superandi
2603 2147 2985 2218 haircticorqm
3016 2147 3285 2200 malitiam
3316 2161 3577 2218 mansue-

2001 2220 2209 2285 tudine,
2239 2215 2623 2273 verbositatem
2656 2218 2895 2281 silentio,
2919 2215 3189 2271 Diodorus
3221 2230 3355 2285 usus
3386 2216 3571 2280 fuerit,

2003 2305 2066 2345 ex
2106 2287 2302 2342 Ruﬁno
2326 2297 2477 2343 certe
2506 2297 2672 2356 patet,
2703 2289 2798 2358 qui
2822 2286 3092 2342 modestia:
3120 2284 3281 2341 laude
3302 2285 3576 2356 insignem

2001 2374 2123 2429 cum
2160 2358 2328 2413 fuisse
2358 2359 2636 2429 prmdieat.

2073 2423 2373 2483 Servarunt
2403 2444 2528 2498 erga
2557 2427 2850 2483 Diodorum
2906 2423 3033 2495 Tyri
3076 2424 3478 2498 venerationem
3502 2432 3574 2498 _e.t_

2004 2499 2246 2562 cultum,
2298 2501 2390 2567 qui
2439 2495 3181 2567 Athanasioiit‘exceperunt
3223 2495 3577 2567 Alexandrini

2004 2564 2422 2638 archiepiscopi,
2454 2568 2647 2622 Petrus
2697 2575 2752 2623 et
2788 2564 3125 2621 Timotheus.
3153 2565 3347 2638 Petrus
3371 2565 3579 2638 episco-

2003 2639 2108 2707 pis,
2149 2634 2480 2709 presbyteris
2510 2649 2564 2709 et
2599 2638 2861 2709 diaconis
2884 2650 2983 2707 pro
3014 2650 3155 2709 vera
3200 2634 3304 2709 fide
3333 2635 3581 2709 essulan-

2005 2704 2164 2763 tibus
2196 2704 2446 2763 scribens
2475 2726 2488 2762 :
2521 2704 2965 2762 Consiliatoribus
3005 2706 3169 2775 igitur
3189 2704 3352 2769 vobis,
3378 2705 3577 2774 inquit,

2006 2780 2060 2831 in
2089 2781 2169 2832 his
2195 2795 2312 2847 qua:
2336 2781 2636 2842 incurrunt,
2672 2788 2833 2841 utor;
2875 2786 2926 2831 et
2968 2776 3092 2847 quid
3131 2784 3460 2847 oportetnnte
3497 2776 3581 2843 fa-

2007 2865 2121 2902 cere
2155 2845 2230 2901 sic
2263 2865 2467 2918 semper
2514 2848 2902 2917 perturbatum,
2942 2845 3217 2901 Timotheo
3241 2917 3246 2918 ν
3268 2845 3583 2918 diﬂ'amante

2009 2934 2065 2972 se
2089 2915 2390 2988 episcopum
2447 2915 2578 2981 esse,
2620 2928 2675 2971 ut
2719 2935 2809 2987 per
2838 2919 2933 2970 hoc
2965 2917 3312 2986 conﬁdentius
3360 2915 3579 2984 injurct,

2007 3002 2056 3060 et
2106 3000 2352 3054 paternas
2401 2990 2532 3060 leges
2576 2989 2872 3060 infringat?
2911 2987 3087 3041 Voluit
3130 2989 3270 3060 enim
3312 3002 3399 3060 me
3449 3001 3583 3038 ana-

2012 3058 2376 3121 thcmatizare,
2408 3056 2461 3112 ei
2495 3056 2758 3112 Basiliam
2790 3058 3068 3122 Cassarew,
3100 3067 3147 3111 et
3186 3056 3491 3120 Paulinum,
3533 3064 3584 3108 et

2011 3126 2388 3196 Epiphaniam,
2437 3140 2487 3182 et
2532 3129 2823 3181 Diodorum
2868 3130 3158 3196 episcopos,
3194 3137 3243 3179 et
3273 3126 3374 3179 soli
3418 3125 3584 3178 Vitali

2019 3200 2425 3251 communicare.
2469 3198 2575 3250 Sed
2620 3195 2986 3266 pulcherriina
3033 3205 3118 3252 est
3148 3197 3213 3250 ad
3243 3210 3365 3266 eum
3401 3195 3583 3266 ipsum

2019 3268 2148 3321 data
2203 3270 2432 3338 epistola
2484 3262 2774 3330 Timothei,
2821 3269 2910 3321 ubi
2959 3280 3083 3320 cum
3130 3281 3236 3320 non
3260 3262 3446 3338 solum
3481 3262 3584 3317 fide

2020 3336 2355 3399 elarusfsed
2401 3340 2561 3391 etiam
2603 3338 2885 3397 aerumnis,
2915 3352 3053 3404 quas
3082 3351 3179 3405 pro
3212 3336 3429 3388 (lhristo
3459 3349 3586 3403 pas-

2022 3423 2117 3462 sus
2143 3417 2280 3471 erat,
2307 3410 2499 3462 beatus
2533 3409 2767 3471 dicatur,
2796 3409 3143 3462 tentationum
3176 3406 3584 3459 meminerimus

2020 3485 2256 3547 oportet,
2316 3478 2517 3548 quibus
2564 3475 2826 3548 probatus
2868 3478 3070 3548 dicitur
3098 3492 3128 3548 a
3163 3474 3380 3548 Rufino,
3412 3481 3465 3527 et
3502 3474 3584 3527 in-

2017 3545 2197 3617 jiirite,
2222 3545 2589 3617 qua'alfectus
2632 3548 2825 3610 fuerat,
2867 3548 2975 3601 alio
3003 3546 3133 3616 Tyri
3162 3545 3431 3617 episcopo
3451 3558 3586 3597 eon-

2022 3613 2107 3672 ira
2129 3613 2254 3672 enni
2279 3617 2443 3681 laeto,
2481 3620 2573 3687 qui
2605 3634 2635 3671 a
2660 3618 2853 3672 Meletii
2886 3613 3135 3687 partibus
3165 3613 3354 3669 staret.
3393 3613 3467 3666 Ea
3501 3622 3586 3667 est

2023 3690 2145 3742 talis
2174 3711 2185 3743 :
2219 3687 2442 3742 Domino
2463 3686 2597 3754 meo,
2629 3700 2677 3742 et
2717 3686 3053 3743 sanctissimo
3092 3686 3351 3753 episcopo,
3384 3694 3432 3737 ct
3468 3699 3590 3736 con-

2023 3759 2287 3831 sacerdoti
2338 3759 2590 3831 Diodoro,
2652 3759 2954 3831 Timotheus
3003 3758 3056 3810 in
3100 3756 3319 3831 Christo
3337 3754 3584 3807 salutem.

2036 3829 2292 3881 Virtutem
2325 3838 2488 3893 tuam,
2510 3840 2558 3883 et
2578 3825 2706 3883 inita:
2729 3829 3120 3898 perfectionem,
3155 3835 3202 3879 et
3240 3825 3410 3898 zelum
3433 3834 3589 3877 rectae

2021 3911 2067 3953 et
2101 3900 2404 3965 apostolica:
2435 3910 2538 3953 tua:
2567 3899 2692 3968 ﬁdei
2730 3896 2832 3968 pro
2875 3898 3131 3968 dignitate
3169 3896 3459 3965 pra'dicare
3504 3909 3587 3947 ne-

2022 3985 2287 4039 quaquam
2323 3983 2524 4038 potero.
2570 3971 2780 4023 etiamsi
2822 3970 3444 4039 nimiumproperarero;
3484 3980 3591 4039 non

2022 4035 2159 4091 cnim
2199 4035 2474 4109 a'quantur
2502 4055 2763 4093 sermones
2799 4048 2848 4093 et
2883 4036 3274 4109 res.7Vo_l:_isAex
3311 4045 3452 4109 certo
3489 4035 3590 4086 do-

2025 4117 2208 4161 natum
2253 4105 2352 4170 est,
2397 4126 2499 4162 non
2537 4109 2709 4162 solum
2750 4108 2954 4162 credere
2983 4108 3037 4160 in
3076 4105 3346 4160 Christum
3385 4107 3587 4169 Jesum,

2024 4178 2111 4230 sed
2142 4178 2300 4231 etiam
2329 4193 2424 4245 pro
2456 4181 2568 4246 ipso
2597 4179 2711 4247 pati
2737 4181 2780 4231 ².
2809 4181 2961 4232 Hanc
2995 4187 3141 4247 tuam
3160 4184 3367 4247 rectam
3389 4184 3439 4227 et
3468 4174 3587 4247 bea-

2024 4256 2133 4299 tam
2170 4244 2507 4301 circaDeum
2544 4244 2881 4309 voluntatem,
2922 4255 2970 4299 et
2997 4244 3420 4299 indeclinabilem
3447 4244 3593 4296 circa

2023 4319 2233 4385 pietatis
2274 4319 2581 4387 mysterium
2622 4319 2996 4370 conscientiam
3042 4316 3167 4369 olim
3211 4314 3354 4367 vobis
3396 4314 3586 4375 inesse,

2024 4396 2071 4439 et
2101 4388 2309 4441 divinus
2350 4404 2489 4456 papa
2532 4398 2708 4443 noster
2740 4388 3064 4441 Athanasius
3096 4393 3375 4456 attestatus
3404 4392 3481 4456 est
3512 4398 3593 4456 veg

2024 4468 2150 4511 strte
2192 4453 2546 4526 religiosi—tati,
2590 4468 2638 4512 et
2669 4475 2762 4511 nos
2795 4475 2919 4512 suos
2951 4457 3239 4524 discipulos
3270 4454 3495 4526 adduxit
3523 4453 3593 4526 ad

2027 4524 2313 4581 amandum
2361 4539 2506 4581 tuam
2535 4524 2945 4597 perfectionem,
3000 4538 3048 4581 et
3098 4541 3251 4580 orare
3301 4542 3334 4577 α
3380 4524 3489 4597 Deo
3539 4525 3592 4576 in

2023 4600 2215 4652 multos
2260 4614 2518 4653 annorum
2554 4594 2809 4653 circuitus
2840 4598 3150 4668 pra’servari
3180 4604 3407 4651 vestram
3431 4594 3596 4649 vitam

2023 4670 2091 4722 ad
2126 4669 2411 4722 utilitatem
2442 4669 2799 4723 Ecclesiarum
2830 4669 3050 4724 Christi.

2098 4738 2317 4812 [iussin]
2358 4740 2521 4810 239
2554 4740 2774 4812 Deniuin
2802 4740 3045 4809 episcopi
3082 4732 3598 4812 quidamAigyptii

2022 4805 2113 4879 qui
2142 4805 2505 4865 Diocuisai'Ea?
2523 4812 2577 4863 in
2615 4811 2810 4865 exsilio
2837 4805 3001 4863 erant
3031 4805 3290 4879 adversus
3315 4805 3596 4879 Apollina-

2024 4871 2163 4934 rium
2194 4882 2494 4935 scribentes
2533 4882 2673 4934 inter
2715 4889 2907 4933 caetera
2942 4880 3052 4931 haec
3090 4877 3333 4929 habent:
3363 4871 3444 4924 Ad
3485 4871 3598 4924 lucc

2022 4952 2181 5005 etiam
2219 4961 2267 5003 et
2306 4950 2442 5003 alias
2475 4951 2701 5010 litteras,
2738 4952 2803 5000 in
2844 4946 3033 5016 quibus
3069 4943 3336 5016 accusavit
3378 4957 3598 5016 uenera-

2024 5021 2180 5073 bilem
2233 5019 2676 5086 archiepiscopum
2719 5010 2877 5085 Cypri
2927 5014 3300 5086 Epiphaniam,
3349 5010 3602 5064 orthodo-

2023 5106 2149 5143 xam
2218 5100 2265 5143 et
2311 5084 2786 5142 communicantcm
2830 5100 3032 5153 semper
3086 5084 3389 5136 beatissimo
3447 5096 3601 5152 papa:

2022 5175 2203 5214 nostra
2256 5160 2547 5212 Athanasio
2581 5174 2597 5210 :
2629 5158 2802 5209 adhuc
2862 5157 3025 5208 etiam
3093 5164 3142 5207 et
3201 5155 3601 5207 sanctissimum

2028 5231 2365 5291 Tarsensem,
2393 5238 2441 5283 et
2477 5227 2957 5282 communicantem
2989 5225 3237 5278 similiter
3274 5224 3425 5276 beato
3450 5234 3602 5287 papte

2025 5310 2206 5353 nostro
2248 5301 2574 5359 Athanasio,
2626 5309 2672 5351 et
2724 5305 2959 5349 nostrum
3014 5296 3249 5362 ipsorum
3303 5291 3603 5361 episcopum

2028 5369 2316 5422 Diodorum
2354 5369 2677 5437 abjutlicavit
2722 5368 2916 5434 injuste.
2955 5381 3045 5432 per
3088 5365 3330 5437 proprias
3373 5362 3602 5421 litteras,

2025 5441 2070 5491 si
2103 5456 2203 5493 non
2252 5433 2592 5493 abstinuisset
2634 5454 2665 5490 a
2693 5433 3055 5490 communione
3093 5433 3478 5487 antedictorum
3518 5445 3608 5481 or-

2028 5509 2357 5561 thodoxorn-
2478 5514 2483 5521 ’
2522 5523 2765 5571 umorum
2794 5505 3013 5559 Paulini
3043 5514 3089 5558 et
3125 5501 3425 5573 lipiphanii.

2102 5579 2207 5630 “ns
2612 5580 2832 5630 -i~t:ilas
2890 5576 2954 5629 ad
3018 5570 3184 5627 nnnni
3248 5570 3610 5636 eamdemque

1980 5666 1983 5671 ·
2028 5649 2159 5702 Dimi
2710 5667 2731 5699 κ
2764 5661 2948 5699 earum
2984 5650 3239 5697 contextu
3272 5641 3409 5695 adeo
3447 5638 3607 5693 clare

2029 5729 2149 5789 pate
2754 5715 2968 5786 quidem
2997 5715 3148 5770 locus
3178 5714 3249 5769 sit
3277 5711 3413 5768 u"'"
3440 5724 3450 5736 '
3489 5722 3614 5768 Der-
