3994 6456
297 364 383 420 bii

1626 354 1879 411 VERSIO
1917 352 2249 421 ANTIQUA.

3477 354 3587 411 522

304 510 3566 541 Μ

350 1547 617 1598 EPISTULA
663 1542 934 1586 ΕΡΙΡΠΛΝΙΙ
975 1543 1041 1585 Δί)

538 1617 846 1658 υιοιιοιιυιι.

320 1715 549 1767 Facundo
595 1712 961 1762 Hermianense
1000 1709 1080 1758 in-

584 1780 833 1837 terprete.

322 1888 552 1943 Domino
606 1902 721 1940 meo
777 1880 1080 1937 honorabili

395 1957 557 2029 fratri
611 1964 662 2010 et
714 1951 1081 2029 consacerdati

392 2022 632 2083 Diodoro
697 2023 917 2078 amabili
973 2022 1082 2090 epi-

394 2115 590 2168 scopo,
644 2093 972 2168 Epiphanius
1026 2091 1082 2144 in

397 2166 626 2223 Domino
658 2166 905 2220 salutem.

399 2279 480 2354 [l]
515 2277 679 2351 240
707 2276 947 2330 Gratiam
971 2289 1086 2327 nta-

319 2374 494 2446 jorem
522 2382 785 2441 prwstans
814 2384 970 2438 quam
996 2382 1086 2418 ac-

323 2465 544 2533 cipiens,
583 2461 785 2530 petebat
831 2458 1085 2511 Dominus

326 2571 359 2607 a
382 2552 737 2609 Samaritana
768 2565 960 2621 aquam
1008 2547 1086 2600 bi-

326 2648 445 2699 bere
472 2660 490 2697 :
522 2645 634 2713 ipse
679 2646 797 2711 [ons
844 2650 1083 2705 exstans,

323 2736 483 2808 juxta
511 2744 725 2805 puteum
759 2731 995 2794 sedebat,
1038 2738 1088 2783 et

326 2831 588 2903 fatigatus
627 2845 692 2884 ea:
734 2829 920 2882 itinere
946 2826 1089 2880 inve-

329 2923 598 2985 niebatur,
627 2930 685 2975 ut
714 2929 1092 2992 consequenter

327 3015 582 3083 prtcsenti
616 3026 874 3072 sermone,
911 3010 1092 3063 incar-

333 3104 569 3157 nationis
592 3118 694 3155 non
723 3101 991 3156 excederet
1018 3118 1093 3156 ve-

334 3195 564 3248 ritatem.
612 3193 706 3264 (Et
745 3200 862 3262 post
901 3193 1093 3263 paulu-

333 3285 487 3356 lum.)
506 3285 611 3341 Sed
651 3288 811 3340 etiam
853 3286 966 3354 ejus
1007 3285 1090 3338 di-

333 3378 543 3446 scipuli,
578 3391 627 3431 et
663 3378 820 3442 servi,
847 3396 877 3430 o
904 3378 1092 3447 quibus

337 3467 540 3537 aliquid
589 3469 867 3538 petebant,
925 3472 1093 3540 magis

333 3563 413 3617 eis
462 3561 687 3628 dabant,
746 3580 903 3634 quam
957 3565 1095 3617 acci-

334 3651 549 3722 piebant
600 3653 665 3706 ab
716 3654 811 3717 eis,
858 3663 906 3707 et
960 3654 1095 3707 allo-

332 3744 593 3815 quebatur
621 3746 830 3815 quidem
882 3743 1029 3798 Elias
1050 3746 1090 3810 ¹,

331 3837 428 3909 qui
477 3846 591 3892 erat
663 3838 837 3908 ﬁgura
883 3840 1094 3909 proprie

330 3932 573 3994 Domini,
585 3942 631 3985 et
646 3933 1088 3997 necessariorum,

328 4032 589 4092 quantum
630 4037 758 4087 opus
801 4030 937 4086 erat,
981 4023 1094 4075 exi-

329 4116 487 4185 gebat
522 4132 819 4170 mensuram
852 4133 869 4170 :
913 4133 1093 4186 super-

1224 638 1795 773 SANCTI
1889 632 2707 765 EPIPHANII

1662 887 2211 982 EPISCOPI

660 1090 777 1152 DE
808 1089 930 1153 XII
961 1085 1277 1151 GEMMIS
1313 1081 1795 1147 RATIONALIS
1827 1080 2086 1143 SUMMI
2127 1078 2627 1143 SACERDOTIS
2664 1079 3202 1147 HEBRIEORUM

1737 1259 2136 1350 LIBER.

1192 1537 1453 1579 EPISTOLA
1495 1534 1765 1576 EPIPBANII
1805 1536 1873 1575 an
1925 1524 2168 1593 Apetens
2220 1540 2430 1594 panem,
2467 1542 2561 1596 per
2608 1541 2752 1579 occa-

1388 1607 1686 1647 DIODORUI.

1222 1709 1487 1769 Anonymo
1536 1704 1835 1768 interprete.

1158 1881 1392 1936 Domino
1426 1880 1739 1935 venerando
1761 1879 1919 1934 fratri

1228 1963 1284 2006 et
1341 1951 1722 2006 consacerdoti
1792 1951 1920 2003 Dio-

1229 2021 1367 2076 doro
1466 2021 1921 2076 reverendissimo

1227 2092 1510 2162 episcopo,
1578 2091 1919 2162 Epiphanius

1225 2161 1278 2216 in
1298 2161 1526 2215 liornino
1542 2163 1770 2216 salutem
1785 2161 1918 2230 (18).

1231 2271 1474 2326 Gratiam
1508 2279 1780 2344 priestans
1824 2286 1920 2341 po-

1162 2365 1293 2430 tius,
1328 2381 1491 2437 quam
1537 2380 1761 2421 sumens
1815 2363 1922 2418 Do-

1162 2458 1345 2513 minus
1372 2473 1402 2510 a
1432 2455 1804 2518 Samaritana,
1836 2456 1919 2509 bi-

1161 2548 1292 2605 bere
1341 2549 1660 2621 postulabat
1708 2551 1752 2613 ²,
1806 2549 1923 2619 ipse

1163 2641 1286 2697 fons
1345 2642 1540 2696 salutis
1605 2642 1916 2705 exsistens,

1160 2744 1214 2791 ct
1244 2734 1323 2808 [Ξ]
1360 2735 1518 2806 juxta
1550 2735 1768 2806 quidem
1824 2751 1925 2805 pu-

1162 2838 1309 2883 teum
1339 2828 1502 2893 sedit,
1528 2836 1582 2881 et
1610 2843 1674 2883 ex
1709 2828 1923 2882 itineris

1162 2921 1351 2976 labore
1401 2920 1660 2990 fatigatus
1712 2931 1816 2987 est,
1863 2929 1924 2975 ut

1166 3025 1512 3080 consequens
1542 3012 1792 3066 veritatis
1834 3026 1923 3064 ar-

1163 3111 1481 3173 gumentum

1166 3212 1280 3251 suae
1340 3196 1648 3268 praesentia:
1718 3212 1923 3267 nequa-

1995 1619 2196 1672 sionem
2247 1627 2423 1672 autem
2486 1619 2754 1687 petitionis

1989 1719 2251 1779 prcestans
2366 1708 2753 1762 abundantiam

1992 1802 2407 1867 benedictionis;
2447 1804 2524 1856 sic
2570 1814 2620 1856 et
2665 1812 2755 1856 tua

1991 1892 2376 1948 honorabilitas
2516 1901 2756 1947 nostram

1995 1989 2338 2059 exiguitatem
2374 1998 2552 2056 petens
2585 1988 2757 2058 magis

1995 2080 2115 2143 das,
2140 2096 2300 2151 quam
2329 2081 2495 2134 sumis
2512 2097 2530 2134 :
2556 2080 2758 2134 submi-

1994 2172 2231 2224 nistrans
2290 2170 2501 2241 quidem
2553 2178 2645 2222 tua
2687 2175 2755 2222 ad

1996 2261 2166 2316 Deum
2212 2261 2505 2330 postulatio
2547 2261 2757 2328 capsaci

1996 2364 2178 2409 nostro
2226 2353 2658 2421 indeﬁcientiam,
2690 2366 2755 2405 ea:

1993 2463 2153 2509 parvo
2182 2452 2425 2513 prwstat,
2463 2451 2512 2496 et
2550 2440 2754 2511 hydria:

1996 2540 2376 2609 inde/ieientem
2411 2553 2474 2591 ea:
2498 2536 2754 2606 parvissi-

1998 2647 2082 2683 ma
2158 2627 2429 2682 cumulum
2503 2626 2749 2697 largitur.

1998 2722 2142 2777 Petis
2172 2723 2350 2791 itaque
2398 2720 2453 2773 in
2494 2719 2753 2789 principio

1996 2815 2230 2886 epistola:
2254 2823 2376 2879 tum,
2402 2811 2753 2875 honorabilis,

1996 2908 2058 2961 de
2094 2905 2356 2977 lapidibus
2404 2905 2457 2958 in
2483 2903 2754 2958 Rationali

1997 2998 2442 3068 superhameralis
2463 2996 2754 3052 sacerdotis

1614 3104 1922 3173 corporalis
1944 3099 2154 3161 Bsuper
2175 3099 2353 3161 pectus
2376 3092 2558 3143 Aaron
2583 3088 2756 3157 dispo-

1997 3184 2114 3238 sitis
2146 3194 2194 3237 et
2234 3182 2469 3243 insertis,
2498 3188 2545 3233 et
2570 3197 2750 3232 eorum

1165 3305 1330 3360 quam
1380 3302 1609 3358 prorsus
1637 3289 1947 3351 excederet,
2004 3286 2053 3329 et
2085 3274 2321 3336 nomina,
2362 3281 2408 3325 et
2441 3270 2662 3335 colores,
2706 3280 2754 3324 et

1171 3388 1253 3435 ret
1270 3380 1472 3450 ubique
1490 3379 1652 3433 simul
1675 3378 1926 3432 humanae

1167 3480 1396 3535 naturas,
1441 3486 1603 3541 quam
1652 3470 1919 3536 condidit,

1170 3562 1391 3632 propria
1475 3561 1699 3631 largiter
1775 3561 1919 3615 dona

1168 3655 1514 3719 concedens,
1594 3670 1744 3709 nunc
1802 3670 1921 3709 eam

1165 3744 1387 3814 quidem
1463 3744 1756 3814 dignanter
1837 3761 1920 3799 as-

1166 3855 1411 3907 sumens,
1453 3855 1598 3895 nunc
1641 3840 1804 3895 etiam
1847 3840 1921 3905 id,

1167 3933 1313 4005 quod
1339 3933 1461 4002 ejus
1507 3941 1634 3995 est,.
1654 3934 1930 3993 veraciter

1165 4041 1438 4091 asserens,
1500 4039 1713 4081 necnon
1740 4034 1794 4080 et
1837 4042 1928 4079 cu-

1165 4135 1280 4174 ram
1323 4119 1445 4189 ejus
1505 4134 1568 4174 ac
1619 4119 1908 4190 providen-

330 4206 671 4261 abundanter
700 4206 778 4279 [Si]
810 4216 983 4263 autem
1014 4225 1087 4262 re-
1160 4208 1289 4262 tiam
1308 4223 1503 4278 gerens
1527 4207 1660 4278 (19).
1686 4227 1704 4260 ι
1738 4207 1843 4263 Sed
1869 4214 1923 4263 ct

327 4294 513 4361 plebat
586 4295 903 4365 prazbentem
988 4297 1091 4350 sibi
1163 4300 1420 4370 discipuli
1453 4295 1918 4367 ejusetl'amuii,a

331 4384 744 4442 benedictionem
825 4403 858 4441 a
934 4386 1092 4442 vidua
1166 4390 1589 4460 quibuscunque
1644 4388 1918 4456 petebant,

410 4502 426 4531 ³
450 4496 519 4552 Ill
545 4497 679 4569 Reg.
712 4511 854 4563 xvn,
887 4496 954 4551 i0
978 4512 1101 4568 sqq.
1166 4497 1365 4553 ’Joan.
1393 4511 1468 4561 tv,
1499 4495 1531 4548 7
1574 4507 1691 4562 seq.

1997 3370 2225 3437 species,
2284 3377 2330 3421 et
2383 3366 2540 3430 loca,
2592 3375 2640 3420 et
2687 3364 2755 3419 ad

1997 3466 2245 3533 pietatem
2262 3463 2504 3516 ducentes
2523 3464 2756 3529 ipsorum

1999 3557 2237 3627 lapidum
2268 3556 2757 3624 contemplationes,

1999 3662 2047 3705 et
2079 3651 2433 3721 unusquisque
2481 3650 2617 3718 lapis
2664 3666 2758 3719 pro

2000 3742 2147 3814 quali
2237 3743 2377 3796 tribu
2483 3742 2758 3797 ordinatus

2000 3846 2136 3904 crat,
2168 3846 2217 3890 et
2242 3836 2380 3890 unde
2399 3838 2635 3891 inventus
2658 3851 2758 3902 est,

2000 3938 2171 3982 ct'ea:
2230 3946 2335 3999 qua
2396 3931 2594 3998 patria.
2674 3929 2760 3993 Et,

2003 4022 2161 4073 sicuti
2191 4020 2325 4083 dixi,
2354 4021 2505 4074 nobis
2551 4022 2761 4092 quidem

2001 4112 2189 4165 harum
2210 4128 2386 4165 rerum
2409 4113 2635 4180 difﬁcilis
2658 4113 2761 4181 fuit

2005 4206 2240 4267 omnino,
2274 4204 2412 4258 velut
2442 4204 2525 4258 illi
2569 4205 2760 4267 vidule,

1999 4303 2213 4366 propter
2260 4304 2644 4366 paupertatem,
2678 4297 2763 4349 in-

2825 1522 3033 1593 aliquid
3112 1522 3426 1579 tribuebant
3503 1524 3592 1582 bis

2827 1618 3034 1687 potius,
3073 1631 3236 1687 quam
3273 1617 3587 1673 sumebant.

2828 1707 3069 1779 ldipsum
3104 1698 3490 1779 praeﬁgurabat
3534 1716 3595 1764 et

2828 1803 2975 1860 Elias
3016 1805 3032 1835 ¹
3081 1807 3135 1859 in
3167 1805 3341 1859 forma
3374 1804 3592 1860 Domini

2832 1897 2918 1953 sui
2975 1897 3313 1967 praecedens.
3367 1896 3590 1952 Modum

2831 1989 3052 2060 quidem
3117 1989 3446 2044 necessariae
3508 1990 3590 2045 rei

2829 2085 3202 2149 competenter
3246 2078 3553 2149 elllagitaus
3573 2119 3591 2144 ,

2828 2188 2992 2244 super
3046 2173 3099 2228 id
3173 2181 3390 2238 autem,
3444 2173 3591 2244 quod

2828 2268 3206 2323 necessarium
3261 2275 3381 2323 erat
3442 2268 3587 2338 ejus,

2827 2360 2919 2432 qui
2988 2361 3045 2414 in
3111 2377 3172 2417 se
3200 2352 3590 2427 ’morabatur,

2826 2453 3132 2524 largitatem
3189 2453 3589 2509 benedictionis

2827 2546 3138 2602 insinuans.
3217 2545 3321 2612 Qui
3391 2561 3589 2617 panem

2827 2636 3047 2711 quidem
3069 2642 3329 2711 poscebat
3345 2641 3590 2703 viduam,

2828 2733 2924 2789 sed
2972 2734 3263 2789 occasione
3309 2735 3591 2804 petitionis

2830 2826 3018 2896 hujus,
3035 2827 3435 2883 benedictionis
3460 2842 3592 2897 epu-

2831 2921 3055 2975 lcntiam
3130 2920 3514 2976 commodabat
3571 2939 3586 2975 :

2830 3013 2911 3067 sic
2934 3019 2986 3065 et
3026 3021 3116 3065 tua
3146 3012 3534 3067 venerabilitas
3558 3027 3592 3066 a

2827 3102 3095 3172 parvitate
3182 3112 3371 3158 nostra
3440 3103 3594 3171 quid-

2830 3193 2954 3246 dam
2980 3193 3286 3262 postulans,
3319 3194 3452 3247 dare
3477 3208 3593 3245 ma-

2833 3288 2938 3359 gis,
2974 3302 3138 3358 quam
3163 3289 3415 3358 accipere
3445 3303 3595 3347 com-

2831 3381 3114 3449 probatur.
3208 3377 3307 3450 [i]
3384 3378 3597 3448 Coepe-

2829 3483 2985 3527 rante
3050 3488 3290 3543 namque
3358 3481 3451 3527 tua
3504 3475 3597 3541 ju—

2832 3568 2972 3631 giter
3031 3565 3174 3635 apud
3234 3564 3404 3622 Deum
3472 3582 3600 3636 sup-

2834 3657 3133 3728 plicatione
3191 3673 3425 3727 capsace
3479 3659 3597 3728 qui-

2832 3750 2955 3804 dem
3007 3750 3110 3804 olei
3159 3748 3480 3804 indeficiens
3525 3765 3594 3804 ex

2834 3853 3002 3908 parvo
3056 3839 3428 3910 praelabitur.
3482 3837 3597 3910 Hy-

2834 3930 2969 3985 driae
2990 3945 3122 3986 vero
3148 3931 3341 3985 farina;
3381 3930 3451 3985 de
3485 3932 3597 3986 cxi-

2833 4042 2941 4095 guo
2973 4041 3139 4095 supra
3188 4026 3408 4080 modum
3442 4025 3603 4096 largi-

2836 4119 2964 4170 tatis
3024 4118 3181 4186 copia
3247 4115 3567 4171 conferetur
3580 4155 3596 4170 .

2835 4207 3145 4277 Poposcisti
3255 4207 3427 4277 igitur
3537 4208 3595 4261 in

2839 4300 3112 4370 principio
3158 4315 3255 4370 per
3311 4299 3602 4370 epistolam

2003 4390 2207 4451 ventio;
2242 4387 2332 4443 sed
2361 4388 2499 4443 sicut
2546 4388 2627 4442 illi
2674 4403 2766 4456 per
2846 4405 3032 4461 tuam,
3108 4394 3470 4461 venerabilis,
3537 4394 3608 4449 dc

409 4656 524 4726 (l8)
569 4656 817 4728 Epitome
866 4656 992 4728 libri
1041 4652 1319 4728 hujus__S.
1347 4650 1666 4728 _Epiphanii_
1701 4649 1780 4705 De
1806 4664 1913 4728 _xn
1943 4655 1986 4714 C
2022 4665 2119 4728 rus
2156 4650 2445 4728 Epitomen
2485 4654 2763 4710 laudatam
2799 4657 3084 4724 edidisset,
3117 4656 3210 4714 sed
3242 4658 3408 4714 etiam
3443 4656 3610 4713 Peta-

329 4721 747 4800 gemniisteth
787 4743 832 4800 Aa
884 4721 1129 4800 Gesnero
1157 4723 1305 4800 edita
1346 4721 1491 4776 hunc
1528 4721 1914 4800 praal‘ert_titu-

332 4791 453 4852 lum
484 4816 498 4850 :
545 4791 859 4863 Ἐπιφάνίου
899 4795 1202 4863 ἐπισκόπου
1228 4791 1452 4863 Κύπρου
1482 4792 1621 4863 πρὸς
1649 4791 1915 4863 Διόδωρον

332 4816 453 4852 111111
484 4816 498 4850 :
550 4816 667 4852 151::
710 4816 859 4851 ανιου
899 4816 1202 4849 επισκοπου
1229 4816 1452 4863 Λυπρυυ
1486 4816 1621 4863 προς
1649 4816 1818 4844 manus
1856 4816 1915 4844 υν

330 4868 637 4920 ἐπίσκοπον
669 4816 867 4942 Σἵᾋρθυ.
886 4867 1014 4937 περὶ
1039 4862 1163 4942 τῷᾏ
1178 4862 1389 4942 βιτξδεκα
1415 4862 1601 4942 λίθῳν,
1644 4872 1748 4916 etc.
1780 4816 1918 4942 Eph.

328 4938 523 5007 phanii
567 4930 794 5007 episcopi
827 4930 989 5007 Cypri
1023 4935 1091 4989 ad
1126 4933 1750 5007 Diodorumqepiscopum
1780 4930 1916 5000 Tyri

329 5000 406 5061 'de
434 5022 510 5061 xu
550 5000 790 5078 gemmis,
829 5000 937 5078 εἷσέ.
970 5003 1517 5078 Atvero‘Facundus
1552 5000 1918 5078 Hermianen-

332 5079 420 5133 sis
456 5078 511 5130 in
543 5072 697 5135 libris
736 5072 854 5133 suis
886 5075 993 5130 Pro
1021 5074 1324 5146 defensione
1355 5075 1516 5146 trium
1563 5072 1917 5146 capitulorum

334 5148 553 5201 concilii
606 5146 1045 5203 Chalcedonensis
1087 5142 1170 5199 'ad
1220 5142 1586 5197 Iustinianum
1633 5143 1918 5208 imperato-

336 5234 473 5282 rem,
510 5219 602 5272 ubi
636 5220 805 5272 multa
834 5216 1078 5286 congerit
1110 5214 1451 5286 laudatorum
1486 5211 1915 5286 viro_rum_testi-

335 5279 546 5361 monia,
593 5303 623 5342 a
658 5289 876 5361 quibus
919 5279 1189 5361 Uiodorus
1240 5284 1532 5361 episcopus
1588 5279 1745 5361 Tarsi
1792 5295 1911 5361 ’non

334 5351 616 5412 solumut
642 5351 860 5421 doctus,
896 5357 993 5411 sed
1026 5357 1191 5410 etiam
1231 5351 1291 5407 ut
1334 5353 1455 5423 pius
1486 5352 1740 5423 laudatus
1788 5351 1908 5423 fuit,

335 5428 442 5497 lib.
506 5445 575 5493 tv,
628 5445 749 5497 cap.
803 5420 859 5490 2,
902 5428 1044 5480 hanc
1093 5426 1257 5497 etiam
1313 5420 1579 5497 describit
1624 5420 1912 5497 epistolam

338 5495 405 5570 ὃ,
438 5490 749 5570 Epiphanii.
786 5497 957 5552 Porro
988 5495 1403 5570 ttincﬂprjinum,
1433 5492 1653 5570 cuinam
1682 5490 1918 5570 Diodoro

334 5562 554 5624 librum
590 5569 669 5625 De
717 5583 795 5623 xu
842 5566 1058 5638 gemmis
1110 5562 1170 5638 Si.
1203 5563 1554 5638 Epiphanius
1575 5562 1920 5638 inscripserit

330 5649 652 5709 constasse,
688 5647 818 5694 nota
842 5628 923 5692 'ad
969 5650 1093 5709 eum
1124 5628 1321 5709 Δξριτιῐηὶ
1365 5631 1640 5709 apposita,
1675 5628 1782 5709 qui
1819 5628 1922 5682 Fa-

328 5713 500 5767 cundi
551 5702 840 5767 in'lucem
887 5707 1074 5762 emisit
1124 5705 1315 5770 libros,
1356 5702 1641 5757 admonuit
1674 5702 1924 5754 Sirmon-

326 5780 459 5855 (ius,
490 5781 597 5841 sed
640 5780 830 5836 minus
861 5792 1009 5848 vere,
1041 5790 1166 5832 cum
1206 5773 1321 5845 jam
1353 5788 1465 5829 non
1498 5772 1676 5829 solum
1713 5770 1922 5826 Gesne-

2024 4723 2168 4788 vius,
2220 4725 2274 4777 in
2314 4724 2475 4792 cujus
2508 4728 2666 4779 titulo
2696 4728 2921 4782 minime
2957 4723 3165 4782 nudum
3218 4736 3338 4783 erat
3384 4728 3609 4782 Diodori

2020 4807 2241 4856 nomen,
2292 4795 2756 4862 quemadmodum
2809 4798 2900 4853 ille
2948 4798 3162 4853 censuit
3194 4813 3262 4852 ex
3316 4800 3608 4859 memoria,

2021 4872 2081 4915 ut
2112 4863 2656 4936 videtur,_scribens.
2692 4864 2886 4919 Utrum
2919 4879 3099 4921 autem
3132 4864 3403 4936 Facundo
3426 4866 3614 4936 potius

2022 4934 2278 5003 standum
2333 4934 2445 4997 sit,
2495 4950 2563 4988 an
2618 4937 2827 4989 auctori
2887 4935 3199 5003 Epitomes.
3263 4934 3613 5003 baud—levis

2022 5002 2419 5073 disputationis
2468 5013 2856 5073 argumentum
2901 5002 3022 5060 esse
3053 5011 3256 5073 potest.
3311 5002 3615 5061 Facundos

2023 5071 2313 5142 postquam
2381 5071 3017 5144 Epipliatiii_epistolam
3060 5071 3438 5144 descripserit
3498 5074 3616 5129 haec

2023 5141 2210 5197 subdit
2263 5157 2371 5197 non
2428 5141 2800 5198 'omittenda‘:
2838 5141 2964 5197 Non
3019 5145 3173 5212 parvi
3219 5141 3355 5199 esset
3395 5144 3614 5212 judicii,

2021 5213 2426 5267 clementissime
2480 5214 2805 5280 imperator,
2853 5214 2934 5267 uel
2984 5215 3031 5267 si
3093 5213 3327 5268 aliorum
3388 5213 3617 5268 Patrum

2023 5285 2328 5337 testimonia
2377 5283 2688 5348 defuissent,
2739 5283 2940 5339 nullius
2973 5294 3242 5338 auctorem
3273 5284 3487 5339 hazresis
3520 5298 3617 5337 ea;-

2021 5354 2219 5407 stitisse
2257 5353 2567 5424 Diodorum,
2603 5354 2741 5422 quod
2783 5370 2899 5407 eum
2953 5354 3304 5424 Epiphanius,
3341 5356 3419 5408 uir
3453 5370 3617 5421 saga-

2020 5424 2286 5484 cissimus,
2321 5433 2369 5478 et
2405 5426 2459 5477 in
2488 5423 2732 5477 doctrina
2775 5423 3054 5479 catholica:
3106 5426 3231 5493 ﬁdei
3275 5424 3621 5478 laudabiliter

2026 5494 2365 5561 di/famatus,
2395 5511 2495 5547 non
2520 5496 2887 5547 memoraverit
2912 5496 3049 5549 inter
3076 5494 3488 5558 Iiwrcsiarcltas,
3509 5501 3619 5547 etc.

2101 5565 2215 5635 (19)
2265 5563 2360 5618 llis
2418 5565 2603 5619 verbis
2659 5564 2889 5620 [incolas
2938 5567 3064 5635 illas
3121 5566 3502 5635 apposuirnns,
3538 5568 3622 5635 _ut

2029 5630 2214 5689 statim
2248 5642 2546 5705 appareant
2577 5649 2699 5703 quae
2733 5630 3322 5705 praeteritilt‘acundus
3367 5630 3624 5690 Hermia-

2030 5705 2217 5761 nensis
2247 5704 2525 5775 inquiens,
2566 5708 2634 5760 Et
2668 5717 2787 5775 post
2813 5704 3116 5776 paululum.
