3994 6434
516 308 621 362 3Ξὶ5

1775 317 1954 374 LIBRI
1998 319 2082 374 DE
2121 319 2214 376 Xll
2256 322 2518 380 GEMMIS

3639 342 3725 398 321

517 422 921 519 benedictionem
957 427 1270 483 miraculum
1350 431 1646 502 lapidibus,
1681 438 1774 505 qui
1813 438 1864 491 in
1918 455 2102 509 super-
2131 448 2172 503 Α
2208 443 2394 500 tudine
2423 447 2660 514 pahnum
2695 464 2883 502 unum.
2910 446 3077 503 Primi
3111 463 3240 519 ergo
3277 465 3462 507 versus
3487 453 3607 508 ordo
3630 466 3727 515 est:

516 516 752 585 contigit,
798 527 846 570 et
888 517 1269 586 Samaritana,

515 620 611 672 pro
634 623 771 676 aqua
801 609 1041 662 sensibili
1061 610 1274 665 Domini

515 700 828 766 mysterium
880 701 1214 756 revelabatur
1255 721 1273 757 :

511 790 588 842 sic
602 799 650 842 ct
667 791 837 855 nobis,
852 793 1052 862 exiguis
1070 803 1276 849 exstan-

515 879 674 944 tibus,
703 881 794 934 sed
817 899 946 937 novo
982 885 1268 953 intellectu,

511 980 560 1024 et
590 990 721 1027 nova
738 976 1054 1044 cognitione,
1075 987 1124 1032 el
1140 996 1272 1033 nova

514 1066 716 1119 ratione
747 1067 1075 1123 abundantia
1113 1071 1270 1124 undi-

509 1175 607 1226 que
650 1161 833 1228 e/fecta
875 1172 974 1224 est,
1009 1165 1168 1218 veluti
1202 1183 1266 1219 ea;

511 1264 701 1318 magna
728 1250 976 1304 imbrium
1009 1253 1266 1321 effusione

507 1361 602 1413 rer
659 1349 949 1402 orationem
1005 1349 1142 1403 Elite
1216 1363 1265 1406 et

509 1441 738 1494 aliorum
851 1444 1261 1512 prop/telarum,

506 1548 729 1600 quorum
759 1543 809 1586 et
834 1534 1000 1603 ﬁlius,
1033 1545 1080 1589 et
1109 1536 1265 1590 disci-

505 1624 685 1687 putus,
708 1635 757 1678 et
802 1642 1075 1681 successor
1119 1631 1262 1682 exsi-

513 1716 611 1766 stis
675 1715 1026 1781 honorabilis,
1087 1721 1258 1772 susci-

511 1807 660 1874 piens
731 1810 1076 1877 propinquam
1150 1811 1257 1866 illis

503 1897 638 1948 hanc
651 1899 878 1966 gratiam
901 1917 932 1952 a
951 1899 1194 1966 Domino,
1209 1910 1257 1954 et

503 1988 649 2041 nobis
668 2004 758 2057 per
781 1992 1072 2045 orationem
1106 1995 1261 2046 attri-

504 2082 686 2136 (tuens.

1349 521 1646 578 humeralis
1677 524 1950 580 l-{ationali
1978 545 2102 598 pon-

1344 615 1532 682 tiﬁcis,
1564 626 1695 673 tunc
1725 634 1886 688 super
1913 634 2100 689 pectus

1345 707 1526 763 Aaron
1581 711 1780 780 apponi
1837 714 2097 783 praecepti

1345 809 1494 865 sunt,
1527 810 1586 856 ut
1621 806 1843 857 nomina
1887 820 2098 873 eorum,

1343 904 1396 947 et
1454 895 1702 959 colores,
1755 905 1809 950 et
1864 897 2095 965 species,

1342 1001 1553 1041 necnon
1605 997 1658 1043 et
1693 989 1830 1054 loca,
1857 1005 1950 1044 seu
1975 1004 2101 1043 con-

1342 1082 1759 1150 templationes,
1826 1099 1964 1152 quas
2028 1083 2096 1137 ad

1345 1170 1585 1224 divinum
1659 1172 1862 1225 cultum
1957 1173 2096 1228 refe-

1340 1278 1483 1332 rant,
1527 1269 1837 1338 singulique
1885 1269 2094 1339 lapides

1340 1377 1438 1430 pro
1485 1377 1591 1431 qua
1651 1363 1794 1416 tribu
1829 1362 2091 1431 impositi,

1337 1454 1420 1508 vel
1453 1455 1598 1510 unde
1639 1454 1867 1524 reperti,
1915 1454 1997 1508 vel
2026 1471 2090 1514 ex

1338 1560 1445 1615 qua
1515 1546 1687 1616 patria
1752 1547 2090 1616 probentur,

1336 1654 1626 1709 exponam.
1669 1637 1734 1691 Et
1778 1639 1936 1693 nobis
1979 1641 2095 1709 qui-

1336 1733 1480 1798 dem,
1503 1733 1801 1788 memoravi
1827 1743 2086 1803 tanquam

2212 535 2454 590 sardium
2517 539 2724 608 primus
2778 541 2936 610 lapis,
2989 541 3114 594 dein
3170 543 3434 611 topazion,
3479 553 3588 613 post
3618 564 3733 603 sma-

2206 629 2408 698 ragdus
2443 649 2454 685 :
2488 631 2713 686 secundi
2745 649 2936 688 versus
2972 633 3182 702 primus
3219 634 3352 703 lapis
3381 637 3730 703 carbunculus.

2203 719 2327 774 dein
2371 721 2686 790 sapphirus,
2737 732 2858 791 post
2897 721 3104 794 jaspis;
3156 723 3297 776 tertii
3338 740 3519 779 versus
3556 727 3734 795 primus

2203 809 2346 879 lapis
2397 811 2672 882 ligyrium,
2723 813 2847 868 dein
2907 814 3150 877 achates,
3208 821 3331 883 post
3385 816 3732 885 amethystus:

2200 903 2381 970 quarti
2429 919 2644 973 quoque
2692 920 2881 960 versus
2923 907 3172 969 extremi,
3215 907 3419 975 primus
3450 907 3575 975 lapis
3607 909 3736 977 chry-

2202 997 2457 1061 Solithus,
2514 996 2711 1051 deinde
2770 998 3073 1068 beryllum,
3127 1007 3250 1068 post
3303 999 3600 1068 onychium.
3656 1001 3735 1054 Isti

2200 1087 2418 1155 quidem
2471 1095 2598 1142 sunt
2649 1088 2935 1142 duodecim
2987 1089 3223 1160 lapides,
3268 1103 3403 1159 quos
3455 1097 3648 1144 constat
3689 1091 3736 1145 in

2200 1177 2508 1246 Rationali,
2540 1179 2683 1248 quod
2736 1179 2787 1232 in
2817 1180 3248 1249 superbumerali
3300 1180 3560 1249 pontiﬁcis
3601 1195 3738 1248 pone-

2197 1269 2357 1324 batur
2406 1270 2485 1342 [6]
2530 1273 2788 1338 insertos,
2836 1287 3065 1341 quorum
3129 1271 3460 1327 dili‘erentias
3537 1272 3736 1341 locaque

2195 1361 2460 1415 dicemus.

2272 1450 2551 1515 Sardium,
2584 1453 2728 1524 quod
2761 1463 2815 1508 et
2855 1453 3233 1524 Babylonium,
3271 1452 3351 1508 sic
3388 1451 3578 1506 dicitur
3605 1449 3734 1521 (2|):

2198 1543 2357 1598 habet
2395 1545 2615 1614 quidem
2649 1545 2888 1614 speciem
2925 1545 3099 1600 instar
3133 1545 3274 1614 ignis
3319 1543 3612 1611 colorisque
3639 1556 3737 1595 san-

2195 1633 2376 1702 guinei
2429 1634 2615 1688 sardio
2669 1635 2803 1703 pisci
2855 1634 3218 1696 consimilem,
3256 1631 3398 1687 unde
3429 1639 3480 1686 et
3523 1629 3732 1688 sardium

2194 1734 2444 1778 vocatum
2499 1733 2605 1797 est,
2652 1740 2682 1779 a
2741 1726 2924 1795 specie
2979 1739 3280 1794 cegnomen
3344 1722 3624 1792 accipiens.
3686 1719 3734 1773 ln

1335 1829 1572 1900 prmfatm
1628 1830 1820 1896 vidum,
1868 1838 2091 1900 propter
2121 1803 2164 1858 Β
2193 1815 2468 1886 Babylone
2509 1832 2656 1880 vero,
2692 1832 2814 1886 qua:
2845 1825 2928 1871 est
2957 1817 3100 1886 apud
3131 1815 3390 1886 Assyrios
3420 1814 3549 1884 (9.2),
3595 1811 3738 1882 gigni-

1337 1923 1578 1994 inopiam
1666 1923 1903 1977 dillicilis
1974 1933 2090 1978 erat

1335 2015 1529 2068 horum
1565 2029 1789 2083 prorsus
1823 2013 1982 2086 241
2011 2014 2087 2086 [5]

1334 2105 1596 2162 inventio.
1622 2107 1819 2161 Verum
1842 2108 1983 2160 sicut
2011 2107 2088 2160 illi

501 2211 597 2264 per
627 2198 1061 2253 benedictionem
1093 2200 1343 2254 miranda
1369 2215 1457 2254 res
1488 2199 1710 2264 accidit,
1753 2207 1807 2253 et
1845 2198 2089 2252 Samari-

497 2295 638 2340 tana:
673 2304 770 2358 pro
815 2304 953 2362 aqua
987 2290 1233 2344 sensibili
1286 2289 1674 2361 mysteriorum
1732 2288 1948 2342 Domini
1977 2304 2090 2342 mu-

497 2392 602 2432 nus
654 2386 983 2434 ostensum:
1029 2381 1107 2434 sic
1157 2381 1316 2435 nobis
1370 2380 1534 2434 nimis
1587 2379 1880 2449 sapientia,
1926 2388 2088 2449 atque

497 2467 749 2531 scientia,
785 2476 838 2522 et
870 2484 1126 2524 sermone
1158 2470 1441 2524 destitutis
1491 2468 1602 2540 (ἓο)
1643 2470 1885 2539 undique
1916 2468 2088 2522 faeni-

496 2565 581 2610 tas
617 2569 700 2611 est
749 2558 1036 2623 attributa,
1090 2561 1240 2614 velut
1271 2577 1338 2615 ex
1391 2561 1581 2614 multis
1620 2560 1888 2613 imbribus
1923 2559 2084 2613 fertili

498 2649 747 2718 largitate
799 2649 1038 2712 diﬁ'usis,
1086 2651 1216 2704 Elize
1262 2651 1539 2719 Ρνυείὺυδν
1585 2650 1926 2719 “ﬂorumque
1968 2664 2089 2718 pro.

498 2742 803 2807 plzetarum,
855 2757 1090 2810 quorum
1134 2741 1238 2804 Tu,
1299 2741 1465 2803 ﬁlius,
1501 2741 1824 2810 discipulus,
1866 2749 1918 2795 et
1954 2755 2070 2795 suc-

495 2846 683 2886 cessor
721 2832 1052 2886 venerabilis
1099 2832 1447 2902 approbaris,
1499 2832 1778 2900 aeuipiens
1833 2847 1975 2892 eam,
2024 2839 2082 2884 ut

497 2923 594 2988 illi,
626 2938 654 2976 a
705 2923 936 2978 Domino
975 2925 1230 2996 gratiam,
1255 2925 1412 2978 nobis
1459 2938 1690 2992 eamque
1743 2923 2085 2978 orationibus

495 3015 604 3069 tuis
637 3015 973 3086 impertiens.

566 3101 720 3157 Unde
745 3105 858 3173 jam
891 3103 1074 3164 dehis
1122 3105 1379 3174 incipiam
1426 3105 1610 3159 dicere
1646 3124 1658 3158 :
1701 3105 1935 3174 primum
1969 3103 2083 3173 qui—
2109 3139 2150 3196 Ο

491 3195 612 3248 dem
672 3199 880 3251 veniam
932 3213 1190 3267 poscens,
1247 3209 1301 3253 ct
1348 3199 1613 3268 propositi
1671 3199 1774 3252 mei
1837 3198 2078 3252 studium

491 3287 840 3356 patefaciens,
876 3290 1001 3344 licet
1035 3290 1287 3346 invalidae
1327 3290 1736 3346 dissertationis
1768 3291 1975 3360 possim
2002 3304 2081 3344 re-

491 3378 634 3433 ferre
679 3395 1008 3435 sermonem.
1076 3381 1172 3436 Est
1224 3398 1354 3451 ergo
1401 3383 1637 3451 primum
1691 3382 1962 3449 scriptum
2021 3381 2075 3434 in

490 3475 726 3536 quatuor
754 3468 1024 3533 versibus,
1064 3469 1459 3536 quadrifariam
1505 3471 1705 3538 quippe
1735 3469 2077 3522 discrimina-

489 3559 672 3622 batur,
719 3559 1003 3612 Rationale
1038 3559 1335 3629 pontiﬁcis,
1393 3561 1683 3630 ipsumque
1737 3561 2080 3631 quadrangu-

504 3650 616 3704 lum
647 3659 786 3716 erat,
820 3651 1025 3705 habens
1057 3661 1163 3704 tam
1193 3651 1249 3705 in
1276 3651 1637 3723 longitudine,
1667 3664 1832 3720 quam
1874 3651 1930 3703 in
1967 3651 2080 3703 lati-

562 3826 675 3898 (20)
714 3826 773 3880 In
811 3826 936 3881 cod.
974 3825 1091 3882 Vat.
1121 3827 1321 3897 legitur
1357 3829 1698 3898 constitutus,
1757 3828 1848 3882 sed
1893 3828 2068 3880 mani-

487 3894 890 3952 festo'librarii
947 3913 1152 3952 errore.
1181 3894 1365 3967 'Apud
1420 3897 1736 3951 Facundum
1790 3900 2063 3952 sententia

487 3967 648 4022 aliter

706 3968 969 4038 procedit,
1024 3969 1120 4022 sed
1182 3967 1481 4022 Facundus
1518 3968 1864 4024 versiouibus
1914 3967 2062 4022 haud

487 4040 719 4090 multum
752 4039 1039 4107 diligenter
1070 4039 1226 4092 factis
1253 4047 1339 4092 est
1376 4055 1528 4094 usus.

558 4105 975 4180 (21)7_Epito'|_ne,
1024 4108 1247 4180 Πρῶτος
1289 4109 1435 4172 λίθος
1475 4109 1698 4180 Σάρδιξις
1731 4110 1782 4180 6M
1807 4105 2065 4180 Ba§ui.cb-

486 4177 598 4250 vta;
643 4177 786 4250 οὖῖὼ
813 4177 1166 4250 καλφύμεύος·
1209 4178 1428 4232 Primus
1467 4177 1603 4248 lapis
1625 4178 1847 4235 Sardius
1884 4178 2065 4247 Baby-

487 4249 663 4302 lonius
701 4247 874 4303 dictus
916 4247 1039 4317 fuit.

557 4319 668 4390 (2‘2)
707 4316 1044 4388 Nempealia
1071 4319 1557 4390 quoquerBahylon
1590 4317 1690 4390 fuit
1727 4318 1778 4370 in
1805 4316 2062 4388 lEgypto,

496 4388 700 4457 de'qua
743 4391 993 4456 pluribus
1035 4388 1118 4457 egi
1161 4388 1219 4444 in
1263 4388 1745 4442 Exercitationibus
1795 4390 2066 4441 historico-
2099 4434 2141 4457 η
2174 4388 2512 4457 Erythrzrum
2548 4405 2718 4454 mare,
2762 4405 2928 4442 unum
2962 4396 3012 4441 et
3049 4388 3190 4439 idem
3224 4401 3379 4457 mare
3409 4388 3670 4456 existimas

488 4434 689 4510 criti'cis
739 4434 802 4510 de
851 4434 1098 4511 Romani;J
1132 4459 1201 4513 1).
1256 4459 1400 4511 Petri
1441 4460 1624 4511 itinere
1655 4467 1702 4510 et
1731 4458 2057 4526 episcopatu,
2097 4434 2142 4491 θ
2168 4434 2552 4514 αιιδοῑμιόιίὈ
2585 4434 2748 4512 Ιιιιιίξιι
2787 4473 2983 4512 nomen
3009 4457 3175 4511 variis
3204 4455 3391 4508 datum
3417 4469 3538 4508 esse
3571 4448 3730 4516 regi“-

483 4526 815 4587 ete.,Ea:erc.
854 4529 940 4581 10.

555 4594 667 4667 (‘25)
710 4595 933 4667 porrige
962 4597 1170 4650 medici.
1213 4596 1461 4666 Epitome
1491 4595 1740 4660 Gesneri,
1774 4597 1821 4648 oi
1861 4599 2057 4667 ἰατροί.

555 4664 669 4734 (24)
711 4664 890 4734 Hujus
919 4667 1068 4720 urbis
1096 4664 1275 4720 nemo
1297 4669 1434 4722 alius
1463 4668 1594 4719 mihi
1627 4674 1787 4720 notus
1814 4664 2059 4721 meminit

483 4745 684 4804 praeter
712 4735 1075 4806 Epiphanium
1105 4737 1210 4790 hoc
1257 4737 1397 4797 loco,
1450 4737 1577 4790 licet
1629 4737 1863 4790 celebris
1914 4739 2056 4806 apud

483 4815 695 4862 veteres
729 4817 986 4888 auctores
1010 4808 1080 4888 sit
1123 4809 1303 4888 insula
1337 4807 1593 4888 _Topazos
1647 4806 1812 4888 dicta.
1867 4806 2058 4888 Itaque

481 4885 576 4931 aut
634 4878 837 4931 erravit
891 4877 1232 4948 Epiphanius
1269 4877 1456 4931 urbem
1520 4891 1621 4948 pro,
1671 4877 1847 4931 insula
1905 4877 2053 4932 acci—

480 4949 657 5017 piens,
689 4956 781 5001 aut
811 4947 972 5002 etiam
1006 4949 1198 5004 insula:
1235 4950 1552 5016 metropolis
1582 4947 1796 5017 Topaza
1830 4948 2054 5004 dieeba-

479 5026 587 5088 tur.
626 5016 797 5073 Porro
836 5020 904 5072 de
955 5018 1062 5074 situ
1116 5019 1346 5088 hujusre
1397 5019 1590 5072 insula:
1629 5016 1735 5088 non
1789 5035 1894 5072 una
1932 5034 2055 5073 esse

477 5087 694 5157 videtur
733 5091 976 5141 omnium
1028 5091 1331 5154 sententia;
1390 5090 1600 5143 scilicet
1637 5087 1948 5157 Stephanus
1997 5090 2052 5142 in

478 5155 629 5210 India
663 5158 932 5222 collocat;
967 5160 1020 5210 in
1054 5160 1188 5212 mari
1238 5158 1426 5214 Rubro
1467 5157 1606 5212 Juba
1635 5155 1778 5226 apud
1813 5158 2079 5223 Plinium_

476 5226 570 5280 lib.
627 5242 834 5289 xxxv",
889 5241 1012 5296 cap.
1063 5229 1168 5294 52;
1224 5230 1278 5282 in
1320 5231 1517 5283 Arabia
1567 5245 1697 5282 vero
1759 5229 2050 5282 Archelaus

475 5297 616 5366 apud
663 5299 913 5352 eumdem
954 5297 1187 5350 Plinium
1219 5300 1408 5354 eodem
1445 5301 1585 5360 loco,
1631 5307 1682 5350 et
1727 5299 1842 5366 ipse
1885 5299 2049 5351 etiam

473 5364 684 5436 Plinius
742 5368 834 5436 lih.
874 5382 948 5430 vI,
1002 5382 1124 5436 cap.
1162 5369 1250 5434 54,
1298 5385 1509 5423 necnon
1561 5364 1764 5422 Strabo
1796 5368 1890 5421 lib.
1937 5384 2046 5431 xw,

473 5435 743 5506 Diodorus
785 5435 1000 5491 Siculus
1031 5435 1123 5491 lib.
1157 5454 1242 5499 ιιι,
1305 5440 1628 5493 Ptolemaeus
1675 5439 1770 5492 lib.
1817 5454 1890 5502 tv,
1924 5453 2044 5506 cap.

472 5504 524 5578 Β,
550 5505 863 5578 Ρεθιιιιεηυε
887 5508 1123 5578 gemmis,
1157 5507 1398 5564 Isidorus
1425 5509 1571 5578 Orig.
1604 5510 1698 5563 lib.
1736 5525 1807 5571 v1,
1845 5523 1968 5575 cap.
1992 5504 2045 5572 τ,

473 5576 692 5644 aliique.
751 5577 1010 5641 Quinimo
1060 5577 1334 5632 Braunius
1395 5579 1472 5631 De
1522 5576 1649 5632 eest.
1711 5579 2045 5632 sacerdotum

473 5644 635 5719 Hebr.
668 5647 762 5699 lib.
790 5663 849 5710 ιι,
881 5663 1001 5716 cap.
1031 5646 1085 5719 ᾖ,
1115 5647 1142 5719 §
1175 5648 1264 5713 92,
1294 5656 1348 5719 et
1383 5648 1517 5701 illud
1542 5647 1663 5702 Jobi
1693 5664 2044 5719 cap.7_xxvm,

473 5725 523 5764 ν.
558 5715 640 5779 19,
674 5725 780 5774 um
827 5715 990 5777 mia}:
1043 5715 1262 5772 Pit'dath
1293 5715 1488 5783 Cusch,
1535 5719 1680 5789 quod
1725 5715 1780 5773 in
1812 5717 2044 5791 Vulgata

2195 1913 2305 1971 tur,
2339 1915 2392 1960 et
2427 1915 2509 1960 est
2555 1907 2694 1976 lapis
2731 1908 2847 1976 ipse
2895 1905 3230 1976 perlucidus,
3281 1905 3486 1959 habens
3518 1902 3736 1958 medendi

2193 2001 2520 2067 potentiam;
2553 1998 2712 2067 cujus
2749 2013 2939 2054 sucum
2976 1996 3117 2052 medi
3155 1997 3266 2067 (25)
3308 2011 3473 2066 super
3525 2003 3737 2048 tumores

2192 2104 2255 2143 ac
2310 2089 2627 2160 putredines
2692 2090 2946 2144 linientes
2998 2089 3211 2152 sedant,
3268 2089 3509 2157 aliasque
3555 2087 3735 2156 plagas.

2191 2195 2312 2250 qum
2344 2196 2440 2250 per
2467 2181 2788 2235 incisionem
2820 2181 2949 2234 ferri
2979 2181 3330 2249 proveniunt.
3383 2177 3476 2232 Est
3505 2187 3667 2230 autem
3694 2182 3738 2227 et

2192 2273 2331 2326 alius
2361 2271 2658 2341 sardonyx,
2691 2272 2784 2341 qui
2815 2279 3040 2325 vocatur
3084 2271 3390 2334 molochas,
3423 2269 3596 2324 sciens
3627 2273 3738 2320 atte-

2189 2379 2361 2419 nuare
2405 2364 2762 2433 pinguedines
2797 2380 2811 2416 :
2850 2364 3020 2433 ipsius
3071 2371 3254 2416 autem
3291 2361 3477 2415 forma:
3502 2370 3600 2423 est,
3628 2360 3739 2413 sub-

2188 2458 2381 2512 viridis
2423 2457 2841 2526 aliquantulum,
2877 2457 3259 2526 potentiorque
3302 2455 3476 2524 magis
3509 2462 3584 2509 est
3610 2452 3736 2506 circa

2188 2549 2339 2604 verni
2372 2547 2633 2617 temporis
2665 2548 2902 2614 initium,
2931 2547 3149 2616 quando
3179 2547 3394 2601 Pascha
3423 2546 3733 2606 celebratur;

2187 2651 2242 2696 et
2285 2643 2426 2695 alius
2472 2640 2846 2704 sardachates,
2897 2641 3043 2694 circa
3092 2654 3252 2711 quem
3311 2638 3542 2710 lapidem
3602 2636 3736 2688 albus

2188 2732 2408 2802 quidam
2453 2733 2693 2788 circulus
2718 2739 2962 2802 apparet,
2996 2731 3136 2785 sicut
3167 2730 3220 2784 in
3253 2731 3468 2797 achate,
3503 2743 3650 2800 queui
3687 2727 3734 2786 ii,

2188 2825 2280 2892 qui
2328 2824 2573 2878 fabulosa
2626 2825 2964 2894 conﬁngunt,
3002 2824 3142 2876 mala
3182 2823 3375 2894 fugare
3412 2821 3735 2893 pronuntiant

2190 2929 2370 2984 posse,
2413 2931 2647 2985 cumque
2693 2917 2979 2986 pacilieum
3012 2923 3233 2969 vocant.

2682 3023 2748 3061 DE
2791 3023 2979 3061 LANDE
3022 3022 3267 3062 ΤΟΡΑΖΙΟ.

2259 3101 2556 3171 Topazium
2599 3101 2824 3155 rubrum
2874 3109 2960 3157 est
3009 3102 3189 3171 specie
3228 3109 3354 3170 post
3383 3099 3627 3169 lapidem,
3657 3093 3734 3165 qui

2183 3196 2551 3249 carbunculus
2582 3196 2907 3264 appellatur.
2960 3195 3220 3252 inventus
3251 3203 3336 3247 est
3373 3192 3451 3264 [7]
3494 3198 3660 3244 autem
3689 3187 3732 3238 in

2182 3285 2396 3357 Topaze
2422 3285 2641 3340 civitate
2672 3285 2837 3338 India:
2866 3284 3001 3355 (Ἡ),
3035 3285 3088 3337 in
3133 3283 3295 3336 corde
3328 3281 3524 3352 lapidis
3553 3279 3614 3332 ab
3639 3276 3731 3336 his,

2181 3379 2275 3450 qui
2322 3378 2520 3431 ibidem
2567 3377 2772 3447 lapides
2802 3384 2930 3428 tunc
2959 3375 3260 3429 cmdebanl.
3300 3374 3475 3440 Quem
3519 3368 3729 3440 lapidum

2181 3485 2414 3524 cmsorcs
2448 3469 2722 3523 intuentes
2775 3466 3299 3537 splendidissimum,
3354 3460 3596 3519 delectati
3635 3457 3735 3528 pul-

2179 3559 2490 3615 chritudine
2543 3559 2680 3628 ejus,
2717 3558 3074 3613 ostenderunt
3123 3555 3433 3610 Alabastris
3480 3552 3586 3623 (95)
3629 3545 3734 3617 qui-

2178 3650 2410 3704 busdam
2452 3648 2901 3717 negotiatoribus,
2938 3661 3214 3717 parvoque
3255 3646 3432 3716 pretio
3469 3640 3547 3715 [8]
3571 3635 3735 3696 vendi-

2177 3826 2426 3881 redditur
2480 3827 2739 3895 Topazius
2790 3828 2854 3881 de
2908 3826 3187 3895 Ait/impia
3237 3823 3576 3880 reddendum
3627 3829 3733 3872 esse

2175 3907 2364 3951 censet
2399 3890 2660 3965 Topaiius
2705 3899 2984 3960 Arabicus,
3019 3912 3049 3949 a
3086 3890 3358 3949 Bocharto
3409 3895 3599 3965 doctus
3643 3895 3738 3965 una

2145 3968 2346 4021 .Cttsclt
2385 3961 2642 4023 Arabiam
2675 3984 2816 4023 esse.
2862 3967 3061 4022 Verum
3109 3966 3283 4020 critici
3323 3981 3440 4020 rem
3482 3963 3616 4016 hanc
3660 3961 3732 4009 fa-

2177 4040 2266 4091 cili
2329 4040 2546 4108 ncgotio
2601 4039 2872 4108 explicare
2922 4044 3178 4108 poterunt
3217 4036 3263 4090 si
3319 4033 3732 4108 animadvertant

2178 4111 2377 4180 veteris
2402 4102 2758 4179 geographia!
2808 4102 3097 4180 rationem.
3144 4106 3439 4175 Dionysius
3468 4102 3727 4180 P_er_iegcl_a

2175 4171 2550 4248 Erythram"):
2583 4171 2678 4234 seu
2737 4179 2910 4250 mavis
2957 4176 3202 4250 Rubrum
3260 4171 3433 4250 mare,
3471 4171 3726 4250 ᾼΞιῂίορῖ·

2174 4243 2296 4318 cnm
2351 4243 2568 4318 quoque
2618 4249 2956 4317 appellabat,
3014 4256 3067 4301 et
3121 4245 3366 4318 Dionysii
3429 4243 3730 4318 seboliaslcs

2175 4311 2495 4374 Eustathius
2557 4311 2850 4373 nonnullos
2907 4319 3068 4372 etiam
3105 4311 3401 4368 Arabi'cutn
3457 4315 3650 4370 sinum,
3683 4311 3730 4358 et

2174 4387 2512 4458 Erythrzrum
2548 4405 2718 4454 mare,
2762 4405 2928 4442 unum
2962 4396 3012 4441 et
3049 4385 3190 4458 idem
3223 4401 3379 4458 mare
3409 4382 3730 4456 existimasse

2163 4528 2346 4593 nibus,
2402 4529 2693 4597 IEthiopiae
2725 4539 2904 4582 autem
2943 4527 3229 4596 pnecipue,
3268 4529 3724 4597 nemo_esthuem

2161 4590 2364 4665 lati-at;
2396 4602 2526 4670 quin
2560 4590 2721 4652 etiam
2757 4590 2971 4670 Indiam
3003 4598 3069 4649 ad
3109 4590 3374 4670 oceanum
3406 4590 3727 4670 Ergthrr'eum

2161 4657 2429 4734 spectasse
2456 4671 2680 4724 disertis
2717 4669 2894 4724 verbis
2936 4667 3257 4721 Eustathius
3299 4657 3507 4724 tradit:
3523 4671 3574 4716 et
3611 4657 3726 4710 υἱον

2159 4741 2351 4810 nysius
2408 4745 2520 4809 ipse
2572 4741 2715 4794 inter
2749 4749 2978 4810 caeteros
3026 4737 3306 4810 pretiosos
3341 4735 3547 4810 lapides
3600 4739 3724 4810 ullos

2158 4797 2275 4863 hidi
2323 4797 2550 4872 hab-ent,
2578 4811 2739 4863 etiam
2780 4797 3216 4877 glaucummitidi
3266 4797 3469 4872 Topasi
3517 4797 3726 4868 lapidem

2162 4891 2439 4935 recenset.
2473 4879 2612 4934 Vide
2649 4876 2990 4932 Eustathium
3045 4877 3099 4928 in
3140 4876 3478 4944 Dionysium,
3514 4879 3725 4944 et-z'.._c_x

2156 4950 2410 5005 versione
2458 4950 2528 5002 cl.
2579 4959 2627 4998 ν.
2675 4948 2972 5002 Alexandri
3012 4945 3198 5009 Politi,
3233 4938 3613 5010 ete.,tloloni'.c
3640 4938 3726 4990 Al-

2157 5019 2465 5090 lobrogum,
2509 5019 2666 5082 1741,
2703 5035 2824 5090 pag.
2865 5019 2935 5071 25
2967 5017 3174 5090 et_5‘29.

2226 5084 2339 5160 (253
2400 5091 2650 5159 Ligorius
2703 5084 2937 5160 ’Sabinze
2996 5084 3393 5160 Tranquillinze
3455 5088 3723 5160 nummum

2155 5155 2439 5223 memorat,
2468 5155 2580 5214 'ubi
2628 5169 2783 5212 erant
2834 5159 2960 5220 isis,
3005 5167 3060 5211 et
3107 5155 3477 5224 Harpocralles
3531 5155 3723 5224 SW53?”

2154 5244 2316 5283 manu
2365 5219 2587 5284 dextera
2619 5240 2837 5298 gestans
2881 5219 3006 5282 cum
3061 5219 3424 5296 inscriptione
3468 5219 3725 5298 ΔΛᾼΒᾼΤ·

2153 5299 2466 5355 ΣΤΡΙΤΩΝ.
2518 5288 2830 5369 Αέςξριίιιιιι
2879 5300 3047 5354 fuisse
3088 5288 3721 5369 hunc'nummumlsidis

2155 5369 2324 5438 ﬁgura
2363 5362 2675 5424 luculenter
2697 5370 2912 5439 probat,
2946 5379 2998 5422 et
3033 5369 3251 5439 quidem
3283 5367 3416 5418 urbs
3449 5362 3720 5439 Alabastra

2152 5446 2316 5493 ctiam
2361 5457 2390 5493 a
2432 5438 2722 5494 Ptolemazo
2775 5443 2830 5494 in
2858 5441 3093 5508 [Egypto
3121 5438 3452 5508 collocatur,
3470 5438 3719 5508 necnona

2150 5509 2329 5580 Plinio
2383 5513 2475 5564 lib.
2528 5528 2582 5575 v,
2621 5527 2741 5580 cap.
2791 5512 2823 5566 9
2873 5502 3063 5563 (af-5'7.
3114 5509 3266 5580 Quod
3317 5509 3363 5559 si
3422 5502 3718 5580 Stephanus

2148 5578 2436 5652 Phrygiam
2465 5565 2654 5635 urbem
2690 5565 2815 5636 leam
2857 5589 3016 5635 vocat
3053 5565 3385 5652 Herodotum
3413 5565 3720 5652 testemut'td:

2149 5639 2364 5714 hiberis,
2401 5667 2500 5706 nos
2551 5653 2771 5720 quidem
2811 5666 2933 5706 cum
2968 5658 3252 5704 exstantes
3287 5645 3549 5720 Herodoti
3599 5639 3714 5720 “PP

2148 5705 2363 5776 nullum
2414 5705 2666 5792 hujus-ce
2697 5705 2778 5777 rei
2824 5705 3205 5778 testimonium
3259 5717 3595 5787 perhibeant,
3629 5705 3714 5762 lib.
