3994 6426
456 359 551 412 53!

1731 363 1910 418 LIBRI
1957 365 2039 416 Dl-Z
2082 363 2168 416 ΧΗ
2206 365 2469 418 ω-ξλιλιῖὸ

3599 371 3691 429 53'!

457 481 572 534 suta
597 483 829 542 modica,
863 495 928 532 ex
968 479 1196 534 adverso
1222 481 1322 536 sita
1357 481 1656 549 Ben-niueae,
1691 484 1744 537 in
1777 499 1885 553 qua
1916 495 2038 547 ror-
2075 490 2117 544 Α
2149 483 2304 537 bouis
2355 479 2468 556 [:20]
2504 478 2652 553 ignis
2685 484 3010 540 naturaliter
3053 485 3321 542 scintillas
3353 487 3614 554 emittere,
3643 505 3691 553 et

455 578 543 624 tas
577 579 659 623 est
686 568 845 623 lndi:e
873 570 985 640 (57)
1015 572 1258 643 dirigens
1291 575 1354 627 ail
1386 574 1742 640 'l‘lu-baidam,
1780 576 2036 648 [lslqme

455 677 480 714 a
509 662 807 715 continenti
836 675 976 716 terra
1011 662 1289 718 Thebaida
1319 667 1478 720 distat
1512 669 1675 721 unius
1701 667 1805 721 dici
1844 683 2034 728 cursu,

451 770 578 811 eum
640 768 724 810 est
778 757 1052 826 navigium
1102 774 1446 829 prosperum,
1507 761 1608 814 hoc
1657 770 1742 815 est
1797 760 2038 814 millibus

453 847 750 917 octoginta.
784 845 1049 920 Contigua
1095 861 1179 905 est
1233 862 1412 905 autem
1469 853 1762 910 Beronicaa.
1793 868 1914 922 qua:
1958 852 2038 907 sic

457 939 780 1009 appellatur,
837 940 1043 1011 regioni
1093 940 1462 1014 Elephantinze
1522 942 1659 1012 (58),
1726 960 1943 998 necnon
1986 954 2040 998 et

453 1028 625 1084 Telmi
659 1030 793 1102 (59),
825 1049 945 1102 qiue
973 1049 1117 1087 nunc
1149 1037 1184 1087 'a
1211 1035 1409 1089 Blemis
1434 1037 1542 1106 (60)
1578 1037 1880 1091 obtinctur.
1915 1039 2038 1090 (Ior-

458 1134 682 1175 ruerunt
708 1133 888 1176 autem
923 1123 1122 1177 montis
1164 1123 1326 1192 hujus
1361 1126 1619 1189 metalla;
1653 1136 1889 1195 suntque
1927 1141 2039 1178 mc-

455 1212 581 1264 talla
633 1213 733 1265 alia
771 1214 821 1265 in
881 1213 1123 1283 ipsorum
1181 1213 1434 1267 Barbaria
1475 1216 1588 1286 (61)
1646 1215 2036 1270 Blemmiornm

450 1305 607 1372 juxta
641 1302 754 1376 [I9]
793 1303 1042 1359 Telmeos
1063 1305 1174 1373 (6%)
1195 1305 1246 1359 in
1269 1307 1549 1362 montibus
1570 1309 1868 1362 constituta
1895 1307 2035 1379 (65),

453 1412 573 1466 qua!
598 1413 741 1450 nunc
777 1397 1098 1453 cllndientes
1129 1397 1355 1453 Barbari
1408 1399 1726 1472 smaragdos
1759 1400 2035 1457 incidunt.

456 1483 548 1541 Vis
574 1492 752 1540 autem
778 1487 974 1556 lapidis
1017 1487 1182 1560 hujus
1216 1489 1269 1542 in
1310 1491 1701 1560 speculandam
1734 1490 1924 1544 faciem
1957 1492 2039 1544 di-

439 1579 616 1643 citur,
655 1587 710 1633 et
740 1579 807 1632 ab
839 1579 947 1645 his,
981 1580 1073 1648 qui
1105 1580 1349 1635 fabulosa
1381 1582 1724 1652 contingunt,
1775 1601 2037 1652 lll".l‘5t:il|§

452 1683 573 1723 esse
605 1668 935 1724 futurorum.

878 1818 944 1855 DF.
1001 1819 1186 1856 LAPlDE
1239 1820 1605 1860 CARBUNCULO.

527 1935 912 1990 Carbunculus
964 1936 1123 1990 habet
1164 1937 1400 2006 speciem
1441 1938 1674 1993 rubrica:
1723 1939 1837 2009 (64)
1874 1942 2035 1996 nimis

457 2028 805 2083 acutissimas.
837 2027 1093 2082 Nasoitur
1129 2039 1314 2083 autem
1343 2031 1483 2100 apud
1517 2030 1905 2102 Carthaginem
1949 2033 2036 2087 Li-

456 2126 607 2194 byae,
640 2138 761 2191 qua:
807 2121 990 2175 Africa
1036 2130 1284 2176 vocatur.
1338 2123 1443 2176 Alii
1481 2139 1608 2177 vero
1653 2124 1843 2179 dicunt
1894 2125 2038 2180 hunc

453 2218 684 2287 lapidem
713 2216 793 2269 sic
821 2215 1052 2270 inveniri
1092 2233 1104 2268 :
1136 2231 1242 2268 non
1270 2217 1439 2271 videri
1487 2233 1582 2286 per
1607 2217 1750 2272 diem
1772 2261 1786 2283 ,
1822 2219 1914 2274 sed
1939 2235 2036 2289 per

454 2317 665 2364 noctem
703 2325 715 2360 :
763 2307 958 2377 procul
989 2315 1169 2361 autem
1200 2307 1253 2360 in
1285 2307 1508 2361 modum
1542 2308 1762 2378 lapidis,
1797 2310 1881 2364 vel
1915 2325 2040 2364 car-

451 2449 709 2520 phrastus
738 2447 794 2500 in
835 2447 928 2500 lib.
965 2446 1106 2514 Περὶ
1146 2447 1333 2520 λίθων
1377 2447 1909 2520 pseudosmaragdos
1931 2489 1944 2511 ,
1979 2455 2034 2502 et

453 2517 774 2588 smaragdos
805 2531 1024 2588 quoque
1061 2518 1415 2587 pretiosiores
1445 2517 1499 2570 in
1529 2517 1705 2571 insula
1739 2519 2030 2588 objaeente

439 2586 836 2652 Eltalcedoni,‘
874 2586 1083 2642 Plinius
1139 2602 1266 2640 vero
1314 2588 1408 2641 lib.
1447 2603 1654 2648 xxxvn,
1707 2586 1826 2657 cap.
1875 2590 1930 2651 5,
1979 2590 2032 2642 in

455 2671 636 2714 monte
662 2659 818 2727 juxta
852 2657 1254 2711 Chalcedonem
1275 2699 1288 2720 ,
1322 2662 1414 2726 qui
1454 2657 1828 2726 Smaragdites
1865 2674 2030 2713 voca-

443 2733 632 2792 batur,
676 2728 911 2783 inveniri
958 2727 1170 2791 doceat,
1206 2739 1447 2782 montem
1502 2728 1646 2781 hunc
1689 2732 1742 2782 in
1784 2729 1964 2783 insula
2002 2745 2032 2782 a

452 2796 835 2870 'l‘heOpbrasto
865 2805 1162 2870 memorata
1197 2796 1756 2870 fuisse_crediderim,
1797 2807 1851 2853 et
1896 2801 2034 2851 hanc

451 2867 856 2928 easeinsulam,
897 2869 1056 2933 cujus
1091 2869 1336 2922 meminit
1375 2867 1736 2938 Epiphanius,
1778 2885 1900 2938 qua!
1934 2883 2029 2936 pa-

441 2941 588 2994 riter
631 2939 1028 3008 Smaragdites,
1067 2945 1161 2990 aut
1213 2938 1611 3008 Smaragibua,
1664 2947 1760 2992 aut
1812 2940 2032 2992 demum

455 3009 855 3079 Sinaragdiuon
900 3010 1198 3063 diceretur.
1245 3011 1398 3079 Apud
1437 3009 1788 3063 Ptolemzeuni
1827 3011 2030 3063 montis

455 3081 741 3150 Smaragdi
779 3081 984 3133 mentio
1011 3088 1110 3150 est
1132 3080 1221 3132 lib.
1244 3096 1315 3143 iv,
1339 3095 1461 3150 cap.
1486 3079 1539 3144 5,
1562 3087 1616 3133 et
1642 3095 1765 3134 eum
1797 3080 2032 3133 collaCat

455 3154 596 3206 inter
629 3149 949 3205 Neclu-siam
1000 3159 1054 3204 et
1101 3149 1326 3220 Lepteu,
1369 3149 1534 3220 quam
1581 3152 1832 3220 sequitur
1865 3150 2026 3204 Bere—

455 3224 598 3286 nice,
633 3231 726 3275 aut
757 3222 950 3283 mavis,
985 3220 1266 3276 Berenice.
1306 3221 1577 3276 Pranerea
1615 3223 1915 3275 notandqu
1944 3227 2028 3274 est

380 3354 388 3365 _
453 3295 688 3347 insulam
719 3293 888 3365 illam_
928 3294 998 3347 ab
1032 3290 1338 3365 Epiphanio
1381 3307 1604 3365 parvam
1661 3293 1806 3365 dici,
1859 3295 1932 3344 ita
1973 3301 2030 3365 ut

453 3365 810 3433 mirumnon
847 3361 939 3426 sit,
981 3363 1322 3433 geographos
1377 3361 1550 3418 solius
1592 3363 1795 3416 montis
1837 3363 2031 3415 memi-

453 3434 624 3496 nisse,
663 3432 917 3486 fortassis
941 3432 1088 3486 enim
1121 3433 1232 3485 t'ere
1269 3449 1378 3485 uno
1401 3434 1496 3485 illo
1533 3443 1718 3486 monte
1745 3439 1857 3485 tota
1894 3447 2030 3485 con-

454 3505 653 3572 stabat.
703 3502 961 3555 Nonnulli
991 3500 1140 3572 editi
1175 3501 1296 3572 libri
1354 3501 1715 3572 Theophrasti
1747 3511 1819 3572 ct
1863 3501 2026 3555 Plinii

454 3571 844 3625 Citarcedonem
875 3585 972 3640 pro
1007 3570 1392 3624 Chalcedonem
1417 3570 1638 3636 habent,
1667 3571 1762 3626 sed
1809 3572 2031 3639 injuria,

458 3653 518 3694 ut
553 3642 877 3706 Salmasius,
913 3641 1250 3708 llardniuus,
1287 3644 1489 3712 aliique
1521 3645 1620 3697 viri
1666 3642 1812 3697 docti
1863 3641 2034 3695 adno-

457 3720 658 3766 tarunt.

529 3784 654 3855 (δῖ)
683 3782 978 3855 Oppidum,
1016 3783 1194 3855 Plinio
1221 3790 1360 3837 teste
1405 3783 1499 3838 lib.
1527 3797 1602 3845 vt,
1635 3797 1756 3852 cap.
1785 3781 1877 3846 ‘29,
1915 3798 2032 3855 ina-

458 3853 556 3905 tris
588 3852 851 3923 ΡΙιὲΙέιίιΙη
883 3857 1090 3909 nomine
1106 3853 1369 3908 Beronice
1385 3867 1635 3908 vocatum
1657 3862 1873 3922 pr0pter
1886 3852 2039 3923 Ara-

455 3923 640 3978 bicum
673 3920 855 3980 sinum
890 3936 1008 3981 erat
1045 3925 1109 3979 ad
1141 3926 1404 3978 orientem
1447 3927 1500 3978 in
1532 3920 1830 3978 Continenti
1863 3920 2035 3992 Egy-

456 3995 582 4066 ptiae
614 3997 854 4066 regionis
896 3995 1226 4058 Thebaidos,
1259 4004 1446 4048 contra
1500 3997 1794 4066 Arabiam;
1835 4009 2034 4066 quain-

454 4063 643 4138 obi-em
680 4063 911 4138 'celebcr
961 4068 1338 4138 portusrluit,
1373 4066 1518 4138 unde
1567 4082 1632 4119 ex
1685 4064 1927 4138 Λίδη)ιο
1983 4063 2037 4115 in

453 4133 709 4207 Arabiam
731 4149 782 4190 et
808 4133 1008 4191 ludiain
1031 4177 1044 4200 ,
1067 4149 1117 4189 et
1137 4137 1261 4189 hinc
1289 4138 1341 4189 in
1366 4136 1658 4207 Ailgyptum
1689 4133 2036 4205 navigabant.

528 4208 639 4276 (ὸδ)
683 4205 757 4262 De
804 4209 906 4262 Nili
961 4209 1139 4262 insula
1192 4205 1637 4276 loquitun‘a‘pud
1697 4207 2040 4276 geOgrapbos

457 4278 687 4350 celebri,
709 4279 762 4332 in
801 4296 906 4350 qua
939 4281 1374 4350 urbeurquoque
1400 4277 1802 4350 Elepliautidem
1835 4277 2040 4330 dictant

453 4348 736 4403 exstitisse
772 4348 962 4404 auctor
994 4359 1079 4404 est
1103 4348 1236 4403 Mela
1269 4351 1363 4402 lib.
1393 4365 1432 4412 ι,
1465 4364 1587 4417 cap.
1618 4349 1674 4402 9.

527 4417 637 4490 (δυ)
681 4419 754 4472 De
787 4419 962 4490 Talmi
1009 4419 1227 4490 accipio,
1255 4419 1479 4489 {Egypti
1514 4421 1651 4473 urbe
1689 4420 1745 4474 in
1777 4417 2041 4490 extremis

457 4487 676 4544 l‘nibus.
707 4500 764 4541 ut
796 4505 860 4542 ex
888 4487 1174 4542 Itinerario
1206 4487 1466 4544 Antonini
1489 4497 1705 4543 constat
1733 4513 1745 4546 ;
1777 4498 1832 4544 et
1858 4487 2043 4557 Olym-

457 4557 717 4629 pimlorus
737 4559 879 4628 apud
901 4557 1148 4629 Photiiun
1184 4557 1417 4629 Bleuiyis
1437 4561 1832 4612 conterminam
1864 4568 2042 4614 vocat.
2079 4559 2123 4614 Ι)

526 4628 636 4693 (66)
680 4629 982 4698 Blemmyes
1012 4628 1268 4698 intellige,
1295 4628 1390 4683 seu
1417 4629 1610 4693 mavis,
1637 4629 1902 4699 Blemyes,
1929 4639 2023 4684 aut

455 4703 1050 4770 inermuyas,ﬁgentem,
1081 4699 1707 4770 qiiainOlympiodorus,
1734 4709 1794 4753 ut
1813 4700 2019 4755 dictum

455 4774 562 4842 est,
596 4767 752 4842 juirta
781 4767 993 4842 Taliniu
1027 4770 1198 4839 ponit.
1233 4767 1404 4824 Porro
1432 4767 1599 4842 etiam
1634 4773 1685 4824 in
1711 4773 1840 4824 Anc.
1873 4771 1900 4842 ς
1929 4771 2018 4832 58.

455 4835 636 4912 Nilum
678 4840 973 4912 Βλεμενίαν
1013 4835 1238 4903 alluere,
1277 4856 1470 4908 nempe
1493 4835 1900 4912 Blemmyarum
1934 4859 2020 4897 re-

453 4909 669 4981 gionem
716 4909 1053 4981 Epiphanius
1101 4913 1324 4970 scribit:
1362 4911 1506 4980 quod
1535 4913 1579 4965 si
1629 4909 1726 4966 ex'
1753 4911 2023 4970 Strabone

456 4979 554 5054 lib.
587 4998 716 5044 xvu,
758 4979 879 5052 pag.
926 4983 1048 5045 786,
1084 4984 1357 5053 colligitur
1381 4979 1642 5053 Btemyas
1681 4999 1745 5039 ex
1789 4994 2022 5054 utraque

455 5047 559 5122 Nili
593 5047 1066 5118 parte—habitasse,
1101 5047 1284 5122 plur'es
1309 5063 1490 5109 tamen
1529 5047 1845 5109 Habitarunt
1875 5047 2022 5111 certe

456 5121 527 5173 ab
563 5122 817 5175 orientali
869 5134 1050 5193 parte,
1089 5121 1143 5176 ct
1186 5125 1406 5193 quidem
1441 5125 1608 5178 variis
1652 5126 1706 5178 in
1754 5126 1891 5181 locis
1933 5125 2017 5180 di-

459 5194 668 5266 spersi;
707 5199 835 5266 sunt
881 5195 1041 5266 enim_
1064 5195 1156 5262 qui
1192 5195 1257 5248 ad
1308 5194 1520 5266 'l‘aliuin
1563 5204 1808 5263 ponunt,
1839 5206 1894 5250 et
1926 5198 2018 5266 qui

457 5263 523 5314 ad
559 5262 840 5335 Catadupa
863 5305 875 5324 ,
912 5271 973 5316 ut
1015 5262 1333 5334 Dionysius,
1387 5262 1707 5320 Eustathius
1745 5282 1864 5335 pag.
1899 5262 2018 5335 167,

456 5340 510 5385 et
542 5333 863 5406 Ammianus
901 5335 992 5388 lib.
1024 5347 1134 5395 xw,
1159 5333 1290 5404 cap.
1317 5337 1371 5401 4,
1394 5345 1448 5389 ct
1480 5335 1571 5406 qui
1609 5333 1759 5391 infra
1783 5333 2019 5394 hiemem

459 5413 516 5455 ut
550 5401 769 5468 Strabo,
801 5419 925 5459 cum
963 5418 1070 5472 quo
1107 5401 1395 5475 conciuere
1439 5401 1592 5461 dicas
1627 5406 2017 5475 Claudianum,

455 5482 508 5544 et
547 5475 638 5544 qui
684 5475 868 5531 socios
905 5475 1058 5527 urbis
1113 5473 1465 5530 Ptoleiuaidis
1508 5485 1701 5531 contra
1738 5473 2020 5536 Romanos

457 5542 584 5612 iacit
609 5545 860 5601 Zosiinus
889 5545 981 5597 lib.
1017 5561 1051 5603 i.
1084 5560 1203 5612 cap.
1231 5545 1317 5608 7t,
1347 5545 1670 5603 Ptolemaeus
1695 5558 1876 5604 autem
1919 5553 2022 5605 sub

457 5611 670 5688 Molibis
697 5619 866 5688 ponit,
897 5617 1005 5688 sub
1029 5611 1198 5669 Nubis
1224 5617 1617 5688 Agathemerus
1651 5617 1810 5688 Geog.
1837 5622 1932 5679 lib.
1959 5639 2016 5684 ιι,

453 5697 574 5764 (ξ’ξρ.
605 5685 658 5751 5,
692 5694 745 5739 et
779 5686 1114 5764 Procopius;
1141 5687 1460 5764 quinetiam
1489 5687 1540 5764 hi
1566 5685 1813 5764 Blemyes
1844 5693 2020 5764 ἕτεροι

457 5751 758 5826 Bituricae,
787 5757 880 5808 alii
919 5751 1210 5826 Biemmyes
1239 5757 1308 5811 ab
1347 5751 2016 5826 Agathemero'dicuntt'ir,

455 5824 598 5891 quod
655 5828 887 5884 maxime
934 5836 1015 5880 est
1060 5824 1552 5893 considerandum;
1587 5833 1782 5885 etenim
1836 5824 2017 5903 plures

2146 579 2276 630 hora
2326 575 2544 644 quidem
2575 575 2736 628 sicuti
2775 577 2946 628 carbo
2980 576 3118 646 ignis
3153 577 3395 636 accendi,
3433 579 3558 629 liora
3579 593 3692 634 vero

2143 672 2416 731 desinere,
2443 669 2513 720 ita
2555 676 2612 720 ut
2638 667 2990 738 splendorem
3019 669 3159 736 ejus,
3186 670 3277 737 qui
3317 669 3456 721 hunc
3479 669 3688 739 lapidem

2142 770 2390 833 quaerunt
2420 801 2434 825 ,
2483 760 2700 814 eminus
2738 760 3036 816 intuentes.
3073 763 3143 814 ob
3189 760 3292 813 hoc
3331 761 3532 831 ipsum,
3564 762 3694 831 quod

2146 872 2240 924 per
2299 853 2583 907 intervalla
2634 863 2951 920 comparet,
2988 861 3040 906 et
3096 867 3293 907 rursus
3334 855 3694 922 exstinguitur,

2143 961 2264 999 eum
2300 959 2422 997 esse
2461 949 2824 1012 cognoscant,
2851 950 3246 1012 pergentesque
3289 943 3352 996 ad
3399 943 3514 1010 ejus
3541 942 3698 1013 fingo-

2146 1053 2279 1096 rem,
2317 1035 2389 1087 ita
2423 1033 2720 1103 reperiant.
2747 1033 2855 1086 Scd
2883 1034 2974 1104 qui
3011 1049 3134 1088 cum
3167 1042 3378 1103 portat,
3403 1051 3520 1088 eun
3547 1037 3698 1091 latere

2145 1143 2250 1180 non
2300 1133 2514 1195 potest;
2557 1139 2682 1178 nam
2727 1125 3056 1194 quibuslibet
3096 1113 3436 1182 reslimcntis
3469 1131 3697 1188 occulat.

2144 1219 2402 1288 splendor
2431 1224 2586 1271 extra
2634 1217 2961 1272 vestimenta
3014 1217 3248 1272 collucet
3286 1238 3299 1272 :
3333 1218 3474 1274 unde
3505 1230 3556 1274 et
3594 1237 3693 1274 rar-

2145 1309 2414 1384 bunculus
2444 1307 2748 1379 appellatus
2781 1315 2885 1373 est,
2936 1309 3008 1364 ob
3040 1310 3181 1364 hanc
3229 1311 3438 1367 scilicet
3475 1328 3698 1368 causam.

2149 1399 2449 1469 Parumper
2493 1407 2672 1452 autem
2709 1406 2756 1452 et
2821 1399 3114 1455 ceraunius
3164 1400 3239 1453 ita
3280 1401 3417 1470 lapis
3459 1408 3700 1464 vocatus,

2147 1495 2269 1545 huic
2306 1493 2518 1546 videtur
2549 1509 2672 1546 esse
2714 1491 3019 1544 consimilis
3051 1510 3062 1547 :
3107 1492 3299 1547 dicunt
3328 1501 3506 1547 autem
3533 1509 3702 1548 cerau-

2146 1585 2291 1636 niqu
2338 1586 2597 1654 quidam,
2631 1592 2684 1637 et
2726 1584 2996 1636 vinarium
3039 1583 3152 1654 (65)
3180 1625 3194 1648 ,
3227 1587 3372 1655 quod
3406 1587 3573 1641 instar
3605 1590 3702 1642 vini

2145 1676 2504 1741 llavLcoloris
2548 1677 2798 1730 exsistat.
2857 1675 2947 1730 Est
2998 1677 3356 1733 nihilominus
3415 1689 3467 1732 et
3509 1679 3704 1733 calcho-

2144 1770 2340 1822 donius
2391 1771 2535 1838 (66),
2573 1786 2733 1839 quem
2773 1769 2852 1823 sic
2901 1771 3210 1840 appellant,
3259 1779 3315 1824 et
3378 1771 3493 1841 ipse
3539 1777 3704 1840 aperio

2075 1850 2112 1902 Β
2147 1863 2426 1931 proximus
2457 1862 2728 1930 lapidibus
2769 1863 2886 1916 istis
2911 1903 2924 1926 ,
2961 1865 3051 1934 qui
3090 1865 3142 1916 in
3180 1863 3372 1918 iisdem
3417 1863 3517 1917 loci
3554 1866 3705 1934 parti-

2147 1953 2244 2004 hus
2286 1953 2576 2006 invenitur.
2631 1951 2741 2006 Nec
2776 1956 2974 2007 mirum
3002 1995 3017 2017 ,
3045 1956 3188 2025 quod
3226 1955 3411 2010 divina
3440 1954 3704 2026 Scriptura

2145 2045 2197 2096 in
2229 2042 2433 2097 Phison
2466 2060 2590 2098 curn
2627 2045 2853 2099 llumine
2877 2061 3000 2100 esse
3031 2048 3372 2116 pronuntiat,
3401 2063 3519 2100 eum
3553 2049 3705 2118 possit

2142 2137 2280 2190 etin
2320 2137 2500 2190 Ali-ica
2544 2137 2793 2206 reperiri.
2840 2138 2985 2192 Fluit
3033 2140 3178 2192 enim
3223 2138 3426 2196 Phison
3485 2142 3536 2195 in
3575 2155 3705 2196 mare

2137 2230 2290 2300 juxta
2331 2234 2603 2299 regionem
2675 2233 2969 2286 australem
3017 2243 3071 2289 et
3119 2238 3513 2292 occidentalem
3551 2236 3706 2292 Ocea-

2143 2343 2294 2409 num:
2333 2327 2541 2380 Circuit
2577 2326 2829 2383 Oceanus
2860 2331 3176 2383 universum
3207 2331 3395 2383 orbem
3428 2341 3702 2394 terrarum,

2139 2465 2306 2534 igitur
2361 2462 2583 2517 fuerunt
2615 2462 2886 2536 Blemyes,
2912 2463 3003 2517 alii
3034 2462 3272 2536 Egypto
3319 2467 3625 2528 viciniorcs,
3658 2477 3702 2520 et

2139 2537 2229 2588 alii
2303 2537 2666 2606 remotiorcs:
2705 2550 2770 2588 ex
2822 2534 3091 2606 Procopio
3133 2534 3310 2588 tamen
3357 2537 3551 2606 colligo
3593 2553 3704 2606 pro-

2140 2607 2311 2674 priam
2375 2603 2775 2674 Blemmyarum
2831 2603 3106 2674 regionem
3166 2606 3334 2660 luisse
3405 2603 3700 2662 interiorem

2140 2673 2283 2748 illam
2313 2675 2416 2728 sub
2439 2673 2628 2738 Nabis,
2653 2673 3130 2748 et_hi_nc_cu_lonias
3149 2676 3463 2748 deduxisse
3485 2677 3703 2748 {Egypio

2137 2747 2347 2815 vicinas
2376 2760 2652 2798 armorum
2673 2746 2744 2801 vi.
2781 2743 2912 2800 Vide
2932 2744 3258 2815 Procopium
3294 2748 3388 2802 lih.
3427 2764 3442 2803 ι
3493 2743 3566 2802 De
3583 2743 3701 2802 bello

2139 2813 2376 2876 Persico,
2409 2829 2529 2883 cap.
2558 2815 2642 2868 l9.

2209 2886 2320 2954 (6|)
2360 2883 2635 2956 Quidquid
2676 2890 2912 2944 alienum
2941 2896 3058 2942 erat
3097 2888 3166 2940 ab
3201 2887 3438 2956 imperio
3466 2888 3698 2943 llniuauo

2135 2953 2306 3028 omen
2343 2953 2653 3028 Latinique
2708 2963 3011 3026 scriptores
3063 2953 3338 3028 praecipue
3407 2960 3563 3013 nu-dii
3609 2962 3696 3014 aeri

2136 3025 2445 3098 barbariam
2495 3024 2785 3095 dixerunt,
2825 3024 3182 3098 quamobrem
3232 3024 3437 3082 inii-um
3493 3034 3698 3084 minime

2132 3104 2238 3171 est,
2270 3095 2614 3171 Blemyarum
2643 3095 2916 3171 regionem
2963 3098 3033 3171 ab
3065 3097 3373 3168 Epiphanio
3402 3101 3695 3154 barbariam

2055 3198 2097 3256 α
2133 3165 2266 3220 dici.
2324 3165 2480 3256 Quod
2507 3169 2551 3250 si
2588 3165 2726 3251 quis;
2745 3169 2895 3256 malit
2919 3168 2986 3256 ad
3015 3165 3292 3256 regionem
3332 3171 3478 3256 illam
3499 3172 3697 3252 Africae.

2132 3253 2254 3310 qua:
2288 3239 2544 3305 peculiari
2577 3242 2798 3296 nomine
2823 3239 3254 3310 Barbariagdicta
3290 3249 3400 3304 est,
3437 3241 3696 3310 regionem

2133 3307 2480 3380 Blemyarum
2537 3312 2796 3366 retulisse
2839 3309 3242 3379 Epiphanium,
3300 3326 3444 3380 Opus
3484 3307 3600 3372 est,
3646 3320 3697 3362 ut
3775 3307 3794 3321 “’

2133 3377 2537 3451 ἱιίυάςῳιοίιυθ
2580 3392 2828 3447 asserat,
2879 3377 2973 3432 aut
3025 3380 3166 3434 duas
3197 3377 3413 3451 gent—es
3469 3382 3699 3451 ejusdem

2134 3449 2372 3520 nominis
2395 3450 2627 3506 diversis
2664 3453 2799 3506 locis
2829 3451 3138 3505 habitantes
3169 3449 3537 3520 Epiphanium
3565 3466 3700 3505 com-

2136 3519 2445 3591 miscuisse,
2498 3520 2574 3591 illi
2631 3525 2774 3576 enim
2823 3522 2998 3576 solum
3044 3519 3290 3591 Blemyes
3341 3522 3396 3574 in
3458 3521 3700 3576 Barbari:

2139 3589 2448 3663 habitantes
2482 3589 2588 3645 dici
2631 3609 2794 3663 posse
2838 3591 3113 3663 videntur,
3148 3589 3288 3660 quos
3339 3593 3446 3647 sub
3500 3592 3698 3646 Molibis

2136 3657 2458 3733 Ptolemaeus
2500 3657 2771 3733 collocat,
2829 3677 2953 3716 eum
3020 3657 3276 3716 Barbaria
3334 3663 3485 3733 regio
3553 3664 3700 3717 luerit

2137 3739 2362 3801 propter
2403 3729 2756 3788 Barbaricum
2806 3734 2986 3788 sinum
3030 3740 3293 3801 protensa
3343 3729 3486 3787 inter
3535 3734 3698 3800 ipsum

2138 3799 2489 3855 Barbaricum
2533 3805 2713 3858 sinum
2744 3813 2798 3858 et
2842 3799 3046 3861 Nilum,
3079 3811 3136 3854 ut
3185 3812 3403 3857 constat
3433 3819 3498 3857 ex
3538 3799 3701 3856 Ptole-

2139 3886 2294 3934 maeo,
2329 3874 2421 3942 qui
2465 3871 2692 3943 Raptam
2735 3875 2855 3944 ejus
2899 3874 3245 3942 metropolim
3291 3875 3462 3935 l'acit,
3505 3888 3700 3928 necnon

2138 3957 2204 4013 ex
2239 3945 2598 4011 Agathemero
2637 3946 2728 3998 lib.
2766 3961 2828 4009 Il,
2869 3959 2990 4013 cap.
3036 3946 3088 3996 ll
3132 3953 3184 3997 et
3220 3945 3304 4005 14,
3352 3955 3406 3998 et
3440 3944 3701 3998 Marciano

2141 4011 2457 4084 lleracleuta
2511 4014 2561 4067 in
2603 4015 2832 4084 Periplo,
2887 4011 3018 4074 etin,
3054 4015 3145 4067 lib.
3196 4032 3231 4075 i,
3261 4015 3366 4083 ἐξ,
3411 4023 3506 4068 aut
3546 4016 3702 4067 multo

2142 4083 2356 4152 longius
2385 4083 2658 4139 Barbarize
2694 4090 2828 4140 lines
2873 4085 3239 4154 Epiphanium
3288 4087 3620 4148 extendisse,
3653 4092 3702 4137 et

2141 4155 2360 4222 quidem
2401 4157 2725 4210 Anastasius
2775 4155 2986 4212 Sinaita
3030 4155 3082 4208 in
3130 4157 3397 4225 Anagogis
3429 4172 3582 4224 super
3619 4169 3702 4208 se:

2139 4227 2343 4276 dierum
2380 4241 2507 4293 opus
2564 4229 2657 4282 lib.
2711 4244 2790 4292 in,
2847 4227 2900 4280 in
2951 4240 3013 4280 ea
3073 4225 3415 4294 Pentapolim
3460 4227 3700 4285 collocat,

2142 4296 2416 4362 regionem
2471 4313 2666 4364 nempe
2716 4297 2892 4351 Plinio
2939 4295 3170 4350 docente
3220 4297 3312 4350 lib.
3360 4313 3420 4357 ν,
3475 4312 3595 4366 cap.
3640 4295 3700 4354 5.

2142 4366 2470 4419 illustratum
2509 4367 2727 4420 urbibus
2755 4371 2985 4421 maxime
3023 4369 3248 4436 quinque
3273 4381 3289 4418 :
3311 4366 3577 4432 Berenice,
3611 4371 3702 4419 Λνα

2143 4439 2306 4497 since,
2344 4436 2691 4502 Ptolemaida,
2729 4438 3033 4508 Apollonia,
3061 4436 3282 4505 Cyrene,
3314 4446 3369 4490 et
3403 4437 3703 4507 Stephanus

2151 4523 2368 4578 quoque
2393 4523 2512 4562 eam
2554 4510 2695 4579 apud
2730 4511 2911 4564 sinum
2929 4511 3216 4564 Arabicum
3233 4523 3357 4562 esse
3381 4508 3558 4562 (Ιοθιιῑ.
3591 4509 3700 4561 Sci-

2155 4581 2276 4632 licet
2311 4579 2470 4633 unius
2495 4580 2734 4650 regionis
2763 4594 2961 4634 nomen
3007 4581 3072 4631 ad
3117 4580 3378 4633 liuitimas
3410 4580 3571 4634 etiam
3609 4579 3702 4630 late

2144 4665 2250 4701 non
2282 4664 2406 4703 raro
2432 4651 2680 4703 transiit.

2201 4719 2314 4788 (62)
2343 4719 2648 4789 Legendum
2675 4721 2889 4775 videtur
2909 4719 3069 4786 juxta
3095 4719 3319 4779 Telmin,
3353 4727 3446 4771 aut
3480 4718 3697 4772 Tulmiu.

2203 4791 2311 4859 (65)
2339 4791 2663 4845 Heliodorus
2683 4793 2734 4845 in
2752 4789 3095 4858 (Ethiopicis,
3120 4799 3173 4843 et
3197 4791 3560 4849 -.lib.t.xxvnt,
3579 4796 3699 4848 etc.,

2132 4863 2328 4932 bellum
2379 4862 2640 4914 describit
2685 4863 2752 4916 ab
2783 4861 3034 4932 llydaspe
3074 4861 3390 4932 lElllinputtt
3438 4876 3564 4928 rege
3586 4873 3698 4912 cum

2131 4930 2311 4985 Persis
2345 4941 2556 5001 gestuin
2585 4941 2804 5002 propter
2835 4930 3159 5002 isiituragdea
3191 4931 3408 4984 metalla
3433 4972 3446 4995 ,
3474 4934 3542 4984 τά
3571 4945 3698 4999 σμα-

2131 5003 2356 5072 ράγδεια
2393 5002 2649 5073 μέταλλα.

2203 5074 2313 5142 (64)
2345 5074 2556 5126 Latinis
2597 5074 2816 5127 rubrica
2847 5083 2927 5125 est
2963 5073 3256 5142 peculiaris
3295 5073 3542 5142 quaedam
3568 5079 3706 5122 terra

2130 5139 2523 5198 rubricoloris
2563 5145 2628 5197 ad
2679 5139 2993 5212 tingendum
3020 5153 3165 5212 apta.
3213 5139 3459 5212 leitome
3487 5139 3696 5194 Gesner:

2130 5214 2364 5287 habebat
2403 5213 2564 5279 ΛεΘος
2601 5209 2808 5286 ἄνθραξ
2854 5209 3007 5287 οὗτρς
3044 5209 3184 5277 έῖδος
3230 5209 3538 5282 ξ-υφοίνικον
3578 5212 3678 5287 ἔξει

2129 5283 2407 5340 Gesnerus
2465 5296 2646 5339 autem
2707 5283 3082 5354 reponendum
3143 5287 3356 5338 censuit
3399 5283 3692 5354 φοινικςιῦνζ

2131 5354 2211 5408 vel
2241 5355 2597 5424 ἐξυφοξνικος.
2654 5345 2904 5423 Ενὶίοιιιο
2950 5353 3225 5408 Anastasii
3258 5355 3378 5423 legit
3411 5345 3434 5408 ἐ
3477 5345 3698 5419 ’Ἄνθραξ

2129 5425 2494 5494 ὀξυφοίνιστος
2523 5427 2623 5496 μέν
2657 5429 2771 5479 ἐστι
2811 5425 2889 5495 τῷ
2924 5425 3068 5479 εῖδει.
3117 5424 3486 5480 Carbunculus
3519 5431 3592 5476 est
3622 5435 3696 5471 co-

2129 5497 2238 5550 lore
2267 5497 2538 5550 Plimuicco
2578 5497 2880 5551 vehementi.

2199 5568 2310 5637 (63S)
2347 5568 2593 5636 Epitome
2615 5567 2843 5621 Gesneri
2869 5567 3122 5620 οἰνωπόν.

2201 5635 2310 5707 (66)
2347 5635 2517 5690 Etiam
2593 5639 2841 5706 lipitome
2887 5639 3114 5694 tlesneri
3161 5639 3321 5694 habet
3360 5635 3698 5708 χαλκηδόνῳς

2128 5702 2302 5778 quam
2327 5710 2614 5763 lectionem
2638 5702 2786 5761 'hinc
2817 5718 2966 5777 patet
3006 5709 3203 5777 injuria
3237 5729 3264 5764 ti
3315 5702 3555 5763 Grani-ro
3592 5702 3706 5758 sol-—

2130 5781 2328 5833 licilari
2366 5779 2614 5848 apposita
2642 5793 2774 5832 voce
2806 5779 3181 5850 καρχηδόνῑος.
