3994 6422
299 396 406 454 '53?)

1666 387 1918 442 vensno
1956 387 2279 457 ANTIQUA.

3493 391 3606 455 Si“

304 515 406 575 sed
439 515 496 572 in
543 514 946 572 occidentalem
985 512 1105 582 ejus
1159 519 1366 582 partem
1407 510 1610 565 Phison
1659 509 1771 581 (67)
1802 551 1813 572 .
1851 516 1909 564 ut
1940 514 1982 572 Α
2013 520 2124 567 tem
2157 520 2244 570 est
2292 513 2345 570 in
2371 514 2512 588 Lege
2539 515 2654 588 (70)
2680 557 2694 580 .
2729 517 2994 573 visionem
3029 515 3163 574 Mosi
3189 517 3246 573 in
3271 521 3458 573 monte
3485 518 3600 572 νοις

306 609 572 671 diximus.
601 606 804 667 influit.
832 605 1112 660 etidcirco
1155 603 1294 673 lapis
1321 603 1422 658 istc
1458 602 1510 656 in
1543 600 1728 671 Lihyie
1779 615 1904 671 par-

311 713 399 754 tes
445 698 770 762 advehitur;
828 696 961 751 dicit
1019 705 1196 749 autem
1241 692 1530 762 Scriptura
1583 691 1744 764 245
1789 691 1904 763 [21]

312 793 505 848 divina
536 811 547 846 :
594 791 815 844 Flavius
842 788 1107 860 egreditur
1143 803 1206 841 ea:
1234 787 1417 840 eadem
1457 784 1526 838 ad
1570 784 1904 854 irrigandunt

311 887 652 957 paradisum,
675 885 768 954 qui
800 883 919 936 inde
948 881 1206 936 dividitur
1231 882 1283 932 in
1313 888 1545 948 quatuor
1588 879 1764 932 initia.
1793 876 1908 930 No-

315 997 437 1034 men
463 979 557 1034 uni
590 977 784 1031 Phison
817 989 834 1026 :
874 977 972 1030 iste
995 982 1094 1039 est,
1129 975 1220 1044 qui
1255 973 1443 1027 circuit
1475 986 1678 1025 onmem
1709 979 1907 1022 terram

319 1074 502 1129 Evilat
528 1114 541 1138 ,
581 1072 669 1126 ubi
706 1081 783 1127 est
818 1086 1049 1134 aurum,
1081 1078 1129 1122 et
1165 1083 1357 1121 aurum
1404 1074 1557 1120 terrm
1596 1065 1742 1118 illius
1769 1065 1906 1131 opti-

319 1182 497 1230 mum;
530 1165 602 1218 ibi
630 1173 706 1218 est
736 1161 1093 1217 carbunculus
1115 1169 1164 1215 et
1197 1160 1331 1230 lapis
1354 1158 1605 1227 prasinus
1632 1157 1671 1210 '.

813 1268 880 1306 DE
915 1264 1172 1307 SAPPHIRO
1211 1262 1422 1302 LAPIDE.

393 1348 699 1420 Sapphirus
738 1345 878 1416 lapis
909 1343 1114 1398 dicitur
1147 1342 1201 1396 in
1228 1342 1452 1396 modum
1486 1353 1742 1410 purpura:
1768 1336 1904 1407 (68).

317 1459 484 1516 quam
527 1443 752 1496 blattam
782 1438 1028 1494 vocitant
1052 1435 1187 1508 (69),
1219 1435 1378 1506 cujus
1406 1440 1488 1489 est
1514 1432 1760 1504 pressior
1786 1447 1906 1502 spe-

316 1539 434 1592 cies
480 1554 494 1590 :
539 1535 710 1589 multa
759 1547 888 1588 vero
922 1545 1124 1603 genera
1166 1535 1297 1585 sunt
1335 1526 1504 1597 hujus
1538 1524 1779 1595 lapidis;
1824 1531 1908 1580 est

317 1628 466 1683 enim
507 1626 561 1680 in
594 1625 728 1696 ipsis
759 1624 962 1693 regalis
995 1622 1113 1677 auri
1143 1620 1364 1693 punctis
1401 1619 1782 1680 intermicans,
1814 1615 1906 1688 qui

318 1732 431 1772 non
472 1715 608 1771 adeo
643 1725 726 1770 est
773 1713 1059 1779 mirabilis,
1093 1713 1238 1768 sicut
1283 1725 1456 1783 purus
1491 1709 1582 1764 ille
1614 1708 1784 1779 lapis,
1813 1707 1905 1778 qui

321 1825 420 1879 per
459 1808 642 1862 omnia
676 1822 931 1878 purpurze
959 1806 1144 1876 specie
1171 1809 1370 1861 renitet
1399 1843 1413 1865 ,
1442 1809 1496 1858 et
1538 1801 1625 1856 hic
1654 1799 1907 1879 fortassis

2015 604 2092 658 uti
2149 621 2314 677 super
2336 608 2516 678 lapide
2552 609 2813 680 sapphiro
2841 607 3014 665 fuisse
3033 609 3392 666 declaratam.

2520 717 2587 756 DE
2625 717 2816 756 ωιηυε
2857 717 3096 758 ιλεριυε.

2081 787 2262 861 Jaspis
2290 798 2374 847 est
2399 791 2537 862 lapis
2561 794 2712 849 velut
2738 795 2978 864 speciem
3021 792 3295 862 smaragdi
3329 791 3598 854 referens.

2010 878 2104 948 qui
2139 881 2281 950 apud
2325 882 2462 937 ostia
2489 883 2919 941 Thermodontis
2947 883 3190 940 fluminis
3223 883 3522 946 invenitur,
3547 891 3600 937 et

2011 970 2152 1037 apud
2185 970 2517 1028 Amathunta
2551 975 2688 1043 (71),
2721 991 2830 1031 non
2877 991 3000 1048 qua:
3037 977 3091 1032 in
3119 976 3302 1049 Cypro
3333 975 3450 1048 [95]
3473 983 3594 1030 est:

2011 1059 2104 1113 scd
2147 1063 2472 1117 naturaliter
2512 1065 2960 1120 Amathusiorum
3001 1067 3113 1137 (72)
3149 1067 3430 1137 generatio
3459 1065 3600 1119 mul-

2012 1151 2176 1222 tiplex
2204 1153 2451 1210 habetur.
2488 1154 2587 1208 llic
2615 1173 2743 1211 vero
2780 1158 2919 1226 lapis
2948 1159 3089 1213 hanc
3124 1160 3284 1212 habet
3314 1157 3553 1227 speciem
3582 1172 3595 1207 :

2011 1245 2116 1300 sub
2151 1247 2440 1318 smaragdo
2475 1259 2559 1302 cst
2592 1250 3045 1316 intervirescens,
3089 1250 3183 1306 scd
3232 1250 3518 1304 obtunsior
3549 1257 3603 1302 et

2010 1339 2318 1404 obscurior,
2366 1341 2708 1413 interiusque
2741 1358 2944 1412 corpus
2995 1342 3157 1397 habet
3191 1343 3365 1398 viride
3413 1341 3481 1395 ad
3517 1341 3602 1395 in-

2011 1437 2126 1484 star
2167 1431 2426 1504 aeruginis
2461 1435 2605 1488 teris.
2651 1434 2998 1488 Delectantur
3043 1441 3223 1489 autem
3275 1433 3596 1504 phantasiw,

2014 1522 2064 1575 id
2095 1529 2179 1576 est
2201 1524 2605 1591 speculationes
2654 1525 2783 1580 huic
2827 1526 3064 1582 insidere
3089 1563 3104 1590 ,
3135 1527 3279 1580 sicut
3319 1535 3596 1592 asserunt,

2008 1614 2102 1682 qui
2136 1613 2384 1670 fabulosa
2421 1627 2860 1673 commemorant
2888 1619 3024 1690 (73).
3060 1617 3156 1674 Est
3185 1627 3240 1672 et
3281 1619 3386 1672 alia
3423 1618 3601 1688 jaspis

2011 1705 2262 1770 albidior,
2287 1723 2451 1778 quam
2487 1724 2674 1773 mare;
2721 1709 2852 1766 ﬂore
2875 1728 3037 1778 vero,
3067 1711 3418 1782 tincturaque
3452 1727 3602 1782 pres-

2011 1796 2125 1852 sior
2171 1797 2324 1868 (H):
2361 1801 2465 1855 alia
2505 1818 2636 1857 vero
2671 1801 2726 1857 in
2768 1803 3047 1874 speluncis
3079 1805 3186 1859 Ida:
3227 1804 3463 1866 montis.
3503 1805 3599 1875 qui

317 1865 443 1952 esse
465 1865 690 1949 dicitur'
712 1865 1064 1958 inilndia,‘et
1093 1893 1146 1946 in
1168 1889 1448 1960 AitbiOpia
1476 1929 1490 1952 ,
1524 1895 1743 1960 prepter
1770 1877 1906 1941 tem-
1939 1865 1981 1922 Β
2013 1898 2099 1944 est
2129 1865 2189 1943 in.
2210 1865 2442 1963 Phrygia
2468 1933 2481 1958 ,
2515 1865 3020 1962 reperitur'similis
3052 1896 3306 1964 sanguini
3336 1865 3598 1956 cochlea,

319 1991 469 2061 plum
494 1987 672 2043 Liberi
704 1986 876 2058 patris
912 1985 1054 2055 apud
1079 1984 1261 2050 Indos,
1287 1982 1432 2054 quod
1457 1983 1661 2037 habere
1683 1982 1904 2047 dicitur,

318 2083 448 2138 licet
478 2080 796 2137 incredibile
817 2078 1070 2135 videatur
1089 2119 1104 2142 ,
1137 2092 1337 2132 cccuv
1372 2077 1596 2148 gradus,
1624 2091 1816 2131 omnes
1843 2091 1905 2131 ex

319 2171 502 2242 lapide
533 2171 816 2242 sapphiro.
857 2169 912 2224 ln
943 2170 1285 2225 ornamentis
1315 2179 1496 2224 autem
1530 2170 1648 2224 suis
1699 2177 1756 2224 et
1800 2183 1908 2223 mo-

319 2265 523 2318 nilibus
554 2278 709 2334 reges
749 2270 977 2317 utuntur
1003 2277 1068 2316 eo
1099 2262 1180 2316 vel
1204 2263 1458 2324 maxime,
1480 2261 1607 2330 quia
1637 2259 1906 2313 mirabilis

315 2365 425 2419 est,
474 2361 640 2424 atque
699 2351 1106 2423 pulcherrimus
1174 2358 1228 2405 et
1277 2351 1556 2422 gratiosus
1611 2367 1624 2404 :
1671 2350 1814 2404 unde
1853 2358 1907 2402 et

315 2445 573 2500 nonnulli
633 2449 964 2498 vocaverunt
1014 2456 1139 2498 eum
1191 2441 1410 2498 mouilis
1463 2440 1576 2513 [Ὦ]
1631 2449 1902 2495 ornatum.

285 2537 481 2594 -Pellit
509 2537 674 2592 etiam
714 2535 954 2600 dolores,
980 2550 1104 2588 nam
1156 2535 1200 2589 si
1227 2541 1437 2590 teratur
1463 2549 1587 2590 cum
1617 2534 1760 2588 lacte
1791 2548 1908 2588 me-

312 2629 440 2684 dela
475 2628 744 2685 scabiosis
804 2635 858 2682 et
909 2624 1175 2681 ulcerosis
1240 2624 1473 2679 ellicitur
1511 2623 1702 2678 linitus
1742 2638 1908 2694 super

313 2725 459 2788 loca,
483 2738 606 2793 qua:
627 2721 832 2778 iuerint
856 2719 1178 2777 vulneribus
1203 2727 1475 2790 aspcrata.
1505 2715 1784 2790 Scriptum
1811 2733 1908 2772 au-

389 2882 406 2916 ¹
442 2880 582 2938 Gen.
609 2896 694 2944 ιιι,
731 2878 1067 2949 lO-lSjuxt.
1094 2875 1260 2932 LXX.

394 3036 508 3106 (6'7)
545 3035 678 3090 Mira
713 3035 911 3091 iterum
941 3040 1344 3090 commentatur
1363 3033 1429 3088 de
1459 3031 1665 3106 Phison
1685 3033 1908 3106 ﬂumine

315 3103 696 3179 Epiphanius,
727 3117 788 3160 ut
839 3123 901 3161 ea
952 3106 1226 3179 conciliet.
1272 3103 1547 3179 quomodo
1597 3114 1710 3179 tum
1761 3105 1906 3179 apud

315 3174 706 3250 Cirthaginem
749 3177 1122 3232 carbunculus
1155 3175 1479 3246 reperiatur,
1522 3180 1636 3228 tum
1675 3174 1727 3228 in
1775 3174 1904 3228 Phi-

317 3265 444 3306 son.

394 3318 508 3388 (68)
541 3318 744 3388 Supple
775 3317 966 3380 lucere,
993 3316 1374 3388 splendescere.
1399 3313 1456 3368 In
1499 3312 1907 3388 Epitom_e_Ges-

327 3383 498 3444 neriz'
530 3383 694 3450 Alfio;
744 3383 1044 3456 σάπφειροξ
1100 3383 1491 3457 πρρφυρίξων,
1543 3383 1619 3447 ὡς
1675 3384 1909 3454 βλάττης

331 3461 608 3531 πορψύρας
632 3459 730 3528 τῆς
749 3453 1005 3531 μελάίνης
1025 3457 1086 3510 τὸ
1113 3453 1268 3531 εἷδφξ.
1288 3453 1454 3524 Lapis
1477 3453 1754 3531 sapphirus
1785 3453 1911 3524 pur-

326 3527 577 3597 purascit,
615 3540 669 3582 ut
690 3527 886 3595 species
917 3530 1120 3591 blattw,
1154 3527 1206 3580 id
1239 3537 1337 3589 est,
1373 3541 1623 3595 purpura:
1651 3527 1832 3596 nigrae.

395 3601 504 3671 (69)
545 3601 847 3669 Purpuram
877 3615 1068 3671 nempe
1113 3600 1372 3668 optimam
1401 3597 1584 3671 _:_talis
1606 3598 1909 3671 enitn‘pur-

321 3665 457 3739 pura
488 3665 685 3724 'blatta
735 3680 818 3725 est
853 3669 980 3723 olim
1006 3665 1295 3738 appellata
1327 3665 1566 3739 ablatta
1607 3668 1908 3722 vermiculo

318 3738 402 3794 Sic
427 3759 460 3793 a
494 3740 744 3803 nocendo,
781 3741 888 3794 ἀπὸ
918 3741 1011 3792 τοῦ
1045 3739 1322 3808 βλάπτειν,
1355 3738 1539 3810 dicto.
1563 3739 1690 3807 quia
1717 3754 1908 3810 appre-

318 3813 531 3866 hensus
569 3828 788 3865 manum
836 3807 1073 3863 hominis
1121 3811 1300 3877 tingit.
1354 3808 1616 3877 Egnatius
1671 3810 1726 3862 in
1754 3807 1906 3862 illud

318 3881 622 3951 Lantpridii
669 3883 721 3936 in
783 3881 900 3934 Vita
956 3881 1288 3950 lleliogabali
1322 3895 1352 3951 :7
1393 3880 1691 3933 Pararerat
1745 3880 1908 3948 igitur

316 3950 475 4021 funes
525 3952 693 4006 blatta
733 3962 781 4005 et
832 3952 998 4005 serico
1049 3963 1094 4004 et
1153 3967 1305 4021 cocco
1340 3950 1602 4013 intortos,
1634 3951 1861 4021 adnotat
1889 3990 1903 4012 ,

321 4024 549 4075 blattam
599 4037 1067 4092 purpurantesse
1114 4038 1179 4076 ex
1233 4020 1419 4074 Indico
1477 4020 1768 4089 conchylio
1827 4021 1904 4073 fa-

320 4103 504 4158 ctam;
537 4095 628 4148 sed
664 4091 841 4163 ipsum
882 4091 1107 4163 Tyrium
1141 4091 1773 4163 ostrumnontenridept
1805 4092 1906 4146 ob-

323 4164 563 4233 tinuisse
590 4159 826 4218 dubitari
863 4159 1050 4233 tteqttit
1079 4171 1312 4216 canente
1343 4159 1572 4214 Sidonio
1606 4162 1659 4213 iu
1702 4159 1902 4232 Paneg.

319 4231 596 4300 Majorani
627 4251 680 4288 ν.
719 4236 788 4287 «Η
825 4251 838 4285 :

397 4299 596 4359 Pontus
629 4315 891 4366 castorea,
934 4303 1156 4356 blattam
1199 4302 1406 4374 Tyrus,
1445 4317 1554 4358 trra
1594 4299 1902 4368 Corinthus,

315 4381 429 4427 εις.

400 4445 513 4511 (70',
549 4442 750 4515 Nempe
781 4443 951 4498 Exodi
985 4460 1106 4513 cap.
1165 4459 1312 4507 xstv,
1366 4443 1450 4509 lO,
1489 4442 1905 4515 Epitome_Ges-

318 4517 438 4568 neri
488 4516 634 4584 ipsas
677 4513 840 4569 etiam
877 4515 1012 4584 legis
1050 4517 1266 4568 tabulas
1304 4531 1367 4569 ex
1429 4513 1690 4585 sapphiro
1729 4513 1902 4571 fuisse

2010 1982 2103 2037 sed
2139 1983 2373 2038 lucidior
2403 1987 2580 2057 magis
2609 2027 2620 2049 ,
2656 1996 2709 2039 et
2740 1987 2905 2040 veluti
2942 1987 3175 2042 similior
3206 1988 3336 2041 vino
3366 1995 3421 2041 et
3461 2003 3601 2041 amc-

2009 2074 2191 2146 thysto
2221 2076 2619 2143 rubicundior;
2667 2096 2773 2133 non
2807 2081 2951 2134 enim
2999 2091 3128 2134 sunt
3157 2080 3318 2134 unius
3353 2079 3594 2144 coloris,

2008 2167 2368 2238 ejusdemque
2406 2171 2699 2239 potentiae,
2748 2172 2843 2226 sed
2895 2171 2998 2224 alia
3031 2172 3249 2242 quidem
3290 2176 3470 2227 rarior
3515 2179 3601 2228 est

2009 2268 2063 2312 ct
2119 2262 2375 2328 albidior,
2407 2278 2571 2332 quam
2621 2280 2715 2318 aer
2754 2264 2885 2318 fumi
2942 2265 3111 2320 nimis
3157 2264 3446 2334 effulgens,
3497 2280 3602 2320 nec

2011 2352 2188 2420 impar
2221 2353 2347 2407 item
2382 2357 2631 2409 caerulea:
2655 2355 2979 2410 vibrationis
3010 2354 3333 2427 (75),veluti
3367 2355 3414 2408 si
3457 2362 3598 2409 tem-

2010 2459 2140 2514 pore
2173 2445 2370 2502 hiemis
2400 2447 2467 2502 de
2505 2455 2650 2503 terra
2692 2463 2861 2518 vapor
2919 2456 3013 2502 aut
3045 2447 3245 2503 nebula
3270 2445 3385 2520 [Ἡ]
3410 2453 3602 2504 austro

2009 2532 2297 2589 desinente
2331 2548 2674 2608 consurgat;
2706 2538 2845 2600 alia,
2880 2554 3002 2608 qua:
3046 2537 3241 2609 glaciei
3287 2536 3484 2593 similis
3515 2544 3604 2592 est

2009 2623 2078 2678 ab
2112 2624 2218 2690 his,
2247 2627 2338 2697 qui
2373 2627 2624 2684 fabulosa
2655 2630 2889 2700 lingunt,
2926 2629 3232 2701 phantasiis
3254 2629 3458 2684 dicitur
3479 2643 3602 2684 esse

2009 2715 2332 2774 remedium.
2367 2719 2662 2791 Bepertum
2697 2729 2782 2777 est
2824 2729 3006 2776 autem
3034 2721 3103 2776 ab
3127 2720 3343 2777 l-liberis
3379 2719 3493 2793 (76)
3549 2731 3603 2775 ct

2008 3028 2138 3098 quid
2175 3028 2320 3082 aliud
2363 3038 2670 3101 oscitanter
2699 3039 2783 3086 est
2832 3039 3284 3101 praeterunssum.
3319 3029 3599 3087 Fortassis

2010 3101 2310 3172 scripserat
2355 3099 2414 3152 S.
2447 3100 2786 3172 Epiphanius
2832 3099 3154 3172 smaragdos
3189 3102 3423 3156 inveniri
3455 3103 3600 3172 apud

2008 3169 2366 3242 Amathunta,
2399 3169 2504 3223 non
2547 3169 2665 3241 qua:
2696 3181 2844 3225 trans
2877 3169 3167 3225 Iordanem
3215 3180 3324 3235 est,
3359 3172 3450 3225 sed
3482 3169 3602 3242 quin

1930 3235 1972 3291 C
2007 3249 2084 3292 est
2127 3239 2184 3293 in
2231 3235 2405 3310 Cypro
2437 3257 2456 3294 :
2489 3235 2757 3296 Amathus
2793 3242 2938 3295 enim
2983 3243 3244 3310 oppidum
3295 3235 3594 3296 maximum

2013 3312 2261 3364 ontnium
2303 3323 2357 3366 et
2386 3312 2814 3366 munitissimum
2840 3313 2982 3365 inter
3016 3328 3102 3373 ea,
3131 3326 3253 3380 qtae
3290 3319 3446 3366 trans
3470 3311 3598 3367 Jor-

2011 3379 2205 3452 danem
2228 3390 2404 3452 erant,
2440 3397 2468 3436 a
2501 3381 2742 3451 Josepho
2773 3383 2951 3452 Antiq.
2992 3383 3085 3437 lib.
3124 3379 3241 3445 xttt,
3277 3398 3398 3452 cap.
3436 3384 3522 3443 15,
3545 3392 3597 3437 et

2015 3449 2092 3504 De
2117 3452 2250 3506 bello
2271 3451 2404 3506 Iud.
2439 3454 2531 3506 lih.
2565 3469 2614 3514 ι,
2638 3449 2762 3522 cap.
2802 3454 2856 3512 8.
2892 3449 3250 3516 memoratur,
3282 3449 3495 3508 necnon
3529 3455 3600 3508 ah

2012 3529 2238 3576 auctore
2271 3522 2347 3577 De
2372 3523 2500 3576 locis
2537 3523 2594 3578 S.
2629 3521 2955 3592 Scriptum,
2982 3533 3090 3578 etc.
3142 3523 3217 3578 De
3261 3523 3601 3581 Amathunta

2012 3601 2191 3666 autem
2221 3595 2353 3666 urbe
2385 3596 2437 3648 itt
2468 3595 2650 3666 insula
2691 3596 2870 3666 Cypro
2897 3596 3249 3649 celeberrima
3276 3632 3291 3657 ,
3325 3595 3468 3649 ttude
3497 3598 3598 3650 toti

2009 3663 2405 3736 etiamiinsnlaa
2453 3665 2634 3736 Cypro
2663 3663 2999 3720 Amathusiae
3046 3681 3243 3719 nomen
3286 3674 3371 3719 est
3409 3667 3599 3721 datum

2015 3742 2148 3788 teste
2180 3735 2374 3796 Plinio,
2400 3735 2534 3790 nihil
2566 3738 2790 3791 interest
2819 3738 3024 3797 dicere,
3057 3745 3110 3790 et
3142 3737 3276 3790 satis
3308 3737 3380 3790 sit
3409 3753 3599 3791 recor-

2010 3803 2129 3857 dari
2153 3845 2165 3867 ,
2203 3809 2408 3862 metalli
2447 3807 2731 3875 fecundam
2757 3807 2865 3860 dici
2915 3807 2982 3860 ab
3015 3806 3210 3861 Ovidio
3246 3805 3467 3860 Metam.
3501 3809 3598 3863 lib.

2015 3890 2066 3936 tt,
2099 3891 2162 3947 [Α
2181 3877 2307 3939 2'20,
2337 3887 2390 3932 et
2418 3895 2468 3933 ν.
2492 3879 2616 3940 530,
2649 3879 2850 3931 metalli
2875 3877 3170 3947 gravidam.

2085 3945 2195 4014 (72)
2234 3948 2370 4004 Cod.
2434 3967 2447 4002 :
2516 3949 2604 4003 sed
2666 3945 2916 4002 naturain
2958 3950 3128 4002 littam
3177 3947 3596 4002 Mathusiorum.

2011 4013 2243 4098 Restitui
2306 4029 2467 4088 prout
2547 4022 2616 4071 ab
2693 4021 2992 4090 interprete
3069 4019 3243 4074 fuisse
3327 4025 3597 4090 scriptum

2010 4100 2220 4140 CCIISIII.

2081 4155 2194 4226 (75)
2227 4157 2590 4230 Hieronymus
2635 4161 2760 4213 hinc
2807 4169 2954 4230 certe
3004 4167 3285 4214 mutuatus
3325 4169 3439 4230 est.
3475 4176 3597 4230 qua:

2010 4229 2171 4283 habet
2212 4231 2305 4284 lib.
2337 4246 2403 4283 xv
2438 4229 2731 4284 Comment.
2795 4234 2846 4283 in
2888 4229 3052 4283 Isaia:
3079 4246 3201 4297 cap.
3251 4245 3340 4283 LIV
3371 4229 3594 4297 διαθρέ-

2007 4301 2133 4371 dunt
2188 4302 2356 4354 multa
2407 4315 2530 4354 sunt
2552 4317 2777 4371 genera:
2818 4301 2955 4353 alius
3001 4310 3078 4354 est
3133 4301 3271 4354 enim
3316 4302 3592 4368 smaragdi

2008 4369 2202 4424 habens
2230 4369 2646 4426 similitudinem
2688 4373 2774 4440 qui
2807 4372 3065 4440 reperitur
3086 4374 3142 4424 in
3171 4371 3402 4436 fontibus
3430 4371 3593 4425 Ther-

2009 4441 2272 4496 modontis
2349 4443 2623 4511 ﬂuminis,
2673 4453 2721 4496 et
2779 4452 2997 4496 vocatur
3049 4442 3440 4512 grammatias.
3485 4460 3587 4511 quo

2009 4515 2188 4567 omnia
2216 4513 2593 4581 phantasmata
2623 4514 2801 4583 fugari
2832 4524 3146 4575 autumant;
3190 4513 3328 4566 alius
3365 4515 3589 4568 viridior

320 4580 610 4639 insinuans
635 4602 817 4639 veram
846 4580 1128 4654 l‘lpi'phanii
1157 4580 1510 4648 sententiam,
1531 4580 1588 4638 ut
1614 4586 1740 4638 hinc
1767 4599 1900 4640 con-
1936 4580 1980 4635 Β
2011 4585 2167 4648 mari,
2205 4580 2267 4636 et.
2288 4587 2480 4637 tinctus
2525 4580 2700 4655 quasi
2733 4583 2956 4654 ﬂoribus
2991 4600 3008 4638 :
3041 4584 3178 4638 hunc
3224 4585 3281 4636 in
3339 4584 3586 4655 Phrygia:

320 4664 456 4718 stat,
484 4665 805 4726 corruptam
824 4657 1079 4726 exhibet,
1109 4663 1161 4708 et
1194 4656 1268 4709 illi
1300 4657 1498 4723 injuria
1528 4661 1896 4710 cantmentum

323 4727 550 4797 intexit,
587 4725 732 4797 quod
769 4725 1007 4781 llelmeis
1045 4725 1292 4796 Lyranus
1340 4727 1618 4791 attribuit,
1649 4735 1702 4780 et
1748 4727 1899 4779 inve-

320 4796 475 4868 nitur
511 4796 726 4868 queque
754 4797 895 4868 apud
922 4798 1145 4850 Suidam
1179 4797 1348 4868 verbo?
1368 4797 1900 4868 Μωῦσῆςηᾼιιιιιθιι-

319 4867 402 4921 sis
435 4866 707 4937 redarguit
747 4867 997 4921 ilenrteos
1015 4869 1174 4920 etiam
1209 4867 1350 4938 quod
1383 4866 1896 4938 dixerintMoysem,

319 4947 611 5009 postquam
644 4938 713 4991 ob
741 4946 1020 5005 peccatum
1056 4939 1236 5006 populi
1263 4937 1478 4991 tabulas
1512 4937 1751 5009 fregerit,
1782 4939 1898 4990 col-

321 5007 524 5070 legisse
549 5009 846 5077 fragmenta
869 5049 881 5066 .
924 5016 975 5060 et
1010 5009 1148 5060 hinc-
1167 5023 1225 5062 se
1258 5009 1483 5063 ditasse.
1509 5007 1778 5062 Caeterum
1810 5009 1895 5062 hi-

317 5079 572 5137 stat-iam,
612 5088 773 5148 atque
804 5078 938 5131 adeo
983 5077 1218 5148 fabulam
1259 5081 1399 5132 hanc
1435 5095 1541 5132 non
1579 5079 1771 5148 dubito
1810 5095 1900 5131 0r-

319 5156 435 5220 tuut
465 5147 697 5202 duxisse
717 5165 779 5202 ex
812 5165 876 5201 ro
933 5151 1074 5217 quod
1106 5147 1246 5220 Deus
1270 5152 1497 5203 daturus
1528 5149 1698 5218 legent
1726 5147 1896 5220 Moysi

318 5218 449 5269 talis
483 5230 809 5286 processerit
851 5218 1308 5287 conspiciendus,
1343 5230 1398 5273 ut
1434 5221 1657 5274 haberet
1690 5219 1782 5273 sub
1805 5218 1898 5287 pc-

315 5287 489 5360 dibus
541 5291 695 5358 quasi
755 5306 884 5357 opus
935 5289 1128 5360 lapidis
1184 5289 1518 5357 sapphirini,
1584 5301 1644 5342 ttt
1702 5291 1899 5360 legitur

321 5355 492 5410 Exodi
553 5355 603 5411 c.
655 5355 804 5421 xstv,
868 5360 952 5430 19.
984 5355 1288 5430 Enimvero
1315 5361 1634 5430 sapphirum
1678 5355 1895 5414 tabula-

318 5440 441 5500 rum
466 5445 527 5481 ex
561 5432 878 5500 sapphirum
904 5429 994 5484 Dei
1022 5429 1220 5483 throno
1242 5429 1486 5484 excisum
1513 5431 1681 5485 fuisse
1711 5440 1896 5500 aperte

318 5497 961 5570 dictitaruntiliahbiui,
1025 5511 1077 5553 et
1135 5515 1324 5554 earum
1377 5501 1591 5570 pondus
1647 5497 1896 5556 fecerunt

315 5568 676 5641 quadraginta
708 5580 847 5625 sata.
886 5569 1016 5626 Vide
1049 5577 1206 5625 notas
1235 5568 1470 5641 majores
1503 5572 1684 5626 Drusii
1716 5580 1846 5626 tom.
1874 5570 1895 5625 Ι

316 5637 500 5693 Critic.
530 5637 698 5702 sueta,
727 5651 832 5695 etc.

388 5709 497 5781 (7|)
537 5711 717 5766 Locus
779 5712 914 5782 mire
967 5720 1279 5782 corruptus.
1349 5711 1587 5781 Utraque
1645 5711 1895 5782 Epitome

317 5779 486 5854 habet
520 5783 797 5854 jaspidem
860 5781 1091 5836 inveniri
1135 5779 1277 5852 apud
1325 5779 1658 5836 Amathunta
1692 5779 1890 5854 Cypri.

317 5852 498 5924 itaque
532 5864 627 5906 aut
659 5853 719 5904 τὸ
755 5869 857 5905 non
903 5853 1201 5907 oseitauter
1245 5863 1324 5911 est
1368 5853 1632 5915 additum,
1666 5852 1762 5907 aut
1789 5852 1888 5908 ali-

2013 4665 2184 4707 monte
2215 4655 2336 4713 Ida.
2375 4665 2423 4709 et
2461 4657 2512 4709 in
2547 4657 2981 4725 profundissintis
3009 4655 3264 4723 specubus
3293 4658 3408 4724 ejus
3439 4657 3590 4709 nasci

2008 4726 2283 4794 referunt;
2325 4728 2492 4779 alium
2522 4745 2640 4781 vero
2698 4727 2862 4796 juxta
2901 4726 3086 4781 [betas
3126 4726 3506 4796 llyrranosquc
3543 4735 3593 4779 ct

2007 4813 2152 4867 mare
2199 4795 2453 4863 Caspium
2505 4795 2752 4866 reperiri,
2801 4808 2848 4853 et
2905 4797 3171 4867 praecipue
3206 4797 3369 4863 juxta
3417 4795 3593 4850 ἰαί-ατη

2009 4866 2244 4920 Ναιιεὶη.
2279 4869 2374 4922 Est
2399 4877 2448 4920 et
2472 4869 2610 4922 alius
2636 4869 2832 4937 jsispis,
2877 4868 2981 4920 uiri
3020 4876 3068 4919 et
3113 4883 3314 4934 spuma:
3356 4869 3594 4918 marino-

2005 4953 2122 4991 rum
2143 4939 2400 5007 ﬂuctuum
2431 4940 2644 5001 similis,
2671 4949 2719 4992 et
2745 4939 3021 4991 clementer
3045 4937 3384 5007 quasintisto
3406 4953 3593 4990 cruore

2003 5006 2354 5078 subrutilum.
2387 5007 2662 5063 llactenus
2696 5008 2752 5062 S.
2791 5007 3173 5078 l'lteronymus.
3206 5006 3589 5061 Monetautcm

2009 5076 2312 5132 Vallarsius
2346 5080 2398 5132 iu
2430 5076 3015 5149 Ambrosianocodice
3056 5093 3164 5130 non
3208 5079 3586 5149 grammatias.

2004 5149 2099 5202 sed
2152 5149 2358 5204 (ἑκυρῆς
2407 5149 2602 5204 litteris
2635 5148 2910 5204 invenisse
2937 5148 3220 5218 scriptum
3262 5149 3585 5202 ΑΜΛΦΟΥ-

1976 5218 2180 5283 'CIUC,
2231 5220 2374 5275 unde
2422 5228 2568 5274 recte
2622 5220 2848 5285 coniicit
2892 5219 3147 5274 fortassis
3173 5235 3360 5274 verum
3390 5219 3588 5289 lapidis

2004 5304 2203 5362 nomen
2233 5292 2436 5362 ﬁfuissc
2499 5289 2880 5362 ’Apalio'io'toc,
2933 5291 3204 5361 siquidem
3253 5291 3403 5362 illum
3457 5291 3588 5359 περὶ

2015 5361 2380 5434 ξΑμαΘοῦξιτα,
2415 5377 2536 5431 qua:
2570 5360 2632 5416 in
2665 5362 2844 5434 Cypro
2893 5360 3013 5427 est,
3055 5361 3288 5415 inveniri
3337 5360 3589 5415 docuerit

2004 5429 2364 5502 Epiphanius.

2074 5503 2188 5575 (74)
2220 5503 2464 5575 l'ipitome
2492 5503 2740 5564 Gesneri,
2779 5502 3071 5575 βαθυτέρα.

2075 5573 2188 5646 (75)
2222 5573 2369 5646 Fort.
2406 5579 2638 5628 merulea
2671 5575 2982 5638 ribratione.

2075 5641 2187 5716 (76)
2227 5644 2432 5699 Horum
2478 5648 2804 5716 populorum
2848 5647 3124 5715 regionem
3156 5644 3388 5716 lberiam
3418 5641 3585 5698 anm

2002 5714 2326 5770 Eustathius
2381 5714 2565 5779 vocat,
2599 5725 2653 5771 et
2699 5714 2998 5769 Asiaticam
3046 5717 3211 5770 etiam
3260 5715 3473 5780 dicunt,
3531 5726 3586 5772 ut

2000 5786 2374 5856 distinguatur
2411 5787 2480 5841 ah
2517 5788 2689 5840 Iberia
2727 5785 3009 5854 Europzezt,
3057 5803 3252 5855 nempe
3298 5786 3584 5856 Hispania.

2003 5855 2158 5911 Nunc.
2182 5855 2293 5914 sub
2320 5857 2753 5926 Gem-gianorum
2786 5857 3006 5909 ttoiniue
3031 5873 3124 5912 eos
3155 5855 3456 5913 noscimus.

3065 6033 3114 6044 που
