3994 6422
255 333 369 394 337

1640 342 1892 400 VERSIO
1928 342 2256 414 ANTIQUA.

3471 350 3591 408 538‘

276 453 359 515 sis
407 454 665 512 arbitror
709 458 856 513 hunc
884 473 1008 515 esse
1040 458 1314 531 ligyrium,
1353 460 1612 531 quoniam
1657 459 1878 532 quidem
1920 464 1964 521 Α
1995 462 2097 518 bus
2135 466 2412 535 pretiosis,
2442 475 2496 521 et
2534 456 2695 538 257
2728 465 2846 538 [‘29]
2880 466 3290 528 nonnullorum,
3315 465 3408 536 qui
3439 470 3573 521 ιιιυί-

284 545 489 604 divinte
524 545 838 618 Scriptura:
862 549 1126 603 nonnulla
1164 551 1387 605 nomina
1426 551 1586 607 aliter
1624 552 1884 607 immuta-

288 648 446 706 runt,
495 640 647 697 sicut
680 642 1030 714 smaragdum
1073 642 1268 699 dixere
1301 645 1609 714 prasinum,
1651 645 1889 716 aliisque

290 732 617 788 nominibus
674 732 782 786 alia
824 740 1181 788 vocaverunt.
1235 732 1300 787 Et
1338 734 1587 805 liggurus
1636 734 1883 806 quidem,

288 827 386 885 vel
413 825 583 883 etiam
605 826 872 897 laggurus
902 824 1043 899 (85),
1081 827 1128 882 si
1157 827 1276 898 ipse
1299 829 1373 883 sit
1403 828 1727 901 liggyrium,
1756 845 1886 885 rur-

290 935 397 975 sus
450 935 518 975 ex
566 933 676 989 quo
722 920 794 974 sit
843 919 986 985 loco,
1038 921 1285 975 nescitur
1333 936 1363 976 a
1400 923 1579 978 nobis.
1619 922 1886 979 Arbitrati

293 1020 429 1069 sunt
460 1019 639 1067 autem
675 1026 801 1067 eum
840 1012 923 1067 de!
947 1013 1238 1082 superiore
1267 1028 1394 1069 esse
1433 1013 1733 1083 Thebaida,
1759 1031 1886 1087 pro-

291 1113 422 1176 pter
449 1102 597 1175 quod
623 1103 894 1158 allirmant
933 1104 1158 1174 aliquos
1200 1105 1431 1174 lapides,
1458 1122 1523 1161 ex
1558 1106 1740 1178 lapide
1781 1107 1886 1162 hoc

293 1197 355 1251 in
402 1195 519 1250 aede
564 1194 799 1264 Asclepii
832 1192 973 1265 (86),
1001 1193 1120 1267 [‘28]
1168 1211 1292 1265 quae
1330 1197 1413 1251 sic
1463 1198 1790 1268 appellatur,
1827 1199 1883 1253 in

297 1287 536 1358 Memphi
588 1285 843 1359 Egyptia
880 1289 1122 1358 reperiri
1156 1308 1170 1344 :
1204 1290 1261 1344 in
1301 1290 1503 1361 quibus
1541 1299 1670 1346 sunt
1717 1291 1882 1346 veluti

290 1390 441 1435 nota!
493 1380 912 1436 intermicantes
961 1395 1069 1436 non
1102 1382 1247 1438 sicut
1295 1384 1349 1437 in
1394 1383 1579 1453 ephite
1609 1382 1746 1455 (87),
1787 1384 1883 1439 sed

291 1472 561 1528 habentes
614 1478 817 1540 puncta
875 1471 1031 1541 juxta
1083 1474 1327 1529 eerinum
1374 1474 1486 1545 (88)
1515 1475 1746 1546 lapidem
1803 1474 1883 1530 sic

287 1573 575 1619 vocatum.
609 1562 818 1618 Puncta
866 1570 996 1618 sunt
1026 1564 1319 1620 viridantia
1370 1566 1467 1629 ita,
1501 1576 1559 1621 ιιι
1605 1567 1879 1637 intelliga-

289 1672 423 1712 mus
449 1657 507 1711 in
536 1655 816 1727 profundo
852 1657 1049 1728 lapidis
1082 1657 1250 1728 hujus
1273 1673 1465 1712 venam
1499 1673 1622 1714 esse
1646 1658 1881 1714 lectissi-

289 1762 462 1803 mam.
520 1745 625 1802 Sed
672 1756 727 1803 et
784 1747 963 1803 adhuc
1021 1746 1258 1803 lucidius
1306 1758 1361 1803 et
1412 1750 1717 1819 speciosius
1767 1749 1881 1804 haec

1992 563 2106 611 tum
2157 568 2315 613 erant
2348 559 2461 613 noti
2498 558 2906 626 manifestique,
2945 572 3405 621 commemorans,
3455 572 3579 612 car—

1989 647 2217 703 bunculi
2261 649 2410 712 dico,
2461 657 2515 704 et
2564 648 2860 717 smaragdi,
2904 647 3219 718 amethysti,
3274 658 3329 701 ct
3373 648 3577 714 achati,

1990 740 2205 812 berylli,
2241 749 2298 796 et
2326 741 2672 812 chrysolithi,
2708 741 2764 794 in
2797 740 2993 794 horum
3025 738 3464 795 dinumeratioue
3493 741 3577 793 la-

1991 831 2180 902 pidum
2208 847 2320 888 non
2352 832 2665 886 meminerit
2694 830 2999 903 hyacinthi,
3033 845 3161 884 cum
3193 829 3264 886 sit
3292 830 3429 900 lapis
3474 831 3593 886 iste-

1988 923 2358 988 clarissimus,
2389 923 2641 995 adeoque
2661 923 2966 994 pretiosus,
2999 930 3165 992 atque
3198 921 3486 984 mirabilis,
3518 931 3579 976 ut

1988 1015 2519 1079 animadvertamus,
2558 1031 2628 1071 ne
2660 1015 2913 1086 ligyrium
2948 1013 3181 1069 forsitan
3217 1011 3364 1067 hunc
3390 1011 3577 1067 divina

1993 1102 2282 1175 Scriptura
2315 1105 2665 1176 cognominet
2694 1105 2832 1175 (90).
2870 1103 3209 1177 Hyacinthus
3242 1111 3424 1158 autem
3461 1118 3579 1173 spe-

1986 1196 2103 1252 cies
2149 1196 2314 1253 habet
2360 1196 2628 1263 diversas,
2679 1205 2888 1266 quanto
2939 1198 3085 1249 enim
3130 1194 3256 1267 quis
3300 1195 3578 1249 invenitur

1990 1289 2178 1343 colore
2216 1288 2564 1359 profundior,
2599 1296 2753 1342 tanto
2782 1296 2867 1342 est
2899 1288 3024 1343 aliis
3060 1288 3408 1343 necessarior
3436 1287 3572 1358 (9i).

1986 1379 2303 1451 Ilyacintho
2347 1395 2499 1442 vero,
2532 1382 2615 1434 vel
2653 1379 2889 1433 eallaino
2936 1394 3248 1449 purpureus
3288 1379 3440 1433 color
3487 1386 3575 1433 est

1988 1473 2274 1543 aliquanto
2302 1471 2766 1542 consimilis-(9?).
2796 1470 2951 1526 Unde
2977 1471 3160 1525 divina
3186 1486 3405 1541 quoque
3423 1469 3573 1524 Scri-

1988 1572 2150 1634 ptura
2185 1580 2251 1643 ex
2310 1565 2609 1635 hyacintho
2649 1579 2997 1633 purpuraque
3041 1565 3376 1635 pontilicalia
3406 1564 3571 1619 vesti-

1988 1666 2174 1712 menta
2220 1658 2356 1713 dicit
2408 1658 2618 1712 ornari.
2680 1656 2746 1710 Et
2797 1659 3107 1726 praecipuus
3159 1656 3382 1726 quidem
3435 1656 3574 1725 lapis

1988 1747 2321 1818 hyacinthus
2371 1747 2684 1803 thalassites
2733 1747 3059 1816 appellatur.
3116 1763 3183 1801 eo
3229 1746 3374 1816 quod
3424 1755 3575 1801 tral—

291 1848 449 1908 petra
508 1838 725 1893 videtur
797 1839 1104 1910 sumpsisse
1158 1818 1486 1911 cognomen.
1541 1841 1883 1911 Explanatur
1916 1818 1957 1876 Β
1986 1836 2142 1906 quilli
2178 1837 2350 1891 maris
2378 1836 2795 1891 similitudinem
2833 1835 3052 1891 referat.
3088 1835 3184 1891 Est
3213 1843 3266 1890 et
3290 1836 3452 1900 alius,
3480 1836 3574 1906 qui

202 1972 205 1973 ν
290 1929 440 1985 cnim
493 1926 740 2001 liggurus
792 1945 822 1983 a
872 1931 1109 2001 quodam
1156 1931 1408 1996 animali,
1458 1931 1604 2001 quod
1658 1933 1879 2004 liggium

288 2019 635 2083 nominatur,
672 2019 882 2075 habens
914 2020 1154 2075 colorem
1200 2021 1336 2091 pulli
1368 2021 1553 2076 bubali
1591 2026 1675 2078 vel
1708 2023 1879 2078 bucu-

289 2112 359 2168 las
402 2110 560 2176 rufae,
588 2113 750 2181 cujus
784 2111 958 2166 cauda
986 2112 1205 2167 modica
1242 2120 1345 2179 est,
1397 2122 1452 2170 et
1485 2114 1647 2170 habet
1675 2124 1879 2186 puncta

289 2204 546 2275 quaedam
583 2204 903 2270 viridantia,
956 2213 1180 2275 prepter
1212 2205 1359 2276 quod
1402 2216 1458 2261 et
1493 2208 1632 2278 lapis
1669 2209 1879 2279 ligurus

288 2297 438 2352 idem
474 2296 623 2368 liggii
658 2295 835 2350 cauda
863 2297 1139 2351 vocitatur
1167 2296 1304 2365 (89).
1339 2298 1451 2368 Ego
1491 2308 1673 2354 autem
1719 2302 1881 2357 vehe-

290 2397 513 2445 menter
561 2389 823 2452 admiror,
871 2403 972 2443 cur
1006 2387 1294 2458 Scriptura
1343 2388 1526 2443 divina
1571 2406 1774 2446 curans
1813 2394 1879 2448 ad

287 2489 572 2548 ornatum,
602 2480 971 2551 decoremque
1001 2480 1434 2550 pulchritudinis
1465 2483 1727 2553 regalium
1759 2498 1878 2538 ser-

286 2583 479 2631 torum
514 2582 569 2628 et
597 2573 1054 2629 vestimentorum
1098 2572 1493 2643 pontiﬁcalium
1550 2574 1624 2629 uti
1689 2575 1881 2647 lapidi-

284 2776 458 2848 etiam
492 2772 652 2848 Plinii
693 2773 789 2827 lil).
844 2789 1053 2848 xxxvii,
1106 2788 1229 2848 cap.
1263 2773 1318 2828 2.
1356 2773 1555 2848 i’qrum
1607 2776 1879 2848 vulgatius

283 2857 340 2902 et
373 2845 717 2916 frequentius
752 2858 954 2898 nomen
1004 2839 1319 2967 lyncurium
1361 2839 1496 2910 ftﬁt,
1540 2854 1639 2901 aut
1684 2839 1880 2920 lyngu-

285 2918 459 2967 rium.
487 2923 537 2967 et
593 2914 809 2967 cuidem
846 2915 919 2967 ita
953 2931 1019 2967 vu
1046 2916 1245 2967 satius.
1290 2923 1350 2967 ut
1395 2916 1623 2967 alterius
1659 2919 1728 2967 ab
1768 2936 1880 2967 uno

285 2914 537 2979 rium,'et
593 2914 815 2985 quidem
846 2915 919 2975 ita
953 2914 1245 2985 vulgatius,
1290 2923 1350 2971 ut
1395 2916 1623 2973 alterius
1659 2914 1728 2973 ab
1768 2914 1880 2975 uno

282 2985 471 3060 Plinio
498 2983 761 3040 certiores
795 2983 1358 3060 lacti__fu_erimus,_cui
1385 3002 1533 3041 nunc
1560 2989 1722 3043 etiam
1752 2988 1880 3060 Epi-

286 3058 530 3130 phanius
562 3064 713 3130 certe
738 3065 831 3130 εει
858 3055 1219 3130 adjiciendus.
1254 3053 1442 3126 Neque
1464 3073 1595 3112 vero
1627 3053 1878 3129 praeteri-

286 3125 350 3185 i-e
370 3128 529 3200 decet
554 3128 696 3197 apud
728 3125 951 3200 Graecos
980 3127 1181 3200 saepius
1204 3125 1497 3200 occurrere
1523 3125 1721 3200 nomen
1744 3129 1873 3200 λυγ-

290 3197 514 3269 γούριον
541 3194 705 3269 quam
731 3194 1073 3269 λυγκᾳύρεονζ
1097 3196 1231 3250 Illud
1255 3197 1396 3268 apud
1422 3194 1870 3269 Theophrastum

288 3277 348 3324 et
379 3267 752 3324 Dioscoridem
805 3267 932 3336 legit
978 3267 1303 3332 Salmasius,
1361 3275 1414 3321 et
1466 3267 1669 3322 habent
1706 3271 1870 3324 etiam

294 3336 513 3401 Strabo,
554 3345 918 3402 etc.,necnon
957 3336 1281 3392 Plutarchus
1336 3339 1389 3390 in
1426 3337 1461 3391 I.
1521 3338 1597 3393 De
1645 3341 1869 3394 animal.

302 3408 510 3479 solertia
551 3415 593 3460 t.
630 3406 695 3468 ll,
726 3422 792 3479 p.
815 3406 940 3471 952,
987 3408 1077 3479 ed.
1118 3406 1293 3479 Paris.
1326 3407 1464 3462 1624
1497 3426 1510 3464 :
1543 3418 1596 3464 et
1646 3410 1871 3479 quidem

304 3475 553 3550 Solinus,
603 3493 727 3546 cap.
769 3476 841 3539 2,
873 3478 1002 3550 illud
1063 3478 1241 3538 solum
1295 3487 1562 3550 memorat
1610 3475 1871 3550 tanquam

300 3548 498 3622 graccis
534 3549 805 3622 laruiliare
843 3567 856 3602 :
895 3547 1077 3622 Grzrce
1111 3550 1411 3619 lyngurium
1437 3547 1652 3622 dicitur.
1686 3547 1875 3622 Itaque

294 3617 632 3692 Epiphanius
664 3634 883 3688 quoque
921 3619 993 3673 ita
1044 3617 1343 3692 scripserat
1376 3638 1388 3673 :
1421 3619 1564 3692 unde
1601 3617 1875 3692 interpres

289 3688 440 3759 quod
479 3688 569 3760 alii
604 3688 909 3760 lyngurium
936 3688 1236 3744 secundum
1272 3691 1666 3758 pronuntiandi
1699 3688 1871 3748 ratio-

287 3775 416 3814 nem
451 3758 1060 3830 scripsissent,scripsit
1100 3760 1422 3833 lyggurium,
1454 3761 1729 3833 _lyggurus,
1759 3764 1875 3833 lag-

286 3846 480 3902 gurus,
519 3837 647 3902 etc.,
684 3838 978 3902 utrumque
1012 3846 1084 3897 γγ
1116 3832 1380 3885 retinens.
1434 3831 1527 3902 Sic
1558 3831 1876 3890 Priscianus

288 3896 530 3956 iestatur
567 3896 845 3973 liumanos
892 3896 1031 3973 oliui
1065 3896 1261 3973 vocem
1299 3901 1540 3973 ᾂγγελος
1579 3904 1877 3973 scripsisse

288 3974 525 4040 aggetos.
568 3969 740 4025 Varro
776 3981 955 4025 autem
991 3971 1062 4023 De
1089 3971 1271 4041 lingua
1288 3969 1411 4025 Lat.
1435 3972 1528 4027 lih.
1558 3990 1594 4035 ι,
1620 3982 1673 4028 et
1696 3969 1877 4029 Victo~

286 4045 452 4112 riuus
514 4041 587 4093 De
620 4042 1014 4112 orthographia,
1058 4049 1189 4105 etc.,
1229 4051 1480 4096 auctores
1535 4044 1693 4099 nobis
1748 4052 1877 4099 sunt

286 4111 607 4166 Graecorum
662 4111 814 4166 more
841 4114 1046 4166 Attium
1105 4120 1320 4180 pottam
1361 4113 1604 4168 scribere
1647 4130 1879 4170 consue—

286 4184 706 4253 visseragAguem,
747 4183 1014 4253 aggutum,
1057 4191 1165 4235 etc.

367 4251 794 4326 (85)‘J_oscph’us’
816 4251 1067 4326 An_t._lib.
1100 4268 1182 4317 ιιι,
1213 4267 1335 4326 cap.
1364 4252 1417 4319 8,
1443 4253 1607 4307 habet
1628 4252 1872 4326 λίγυρος.

285 4322 549 4393 Nunquid
608 4322 852 4395 λίγὺρος,
896 4323 1216 4393 λύγγουρος,
1269 4323 1592 4395 λὰγγουρος,
1641 4322 1877 4393 Mysiae-

293 4411 407 4466 ρας,
439 4406 570 4466 etc.,
596 4394 941 4466 substantiva
978 4402 1107 4448 sunt
1145 4395 1416 4466 ⁸ιιςιιιιὶιιξη
1454 4394 1695 4466 maps,
1745 4410 1878 4450 vero

290 4462 621 4534 adjectivum
657 4463 945 4519 subaudita
970 4477 1113 4535 voce
1144 4462 1314 4535 λίθος,
1349 4464 1484 4533 lapis
1506 4462 1600 4530 ;et
1633 4464 1871 4535 λυγγού-

290 4533 408 4607 ρων
436 4535 731 4607 subaudita
765 4549 899 4589 voce
932 4533 1211 4607 ﬁlampov,
1226 4534 1469 4607 electrum
1489 4537 1515 4589 7

364 4604 889 4677 (86)}Esculapius,
931 4603 1120 4659 Graece
1176 4604 1512 4677 :Acruiqmd;
1545 4616 1659 4677 est.
1684 4603 1873 4676 Itaque

287 4674 579 4746 Asclepius
615 4677 668 4730 in
691 4676 877 4731 multis
913 4690 1131 4746 quoque
1176 4674 1385 4732 Latinis
1416 4674 1872 4746 inscriptionibus

289 4745 437 4816 apud
461 4746 753 4816 Gruterum
786 4747 986 4801 dicitur
1011 4763 1039 4816 κε
1086 4748 1219 4814 quin
1248 4746 1411 4800 etiam
1442 4745 1744 4802 Marti’anus
1768 4747 1872 4802 Ca-

288 4815 538 4887 pella_De
565 4817 781 4887 nuptiis,
814 4825 944 4882 etc.,
968 4815 1063 4870 lib.
1090 4833 1149 4881 ιι,
1180 4816 1359 4886 inquit
1388 4835 1401 4870 :
1438 4817 1665 4873 Ascribit
1687 4817 1873 4873 Ascle-

287 4883 379 4956 pio
420 4883 625 4943 Gracia
638 4883 647 4887 ⁷
660 4887 998 4942 medicinam.

294 5020 305 5026 _
365 4957 480 5028 (87)
519 4957 753 5012 Marmor
809 4958 1023 5029 ophites
1081 4956 1181 5010 hoc
1227 4972 1425 5013 nomen
1470 4958 1668 5023 habet,
1723 4959 1870 5029 quod

288 5027 608 5097 serpentum
639 5030 818 5083 instar
849 5027 1015 5082 variis
1059 5030 1289 5083 maculis
1326 5029 1646 5084 distinctum
1677 5027 1758 5085 sit
1800 5030 1874 5085 De

288 5113 358 5155 eo
380 5099 593 5155 Plinius
626 5099 720 5154 lib.
759 5114 946 5160 xxxvi,
972 5113 1093 5167 cap.
1128 5098 1178 5150 7.

361 5169 481 5242 (88)
518 5169 682 5239 Lapis
707 5169 826 5242 hic,
858 5168 1287 5242 utuopiuor,_ille
1325 5178 1430 5229 est,
1476 5185 1637 5240 quem
1655 5170 1758 5242 alii
1787 5187 1871 5225 ce-

287 5237 445 5297 ritém
468 5237 685 5296 vocant.
706 5237 845 5296 Vide
869 5237 1104 5294 Plinium
1133 5240 1226 5294 lih.
1256 5256 1466 5301 xxxv",
1493 5237 1617 5310 cap.
1645 5241 1734 5302 10,
1762 5248 1869 5295 etc.

363 5312 480 5384 (89)
512 5310 644 5384 Qum
671 5310 760 5365 hic
798 5314 866 5366 de
900 5311 1152 5384 lyngurio
1191 5320 1458 5384 memorat
1511 5310 1872 5384 Epiphanius,

288 5381 753 5452 nunc'primum,
818 5381 963 5452 quad
1023 5382 1215 5445 sciam,
1271 5381 1646 5437 innotescunt.
1703 5381 1874 5437 Porro

290 5451 506 5508 animal
542 5451 697 5519 illud,
733 5451 879 5523 quod
919 5453 1141 5523 liggium
1185 5463 1365 5517 vocat,
1400 5460 1549 5507 certe
1582 5451 1712 5523 lynx
1745 5467 1869 5509 esse

286 5524 527 5594 videtur,
558 5538 589 5579 a
624 5538 734 5593 qua
759 5533 814 5578 et
836 5524 927 5577 alii
956 5537 1156 5594 nomen
1203 5523 1476 5594 lyncurio,
1526 5538 1624 5578 seu
1663 5523 1873 5594 lyngu-

288 5595 376 5651 rio
406 5593 609 5650 factum
636 5596 920 5661 dixerunt,
945 5593 1193 5649 fabulosa
1220 5593 1403 5664 tamen
1436 5593 1697 5664 ratione,
1724 5594 1870 5664 quod

286 5666 556 5736 nimirum
581 5681 651 5721 ex
687 5665 861 5736 lyncis
887 5665 1193 5736 urinagliat.
1229 5663 1366 5720 Vide
1410 5663 1690 5718 ASlianum
1725 5664 1869 5721 Ilist.

284 5734 512 5793 animal.
537 5736 631 5792 lib.
660 5734 736 5798 ιν,
759 5750 881 5805 cap.
909 5736 1002 5801 I7;
1024 5734 1467 5804 Theophrastum
1506 5736 1559 5789 in
1609 5736 1702 5791 lib.
1730 5739 1872 5803 Περὶ

288 5807 508 5876 λίθων;
548 5805 783 5863 Plinium
822 5810 917 5863 lib.
964 5824 1082 5875 vni,
1126 5821 1248 5879 cap.
1291 5807 1381 5876 58,
1428 5815 1481 5864 ct
1530 5808 1621 5893 lib.
1663 5824 1871 5879 xxxvii,
1960 5848 1963 5851 ι

1989 1927 2531 1981 vocaturrhodiazus
2555 1926 2670 1998 (95)
2705 1945 2718 1981 :
2746 1926 2889 1981 alius
2918 1925 3323 1997 oppalius(94).
3359 1925 3577 1983 Rursus

1991 2020 2136 2073 alius
2192 2019 2517 2090 perileutius
2545 2020 2681 2089 (95).
2725 2018 3087 2074 Inveniuntur
3130 2026 3313 2074 autem
3365 2020 3577 2091 lapides

1987 2112 2077 2168 isti
2132 2111 2249 2184 [50]
2315 2113 2371 2167 in
2426 2112 2690 2167 interiore
2738 2111 2993 2167 barbarie
3044 2111 3571 2184 (96).Scytharum.

1988 2202 2270 2275 Scythiam
2318 2219 2449 2258 vero
2483 2203 2630 2258 soliti
2681 2211 2811 2258 sunt
2859 2212 3073 2259 veteres
3119 2204 3394 2274 appellare
3440 2219 3576 2259 cun-

1985 2301 2130 2348 ctam
2184 2294 2666 2363 septentrionalem
2714 2293 2952 2364 plagam,
3002 2292 3095 2348 ubi
3147 2303 3280 2349 sunt
3320 2292 3484 2349 Gothi
3521 2304 3577 2351 et

1985 2386 2162 2440 Dauni
2204 2386 2338 2457 (97),
2392 2385 2566 2441 Venni
2596 2386 2708 2458 (98)
2739 2400 2958 2457 quoque
3000 2396 3055 2442 et
3094 2386 3212 2441 Arii
3247 2385 3362 2458 (99)
3398 2402 3575 2459 usque

1987 2477 2391 2533 Germanorum
2439 2478 2956 2548 Amazonarumque
3005 2480 3284 2549 regionem
3312 2478 3414 2550 (l).
3459 2478 3580 2536 Illic

1987 2568 2157 2640 igitur
2204 2569 2438 2623 interius
2494 2568 2548 2622 in
2601 2568 2820 2624 deserto
2873 2569 3038 2640 hujus
3081 2584 3293 2641 magna:
3340 2569 3578 2642 Scythiae

1989 2788 2112 2843 cap.
2147 2773 2221 2839 2;
2263 2771 2515 2828 Solinum
2545 2786 2666 2842 cap.
2703 2771 2759 2838 2,
2791 2779 2846 2828 et
2883 2773 3063 2842 ipsum
3112 2768 3467 2843 Plutarchum
3501 2769 3576 2824 De

1986 2842 2155 2900 anim.
2210 2845 2453 2906 solertia,
2517 2850 2650 2905 etc.,
2715 2851 2775 2897 ut
2833 2843 2972 2898 alios
3021 2849 3257 2895 taceam.
3304 2842 3575 2896 Caeterum

1986 2914 2268 2986 animalia,
2307 2930 2429 2986 quae
2462 2913 2585 2986 aliis
2615 2913 2815 2983 λύγκες
2849 2920 2998 2986 sunt,
3027 2911 3259 2966 docente
3305 2910 3577 2986 Sal_m_a_sio

1987 3002 2117 3057 pag.
2146 2985 2238 3049 62,
2270 2979 2653 3057 Afteniidorus
2680 2979 2840 3057 vocat
2885 2982 3140 3057 λιξγγομς,
3181 2990 3235 3057 et
3267 2982 3411 3053 apud
3442 2979 3572 3036 Plu-

1984 3052 2237 3110 tarchum
2271 3054 2493 3109 laudato
2533 3054 2653 3107 loco
2679 3053 2886 3122 λόγγας
2912 3053 3017 3108 dici
3051 3052 3288 3107 invenio.

2056 3125 2171 3196 (90)
2202 3125 2459 3196 Hine_S.
2482 3118 2849 3196 Hieronymus
2885 3121 3219 3196 in‘Epistota
3263 3121 3333 3175 ad
3368 3118 3571 3196 Fabio-

1980 3191 2111 3262 lant,
2204 3196 2308 3267 177:
2340 3194 2589 3267 Satisque
2618 3191 2784 3247 miror
2813 3209 2910 3246 cur
2944 3192 3259 3263 hyacinthus
3298 3191 3571 3267 pretiosis-

1979 3260 2318 3335 simus'lapis
2351 3266 2406 3318 in
2429 3260 2617 3335 horum
2647 3260 2994 3335 numeroan
3023 3271 3271 3332 ponatur,
3299 3262 3404 3315 nisi
3432 3260 3570 3335 forte

1978 3339 2089 3406 ipse
2118 3347 2195 3391 est
2235 3331 2345 3403 alio
2381 3334 2591 3389 nomine
2636 3333 2884 3403 ligurius.
2928 3331 3186 3406 _Scrutans
3231 3348 3353 3406 eos_,
3386 3331 3477 3406 qui
3507 3334 3574 3386 de

1978 3401 2220 3478 lapidum
2255 3401 2413 3478 atque
2459 3401 2795 3478 gemmarum.
2838 3404 3096 3474 scripsere
3149 3401 3405 3470 naturis,
3435 3401 3572 3471 ligu—

1979 3477 2121 3533 rium
2157 3479 2390 3532 invenire
2418 3493 2525 3545 non,
2558 3477 2727 3545 potui.

2047 3549 2164 3619 (9|)
2201 3546 2453 3620 Epitome
2500 3543 2732 3603 Gesneri
2792 3545 3267 3616 ἀναγκαιότερος,
3307 3552 3558 3614 prwstan-

1979 3621 2102 3675 tior.

2050 3691 2165 3761 (98)
2200 3690 2309 3745 Aut
2366 3687 2726 3761 hyacinthum
2749 3757 2761 3761 _
2785 3701 2911 3761 cum
2963 3686 3200 3761 callaino
3227 3757 3239 3761 _
3258 3683 3570 3761 confundit,

1978 3756 2074 3816 aut
2099 3760 2218 3815 vult
2262 3756 2422 3816 illuni
2450 3760 2694 3814 colorem
2748 3757 2952 3812 habere
3004 3756 3151 3811 haud
3191 3756 3503 3813 absimilem
3541 3772 3571 3807 a

1979 3833 2238 3896 callaino,
2268 3839 2323 3886 et
2358 3831 2439 3886 sic
2468 3829 2686 3884 videtur
2711 3842 2914 3883 vocare
2937 3843 3208 3896 gemmam
3242 3826 3412 3893 illam,
3447 3840 3572 3897 qua:

1979 3902 2176 3957 callais
2204 3902 2409 3957 dicitur
2435 3914 2467 3954 a
2500 3898 2682 3954 Plinio
2715 3899 2812 3953 lib.
2848 3913 3062 3968 xxxvii,
3093 3912 3216 3968 cap.
3239 3897 3295 3951 8.

2052 3972 2166 4044 (93)
2207 3971 2350 4044 Epit.
2386 3969 2656 4044 Gesneri,
2717 3968 2943 4044 ῥρδξγός.
2995 3966 3254 4023 hostrum
3312 3966 3571 4036 interpre-

1981 4038 2088 4096 tem
2142 4038 2421 4098 invenisse
2476 4040 2689 4096 videtur
2718 4038 2977 4111 ῥοδόεις·
3026 4046 3323 4108 utrumque
3368 4050 3566 4092 nomen

1983 4121 2142 4167 sonat
2175 4128 2379 4167 roseus.

2055 4182 2168 4250 (94)
2206 4181 2264 4236 1η
2296 4181 2545 4254 Epitome
2568 4177 2798 4254 Gesneri
2833 4178 2937 4254 hoc
2966 4179 3089 4233 loco
3118 4177 3267 4254 nulla
3288 4185 3382 4254 est
3415 4191 3570 4254 men:

1985 4253 2061 4306 tio
2096 4246 2296 4324 oppalii
2321 4246 2460 4324 [sed
2503 4259 2701 4324 qttarto
2734 4252 2853 4303 loco
2903 4249 3047 4324 inter
3076 4248 3271 4324 varias
3287 4246 3567 4324 hyacinthi

1984 4317 2196 4391 species
2230 4324 2383 4393 ponit
2409 4317 2777 4393 hyacinthina
2798 4321 3072 4393 χαννιαῖον
3096 4318 3207 4373 sic:
3249 4317 3570 4393 ςέξταρτος

1984 4387 2291 4465 χαννιαίοξς]
2328 4392 2422 4448 sed
2437 4387 2726 4465 Lvidendus
2749 4387 3074 4465 salmasius,
3115 4404 3236 4465 pag.
3263 4387 3390 4465 7_79.

2058 4464 2172 4585 (iiiis)
2231 4462 2377 4534 Epit.
2426 4460 2655 4517 Gesneri
2714 4458 3582 4534 παραλεύκιοςζΒὲειὶιιιθιιόιιιιι.

2058 4552 2084 4585 ο
2144 4552 2325 4585 ευκοε-

1980 4536 2325 4598 περίλευκος.

2054 4552 2325 4607 ριΑευκος.

2052 4605 2164 4675 (96)
2205 4605 2339 4661 Vide
2380 4620 2544 4675 supra
2575 4618 2701 4674 pag.
2740 4602 2828 4675 l8.

2056 4671 2169 4748 (97)
2227 4671 2477 4747 Epitome
2510 4671 2785 4729 Ariastasii
2846 4674 2896 4726 οἱ
2950 4671 3135 4748 meo:
3177 4677 3272 4730 καὶ
3322 4677 3567 4748 Amisere.

1982 4746 2233 4803 ct‘alios
2280 4746 2394 4803 ’hic
2450 4752 2783 4816 memoratos
2844 4746 3077 4816 populos
3131 4749 3390 4813 praeterit.
3449 4747 3568 4803 Non

1984 4817 2185 4882 Dauni,
2213 4818 2307 4874 sed
2352 4817 2536 4881 Dahae,
2573 4824 2666 4869 aut
2701 4814 2855 4868 Dasac
2889 4814 3171 4886 legendum
3214 4817 3463 4882 videtur,
3515 4828 3577 4873 et

1983 4888 2039 4942 in
2073 4886 2263 4943 Graeco
2292 4886 2692 4943 restituendum
2727 4885 2882 4946 Δάαι,
2916 4884 3021 4939 aut.
3043 4884 3232 4940 Δάσαι.

2056 4957 2168 5030 (98)
2197 4957 2409 5013 Plinius
2440 4957 2535 5030 lib.
2561 4973 2621 5030 _Iv
2642 4994 2656 5019 ,
2688 4971 2739 5009 c.
2782 4955 2874 5019 l2,
2903 4956 2956 5008 in
2996 4954 3567 5030 SarmatiaEuropaaa

1988 5023 2339 5084 Va'nnianum
2393 5025 2668 5097 quoddam
2726 5040 2979 5097 regnum
3014 5023 3207 5097 ponit.
3239 5027 3373 5082 Vide
3403 5023 3566 5082 etiam

1985 5098 2238 5155 Tacitum
2272 5093 2470 5154 Annal.
2502 5096 2597 5152 lib.
2632 5111 2731 5149 xu.
2764 5094 2905 5161 Quid
2936 5094 2981 5149 si
3015 5093 3137 5163 quis
3191 5096 3378 5152 llunni
3406 5098 3568 5154 resti-

1986 5171 2203 5225 tueret?
2232 5168 2496 5239 Agathias
2520 5166 2749 5239 Hunnus
2778 5166 2926 5239 circa
2966 5164 3269 5239 Maeotidem
3314 5169 3566 5224 collocat.

2057 5241 2172 5313 (99)
2228 5235 2732 5313 Fortassis,:Abi_i,
2774 5235 3145 5313 s_c_ilicet_hos
3199 5241 3431 5313 populos
3483 5255 3569 5295 se-

1985 5306 2386 5382 ptentrionales
2427 5306 2611 5383 partes
2655 5306 2896 5379 Scythiae
2932 5306 3216 5367 habitasse
3245 5306 3569 5367 Ptolemaeus
3670 5324 3683 5337 κ

1979 5384 2161 5437 ducet.

2052 5453 2131 5524 (1)
2164 5454 2369 5525 Accipe
2416 5451 2486 5509 de
2533 5448 3005 5525 Aniazonihus_ad
3044 5447 3294 5525 Tanaim.
3334 5450 3565 5525 Amazo-

1980 5517 2123 5580 nuin'
2163 5517 2448 5580 historiam
2500 5524 2569 5579 ab
2619 5519 2839 5577 erudito
2893 5517 3136 5577 Florent.
3191 5522 3392 5592 juvene
3436 5522 3564 5576 Ant.

1982 5594 2154 5652 Maria
2186 5595 2414 5668 Beninio
2441 5597 2668 5668 copiose
2691 5591 3281 5668 illu_s_tratam‘scio,’_ut
3301 5593 3430 5668 edat
3454 5606 3568 5649 me—

1981 5682 2177 5733 moro,
2234 5673 2291 5723 et
2344 5662 2712 5728 Peti-i'Pctiti
2770 5662 3158 5724 dissertatione
3213 5663 3583 5721 laudatiorem

1980 5754 2237 5813 auguror.
