3994 6410
315 365 418 421 ΞΗ

1673 369 1927 425 γεηειο
1962 367 2289 438 ΛΝῘΙΟΕΛ.

3520 367 3645 423 5μέ

327 482 511 554 magis
537 482 835 539 exhibens.
876 482 1001 539 llaec
1046 482 1287 552 beryllus
1313 486 1468 553 juxta
1499 482 1642 538 viam
1673 481 1786 553 (ιι)
1818 482 1925 538 Eu-
1954 489 1999 544 Λ
2035 481 2361 553 dispositos,
2390 486 2484 555 qui
2520 486 2707 541 annuli
2736 502 2832 558 per
2858 485 3235 543 extremitates
3285 498 3417 544 suas
3457 492 3625 544 ratio-

330 574 545 646 pbratis
571 574 820 631 ﬁttminis
847 577 961 631 visa
993 583 1091 631 cst.

844 685 913 725 DE
953 683 1142 725 ιΔιηῐιε
1180 683 1427 725 οδγςιιιο.

408 758 715 835 Onycbium
751 763 892 832 lapis
918 762 1124 818 ﬁavum
1172 763 1337 818 nimis
1387 769 1630 819 ostentat
1662 762 1924 818 colorem.

330 835 771 909 Delectari'vero
799 852 979 923 lapide
1002 855 1111 908 isto
1147 855 1331 909 ferunt
1360 869 1548 926 regum
1574 850 1923 926 nuptas(l5),

326 954 395 1003 et
422 946 673 1010 divitum,
705 962 829 1016 qua:
874 946 929 1000 in
966 947 1158 1018 pocula
1195 963 1300 1002 sua
1338 946 1730 1004 transferentes
1761 958 1925 1002 utun-

334 1042 431 1092 tur
466 1037 571 1092 hoc
606 1036 807 1108 lapide.
838 1033 981 1091 Sunt
1024 1047 1208 1092 autem
1256 1046 1312 1094 et
1355 1038 1447 1092 alii
1492 1038 1785 1109 onychitae,
1832 1038 1923 1107 qui

336 1131 618 1203 aequivoce
646 1141 1054 1201 nuncupantur,
1083 1130 1136 1186 id
1159 1139 1243 1187 est
1265 1145 1374 1186 non
1399 1131 1688 1196 veraciter,
1715 1130 1927 1187 similes

338 1236 501 1283 certe.
538 1225 659 1292 qua:
688 1222 891 1277 coloris
917 1229 1002 1277 est
1024 1221 1230 1276 mellei.
1272 1220 1505 1287 Quidam
1540 1221 1640 1277 bos
1670 1221 1826 1276 aiunt
1858 1238 1925 1276 ex

340 1311 517 1384 guttis
548 1326 704 1382 aquae
736 1310 1096 1366 consolidati.
1132 1310 1437 1383 Onychitas
1468 1322 1649 1367 autem
1689 1311 1923 1367 naturali

339 1404 559 1460 ratione
588 1404 999 1474 cognominant,
1041 1419 1106 1460 eo
1134 1403 1281 1474 quod
1333 1419 1542 1475 ungues
1588 1404 1923 1460 urbanorum

338 1496 586 1552 virorum
643 1496 819 1551 instar
862 1503 994 1551 sunt
1040 1498 1333 1552 marmuris
1382 1497 1617 1566 quadam
1671 1498 1928 1553 mistioue

338 1587 630 1660 sanguinis
673 1587 996 1646 obrubescit
1040 1587 1172 1659 (16).
1207 1586 1324 1661 [⁸55]
1351 1586 1507 1643 Unde
1556 1588 1802 1643 nommlli
1849 1589 1928 1641 la-

339 1681 525 1752 pidem
561 1696 958 1746 marmoreum,
988 1684 1081 1752 qui
1110 1697 1181 1738 ex
1212 1682 1334 1736 loco
1358 1681 1587 1736 Docimii
1623 1682 1759 1753 (l7),
1791 1698 1931 1753 ony-

338 1772 547 1828 cbitem
589 1772 727 1828 falso
767 1773 993 1829 nomine
1036 1774 1281 1828 vocitant
1333 1774 1405 1830 ob
1461 1774 1729 1830 albedinis
1778 1773 1928 1846 puri-

340 1870 531 1921 tatem.

417 1955 544 2012 ﬂmc
585 1956 748 2029 igitur
778 1957 1072 2013 duodecim
1111 1958 1378 2030 lapidum,
1416 1960 1509 2030 qui
1562 1961 1617 2014 in
1655 1960 1928 2031 superbu-

340 2049 535 2105 merali
589 2057 720 2106 tunc
774 2049 1022 2119 imperati
1078 2059 1211 2105 sunt
1271 2053 1487 2107 annecti
1539 2053 1812 2122 pontiﬁcis
1866 2070 1927 2110 ex

2043 577 2168 631 nale
2212 577 2267 630 in
2319 576 2500 631 medio
2563 578 2945 643 continebant,
2997 592 3192 633 rursus
3234 576 3462 635 annexis
3531 594 3626 634 su-

2036 666 2353 734 perioribus
2381 667 2623 732 aunulis,
2656 667 2751 738 qui
2781 667 3007 721 erantin
3023 667 3455 736 superhumerali
3486 682 3626 741 pon-

2045 757 2211 815 titicis
2256 759 2309 813 in
2348 765 2583 829 utraque
2634 759 2850 815 humeri
2901 768 3058 829 parte
3101 759 3361 816 conserti.
3398 758 3532 815 Nam
3568 771 3621 816 et

2042 848 2498 927 superltumerale
2531 864 2658 906 cum
2684 857 2833 905 esset
2866 865 3035 904 unum
3063 864 3160 919 per
3184 848 3477 904 circuitum
3511 866 3622 905 uno

2051 941 2527 1010 prorsusoriﬁcio
2560 941 2915 998 claudebatur
2944 942 3149 997 habens
3178 940 3368 997 vittam
3400 941 3639 1013 hyacinv

2041 1034 2258 1089 tbinam
2290 1049 2428 1091 auro
2472 1036 2843 1107 complexam,
2875 1042 2928 1090 et
2968 1035 3096 1090 hinc
3132 1052 3161 1089 a
3205 1035 3416 1092 dextris
3452 1051 3621 1091 unum

2045 1130 2337 1195 annulum,
2370 1136 2425 1184 et
2462 1145 2493 1183 a
2522 1128 2767 1185 sinistris
2811 1132 3043 1185 alterum
3080 1145 3176 1199 per
3206 1138 3496 1200 utramque
3522 1128 3624 1183 hu-

2043 1222 2175 1276 meri
2227 1231 2439 1293 partem
2490 1224 2901 1292 prominentes,
2964 1223 3200 1277 atmulus
3257 1222 3326 1277 ad
3370 1222 3623 1294 jugulum

2046 1311 2322 1381 pontilicis
2344 1311 2712 1378 innectentes,
2740 1312 2833 1383 qui
2867 1329 3059 1367 rursus
3097 1328 3161 1367 ex
3192 1321 3425 1383 utraque
3456 1314 3627 1367 ratio-

2042 1402 2182 1457 nalis
2199 1410 2355 1473 parte
2414 1404 2803 1474 spectabantur
2853 1405 3111 1476 appositi,
3161 1406 3236 1460 ita
3296 1415 3355 1460 ut
3402 1406 3639 1477 perinde

2041 1505 2530 1563 connecterentur,
2578 1504 2633 1551 et
2666 1505 3057 1566 coaptat-untur
3095 1498 3149 1553 in
3202 1515 3324 1554 sese
3355 1514 3451 1569 per
3483 1497 3625 1553 duos

2039 1589 2252 1644 scilicet
2292 1591 2529 1646 annulos
2566 1574 2875 1657 rationalis,
2906 1602 2958 1646 ct
2988 1592 3130 1648 duos
3160 1593 3392 1647 annulos
3432 1605 3624 1662 super-

2042 1680 2365 1747 bumeralis,
2400 1682 2490 1736 ubi
2522 1689 2681 1737 erant
2726 1685 2988 1737 catenula:
3035 1697 3212 1739 aureae
3254 1685 3493 1755 desuper
3521 1683 3625 1738 itu-

2038 1773 2331 1829 minentes.

1968 1856 2010 1911 Β
2109 1866 2225 1922 Hoc
2266 1875 2452 1921 autem
2504 1848 2790 1932 rationale.
2845 1868 3006 1924 sicuti
3053 1867 3188 1933 dixi,
3226 1869 3460 1924 habebat
3492 1869 3627 1926 duo-

2035 1960 2213 2015 decim
2282 1960 2492 2029 lapides
2541 1959 2648 2015 sibi
2708 1970 3076 2030 congruenter
3131 1961 3403 2025 insertos,
3464 1968 3628 2031 atque

2039 2053 2379 2121 compositos
2410 2052 2686 2123 quadrato
2730 2053 2946 2117 ordine,
2971 2052 3062 2123 qui
3094 2052 3174 2108 sic
3202 2052 3473 2108 intertexti
3499 2067 3626 2123 pro-
3720 2100 3728 2106 .

339 2140 583 2198 diversis
624 2141 964 2208 auctoribus,
1013 2142 1107 2212 qui
1152 2141 1221 2196 de
1260 2143 1477 2197 naturis
1517 2145 1711 2198 borum
1747 2144 1934 2199 dixere
2036 2145 2264 2206 bantur,
2304 2155 2360 2199 ut
2383 2153 2468 2199 est
2507 2145 2695 2201 subter
2737 2160 3033 2200 annexum.
3072 2143 3289 2199 Primus
3316 2141 3482 2217 249
3510 2142 3624 2215 [37]

339 2234 611 2305 lapidum,
655 2241 872 2289 constat
906 2234 1171 2300 inventio,
1220 2251 1455 2307 quorum
1523 2236 1667 2291 sicut
1707 2236 1930 2291 investi-

337 2339 472 2397 gare
520 2324 823 2395 potuimus,
858 2331 968 2378 tam
1027 2324 1240 2396 species
1270 2364 1286 2389 ,
1319 2340 1480 2395 quam
1514 2327 1630 2381 loca
1652 2365 1666 2385 .
1712 2343 1927 2382 necnon

338 2424 402 2470 et
449 2413 724 2484 potentias
780 2413 1141 2485 inspectiouis
1192 2430 1381 2470 eorum
1431 2414 1647 2469 interim
1695 2416 1931 2471 breviter

340 2508 697 2571 adnotantes,
750 2505 1093 2576 singulorum
1147 2506 1389 2577 lapidum
1456 2508 1677 2562 nomina
1740 2523 1933 2564 conse-

338 2605 579 2668 quenter
616 2594 1011 2666 expressimus.
1042 2593 1142 2650 Hic
1168 2596 1282 2668 jam
1313 2612 1461 2653 nunc
1489 2598 1773 2667 quaeritur,
1806 2599 1929 2668 qui-

339 2692 452 2748 bus
509 2692 686 2747 modis
745 2707 870 2746 eum
922 2692 1168 2748 ordinem
1222 2694 1648 2762 consequentia},
1700 2695 1792 2764 qui
1847 2704 1934 2750 est

337 2785 685 2840 certissimus
729 2791 783 2838 et
826 2798 1158 2854 congruens,
1197 2784 1583 2855 approbemus.
1638 2783 1775 2839 Nam
1837 2802 1934 2857 per

341 2874 639 2931 duodecim
708 2874 893 2930 tribus
939 2873 1229 2931 duodecim
1284 2876 1495 2946 lapides
1544 2878 1745 2949 apponi
1791 2878 1932 2949 jussi

338 2975 502 3035 sunt,
538 2968 634 3034 ita,
672 2974 731 3023 ut
769 2982 914 3024 unus
940 2967 1082 3039 lapis
1124 2968 1220 3023 uni
1260 2969 1429 3024 tribui
1470 2978 1935 3041 coaptaretur,et

343 3063 413 3117 ad
441 3062 786 3134 singularum
818 3061 1043 3116 nomina
1066 3061 1441 3117 deccrnautur
1470 3063 1671 3135 singuli
1700 3064 1930 3135 lapides.

342 3155 412 3210 Et
442 3154 716 3225 siquidem
747 3154 1084 3211 declarasset
1111 3155 1314 3225 jussio,
1350 3156 1438 3210 cui
1506 3156 1671 3212 tribui
1702 3157 1828 3227 quis
1854 3158 1933 3213 las

344 3248 431 3320 pis
473 3255 713 3319 aptetur,
753 3247 903 3301 nulla
944 3261 1172 3319 prorsus
1207 3247 1493 3317 inquisitio
1522 3256 1838 3318 superesset
1867 3249 1932 3303 ad

349 3341 712 3413 indagandam
749 3340 1124 3396 deﬁnitionem
1163 3340 1434 3397 divinitus
1472 3340 1810 3409 ordinatam;
1840 3345 1935 3399 sed

357 3435 420 3490 ad
466 3434 840 3507 exponendam
894 3434 1054 3490 nobis
1096 3435 1204 3490 vim
1265 3434 1507 3506 lapidum
1556 3437 1937 3492 tantummodo

357 3528 600 3585 studiosa
647 3527 1049 3597 relinqueretur
1095 3526 1347 3581 intentio.
1396 3523 1553 3582 Nunc
1600 3537 1780 3582 autem
1825 3545 1936 3584 non

358 3630 440 3677 est
488 3620 936 3685 determinatam,
970 3619 1065 3676 sed
1115 3619 1437 3690 simpliciter
1477 3622 1531 3675 in
1577 3620 1793 3677 duobus
1823 3620 1935 3695 [56]

346 3714 489 3770 locis
516 3713 714 3768 borum
763 3710 1004 3783 lapidum
1048 3709 1520 3781 consequentiam,
1560 3716 1614 3763 et
1664 3711 1938 3781 composi—

342 3808 517 3864 tionis
548 3821 739 3863 eorum
767 3804 1005 3876 speciem
1042 3803 1311 3860 fateamur
1354 3803 1680 3874 ascriptam,
1714 3803 1860 3860 sicut
1882 3805 1939 3859 in

345 3898 628 3962 rationali,
674 3896 822 3968 quod
868 3911 1034 3967 super
1062 3904 1256 3967 pectus
1284 3896 1594 3966 ponebatur
1635 3894 1934 3966 pontiﬁcis,

339 3998 401 4048 et
444 3989 885 4062 superbumerali
935 4004 1030 4058 per
1082 3987 1227 4044 duos
1279 3988 1516 4044 annulos
1552 4002 1751 4045 aureos
1780 3987 1834 4043 in
1870 4002 1939 4043 eo

420 4126 438 4157 ¹
484 4121 655 4178 Exod.
687 4138 838 4186 xxix,
873 4120 1059 4176 l0—l3.

420 4284 534 4355 (Η)
559 4282 618 4337 In
649 4279 744 4335 Gr.
766 4287 917 4335 textu
942 4278 1242 4349 Epitomes,
1272 4278 1403 4348 περὶ
1433 4277 1533 4349 τὴν
1566 4275 1764 4346 ἔξοδον,
1797 4278 1942 4331 circa

343 4367 646 4497 “’(‘lugdn
675 4436 793 4497 _m_s_.
825 4420 1027 4497 legitur
1061 4421 1274 4497 nuptias
1297 4461 1313 4488 ,
1347 4420 1443 4475 sed
1475 4419 1772 4497 scriptoris
1792 4427 1942 4497 certe

345 4488 507 4559 vitio,
520 4488 631 4551 'nec
657 4488 1021 4548 dubitandum
1044 4492 1114 4546 ab
1136 4488 1431 4559 interprete
1452 4488 1720 4558 scriptum
1747 4488 1939 4557 fuisse,

2042 2238 2201 2301 ordo,
2236 2245 2400 2306 atque
2428 2238 2681 2307 superior
2706 2254 2735 2291 a
2769 2237 2901 2292 hera
2940 2245 3098 2308 parte
3134 2236 3408 2307 pontiﬁcis
3434 2249 3627 2291 versus

2039 2330 2105 2382 ad
2138 2332 2384 2384 dextram
2413 2329 2512 2385 hos
2541 2329 2750 2400 lapides
2774 2329 3005 2384 babebat
3027 2330 3330 2399 appositus,
3356 2327 3625 2392 sardium,

2044 2420 2322 2490 topaziun,
2379 2420 2758 2492 smaragdum.
2810 2419 3037 2490 Oportet
3076 2419 3221 2473 enim
3261 2426 3311 2474 et
3361 2419 3465 2473 hoc
3503 2418 3625 2473 dili-

2045 2512 2266 2580 gentius
2322 2513 2607 2576 adnotare,
2645 2512 2789 2568 unde
2823 2511 3033 2568 scilicet
3076 2512 3371 2582 incipiebat
3404 2524 3629 2580 compo-

2043 2604 2192 2667 sitio,
2239 2611 2293 2658 et
2351 2604 2443 2659 ubi
2509 2605 2637 2659 item
2701 2603 2986 2659 desinebat
3069 2602 3464 2672 sciendumquc
3507 2610 3628 2666 est,

2039 2696 2183 2766 quod
2228 2697 2385 2765 juxta
2440 2697 2837 2752 Hebraicarum
2888 2696 3158 2751 elementa
3204 2695 3506 2751 litterarum
3554 2696 3630 2750 ita

2042 2789 2478 2859 cuntpusitioues
2539 2789 2657 2858 istas
2701 2790 2921 2844 ﬁebant.
2978 2788 3237 2843 Scribunt
3276 2789 3476 2860 quippe
3526 2788 3633 2843 lle-

2046 2880 2176 2937 braci
2220 2898 2250 2934 a
2310 2881 2550 2941 sinistris
2598 2880 2664 2934 ad
2693 2881 2943 2934 dextram
2986 2879 3280 2950 cujuslibet
3327 2881 3403 2935 rei
3450 2878 3633 2949 subje—

2047 2982 2195 3028 ctum
2238 2974 2488 3029 ordinem
2517 2974 2901 3043 perducentes.
2938 2972 3045 3042 Ipsi
3089 2988 3218 3028 vero
3249 2989 3470 3028 manum
3502 2972 3633 3028 subc

2046 3071 2367 3135 sequentem
2428 3066 2624 3122 litteris
2670 3083 2700 3122 a
2758 3067 2972 3122 dextris
3012 3067 3214 3122 habere
3266 3065 3522 3121 videntur
3564 3064 3634 3119 ad

2046 3157 2232 3212 laevam
2270 3156 2406 3228 (18).
2441 3155 2612 3212 Erant
2652 3174 2784 3231 ergo
2832 3175 2999 3229 super
3048 3157 3325 3230 pontiﬁcis
3365 3166 3559 3228 pectus
3602 3170 3633 3210 a

2042 3248 2285 3307 sinistris
2315 3250 2436 3318 ejus
2464 3250 2687 3307 ordines
2729 3252 2796 3305 ad
2829 3252 3109 3307 dexteram
3141 3248 3524 3321 perducentes.

2123 3341 2344 3398 Primus
2374 3343 2532 3407 ordo,
2559 3343 2707 3398 sicut
2742 3343 2855 3413 jam
2887 3342 3002 3398 dixi
3033 3361 3046 3396 :
3083 3342 3324 3406 sardius,
3357 3340 3633 3411 topazius,

2050 3434 2410 3507 smaragdus;
2441 3434 2720 3492 secundus
2756 3443 2936 3491 autem
2981 3434 3375 3499 carbunculus,
3410 3431 3633 3502 sapphi-

2052 3544 2172 3597 rus,
2202 3530 2408 3601 jaspis;
2442 3530 2636 3585 tertius
2667 3529 2919 3599 ligurius,
2962 3529 3208 3593 achates,
3253 3527 3632 3599 amethystus;

2046 3632 2311 3692 quartus,
2358 3621 2451 3693 qui
2509 3627 2562 3676 et
2602 3620 2849 3686 ultimus,
2906 3619 3312 3691 cbrysolitbus,
3361 3618 3636 3689 beryllus,

2041 3715 2349 3789 onychinus
2373 3716 2412 3770 ί.

2124 3807 2247 3881 [58]
2287 3808 2503 3865 Rursus
2536 3808 2848 3864 invenimus
2874 3806 3096 3863 eosdem
3145 3804 3355 3875 lapides
3404 3803 3459 3857 in
3498 3801 3632 3858 dua-

2046 3901 2153 3958 bus
2208 3899 2684 3972 superbumeralis
2732 3899 2978 3970 partibus
3039 3897 3272 3969 positos,
3334 3896 3389 3951 in
3434 3893 3636 3965 quibus

2046 3988 2159 4045 duo
2214 3990 2426 4060 lapides
2482 3991 2755 4046 catenulis
2812 3989 2995 4045 aureis
3060 3988 3387 4044 videbantur
3443 3987 3635 4041 inserti

2048 4280 2169 4335 bem
2235 4286 2395 4333 vocat
2421 4293 2478 4332 in
2509 4278 2625 4347 ipsa
2665 4291 2799 4331 voce
2828 4275 3112 4347 Δοκίμειον
3136 4317 3151 4340 ,
3190 4289 3388 4345 pagum
3423 4288 3555 4328 vero
3582 4275 3638 4330 in
3682 4285 3690 4292 ·

2046 4366 2180 4405 voce
2202 4348 2445 4403 Σύνναδα
2476 4346 2801 4403 Strabonem
2832 4346 3174 4401 describens.

2118 4422 2231 4492 (l8)
2264 4419 2472 4492 De_boc
2497 4418 2847 4492 Hebraeorum
2879 4417 3171 4492 scribendi
3189 4416 3351 4492 modo
3371 4415 3481 4487 agit
3510 4417 3643 4471 Her-

2047 4487 2284 4547 ntann'us
2312 4490 2469 4562 Hugo
2493 4488 2570 4544 De
2594 4490 2783 4562 primo
2799 4487 3061 4562 scribendi
3091 4488 3315 4562 origine,
3350 4493 3478 4562 etc.,
3513 4501 3635 4562 cap.

349 4557 567 4639 nuptas.
596 4563 654 4618 lu
679 4562 873 4639 Graeco
901 4563 1046 4617 enim
1075 4569 1225 4619 textu
1256 4557 1534 4633 Epitomes
1563 4557 1793 4617 Gesneri
1822 4573 1938 4618 est:
1976 4569 2014 4625 Β
2048 4564 2104 4639 _8,
2131 4564 2222 4639 ubi
2254 4557 2435 4639 tamen
2472 4557 2637 4639 nimis
2682 4560 2943 4639 audacter
2970 4560 3085 4639 ait:
3140 4557 3315 4639 [ferro
3346 4558 3481 4611 hanc
3508 4561 3644 4639 acria-

345 4636 451 4703 ea};
484 4636 703 4707 νύμφας
721 4675 736 4695 .
770 4637 878 4689 ctc.

425 4702 670 4777 (t6)'ﬂic
705 4707 824 4777 ipsa
848 4718 1071 4775 quoque
1099 4703 1328 4777 Gesneri
1369 4704 1619 4776 Epitome
1651 4702 1721 4777 in
1744 4702 1942 4777 mendo

350 4773 540 4836 cubat.
574 4773 882 4831 Salmasius
927 4784 1112 4830 tamen
1147 4778 1202 4831 in
1233 4773 1511 4839 Setinum,
1554 4790 1608 4845 p.
1664 4773 1770 4829 396
1792 4812 1809 4834 .
1841 4788 1946 4844 ope

353 4851 558 4905 veteris
607 4846 817 4917 codicis
859 4846 954 4917 sic“
983 4844 1704 4917 emendatr‘ﬂvuy‘ttdcaé
1747 4844 1947 4917 comi);

351 4921 574 5003 λέγουςι
601 4915 1178 5003 φησιοῇογικῶςἎὲπεὶν
1192 4916 1320 5003 ρνυξ
1342 4914 1947 5003 τῶνξᾶστξιωνργςρῷν

664 4988 785 5042 ἐστὶ
810 4985 1375 5071 συνερρθριαζόμενος
1416 4988 1515 5041 σὺν
1542 4989 1609 5059 τῇ
1652 4985 1747 5040 τοῦ
1778 4985 1947 5057 αἵμα-

351 5078 448 5139 τρς
593 5099 609 5114 .
641 5060 831 5139 Itaque
847 5066 1230 5139 .restttutmus;
1269 5058 1693 5139 obrubcsccntes,
1727 5066 1822 5111 aut
1843 5071 1948 5139 lpo-

349 5133 501 5188 tius:
532 5128 670 5202 quod
696 5128 912 5200 uirgatis,
941 5137 1085 5202 etc.,_
1107 5130 1282 5185 instar
1307 5130 1380 5184 sit
1411 5128 1696 5184 marmoris
1711 5129 1944 5197 quadam

350 5198 602 5258 uitiatione
630 5198 908 5270 sanguinis
931 5198 1301 5256 obrubesccns.

426 5273 542 5358 (t7)
572 5268 827 5358 _Graviter
858 5271 949 5358 hic
988 5280 1138 5358 errat
1167 5271 1449 5358 Gesner-us
1492 5285 1617 5358 eum
1640 5268 1774 5358 dola
1823 5291 1945 5358 suo,

355 5341 453 5417 qui
477 5341 699 5417 verbum
725 5342 822 5417 τῷ
847 5341 1108 5417 Δοκιμίου
1123 5344 1382 5417 Avertitab
1409 5343 1791 5417 carptoratione,
1816 5356 1947 5417 etc.,

358 5412 507 5487 quod
537 5415 749 5487 scilicet
768 5412 1091 5487 invenerint
1118 5412 1316 5486 δοκιμὴ
1342 5455 1358 5483 ,
1397 5422 1459 5487 et
1472 5412 1725 5487 δοκίμιον
1751 5412 1950 5487 proba-

357 5482 563 5541 tionem
609 5485 940 5554 signiﬁcare.
988 5482 1191 5554 Verum
1244 5482 1315 5541 're'
1358 5485 1555 5539 melius
1600 5482 1948 5544 considerata

358 5553 849 5627 deprehendissent
872 5554 1120 5627 protracto
1139 5553 1506 5627 Epiphanium
1530 5553 1601 5611 de
1629 5558 1749 5612 loco
1781 5558 1949 5627 lmjus

357 5625 601 5683 nominis
633 5625 900 5687 locutum,
928 5633 985 5681 et
1011 5625 1349 5681 invenissent
1373 5628 1590 5683 celebre
1619 5630 1763 5687 apud
1810 5625 1951 5683 anti-

352 5712 499 5769 quos
536 5698 710 5754 fuisse
732 5697 947 5769 lapidis
972 5697 1262 5769 cujusdam
1296 5712 1492 5769 genus,
1528 5700 1619 5769 qui
1651 5697 1948 5754 liocimites

356 5767 648 5827 dicebatur
675 5785 706 5824 a
729 5767 974 5842 Docituio
1001 5767 1246 5839 Phrygiae
1264 5767 1434 5842 urbe,
1458 5767 1557 5824 seti
1585 5771 1761 5826 mavis
1787 5783 1948 5842 pago.

361 5851 604 5908 utroque
631 5841 777 5897 enim
811 5840 1034 5896 nomine
1066 5838 1223 5898 \‘OCat
1256 5838 1588 5910 Stephanus,
1623 5838 1818 5914 nempe
1850 5838 1947 5895 ur-

2049 4634 2202 4689 bendi
2251 4633 2510 4688 rationem
2559 4630 2802 4703 Egyptii
2849 4630 2931 4703 ab,
2961 4630 3219 4703 Hebreis;
3248 4644 3492 4703 accepere
3516 4668 3547 4703 ,_
3582 4638 3641 4682 ut

2054 4705 2355 4760 Herodotus
2395 4712 2621 4760 testatur
2640 4700 2748 4757 πθ.
2801 4719 2859 4757 ιι.
2900 4702 3123 4756 Scilicet
3177 4701 3486 4756 Herodotus
3536 4700 3640 4753 hoc

2050 4791 2221 4832 unum
2254 4774 2758 4847 narrat,Egyptios
2805 4788 2835 4828 a
2862 4773 3144 4847 dextroin
3169 4768 3641 4847 _si|iistrt_t_t|t_lattt_s

2050 4848 2294 4904 scribere
2349 4837 2705 4901 consueViésc
2760 4861 2813 4914 p.
2859 4844 2963 4899 102
3020 4843 3105 4899 ed.
3159 4841 3418 4914 Gronovii
3465 4837 3641 4910 Lugd.

2050 4919 2239 4973 Batav.
2294 4933 2424 4971 ann.
2480 4916 2640 4970 l7l5.
2682 4912 3133 4970 Atillebrtcurum
3189 4912 3504 4965 nullatenus
3535 4925 3646 4965 mc-

2051 4989 2231 5052 tninit,
2264 4996 2320 5043 et
2342 4986 2563 5058 quidem
2594 5002 2674 5058 ea_
2685 4986 2963 5058 scribendi
2997 4983 3135 5058 ratio
3167 4982 3221 5058 in
3256 4979 3480 5058 oriente
3504 4994 3643 5058 pene

2050 5049 2376 5134 eomniunis'
2400 5059 2500 5134 [uit
2523 5097 2537 5120 ,
2568 5067 2627 5134 u_t
2660 5055 2908 5110 Halmius
2941 5071 3048 5110 non
3083 5052 3398 5134 dissimulat
3424 5051 3483 5134 in
3518 5049 3647 5134 ορε-

2049 5131 2324 5201 putatione
2383 5130 2447 5184 de
2505 5129 2790 5196 scriptura,
2819 5134 2953 5190 etc.,
2986 5141 3108 5198 cap.
3139 5123 3195 5187 5,
3250 5121 3640 5191 Analect.phi-

2052 5201 2289 5255 latonia.
2343 5200 2709 5255 etc..Crcnii.
2768 5212 2889 5255 nan.
2953 5197 3024 5253 46
3080 5215 3094 5250 :
3142 5195 3388 5255 ouinimo
3434 5190 3649 5248 Graecis

2052 5212 2289 5273 totogtc.,
2343 5212 2709 5270 etc.,L‘rcnIt,
2768 5212 2889 5267 pag.
2953 5212 3024 5253 ω
3080 5215 3094 5250 :
3142 5212 3388 5266 qutmmo
3434 5212 3644 5248 unctus

2051 5289 2309 5356 ειμιυειηον
2349 5270 2754 5357 “oravimus;
2783 5276 2836 5357 ει
2867 5267 3115 5357 lieres
3133 5266 3245 5357 se
3272 5264 3644 5357 «aee

2052 5333 2213 5415 cipue
2250 5333 2745 5398 consulendus'est
2772 5341 2842 5423 cl_.
2876 5340 3078 5396 Gorius
3120 5336 3268 5422 μαι.
3295 5333 3644 5417 ‘Etruscito—

2054 5414 2230 5481 moll,
2259 5428 2382 5485 pag.
2419 5412 2546 5485 {05,
2574 5410 2998 5485 eamscrtbendi
3031 5417 3299 5485 rationem
3335 5419 3444 5485 n_on
3461 5404 3641 5485 [uisse

2054 5472 2391 5568 incognitam
2422 5472 2585 5539 docet
2610 5472 2674 5537 'in
2709 5483 2854 5537 libro
2876 5523 2898 5565 .,
2924 5497 3106 5608 auem.
3132 5475 3415 5559 inscripsit
3450 5474 3641 5545 Delphi

2056 5556 2500 5608 thmcizantes.
2535 5563 2667 5608 etc..
2693 5569 2742 5608 c.
2781 5553 2888 5608 lt):
2971 5551 3250 5608 dmundus
3274 5545 3641 5604 Dtcldnsonus

2056 5545 2500 5618 Phanii-ianum,
2535 5563 2667 5618 etc._.
2693 5569 2742 5609 c.
2781 5553 2851 5609 10
2872 5545 2894 5622 ξ’
2924 5545 3645 5622 Edmunduslﬁckinsonus

2056 5627 2342 5681 παιδί-ἰαιιο
2388 5641 2405 5680 1
2457 5618 2886 5697 Opusculorum,
2931 5633 3077 5697 _etc.,
3106 5620 3295 5678 Crenii
3346 5632 3474 5697 pag.
3515 5618 3639 5674 1M.

2057 5698 2458 5774 Dic-kinsonum
2504 5689 2568 5753 'in
2620 5697 2766 5774 n_otis
2820 5689 3302 5774 ad__llertnannum
3337 5689 3643 5774 Euganea:

2054 5787 2230 5843 neque
2257 5768 2606 5828 Christianus
2636 5767 2804 5822 Trotz
2832 5764 3099 5823 indictum
3131 5764 3419 5837 praeteriit.
