3988 6418
478 336 580 392 τιιῖ

479 543 751 599 Manasse.

547 638 680 691 Item
719 635 1014 691 undecima
1045 635 1259 691 numeri
1287 633 1491 689 divisio
1535 634 1821 704 probatur,
1848 631 2066 702 quando

479 730 804 799 praecipitur
865 729 983 793 eis,
1055 737 1348 797 antequam
1422 726 1801 795 ingrediantur
1861 732 2064 779 terram

477 820 668 887 Israel,
715 837 838 875 mox
877 818 1299 875 translretantes
1348 817 1666 880 Iordanem,
1713 825 1859 872 stent
1899 833 2066 887 super

479 914 620 968 duos
671 921 884 966 montes
925 912 1146 966 (iarizin
1191 920 1244 966 et
1294 910 1463 964 Gebal
1497 911 1536 974 ί,
1589 924 1682 964 sex
1729 909 1855 962 hinc
1903 919 2066 978 atque

481 1004 630 1069 inde,
669 1005 733 1058 ad
775 1003 1206 1059 benedicendum
1256 1003 1339 1056 his
1377 1001 1470 1072 qui
1508 1000 1830 1056 custodiunt
1867 1000 2061 1070 legem,

483 1101 536 1148 et
565 1094 630 1148 ad
660 1095 1096 1149 maledicendum
1130 1095 1214 1149 his
1249 1094 1340 1163 qui
1373 1093 1507 1164 legis
1540 1103 1811 1164 przecepta
1845 1108 2065 1148 servare

483 1186 940 1253 contempserint,
972 1192 1027 1237 et
1058 1190 1142 1238 est
1183 1184 1287 1237 ista
1317 1181 1594 1234 contextio
1634 1181 1884 1246 numeri;
1936 1195 2062 1233 nam

481 1290 648 1344 super
678 1275 1089 1331 benedictiones
1114 1273 1398 1328 conm-cuti
1438 1280 1588 1336 sunt,
1629 1271 1868 1333 Sitneon,
1908 1269 2061 1335 Levi,

478 1361 668 1428 Iudas,
702 1364 976 1427 lssachar,
1031 1362 1257 1432 Ioseph,
1294 1372 1347 1416 et
1381 1360 1704 1430 Benjamin;
1739 1376 1906 1429 super
1945 1375 2063 1414 ma-

478 1456 799 1510 ledictiones
839 1466 1020 1510 autem
1055 1456 1142 1521 Iii,
1180 1453 1393 1520 Ruben,
1423 1453 1560 1520 Gud,
1597 1455 1756 1516 Aser,
1795 1451 2059 1518 Zabulon,

475 1544 614 1607 Dan,
647 1555 701 1600 et
736 1545 1008 1616 Nrplalin.

545 1636 880 1692 Duodecima
925 1654 1120 1693 rursus
1164 1645 1247 1692 est
1279 1636 1480 1691 divisio
1525 1636 1739 1691 numeri
1781 1650 1905 1690 cum
1943 1651 2062 1690 sor-

474 1725 690 1780 tiuntur
736 1735 938 1781 terram
994 1728 1368 1798 possessionis
1413 1743 1526 1780 sua!
1574 1726 1714 1797 (45),
1765 1735 1817 1781 et
1868 1726 2059 1781 Ruben

1755 330 1928 384 LIBRI
1973 331 2060 384 DE
2097 333 2184 386 .‘Lll
2225 335 2486 389 οιιιιλιιδ
3627 339 3720 399 548

479 453 548 508 de
580 447 782 520 Ioseph
809 466 822 504 :
852 449 967 504 haec
992 457 1124 505 sunt
1159 447 1327 504 millia
1361 446 1630 518 Ephrem;
1669 457 1720 502 et
1753 447 1865 502 hanc
1895 447 2067 501 millia
2097 457 2138 510 Α

2251 449 2503 505 Forsitan
2543 461 2724 506 autem
2783 462 2837 507 et
2869 453 2995 509 aliis
3027 453 3161 508 locis
3194 453 3304 524 (Ili)
3336 453 3544 508 numeri
3583 457 3724 514 aliter

2173 541 2524 594 inveniantur
2549 541 2666 614 [47]
2691 541 2955 612 ascripti;
2989 558 3088 598 nos
3131 554 3311 597 tamen
3345 543 3478 598 istos
3501 543 3725 601 invenire

2172 635 2472 702 potuimus,
2504 643 2558 689 et
2605 636 2687 689 ha:
2719 637 2945 706 quidem
2981 644 3111 692 sunt
3141 634 3459 699 divisiones,
3503 651 3620 705 qua:
3648 651 3726 692 se-

2171 724 2410 777 cundum
2437 740 2728 779 numerum
2763 725 2988 779 diverso
3019 725 3181 778 modo
3208 732 3423 778 constat
3451 739 3572 780 esse
3592 740 3726 780 com-

2171 817 2364 886 posita:
2431 817 2566 887 (I7),
2646 833 2788 871 nunc
2831 818 3052 888 quidem
3085 819 3388 872 secundum
3422 826 3725 888 praeceptum

2171 906 2408 969 Domini,
2439 924 2587 962 nunc
2629 918 2811 962 autem
2866 909 3024 978 juxta
3057 909 3394 978 singulorum
3439 910 3725 980 principum

2169 996 2500 1051 voluntatem
2532 1017 2544 1052 :
2579 999 2705 1052 dico
2737 1013 2869 1053 vero
2917 998 3052 1053 Mosi
3097 1009 3151 1053 ct
3196 999 3323 1054 Iesu
3366 998 3533 1063 Nave,
3567 1008 3618 1055 et
3644 1004 3728 1071 qui

2168 1087 2428 1158 deinceps
2467 1105 2660 1144 eorum
2710 1106 3065 1148 successores
3113 1093 3377 1148 exsistere
3408 1103 3725 1149 meruerunt.

2170 1178 2278 1233 Nec
2309 1181 2428 1234 sine
2456 1180 2670 1250 Spiritu
2705 1182 2755 1235 id
2787 1193 2967 1236 actum
3003 1191 3105 1247 est,
3142 1182 3259 1246 sed,
3290 1191 3348 1236 ut
3381 1183 3570 1248 voluit,
3602 1183 3726 1238 idem

2174 1268 2415 1339 Spiritus
2457 1282 2684 1327 sanctus
2723 1274 3084 1334 enumeravit,
3118 1285 3279 1342 atque
3336 1271 3602 1342 disposuit
3625 1274 3727 1328 sin-

2169 1363 2326 1432 gulas
2381 1365 2814 1432 conscquentias
2856 1364 3010 1433 juxta
3066 1363 3338 1433 propriam
3393 1365 3726 1418 voluntatem.

2171 1454 2492 1518 Revertens,
2520 1458 2660 1509 idem
2690 1455 2757 1509 de
2789 1457 2874 1508 his
2909 1471 3018 1508 uno
3052 1456 3168 1508 loco
3199 1454 3434 1508 breviter
3481 1463 3533 1508 et
3560 1469 3729 1510 conse-

2165 1555 2396 1617 quenter
2438 1548 2741 1602 edisseram
2774 1547 3107 1615 easdemque
3151 1545 3564 1616 quatuordecim
3608 1546 3729 1601 divi-

2167 1641 2372 1703 siones,
2410 1639 2716 1709 harumque
2751 1640 3102 1694 selectiones.
3149 1636 3264 1692 Non
3303 1639 3354 1691 in
3396 1654 3620 1691 vacuum
3657 1637 3729 1691 la-

2167 1731 2333 1797 ciam,
2367 1747 2470 1786 nec
2524 1741 2581 1785 ut
2608 1733 2945 1786 venerationi
2987 1741 3093 1785 tuae
3120 1731 3235 1784 haec
3269 1731 3574 1784 recensenti
3624 1743 3729 1782 mo-

473 1826 624 1874 sorte
663 1819 933 1886 contingit
972 1829 1124 1872 trans
1158 1818 1474 1879 Iordanem,
1524 1827 1818 1888 antequam
1859 1819 2059 1872 trausi—
2093 1803 2134 1858 Β
2165 1826 2335 1881 [estus
2374 1827 2676 1892 exsistam;
2725 1825 2818 1880 sed
2850 1833 2907 1879 ut
2947 1825 3187 1888 noveris,
3221 1822 3367 1892 quod
3400 1824 3512 1891 jam
3543 1821 3630 1876 Dei
3669 1823 3729 1876 sit

478 1919 638 1964 retur
666 1909 718 1963 in
747 1919 955 1963 terram
991 1911 1178 1972 Israel,
1212 1919 1267 1964 et
1298 1910 1525 1986 est.ista
1555 1910 1874 1965 distributio
1901 1928 1913 1963 :
1949 1908 2059 1964 Ru-

473 2001 605 2068 ben,
639 2009 694 2056 et
725 2003 884 2071 juxta
921 2001 1180 2058 eumGad
1211 2013 1263 2057 et
1291 2003 1517 2057 dimidia
1575 2003 1754 2056 tribus
1786 2001 2054 2058 Manasse.

473 2077 610 2148 Dein
652 2100 1004 2147 transeuntes
1042 2091 1338 2147 Iordanem
1386 2093 1597 2162 primus
1633 2091 1805 2148 Iudas
1838 2093 2056 2163 accipit,

472 2191 592 2236 tum
627 2181 936 2252 Benjamin,
989 2183 1115 2238 dein
1149 2183 1351 2254 Ioseph
1397 2201 1462 2239 ex
1504 2185 1776 2250 Manasse,
1808 2186 1935 2241 dein
1975 2186 2060 2240 Si-

467 2289 629 2330 meon
660 2275 801 2330 inter
831 2275 1114 2345 Benjamin
1146 2286 1200 2330 et
1223 2275 1418 2332 Iudam
1460 2277 1703 2341 locatus,
1740 2288 1814 2341 et,
1879 2287 1935 2331 ut
1985 2278 2058 2332 ita

467 2366 724 2432 dixerim,
779 2378 1177 2437 coangustatus
1228 2378 1334 2426 est.
1383 2373 1514 2440 quia
1565 2372 1676 2426 illis
1728 2373 1904 2440 spatia
1948 2387 2057 2426 non

469 2461 713 2517 fuerunt.
742 2461 876 2516 Dein
911 2461 1158 2516 Zabulon
1191 2469 1395 2517 terram
1431 2463 1815 2533 consequitur,
1840 2475 1891 2518 et
1916 2463 2060 2520 Issa-

481 2553 637 2619 char,
682 2564 736 2609 et
776 2555 936 2621 Aser,
995 2553 1115 2625 με]
1161 2562 1216 2609 et
1277 2554 1572 2624 Neptalim,
1617 2565 1673 2611 et
1747 2555 1884 2611 Dan.
1928 2557 2058 2611 Levi

471 2661 606 2700 sane
644 2646 698 2699 in
747 2647 1003 2700 omnibus
1052 2647 1340 2716 dispersus
1384 2655 1470 2701 est
1513 2648 1768 2704 tribubus
1807 2649 2058 2706 civitates

479 2739 827 2794 solummodo
858 2747 910 2792 et
950 2739 1266 2794 suburbana
1295 2740 1624 2809 percipiens.

542 2831 758 2886 Rursus
800 2831 964 2885 tertia
995 2830 1207 2885 decima
1235 2831 1432 2886 divisio
1467 2833 1680 2887 numeri
1723 2834 1966 2888 occurrit
1992 2851 2058 2890 ex

466 2919 737 2976 Zaeharia
781 2922 1090 2992 proplieta'
1131 2923 1277 2978 sicut
1319 2923 1494 2979 dicit:
1537 2923 1602 2978 In
1636 2925 1734 2978 illa
1759 2924 1849 2979 die
1900 2926 2058 2996 plan-

465 3021 588 3082 gent
628 3030 809 3068 omnes
841 3015 1013 3068 tribus
1047 3025 1203 3069 terra
1226 3031 1244 3068 :
1277 3016 1446 3071 tribus
1480 3017 1672 3072 domus
1704 3018 1875 3072 Darid
1904 3035 2059 3088 super

2163 1917 2444 1987 adjuvare,
2488 1926 2548 1971 ut
2597 1919 2895 1986 unicuique
2941 1917 3107 1971 tribui
3163 1924 3498 1971 memoratos
3542 1913 3729 1984 lapides

2165 2010 2438 2062 veraciter
2465 2018 2725 2079 eoaptare
2755 2008 3051 2078 possimus.

2241 2099 2356 2172 [48]
2397 2099 2471 2154 Ex
2507 2102 2781 2170 cogitante
2813 2101 2982 2170 igitur
3017 2100 3248 2153 multmn
3281 2108 3489 2164 mente,
3512 2104 3731 2150 tractau-

2163 2202 2246 2247 tes
2278 2194 2437 2260 juxta
2486 2194 2884 2262 experientiam
2932 2194 3098 2261 hujus
3141 2193 3456 2257 electionis,
3512 2190 3731 2260 suggerit

2163 2285 2322 2338 nobis
2366 2285 2584 2338 animus
2625 2291 2680 2338 et
2716 2284 2832 2354 ipsa
2866 2281 3262 2354 consequenlia
3309 2282 3583 2347 lectionis,
3611 2296 3732 2350 qua-

2162 2380 2287 2435 liter
2329 2379 2694 2434 animadverti
2731 2379 2901 2450 possit
2945 2378 3248 2450 quadratus
3293 2376 3434 2432 ordo
3471 2373 3730 2430 rationalis

2163 2486 2229 2524 ex
2261 2471 2530 2540 appositis
2586 2470 2857 2540 lapidibus
2905 2469 3207 2524 secundum
3257 2474 3562 2522 memorata
3592 2479 3730 2518 voca-

2164 2561 2312 2615 bula.
2354 2559 2690 2630 Requiratur
2738 2561 2849 2630 jam
2897 2560 2965 2614 de
3015 2559 3252 2629 singulis
3295 2559 3545 2613 numeris
3588 2557 3728 2611 sicuti

2162 2654 2403 2708 discreta
2439 2659 2524 2706 est
2562 2666 2904 2720 unaqumque
2933 2650 3150 2712 divisio,
3185 2651 3373 2720 qualis
3426 2649 3494 2703 ad
3531 2663 3730 2702 eorum-

2163 2747 2286 2801 dem
2312 2745 2550 2814 lapidum
2582 2744 2851 2796 rationem
2883 2741 3281 2810 lectionemque
3312 2743 3387 2796 sit
3411 2756 3727 2812 congruens;

2160 2846 2214 2892 et
2252 2837 2568 2906 ubicunque
2599 2835 2820 2904 quidem
2863 2834 3334 2888 dinumeralarum
3377 2833 3614 2887 tribuunt
3643 2838 3732 2885 sla-

2162 2938 2276 2982 tum
2313 2928 2368 2981 iu
2412 2927 2548 2981 locis
2597 2926 2829 2996 singulis
2880 2925 3246 2996 inspeximus,
3285 2933 3580 2995 menteque
3622 2938 3729 2993 pcr-

2161 3018 2451 3088 peudimus
2479 3032 2585 3069 non
2627 3032 2788 3086 posse
2823 3017 3164 3078 naturaliter,
3196 3023 3254 3069 ut
3307 3029 3573 3070 numerus
3597 3010 3730 3084 quili-

466 3119 544 3170 δε,
573 3112 625 3158 et
671 3105 919 3161 mulieres
953 3123 1138 3161 earum
1179 3123 1338 3176 super
1371 3124 1458 3171 se;
1504 3109 1674 3163 tribus
1699 3109 1889 3164 domus
1937 3109 2050 3164 Na-
2084 3143 2126 3200 ϐ
2164 3109 2252 3162 bet
2276 3123 2490 3172 eorum,
2517 3095 2610 3177 qui
2649 3120 2978 3175 unaquaque
3001 3105 3274 3160 divisione
3300 3103 3576 3158 numerati
3600 3109 3728 3166 sunt,

466 3196 594 3251 (hau
627 3212 782 3265 super
825 3214 912 3263 se,
957 3207 1005 3252 et
1044 3198 1288 3253 mulieres
1343 3216 1525 3254 earum
1569 3218 1728 3271 super
1759 3219 1842 3266 se;
1885 3203 2054 3256 tribus

463 3289 653 3344 domus
695 3289 818 3344 Levi
864 3307 1024 3357 super
1069 3308 1145 3355 se,
1189 3302 1238 3346 et
1282 3293 1528 3348 mulieres
1554 3311 1739 3348 earum
1780 3312 1933 3362 super
1963 3312 2052 3360 se;

469 3384 642 3439 tribus
673 3383 861 3438 domus
891 3383 1107 3440 Simeon
1132 3401 1287 3454 super
1303 3403 1377 3451 se,
1408 3398 1457 3442 et
1489 3389 1730 3444 mulieres
1751 3406 1934 3443 earum
1964 3407 2056 3444 su-

463 3492 557 3543 per
590 3494 664 3530 se.
709 3475 1071 3547 Plangentque
1102 3488 1309 3533 cunctis
1339 3481 1568 3534 residuw
1618 3480 1809 3543 tribus,
1854 3489 1908 3534 et
1946 3496 2052 3534 non

466 3569 772 3622 nominavit
801 3588 813 3622 :
843 3570 1005 3639 queis
1030 3585 1132 3625 nos
1162 3577 1343 3625 autem
1371 3582 1592 3642 propter
1658 3574 1822 3627 situm
1857 3573 2057 3628 descri-

467 3662 676 3733 ptionis
719 3670 899 3723 terrae,
943 3664 1085 3718 hanc
1108 3665 1558 3734 consequentiam
1603 3681 1729 3721 esse
1773 3668 2056 3736 perspexi-

469 3767 617 3816 mus,
647 3760 708 3806 ut
745 3753 818 3808 sit
859 3753 1037 3809 tribus
1079 3753 1386 3824 Benjamin,
1419 3753 1541 3808 dein
1572 3752 1796 3825 Ioseph,
1840 3755 2053 3824 Ruben,

467 3839 900 3909 Gad,Zabulon,
933 3843 1210 3910 lssaehar,
1267 3846 1424 3912 Aser,
1473 3846 1745 3918 Neptalim
1802 3855 1856 3903 et
1915 3848 2052 3903 Dan.

541 3933 672 3990 Item
704 3945 902 4007 quarta
931 3935 1144 3991 decima
1177 3937 1381 3993 divisio
1408 3939 1622 3994 numeri
1658 3939 1847 3995 subest
1870 3956 1936 3996 ex
1970 3957 2056 3996 re-

466 4025 745 4083 velatione
774 4027 834 4084 S.
863 4026 1093 4083 Ioannis
1124 4029 1146 4060 ³
1187 4030 1283 4100 qui
1313 4029 1682 4086 dinumeravit
1707 4046 1774 4086 ex
1811 4046 2056 4102 unaqua-

467 4135 579 4189 que
623 4119 768 4175 tribu
807 4117 1097 4174 duodecim
1148 4121 1321 4174 millia
1353 4135 1564 4187 eorum,
1613 4124 1707 4193 qui
1742 4124 2056 4194 virginitate

469 4211 796 4266 sanctiﬁcati
827 4219 976 4275 sunt,
1009 4212 1084 4266 ait
1111 4212 1257 4268 enim
1292 4231 1304 4267 :
1342 4213 1416 4268 De
1443 4212 1584 4269 Iuda
1613 4216 1900 4271 duodecim
1930 4216 2056 4270 mil-

465 4301 542 4355 lia
571 4317 585 4356 :
620 4302 688 4358 de
717 4301 911 4357 Ruben
944 4303 1221 4367 similiter,
1255 4304 1384 4358 exin
1416 4303 1484 4357 de
1521 4303 1660 4370 Gad,
1687 4306 1754 4360 de
1792 4307 1952 4370 Aser,
1988 4307 2056 4361 de

465 4392 702 4463 Neptali,
765 4395 833 4448 de
892 4395 1158 4458 Mauasse,
1209 4395 1277 4450 de
1323 4395 1600 4459 Simeone,
1657 4398 1726 4453 de
1792 4398 1940 4462 Levi,
1989 4401 2056 4453 de

2166 3212 2335 3250 unum
2382 3211 2578 3251 nomen
2613 3197 2797 3250 minus
2843 3195 3053 3249 habens
3094 3211 3159 3250 ex
3194 3195 3480 3259 tribubus,
3515 3193 3731 3263 appella-

2165 3288 2300 3342 tioni
2355 3288 2550 3343 borum
2595 3286 2834 3357 lapidum
2884 3285 3154 3356 coaplari.
3204 3284 3444 3356 ldquue
3497 3284 3728 3356 protinus

2164 3381 2491 3435 divisionem
2522 3381 2823 3435 secundam
2869 3381 2972 3434 rite
3013 3378 3364 3443 sustulimus,
3410 3385 3594 3447 utpote
3629 3389 3731 3444 quae

2166 3473 2364 3527 horum
2410 3472 2649 3541 lapidum
2691 3469 3115 3526 consonantiam
3160 3469 3362 3523 habere
3407 3484 3516 3522 non
3559 3466 3729 3538 possit,

2166 3573 2453 3636 propterea
2518 3565 2648 3634 quia
2703 3563 2914 3634 primos
2972 3570 3138 3632 ponat
3195 3560 3308 3615 Dan
3368 3569 3426 3616 et
3467 3559 3728 3630 Neptalini,

2176 3658 2293 3712 Gad
2334 3667 2388 3712 et
2436 3658 2592 3717 Aser,
2651 3657 2754 3711 hoc
2812 3663 2919 3722 est,
2953 3656 3277 3709 ancillaruin
3326 3655 3494 3721 ﬁlios,
3535 3650 3730 3721 quando

2167 3751 2392 3804 mittens
2429 3747 2608 3803 Iacob
2641 3747 2785 3802 Esau
2827 3763 3053 3802 munera
3105 3748 3159 3800 in
3208 3755 3452 3800 turtnam
3501 3761 3593 3800 eos
3633 3742 3728 3812 pri-

2166 3855 2309 3894 mam
2343 3841 2552 3895 divisit.
2584 3838 2714 3892 Post
2746 3838 2861 3892 [nec
2891 3847 3074 3893 autem
3112 3838 3252 3892 ﬁlios
3285 3836 3399 3891 Lim
3432 3839 3560 3892 l‘ecit
3590 3835 3728 3889 aliam

2165 3941 2427 3987 turmam.
2458 3931 2592 3986 Dein
2634 3931 2776 3985 ﬁlios
2808 3929 3014 3984 Rachel
3065 3941 3301 3983 turmam
3334 3932 3576 3985 tertiam.
3614 3926 3728 3980 Nam

2166 4045 2292 4084 cum
2334 4025 2690 4095 pretiosiores
2727 4022 2930 4092 lapides
2976 4023 3088 4075 sint
3115 4023 3167 4075 iu
3206 4023 3481 4092 principio
3512 4019 3732 4075 rationa-

2168 4121 2257 4183 lis,
2292 4132 2458 4188 porro
2489 4117 2580 4170 ﬁlii
2615 4102 2940 4168 ancillarum
2991 4112 3283 4166 inferiores
3329 4114 3649 4172 habeantur,
3686 4116 3733 4162 et

2170 4212 2260 4266 hic
2290 4211 2527 4281 primum
2561 4208 2723 4278 positi
2753 4206 2886 4271 sint,
2921 4205 3259 4276 impossibile
3297 4213 3382 4260 est
3409 4221 3505 4260 eos
3533 4203 3595 4257 ad
3620 4215 3731 4256 cau-

2169 4319 2285 4360 sam
2336 4301 2646 4363 rationalis,
2692 4300 2746 4355 in
2785 4299 2890 4353 hac
2934 4297 3151 4352 numeri
3194 4306 3371 4367 parte,
3427 4308 3727 4366 congruere,

2171 4404 2397 4469 propter
2427 4396 2572 4465 quod
2607 4395 2680 4449 ita
2720 4409 2780 4449 se
2815 4394 3018 4448 habere
3056 4407 3166 4446 non
3199 4391 3392 4461 possit.
3425 4391 3554 4446 Item
3585 4401 3731 4459 quar-

470 4485 749 4549 Issachar,
799 4487 867 4540 de
919 4485 1185 4550 Zabulon,
1239 4488 1307 4542 de
1355 4487 1580 4556 Ioseph,
1630 4491 1697 4544 de
1749 4489 2052 4558 Beujamin.
2089 4507 2134 4562 ι)
2167 4499 2277 4544 tam
2313 4487 2661 4552 divisionem,
2711 4484 3152 4540 benedictionem
3191 4483 3385 4545 Iacob,
3438 4477 3728 4552 exploravi-

468 4575 753 4646 Nusquam
786 4591 920 4630 vero
953 4577 1007 4629 in
1051 4579 1154 4632 hoc
1187 4578 1309 4632 loco
1345 4580 1592 4632 meminit
1630 4579 1768 4633 Dan.

540 4762 556 4793 ί
608 4758 765 4816 Deut.
808 4777 978 4824 xxvn,
1021 4760 1086 4814 1’2
1128 4776 1250 4831 sqq.
1328 4761 1349 4792 ¹
1392 4760 1624 4817 Zachar.
1671 4778 1769 4831 xu,
1816 4765 1882 4819 l2
1921 4781 2020 4838 sqq

561 4939 650 5004 45)
675 4938 812 5011 Vide
839 4942 933 4996 lib.
968 4940 1136 4995 Iosue
1165 4957 1192 4993 a
1225 4957 1346 5011 cap.
1381 4959 1500 5006 xm,
1530 4945 1596 4997 ad
1627 4953 1799 4999 totum
1831 4963 1944 5001 xxi.

561 5011 650 5079 46)
703 5010 970 5086 Videntur
993 5010 1599 5086 Epiphanioexcidisse
1654 5024 1818 5086 caput
1851 5034 1879 5071 x
1931 5017 2054 5071 libri

465 5079 870 5155 Numerorum,
921 5084 1012 5155 ubi
1041 5079 1215 5155 saerr
1279 5079 1757 5155 historiographus
1806 5089 2056 5143 ordinem

467 5151 710 5224 exhibet,
750 5167 858 5221 quo
883 5154 1275 5219 gradiebantur
1300 5151 1562 5211 Israelita:
1594 5151 1717 5224 post
1739 5158 2055 5211 columnam

467 5223 669 5295 pubis,
709 5238 830 5292 qua:
879 5224 1256 5295 illos_pra:ivit
1305 5225 1359 5277 in
1400 5223 1656 5290 deserto,
1707 5235 1762 5282 et
1813 5229 2060 5295 ejusdem

469 5292 590 5347 libri
627 5309 746 5361 cap.
787 5308 935 5355 xxvi,
977 5293 1066 5347 tibi
1099 5293 1358 5348 Israelita!
1382 5311 1573 5350 omnes
1597 5313 1624 5349 a
1657 5292 1858 5366 viginti
1879 5297 2061 5359 annis,

469 5373 519 5416 et
570 5379 735 5437 supra
769 5371 1159 5437 numerantur:
1197 5373 1458 5437 praeterea
1487 5369 1605 5420 libri
1635 5367 1866 5437 l’aralip.
1917 5384 1966 5422 c.
2003 5383 2062 5429 ll,

468 5433 618 5502 quod
644 5431 914 5502 iifnripit;
955 5431 1086 5485 Filii
1115 5431 1286 5487 autem
1333 5433 1502 5490 Israel
1525 5477 1538 5497 ,
1588 5437 1788 5502 Ruben,
1817 5431 2056 5499 Simeon,

471 5501 632 5576 l_.evi_,
666 5500 810 5555 Judu
831 5500 1141 5576 1_Issaelt_ur
1171 5514 1274 5576 “et,
1317 5503 1558 5560 Zabulon
1586 5549 1601 5572 ,
1639 5500 1797 5570 Dan,
1830 5507 2024 5576 Ioseph
2045 5549 2059 5570 ,

475 5571 780 5646 Ilenjqinin,
818 5571 1131 5642 Nepluhali,
1159 5571 1274 5626 Cad
1322 5586 1369 5628 et
1414 5578 1578 5630 Aser:
1628 5590 1682 5631 et
1725 5579 1860 5633 ordo
1889 5619 1903 5642 ,
1953 5571 2062 5646 quo

477 5642 581 5714 lilii
629 5640 799 5697 Iacob
850 5640 1207 5698 recensentur
1265 5661 1388 5699 cum
1447 5649 1816 5714 quorumlibet
1871 5640 2058 5702 eorum

474 5710 686 5786 texitur
711 5715 1024 5784 genealogia
1049 5715 1316 5786 inceden
1349 5715 1442 5769 lib.
1467 5710 1489 5767 Ἰ
1524 5718 1755 5783 I’aralip.
1791 5735 1820 5770 a
1849 5735 1970 5786 cap.
2007 5735 2058 5775 ν.

479 5777 546 5831 ad
569 5777 915 5846 vm,necnon
942 5777 1268 5841 'Ezcchielis
1297 5801 1418 5856 cap.
1453 5802 1638 5851 xui”,
1658 5777 1746 5845 ubi
1765 5777 2062 5859 unicuique

2166 4597 2312 4646 mus,
2346 4579 2565 4650 quando
2610 4579 2852 4634 moriens
2889 4579 3014 4633 ﬁliis
3051 4575 3354 4633 benedixit.
3395 4575 3567 4632 Habet
3602 4574 3727 4630 enim

2121 4767 2142 4800 ³
2181 4771 2349 4838 Apoc.
2392 4781 2486 4831 vn,
2523 4765 2556 4818 4
2594 4781 2715 4834 sqq.

2163 4946 2330 4999 tribui
2366 4960 2427 4998 ea
2479 4952 2642 4996 terrm
2680 4951 2885 4998 sanetae
2911 4958 3036 5012 pars
3061 4941 3350 5007 asseritur,
3391 4957 3510 5012 quae
3536 4936 3726 4993 unicui-

2164 5033 2270 5084 quc
2327 5015 2554 5088 t'nttligil
2591 5014 2754 5088 ΜοειξΔ
2774 5021 2828 5088 et
2869 5012 3038 5088 Iosue
3077 5028 3196 5088 eam
3232 5021 3433 5088 terram
3471 5013 3726 5088 interdeos

2165 5083 2642 5141 distribuentibus.
2679 5083 2978 5155 _Quinimo
3007 5153 3016 5155 μ
3044 5085 3090 5139 si
3179 5083 3519 5138 meminisset
3583 5083 3724 5155 etiam

2165 5173 2286 5225 cap.
2355 5171 2429 5210 xu
2481 5157 2573 5209 lib.
2617 5155 2637 5208 l
2677 5147 2912 5223 Paralip.
2966 5153 3056 5208 ubi
3083 5155 3117 5208 ii
3160 5147 3724 5225 recensenturpopuli.

2168 5222 2259 5296 qui
2310 5244 2375 5280 ex
2429 5241 2758 5295 unaquaque
2802 5222 2948 5278 tribu
3004 5224 3177 5296 secuti
3230 5234 3362 5279 sunt
3403 5222 3644 5275 Davidem
3700 5231 3723 5265 ιι

2172 5295 2334 5352 Snule
2365 5298 2683 5364 fugientem,
2717 5310 2930 5348 net-non
2990 5295 3256 5359 tribuum,
3283 5311 3404 5363 qua:
3439 5300 3721 5364 memorant

2172 5379 2260 5423 tur
2295 5370 2347 5421 in
2389 5358 2676 5421 [Rabboer
2706 5366 2945 5425 cantico,
2982 5363 3106 5418 Iud.
3149 5381 3201 5426 v,
3247 5358 3361 5418 ista
3392 5375 3630 5432 quoque,
3675 5358 3724 5406 ul

2169 5449 2317 5509 puto.
2357 5452 2464 5490 non
2492 5437 2848 5506 praeterisset.
2883 5435 3108 5509 Detnuut
3139 5444 3249 5509 tum
3279 5429 3723 5509 prinieNumerof

2167 5503 2285 5583 rum
2335 5503 2554 5578 capite,
2614 5516 2727 5560 tum
2775 5507 3006 5575 septimo
3059 5503 3352 5583 duodecim
3381 5503 3551 5583 tribus
3591 5507 3723 5583 νηὶ-Ξ)

2166 5580 2358 5634 ordine
2407 5573 2734 5633 'nutneratas
2788 5573 3080 5630 «iau'iirrere
3136 5573 3534 5629 animadvertas
3582 5573 3718 5620 \‘t‘iim

2168 5650 2470 5706 secundum
2509 5665 2594 5712 ea,
2634 5664 2754 5717 qua:
2783 5648 2928 5702 dicta
2970 5655 3098 5701 sunt
3146 5661 3265 5714 pag.
3299 5645 3387 5717 43.

2168 5789 2190 5844 f
2240 5721 2352 5844 (fit?)
2379 5719 2560 5774 Bonus
2584 5714 2853 5788 interpres
2902 5715 3337 5786 grazcizat,quod
3367 5714 3497 5772 alias
3522 5715 3717 5780 quoque

2190 5808 2267 5844 ill'I
2303 5827 2316 5841 α

2190 5799 2316 5844 aut.
