3988 6404
354 305 461 364 ξο49

1710 313 1962 372 VERSIO
1998 314 2330 383 ANTIQUA.

3538 324 3643 382 ὅδ’)

360 427 600 501 primum
658 426 874 496 Ruben,
915 430 1078 503 252
1120 431 1246 510 [49]
1269 432 1395 488 dein
1458 433 1681 489 Simeon
1721 444 1776 490 et
1823 435 1953 491 Levi
1989 444 2027 500 Α
2061 434 2267 506 Joseph
2300 446 2625 494 numeratus
2669 446 2791 497 est:
2833 438 3077 509 beryllus
3121 445 3302 495 autem
3346 439 3404 494 in
3439 439 3638 512 Ioseph

364 519 534 576 simul
581 521 915 590 adjunctos,
959 522 1035 577 ita
1083 534 1142 577 ut
1190 524 1297 580 ista
1347 525 1635 597 utriusque
1675 528 1954 598 copulatio

363 611 568 667 borum
624 612 870 685 lapidum
936 616 1313 685 congruentia:
1362 616 1613 672 videatur
1666 619 1951 675 obsistere.

367 702 608 776 Ideoque
650 704 814 760 istam
863 721 1084 777 quoque
1125 707 1474 775 sustulimus,
1510 724 1635 764 cum
1683 710 1957 782 lapidibus

368 793 497 852 istis
528 794 938 850 accommodari
967 795 1198 852 minime
1228 799 1423 868 possit.

410 884 796 963 .lnspeximus
827 895 1010 943 autem
1053 899 1109 944 et
1137 892 1388 960 quintam
1432 891 1787 960 divisionem,
1838 908 1958 963 qua:

370 978 619 1034 c’wtinet
678 978 896 1033 initium
969 982 1304 1053 egressionis
1370 982 1607 1038 ﬁliorum
1665 984 1834 1040 Israel
1890 1001 1957 1041 ex

373 1067 635 1142 Egypto,
676 1076 732 1123 et
772 1068 1087 1125 invenimus
1119 1086 1239 1126 eam
1290 1079 1702 1143 praeponentem
1755 1074 1958 1128 libera-

377 1176 495 1215 rum
531 1162 695 1227 lilios,
732 1168 788 1217 et
821 1161 1144 1216 ancillarum
1180 1162 1339 1233 juxta
1366 1163 1785 1235 compositionis
1810 1164 1961 1218 ordi-

377 1270 497 1308 nem
545 1263 974 1324 supponentem,
1030 1255 1440 1327 facientemque
1490 1257 1859 1321 novissimos;
1907 1268 1962 1312 et

373 1350 447 1405 ob
479 1351 583 1405 hoc
614 1350 760 1420 quod
786 1347 988 1421 Joseph
1021 1350 1078 1405 in
1114 1350 1353 1422 Egypto
1382 1352 1719 1407 constitutus
1742 1359 1959 1423 postre-

374 1457 499 1497 mus
544 1443 861 1500 nominatus
906 1454 1012 1507 est,
1060 1444 1558 1500 animadvertimus
1603 1445 1800 1499 iterum
1851 1460 1959 1499 non

372 1549 541 1604 posse
571 1534 783 1604 lapides
813 1535 953 1590 istos
979 1544 1405 1590 memoratarum
1440 1536 1684 1592 tribuum
1715 1537 1960 1607 coaptari

372 1625 696 1681 nominibus
720 1643 735 1689 ;
768 1634 826 1681 et
852 1626 999 1697 quod
1026 1627 1356 1680 naturaliter
1385 1628 1695 1699 onychinus
1738 1628 1879 1698 lapis
1905 1628 1960 1682 in

2057 530 2516 586 accommodatus
2570 530 2642 585 ob
2674 531 3172 602 contemplationes
3218 532 3397 587 eidem
3447 548 3649 590 conso-

2057 632 2273 687 nantes.
2298 624 2552 696 quamvis
2579 624 2806 680 ultimus
2833 625 2975 696 lapis
3009 627 3127 695 ipse
3152 635 3491 689 numeretur.
3516 630 3643 698 quia

2059 721 2141 775 sic
2175 718 2402 784 accidit,
2431 725 2486 774 et
2511 714 2716 789 Ioseph
2747 718 3109 773 novissimum
3138 719 3333 782 scribi,
3362 719 3505 774 sicut
3538 720 3646 777 frc-

2059 820 2295 884 quenter
2325 811 2561 867 asserui.
2621 838 2627 844 ~

2132 901 2629 974 Transgredientes
2681 901 2848 972 igitur
2891 910 2945 957 et
2991 900 3136 955 hanc
3190 901 3520 957 divisionem
3561 916 3650 957 re-

2071 996 2356 1068 speximus
2379 994 2799 1066 dispositionem
2829 1001 3043 1049 sextam
3083 994 3241 1063 juxta
3272 995 3651 1049 dinumerata-

2063 1102 2182 1141 rum
2226 1084 2472 1141 tribuum
2514 1083 2989 1153 consequentiam,
3043 1090 3098 1137 et
3141 1081 3455 1137 invenimus
3493 1080 3649 1149 juxta

2060 1178 2414 1235 metationem
2460 1184 2772 1230 castrorum
2806 1175 2973 1230 lsrael
3005 1173 3263 1245 quadrati
3297 1173 3537 1244 agminis
3559 1185 3653 1226 or-

2061 1271 2245 1326 dinem
2309 1268 2486 1341 magis
2537 1276 2797 1336 oportere
2846 1280 3153 1338 congruere
3196 1264 3451 1320 rationali
3495 1263 3653 1334 juxta

2066 1375 2257 1420 ternas
2301 1371 2356 1419 et
2394 1370 2582 1418 ternas
2616 1362 2816 1424 tribus,
2883 1361 3028 1414 sicut
3061 1360 3116 1413 in
3160 1358 3353 1414 eodem
3394 1355 3652 1411 rationali
3690 1406 3700 1414 .

2063 1456 2150 1511 fas
2189 1463 2308 1511 erat
2356 1469 2604 1516 cernere,
2641 1452 2789 1524 quod
2831 1453 3084 1522 quadrati
3134 1451 3348 1505 ordinis
3389 1450 3655 1521 probatur

2062 1554 2310 1609 exstare,
2341 1554 2395 1601 et
2436 1552 2558 1600 erat
2595 1545 2699 1598 hoc
2738 1540 3146 1614 planissimum,
3188 1551 3355 1612 atque
3386 1540 3651 1613 symboli-

2066 1653 2216 1704 cum,
2266 1638 2319 1693 id
2362 1644 2450 1692 est
2498 1636 2944 1706 signiﬁcativum,
3004 1645 3224 1707 propter
3261 1632 3654 1705 dispositiones

372 1732 613 1788 persona
644 1716 848 1788 Joseph
882 1719 1235 1790 interpretari
1262 1735 1373 1774 non
1402 1722 1598 1789 possit.
1634 1735 1809 1791 neque
1843 1736 1965 1774 l'llr-
2064 1730 2322 1783 ordinum
2387 1728 2928 1797 consonantiamque
2969 1735 3306 1790 castrorum.
3336 1726 3433 1782 sed
3472 1724 3526 1779 in
3565 1723 3656 1779 his

373 1824 473 1864 sus
495 1818 780 1865 extremus
805 1809 1010 1881 Joseph
1042 1811 1200 1881 juxta
1232 1813 1690 1883 compositionem
1717 1814 1960 1868 rationa-
1998 1797 2039 1852 Β
2065 1826 2321 1889 separata
2349 1819 2549 1881 tribus.
2592 1819 2771 1873 tribus
2799 1817 2926 1873 Levi
2956 1819 3117 1873 nobis
3165 1819 3402 1873 obstitit.
3438 1816 3657 1873 Consti-

374 1900 444 1955 lis
476 1901 644 1955 inseri
687 1900 906 1967 debeat,
952 1902 1059 1958 nisi
1097 1902 1243 1971 quod
1298 1903 1678 1958 tantummodo
1714 1906 1960 1960 necessi--

375 1999 488 2047 tate
516 2000 945 2063 prtepostcratus
965 1996 1056 2058 sit,
1085 2004 1144 2050 ut
1164 2010 1288 2050 cum
1315 1995 1645 2052 undecimus
1670 1999 1959 2062 habeatur,

374 2089 467 2143 hic
498 2097 819 2144 numeretur
846 2088 1227 2153 duodecimus,
1250 2090 1408 2161 juxta
1450 2098 1735 2161 cogentem
1772 2108 1806 2145 n
1827 2106 1962 2147 ιουδ-

375 2183 601 2236 sitatem
635 2181 1062 2250 compositionis
1099 2180 1264 2251 hujus
1292 2184 1534 2249 nurneri,
1560 2198 1726 2254 quam
1760 2183 1963 2254 reperi-

374 2290 502 2330 mus
535 2274 868 2329 ordinatam.
920 2275 976 2328 In
1023 2274 1211 2331 Graeca
1245 2277 1449 2346 quippe
1494 2276 1794 2340 locutione,
1843 2292 1965 2347 quae

372 2381 441 2421 ex
481 2364 710 2422 Hebraea
749 2367 1015 2422 translata
1043 2376 1146 2428 est.
1182 2370 1516 2440 onychinum
1559 2369 1793 2439 lapidem
1820 2370 1960 2424 duo-

372 2459 654 2514 decimum
702 2458 1016 2515 invenimus
1054 2460 1317 2529 positum,
1362 2470 1530 2532 atque
1576 2461 1962 2526 novissimum,

373 2554 456 2608 ita
509 2566 570 2607 ut
631 2551 919 2621 Benjamin
967 2552 1022 2605 in
1084 2552 1604 2621 contemplationem
1651 2552 1739 2608 sui
1786 2552 1965 2607 modis

371 2644 635 2699 omnibus
665 2644 928 2699 attrahat.
966 2641 1328 2699 Undecimuln
1361 2658 1493 2699 vero
1530 2645 1841 2700 invenimus
1876 2645 1967 2700 bc-

370 2738 604 2807 rytlum,
649 2751 813 2806 quem
846 2743 900 2789 et
931 2736 1224 2792 undecimo
1266 2734 1471 2805 Josepb
1513 2745 1624 2790 tarn
1661 2736 1818 2806 juxta
1862 2753 1966 2791 nu-

371 2844 613 2893 merum,
647 2843 813 2898 quam
830 2826 994 2898 juxta
1025 2829 1541 2898 contemplationem
1564 2838 1969 2899 consequenter

369 2922 711 2993 aptavimus.
743 2919 1106 2991 lnspicientes
1133 2918 1247 2993 [5d]
1268 2921 1432 2976 etiam
1456 2919 1781 2976 llebraicam
1825 2922 1965 2975 Exo-

370 3013 532 3077 dum,
556 3013 612 3067 in
640 3026 747 3083 qua
766 3021 821 3068 et
842 3014 926 3066 lex
956 3012 1222 3083 probatur
1239 3012 1503 3082 ascripta,
1527 3013 1878 3083 legentesque
1900 3012 1968 3067 de

373 3105 635 3160 rationali
662 3105 785 3164 hoc.
816 3104 870 3158 in
902 3118 1011 3174 quo
1040 3104 1179 3160 elusi
1214 3113 1374 3160 erant
1434 3104 1524 3160 isti
1560 3105 1794 3174 lapides,
1817 3108 1968 3159 inve-

376 3199 603 3251 niemus
623 3197 962 3268 onychinqu
1003 3196 1240 3266 lapidem
1276 3197 1435 3251 aliter
1463 3196 1803 3250 ordinatum.
1859 3193 1970 3249 Un-
1998 3182 2041 3207 "

378 3286 633 3342 decimus
679 3287 893 3357 positus
931 3296 1078 3353 erat;
1124 3286 1366 3355 beryllus
1405 3285 1765 3340 duodecimus
1808 3294 1972 3356 atque

385 3376 843 3449 postremus(-l8).
861 3374 1018 3433 Unde
1036 3377 1429 3449 propemodum
1459 3378 1617 3433 nobis
1641 3379 1971 3449 ambiguitas

389 3477 506 3523 orta
531 3479 616 3527 est
645 3470 1102 3540 impedimentum
1136 3470 1515 3540 intelligentia:
1546 3468 1772 3531 faciens.
1802 3470 1969 3525 veluti

391 3560 570 3616 ﬁctam
607 3563 1127 3633 contemplationem
1178 3580 1279 3619 nos
1332 3566 1385 3618 in
1435 3564 1651 3620 duobus
1687 3564 1831 3627 istis,
1880 3566 1973 3619 be-

378 3656 504 3726 rylli
531 3655 676 3721 dico,
711 3668 766 3710 et
789 3655 1048 3727 onychini
1071 3655 1345 3727 lapidibus
1372 3642 1669 3723 attulisset,
1694 3657 1973 3711 dicebam-

375 3762 493 3818 que
524 3747 799 3817 quomodo
840 3747 896 3802 in
922 3748 1444 3819 supplicationibus,
1473 3759 1529 3804 et
1560 3749 1808 3804 oratione
1839 3765 1966 3803 con-

376 3838 539 3893 tiuua
570 3846 782 3907 poterat
813 3854 973 3895 error
1009 3840 1311 3903 oboriri,et
1353 3841 1614 3902 intellexi,
1657 3840 1804 3910 quod
1850 3841 1967 3895 dis-

376 3938 649 4002 pensante
689 3929 799 3984 Deo
871 3930 983 3986 hoc
1024 3931 1097 3985 ita
1133 3939 1415 4001 peractum
1449 3939 1567 3999 est;
1602 3939 1659 3986 ut
1698 3931 1841 3986 idem
1879 3929 1966 3985 Jo~

379 4020 521 4089 seph
548 4020 876 4077 undecimus
922 4023 1070 4075 inter
1103 4022 1299 4079 fratres
1331 4036 1463 4077 suos
1491 4023 1790 4089 exsistens,
1841 4022 1975 4077 duo-

380 4111 635 4168 decimus
695 4112 1039 4167 inveniretur
1086 4112 1242 4182 juxta
1298 4112 1754 4183 compositionem
1805 4111 1971 4181 hujus

378 4203 622 4267 numeri,
652 4203 744 4272 qui
777 4217 903 4257 eum
935 4202 1320 4257 duodecimum
1351 4217 1473 4257 esse
1494 4202 1816 4264 declaravit,
1844 4217 1969 4256 cum

380 4293 632 4350 diceret:
675 4291 875 4363 Ioseph
910 4302 1087 4347 autem
1121 4302 1236 4348 erat
1272 4294 1326 4347 in
1365 4290 1602 4364 zEgypto
1628 4294 1668 4347 '.
1722 4290 1971 4349 Scientes

380 4392 574 4461 itaque
602 4390 1021 4461 dispensatione
1059 4388 1271 4453 divina,
1310 4398 1533 4460 propter
1568 4388 1816 4443 veritatis
1839 4403 1973 4442 con-

2067 1922 2220 1967 tutus
2252 1918 2337 1967 est
2385 1914 2532 1966 enim
2566 1909 2760 1972 Judas.
2808 1912 3017 1965 habens
3064 1926 3252 1967 secum
3289 1910 3542 1966 lssaehar
3602 1917 3657 1967 ct

2068 2003 2341 2067 Zabulon,
2385 2004 2439 2057 in
2486 2019 2596 2057 uno
2637 2004 2953 2058 iactationis
2995 2003 3396 2070 contubernio;
3431 2012 3487 2058 et
3521 2017 3659 2057 con-

2067 2099 2297 2154 stitutus
2328 2105 2414 2152 est
2464 2098 2674 2167 primus
2719 2097 2784 2150 ad
2820 2097 3152 2151 orientalem
3189 2098 3400 2177 plagam
3433 2107 3659 2168 propter

2064 2184 2512 2258 signitieantiam,
2560 2193 2620 2238 ut
2669 2186 2904 2249 aestimo,
2983 2185 3149 2254 regite
3214 2187 3544 2255 potestatis.
3600 2196 3661 2242 et

2064 2278 2213 2350 quod
2245 2276 2439 2331 Ruben
2471 2293 2503 2330 a
2546 2277 2772 2347 propria
2815 2276 3072 2330 reciderit
3114 2276 3311 2346 gloria,
3342 2278 3471 2346 quia
3514 2284 3660 2332 stia~

2067 2378 2184 2426 tum
2220 2369 2582 2424 maculaverit
2621 2369 2824 2440 patris,
2857 2369 3002 2423 sicut
3041 2367 3246 2423 divinis
3278 2368 3503 2423 Litteris
3532 2383 3658 2439 pro-

2068 2464 2228 2518 batur
2265 2462 2600 2517 insertum'.
2647 2460 2708 2514 In
2757 2460 3000 2517 secunda
3042 2476 3170 2514 vero
3222 2460 3519 2515 metatioue
3565 2472 3661 2515 ca—

2069 2564 2311 2614 strorum
2359 2554 2554 2609 Ruben
2602 2554 2885 2607 ordinatur
2934 2568 3060 2607 cum
3111 2552 3369 2607 Simeone
3418 2562 3472 2606 et
3539 2552 3657 2608 Gad

2067 2663 2265 2705 versus
2284 2646 2351 2702 ad
2374 2662 2547 2707 mare.
2574 2647 2639 2700 ad
2660 2645 3002 2701 occidentem
3028 2662 3246 2715 quoque
3275 2644 3506 2714 Ephrem
3528 2659 3656 2699 cum

2072 2741 2190 2815 [52]
2235 2741 2493 2795 Manasse
2544 2748 2601 2794 et
2643 2737 2952 2807 Benjatniu,
2988 2740 3080 2808 qui
3120 2754 3313 2793 omnes
3346 2753 3412 2795 ex
3454 2737 3658 2794 Rachel

2069 2837 2124 2891 in
2172 2849 2282 2890 una
2336 2840 2622 2905 ponuntur
2666 2831 2967 2885 metatioue
3011 2837 3322 2883 castrorum
3368 2847 3382 2883 :
3433 2836 3661 2899 propter

2072 2928 2364 2983 Manassen
2428 2936 2583 3001 vero‘
2632 2921 2758 2978 Levi
2808 2921 3025 2977 videtur
3096 2922 3378 2976 exclusus.
3414 2921 3547 2975 Dein
3591 2920 3660 2975 ad

2071 3021 2389 3090 aquilonem
2413 3022 2664 3087 quartam
2698 3014 3050 3067 metationem
3084 3013 3337 3082 primitus
3370 3010 3485 3065 Dan
3528 3027 3665 3065 conv-

2074 3115 2232 3176 tinet,
2276 3110 2405 3165 deiu
2453 3113 2612 3173 Aser,
2657 3107 2855 3161 deinde
2898 3104 3205 3174 Neptalim,
3280 3112 3335 3158 et
3378 3119 3502 3157 cum
3533 3101 3663 3156 Levi

2075 3220 2187 3260 non
2241 3201 2556 3257 invenimus
2606 3200 2746 3252 inter
2788 3213 2884 3252 eos
2929 3196 3254 3258 admistum,
3302 3195 3663 3266 cognovimus

2074 3310 2175 3349 nec
2211 3294 2371 3348 istam
2415 3305 2577 3362 posse
2618 3278 3049 3360 descriptionem
3089 3286 3476 3357 compositioni
3519 3285 3661 3355 lapi-

2074 3388 2204 3441 dum
2250 3381 2680 3447 accommodari,
2716 3396 2785 3435 ne
2825 3379 3070 3434 videatur
3113 3379 3161 3433 ei
3215 3378 3447 3431 ﬁliorum
3497 3376 3663 3429 lsra.l

2074 3493 2246 3531 unum
2281 3474 2479 3530 deesse
2504 3473 2857 3527 vocabulum.
2879 3472 3225 3541 Quapropter
3253 3477 3308 3523 et
3330 3468 3472 3522 hanc
3498 3467 3663 3522 omit-

2076 3578 2256 3626 tentes
2302 3566 2644 3623 intendimus
2687 3564 2942 3620 divisioni
2993 3564 3241 3634 septimae
3270 3600 3286 3625 ,
3325 3575 3491 3631 quam
3532 3574 3663 3631 pro-

2074 3664 2224 3718 tinus
2254 3662 2583 3726 ademimus,
2602 3658 2694 3728 qui
2726 3673 2837 3711 non
2861 3672 2979 3712 eam
3012 3654 3359 3725 respeximus
3386 3649 3666 3721 composi—

2076 3755 2211 3809 tioni
2243 3753 2485 3824 lapidum
2514 3756 2934 3820 congruentem.
2978 3746 3107 3802 Haec
3138 3745 3284 3801 enim
3324 3744 3481 3813 juxta
3514 3742 3667 3811 prin-

2074 3850 2228 3918 cipes
2275 3845 2521 3899 tribuum
2558 3842 2624 3895 ad
2662 3848 2997 3913 praereptum
3036 3836 3249 3892 Domini
3290 3842 3508 3892 conStat
3541 3846 3667 3887 esse

2076 3948 2364 3995 numerata
2394 3978 2409 4005 ,
2453 3938 2508 3992 in
2559 3952 2666 4006 qua
2710 3935 2921 4005 primus
2968 3929 3257 3986 ordinatus
3298 3937 3384 3984 est
3426 3925 3619 3980 Ruben
3646 3963 3664 3988 ,

2074 4034 2202 4089 dein
2259 4030 2518 4086 lssachar
2576 4039 2629 4083 et
2696 4030 2790 4096 qui
2864 4032 3195 4096 sequuntur.
3240 4021 3441 4091 Joseph
3480 4026 3663 4073 autem

2076 4120 2324 4177 secundo
2369 4125 2697 4173 numeratus
2740 4127 2827 4172 est
2862 4123 3088 4186 prapter
3130 4112 3278 4184 quod
3322 4111 3561 4181 Ephrem
3607 4109 3664 4162 iu

2075 4224 2187 4264 uno
2211 4222 2465 4271 numero,
2491 4206 2774 4262 Manasses
2799 4205 2853 4259 in
2884 4208 3059 4259 altero
3089 4203 3161 4257 sit
3185 4204 3429 4266 locatus;
3454 4208 3509 4255 et
3535 4214 3661 4254 cum

2074 4300 2205 4356 Levi
2255 4315 2452 4355 rursus
2498 4308 2786 4369 exemptus
2833 4305 2938 4361 est,
2981 4296 3330 4367 nequivimus
3370 4307 3660 4348 numerum

2075 4400 2338 4462 coaptare
2379 4388 2658 4460 lapidibus
2687 4398 2914 4460 propter
2953 4385 3392 4442 immutationem
3427 4384 3581 4454 Levi,
3610 4396 3666 4441 et

381 4482 775 4553 templationes
806 4482 997 4552 berylli
1032 4481 1252 4552 lapidis,
1287 4495 1410 4552 qme
1451 4480 1505 4534 in
1540 4479 1724 4550 ipsum
1767 4477 1968 4549 Joseph
2005 4502 2051 4558 υ
2079 4494 2306 4557 propter
2356 4482 2721 4553 adjectionem
2764 4483 2932 4538 unius
2974 4483 3175 4546 tribus,
3210 4495 3332 4553 quae
3359 4481 3413 4535 in
3447 4479 3666 4537 duabus

380 4573 695 4645 explentur.
731 4574 976 4644 coaptari
1015 4573 1150 4646 (49),
1186 4574 1267 4628 sic
1292 4581 1377 4628 est
1401 4573 1750 4644 dispositum,
1780 4580 1836 4627 ut
1873 4572 1968 4629 be-

382 4670 563 4743 ryllus
587 4671 723 4741 lapis
742 4668 1108 4725 duodecimae
1153 4675 1451 4739 poneretur
1473 4674 1528 4723 et
1559 4667 1818 4733 ultimus;
1845 4681 1970 4721 nam

384 4768 443 4816 ct
467 4760 668 4830 .Ioseph
699 4774 826 4815 cum
862 4759 1008 4813 inter
1044 4758 1245 4813 fratres
1275 4757 1604 4813 undecimus
1647 4766 1818 4820 esset,
1861 4771 1973 4812 me-

386 4861 638 4908 moratur
670 4853 723 4905 in
752 4851 855 4906 hac
884 4859 1069 4905 tamen
1101 4848 1501 4921 compositione
1533 4848 1746 4904 numeri
1789 4862 1974 4920 egres-

386 4944 564 5001 sionis
620 4942 858 4999 ﬁliorum
915 4941 1083 4999 Israel
1160 4941 1555 5007 duodecimus,
1590 4948 1646 4995 et
1694 4950 1973 4996 extremus

388 5036 712 5092 ascribitur.
739 5034 929 5107 Itaque
963 5050 1191 5107 prorsus
1238 5034 1604 5089 illustratione
1631 5033 1817 5088 divina
1858 5030 1972 5105 [5t]

387 5135 442 5182 et
472 5126 885 5197 diSpensatione
915 5126 1054 5182 bene
1075 5126 1372 5181 admodum
1404 5125 1613 5180 relatus
1642 5131 1728 5180 est
1753 5123 1976 5205 onyphi-

388 5233 497 5276 nus
517 5218 657 5291 lapis
690 5218 749 5274 in
779 5216 1090 5288 Benjamin,
1119 5217 1212 5288 qui
1241 5216 1297 5272 in
1321 5216 1425 5271 hac
1450 5214 1815 5286 dispositione
1839 5223 1971 5270 ante

458 5399 479 5431 ³
516 5395 688 5453 Exod.
726 5412 768 5462 ι,
802 5397 855 5453 5.
935 5401 957 5430 ¹
999 5394 1136 5451 Gen.
1181 5411 1349 5459 xxxv,
1387 5392 1496 5460 22;
1535 5409 1681 5457 κως,
1723 5393 1777 5447 ι.

456 5555 570 5628 (48)
611 5552 844 5628 Yulgata
881 5569 1007 5628 cum
1060 5560 1212 5609 textu
1253 5528 1520 5607 llebraieo
1573 5550 1829 5628 convenit
1871 5547 1965 5603 be—

382 5621 583 5696 ryllum
617 5621 946 5681 duodecimo
988 5626 1109 5696 loco
1138 5637 1433 5696 recensens
1450 5621 1820 5696 .‘ouychiuum
1857 5636 1963 5672 un-

381 5692 623 5763 decimo.
672 5696 956 5752 Accedunt
1005 5694 1238 5763 Paraph.
1302 5692 1595 5763 Chaldaica
1669 5698 1723 5742 et
1784 5695 1965 5745 textus

384 5762 1021 5823 llebrzo-Samaritauus
1046 5804 1062 5833 ,
1130 5762 1340 5820 necnon
1375 5762 1721 5819 Samaritana
1761 5762 1959 5826 veisio,

2075 4575 2343 4646 probatur
2370 4588 2497 4630 esse
2519 4572 2721 4629 divisa.

2149 4664 2284 4721 Dein
2315 4673 2570 4720 octavam
2605 4664 2959 4731 divisionem,
2993 4663 3062 4720 de
3095 4662 3236 4720 libro
3273 4661 3665 4728 humerorum,

2078 4756 2368 4828 diligenter
2410 4757 2788 4828 inspeximus,
2816 4756 2909 4812 ubi
2939 4756 3198 4827 praecepit
3229 4754 3396 4820 Deus,
3428 4762 3484 4811 et
3513 4755 3667 4811 misit

2082 4848 2267 4906 Moses
2318 4850 2600 4919 principes
2645 4848 2887 4903 tribuum
2934 4844 3103 4903 Israel
3156 4846 3223 4901 ad
3266 4845 3665 4917 inspiciendam

2082 4950 2289 4999 terram
2331 4940 2740 5013 promissionis,
2781 4950 2837 4995 et
2877 4955 2977 4995 nec
3014 4940 3175 4995 istam
3212 4939 3523 5010 reperimus
3593 4941 3665 4995 ad

2083 5032 2545 5105 compositionem
2580 5040 3009 5086 memoratarum
3063 5030 3303 5101 lapidum
3347 5044 3666 5086 consonan-

2084 5132 2217 5187 tem,
2252 5131 2478 5195 propter
2508 5121 2655 5193 quod
2693 5130 2749 5177 et
2786 5120 2980 5177 Ruben
3021 5121 3078 5177 in
3110 5122 3305 5193 primis
3343 5129 3668 5178 numeratus

2083 5222 2188 5278 est,
2233 5215 2361 5268 dein
2413 5215 2631 5269 Simeon
2659 5253 2674 5279 ,
2722 5215 2919 5269 deinde
2952 5213 3159 5283 Judas,
3208 5216 3335 5270 exin
3378 5213 3661 5285 lssachar,

2073 5548 2209 5619 licet
2232 5545 2516 5619 versiones
2543 5548 2768 5619 Syriaca
2794 5553 2871 5619 _et_
2896 5544 3146 5619 arabica
3165 5543 3503 5619 conveniant
3540 5557 3669 5600 cum

2071 5617 2238 5680 L.\X,
2278 5628 2336 5671 ut
2362 5617 2547 5673 videre
2568 5613 2653 5671 est
2705 5617 2759 5670 in
2792 5615 2985 5672 Bibliis
3006 5613 3339 5687 polyglottis,
3373 5620 3482 5672 etc.

2146 5688 2259 5764 (i9)
2292 5688 2474 5745 Locus
2509 5696 2824 5758 corruptus.
